4054 6186
242 250 343 301 965

1104 246 1465 303 JUSTINIANI
1514 247 1839 302 NOVELI..E
1877 248 2206 303 SELECTJ'Z.
2249 250 2554 306 NOVELLA
2592 249 2696 306 XV.

3478 262 3578 315 966

239 357 461 407 tantum
478 353 584 406 ista
617 352 936 423 perficiam,
971 354 1070 408 sed
1098 355 1272 409 etiam
1301 355 1397 426 qui
1431 371 1686 426 unquam
1716 354 1859 409 mihi
1881 367 1938 439 Α
1961 372 2268 412 numerum
2300 357 2451 413 intra
2472 374 2804 412 mensuram
2819 359 3211 428 cohibeantur,
3237 379 3578 436 semperque

237 446 507 514 assident,
537 446 748 517 quique
777 447 927 500 circa
957 463 1049 500 me
1082 451 1232 514 sunt,
1267 450 1411 502 tales
1440 449 1678 503 studebo
1708 465 1860 502 assu-

238 556 416 606 mere,
450 543 510 592 ut
539 555 657 593 non
689 541 842 594 solus
872 555 979 610 ego
1012 540 1351 594 innocenter
1379 541 1585 608 vivere,
1611 541 1708 611 qui
1727 557 1858 596 vero

236 632 387 686 circa
417 649 512 685 me
551 638 701 697 sunt,
735 649 961 704 rapere,
995 637 1053 686 et
1085 633 1418 705 delinquere
1451 634 1773 688 videantur.
1805 634 1860 689 Si

239 725 365 796 quis
390 730 580 779 autem
602 726 747 779 circa
762 741 858 779 me
879 725 1006 780 talis
1029 727 1367 794 invenietur,
1391 727 1690 798 praestabo,
1707 728 1860 798 quod

237 819 357 889 ipse
389 818 641 888 admisit,
673 835 920 889 eumque
954 819 1203 890 abigam.
1247 820 1408 884 Quod
1441 821 1487 874 si
1516 837 1632 875 non
1665 821 1860 875 omnia

237 912 378 978 haec,
402 915 466 964 ut
486 911 618 977 dixi,
643 912 1033 980 observavero,
1063 913 1329 968 omnibus
1353 913 1740 969 incommodis
1759 930 1857 967 ero

240 1005 541 1075 expositus,
575 1009 693 1059 tam
722 1005 810 1059 hic
833 1022 1029 1076 quam,
1064 1005 1121 1060 in
1158 1008 1350 1061 futuro
1379 1008 1606 1074 saeculo,
1639 1007 1696 1060 in
1732 1007 1860 1061 hor-

237 1098 418 1152 rendo
439 1097 655 1168 judicio
677 1099 874 1169 magni
889 1098 1120 1153 Domini
1135 1099 1258 1170 Dei,
1284 1103 1341 1154 et
1357 1099 1659 1154 servatoris
1680 1099 1860 1154 nostri

236 1191 368 1255 Jesu
389 1191 616 1258 Christi,
636 1191 970 1263 habeboque
994 1197 1217 1263 partem
1234 1210 1364 1248 cum
1389 1195 1416 1247 J
1423 1193 1552 1260 uda,
1568 1196 1622 1247 et
1639 1194 1858 1263 lepram

235 1282 405 1350 Giezi,
430 1287 488 1337 et
509 1287 823 1338 tremorem
855 1285 1013 1353 Cain,
1047 1287 1196 1340 ultra
1227 1286 1352 1356 hoc,
1373 1287 1525 1356 quod
1547 1286 1721 1340 etiam
1737 1303 1854 1357 poe-

232 1376 324 1430 nis
340 1377 466 1447 lege
496 1393 699 1432 eorum
725 1377 953 1448 pietatis
987 1379 1412 1449 comprehensis
1431 1395 1526 1433 ero
1558 1379 1853 1433 obnoxius.

303 1471 576 1539 Scriptum
611 1472 910 1540 exemplum
963 1471 1126 1539 hujus
1163 1474 1436 1526 Dominico
1477 1472 1856 1541 gloriosissimo

227 1577 330 1631 per
353 1563 632 1631 Illyricum
651 1566 1030 1633 prator-torum
1049 1567 1327 1633 praefecto.

833 1752 1145 1807 NOVELLA
1171 1753 1254 1806 XI.

569 1889 642 1940 De
670 1886 1057 1952 refe'rendariis
1084 1887 1229 1939 sacri
1248 1885 1452 1953 palatii
1466 1895 1505 1938 ιι.

309 2034 630 2104 Imperator
658 2032 1009 2087 Justinianus
1047 2035 1334 2104 Augustus
1360 2030 1703 2102 Hermogeni
1730 2032 1854 2102 glo-

231 2125 681 2180 riosissimorum
718 2142 1010 2180 sacrorum
1055 2126 1375 2180 officiorum
1424 2126 1722 2196 magistro,
1757 2141 1855 2180 ex-

231 2221 470 2274 consule
502 2224 556 2273 et
580 2219 838 2289 patricio.

305 2315 464 2366 Inter
499 2315 707 2366 caetera
738 2328 863 2382 qua:
894 2311 952 2366 in
991 2312 1290 2366 decentem
1335 2311 1595 2366 ordinem
1625 2311 1855 2366 reduxi-

231 2422 384 2471 mus,
407 2421 594 2476 neque
618 2421 684 2459 ea
697 2421 823 2476 qua:
840 2404 1169 2475 spectabiles
1188 2408 1412 2459 nostros
1435 2405 1858 2458 referendarios

235 2503 612 2564 concernunt,
649 2502 810 2552 extra
837 2497 1209 2568 providentia
1228 2503 1436 2552 nostra:
1459 2497 1737 2552 terminos
1766 2513 1855 2550 re-

233 2591 553 2662 linquenda
572 2591 911 2662 putavimus,
934 2590 1105 2660 idque
1137 2607 1203 2644 eo
1239 2591 1423 2660 magis
1450 2607 1562 2660 quo
1603 2589 1859 2660 pluribus

234 2683 295 2738 in
317 2684 491 2738 rebus
507 2700 722 2754 magno
741 2684 907 2738 nobis
928 2700 1049 2737 esse
1071 2684 1255 2738 solent
1268 2683 1415 2737 usui.
1438 2684 1579 2736 Nam
1603 2699 1733 2736 cum
1756 2681 1856 2736 ini-

231 2776 316 2830 tio
336 2793 453 2830 non
470 2779 665 2848 amplo
686 2777 1000 2831 admodum
1021 2792 1264 2831 numero
1279 2775 1479 2830 inclusi
1500 2778 1706 2844 essent,
1732 2791 1856 2840 nos,

235 2886 354 2940 quo
378 2869 562 2940 magis
592 2871 800 2924 multos
828 2870 1057 2924 illorum
1083 2868 1411 2923 interventu
1437 2868 1857 2937 adjuvaremus,

235 2962 455 3017 facilius
471 2963 829 3033 singulorum
851 2962 1137 3017 desideria
1161 2962 1569 3033 perdiscentes,
1589 2964 1651 3014 ut
1671 2962 1862 3032 plures

1953 450 2174 521 justitia
2203 455 2259 504 et
2286 451 2410 505 aliis
2448 455 2786 522 augeantur,
2814 454 3112 525 magisque
3141 473 3204 510 ac
3232 458 3416 528 magis
3447 458 3577 514 illu-

1961 548 2212 598 strentur
2225 544 2542 599 virtutibus.
2567 547 2792 600 Nullam
2814 546 2969 600 enim
2986 548 3326 618 dignitatem
3357 551 3579 607 obtinet

1959 637 2246 691 multituto
2292 654 2417 708 quae
2450 639 2569 716 solo
2603 642 2891 709 spectatur
2924 657 3188 708 numero,
3223 645 3580 716 quandoqui-

1961 728 2095 783 dem
2119 746 2184 783 ex
2206 732 2326 784 tam
2348 715 2544 784 multis
2563 731 2650 784 vix
2672 749 2883 802 paucos
2903 735 3177 804 reperias,
3202 735 3260 787 in
3284 737 3488 805 quibus
3505 739 3582 791 vi-

1958 825 2016 876 ta
2033 824 2347 878 secundum
2365 824 2632 878 virtutem
2654 826 2806 879 salva
2826 826 2915 879 sit.
2935 826 3296 899 Quapropter
3309 836 3580 885 maneant

1960 916 2192 987 quidem
2228 918 2312 987 (ut
2351 917 2619 987 diximus)
2653 934 2803 971 nunc
2838 918 2940 973 sub
2974 920 3081 973 hac
3115 920 3320 975 forma.
3360 924 3581 993 Cogno-

1959 1026 2120 1064 scens
2140 1025 2274 1064 vero
2309 1027 2377 1064 ea
2398 1011 2736 1065 excellentia
2766 1014 2884 1078 tua,
2904 1012 2982 1065 ita
3009 1014 3306 1082 custodiat,
3334 1020 3396 1069 ut
3420 1017 3576 1071 nullo

1959 1119 2216 1173 unquam
2243 1106 2502 1173 tempore
2525 1103 2798 1157 transiliri
2825 1120 3021 1158 eorum
3037 1106 3251 1177 aliquid
3270 1123 3396 1177 quae
3419 1125 3451 1161 a
3475 1126 3574 1164 no-

1956 1195 2044 1249 bis
2075 1196 2292 1249 sancita
2309 1200 2441 1249 sunt
2457 1197 2770 1266 permittat,
2788 1197 2925 1267 quin
2949 1198 3136 1268 potius
3159 1199 3229 1252 ab
3249 1199 3317 1252 iis
3339 1201 3436 1271 qui
3454 1202 3577 1256 haec

1958 1291 2157 1343 contra
2174 1289 2311 1358 quid
2322 1289 2541 1342 faciunt
2553 1281 2885 1359 praedictam
2902 1307 3134 1359 pmnam
3154 1293 3360 1361 exigat,
3378 1298 3574 1364 utpote

1956 1385 2054 1454 qui
2098 1401 2165 1438 ea
2195 1387 2465 1454 expetant
2505 1400 2630 1454 quia
2667 1401 2853 1453 neque
2883 1388 3076 1454 petere
3107 1385 3346 1456 licitum,
3386 1397 3571 1460 neque

1958 1476 2080 1530 dari
2111 1477 2376 1547 possibile
2413 1480 2516 1529 est.
2553 1478 2739 1547 Atque
2770 1477 2850 1530 ita
2877 1493 3108 1547 prorsus
3127 1483 3321 1534 nostra
3345 1481 3469 1535 haec
3484 1484 3568 1535 lex

1956 1570 2320 1625 multitudine
2351 1571 2581 1639 expulsa
2605 1569 2874 1623 virtutem
2906 1569 3157 1638 inducat,
3183 1589 3309 1642 quae
3343 1590 3458 1628 non
3477 1575 3576 1628 ad-

1957 1665 2197 1719 modum
2225 1663 2283 1716 in
2305 1661 2494 1716 multis
2508 1662 2793 1729 elucescit,
2823 1663 3139 1733 praesertim
3160 1664 3220 1718 in
3235 1665 3303 1718 iis
3326 1666 3459 1720 viris
3479 1667 3576 1738 qui

1878 1728 1934 1800 B
1961 1756 2186 1812 tametsi
2212 1755 2376 1810 bonis
2397 1755 2665 1826 prognati
2689 1728 3196 1825 sunt-parentibus,
3220 1758 3478 1814 fortunas
3493 1728 3579 1815 ta-

1959 1867 2093 1905 men
2111 1867 2174 1904 ac
2195 1849 2491 1903 facultates
2513 1865 2641 1901 suas
2664 1847 2721 1900 in
2741 1848 3094 1918 exponendis
3112 1851 3432 1921 supplicum
3452 1870 3581 1924 pre-

1959 1944 2133 2010 cibus,
2168 1946 2224 1997 et
2259 1942 2620 2012 impetrando
2649 1941 2759 1994 illis
2785 1958 2817 1994 a
2851 1941 3014 1995 nobis
3061 1943 3268 1997 auxilio
3299 1946 3578 2014 repositas

1957 2037 2192 2090 habent.
2235 2035 2370 2098 Quae
2403 2034 2578 2103 igitur
2617 2033 2782 2087 nobis
2808 2035 3165 2103 placuerunt,
3213 2039 3269 2088 et
3303 2053 3405 2106 per
3430 2039 3578 2093 hanc

1959 2144 2180 2183 sacram
2216 2126 2612 2197 exprimuntur
2648 2128 2860 2196 legem,
2890 2144 2957 2180 ea
2990 2128 3216 2181 studeat
3245 2130 3578 2185 excellentia

1957 2226 2056 2275 tua
2095 2221 2168 2275 ad
2211 2220 2476 2274 effectum
2523 2219 2828 2286 deducere,
2877 2223 3144 2292 certoque
3191 2221 3293 2274 ﬁni
3325 2222 3575 2276 tradere.

1957 2311 2085 2364 Dat.
2111 2308 2250 2363 Idib.
2283 2308 2431 2375 Maii,
2458 2307 2889 2378 ConstantinOp.
2917 2307 3186 2363 Belisario
3208 2326 3260 2363 v.
3289 2327 3336 2364 c.
3365 2327 3479 2364 cos.

2536 2458 2852 2513 NOVELLA
2880 2459 2983 2513 XV.

2368 2565 2442 2616 De
2469 2561 2838 2628 defenso-ribus
2866 2564 3164 2616 civitatum.

2035 2685 2350 2753 Imperator
2375 2680 2728 2735 Justinianus
2753 2682 3040 2751 Augustus
3063 2678 3269 2735 Joanni
3299 2681 3583 2752 gloriosis-

1960 2775 2105 2830 simo
2150 2775 2419 2846 praefecto
2463 2772 2886 2844 praetoriorum,
2923 2773 3130 2827 iterum
3175 2777 3478 2830 exconsule
3525 2781 3581 2829 et

1961 2868 2219 2941 patricio.

2031 2962 2145 3015 Nisi
2167 2960 2354 3032 primo
2381 2975 2610 3030 quoque
2627 2963 2887 3030 tempore
2922 2959 3294 3015 defensorum
3324 2961 3584 3017 sollicitu-

235 3058 432 3109 essent
444 3072 617 3126 quam
645 3056 864 3109 dudum
882 3055 1193 3110 effecimus.
1219 3055 1499 3110 Caeterum
1527 3054 1860 3109 exstiterunt
1881 3089 1935 3162 Ο
1963 3056 2159 3110 dinem
2190 3055 2248 3108 in
2272 3055 2696 3123 competentem
2717 3052 3060 3106 reducamus
3082 3054 3365 3122 ordinem,
3396 3072 3582 3126 neque

235 3148 497 3218 quidam,
538 3149 636 3218 qui
670 3148 1073 3202 liberalitatem
1104 3151 1360 3202 nostram
1405 3146 1480 3200 ad
1512 3147 1861 3201 immensum

233 3245 637 3312 provocantes,
660 3239 868 3311 partim
894 3243 1106 3295 multos
1124 3240 1565 3305 introducendo,
1582 3239 1678 3309 qui
1701 3239 1862 3293 nobis

232 3334 645 3403 supplicarent,
668 3335 878 3404 partim
907 3334 1101 3388 multis
1138 3333 1351 3388 utendo
1379 3332 1659 3403 precibus,
1681 3331 1862 3401 digni-

232 3426 372 3480 tatis
390 3426 778 3496 plenissimam
790 3443 912 3480 rem
927 3426 1275 3497 quotidianis
1290 3413 1546 3479 additam
1555 3423 1701 3477 entis
1716 3440 1861 3494 pene

233 3517 311 3572 ad
336 3518 625 3572 infinitum
659 3518 1036 3573 deduxerunt.
1069 3520 1260 3589 Neque
1292 3517 1605 3572 enim’ante
1627 3515 1862 3587 petendi

231 3611 420 3664 ﬁnem
449 3611 724 3678 fecerunt,
749 3628 925 3681 quam
953 3612 1010 3665 in
1033 3611 1586 3682 quatuordenarium
1605 3626 1780 3681 usque
1803 3609 1863 3662 il-

233 3704 432 3758 lorum
445 3685 721 3758 numerus
742 3705 1027 3759 evaderet.
1050 3705 1128 3758 Ne
1151 3703 1324 3774 igitur
1337 3705 1489 3774 quod
1497 3704 1627 3774 jure
1645 3720 1678 3757 a
1697 3702 1863 3757 nobis

233 3797 300 3850 in
323 3795 506 3866 pretio
521 3796 779 3850 habitum
799 3800 902 3864 est,
919 3797 1049 3851 siad
1065 3797 1495 3851 multitudinem
1515 3795 1859 3862 eﬂ'undatur,

234 3905 405 3944 suam
439 3889 663 3943 amittat
701 3889 1058 3960 dignitatem,
1097 3890 1312 3960 placuit
1353 3889 1512 3943 nobis
1539 3889 1611 3943 ad
1649 3891 1862 3943 certam

236 3981 469 4036 illorum
499 3999 805 4037 numerum
824 3994 1155 4037 mensuram
1182 3983 1540 4050 contrahere,
1564 3999 1680 4036 non
1701 3985 1766 4035 ut
1799 3981 1864 4035 iis

238 4079 343 4151 qui
373 4080 480 4134 hoc
512 4083 768 4151 tempore
794 4083 944 4148 sunt,
974 4097 1239 4136 concessa
1277 4081 1622 4151 derogemus
1654 4080 1862 4151 (neque

239 4172 404 4226 enim
436 4173 610 4243 regiae
639 4175 746 4228 hoc
785 4173 1228 4243 magniﬁcentia:
1254 4175 1553 4245 proprium
1586 4174 1688 4244 est)
1719 4190 1860 4243 prte-

239 4265 443 4319 sertim
461 4282 590 4319 cum
607 4267 904 4321 neminem
933 4283 1130 4322 eorum
1147 4267 1420 4337 quinobis
1442 4269 1725 4337 placeant,
1748 4265 1866 4336 qui-

242 4374 359 4429 que
382 4357 544 4412 nobis
574 4359 813 4414 honeste
840 4360 1219 4426 subserviunt,
1238 4365 1431 4414 nostro
1453 4359 1735 4428 expellere
1756 4358 1861 4411 mi-

1961 3148 2082 3218 ipsa
2105 3147 2473 3218 antiquorum
2493 3145 2902 3199 vocabulorum
2932 3146 3142 3199 veritas
3182 3146 3370 3200 denuo
3419 3148 3583 3201 nobis

1961 3238 2363 3310 suppeditabit.
2387 3239 2530 3292 Nam
2552 3255 2681 3291 cum
2704 3254 2737 3291 a
2752 3241 3030 3291 vetustate
3053 3238 3178 3291 aliis
3205 3240 3317 3292 alia
3347 3239 3459 3293 sint
3477 3240 3584 3293 im-

1960 3333 2146 3405 posita
2176 3331 2434 3395 nomina,
2462 3347 2590 3399 quas
2617 3335 2812 3399 aperte
2832 3346 3029 3383 earum
3053 3347 3247 3383 rerum
3271 3330 3384 3384 vim
3412 3331 3585 3402 signi-

1961 3427 2220 3492 ﬁcarent,
2247 3427 2370 3476 tum
2397 3439 2530 3476 vero
2577 3423 2685 3475 hoc
2712 3423 2902 3492 ipsum
2944 3421 3316 3477 defensorum
3370 3440 3584 3478 nomen

1963 3519 2113 3572 clare
2145 3515 2412 3581 ostendit,
2463 3517 2804 3568 vetustatem
2841 3515 3121 3584 quosdam
3178 3517 3347 3570 rebus
3377 3519 3580 3589 praefe-

1963 3610 2122 3676 cisse,
2157 3608 2252 3679 qui
2296 3609 2366 3662 ab
2416 3608 2577 3662 omni
2609 3623 2705 3660 eas
2751 3607 2962 3676 injuria
3001 3607 3209 3662 liberas
3240 3612 3582 3682 tuerentur;

1963 3703 2183 3774 hacque
2215 3701 2360 3756 adeo
2388 3701 2467 3754 de
2489 3717 2659 3754 causa
2702 3699 2889 3770 patria
2921 3701 3238 3755 etiamnum
3264 3703 3462 3774 lingua
3487 3705 3581 3760 de-

1963 3797 2220 3852 fensores
2246 3811 2343 3849 eos
2365 3809 2654 3862 vocamus,
2685 3793 2840 3863 quod
2867 3793 3075 3864 injuria
3093 3811 3394 3866 oppressos
3413 3815 3446 3852 a
3469 3815 3589 3854 ma-

1963 3890 2029 3945 lis
2060 3889 2363 3960 eriperent.
2396 3888 2553 3940 Nunc
2573 3903 2708 3940 vero
2740 3903 2808 3940 ea
2833 3886 2956 3958 ipsa
2984 3887 3355 3944 defensorum
3386 3893 3587 3948 sollici-

1963 3978 2102 4033 tudo
2134 3978 2213 4031 ita
2260 3977 2317 4030 in
2355 3976 2642 4047 plerisque
2689 3974 3020 4046 reipublicae
3074 3981 3283 4033 nostra:
3329 3981 3586 4049 partibus

1963 4069 2290 4139 proculcata
2321 4069 2424 4134 est,
2449 4071 2506 4120 et
2533 4066 2908 4120 vehementer
2933 4067 3254 4138 despicatui
3288 4069 3502 4136 habita,
3525 4074 3588 4124 ut

1965 4158 2327 4213 contumeliae
2357 4155 2547 4226 potius
2575 4172 2750 4226 quam
2782 4155 2986 4209 honori
3033 4158 3091 4208 et
3124 4156 3389 4226 dignitati
3420 4157 3585 4211 alicui

1965 4251 2220 4321 exposita
2249 4267 2367 4303 esse
2400 4249 2678 4302 videatur.
2707 4249 2846 4301 Inde
2876 4247 3099 4300 obscuri
3130 4249 3201 4301 ad
3228 4249 3375 4303 hanc
3396 4250 3582 4304 homi-

1967 4361 2067 4397 nes
2093 4345 2477 4407 assumuntur,
2509 4343 2566 4393 et
2591 4340 2819 4395 decreta
2845 4356 3016 4409 super
3041 4339 3178 4410 ipsis
3206 4357 3271 4394 ex
3289 4342 3586 4398 commise«

239 4450 480 4505 nisterio
496 4452 611 4506 ullo
622 4469 882 4523 unquam
898 4454 1070 4508 modo
1094 4454 1397 4508 soleamus.
1414 4452 1527 4506 Sed
1549 4467 1787 4504 manere
1809 4450 1867 4504 il-

1968 4438 2185 4492 ratione
2233 4434 2418 4505 magis
2463 4450 2637 4504 quam
2665 4448 2800 4487 vera
2847 4433 3125 4487 electione
3157 4435 3321 4488 fiunt.
3371 4436 3585 4500 Quibus

235 4543 330 4597 los
345 4544 448 4598 sub
465 4545 666 4600 eadem
688 4562 800 4617 qua
817 4546 991 4600 modo
1005 4549 1136 4599 sunt
1156 4547 1342 4600 forma
1359 4544 1662 4612 sancimus,
1679 4561 1865 4614 neque

239 4637 484 4692 omnino
512 4639 813 4709 quisquam
836 4642 1175 4709 apponatur,
1203 4639 1384 4692 donec
1403 4637 1547 4691 intra
1574 4640 1700 4691 octo
1717 4637 1866 4692 viros

236 4730 477 4784 illorum
489 4747 760 4786 mensura
777 4733 1068 4799 consistat,
1085 4737 1144 4786 ut
1163 4733 1436 4801 perpetuo
1460 4735 1584 4784 octo
1604 4731 1863 4800 existant,

235 4823 405 4878 nullo
431 4824 689 4893 quidem,
711 4841 897 4896 neque
928 4824 1120 4891 modo,
1146 4841 1334 4894 neque
1367 4827 1626 4894 tempore
1657 4841 1725 4877 eo
1757 4841 1864 4878 nu-

236 4931 412 4970 mero
439 4918 726 4987 augendo,
767 4934 992 4988 semper
1016 4921 1207 4972 autem
1235 4916 1714 4972 contendentibus
1735 4917 1863 4984 illis,

239 5008 396 5064 circa
415 5022 518 5064 nos
531 5010 890 5081 obsequio,et
903 5027 1040 5082 erga
1055 5010 1485 5081 imperatoriam
1504 5010 1866 5080 majestatem

240 5103 648 5158 benevolentia
670 5104 814 5157 alter
837 5104 1079 5158 alterum
1100 5103 1346 5156 vicissim
1368 5109 1657 5173 superent.
1673 5101 1865 5156 Nemi-

240 5211 317 5250 ne
343 5195 636 5250 licentiam
657 5197 908 5250 habente
939 5200 1000 5250 ut
1026 5195 1147 5266 ejus
1175 5195 1400 5266 generis
1427 5195 1643 5265 aliquid
1665 5195 1735 5248 de
1757 5211 1863 5248 cae-

238 5293 368 5343 tero
405 5294 582 5360 petat,
611 5289 823 5344 sciente
855 5290 1011 5360 quod
1055 5306 1239 5360 neque
1279 5306 1348 5343 ea
1380 5305 1506 5359 qua:
1554 5288 1696 5359 petit
1724 5305 1869 5342 asse-

245 5386 474 5453 quetur,
509 5387 566 5437 et
595 5384 730 5454 quia
764 5386 960 5454 petere
986 5400 1153 5438 ausus
1173 5386 1276 5448 est,
1311 5399 1426 5436 non
1456 5381 1641 5436 solum
1668 5381 1867 5435 decem

240 5473 524 5528 librarum
544 5475 669 5529 auri
684 5492 869 5546 poenae
891 5476 998 5530 erit
1015 5475 1310 5541 obnoxius,
1324 5474 1422 5528 sed
1444 5473 1618 5527 etiam
1638 5473 1869 5543 propria

242 5567 468 5623 excidet
480 5567 980 5624 militia.Volumus
997 5569 1151 5623 enim
1172 5572 1234 5622 ut
1251 5567 1322 5622 ad
1336 5566 1672 5638 praedictum
1688 5583 1867 5637 usque

315 5765 341 5794 ⁸
369 5756 499 5811 Hinc
518 5757 690 5812 verba
715 5774 833 5812 non
860 5756 1146 5813 habentur
1172 5755 1230 5810 in
1261 5755 1474 5811 Graeco.

1967 4531 2122 4586 enim
2156 4527 2429 4582 alimonia
2457 4530 2513 4580 et
2536 4526 2712 4580 victus
2744 4525 2975 4580 aliunde
3011 4527 3298 4581 sufficiens
3331 4547 3446 4584 non
3476 4537 3580 4600 est,

1965 4627 2025 4682 hi
2056 4621 2424 4680 emendicatis
2455 4621 2825 4675 defensorum
2851 4619 3153 4691 suffragiis,
3176 4621 3248 4675 ad
3266 4623 3414 4678 hanc
3439 4626 3586 4679 solli-

1966 4718 2279 4774 citudinem
2312 4714 2609 4782 accedunt,
2640 4717 2698 4768 et
2721 4731 2824 4785 pro
2859 4714 3106 4785 quodam
3135 4715 3322 4769 vaeluti
3367 4717 3584 4773 ludicro

1966 4812 2273 4885 praesidum
2297 4809 2505 4864 animis
2527 4811 2658 4862 sunt
2688 4807 2984 4878 propositi,
3003 4807 3290 4878 siquidem
3318 4812 3373 4862 et
3393 4827 3583 4865 remo-

1965 4911 2100 4960 vent
2153 4922 2250 4959 eos
2295 4902 2752 4975 quandocunque
2793 4902 3008 4966 volunt,
3057 4900 3299 4955 minima
3344 4918 3584 4975 quasque

1964 5003 2251 5054 vertentes
2281 4998 2434 5064 vitio,
2464 5000 2520 5051 et
2560 4995 2701 5049 alios
2731 4995 2791 5048 in
2822 4995 3051 5048 illorum
3078 4995 3268 5048 locum
3294 4995 3583 5067 ingerunt,

1965 5094 2203 5149 vicarius
2229 5107 2457 5163 quoque
2484 5087 2878 5143 defensoribus
2907 5086 3337 5157 constituentes,
3371 5107 3584 5163 perque

1969 5205 2148 5242 unum
2190 5199 2609 5253 nonnunquam
2637 5196 2856 5234 annum
2884 5180 2943 5233 in
2972 5179 3227 5250 pluribus
3250 5181 3308 5236 id
3333 5183 3582 5239 homini-

1966 5282 2072 5336 bus
2093 5275 2648 5334 admittentes.Unde
2666 5277 2722 5327 et
2741 5273 3583 5340 cohortales,etcivitatumma-

1969 5375 2257 5446 gistratus,
2281 5375 2336 5425 et
2355 5369 2449 5440 qui
2473 5369 2574 5422 has
2599 5367 2873 5434 incolunt,
2897 5383 3102 5422 omnes
3128 5367 3186 5421 in
3207 5386 3433 5424 summo
3458 5387 3587 5424 con-

1968 5470 2193 5538 temptu
2237 5465 2603 5518 defensorem
2650 5460 2882 5514 habent.
2932 5461 3067 5525 Quae
3098 5478 3229 5516 vero
3255 5463 3406 5532 apud
3436 5463 3588 5534 ipsos

1970 5563 2266 5631 geruntur,
2294 5555 2534 5628 perinde
2567 5570 2632 5607 ac
2673 5553 2721 5606 si
2746 5569 2930 5623 neque
2963 5557 3126 5624 gesta
3147 5557 3355 5619 essent,
3384 5554 3588 5609 haberi

1969 5653 2171 5709 solent.
2205 5648 2320 5707 Nisi
2364 5649 2519 5703 enim
2563 5649 2981 5719 provinciarum
3032 5645 3302 5715 praesides
3317 5645 3584 5716 jubeant,

1969 5767 2041 5806 ne
2073 5759 2420 5821 praesumere
2443 5742 2678 5816 quidem
2700 5741 2914 5798 audent
2937 5739 3128 5806 aliqua
3157 5741 3452 5805 gestorum
3472 5757 3591 5796 mo-
