4054 6186
482 303 582 356 967

1625 294 1874 352 SECULI
1915 295 2104 351 SEXTI
2143 296 2716 352 SUPPLEMENTUM..

3719 301 3836 353 968

473 410 754 463 numenta
787 405 1068 461 conﬁcere
1100 400 1252 474 apud
1293 402 1636 474 semetipsos
1663 420 1765 474 per
1797 404 1994 459 omnia
2022 405 2103 459 eis
2125 417 2182 490 Α
2203 405 2354 476 apud
2391 405 2722 460 defensores
2765 403 3128 458 insinuentur
3157 405 3520 472 testamenta,
3555 403 3830 458 donatio-

473 500 790 556 servientes
812 499 1158 564 defensores,
1192 499 1249 550 et
1273 495 1502 550 illorum
1531 497 1762 552 nutibus
1787 498 2096 552 intenden-

476 597 564 648 tes
587 593 736 649 solis.
769 591 826 646 Si
857 607 988 644 vero
1019 589 1283 660 quadam
1313 590 1644 656 conﬁciunt,
1687 591 1940 661 primum
1973 591 2095 662 qui-

480 687 614 740 dem
634 689 692 740 et
719 685 812 738 illa
833 683 1107 736 vendunt.
1135 682 1352 736 Deinde
1380 699 1513 737 cum
1545 684 1764 737 nullum
1787 684 1860 738 ad
1881 685 1988 738 hoc
2008 700 2101 754 pa-

478 783 667 833 ratum
689 775 982 829 archivum
1013 775 1286 841 habeant,
1311 775 1368 828 in
1404 792 1518 846 quo
1547 780 1833 847 reponant
1858 777 2010 847 apud
2041 793 2098 830 se

478 873 656 940 gesta,
675 867 897 938 deperit
917 867 1072 938 quod
1095 871 1320 938 gestum
1342 872 1446 934 est,
1463 885 1649 938 neque
1672 869 1827 940 apud
1849 869 2001 940 ipsos
2023 870 2102 922 ul-

475 963 594 1016 lum
614 961 780 1015 facile
802 960 1038 1015 omnino
1067 961 1224 1030 longi
1249 961 1522 1030 temporis
1543 965 1986 1016 monumentum
2007 978 2098 1015 re-

475 1054 682 1124 perias,
703 1054 803 1107 sed
827 1054 925 1123 qui
943 1053 1082 1106 actis
1101 1053 1384 1123 indigent,
1411 1053 1534 1122 ipsa
1559 1054 1710 1124 apud
1733 1055 1991 1108 haeredes
2012 1071 2102 1108 eo-

477 1162 606 1199 rum
629 1149 686 1198 et
711 1145 848 1198 alias
874 1145 1259 1199 successiones
1285 1150 1566 1215 quierunt,
1595 1146 1690 1199 ubi
1709 1147 1920 1216 partim
1951 1146 2099 1200 indi-

477 1255 592 1309 gna
609 1237 998 1305 inveniuntur,
1015 1238 1220 1308 quibus
1235 1238 1515 1292 habeatur
1531 1239 1908 1310 fides,partim
1927 1240 2102 1294 etiam

472 1331 788 1402 depereunt
808 1335 866 1384 et
887 1331 1255 1396 intercidunt,
1275 1347 1452 1400 usque
1471 1331 1637 1398 adeo,
1665 1335 1724 1384 ut
1741 1333 1979 1402 perinde
2000 1350 2105 1403 pu-

475 1426 690 1491 tentur,
727 1441 792 1478 ac
819 1425 864 1477 si
885 1425 1037 1478 facta
1078 1440 1193 1478 non
1237 1427 1446 1476 essent.
1483 1425 1595 1477 Nos
1621 1424 1797 1494 igitur
1826 1425 2102 1494 quoniam

475 1517 786 1588 praesidum
813 1520 1006 1588 partes
1049 1517 1198 1570 bene
1246 1515 1646 1586 disposuimus,
1695 1517 1996 1587 majorque
2042 1520 2106 1572 ut

477 1611 613 1682 ipsis
633 1611 786 1664 inter
803 1613 1002 1679 gentes
1024 1613 1173 1662 esset
1197 1609 1458 1679 potentia
1478 1608 1788 1676 effecimus,
1807 1611 2104 1680 etlongius

481 1705 690 1758 absunt
716 1719 889 1773 quam
909 1705 975 1756 ut
994 1701 1289 1756 civitatum
1312 1702 1619 1756 commoda
1647 1718 1875 1774 semper
1893 1701 1954 1756 in
1973 1719 2106 1757 con-

2203 515 2323 568 nes,
2349 501 2406 552 et
2437 515 2608 552 omne
2639 497 2887 568 denique
2935 497 3090 567 quod
3131 497 3360 568 proprie
3397 497 3468 551 ad
3483 497 3578 566 jus
3609 513 3830 550 monu-

2197 595 2526 645 mentorum
2567 591 2836 661 pertinet,
2867 594 3198 661 nequeunte
3227 590 3538 644 clarissimo
3579 589 3836 661 praeside

2199 684 2502 754 provinciae
2523 685 2610 737 vel
2626 683 2782 754 quod
2799 683 3000 736 conﬁci
3023 684 3214 748 debet,
3244 683 3546 753 impedire,
3569 684 3656 736 vel
3675 699 3832 753 prae-

2199 777 2462 844 scribere,
2493 776 2784 846 quomodo
2815 776 3014 830 conﬁci
3041 777 3191 842 velit,
3231 777 3314 830 vel
3347 776 3674 830 confectum
3705 791 3832 828 non

2200 868 2390 922 edere.
2413 869 2606 938 Neque
2637 867 2794 922 enim
2820 868 3058 922 omnino
3086 868 3136 922 ei
3157 867 3446 921 licentiam
3471 868 3542 922 ad
3571 868 3832 938 ejusmo-

2201 960 2258 1014 di
2283 961 2624 1030 praebemus,
2655 960 3130 1014 absurdissimum
3173 963 3440 1030 putantes
3469 963 3528 1012 ut
3559 977 3836 1014 necessa-

2200 1053 2286 1106 ria
2311 1057 2432 1107 acta
2463 1053 2790 1107 hominibus
2808 1057 3044 1124 propter
3063 1053 3370 1123 praesidum
3401 1053 3550 1106 forte
3578 1053 3844 1106 affectio-

2201 1161 2302 1198 nes
2328 1145 2851 1216 preeceptionesque
2885 1147 3044 1200 nulla
3075 1146 3298 1200 ratione
3347 1145 3614 1199 subnixas
3647 1146 3840 1198 inter-

2202 1237 2414 1291 cidant.
2443 1239 2554 1292 Sed
2581 1242 2638 1291 et
2667 1239 2727 1292 in
2754 1242 2880 1292 acta
2909 1239 3166 1292 referant
3191 1255 3546 1308 quaecunque
3569 1239 3694 1310 qui;
3723 1253 3844 1290 vo-

2201 1330 2391 1396 luerit,
2411 1330 2718 1402 edantque,
2737 1332 2964 1385 tametsi
2995 1331 3151 1402 quod
3175 1331 3234 1384 in
3253 1336 3382 1384 acta
3405 1332 3672 1398 refertur,
3691 1347 3842 1400 per-

2203 1423 2448 1493 stringat
2469 1424 2661 1494 ipsum
2688 1424 2989 1494 provinciae
3011 1424 3340 1495 praesidem,
3355 1425 3442 1477 vel
3455 1423 3700 1494 aliquem
3735 1439 3849 1493 po-

2202 1515 2740 1588 tentiorum,neque
2761 1517 2868 1571 hoc
2900 1517 3205 1588 quisquam
3233 1516 3554 1586 prohibeat.
3589 1516 3848 1586 Oportet

2203 1607 2358 1661 enim
2375 1625 2472 1662 eos
2503 1609 2600 1680 qui
2625 1611 2713 1663 vel
2733 1609 2793 1662 in
2817 1609 3040 1676 ofﬁciis,
3057 1610 3140 1662 vel
3171 1626 3304 1664 cum
3323 1612 3606 1678 potestate
3635 1609 3844 1678 aliqua

2203 1705 2354 1767 sunt,
2383 1701 2460 1754 ita
2483 1718 2542 1755 se
2577 1718 2799 1772 gerere,
2833 1705 2896 1754 ut
2936 1702 3137 1757 conﬁci
3169 1702 3436 1756 adversus
3465 1717 3524 1755 se
3553 1705 3680 1755 acta
3711 1718 3843 1755 non

479 1799 676 1867 spectu
725 1795 936 1848 habere
989 1795 1239 1864 possint,
1299 1799 1604 1864 propterea
1659 1795 2105 1850 existimavimus
2125 1785 2182 1856 B
2205 1794 2568 1864 prohibeant,
2597 1795 2814 1848 imoita
2839 1811 2898 1848 se
2931 1795 3188 1849 moribus
3212 1795 3527 1865 inculpatos
3545 1794 3840 1865 praebere,

464 1889 662 1959 .ipsam
692 1903 916 1958 quoque
941 1887 1310 1940 defensorum
1353 1887 1794 1941 sollicitudinem
1823 1888 1896 1941 ad
1917 1889 2103 1958 pristi-

482 1997 622 2036 num
654 1981 990 2050 erigendam
1040 1997 1161 2033 esse
1212 1983 1446 2033 statum.
1493 1980 1704 2034 Existet
1751 1981 1904 2034 enim
1955 1981 2106 2036 bella

481 2077 744 2149 quaedam
773 2077 880 2131 hoc
908 2077 1082 2130 modo
1109 2077 1486 2130 consonantia
1518 2081 1575 2130 et
1598 2077 1919 2142 harmonia,
1952 2077 1998 2130 si
2028 2078 2102 2131 ci-

478 2171 720 2225 vitatum
753 2169 1086 2223 defensores
1108 2169 1370 2238 judicum
1417 2169 1680 2222 ordinem
1714 2173 2012 2240 occupent,
2052 2175 2108 2224 et

477 2263 786 2334 provinciae
816 2263 1151 2316 moderator
1177 2261 1368 2332 potius
1391 2261 1654 2331 judicum
1679 2262 1874 2331 judex,
1911 2266 1968 2315 et
2005 2280 2107 2333 per

477 2355 584 2410 hoc
637 2355 1032 2409 decessoribus
1090 2354 1203 2408 suis
1257 2354 1596 2408 honoratior
1649 2371 1770 2408 esse
1825 2355 2102 2409 videatur.

481 2449 702 2512 Quanto
722 2447 876 2500 enim
898 2447 1136 2518 quisque
1162 2446 1654 2518 praestantioribus
1673 2447 2040 2517 imperat,tan
2051 2450 2106 2502 to

481 2539 600 2611 ipse
633 2545 689 2595 et
713 2541 898 2610 major
923 2544 980 2594 et
1005 2539 1341 2594 honoratior
1371 2542 1474 2592 est.
1508 2542 1730 2594 Interea
1761 2540 1934 2610 igitur
1969 2541 2108 2594 illud

479 2633 667 2704 primo
699 2632 1070 2686 sanciendum
1109 2635 1211 2700 est,
1247 2636 1308 2685 ut
1339 2648 1408 2686 ne
1440 2632 1708 2702 cuiquam
1736 2633 1994 2686 omnium
2021 2633 2104 2686 fa-

483 2727 662 2780 cultas
692 2725 764 2779 sit
779 2725 850 2778 ad
881 2724 1194 2778 defensoris
1215 2725 1640 2778 ordinationem
1667 2725 2105 2795 repudiandam,

483 2819 580 2873 sed
621 2836 724 2890 per
746 2817 896 2872 vices
925 2817 1135 2888 quique
1167 2817 1594 2871 honoratissimi
1631 2818 1830 2872 incolae
1858 2819 1972 2872 suis
2001 2819 2110 2872 hoc

482 2928 693 2966 munus
751 2911 1067 2964 civitatibus
1117 2910 1398 2980 impleant
1447 2911 1574 2980 (hoc
1612 2911 1764 2965 enim
1807 2915 1863 2964 et
1908 2911 2110 2981 elapsis

481 2999 837 3068 temporibus
881 2999 1190 3052 obtinuisse
1235 2999 1407 3068 inque
1453 3017 1556 3052 usu
1587 2999 1760 3052 fuisse
1789 2999 2107 3068 didicimus)

483 3091 701 3144 nemini
755 3091 1040 3160 patefacta
1086 3090 1250 3159 copia
1297 3089 1406 3144 hoc
1449 3091 1811 3160 repudiandi,
1847 3108 2032 3162 neque
2065 3091 2110 3144 si

485 3181 1190 3252 magniﬁcentissimorum
1235 3182 1536 3236 illustrium
1566 3183 1845 3253 dignitate
1874 3184 2106 3238 decora-

482 3277 573 3329 tus
595 3273 683 3340 sit,
717 3291 904 3344 neque
935 3276 980 3328 si
1011 3274 1300 3344 insignem
1313 3275 1566 3344 aliquam
1599 3276 1864 3329 militiam
1887 3276 2109 3344 habeat,

483 3384 671 3438 neque
705 3367 750 3420 si
801 3367 956 3437 quod
995 3367 1356 3437 privilegium
1398 3384 1467 3422 ex
1513 3367 1648 3438 ipsis
1682 3369 1858 3422 sacris
1913 3369 2112 3423 formis

481 3461 822 3532 praetendat,
853 3463 909 3513 et
944 3459 990 3512 si
1017 3476 1300 3514 concessae
1341 3461 1545 3514 formae
1573 3461 1944 3531 pragmaticre
1976 3462 2108 3528 sint,

485 3553 586 3608 sed
633 3555 876 3608 omnibus
908 3552 1147 3607 civitatis
1195 3551 1416 3619 incolis,
1447 3553 1544 3624 qui
1590 3553 1803 3608 scilicet
1833 3553 1886 3608 in
1919 3555 2112 3625 aliqua

486 3651 620 3701 sunt
648 3646 1030 3717 reputatione,
1075 3646 1225 3699 hanc
1265 3646 1708 3701 sollicitudinem
1751 3648 1809 3700 in
1840 3647 2110 3701 circulum

484 3737 878 3809 implentibus,
907 3740 966 3790 et
994 3753 1126 3790 cum
1149 3737 1392 3792 circulus
1412 3738 1638 3806 desinit,
1662 3739 1870 3793 iterum
1890 3740 1962 3793 ad
1979 3755 2110 3793 eam

486 3831 921 3896 revertentibus,
957 3834 1014 3882 et
1037 3829 1372 3900 praedictum
1405 3848 1615 3884 munus
1652 3833 2012 3898 obeuntibus,
2049 3836 2112 3886 ut

489 3923 755 3978 defensor
778 3922 952 3992 judex
985 3922 1190 3992 potius,
1230 3939 1408 3993 quam
1449 3923 1720 3978 defensor
1764 3942 1884 3978 esse
1917 3925 2107 3979 videa-

486 4015 598 4068 tur.
628 4013 866 4068 Decreto
895 4013 1089 4084 utique
1111 4031 1240 4069 cum
1266 4016 1520 4069 omnium
1547 4018 1928 4071 communiter
1951 4018 2108 4088 jure-

480 4106 732 4178 jurando
761 4107 934 4174 facto,
968 4105 1064 4177 qui
1105 4107 1259 4160 illius
1290 4107 1533 4162 civitatis
1563 4109 1765 4164 incola:
1795 4115 1946 4178 sunt,
1995 4127 2111 4165 non

487 4204 683 4256 autem
715 4217 916 4256 eorum
945 4197 1040 4270 qui
1069 4199 1146 4255 ibi
1173 4203 1400 4254 tantum
1431 4207 1878 4257 commorantur.
1921 4211 1932 4218 ‘

554 4293 964 4364 Jusjurandum
1007 4310 1142 4348 vero
1187 4298 1439 4364 praestet,
1487 4294 1686 4348 omnia
1713 4313 1770 4348 se
1797 4295 2110 4350 secundum

486 4387 646 4459 leges
677 4389 734 4440 et
761 4387 857 4457 jus
897 4390 1178 4454 acturum,
1221 4389 1275 4440 et
1305 4387 1677 4442 conﬁrmetur
1706 4389 2108 4458 (quemadmo-

483 4479 623 4534 dum
671 4477 844 4533 modo
886 4477 1144 4548 dicimus)
1168 4478 1427 4549 jussione
1455 4478 1992 4550 gloriosissimorum
2015 4497 2110 4535 no-

485 4576 734 4626 strorum
761 4569 1188 4642 praefectorum,
1212 4575 1270 4625 et
1285 4587 1386 4642 per
1401 4571 1700 4627 biennium
1715 4573 1990 4628 duntaxat
2016 4573 2110 4628 ad-

485 4663 790 4732 ministret,
815 4667 1128 4735 posteaque
1146 4681 1179 4719 a
1192 4663 1573 4719 sollicitudine
1594 4669 1976 4734 removeatur,
1993 4683 2110 4720 non

486 4757 736 4812 habente
769 4757 1050 4812 licentiam
1078 4757 1393 4812 clarissimo
1423 4757 1665 4828 prazside
1699 4759 2002 4828 provincia:
2028 4777 2112 4813 re-

485 4849 762 4906 movendi
819 4867 974 4918 eum,
1022 4851 1122 4903 sed
1176 4853 1402 4904 tantum
1447 4851 1493 4903 si
1523 4851 1660 4921 quid
1701 4867 1907 4922 parum
1961 4855 2110 4907 recte

488 4961 660 5015 agere
689 4942 965 5010 videatur,
999 4943 1284 4997 referendi
1309 4943 1380 4996 ad
1403 4943 1845 5014 gloriosissimos
1875 4946 2108 5016 praefec-

487 5039 596 5102 tos,
620 5039 682 5090 ut
705 5037 775 5090 ab
798 5053 865 5091 eo
885 5036 1182 5107 contingat
1205 5035 1600 5090 sellicitudinis
1619 5037 1921 5104 absolutio,
1945 5055 1978 5091 a
1999 5054 2111 5108 quo

489 5127 664 5182 etiam
695 5128 881 5183 datur.
925 5129 1090 5183 Nulla
1121 5130 1389 5183 facultate
1418 5129 1694 5182 existente
1725 5132 1812 5183 vel
1845 5130 2110 5184 modera-

491 5221 712 5274 tionem
741 5219 1044 5291 provinciee
1059 5221 1418 5289 habenti,vel
1447 5221 1581 5292 ipsis
1602 5223 2019 5290 defensoribus,
2051 5228 2116 5278 ut

491 5315 860 5368 defensorum
887 5315 1125 5369 vicarios
1151 5314 1520 5382 constituant,
1555 5315 1655 5368 sed
1699 5315 1819 5370 haec
1851 5316 1957 5370 illis
1987 5333 2112 5372 om-

491 5407 659 5462 nibus
687 5405 1058 5477 prohibemus
1077 5408 1281 5462 modis.
1308 5407 1456 5471 Quin
1485 5408 1670 5478 potius
1705 5425 1890 5479 neque
1919 5410 2110 5462 claris-

491 5501 670 5555 simos
699 5499 969 5570 praesides
993 5517 1096 5569 pro
1115 5517 1171 5553 se
1186 5501 1424 5554 vicarios
1451 5501 1508 5554 in
1531 5501 1778 5556 civitates
1805 5501 2112 5570 dimittent,

492 5593 742 5665 exceptis
788 5592 923 5664 ipsis
960 5591 1376 5658 defensoribus,
1410 5611 1552 5664 quos
1587 5593 1894 5665 praesidum
1925 5597 2115 5650 locum

491 5687 552 5742 in
593 5686 911 5741 civitatibus
941 5685 1206 5757 supplere
1231 5685 1512 5754 volumus,
1543 5687 1808 5758 ipsosque
1839 5687 1898 5742 in
1929 5687 2111 5742 omni-

489 5779 596 5838 bus
627 5778 914 5836 civitatum
941 5780 999 5834 in
1034 5777 1238 5850 quibus
1263 5781 1398 5832 sunt
1424 5795 1618 5833 curam
1643 5795 1862 5854 gerere.
1883 5781 2023 5835 Item
2056 5783 2118 5834 ut

2203 1889 2270 1940 ut
2284 1886 2499 1940 nemini
2521 1887 2689 1940 detur
2716 1887 3109 1957 opportunitas
3129 1887 3424 1941 movenda!
3444 1887 3684 1956 alicujus
3701 1903 3848 1940 con-

2205 1981 2294 2031 tra
2319 1978 2472 2049 ipsos
2497 1980 2764 2050 querelze.
2804 1981 2979 2034 Nemo
3010 1981 3245 2051 insuper
3273 1980 3648 2050 prohibeatur
3677 1979 3842 2050 apud

2207 2071 2537 2126 defensores
2557 2072 2616 2126 in
2635 2076 2762 2127 acta
2783 2073 3020 2140 referre,
3046 2073 3250 2144 quibus
3275 2073 3346 2126 de
3366 2073 3534 2126 rebus
3557 2074 3697 2138 vult,
3719 2073 3844 2126 sive

2205 2180 2416 2234 prmses
2445 2165 2504 2218 in
2533 2165 2851 2220 civitatibus
2877 2169 3084 2236 praesto
3115 2166 3204 2232 sit,
3235 2166 3349 2220 sive
3371 2182 3486 2220 non
3509 2166 3598 2232 sit,
3631 2165 3719 2218 his
3755 2181 3844 2218 so-

2206 2256 2274 2310 lis
2324 2257 2574 2328 exceptis
2611 2274 2738 2328 qute
2779 2258 3240 2328 jurisdictionem
3291 2259 3612 2329 requirunt,
3657 2263 3714 2312 et
3775 2275 3844 2310 ex

2209 2348 2331 2420 ipsa
2357 2349 2663 2420 praesidum
2692 2351 3026 2406 auctoritate
3059 2351 3333 2422 pendent.

2279 2441 2494 2495 Deinde
2525 2446 2585 2496 ut
2601 2443 2892 2496 civitatum
2921 2443 3334 2498 defensoresiis
3359 2444 3455 2514 qui
3475 2443 3844 2513 publicarum

2209 2533 2570 2588 exactionum
2593 2537 2891 2605 negotium
2913 2536 3128 2590 habent
3155 2537 3342 2590 modis
3373 2537 3644 2590 omnibus
3671 2537 3842 2588 auxi-

2209 2626 2284 2680 lio
2302 2627 2434 2694 sint,
2459 2631 2516 2680 et
2530 2628 2644 2681 sive
2667 2633 2901 2700 propter
2927 2629 3328 2684 indevotorum
3348 2629 3686 2684 collatorum
3705 2645 3848 2681 con-

2209 2719 2518 2774 tumaciam
2543 2725 2941 2775 momumenta
2967 2721 3265 2786 conﬁcere,
3300 2722 3416 2775 sive
3457 2722 3738 2774 interesse
3787 2725 3846 2774 et

2209 2811 2523 2882 ﬁagitiosos
2549 2814 2924 2884 prtesentibus
2955 2815 3132 2868 oculis
3157 2815 3446 2885 aspicere;
3477 2815 3591 2867 sive
3641 2814 3838 2884 publi-

2209 2920 2340 2958 cum
2363 2905 2562 2960 sedare
2580 2907 2892 2961 tumultum
2911 2924 3053 2977 opus
3069 2908 3158 2974 sit,
3183 2908 3446 2961 alacriter
3465 2907 3572 2960 hoc
3595 2906 3842 2970 faciant,

2211 3013 2324 3050 uno
2356 2997 2606 3068 denique
2630 2999 2828 3067 verbo,
2853 3016 2956 3070 per
2982 2999 3178 3054 omnia
3207 2999 3462 3070 praesidis
3483 3001 3676 3053 locum
3697 2998 3846 3052 obti-

2211 3095 2406 3156 neant,
2437 3096 2493 3144 et
2514 3092 2765 3146 maxime
2791 3108 2922 3145 cum
2939 3091 3164 3146 absunt.
3193 3094 3260 3146 Et
3282 3097 3344 3146 ut
3363 3093 3688 3146 cohortales
3699 3107 3845 3161 quo-

2211 3198 2319 3252 que
2352 3183 2402 3236 ei
2429 3184 2653 3252 regioni
2683 3185 2916 3252 addicti,
2960 3187 3054 3256 qui
3083 3203 3185 3256 per
3212 3186 3366 3239 illam
3406 3185 3732 3239 consistunt
3761 3185 3840 3238 ci-

2209 3275 2462 3344 vitatem,
2493 3277 2548 3330 in
2580 3294 2692 3348 qua
2723 3278 2995 3332 defensor
3023 3283 3126 3346 est,
3173 3279 3254 3332 illi
3279 3278 3554 3332 obediant
3579 3281 3636 3330 et
3663 3293 3840 3347 opem

2211 3368 2419 3436 ferant,
2453 3373 2513 3422 ut
2539 3370 2870 3426 absentibus
2899 3371 3319 3441 provinciarum
3365 3369 3840 3424 moderatoribus

2213 3459 2354 3513 nihil
2383 3461 2698 3517 civitatibus
2728 3464 2920 3518 deesse
2958 3480 3063 3534 per
3097 3465 3324 3518 illorum
3363 3463 3730 3534 praesentiam
3761 3463 3840 3516 vi-

2212 3552 2432 3607 deatur.
2469 3555 2725 3610 Habeant
2760 3561 2954 3610 autem
2981 3561 3038 3610 et
3061 3574 3126 3610 ex
3152 3557 3384 3610 cohorte
3413 3555 3492 3609 illi
3525 3555 3840 3626 provinciae

2211 3645 2494 3700 destinata
2527 3651 2889 3718 exceptorem
2917 3650 3172 3704 futurum
3201 3649 3310 3702 illis
3331 3649 3389 3702 in
3417 3648 3764 3714 ministerio,
3785 3655 3840 3702 et

2212 3737 2356 3792 duos
2383 3739 2720 3808 cohortales,
2753 3743 2852 3812 qui
2877 3742 2946 3796 ab
2973 3741 3108 3818 ipsis
3129 3742 3385 3812 judicata
3427 3745 3836 3811 exsequantur.

2281 3831 2450 3885 Dican
2461 3835 2590 3903 tque
2597 3833 2694 3903 jus
2714 3834 2774 3888 in
2797 3835 3063 3889 omnibus
3095 3835 3419 3906 pecuniaris
3448 3835 3636 3890 causis
3657 3850 3836 3905 usque

2211 3922 2282 3976 ad
2311 3929 2594 3979 trecentos
2623 3943 2848 3994 aureos,
2879 3927 3300 3998 nequeuntibus
3328 3928 3698 3982 collatoribus
3731 3943 3834 3981 no-

2209 4015 2311 4069 tris
2343 4033 2440 4070 eos
2480 4034 2619 4088 quos
2663 4019 2770 4072 sibi
2799 4020 3080 4090 obligatos
3121 4023 3345 4091 putant,
3375 4021 3716 4090 protrahere
3761 4019 3836 4072 ad

2211 4109 2553 4164 clarissimos
2583 4112 3006 4182 provinciarum
3031 4113 3326 4184 praesides,
3359 4113 3404 4166 si
3435 4113 3590 4167 intra
3616 4113 3832 4166 dictam

2211 4203 2594 4256 trecentorum
2621 4204 2938 4260 solidorum
2957 4207 3338 4277 quantitatem
3351 4222 3520 4260 causa
3535 4205 3832 4260 consistat.

2213 4293 2325 4348 Sed
2354 4311 2539 4366 neque
2571 4300 2790 4352 actores
2834 4315 2902 4352 ea
2937 4299 3060 4369 ipsa
3087 4299 3154 4352 de
3189 4315 3248 4352 re
3273 4298 3436 4353 litem
3481 4299 3664 4369 pluris
3707 4298 3834 4351 esti-

2211 4389 2391 4454 ment,
2421 4392 2483 4442 ut
2503 4405 2629 4443 reos
2649 4393 2966 4458 conterant,
2999 4407 3116 4445 non
3143 4390 3216 4444 ad
3245 4389 3618 4444 defensorem
3647 4389 3836 4444 civita-

2210 4478 2301 4546 tis,
2333 4480 2432 4534 sed
2457 4481 2528 4536 ad
2558 4482 2666 4536 loci
2691 4483 2996 4552 praesidem
3026 4483 3321 4538 deductos.
3346 4485 3466 4538 Imo
3491 4483 3538 4536 si
3559 4483 3696 4553 quid
3721 4483 3830 4535 tale

2210 4572 2468 4642 fecerint,
2520 4579 2575 4628 et
2617 4577 2902 4630 sententia
2945 4577 3210 4630 ostendat
3261 4593 3488 4630 causam
3545 4577 3830 4630 minorem

2211 4683 2334 4720 esse
2353 4668 2622 4722 trecentis
2646 4669 2862 4736 solidis,
2877 4669 3181 4742 deditaque
3201 4687 3374 4742 opera
3389 4669 3830 4724 aestimationem

2211 4759 2565 4830 ampliatam,
2597 4765 2658 4815 ut
2683 4761 2834 4832 apud
2861 4763 3164 4833 praesidem
3193 4763 3656 4834 provinciae,non
3682 4760 3830 4832 apud

2212 4851 2449 4907 civitatis
2487 4853 2849 4909 defensorem
2876 4856 3315 4922 examinaretur,
3367 4857 3520 4910 solus
3549 4859 3709 4909 actor
3747 4859 3828 4907 to-

2211 4945 2324 4999 tius
2372 4946 2483 5000 litis
2515 4947 2842 5016 subjiciatur
2872 4948 3193 5019 dispendio.
3235 4948 3538 5003 Enimvero
3583 4948 3828 5018 appella-

2211 5038 2397 5092 tiones
2429 5056 2462 5092 a
2491 5040 2888 5094 defensoribus
2909 5041 2983 5095 ad
3009 5042 3162 5112 ipsos
3183 5041 3518 5096 deferantur
3541 5040 3828 5112 praesides.

2214 5131 2271 5186 Si
2303 5132 2442 5202 quid
2462 5149 2595 5187 vero
2613 5133 2932 5189 cohortales
2959 5139 3158 5189 contra
3186 5135 3516 5190 defensores
3537 5139 3824 5189 contume-

2211 5225 2350 5280 liose
2377 5225 2732 5294 admiserint,
2765 5231 2901 5282 tunc
2931 5229 3356 5298 provinciarum
3379 5231 3636 5282 rectores
3659 5227 3828 5281 vindi-

2213 5321 2365 5371 ctam
2385 5323 2667 5389 repetant,
2692 5321 3122 5392 cohortalesque
3143 5321 3440 5392 castigent.
3453 5322 3672 5375 Damus
3685 5321 3828 5374 enim

2215 5409 2605 5466 defensoribus
2635 5413 2946 5480 licentiam,
2971 5414 3014 5468 si
3034 5415 3142 5468 hoc
3165 5413 3422 5486 gentium
3445 5415 3724 5485 praesides
3747 5429 3832 5467 ne-

2216 5503 2455 5574 gligant,
2487 5521 2554 5559 ea
2585 5505 2799 5560 referre
2827 5506 2898 5560 ad
2929 5507 3202 5562 thronum
3243 5507 3591 5562 excellentia
3615 5511 3748 5572 tum,
3777 5509 3832 5559 ut

2215 5595 2322 5650 illis
2353 5597 2486 5652 inde
2511 5599 2787 5653 auxilium
2829 5599 3191 5671 impertiatur
3227 5605 3283 5655 et
3331 5605 3668 5671 competens
3713 5601 3828 5653 vin-

2217 5685 2385 5757 dicta,
2415 5696 2470 5745 et
2513 5691 2845 5748 defensores
2888 5709 3087 5747 revera
3121 5694 3372 5748 habeant
3417 5697 3622 5748 contra
3657 5693 3830 5747 delin-

2217 5786 2458 5854 quentes
2483 5785 3122 5856 quamdamjudiciariae
3145 5787 3432 5856 gravitatis
3451 5786 3834 5841 imitationem
