4054 6186
216 262 304 312 969

1067 267 1430 326 JL’STlNlANl
1469 274 1797 331 NUVELLAS
1835 279 2167 338 SELEC'LE.
2208 285 2516 342 NUVELLA
2554 287 2684 343 XVI.

3455 303 3557 354 970

213 369 260 418 et
278 363 538 436 figuram.
554 370 631 422 Ac
651 367 699 422 si
719 369 955 426 civitatis
971 373 1329 434 defensorem
1349 382 1640 454 contingat
1657 383 1829 440 inter-
1849 403 1909 475 Α
1931 406 2160 462 operam
2200 393 2356 464 dent,
2394 413 2509 468 quo
2533 399 2716 470 magis
2739 400 2802 454 hi
2831 399 3159 456 defensores
3188 403 3558 459 nominentur

211 458 403 526 cidere,
434 461 694 530 protinus
721 464 791 518 ad
819 466 1014 538 alium,
1045 471 1144 540 qui
1171 489 1241 526 ex
1271 473 1473 530 ordine
1505 477 1701 532 circuli
1729 497 1825 534 vo-

210 557 376 622 catur,
428 572 558 610 cum
601 561 872 628 pradicto
907 563 1238 634 juramento
1264 569 1528 626 decurrat
1563 575 1824 643 calculus,

206 649 568 721 protinusque
612 651 656 706 is
703 671 831 710 eam
875 674 1070 714 curam
1111 663 1327 719 subeat.
1376 665 1672 722 Decretum
1695 686 1828 724 vero

205 741 479 797 referatur
507 752 562 800 et
587 747 890 804 roboretur
923 768 955 804 a
980 755 1314 812 celsitudine
1341 763 1458 814 tua.
1493 761 1684 832 Neque
1714 764 1828 817 ullo

205 850 450 908 unquam
475 841 733 910 tempore
766 845 1178 903 constituantur
1204 851 1304 920 (uti
1334 851 1598 924 diximus)
1631 856 1825 912 defen-

205 929 414 985 soribus
453 933 664 1002 vicarii,
724 953 796 992 ne
847 955 1040 994 rursus
1089 943 1300 1014 absque
1347 947 1566 1002 ratione
1629 966 1826 1004 ausam

203 1023 369 1095 priori
393 1027 810 1096 perturbationi
831 1033 1206 1102 prabeamus.
1229 1039 1501 1094 Conﬁciet
1519 1042 1687 1097 etiam
1710 1043 1828 1114 jus-

205 1117 380 1173 sioues
403 1121 735 1177 excellentia
757 1128 856 1178 tua
877 1144 980 1197 per
997 1146 1460 1204 unamquamque
1471 1137 1827 1206 provinciam

202 1215 258 1264 ut
284 1211 345 1264 in
373 1212 694 1269 civitatibus
716 1217 918 1272 domus
937 1221 1125 1293 aliqua
1150 1225 1378 1294 publica
1403 1235 1753 1301 secernatur,
1768 1231 1828 1286 in

202 1319 363 1374 quam
378 1305 704 1364 defensores
717 1311 913 1366 deceat
926 1320 1182 1370 actorum
1197 1335 1432 1374 suorum
1453 1328 1828 1379 monumenta

199 1413 486 1469 reponere,
529 1407 723 1458 creato
765 1407 956 1478 aliquo
995 1409 1072 1463 ibi
1114 1411 1390 1484 locorum,
1431 1432 1608 1486 penes
1654 1434 1826 1488 quem

195 1489 360 1562 hujus
383 1493 456 1548 sit
481 1497 755 1566 custodia,
791 1517 902 1570 quo
935 1503 1116 1574 magis
1149 1511 1206 1560 et
1237 1506 1568 1580 incorrupta
1599 1527 1666 1565 ea
1711 1529 1827 1566 ma-

193 1590 380 1655 neant,
411 1590 468 1641 et
496 1589 734 1645 celerius
759 1595 997 1664 quasita
1025 1596 1408 1655 inveniantur.
1443 1603 1643 1674 Sitque
1675 1605 1826 1676 apud

192 1677 340 1748 ipsos
365 1680 595 1752 aliquod
637 1686 952 1755 archivum,
981 1695 1038 1744 et
1067 1693 1218 1761 quod
1247 1694 1518 1750 hactenus
1548 1697 1606 1751 in
1633 1697 1824 1752 civita-

1933 484 2008 550 (in
2037 485 2311 542 circulum
2337 490 2566 558 scilicet,
2591 498 2651 546 ut
2679 493 2894 547 dictum
2933 495 3034 562 est)
3074 495 3143 549 de
3176 496 3382 566 quibus
3411 497 3559 552 bona

1929 584 2014 633 est
2044 579 2102 633 in
2134 597 2362 653 quaque
2389 583 2608 640 civitate
2639 587 2852 657 opinio,
2885 592 2940 640 et
2967 591 3029 641 ut
3057 588 3280 643 decreta
3309 590 3368 644 in
3395 607 3552 645 com-

1927 689 2100 727 mune
2127 676 2270 729 liant
2293 693 2408 730 una
2437 695 2566 732 cum
2585 679 2928 751 jusjurando
2949 681 3019 735 ab
3045 681 3180 752 ipsis
3209 685 3553 754 praestando,

1927 782 2112 837 neque
2138 785 2252 823 non
2277 770 2459 824 dictus
2495 771 2736 827 circulus
2764 774 3132 844 describatur,
3157 779 3216 829 et
3243 776 3324 831 ita
3349 777 3557 850 singuli

1927 877 2029 931 per
2056 861 2349 918 biennium
2377 865 2578 920 ordine
2604 883 2728 922 eam
2755 868 3193 923 sollicitudinem
3222 870 3449 925 obeant.
3477 875 3556 926 Ac

1927 955 1973 1008 si
1999 955 2124 1026 quis
2153 972 2221 1010 ex
2258 957 2378 1012 istis
2417 959 2738 1029 intercidat,
2777 962 2836 1015 in
2873 963 3156 1017 demortui
3199 963 3384 1018 locum
3415 965 3556 1020 alius

1928 1048 2258 1118 sufficiatur,
2290 1068 2516 1124 semper
2543 1055 2777 1125 quidem
2810 1057 3035 1110 decreto
3064 1073 3194 1112 cum
3223 1058 3556 1128 jusjurando

1927 1143 2295 1200 conﬁciendo.
2328 1147 2450 1216 Ipso
2473 1165 2722 1220 quoque,
2753 1167 2882 1203 cum
2909 1150 3355 1206 sollicitudinem
3383 1169 3560 1208 susce-

1926 1241 2128 1307 pturus
2141 1240 2598 1309 est,pralinitum
2611 1242 3019 1313 jusjurandum
3039 1245 3398 1313 subeunte,et
3412 1263 3561 1301 crea-

1926 1329 2082 1384 tione
2111 1331 2234 1401 ejus
2263 1347 2296 1384 a
2325 1332 2424 1387 Dei
2443 1335 2830 1389 amantissimo
2855 1337 3140 1408 episcopo,
3170 1342 3227 1392 et
3251 1339 3560 1394 venerabili

1926 1423 2098 1492 clero,
2139 1430 2308 1496 atque
2344 1425 2487 1496 aliis,
2519 1427 2614 1498 qui
2643 1427 2858 1483 bonam
2888 1429 2947 1483 in
2979 1430 3203 1486 civitate
3233 1433 3558 1502 opinionem

1926 1516 2202 1587 obtinent,
2230 1520 2593 1589 perficienda.
2613 1522 2776 1586 Quod
2795 1522 3030 1593 quidem
3051 1529 3108 1578 et
3119 1541 3271 1578 nunc
3285 1525 3557 1581 continuo

1925 1610 2050 1665 fieri
2093 1614 2372 1680 convenit,
2414 1613 2678 1668 omnibus
2715 1617 2797 1686 (ut
2841 1616 3055 1672 dictum
3093 1623 3192 1686 est)
3249 1619 3558 1674 secundum

1927 1704 2072 1758 hanc
2103 1710 2350 1760 nostram
2375 1709 2704 1778 generalem
2724 1710 2911 1780 legem
2932 1712 3388 1780 procedentibus.
3413 1713 3560 1768 Pra-

191 1771 342 1826 tibus
367 1780 661 1844 peccatum
687 1785 791 1849 est,
825 1783 991 1837 modo
1025 1785 1098 1838 ad
1127 1787 1432 1856 pristinum
1481 1795 1690 1846 statum
1732 1809 1823 1847 re-
1845 1775 1903 1847 Β
1927 1803 2082 1853 terea
2104 1805 2163 1854 ut
2181 1771 2480 1872 iiquoq'ue,
2499 1802 2600 1873 qui
2619 1803 2727 1856 hoc
2749 1771 3066 1858 etiamnum
3091 1808 3348 1877 tempore
3368 1807 3560 1862 defen-

158 1907 164 1914 .
191 1864 445 1922 ducatur.
481 1871 639 1925 Fient
665 1877 852 1928 autem
885 1882 940 1930 et
969 1878 1299 1935 defensores
1349 1884 1587 1939 omnino
1629 1886 1822 1956 gratis.

189 1959 254 2013 Et
280 1977 385 2031 pro
424 1962 560 2033 ipsis
594 1964 963 2040 jussionibus,
1012 1972 1058 2026 si
1103 1975 1347 2044 majores
1393 1977 1508 2032 sint
1555 1979 1821 2050 civitates,

189 2057 438 2124 quatuor
458 2062 858 2137 tantummodo
879 2065 1038 2119 aurei
1063 2066 1356 2123 dabantur
1383 2070 1440 2124 in
1462 2071 1681 2142 judicio
1711 2079 1825 2128 tua

187 2147 567 2219 celsitudinis;
600 2153 645 2207 si
686 2154 957 2228 minores,
1013 2161 1146 2230 tres,
1195 2164 1683 2233 quemadmodum
1717 2184 1821 2221 no-

186 2241 316 2295 stris
352 2243 474 2313 jam
515 2246 736 2317 legibus
772 2252 1142 2308 constitutum
1181 2261 1284 2311 est.
1336 2257 1392 2312 Si
1421 2275 1563 2330 quas
1592 2275 1724 2314 vero
1753 2277 1824 2316 ex

182 2335 417 2406 publico
475 2355 730 2397 annonas
775 2343 1007 2414 habent,
1043 2347 1368 2420 percipient
1393 2358 1450 2407 et
1479 2353 1632 2424 ipsas
1661 2370 1823 2410 more

185 2429 376 2484 solito.

256 2524 613 2596 Cognosccnt
637 2529 833 2602 utique
860 2535 916 2586 et
950 2533 1018 2588 de
1055 2535 1358 2592 levioribus
1385 2539 1736 2606 criminibus,
1766 2546 1824 2598 et

184 2631 308 2671 com
314 2625 604 2688 petentem
621 2625 1051 2696 castigationem
1071 2629 1444 2687 adhibebunt.
1466 2633 1574 2688 Sed
1587 2651 1702 2705 eos,
1721 2637 1820 2708 qui

181 2708 243 2764 in
275 2713 587 2782 majoribus
619 2716 838 2772 delictis
877 2722 1178 2792 capiuntur
1205 2726 1513 2797 conjicient
1541 2727 1600 2782 in
1631 2734 1818 2784 custo-

183 2801 362 2874 diam,
387 2811 442 2860 et
461 2808 530 2862 ad
564 2811 870 2879 provincia
895 2815 1312 2873 moderatorem
1333 2822 1823 2878 transmittentJta

181 2897 340 2952 enim
367 2917 609 2972 quaque
635 2922 739 2975 pro
761 2923 818 2960 se
846 2909 1036 2964 civitas
1053 2911 1309 2981 judiciali
1331 2931 1466 2968 cura
1489 2915 1732 2986 fruetur,
1767 2923 1824 2972 et

179 2992 445 3048 universa
463 3012 604 3066 gens
631 2999 734 3053 sub
747 3002 959 3072 majore
981 3006 1290 3061 constituta
1307 3008 1527 3080 judice,
1545 3010 1818 3082 majorem

177 3087 393 3141 sentiet
419 3091 849 3164 providentiam,
890 3101 946 3150 et
970 3097 1118 3152 bona
1146 3118 1273 3170 pars
1304 3105 1690 3174 prasidalium
1719 3123 1816 3159 cu-

174 3195 385 3234 rarum
423 3185 853 3257 prascindetur,
897 3191 944 3244 si
980 3192 1268 3248 civitatum
1295 3197 1613 3253 defensores
1639 3215 1732 3253 eas
1757 3199 1818 3254 in

174 3289 238 3327 se
268 3279 658 3347 transponant,
704 3283 1069 3356 releventque
1108 3306 1270 3342 curas
1296 3291 1649 3362 prasidibus,
1679 3310 1818 3364 quas

171 3383 288 3438 pro
309 3371 536 3441 populis
569 3379 794 3446 gerunt,
824 3377 931 3448 ipsi
959 3397 1061 3450 per
1087 3387 1278 3453 partes
1317 3385 1405 3438 vel
1435 3403 1500 3440 ea
1543 3403 1670 3456 qua
1716 3404 1819 3458 per

169 3460 453 3532 injuriam
485 3467 882 3540 admittuntur,
925 3482 1349 3546 componentes,
1383 3480 1468 3534 vel
1495 3479 1814 3551 disceptan-

167 3554 330 3611 tibus
355 3557 685 3616 dirimentes
697 3569 1110 3624 controversias
1139 3571 1216 3640 (et
1241 3578 1410 3643 prout
1435 3590 1584 3645 sape
1603 3575 1818 3630 dictum

173 3650 308 3721 est),
335 3667 437 3722 per
463 3653 573 3709 hoc
597 3672 690 3712 eos
717 3659 816 3730 qui
846 3661 1046 3717 ofﬁciis
1085 3665 1396 3736 praesident
1430 3668 1816 3724 honoratiores

169 3743 505 3803 efﬁcientes.
535 3749 591 3806 Si
620 3751 718 3823 qui
748 3753 919 3810 etiam
938 3773 1044 3828 per
1080 3758 1506 3817 indevotionem
1533 3762 1680 3818 circa
1709 3781 1815 3834 pu-

168 3836 328 3894 blica
383 3841 594 3898 tributa
646 3847 914 3904 solvenda
969 3851 1258 3924 segniores
1301 3856 1564 3927 existant,
1615 3874 1816 3912 eorum

172 3933 504 3990 exactiones
547 3938 646 4009 qui
695 3939 773 3995 ita
821 3960 880 3998 se
925 3943 1223 4002 indevotos
1245 3950 1522 4020 prabent,
1559 3952 1814 4022 gentium

169 4027 446 4098 prasides
469 4031 815 4092 demandent
839 4037 1248 4112 defensoribus,
1281 4047 1346 4099 ut
1375 4049 1432 4100 et
1456 4045 1517 4100 in
1546 4045 1654 4100 hoc
1679 4045 1816 4117 ipsis

170 4121 390 4175 auxilio
401 4123 532 4180 sint.
553 4126 643 4182 Ca
651 4131 834 4185 terum
851 4133 1024 4204 siqua
1044 4135 1357 4192 defensoris
1370 4139 1654 4195 ordinatio
1673 4157 1816 4212 pra-

171 4218 269 4270 ter
286 4215 407 4271 hac
425 4218 571 4274 facta
597 4221 688 4292 sit,
711 4229 809 4280 aut
826 4225 872 4280 is
897 4227 967 4282 ad
986 4245 1158 4300 quem
1179 4211 1249 4288 ei
1277 4233 1476 4288 ordine
1503 4211 1814 4290 defensoris

172 4310 388 4364 creatio
417 4315 692 4386 pervenit,
723 4323 1002 4388 praetextu
1028 4323 1336 4396 dignitatis,
1353 4327 1442 4382 Vel
1469 4328 1708 4399 militia,
1730 4330 1816 4385 vel

171 4401 485 4475 privilegii,
519 4408 606 4462 vel
635 4411 866 4466 alterius
879 4415 984 4482 rei,
1011 4433 1136 4472 eam
1155 4419 1593 4498 sollicitudinem
1619 4423 1814 4494 depre-

1840 3147 1895 3220 C

1924 1909 2078 1947 sores
2105 1897 2256 1962 sunt,
2284 1893 2344 1949 in
2369 1895 2645 1949 circulum
2667 1896 3077 1961 describantur,
3106 1899 3152 1952 si
3179 1899 3458 1969 ejusmodi
3482 1901 3557 1956 vi-

1925 1987 2187 2056 deantur,
2219 1988 2317 2058 qui
2337 1992 2560 2060 placere
2582 1989 2814 2060 possint,
2845 1995 2900 2044 et
2924 1991 3360 2048 sollicitudinem
3379 2011 3555 2065 usque

1923 2081 1992 2135 ad
2035 2081 2336 2136 biennium
2363 2083 2718 2138 continuent.
2760 2084 2919 2148 Quod
2946 2085 2991 2138 si
3020 2085 3143 2155 jam
3170 2086 3467 2142 biennium
3497 2087 3556 2142 in

1923 2191 1990 2229 ea
2017 2191 2150 2229 cura
2175 2177 2673 2246 comsumpserint,
2691 2194 2723 2230 a
2749 2177 3061 2233 defensoris
3081 2179 3462 2237 sollicitudine
3478 2181 3560 2236 di-

1922 2274 2275 2336 moveantur,
2325 2269 2432 2323 nisi
2473 2271 2764 2325 communi
2808 2271 2996 2342 ipsum
3039 2273 3268 2328 decreto
3301 2275 3475 2330 velint
3499 2275 3559 2329 in

1923 2363 2164 2416 alterum
2193 2379 2418 2434 quoque
2445 2363 2742 2418 biennium
2763 2365 2821 2418 in
2843 2366 3045 2420 eodem
3066 2367 3324 2422 detinere
3349 2369 3550 2424 officio.

1921 2455 1978 2511 Si
2003 2473 2137 2511 vero
2164 2458 2420 2511 nondum
2448 2457 2745 2512 biennium
2772 2460 3162 2530 expleverunt,
3177 2461 3452 2533 dignique
3469 2463 3552 2516 vi-

1921 2550 2149 2619 dentur,
2183 2552 2284 2622 qui
2321 2551 2380 2606 in
2423 2553 2745 2606 societatem
2773 2553 2990 2616 circuli,
3012 2553 3377 2625 recipiantur,
3419 2556 3553 2610 reli-

1923 2661 2101 2716 quum
2131 2647 2356 2716 tempus
2383 2646 2726 2716 compleant,
2759 2651 2825 2701 ut
2856 2651 3052 2702 tamen
3108 2663 3276 2702 nemo
3318 2649 3463 2703 ultra
3499 2649 3556 2704 id

1919 2738 2208 2793 civitatem
2233 2738 2516 2806 defendat,
2541 2739 2638 2793 sed
2670 2741 2741 2795 ad
2771 2741 2878 2794 hoc
2911 2741 3189 2794 duntaxat
3212 2747 3435 2812 tempus
3463 2758 3556 2796 us-

1919 2848 2030 2903 que
2051 2831 2334 2900 subsistat,
2363 2832 2474 2886 nisi
2495 2833 2814 2886 communis
2834 2849 2967 2886 eum
2988 2833 3226 2888 civitatis
3245 2851 3556 2890 consensus

1918 2926 2075 2980 nullo
2102 2927 2443 2979 reclamante
2466 2926 2818 2996 comprobet.
2842 2927 3002 2990 Quod
3031 2926 3076 2980 si
3103 2928 3186 2994 tit,
3215 2928 3398 2982 altero
3419 2944 3556 2999 quo-

1919 3036 2030 3090 que
2065 3018 2294 3074 biennio
2323 3036 2453 3073 eam
2486 3019 2924 3074 sollicitudinem
2951 3020 3206 3090 recipiet,
3243 3028 3300 3075 et
3341 3027 3467 3092 post
3495 3022 3555 3077 id

1920 3113 2147 3167 finitum
2177 3113 2411 3168 omnino
2441 3131 2506 3168 ea
2535 3113 2788 3180 desistat,
2813 3118 2948 3167 tunc
2977 3113 3211 3168 demum
3234 3131 3430 3169 rursus
3461 3114 3556 3170 de-

1919 3207 2112 3261 fensor
2135 3207 2380 3274 futurus,
2411 3224 2542 3262 cum
2568 3207 2689 3278 ipse
2713 3223 2846 3262 eum
2874 3207 3118 3261 circulus
3164 3207 3225 3262 in
3273 3208 3426 3262 hunc
3459 3224 3551 3263 re-

1917 3301 2144 3355 duxerit
2171 3301 2449 3369 ordinem,
2470 3317 2541 3354 ne
2559 3305 2832 3371 perpetua
2853 3301 2973 3370 ejus
2997 3299 3392 3356 sollicitudinis
3412 3317 3549 3356 con-

1917 3395 2252 3463 tinuatioue,
2285 3399 2342 3448 et
2365 3394 2720 3448 fraudulenta
2749 3410 2850 3464 per
2876 3395 3099 3464 singula
3121 3393 3352 3448 biennia
3394 3411 3556 3450 reno-

1917 3489 2162 3554 vatione,
2193 3487 2475 3558 aliquibus
2504 3487 2774 3556 pradicta
2820 3486 3235 3540 administratio
3269 3503 3449 3560 usque
3490 3489 3554 3544 in

1915 3582 2207 3638 infinitum
2237 3580 2597 3636 extendatur.
2629 3580 2723 3634 His
2749 3580 3014 3634 omnibus
3041 3579 3100 3634 in
3145 3597 3314 3636 omne
3365 3598 3551 3638 avum

1917 3676 2304 3732 obtinentibus
2337 3674 2802 3746 quandoquidem
2828 3691 3052 3730 summo
3080 3691 3212 3730 cum
3235 3675 3424 3730 studio
3463 3692 3547 3747 ea,

1918 3774 1978 3826 et
2000 3769 2308 3842 vigilantia,
2341 3773 2400 3823 et
2429 3767 2652 3823 Domini
2697 3768 2794 3823 Dei
2833 3785 2968 3840 erga
3009 3785 3111 3823 nos
3153 3769 3552 3826 benevolentia

1915 3865 2329 3931 adinvenimus,
2343 3861 2664 3934 nostrisque
2685 3861 2920 3918 subditis
2943 3864 3404 3920 condonavimus.
3421 3866 3546 3921 Dat.

1917 3967 2007 4015 xvi
2035 3959 2156 4014 Kal.
2185 3961 2330 4030 Aug.
2359 3957 2648 4012 Constant.
2687 3955 2834 4012 Bilis.
2865 3974 2918 4012 v.
2951 3974 3002 4014 c.
3035 3975 3188 4014 cons.

2485 4070 2798 4126 NOVELLA
2835 4071 2966 4126 XVI.

1873 4153 1882 4164 ’
1920 4165 1989 4220 Ut
2015 4164 2198 4219 clerici
2223 4177 2290 4216 ea:
2318 4175 2430 4216 una
2459 4161 2680 4214 ecclesia
2723 4162 2784 4214 in
2819 4161 2989 4214 aliam
3026 4163 3440 4230 transferantur
3471 4161 3545 4218 ad

2039 4233 2400 4305 supplendum
2429 4233 2784 4301 deﬁcientium
2814 4236 3081 4286 statutum
3107 4245 3408 4288 numerum.

1985 4333 2138 4386 Idem
2169 4331 2478 4402 imperator
2501 4329 2803 4383 Anthemio
2841 4329 3212 4384 sacratissimo
3253 4335 3311 4386 et
3337 4331 3544 4387 beatis-

1913 4425 2056 4481 simo
2085 4423 2510 4495 archiepiscOpo
2546 4421 3174 4494 Constantinopolitano
3207 4429 3266 4480 et
3301 4425 3548 4481 universi

172 4501 364 4563 cetur,
393 4499 531 4556 sciat
552 4503 646 4558 ille
663 4506 917 4579 quinque
945 4526 1002 4565 se
1031 4511 1310 4568 librarum
1338 4515 1462 4570 auri
1482 4531 1711 4585 poenam
1731 4533 1820 4572 su-
1836 4529 1897 4602 D
1920 4520 2040 4592 ejus
2070 4521 2280 4573 tractus
2307 4517 2665 4588 patriarcha.

169 4589 458 4664 biturum,
483 4601 539 4650 et
557 4597 930 4656 nihilominus
942 4608 1070 4675 post
1080 4606 1128 4677 ej
1138 4624 1202 4661 us
1223 4608 1480 4678 pecunia
1499 4608 1560 4663 in
1573 4610 1810 4666 civitatis

171 4701 355 4755 opera
382 4704 619 4746 cessura
643 4696 1020 4768 exactionem,
1043 4702 1363 4771 cogendum
1384 4703 1698 4760 defensoris
1724 4723 1816 4761 ex-

168 4779 378 4851 pedire
400 4784 858 4846 sollicitudinem.
881 4795 1156 4849 Convenit
1172 4795 1347 4866 enim,
1369 4791 1434 4853 ut
1462 4799 1815 4856 honestiores

171 4873 394 4945 quique
422 4877 757 4953 civitatibus,
786 4902 928 4956 quas
964 4889 1241 4961 incolunt,
1275 4909 1510 4964 operam
1549 4900 1605 4948 et
1637 4896 1811 4950 mini-

167 4969 417 5024 sterium
445 4991 610 5030 suum
642 4979 966 5052 exhibeant,
997 4989 1053 5038 et
1071 4985 1216 5041 hanc
1237 4988 1654 5059 quodammodo
1680 4991 1815 5062 ipsis

165 5078 282 5133 pro
315 5063 564 5122 incolatu
594 5073 840 5140 gratiam
867 5077 1206 5147 rependant.
1249 5083 1384 5146 Qua
1427 5063 1606 5154 igitur
1651 5084 1815 5139 nobis

163 5157 533 5228 placuerunt,
561 5169 619 5218 et
642 5183 745 5235 per
774 5167 921 5224 hanc
949 5187 1168 5228 sacram
1189 5176 1591 5246 exprimuntur
1606 5178 1812 5249 legem,

168 5266 243 5304 ea
295 5254 518 5311 studeat
563 5261 896 5318 excellentia
941 5269 1039 5320 tua
1081 5284 1186 5338 per
1233 5270 1551 5340 provincias
1610 5272 1817 5342 quibus

165 5353 408 5416 praest,
437 5353 681 5424 propriis
707 5357 1001 5416 destinatis
1013 5361 1387 5434 jussionibus,
1412 5365 1716 5420 manifesta
1739 5367 1818 5420 fa-

167 5454 328 5507 cere,
361 5447 426 5496 ut
452 5462 651 5502 omnes
679 5460 1026 5521 cognoscant
1052 5457 1205 5527 quod
1237 5461 1295 5512 et
1321 5459 1594 5526 maxime,
1619 5465 1675 5514 et
1697 5477 1813 5516 me-

168 5531 413 5606 diocria,
449 5545 504 5596 et
536 5541 777 5599 minima
805 5563 969 5618 aque
1001 5549 1162 5604 nobis
1187 5567 1337 5606 cura
1375 5552 1508 5622 sint,
1561 5554 1818 5627 nihilque

165 5628 301 5700 ejus
334 5634 560 5703 generis
588 5653 622 5691 a
641 5638 1019 5698 sollicitudine
1049 5649 1242 5700 nostra
1265 5662 1680 5704 removeamus.

241 5729 510 5784 Assumet
535 5745 668 5787 vero
689 5735 1024 5792 excellentia
1045 5743 1141 5794 tua
1162 5744 1220 5794 et
1236 5739 1343 5795 hoc
1361 5739 1419 5794 in
1451 5745 1676 5813 partem
1701 5747 1820 5799 tua-

160 5835 305 5878 rum
319 5821 664 5895 jussionum,
687 5833 748 5883 ut
753 5828 878 5900 jam
895 5831 1030 5887 inde
1048 5832 1261 5891 scilicet
1277 5835 1532 5908 gentium
1546 5838 1821 5910 prasides

506 5921 780 5991 Pu'non.
829 5927 1064 5995 LXXII.

1984 4615 2190 4684 Legem
2214 4627 2398 4684 nuper
2412 4610 2482 4666 de
2503 4627 2768 4666 mensura
2782 4611 3206 4668 ordinationum
3222 4615 3551 4688 conscripsi-

1913 4725 2064 4775 mus,
2093 4707 2358 4779 quodque
2379 4722 2486 4760 nec
2526 4705 2584 4759 in
2629 4710 2983 4760 sacrosancta
3032 4707 3249 4779 majore
3293 4709 3542 4780 ecclesia,

1915 4819 2100 4874 neque
2121 4801 2181 4855 in
2212 4800 2338 4854 aliis
2366 4800 2568 4854 effusas
2587 4816 2679 4854 eas
2712 4816 2832 4854 esse
2863 4801 3180 4856 conveniat.
3215 4803 3395 4866 Quam
3411 4819 3546 4859 sane

1913 4903 2096 4953 ratam
2119 4911 2370 4964 manere,
2395 4898 2452 4949 et
2475 4911 2576 4966 pro
2599 4893 2860 4949 universo
2876 4911 2978 4949 suo
3004 4901 3196 4950 tenore
3212 4895 3544 4952 firmitatem

1915 4991 2170 5046 obtinere
2199 4989 2513 5045 etiamnum
2538 4988 2817 5043 volumus.
2849 4988 3124 5052 Quoniam
3145 5005 3278 5044 vero
3303 4989 3546 5047 intendi-

1916 5102 2044 5141 mus
2071 5083 2457 5140 ordinationes
2478 5083 2538 5138 in
2556 5089 2775 5138 arctum
2801 5083 3152 5151 contrahere,
3183 5083 3430 5157 indeque
3455 5103 3549 5143 ex-

1916 5196 2224 5252 pensarum
2249 5177 2680 5249 exuperantiam
2707 5176 2778 5230 ad
2805 5176 3152 5232 mediocrem
3184 5185 3240 5234 et
3278 5180 3544 5236 tolerabi-

1917 5274 2032 5328 lem
2069 5273 2446 5345 quantitatem
2474 5274 2837 5324 sacrosancta
2863 5269 3064 5341 majori
3101 5273 3350 5329 ecclesia
3377 5275 3546 5330 redu-

1917 5384 2064 5436 cere,
2095 5384 2208 5438 quo
2240 5365 2422 5436 magis
2443 5368 2773 5434 sumptuum
2797 5363 2878 5418 illi
2904 5365 3210 5422 multitudo
3235 5368 3544 5436 minuatur,

1917 5466 2220 5535 propterea
2250 5476 2353 5530 per
2389 5475 2586 5514 omnes
2612 5457 2865 5530 undique
2891 5459 3008 5514 vias
3038 5461 3386 5527 oberrantes,
3417 5465 3543 5514 tan-

1907 5544 2050 5612 ‘dem
2074 5555 2145 5611 ad
2173 5556 2321 5610 hanc
2342 5553 2513 5608 etiam
2542 5556 2886 5625 prasentem
2936 5554 3122 5626 legem
3164 5553 3546 5625 pervenimus,

1920 5666 2034 5705 non
2076 5649 2307 5722 quidem
2359 5648 2524 5721 plane
2559 5647 2838 5704 diversam
2881 5665 2916 5702 a
2945 5648 3154 5718 priore,
3198 5647 3297 5702 sed
3325 5662 3454 5718 qua
3481 5663 3551 5704 ex

1919 5743 2126 5801 eodem
2150 5742 2399 5818 profecta
2423 5746 2709 5816 proposto,
2754 5739 3058 5812 aliquando
3089 5739 3337 5812 amplius
3362 5756 3553 5797 sacro:-

1921 5845 2129 5900 sancta
2151 5838 2356 5913 majori
2375 5838 2641 5916 prodesse
2664 5835 2840 5914 possit
2863 5830 3132 5890 ecclesia.

3152 5935 3224 6000 31
