  <div class='ocr_page' id='page_1' title='image "/cluster/home/n/w/nwhite01/storage/ocr_20150623/72/hvd.32044054758768/491.png"; bbox 0 0 4054 6186; ppageno 0'>
   <div class='ocr_carea' id='block_1_1' title="bbox 467 303 564 359">
    <p class='ocr_par' dir='ltr' id='par_1_1' title="bbox 467 303 564 359">
     <span class='ocr_line' id='line_1_1' title="bbox 467 303 564 359; baseline 0.01 -1"><span class='ocrx_word' id='word_1_1' title='bbox 467 303 564 359; x_wconf 68' lang='grc'>974</span> 
     </span>
    </p>
   </div>
   <div class='ocr_carea' id='block_1_2' title="bbox 538 391 2097 481">
    <p class='ocr_par' dir='ltr' id='par_1_2' title="bbox 538 391 2097 481">
     <span class='ocr_line' id='line_1_2' title="bbox 538 391 2097 481; baseline -0.003 -13"><span class='ocrx_word' id='word_1_2' title='bbox 538 411 832 468; x_wconf 88' lang='lat' dir='ltr'>Sancimus</span> <span class='ocrx_word' id='word_1_3' title='bbox 862 410 1035 480; x_wconf 91' lang='lat' dir='ltr'>enim,</span> <span class='ocrx_word' id='word_1_4' title='bbox 1062 411 1107 465; x_wconf 91' lang='lat' dir='ltr'>si</span> <span class='ocrx_word' id='word_1_5' title='bbox 1151 409 1214 464; x_wconf 92' lang='lat' dir='ltr'>in</span> <span class='ocrx_word' id='word_1_6' title='bbox 1239 425 1353 464; x_wconf 89' lang='lat' dir='ltr'>una</span> <span class='ocrx_word' id='word_1_7' title='bbox 1380 409 1571 481; x_wconf 88' lang='lat' dir='ltr'>aliqua</span> <span class='ocrx_word' id='word_1_8' title='bbox 1615 391 2097 464; x_wconf 81' lang='lat' dir='ltr'>sacrosanctarum</span> 
     </span>
    </p>
   </div>
   <div class='ocr_carea' id='block_1_3' title="bbox 468 501 2096 576">
    <p class='ocr_par' dir='ltr' id='par_1_3' title="bbox 468 501 2096 576">
     <span class='ocr_line' id='line_1_3' title="bbox 468 501 2096 576; baseline -0.004 -14"><span class='ocrx_word' id='word_1_9' title='bbox 468 505 854 572; x_wconf 81' lang='lat' dir='ltr'>ecclesiarum,</span> <span class='ocrx_word' id='word_1_10' title='bbox 885 520 1127 576; x_wconf 90' lang='lat' dir='ltr'>quarum</span> <span class='ocrx_word' id='word_1_11' title='bbox 1146 501 1693 559; x_wconf 81' lang='lat' dir='ltr'>administrationem</span> <span class='ocrx_word' id='word_1_12' title='bbox 1721 502 1889 556; x_wconf 85' lang='lat' dir='ltr'>simul</span> <span class='ocrx_word' id='word_1_13' title='bbox 1921 505 1979 557; x_wconf 89' lang='lat' dir='ltr'>et</span> <span class='ocrx_word' id='word_1_14' title='bbox 1996 518 2096 558; x_wconf 87' lang='lat' dir='ltr'>ex-</span> 
     </span>
    </p>
   </div>
   <div class='ocr_carea' id='block_1_4' title="bbox 461 596 2096 674">
    <p class='ocr_par' dir='ltr' id='par_1_4' title="bbox 461 596 2096 674">
     <span class='ocr_line' id='line_1_4' title="bbox 461 596 2096 674; baseline -0.004 -17"><span class='ocrx_word' id='word_1_15' title='bbox 461 617 664 674; x_wconf 85' lang='lat' dir='ltr'>pensas</span> <span class='ocrx_word' id='word_1_16' title='bbox 697 598 897 654; x_wconf 90' lang='lat' dir='ltr'>eadem</span> <span class='ocrx_word' id='word_1_17' title='bbox 927 603 1277 652; x_wconf 86' lang='lat' dir='ltr'>sacrosancta</span> <span class='ocrx_word' id='word_1_18' title='bbox 1327 597 1512 668; x_wconf 84' lang='lat' dir='ltr'><strong>major</strong></span> <span class='ocrx_word' id='word_1_19' title='bbox 1563 597 1790 652; x_wconf 85' lang='lat' dir='ltr'>ecclesia</span> <span class='ocrx_word' id='word_1_20' title='bbox 1835 596 2096 663; x_wconf 88' lang='lat' dir='ltr'>sustinet,</span> 
     </span>
    </p>
   </div>
   <div class='ocr_carea' id='block_1_5' title="bbox 461 691 2095 767">
    <p class='ocr_par' dir='ltr' id='par_1_5' title="bbox 461 691 2095 767">
     <span class='ocr_line' id='line_1_5' title="bbox 461 691 2095 767; baseline -0.004 -17"><span class='ocrx_word' id='word_1_21' title='bbox 461 695 878 767; x_wconf 80' lang='lat' dir='ltr'>presbyterum,</span> <span class='ocrx_word' id='word_1_22' title='bbox 907 694 1008 746; x_wconf 88' lang='lat' dir='ltr'>aut</span> <span class='ocrx_word' id='word_1_23' title='bbox 1037 691 1360 757; x_wconf 85' lang='lat' dir='ltr'>diaconum,</span> <span class='ocrx_word' id='word_1_24' title='bbox 1391 693 1491 746; x_wconf 92' lang='lat' dir='ltr'>aut</span> <span class='ocrx_word' id='word_1_25' title='bbox 1516 691 1807 759; x_wconf 83' lang='lat' dir='ltr'>lectorem,</span> <span class='ocrx_word' id='word_1_26' title='bbox 1837 693 1938 745; x_wconf 89' lang='lat' dir='ltr'>aut</span> <span class='ocrx_word' id='word_1_27' title='bbox 1960 707 2095 744; x_wconf 88' lang='lat' dir='ltr'>can-</span> 
     </span>
    </p>
   </div>
   <div class='ocr_carea' id='block_1_6' title="bbox 464 783 2099 855">
    <p class='ocr_par' dir='ltr' id='par_1_6' title="bbox 464 783 2099 855">
     <span class='ocr_line' id='line_1_6' title="bbox 464 783 2099 855; baseline -0.004 -12"><span class='ocrx_word' id='word_1_28' title='bbox 464 791 647 843; x_wconf 94' lang='lat' dir='ltr'>torem</span> <span class='ocrx_word' id='word_1_29' title='bbox 674 784 820 840; x_wconf 92' lang='lat' dir='ltr'>mori</span> <span class='ocrx_word' id='word_1_30' title='bbox 833 784 980 839; x_wconf 92' lang='lat' dir='ltr'>conti</span> <span class='ocrx_word' id='word_1_31' title='bbox 988 785 1154 855; x_wconf 88' lang='lat' dir='ltr'>gerit,</span> <span class='ocrx_word' id='word_1_32' title='bbox 1175 801 1248 840; x_wconf 91' lang='lat' dir='ltr'>ne</span> <span class='ocrx_word' id='word_1_33' title='bbox 1267 784 1456 839; x_wconf 78' lang='lat' dir='ltr'>statim</span> <span class='ocrx_word' id='word_1_34' title='bbox 1480 784 1624 839; x_wconf 89' lang='lat' dir='ltr'>alius</span> <span class='ocrx_word' id='word_1_35' title='bbox 1645 784 1998 839; x_wconf 78' lang='lat' dir='ltr'>extrinsecus</span> <span class='ocrx_word' id='word_1_36' title='bbox 2016 783 2099 837; x_wconf 89' lang='lat' dir='ltr'>in-</span> 
     </span>
    </p>
   </div>
   <div class='ocr_carea' id='block_1_7' title="bbox 463 877 2097 949">
    <p class='ocr_par' dir='ltr' id='par_1_7' title="bbox 463 877 2097 949">
     <span class='ocr_line' id='line_1_7' title="bbox 463 877 2097 949; baseline -0.002 -14"><span class='ocrx_word' id='word_1_37' title='bbox 463 880 810 944; x_wconf 89' lang='lat' dir='ltr'>troducatur,</span> <span class='ocrx_word' id='word_1_38' title='bbox 839 879 937 932; x_wconf 90' lang='lat' dir='ltr'>sed</span> <span class='ocrx_word' id='word_1_39' title='bbox 964 878 1123 949; x_wconf 90' lang='lat' dir='ltr'>prius</span> <span class='ocrx_word' id='word_1_40' title='bbox 1157 879 1445 933; x_wconf 78' lang='lat' dir='ltr'>beatitudo</span> <span class='ocrx_word' id='word_1_41' title='bbox 1472 881 1572 932; x_wconf 91' lang='lat' dir='ltr'>tua</span> <span class='ocrx_word' id='word_1_42' title='bbox 1600 877 1888 949; x_wconf 83' lang='lat' dir='ltr'>despiciat,</span> <span class='ocrx_word' id='word_1_43' title='bbox 1922 893 2097 948; x_wconf 88' lang='lat' dir='ltr'>quam</span> 
     </span>
    </p>
   </div>
   <div class='ocr_carea' id='block_1_8' title="bbox 465 971 2094 1044">
    <p class='ocr_par' dir='ltr' id='par_1_8' title="bbox 465 971 2094 1044">
     <span class='ocr_line' id='line_1_8' title="bbox 465 971 2094 1044; baseline -0.002 -17"><span class='ocrx_word' id='word_1_44' title='bbox 465 989 706 1044; x_wconf 90' lang='lat' dir='ltr'>magnus</span> <span class='ocrx_word' id='word_1_45' title='bbox 725 971 914 1026; x_wconf 90' lang='lat' dir='ltr'>adhuc</span> <span class='ocrx_word' id='word_1_46' title='bbox 927 972 1338 1026; x_wconf 89' lang='lat' dir='ltr'>venerabilium</span> <span class='ocrx_word' id='word_1_47' title='bbox 1357 971 1693 1026; x_wconf 91' lang='lat' dir='ltr'>clericorum</span> <span class='ocrx_word' id='word_1_48' title='bbox 1713 971 1784 1024; x_wconf 92' lang='lat' dir='ltr'>sit</span> <span class='ocrx_word' id='word_1_49' title='bbox 1801 987 2094 1040; x_wconf 90' lang='lat' dir='ltr'>numerus,</span> 
     </span>
    </p>
   </div>
   <div class='ocr_carea' id='block_1_9' title="bbox 462 1064 2094 1139">
    <p class='ocr_par' dir='ltr' id='par_1_9' title="bbox 462 1064 2094 1139">
     <span class='ocr_line' id='line_1_9' title="bbox 462 1064 2094 1139; baseline -0.001 -19"><span class='ocrx_word' id='word_1_50' title='bbox 462 1066 562 1139; x_wconf 86' lang='lat' dir='ltr'>qui</span> <span class='ocrx_word' id='word_1_51' title='bbox 608 1065 720 1120; x_wconf 91' lang='lat' dir='ltr'>illic</span> <span class='ocrx_word' id='word_1_52' title='bbox 761 1065 1108 1120; x_wconf 82' lang='lat' dir='ltr'>ministrant.</span> <span class='ocrx_word' id='word_1_53' title='bbox 1137 1069 1214 1120; x_wconf 86' lang='lat' dir='ltr'>Ac</span> <span class='ocrx_word' id='word_1_54' title='bbox 1241 1065 1286 1120; x_wconf 90' lang='lat' dir='ltr'>si</span> <span class='ocrx_word' id='word_1_55' title='bbox 1310 1066 1562 1121; x_wconf 91' lang='lat' dir='ltr'>nondum</span> <span class='ocrx_word' id='word_1_56' title='bbox 1593 1065 1824 1137; x_wconf 84' lang='lat' dir='ltr'>quidem</span> <span class='ocrx_word' id='word_1_57' title='bbox 1859 1064 2094 1119; x_wconf 90' lang='lat' dir='ltr'>clerico-</span> 
     </span>
    </p>
   </div>
   <div class='ocr_carea' id='block_1_10' title="bbox 463 1158 2096 1230">
    <p class='ocr_par' dir='ltr' id='par_1_10' title="bbox 463 1158 2096 1230">
     <span class='ocr_line' id='line_1_10' title="bbox 463 1158 2096 1230; baseline -0.001 -16"><span class='ocrx_word' id='word_1_58' title='bbox 463 1175 594 1214; x_wconf 92' lang='lat' dir='ltr'>rum</span> <span class='ocrx_word' id='word_1_59' title='bbox 611 1176 886 1215; x_wconf 90' lang='lat' dir='ltr'>numerus</span> <span class='ocrx_word' id='word_1_60' title='bbox 902 1159 1227 1214; x_wconf 87' lang='lat' dir='ltr'>deminutus</span> <span class='ocrx_word' id='word_1_61' title='bbox 1240 1162 1344 1227; x_wconf 91' lang='lat' dir='ltr'>est,</span> <span class='ocrx_word' id='word_1_62' title='bbox 1359 1159 1456 1214; x_wconf 91' lang='lat' dir='ltr'>sed</span> <span class='ocrx_word' id='word_1_63' title='bbox 1483 1176 1596 1230; x_wconf 90' lang='lat' dir='ltr'>quo</span> <span class='ocrx_word' id='word_1_64' title='bbox 1610 1159 1681 1214; x_wconf 89' lang='lat' dir='ltr'>ad</span> <span class='ocrx_word' id='word_1_65' title='bbox 1701 1175 2005 1213; x_wconf 84' lang='lat' dir='ltr'>numerum</span> <span class='ocrx_word' id='word_1_66' title='bbox 2026 1158 2096 1212; x_wconf 90' lang='lat' dir='ltr'>ab</span> 
     </span>
    </p>
   </div>
   <div class='ocr_carea' id='block_1_11' title="bbox 463 1251 2096 1323">
    <p class='ocr_par' dir='ltr' id='par_1_11' title="bbox 463 1251 2096 1323">
     <span class='ocr_line' id='line_1_11' title="bbox 463 1251 2096 1323; baseline -0.001 -15"><span class='ocrx_word' id='word_1_67' title='bbox 463 1253 626 1308; x_wconf 92' lang='lat' dir='ltr'>initio</span> <span class='ocrx_word' id='word_1_68' title='bbox 675 1253 970 1308; x_wconf 79' lang='lat' dir='ltr'>deﬁnitum</span> <span class='ocrx_word' id='word_1_69' title='bbox 1024 1258 1080 1308; x_wconf 92' lang='lat' dir='ltr'>et</span> <span class='ocrx_word' id='word_1_70' title='bbox 1137 1255 1216 1318; x_wconf 87' lang='lat' dir='ltr'>(ut</span> <span class='ocrx_word' id='word_1_71' title='bbox 1251 1257 1468 1322; x_wconf 89' lang='lat' dir='ltr'>vocant)</span> <span class='ocrx_word' id='word_1_72' title='bbox 1519 1256 1816 1322; x_wconf 88' lang='lat' dir='ltr'>statutum,</span> <span class='ocrx_word' id='word_1_73' title='bbox 1866 1251 2096 1323; x_wconf 88' lang='lat' dir='ltr'>quidam</span> 
     </span>
    </p>
   </div>
   <div class='ocr_carea' id='block_1_12' title="bbox 463 1346 2098 1418">
    <p class='ocr_par' dir='ltr' id='par_1_12' title="bbox 463 1346 2098 1418">
     <span class='ocr_line' id='line_1_12' title="bbox 463 1346 2098 1418; baseline -0.002 -14"><span class='ocrx_word' id='word_1_74' title='bbox 463 1348 779 1404; x_wconf 90' lang='lat' dir='ltr'>etiamnum</span> <span class='ocrx_word' id='word_1_75' title='bbox 795 1349 1172 1418; x_wconf 88' lang='lat' dir='ltr'>superﬂuunt,</span> <span class='ocrx_word' id='word_1_76' title='bbox 1191 1363 1261 1401; x_wconf 88' lang='lat' dir='ltr'>ue</span> <span class='ocrx_word' id='word_1_77' title='bbox 1279 1347 1463 1418; x_wconf 82' lang='lat' dir='ltr'>quain</span> <span class='ocrx_word' id='word_1_78' title='bbox 1489 1347 1611 1417; x_wconf 83' lang='lat' dir='ltr'>ejus</span> <span class='ocrx_word' id='word_1_79' title='bbox 1631 1347 1816 1400; x_wconf 89' lang='lat' dir='ltr'>locum</span> <span class='ocrx_word' id='word_1_80' title='bbox 1843 1346 2098 1400; x_wconf 86' lang='lat' dir='ltr'>institua-</span> 
     </span>
    </p>
   </div>
   <div class='ocr_carea' id='block_1_13' title="bbox 463 1439 2096 1511">
    <p class='ocr_par' dir='ltr' id='par_1_13' title="bbox 463 1439 2096 1511">
     <span class='ocr_line' id='line_1_13' title="bbox 463 1439 2096 1511; baseline -0.002 -15"><span class='ocrx_word' id='word_1_81' title='bbox 463 1447 558 1497; x_wconf 87' lang='lat' dir='ltr'>tur</span> <span class='ocrx_word' id='word_1_82' title='bbox 581 1441 882 1510; x_wconf 82' lang='lat' dir='ltr'>ordinatio,</span> <span class='ocrx_word' id='word_1_83' title='bbox 910 1441 1086 1495; x_wconf 90' lang='lat' dir='ltr'>donec</span> <span class='ocrx_word' id='word_1_84' title='bbox 1113 1457 1388 1495; x_wconf 88' lang='lat' dir='ltr'>numerus</span> <span class='ocrx_word' id='word_1_85' title='bbox 1416 1440 1522 1494; x_wconf 88' lang='lat' dir='ltr'>sibi</span> <span class='ocrx_word' id='word_1_86' title='bbox 1549 1440 1653 1511; x_wconf 83' lang='lat' dir='ltr'>ipsi</span> <span class='ocrx_word' id='word_1_87' title='bbox 1673 1440 2018 1495; x_wconf 80' lang='lat' dir='ltr'>restituatur.</span> <span class='ocrx_word' id='word_1_88' title='bbox 2042 1439 2096 1494; x_wconf 90' lang='lat' dir='ltr'>Si</span> 
     </span>
    </p>
   </div>
   <div class='ocr_carea' id='block_1_14' title="bbox 463 1532 2096 1602">
    <p class='ocr_par' dir='ltr' id='par_1_14' title="bbox 463 1532 2096 1602">
     <span class='ocr_line' id='line_1_14' title="bbox 463 1532 2096 1602; baseline -0.001 -14"><span class='ocrx_word' id='word_1_89' title='bbox 463 1550 597 1590; x_wconf 91' lang='lat' dir='ltr'>vero</span> <span class='ocrx_word' id='word_1_90' title='bbox 612 1533 918 1588; x_wconf 88' lang='lat' dir='ltr'>multitudo</span> <span class='ocrx_word' id='word_1_91' title='bbox 936 1533 1013 1588; x_wconf 90' lang='lat' dir='ltr'>ita</span> <span class='ocrx_word' id='word_1_92' title='bbox 1029 1533 1319 1588; x_wconf 87' lang='lat' dir='ltr'>deminuta</span> <span class='ocrx_word' id='word_1_93' title='bbox 1345 1536 1448 1602; x_wconf 90' lang='lat' dir='ltr'>est,</span> <span class='ocrx_word' id='word_1_94' title='bbox 1471 1532 1612 1587; x_wconf 89' lang='lat' dir='ltr'>utin</span> <span class='ocrx_word' id='word_1_95' title='bbox 1638 1533 1888 1587; x_wconf 88' lang='lat' dir='ltr'>defuncti</span> <span class='ocrx_word' id='word_1_96' title='bbox 1907 1533 2096 1586; x_wconf 91' lang='lat' dir='ltr'>locum</span> 
     </span>
    </p>
   </div>
   <div class='ocr_carea' id='block_1_15' title="bbox 464 1626 2096 1698">
    <p class='ocr_par' dir='ltr' id='par_1_15' title="bbox 464 1626 2096 1698">
     <span class='ocr_line' id='line_1_15' title="bbox 464 1626 2096 1698; baseline -0.003 -15"><span class='ocrx_word' id='word_1_97' title='bbox 464 1627 640 1683; x_wconf 91' lang='lat' dir='ltr'>alium</span> <span class='ocrx_word' id='word_1_98' title='bbox 659 1627 926 1682; x_wconf 81' lang='lat' dir='ltr'>clericum</span> <span class='ocrx_word' id='word_1_99' title='bbox 953 1626 1233 1682; x_wconf 85' lang='lat' dir='ltr'>introduci</span> <span class='ocrx_word' id='word_1_100' title='bbox 1255 1643 1482 1682; x_wconf 89' lang='lat' dir='ltr'>necesse</span> <span class='ocrx_word' id='word_1_101' title='bbox 1511 1627 1602 1693; x_wconf 91' lang='lat' dir='ltr'>sit,</span> <span class='ocrx_word' id='word_1_102' title='bbox 1635 1643 1709 1680; x_wconf 92' lang='lat' dir='ltr'>ne</span> <span class='ocrx_word' id='word_1_103' title='bbox 1733 1626 1868 1698; x_wconf 88' lang='lat' dir='ltr'>quid</span> <span class='ocrx_word' id='word_1_104' title='bbox 1887 1629 2096 1680; x_wconf 86' lang='lat' dir='ltr'>statuto</span> 
     </span>
    </p>
   </div>
   <div class='ocr_carea' id='block_1_16' title="bbox 467 1719 2095 1791">
    <p class='ocr_par' dir='ltr' id='par_1_16' title="bbox 467 1719 2095 1791">
     <span class='ocr_line' id='line_1_16' title="bbox 467 1719 2095 1791; baseline -0.002 -15"><span class='ocrx_word' id='word_1_105' title='bbox 467 1721 630 1790; x_wconf 88' lang='lat' dir='ltr'>desit,</span> <span class='ocrx_word' id='word_1_106' title='bbox 664 1719 956 1776; x_wconf 82' lang='lat' dir='ltr'>beatitudo</span> <span class='ocrx_word' id='word_1_107' title='bbox 985 1726 1082 1775; x_wconf 89' lang='lat' dir='ltr'>tua</span> <span class='ocrx_word' id='word_1_108' title='bbox 1118 1720 1393 1791; x_wconf 87' lang='lat' dir='ltr'>dispiciat,</span> <span class='ocrx_word' id='word_1_109' title='bbox 1423 1737 1497 1775; x_wconf 89' lang='lat' dir='ltr'>an</span> <span class='ocrx_word' id='word_1_110' title='bbox 1523 1720 1660 1776; x_wconf 86' lang='lat' dir='ltr'>citra</span> <span class='ocrx_word' id='word_1_111' title='bbox 1687 1724 2095 1774; x_wconf 81' lang='lat' dir='ltr'>sacrosanctam</span> 
     </span>
    </p>
   </div>
   <div class='ocr_carea' id='block_1_17' title="bbox 1612 297 2688 356">
    <p class='ocr_par' dir='ltr' id='par_1_17' title="bbox 1612 297 2688 356">
     <span class='ocr_line' id='line_1_17' title="bbox 1612 297 2688 356; baseline -0.003 0"><span class='ocrx_word' id='word_1_112' title='bbox 1612 299 1864 356; x_wconf 68' lang='lat' dir='ltr'>SECULI</span> <span class='ocrx_word' id='word_1_113' title='bbox 1902 298 2094 356; x_wconf 81' lang='lat' dir='ltr'>SEXTI</span> <span class='ocrx_word' id='word_1_114' title='bbox 2131 297 2688 356; x_wconf 80' lang='lat' dir='ltr'>SUPPLEMENTUM.</span> 
     </span>
    </p>
   </div>
   <div class='ocr_carea' id='block_1_18' title="bbox 3725 298 3817 352">
    <p class='ocr_par' dir='ltr' id='par_1_18' title="bbox 3725 298 3817 352">
     <span class='ocr_line' id='line_1_18' title="bbox 3725 298 3817 352; baseline 0.022 -2"><span class='ocrx_word' id='word_1_115' title='bbox 3725 298 3817 352; x_wconf 70' lang='lat'>972</span> 
     </span>
    </p>
   </div>
   <div class='ocr_carea' id='block_1_19' title="bbox 2205 404 3824 479">
    <p class='ocr_par' dir='ltr' id='par_1_19' title="bbox 2205 404 3824 479">
     <span class='ocr_line' id='line_1_19' title="bbox 2205 404 3824 479; baseline -0.001 -17"><span class='ocrx_word' id='word_1_116' title='bbox 2205 411 2496 476; x_wconf 88' lang='lat' dir='ltr'>naturam,</span> <span class='ocrx_word' id='word_1_117' title='bbox 2513 422 2826 479; x_wconf 80' lang='lat' dir='ltr'>saxumque</span> <span class='ocrx_word' id='word_1_118' title='bbox 2847 405 3163 462; x_wconf 86' lang='lat' dir='ltr'>femineum</span> <span class='ocrx_word' id='word_1_119' title='bbox 3176 404 3526 462; x_wconf 88' lang='lat' dir='ltr'>contumelia</span> <span class='ocrx_word' id='word_1_120' title='bbox 3537 404 3824 460; x_wconf 76' lang='lat' dir='ltr'>amcienti-</span> 
     </span>
    </p>
   </div>
   <div class='ocr_carea' id='block_1_20' title="bbox 2197 499 3823 574">
    <p class='ocr_par' dir='ltr' id='par_1_20' title="bbox 2197 499 3823 574">
     <span class='ocr_line' id='line_1_20' title="bbox 2197 499 3823 574; baseline -0.002 -16"><span class='ocrx_word' id='word_1_121' title='bbox 2197 503 2322 570; x_wconf 90' lang='lat' dir='ltr'>bus,</span> <span class='ocrx_word' id='word_1_122' title='bbox 2342 501 2504 574; x_wconf 90' lang='lat' dir='ltr'>quasi</span> <span class='ocrx_word' id='word_1_123' title='bbox 2519 517 2635 558; x_wconf 91' lang='lat' dir='ltr'>non</span> <span class='ocrx_word' id='word_1_124' title='bbox 2649 504 2706 556; x_wconf 89' lang='lat' dir='ltr'>et</span> <span class='ocrx_word' id='word_1_125' title='bbox 2718 501 2838 574; x_wconf 89' lang='lat' dir='ltr'>ipse</span> <span class='ocrx_word' id='word_1_126' title='bbox 2855 519 2888 556; x_wconf 91' lang='lat' dir='ltr'>a</span> <span class='ocrx_word' id='word_1_127' title='bbox 2907 502 3028 556; x_wconf 92' lang='lat' dir='ltr'>Deo</span> <span class='ocrx_word' id='word_1_128' title='bbox 3045 504 3266 556; x_wconf 88' lang='lat' dir='ltr'>creatus</span> <span class='ocrx_word' id='word_1_129' title='bbox 3281 501 3373 568; x_wconf 90' lang='lat' dir='ltr'>sit,</span> <span class='ocrx_word' id='word_1_130' title='bbox 3389 503 3488 554; x_wconf 91' lang='lat' dir='ltr'>aut</span> <span class='ocrx_word' id='word_1_131' title='bbox 3513 499 3823 572; x_wconf 87' lang='lat' dir='ltr'>generatio-</span> 
     </span>
    </p>
   </div>
   <div class='ocr_carea' id='block_1_21' title="bbox 2197 593 3817 668">
    <p class='ocr_par' dir='ltr' id='par_1_21' title="bbox 2197 593 3817 668">
     <span class='ocr_line' id='line_1_21' title="bbox 2197 593 3817 668; baseline -0.001 -18"><span class='ocrx_word' id='word_1_132' title='bbox 2197 596 2256 651; x_wconf 90' lang='lat' dir='ltr'>ni</span> <span class='ocrx_word' id='word_1_133' title='bbox 2278 596 2494 668; x_wconf 89' lang='lat' dir='ltr'>aliquid</span> <span class='ocrx_word' id='word_1_134' title='bbox 2513 596 2791 663; x_wconf 87' lang='lat' dir='ltr'>conferat,</span> <span class='ocrx_word' id='word_1_135' title='bbox 2811 593 2912 650; x_wconf 91' lang='lat' dir='ltr'>sed</span> <span class='ocrx_word' id='word_1_136' title='bbox 2931 594 3094 667; x_wconf 89' lang='lat' dir='ltr'>quasi</span> <span class='ocrx_word' id='word_1_137' title='bbox 3125 594 3380 665; x_wconf 90' lang='lat' dir='ltr'>abjectus</span> <span class='ocrx_word' id='word_1_138' title='bbox 3400 597 3458 648; x_wconf 89' lang='lat' dir='ltr'>et</span> <span class='ocrx_word' id='word_1_139' title='bbox 3475 593 3817 664; x_wconf 89' lang='lat' dir='ltr'>ignominio-</span> 
     </span>
    </p>
   </div>
   <div class='ocr_carea' id='block_1_22' title="bbox 2197 687 3818 768">
    <p class='ocr_par' dir='ltr' id='par_1_22' title="bbox 2197 687 3818 768">
     <span class='ocr_line' id='line_1_22' title="bbox 2197 687 3818 768; baseline -0.001 -24"><span class='ocrx_word' id='word_1_140' title='bbox 2197 706 2291 744; x_wconf 90' lang='lat' dir='ltr'>sus</span> <span class='ocrx_word' id='word_1_141' title='bbox 2322 693 2479 744; x_wconf 84' lang='lat' dir='ltr'>extra</span> <span class='ocrx_word' id='word_1_142' title='bbox 2501 705 2738 745; x_wconf 90' lang='lat' dir='ltr'>omnem</span> <span class='ocrx_word' id='word_1_143' title='bbox 2772 688 3170 760; x_wconf 83' lang='lat' dir='ltr'>dignationem</span> <span class='ocrx_word' id='word_1_144' title='bbox 3209 704 3274 742; x_wconf 91' lang='lat' dir='ltr'>ac</span> <span class='ocrx_word' id='word_1_145' title='bbox 3305 687 3586 743; x_wconf 88' lang='lat' dir='ltr'>honorem</span> <span class='ocrx_word' id='word_1_146' title='bbox 3633 687 3818 768; x_wconf 83' lang='lat' dir='ltr'>haberi</span> 
     </span>
    </p>
   </div>
   <div class='ocr_carea' id='block_1_23' title="bbox 2196 781 3819 854">
    <p class='ocr_par' dir='ltr' id='par_1_23' title="bbox 2196 781 3819 854">
     <span class='ocr_line' id='line_1_23' title="bbox 2196 781 3819 854; baseline -0.002 -16"><span class='ocrx_word' id='word_1_147' title='bbox 2196 783 2423 838; x_wconf 88' lang='lat' dir='ltr'>debeat.</span> <span class='ocrx_word' id='word_1_148' title='bbox 2455 783 2753 839; x_wconf 91' lang='lat' dir='ltr'>Sancimus</span> <span class='ocrx_word' id='word_1_149' title='bbox 2783 781 2960 854; x_wconf 78' lang='lat' dir='ltr'>igitur</span> <span class='ocrx_word' id='word_1_150' title='bbox 2985 797 3087 854; x_wconf 89' lang='lat' dir='ltr'>per</span> <span class='ocrx_word' id='word_1_151' title='bbox 3105 782 3254 836; x_wconf 89' lang='lat' dir='ltr'>hanc</span> <span class='ocrx_word' id='word_1_152' title='bbox 3275 798 3494 836; x_wconf 86' lang='lat' dir='ltr'>sacram</span> <span class='ocrx_word' id='word_1_153' title='bbox 3522 782 3735 852; x_wconf 82' lang='lat' dir='ltr'>legem,</span> <span class='ocrx_word' id='word_1_154' title='bbox 3769 785 3819 835; x_wconf 90' lang='lat' dir='ltr'>ut</span> 
     </span>
    </p>
   </div>
   <div class='ocr_carea' id='block_1_24' title="bbox 2196 875 3818 948">
    <p class='ocr_par' dir='ltr' id='par_1_24' title="bbox 2196 875 3818 948">
     <span class='ocr_line' id='line_1_24' title="bbox 2196 875 3818 948; baseline -0.001 -17"><span class='ocrx_word' id='word_1_155' title='bbox 2196 881 2253 931; x_wconf 91' lang='lat' dir='ltr'>et</span> <span class='ocrx_word' id='word_1_156' title='bbox 2270 876 2423 948; x_wconf 90' lang='lat' dir='ltr'>apud</span> <span class='ocrx_word' id='word_1_157' title='bbox 2442 875 2743 932; x_wconf 83' lang='lat' dir='ltr'>Armenios</span> <span class='ocrx_word' id='word_1_158' title='bbox 2773 875 3073 932; x_wconf 87' lang='lat' dir='ltr'>occasione</span> <span class='ocrx_word' id='word_1_159' title='bbox 3094 875 3460 931; x_wconf 86' lang='lat' dir='ltr'>successionis</span> <span class='ocrx_word' id='word_1_160' title='bbox 3481 875 3818 930; x_wconf 85' lang='lat' dir='ltr'>feminarum</span> 
     </span>
    </p>
   </div>
   <div class='ocr_carea' id='block_1_25' title="bbox 2198 969 3825 1042">
    <p class='ocr_par' dir='ltr' id='par_1_25' title="bbox 2198 969 3825 1042">
     <span class='ocr_line' id='line_1_25' title="bbox 2198 969 3825 1042; baseline -0.002 -17"><span class='ocrx_word' id='word_1_161' title='bbox 2198 970 2402 1025; x_wconf 89' lang='lat' dir='ltr'>eadem</span> <span class='ocrx_word' id='word_1_162' title='bbox 2421 969 2730 1038; x_wconf 88' lang='lat' dir='ltr'>obtineant,</span> <span class='ocrx_word' id='word_1_163' title='bbox 2751 986 2879 1042; x_wconf 68' lang='lat' dir='ltr'>quas</span> <span class='ocrx_word' id='word_1_164' title='bbox 2897 969 3115 1041; x_wconf 90' lang='lat' dir='ltr'>etapud</span> <span class='ocrx_word' id='word_1_165' title='bbox 3130 987 3250 1038; x_wconf 89' lang='lat' dir='ltr'>nos,</span> <span class='ocrx_word' id='word_1_166' title='bbox 3265 986 3453 1040; x_wconf 88' lang='lat' dir='ltr'>neque</span> <span class='ocrx_word' id='word_1_167' title='bbox 3469 969 3578 1023; x_wconf 88' lang='lat' dir='ltr'>ulla</span> <span class='ocrx_word' id='word_1_168' title='bbox 3598 969 3825 1024; x_wconf 78' lang='lat' dir='ltr'>sitinter</span> 
     </span>
    </p>
   </div>
   <div class='ocr_carea' id='block_1_26' title="bbox 2197 1063 3824 1136">
    <p class='ocr_par' dir='ltr' id='par_1_26' title="bbox 2197 1063 3824 1136">
     <span class='ocr_line' id='line_1_26' title="bbox 2197 1063 3824 1136; baseline 0 -18"><span class='ocrx_word' id='word_1_169' title='bbox 2197 1081 2417 1119; x_wconf 90' lang='lat' dir='ltr'>marem</span> <span class='ocrx_word' id='word_1_170' title='bbox 2429 1067 2486 1119; x_wconf 92' lang='lat' dir='ltr'>et</span> <span class='ocrx_word' id='word_1_171' title='bbox 2497 1064 2772 1119; x_wconf 81' lang='lat' dir='ltr'>feminam</span> <span class='ocrx_word' id='word_1_172' title='bbox 2789 1063 3132 1131; x_wconf 79' lang='lat' dir='ltr'>differentia,</span> <span class='ocrx_word' id='word_1_173' title='bbox 3159 1063 3256 1119; x_wconf 87' lang='lat' dir='ltr'>sed</span> <span class='ocrx_word' id='word_1_174' title='bbox 3270 1080 3382 1136; x_wconf 88' lang='lat' dir='ltr'>qua</span> <span class='ocrx_word' id='word_1_175' title='bbox 3398 1063 3632 1136; x_wconf 87' lang='lat' dir='ltr'>quidem</span> <span class='ocrx_word' id='word_1_176' title='bbox 3642 1063 3824 1118; x_wconf 88' lang='lat' dir='ltr'>forma</span> 
     </span>
    </p>
   </div>
   <div class='ocr_carea' id='block_1_27' title="bbox 2197 1157 3826 1230">
    <p class='ocr_par' dir='ltr' id='par_1_27' title="bbox 2197 1157 3826 1230">
     <span class='ocr_line' id='line_1_27' title="bbox 2197 1157 3826 1230; baseline 0 -19"><span class='ocrx_word' id='word_1_177' title='bbox 2197 1157 2346 1212; x_wconf 90' lang='lat' dir='ltr'>inter</span> <span class='ocrx_word' id='word_1_178' title='bbox 2367 1164 2592 1214; x_wconf 90' lang='lat' dir='ltr'>nostros</span> <span class='ocrx_word' id='word_1_179' title='bbox 2611 1158 2986 1213; x_wconf 87' lang='lat' dir='ltr'>constitutum</span> <span class='ocrx_word' id='word_1_180' title='bbox 3012 1161 3118 1226; x_wconf 91' lang='lat' dir='ltr'>est,</span> <span class='ocrx_word' id='word_1_181' title='bbox 3141 1163 3204 1213; x_wconf 91' lang='lat' dir='ltr'>ut</span> <span class='ocrx_word' id='word_1_182' title='bbox 3228 1157 3586 1230; x_wconf 87' lang='lat' dir='ltr'>parentibus,</span> <span class='ocrx_word' id='word_1_183' title='bbox 3610 1157 3720 1212; x_wconf 92' lang='lat' dir='ltr'>hoc</span> <span class='ocrx_word' id='word_1_184' title='bbox 3745 1163 3826 1212; x_wconf 89' lang='lat' dir='ltr'>est</span> 
     </span>
    </p>
   </div>
   <div class='ocr_carea' id='block_1_28' title="bbox 2196 1251 3827 1324">
    <p class='ocr_par' dir='ltr' id='par_1_28' title="bbox 2196 1251 3827 1324">
     <span class='ocr_line' id='line_1_28' title="bbox 2196 1251 3827 1324; baseline 0.001 -18"><span class='ocrx_word' id='word_1_185' title='bbox 2196 1251 2367 1324; x_wconf 87' lang='lat' dir='ltr'>patri,</span> <span class='ocrx_word' id='word_1_186' title='bbox 2389 1252 2554 1320; x_wconf 91' lang='lat' dir='ltr'>mari,</span> <span class='ocrx_word' id='word_1_187' title='bbox 2570 1269 2695 1319; x_wconf 90' lang='lat' dir='ltr'>avo,</span> <span class='ocrx_word' id='word_1_188' title='bbox 2719 1252 2880 1319; x_wconf 63' lang='lat' dir='ltr'>aviae,</span> <span class='ocrx_word' id='word_1_189' title='bbox 2911 1251 3456 1322; x_wconf 90' lang='lat' dir='ltr'>remotioribusque,</span> <span class='ocrx_word' id='word_1_190' title='bbox 3479 1252 3620 1306; x_wconf 89' lang='lat' dir='ltr'>item</span> <span class='ocrx_word' id='word_1_191' title='bbox 3647 1255 3827 1323; x_wconf 85' lang='lat' dir='ltr'>poste-</span> 
     </span>
    </p>
   </div>
   <div class='ocr_carea' id='block_1_29' title="bbox 2195 1345 3823 1416">
    <p class='ocr_par' dir='ltr' id='par_1_29' title="bbox 2195 1345 3823 1416">
     <span class='ocr_line' id='line_1_29' title="bbox 2195 1345 3823 1416; baseline 0 -16"><span class='ocrx_word' id='word_1_192' title='bbox 2195 1346 2295 1414; x_wconf 89' lang='lat' dir='ltr'>ris,</span> <span class='ocrx_word' id='word_1_193' title='bbox 2318 1346 2425 1400; x_wconf 91' lang='lat' dir='ltr'>hoc</span> <span class='ocrx_word' id='word_1_194' title='bbox 2443 1351 2528 1400; x_wconf 90' lang='lat' dir='ltr'>est</span> <span class='ocrx_word' id='word_1_195' title='bbox 2547 1346 2686 1412; x_wconf 82' lang='lat' dir='ltr'>filio,</span> <span class='ocrx_word' id='word_1_196' title='bbox 2703 1345 2835 1399; x_wconf 60' lang='lat' dir='ltr'>tiliae</span> <span class='ocrx_word' id='word_1_197' title='bbox 2849 1345 3180 1413; x_wconf 89' lang='lat' dir='ltr'>succedant,</span> <span class='ocrx_word' id='word_1_198' title='bbox 3197 1345 3511 1400; x_wconf 88' lang='lat' dir='ltr'>etvicissim</span> <span class='ocrx_word' id='word_1_199' title='bbox 3527 1345 3662 1416; x_wconf 89' lang='lat' dir='ltr'>ipsis</span> <span class='ocrx_word' id='word_1_200' title='bbox 3685 1361 3823 1416; x_wconf 86' lang='lat' dir='ltr'>quo-</span> 
     </span>
    </p>
   </div>
   <div class='ocr_carea' id='block_1_30' title="bbox 2197 1439 3830 1512">
    <p class='ocr_par' dir='ltr' id='par_1_30' title="bbox 2197 1439 3830 1512">
     <span class='ocr_line' id='line_1_30' title="bbox 2197 1439 3830 1512; baseline -0.001 -18"><span class='ocrx_word' id='word_1_201' title='bbox 2197 1456 2308 1512; x_wconf 88' lang='lat' dir='ltr'>que</span> <span class='ocrx_word' id='word_1_202' title='bbox 2331 1439 2683 1507; x_wconf 87' lang='lat' dir='ltr'>succedatur,</span> <span class='ocrx_word' id='word_1_203' title='bbox 2709 1439 2787 1493; x_wconf 91' lang='lat' dir='ltr'>ita</span> <span class='ocrx_word' id='word_1_204' title='bbox 2807 1442 2866 1493; x_wconf 91' lang='lat' dir='ltr'>et</span> <span class='ocrx_word' id='word_1_205' title='bbox 2895 1439 3048 1510; x_wconf 89' lang='lat' dir='ltr'>apud</span> <span class='ocrx_word' id='word_1_206' title='bbox 3078 1439 3232 1511; x_wconf 89' lang='lat' dir='ltr'>ipsos</span> <span class='ocrx_word' id='word_1_207' title='bbox 3253 1439 3343 1507; x_wconf 89' lang='lat' dir='ltr'>sit,</span> <span class='ocrx_word' id='word_1_208' title='bbox 3362 1455 3552 1510; x_wconf 89' lang='lat' dir='ltr'>neque</span> <span class='ocrx_word' id='word_1_209' title='bbox 3574 1439 3830 1494; x_wconf 82' lang='lat' dir='ltr'>Armeni-</span> 
     </span>
    </p>
   </div>
   <div class='ocr_carea' id='block_1_31' title="bbox 2196 1532 3832 1604">
    <p class='ocr_par' dir='ltr' id='par_1_31' title="bbox 2196 1532 3832 1604">
     <span class='ocr_line' id='line_1_31' title="bbox 2196 1532 3832 1604; baseline 0 -16"><span class='ocrx_word' id='word_1_210' title='bbox 2196 1551 2276 1588; x_wconf 80' lang='lat' dir='ltr'>cae</span> <span class='ocrx_word' id='word_1_211' title='bbox 2295 1533 2450 1604; x_wconf 82' lang='lat' dir='ltr'>leges</span> <span class='ocrx_word' id='word_1_212' title='bbox 2468 1549 2501 1588; x_wconf 90' lang='lat' dir='ltr'>a</span> <span class='ocrx_word' id='word_1_213' title='bbox 2521 1533 2793 1588; x_wconf 84' lang='lat' dir='ltr'>Romanis</span> <span class='ocrx_word' id='word_1_214' title='bbox 2812 1532 3098 1587; x_wconf 74' lang='lat' dir='ltr'>differant.</span> <span class='ocrx_word' id='word_1_215' title='bbox 3133 1533 3275 1588; x_wconf 89' lang='lat' dir='ltr'>Nam</span> <span class='ocrx_word' id='word_1_216' title='bbox 3309 1533 3354 1586; x_wconf 89' lang='lat' dir='ltr'>si</span> <span class='ocrx_word' id='word_1_217' title='bbox 3385 1533 3455 1588; x_wconf 91' lang='lat' dir='ltr'>de</span> <span class='ocrx_word' id='word_1_218' title='bbox 3482 1537 3678 1588; x_wconf 89' lang='lat' dir='ltr'>nostra</span> <span class='ocrx_word' id='word_1_219' title='bbox 3703 1537 3832 1588; x_wconf 89' lang='lat' dir='ltr'>sunt</span> 
     </span>
    </p>
   </div>
   <div class='ocr_carea' id='block_1_32' title="bbox 2195 1626 3828 1698">
    <p class='ocr_par' dir='ltr' id='par_1_32' title="bbox 2195 1626 3828 1698">
     <span class='ocr_line' id='line_1_32' title="bbox 2195 1626 3828 1698; baseline 0.001 -17"><span class='ocrx_word' id='word_1_220' title='bbox 2195 1627 2506 1698; x_wconf 89' lang='lat' dir='ltr'>republica,</span> <span class='ocrx_word' id='word_1_221' title='bbox 2525 1626 2571 1681; x_wconf 89' lang='lat' dir='ltr'>si</span> <span class='ocrx_word' id='word_1_222' title='bbox 2593 1627 2846 1681; x_wconf 88' lang='lat' dir='ltr'>serviunt</span> <span class='ocrx_word' id='word_1_223' title='bbox 2861 1643 2927 1681; x_wconf 90' lang='lat' dir='ltr'>ex</span> <span class='ocrx_word' id='word_1_224' title='bbox 2948 1643 3114 1698; x_wconf 61' lang='lat' dir='ltr'>aequo</span> <span class='ocrx_word' id='word_1_225' title='bbox 3136 1626 3300 1681; x_wconf 88' lang='lat' dir='ltr'>nobis</span> <span class='ocrx_word' id='word_1_226' title='bbox 3315 1643 3442 1682; x_wconf 90' lang='lat' dir='ltr'>cum</span> <span class='ocrx_word' id='word_1_227' title='bbox 3457 1627 3679 1681; x_wconf 65' lang='lat' dir='ltr'>caeteris</span> <span class='ocrx_word' id='word_1_228' title='bbox 3693 1644 3828 1697; x_wconf 78' lang='lat' dir='ltr'>gen~</span> 
     </span>
    </p>
   </div>
   <div class='ocr_carea' id='block_1_33' title="bbox 2194 1719 3830 1792">
    <p class='ocr_par' dir='ltr' id='par_1_33' title="bbox 2194 1719 3830 1792">
     <span class='ocr_line' id='line_1_33' title="bbox 2194 1719 3830 1792; baseline 0 -18"><span class='ocrx_word' id='word_1_229' title='bbox 2194 1720 2364 1787; x_wconf 88' lang='lat' dir='ltr'>tibus,</span> <span class='ocrx_word' id='word_1_230' title='bbox 2394 1720 2441 1774; x_wconf 90' lang='lat' dir='ltr'>si</span> <span class='ocrx_word' id='word_1_231' title='bbox 2467 1720 2735 1774; x_wconf 90' lang='lat' dir='ltr'>omnibus</span> <span class='ocrx_word' id='word_1_232' title='bbox 2770 1719 2979 1775; x_wconf 86' lang='lat' dir='ltr'>nostris</span> <span class='ocrx_word' id='word_1_233' title='bbox 3003 1720 3392 1792; x_wconf 88' lang='lat' dir='ltr'>perfruuntur,</span> <span class='ocrx_word' id='word_1_234' title='bbox 3415 1719 3680 1792; x_wconf 88' lang='lat' dir='ltr'>nunquid</span> <span class='ocrx_word' id='word_1_235' title='bbox 3702 1721 3830 1775; x_wconf 73' lang='lat' dir='ltr'>solae</span> 
     </span>
    </p>
   </div>
   <div class='ocr_carea' id='block_1_34' title="bbox 463 1809 3830 1886">
    <p class='ocr_par' dir='ltr' id='par_1_34' title="bbox 463 1809 3830 1886">
     <span class='ocr_line' id='line_1_34' title="bbox 463 1809 3830 1886; baseline -0 -16"><span class='ocrx_word' id='word_1_236' title='bbox 463 1815 745 1886; x_wconf 86' lang='lat' dir='ltr'>majorem</span> <span class='ocrx_word' id='word_1_237' title='bbox 771 1815 1064 1868; x_wconf 85' lang='lat' dir='ltr'>ecclesiam</span> <span class='ocrx_word' id='word_1_238' title='bbox 1088 1814 1134 1884; x_wconf 88' lang='lat' dir='ltr'>ej</span> <span class='ocrx_word' id='word_1_239' title='bbox 1149 1814 1346 1867; x_wconf 89' lang='lat' dir='ltr'>usdcm</span> <span class='ocrx_word' id='word_1_240' title='bbox 1380 1814 1594 1869; x_wconf 89' lang='lat' dir='ltr'>ordinis</span> <span class='ocrx_word' id='word_1_241' title='bbox 1625 1813 1860 1868; x_wconf 85' lang='lat' dir='ltr'>clericus</span> <span class='ocrx_word' id='word_1_242' title='bbox 1887 1813 1945 1867; x_wconf 92' lang='lat' dir='ltr'>in</span> <span class='ocrx_word' id='word_1_243' title='bbox 1973 1812 2096 1866; x_wconf 88' lang='lat' dir='ltr'>aliis</span> <span class='ocrx_word' id='word_1_244' title='bbox 2117 1809 2172 1881; x_wconf 90' lang='lat' dir='ltr'><strong>B</strong></span> <span class='ocrx_word' id='word_1_245' title='bbox 2197 1814 2350 1886; x_wconf 92' lang='lat' dir='ltr'>apud</span> <span class='ocrx_word' id='word_1_246' title='bbox 2370 1813 2520 1885; x_wconf 91' lang='lat' dir='ltr'>ipsos</span> <span class='ocrx_word' id='word_1_247' title='bbox 2542 1813 2774 1869; x_wconf 68' lang='lat' dir='ltr'>feminas</span> <span class='ocrx_word' id='word_1_248' title='bbox 2797 1831 2829 1868; x_wconf 90' lang='lat' dir='ltr'>a</span> <span class='ocrx_word' id='word_1_249' title='bbox 2850 1813 3013 1869; x_wconf 89' lang='lat' dir='ltr'>nobis</span> <span class='ocrx_word' id='word_1_250' title='bbox 3040 1813 3372 1869; x_wconf 88' lang='lat' dir='ltr'>introducta</span> <span class='ocrx_word' id='word_1_251' title='bbox 3389 1815 3748 1886; x_wconf 84' lang='lat' dir='ltr'>expellentur</span> <span class='ocrx_word' id='word_1_252' title='bbox 3765 1832 3830 1869; x_wconf 72' lang='lat' dir='ltr'>a2-</span> 
     </span>
    </p>
   </div>
   <div class='ocr_carea' id='block_1_35' title="bbox 467 1906 2100 1978">
    <p class='ocr_par' dir='ltr' id='par_1_35' title="bbox 467 1906 2100 1978">
     <span class='ocr_line' id='line_1_35' title="bbox 467 1906 2100 1978; baseline -0.002 -12"><span class='ocrx_word' id='word_1_253' title='bbox 467 1907 712 1966; x_wconf 90' lang='lat' dir='ltr'>ecclesiis</span> <span class='ocrx_word' id='word_1_254' title='bbox 733 1907 1052 1963; x_wconf 83' lang='lat' dir='ltr'>inveniatur</span> <span class='ocrx_word' id='word_1_255' title='bbox 1073 1906 1415 1978; x_wconf 91' lang='lat' dir='ltr'>superﬂuus,</span> <span class='ocrx_word' id='word_1_256' title='bbox 1440 1913 1496 1964; x_wconf 88' lang='lat' dir='ltr'>et</span> <span class='ocrx_word' id='word_1_257' title='bbox 1514 1908 1718 1963; x_wconf 86' lang='lat' dir='ltr'>exinde</span> <span class='ocrx_word' id='word_1_258' title='bbox 1741 1907 1798 1962; x_wconf 92' lang='lat' dir='ltr'>in</span> <span class='ocrx_word' id='word_1_259' title='bbox 1815 1906 2100 1962; x_wconf 86' lang='lat' dir='ltr'>demortui</span> 
     </span>
    </p>
   </div>
   <div class='ocr_carea' id='block_1_36' title="bbox 465 2000 2100 2073">
    <p class='ocr_par' dir='ltr' id='par_1_36' title="bbox 465 2000 2100 2073">
     <span class='ocr_line' id='line_1_36' title="bbox 465 2000 2100 2073; baseline -0.002 -16"><span class='ocrx_word' id='word_1_260' title='bbox 465 2003 652 2057; x_wconf 92' lang='lat' dir='ltr'>locum</span> <span class='ocrx_word' id='word_1_261' title='bbox 677 2001 852 2056; x_wconf 87' lang='lat' dir='ltr'>alium</span> <span class='ocrx_word' id='word_1_262' title='bbox 883 2001 1158 2073; x_wconf 86' lang='lat' dir='ltr'>sublegat,</span> <span class='ocrx_word' id='word_1_263' title='bbox 1187 2017 1300 2056; x_wconf 91' lang='lat' dir='ltr'>non</span> <span class='ocrx_word' id='word_1_264' title='bbox 1325 2005 1516 2056; x_wconf 88' lang='lat' dir='ltr'>autem</span> <span class='ocrx_word' id='word_1_265' title='bbox 1559 2017 1766 2056; x_wconf 89' lang='lat' dir='ltr'>novam</span> <span class='ocrx_word' id='word_1_266' title='bbox 1801 2000 2100 2056; x_wconf 89' lang='lat' dir='ltr'>ordinatio-</span> 
     </span>
    </p>
   </div>
   <div class='ocr_carea' id='block_1_37' title="bbox 463 2095 2099 2166">
    <p class='ocr_par' dir='ltr' id='par_1_37' title="bbox 463 2095 2099 2166">
     <span class='ocr_line' id='line_1_37' title="bbox 463 2095 2099 2166; baseline -0.001 -16"><span class='ocrx_word' id='word_1_267' title='bbox 463 2112 594 2152; x_wconf 91' lang='lat' dir='ltr'>nem</span> <span class='ocrx_word' id='word_1_268' title='bbox 621 2095 884 2151; x_wconf 89' lang='lat' dir='ltr'>celebret.</span> <span class='ocrx_word' id='word_1_269' title='bbox 919 2096 996 2150; x_wconf 90' lang='lat' dir='ltr'>Eo</span> <span class='ocrx_word' id='word_1_270' title='bbox 1023 2095 1180 2150; x_wconf 91' lang='lat' dir='ltr'>enim</span> <span class='ocrx_word' id='word_1_271' title='bbox 1209 2099 1373 2166; x_wconf 91' lang='lat' dir='ltr'>pacto</span> <span class='ocrx_word' id='word_1_272' title='bbox 1411 2095 1457 2149; x_wconf 89' lang='lat' dir='ltr'>si</span> <span class='ocrx_word' id='word_1_273' title='bbox 1491 2095 1566 2164; x_wconf 92' lang='lat' dir='ltr'>id,</span> <span class='ocrx_word' id='word_1_274' title='bbox 1601 2095 1689 2149; x_wconf 91' lang='lat' dir='ltr'>cui</span> <span class='ocrx_word' id='word_1_275' title='bbox 1727 2095 1908 2164; x_wconf 91' lang='lat' dir='ltr'>deest,</span> <span class='ocrx_word' id='word_1_276' title='bbox 1936 2111 2004 2149; x_wconf 81' lang='lat' dir='ltr'>ex</span> <span class='ocrx_word' id='word_1_277' title='bbox 2034 2110 2099 2149; x_wconf 93' lang='lat' dir='ltr'>eo</span> 
     </span>
    </p>
   </div>
   <div class='ocr_carea' id='block_1_38' title="bbox 465 2189 2100 2262">
    <p class='ocr_par' dir='ltr' id='par_1_38' title="bbox 465 2189 2100 2262">
     <span class='ocr_line' id='line_1_38' title="bbox 465 2189 2100 2262; baseline -0.001 -17"><span class='ocrx_word' id='word_1_278' title='bbox 465 2190 815 2262; x_wconf 84' lang='lat' dir='ltr'>suppleatur,</span> <span class='ocrx_word' id='word_1_279' title='bbox 847 2189 939 2244; x_wconf 91' lang='lat' dir='ltr'>cui</span> <span class='ocrx_word' id='word_1_280' title='bbox 968 2189 1285 2260; x_wconf 91' lang='lat' dir='ltr'>superﬂuit,</span> <span class='ocrx_word' id='word_1_281' title='bbox 1315 2189 1458 2243; x_wconf 84' lang='lat' dir='ltr'>bella</span> <span class='ocrx_word' id='word_1_282' title='bbox 1491 2189 1751 2260; x_wconf 68' lang='lat' dir='ltr'>quaedam</span> <span class='ocrx_word' id='word_1_283' title='bbox 1778 2204 1962 2259; x_wconf 88' lang='lat' dir='ltr'>neque</span> <span class='ocrx_word' id='word_1_284' title='bbox 1987 2190 2100 2243; x_wconf 91' lang='lat' dir='ltr'>Deo</span> 
     </span>
    </p>
   </div>
   <div class='ocr_carea' id='block_1_39' title="bbox 464 2282 2097 2355">
    <p class='ocr_par' dir='ltr' id='par_1_39' title="bbox 464 2282 2097 2355">
     <span class='ocr_line' id='line_1_39' title="bbox 464 2282 2097 2355; baseline -0.002 -17"><span class='ocrx_word' id='word_1_285' title='bbox 464 2283 690 2355; x_wconf 88' lang='lat' dir='ltr'>ingrata</span> <span class='ocrx_word' id='word_1_286' title='bbox 713 2282 1185 2338; x_wconf 89' lang='lat' dir='ltr'>commensuratio</span> <span class='ocrx_word' id='word_1_287' title='bbox 1201 2282 1530 2354; x_wconf 88' lang='lat' dir='ltr'>imponetur</span> <span class='ocrx_word' id='word_1_288' title='bbox 1554 2282 1804 2353; x_wconf 87' lang='lat' dir='ltr'>negotio,</span> <span class='ocrx_word' id='word_1_289' title='bbox 1829 2287 1882 2337; x_wconf 91' lang='lat' dir='ltr'>et</span> <span class='ocrx_word' id='word_1_290' title='bbox 1910 2298 2097 2336; x_wconf 58' lang='lat' dir='ltr'>sacro-</span> 
     </span>
    </p>
   </div>
   <div class='ocr_carea' id='block_1_40' title="bbox 467 2375 2097 2448">
    <p class='ocr_par' dir='ltr' id='par_1_40' title="bbox 467 2375 2097 2448">
     <span class='ocr_line' id='line_1_40' title="bbox 467 2375 2097 2448; baseline -0.002 -16"><span class='ocrx_word' id='word_1_291' title='bbox 467 2381 657 2432; x_wconf 87' lang='lat' dir='ltr'>sancta</span> <span class='ocrx_word' id='word_1_292' title='bbox 673 2377 854 2447; x_wconf 89' lang='lat' dir='ltr'>major</span> <span class='ocrx_word' id='word_1_293' title='bbox 865 2377 1099 2431; x_wconf 85' lang='lat' dir='ltr'>ecclesia</span> <span class='ocrx_word' id='word_1_294' title='bbox 1121 2377 1392 2448; x_wconf 88' lang='lat' dir='ltr'>paulatim</span> <span class='ocrx_word' id='word_1_295' title='bbox 1413 2392 1526 2431; x_wconf 77' lang='lat' dir='ltr'>a-re</span> <span class='ocrx_word' id='word_1_296' title='bbox 1545 2375 1731 2430; x_wconf 90' lang='lat' dir='ltr'>alieno</span> <span class='ocrx_word' id='word_1_297' title='bbox 1745 2375 2097 2430; x_wconf 85' lang='lat' dir='ltr'>liberabitur.</span> 
     </span>
    </p>
   </div>
   <div class='ocr_carea' id='block_1_41' title="bbox 339 2469 2101 2546">
    <p class='ocr_par' dir='ltr' id='par_1_41' title="bbox 339 2469 2101 2546">
     <span class='ocr_line' id='line_1_41' title="bbox 339 2469 2101 2546; baseline -0.002 -20"><span class='ocrx_word' id='word_1_298' title='bbox 339 2524 359 2546; x_wconf 67' lang='grc'><strong><em>,</em></strong></span> <span class='ocrx_word' id='word_1_299' title='bbox 466 2469 692 2542; x_wconf 76' lang='lat' dir='ltr'>Alioqui</span> <span class='ocrx_word' id='word_1_300' title='bbox 718 2470 763 2523; x_wconf 89' lang='lat' dir='ltr'>si</span> <span class='ocrx_word' id='word_1_301' title='bbox 783 2470 858 2537; x_wconf 91' lang='lat' dir='ltr'>id,</span> <span class='ocrx_word' id='word_1_302' title='bbox 883 2470 1159 2537; x_wconf 87' lang='lat' dir='ltr'>cuideest,</span> <span class='ocrx_word' id='word_1_303' title='bbox 1175 2469 1492 2524; x_wconf 90' lang='lat' dir='ltr'>forensibus</span> <span class='ocrx_word' id='word_1_304' title='bbox 1506 2469 2101 2541; x_wconf 89' lang='lat' dir='ltr'>superinductiouibus</span> 
     </span>
    </p>
   </div>
   <div class='ocr_carea' id='block_1_42' title="bbox 467 2562 2097 2637">
    <p class='ocr_par' dir='ltr' id='par_1_42' title="bbox 467 2562 2097 2637">
     <span class='ocr_line' id='line_1_42' title="bbox 467 2562 2097 2637; baseline -0.002 -18"><span class='ocrx_word' id='word_1_305' title='bbox 467 2565 816 2637; x_wconf 84' lang='lat' dir='ltr'>suppleatur,</span> <span class='ocrx_word' id='word_1_306' title='bbox 841 2564 896 2618; x_wconf 92' lang='lat' dir='ltr'>id</span> <span class='ocrx_word' id='word_1_307' title='bbox 912 2580 1040 2618; x_wconf 78' lang='lat' dir='ltr'>vero</span> <span class='ocrx_word' id='word_1_308' title='bbox 1065 2563 1154 2618; x_wconf 92' lang='lat' dir='ltr'>cui</span> <span class='ocrx_word' id='word_1_309' title='bbox 1175 2563 1470 2636; x_wconf 85' lang='lat' dir='ltr'>superﬂuit</span> <span class='ocrx_word' id='word_1_310' title='bbox 1499 2580 1612 2618; x_wconf 92' lang='lat' dir='ltr'>non</span> <span class='ocrx_word' id='word_1_311' title='bbox 1633 2563 1944 2630; x_wconf 90' lang='lat' dir='ltr'>minuatur,</span> <span class='ocrx_word' id='word_1_312' title='bbox 1972 2562 2097 2617; x_wconf 69' lang='lat' dir='ltr'>lono</span> 
     </span>
    </p>
   </div>
   <div class='ocr_carea' id='block_1_43' title="bbox 468 2656 2101 2730">
    <p class='ocr_par' dir='ltr' id='par_1_43' title="bbox 468 2656 2101 2730">
     <span class='ocr_line' id='line_1_43' title="bbox 468 2656 2101 2730; baseline -0.001 -18"><span class='ocrx_word' id='word_1_313' title='bbox 468 2672 608 2730; x_wconf 88' lang='lat' dir='ltr'>gum</span> <span class='ocrx_word' id='word_1_314' title='bbox 642 2663 697 2712; x_wconf 90' lang='lat' dir='ltr'>et</span> <span class='ocrx_word' id='word_1_315' title='bbox 725 2656 1007 2712; x_wconf 76' lang='lat' dir='ltr'>infinitum</span> <span class='ocrx_word' id='word_1_316' title='bbox 1039 2657 1307 2729; x_wconf 91' lang='lat' dir='ltr'>temporis</span> <span class='ocrx_word' id='word_1_317' title='bbox 1339 2657 1581 2729; x_wconf 88' lang='lat' dir='ltr'>spatium</span> <span class='ocrx_word' id='word_1_318' title='bbox 1611 2657 1890 2726; x_wconf 86' lang='lat' dir='ltr'>decurret,</span> <span class='ocrx_word' id='word_1_319' title='bbox 1923 2657 2101 2711; x_wconf 91' lang='lat' dir='ltr'>donec</span> 
     </span>
    </p>
   </div>
   <div class='ocr_carea' id='block_1_44' title="bbox 467 2750 2098 2823">
    <p class='ocr_par' dir='ltr' id='par_1_44' title="bbox 467 2750 2098 2823">
     <span class='ocr_line' id='line_1_44' title="bbox 467 2750 2098 2823; baseline -0.001 -17"><span class='ocrx_word' id='word_1_320' title='bbox 467 2768 634 2807; x_wconf 88' lang='lat' dir='ltr'>omne</span> <span class='ocrx_word' id='word_1_321' title='bbox 661 2751 738 2820; x_wconf 89' lang='lat' dir='ltr'>id,</span> <span class='ocrx_word' id='word_1_322' title='bbox 761 2751 914 2823; x_wconf 89' lang='lat' dir='ltr'>quod</span> <span class='ocrx_word' id='word_1_323' title='bbox 938 2751 1208 2818; x_wconf 86' lang='lat' dir='ltr'>abundat,</span> <span class='ocrx_word' id='word_1_324' title='bbox 1239 2750 1622 2806; x_wconf 87' lang='lat' dir='ltr'>deminuatur.</span> <span class='ocrx_word' id='word_1_325' title='bbox 1641 2752 1758 2806; x_wconf 90' lang='lat' dir='ltr'>Tua</span> <span class='ocrx_word' id='word_1_326' title='bbox 1781 2750 2098 2822; x_wconf 83' lang='lat' dir='ltr'>igiturbea-</span> 
     </span>
    </p>
   </div>
   <div class='ocr_carea' id='block_1_45' title="bbox 464 2844 2100 2917">
    <p class='ocr_par' dir='ltr' id='par_1_45' title="bbox 464 2844 2100 2917">
     <span class='ocr_line' id='line_1_45' title="bbox 464 2844 2100 2917; baseline -0.001 -17"><span class='ocrx_word' id='word_1_327' title='bbox 464 2845 649 2900; x_wconf 90' lang='lat' dir='ltr'>titudo</span> <span class='ocrx_word' id='word_1_328' title='bbox 677 2861 742 2900; x_wconf 90' lang='lat' dir='ltr'>ea</span> <span class='ocrx_word' id='word_1_329' title='bbox 769 2861 898 2916; x_wconf 74' lang='lat' dir='ltr'>quae</span> <span class='ocrx_word' id='word_1_330' title='bbox 915 2844 1181 2900; x_wconf 87' lang='lat' dir='ltr'>decenter</span> <span class='ocrx_word' id='word_1_331' title='bbox 1192 2845 1356 2898; x_wconf 88' lang='lat' dir='ltr'>nobis</span> <span class='ocrx_word' id='word_1_332' title='bbox 1373 2848 1608 2917; x_wconf 88' lang='lat' dir='ltr'>propter</span> <span class='ocrx_word' id='word_1_333' title='bbox 1621 2849 2100 2899; x_wconf 83' lang='lat' dir='ltr'>sacrosanctarum</span> 
     </span>
    </p>
   </div>
   <div class='ocr_carea' id='block_1_46' title="bbox 468 2938 2100 3010">
    <p class='ocr_par' dir='ltr' id='par_1_46' title="bbox 468 2938 2100 3010">
     <span class='ocr_line' id='line_1_46' title="bbox 468 2938 2100 3010; baseline -0.001 -16"><span class='ocrx_word' id='word_1_334' title='bbox 468 2938 831 2994; x_wconf 85' lang='lat' dir='ltr'>ecclesiarum</span> <span class='ocrx_word' id='word_1_335' title='bbox 847 2938 1146 2993; x_wconf 80' lang='lat' dir='ltr'>utilitatem</span> <span class='ocrx_word' id='word_1_336' title='bbox 1169 2939 1524 3010; x_wconf 88' lang='lat' dir='ltr'>placuerunt,</span> <span class='ocrx_word' id='word_1_337' title='bbox 1545 2938 1767 2994; x_wconf 72' lang='lat' dir='ltr'>effectui</span> <span class='ocrx_word' id='word_1_338' title='bbox 1791 2945 1848 2994; x_wconf 89' lang='lat' dir='ltr'>et</span> <span class='ocrx_word' id='word_1_339' title='bbox 1866 2938 1967 2992; x_wconf 83' lang='lat' dir='ltr'>fini</span> <span class='ocrx_word' id='word_1_340' title='bbox 1989 2941 2100 2993; x_wconf 90' lang='lat' dir='ltr'>tra-</span> 
     </span>
    </p>
   </div>
   <div class='ocr_carea' id='block_1_47' title="bbox 467 3031 2098 3104">
    <p class='ocr_par' dir='ltr' id='par_1_47' title="bbox 467 3031 2098 3104">
     <span class='ocr_line' id='line_1_47' title="bbox 467 3031 2098 3104; baseline -0.001 -17"><span class='ocrx_word' id='word_1_341' title='bbox 467 3033 603 3087; x_wconf 85' lang='lat' dir='ltr'>dere</span> <span class='ocrx_word' id='word_1_342' title='bbox 618 3032 854 3086; x_wconf 87' lang='lat' dir='ltr'>studeat.</span> <span class='ocrx_word' id='word_1_343' title='bbox 876 3033 942 3085; x_wconf 85' lang='lat' dir='ltr'>Et</span> <span class='ocrx_word' id='word_1_344' title='bbox 961 3031 1003 3085; x_wconf 92' lang='lat' dir='ltr'>si</span> <span class='ocrx_word' id='word_1_345' title='bbox 1031 3032 1164 3104; x_wconf 89' lang='lat' dir='ltr'>quid</span> <span class='ocrx_word' id='word_1_346' title='bbox 1193 3033 1313 3086; x_wconf 67' lang='lat' dir='ltr'>haec</span> <span class='ocrx_word' id='word_1_347' title='bbox 1341 3037 1536 3086; x_wconf 86' lang='lat' dir='ltr'>contra</span> <span class='ocrx_word' id='word_1_348' title='bbox 1562 3033 1676 3100; x_wconf 77' lang='lat' dir='ltr'>fiat,</span> <span class='ocrx_word' id='word_1_349' title='bbox 1699 3032 1840 3086; x_wconf 90' lang='lat' dir='ltr'>scire</span> <span class='ocrx_word' id='word_1_350' title='bbox 1868 3047 2098 3086; x_wconf 88' lang='lat' dir='ltr'>necesse</span> 
     </span>
    </p>
   </div>
   <div class='ocr_carea' id='block_1_48' title="bbox 467 3123 2094 3197">
    <p class='ocr_par' dir='ltr' id='par_1_48' title="bbox 467 3123 2094 3197">
     <span class='ocr_line' id='line_1_48' title="bbox 467 3123 2094 3197; baseline 0 -17"><span class='ocrx_word' id='word_1_351' title='bbox 467 3129 568 3193; x_wconf 88' lang='lat' dir='ltr'>est,</span> <span class='ocrx_word' id='word_1_352' title='bbox 601 3139 733 3180; x_wconf 92' lang='lat' dir='ltr'>eum</span> <span class='ocrx_word' id='word_1_353' title='bbox 761 3123 857 3194; x_wconf 89' lang='lat' dir='ltr'>qui</span> <span class='ocrx_word' id='word_1_354' title='bbox 883 3129 1076 3178; x_wconf 82' lang='lat' dir='ltr'>contra</span> <span class='ocrx_word' id='word_1_355' title='bbox 1103 3125 1249 3179; x_wconf 88' lang='lat' dir='ltr'>hanc</span> <span class='ocrx_word' id='word_1_356' title='bbox 1282 3129 1532 3180; x_wconf 89' lang='lat' dir='ltr'>nostram</span> <span class='ocrx_word' id='word_1_357' title='bbox 1558 3126 1742 3197; x_wconf 81' lang='lat' dir='ltr'>legem</span> <span class='ocrx_word' id='word_1_358' title='bbox 1785 3125 2094 3180; x_wconf 85' lang='lat' dir='ltr'>ordinatio-</span> 
     </span>
    </p>
   </div>
   <div class='ocr_carea' id='block_1_49' title="bbox 2197 1907 3832 1979">
    <p class='ocr_par' dir='ltr' id='par_1_49' title="bbox 2197 1907 3832 1979">
     <span class='ocr_line' id='line_1_49' title="bbox 2197 1907 3832 1979; baseline 0 -17"><span class='ocrx_word' id='word_1_359' title='bbox 2197 1907 2531 1979; x_wconf 87' lang='lat' dir='ltr'>quabilitate</span> <span class='ocrx_word' id='word_1_360' title='bbox 2543 1907 2572 1962; x_wconf 87' lang='lat'><strong>?</strong></span> <span class='ocrx_word' id='word_1_361' title='bbox 2584 1907 2692 1962; x_wconf 90' lang='lat' dir='ltr'>Sed</span> <span class='ocrx_word' id='word_1_362' title='bbox 2705 1907 2762 1961; x_wconf 91' lang='lat' dir='ltr'>in</span> <span class='ocrx_word' id='word_1_363' title='bbox 2783 1907 2906 1979; x_wconf 90' lang='lat' dir='ltr'>pari</span> <span class='ocrx_word' id='word_1_364' title='bbox 2926 1907 3080 1979; x_wconf 91' lang='lat' dir='ltr'>apud</span> <span class='ocrx_word' id='word_1_365' title='bbox 3095 1924 3296 1961; x_wconf 91' lang='lat' dir='ltr'>omnes</span> <span class='ocrx_word' id='word_1_366' title='bbox 3308 1907 3710 1963; x_wconf 71' lang='lat' dir='ltr'>observatione</span> <span class='ocrx_word' id='word_1_367' title='bbox 3727 1908 3832 1962; x_wconf 87' lang='lat' dir='ltr'>sint</span> 
     </span>
    </p>
   </div>
   <div class='ocr_carea' id='block_1_50' title="bbox 2197 2000 3826 2072">
    <p class='ocr_par' dir='ltr' id='par_1_50' title="bbox 2197 2000 3826 2072">
     <span class='ocr_line' id='line_1_50' title="bbox 2197 2000 3826 2072; baseline 0 -16"><span class='ocrx_word' id='word_1_368' title='bbox 2197 2002 2353 2072; x_wconf 92' lang='lat' dir='ltr'>leges</span> <span class='ocrx_word' id='word_1_369' title='bbox 2375 2007 2604 2068; x_wconf 61' lang='lat' dir='ltr'>nostrae,</span> <span class='ocrx_word' id='word_1_370' title='bbox 2621 2001 2735 2056; x_wconf 86' lang='lat' dir='ltr'>sive</span> <span class='ocrx_word' id='word_1_371' title='bbox 2763 2017 2903 2072; x_wconf 86' lang='lat' dir='ltr'>quas</span> <span class='ocrx_word' id='word_1_372' title='bbox 2925 2017 2990 2055; x_wconf 86' lang='lat' dir='ltr'>ex</span> <span class='ocrx_word' id='word_1_373' title='bbox 3006 2006 3267 2056; x_wconf 91' lang='lat' dir='ltr'>veterum</span> <span class='ocrx_word' id='word_1_374' title='bbox 3291 2000 3450 2055; x_wconf 87' lang='lat' dir='ltr'>libris</span> <span class='ocrx_word' id='word_1_375' title='bbox 3475 2002 3826 2072; x_wconf 82' lang='lat' dir='ltr'>collegimus,</span> 
     </span>
    </p>
   </div>
   <div class='ocr_carea' id='block_1_51' title="bbox 2199 2094 3828 2166">
    <p class='ocr_par' dir='ltr' id='par_1_51' title="bbox 2199 2094 3828 2166">
     <span class='ocr_line' id='line_1_51' title="bbox 2199 2094 3828 2166; baseline 0 -17"><span class='ocrx_word' id='word_1_376' title='bbox 2199 2099 2257 2150; x_wconf 90' lang='lat' dir='ltr'>et</span> <span class='ocrx_word' id='word_1_377' title='bbox 2301 2095 2360 2149; x_wconf 90' lang='lat' dir='ltr'>in</span> <span class='ocrx_word' id='word_1_378' title='bbox 2401 2095 2611 2150; x_wconf 89' lang='lat' dir='ltr'>nostris</span> <span class='ocrx_word' id='word_1_379' title='bbox 2648 2094 3100 2150; x_wconf 88' lang='lat' dir='ltr'>lnstitutionibus</span> <span class='ocrx_word' id='word_1_380' title='bbox 3149 2101 3208 2150; x_wconf 91' lang='lat' dir='ltr'>et</span> <span class='ocrx_word' id='word_1_381' title='bbox 3260 2094 3501 2166; x_wconf 90' lang='lat' dir='ltr'>Digestis</span> <span class='ocrx_word' id='word_1_382' title='bbox 3544 2095 3828 2150; x_wconf 85' lang='lat' dir='ltr'>ordinavi-</span> 
     </span>
    </p>
   </div>
   <div class='ocr_carea' id='block_1_52' title="bbox 2199 2188 3830 2262">
    <p class='ocr_par' dir='ltr' id='par_1_52' title="bbox 2199 2188 3830 2262">
     <span class='ocr_line' id='line_1_52' title="bbox 2199 2188 3830 2262; baseline 0.001 -19"><span class='ocrx_word' id='word_1_383' title='bbox 2199 2205 2348 2258; x_wconf 90' lang='lat' dir='ltr'>mus,</span> <span class='ocrx_word' id='word_1_384' title='bbox 2374 2189 2488 2244; x_wconf 87' lang='lat' dir='ltr'>sive</span> <span class='ocrx_word' id='word_1_385' title='bbox 2516 2205 2646 2261; x_wconf 67' lang='lat' dir='ltr'>quae</span> <span class='ocrx_word' id='word_1_386' title='bbox 2678 2206 2743 2243; x_wconf 86' lang='lat' dir='ltr'>ex</span> <span class='ocrx_word' id='word_1_387' title='bbox 2775 2188 3145 2260; x_wconf 88' lang='lat' dir='ltr'>imperatoria</span> <span class='ocrx_word' id='word_1_388' title='bbox 3173 2190 3488 2256; x_wconf 89' lang='lat' dir='ltr'>sanctione,</span> <span class='ocrx_word' id='word_1_389' title='bbox 3521 2194 3642 2244; x_wconf 89' lang='lat' dir='ltr'>tam</span> <span class='ocrx_word' id='word_1_390' title='bbox 3680 2189 3830 2262; x_wconf 78' lang='lat' dir='ltr'>prio-</span> 
     </span>
    </p>
   </div>
   <div class='ocr_carea' id='block_1_53' title="bbox 2197 2282 3693 2354">
    <p class='ocr_par' dir='ltr' id='par_1_53' title="bbox 2197 2282 3693 2354">
     <span class='ocr_line' id='line_1_53' title="bbox 2197 2282 3693 2354; baseline -0.001 -16"><span class='ocrx_word' id='word_1_391' title='bbox 2197 2299 2329 2338; x_wconf 87' lang='lat' dir='ltr'>rum</span> <span class='ocrx_word' id='word_1_392' title='bbox 2361 2282 2689 2354; x_wconf 89' lang='lat' dir='ltr'>principum</span> <span class='ocrx_word' id='word_1_393' title='bbox 2723 2299 2898 2354; x_wconf 87' lang='lat' dir='ltr'>quam</span> <span class='ocrx_word' id='word_1_394' title='bbox 2936 2285 3151 2350; x_wconf 89' lang='lat' dir='ltr'>nostra,</span> <span class='ocrx_word' id='word_1_395' title='bbox 3184 2283 3514 2354; x_wconf 70' lang='lat' dir='ltr'>subscripta:</span> <span class='ocrx_word' id='word_1_396' title='bbox 3540 2286 3693 2338; x_wconf 89' lang='lat' dir='ltr'>sunt.</span> 
     </span>
    </p>
   </div>
   <div class='ocr_carea' id='block_1_54' title="bbox 2269 2375 3832 2448">
    <p class='ocr_par' dir='ltr' id='par_1_54' title="bbox 2269 2375 3832 2448">
     <span class='ocr_line' id='line_1_54' title="bbox 2269 2375 3832 2448; baseline 0.001 -18"><span class='ocrx_word' id='word_1_397' title='bbox 2269 2377 2626 2448; x_wconf 86' lang='lat' dir='ltr'>Quapropter</span> <span class='ocrx_word' id='word_1_398' title='bbox 2651 2375 2846 2431; x_wconf 87' lang='lat' dir='ltr'>omnia</span> <span class='ocrx_word' id='word_1_399' title='bbox 2869 2376 3012 2444; x_wconf 70' lang='lat' dir='ltr'>haec,</span> <span class='ocrx_word' id='word_1_400' title='bbox 3037 2393 3104 2430; x_wconf 88' lang='lat' dir='ltr'>ex</span> <span class='ocrx_word' id='word_1_401' title='bbox 3133 2375 3310 2431; x_wconf 87' lang='lat' dir='ltr'>initiis</span> <span class='ocrx_word' id='word_1_402' title='bbox 3336 2377 3638 2448; x_wconf 63' lang='lat' dir='ltr'>praesentis</span> <span class='ocrx_word' id='word_1_403' title='bbox 3669 2393 3832 2448; x_wconf 80' lang='lat' dir='ltr'>quar-</span> 
     </span>
    </p>
   </div>
   <div class='ocr_carea' id='block_1_55' title="bbox 2200 2470 3831 2542">
    <p class='ocr_par' dir='ltr' id='par_1_55' title="bbox 2200 2470 3831 2542">
     <span class='ocr_line' id='line_1_55' title="bbox 2200 2470 3831 2542; baseline 0.001 -18"><span class='ocrx_word' id='word_1_404' title='bbox 2200 2470 2516 2524; x_wconf 63' lang='lat' dir='ltr'>tadecima:</span> <span class='ocrx_word' id='word_1_405' title='bbox 2536 2470 2884 2538; x_wconf 89' lang='lat' dir='ltr'>indictionis,</span> <span class='ocrx_word' id='word_1_406' title='bbox 2907 2474 2965 2524; x_wconf 91' lang='lat' dir='ltr'>et</span> <span class='ocrx_word' id='word_1_407' title='bbox 2994 2470 3172 2542; x_wconf 87' lang='lat' dir='ltr'>ipsius</span> <span class='ocrx_word' id='word_1_408' title='bbox 3204 2487 3317 2542; x_wconf 87' lang='lat' dir='ltr'>qua</span> <span class='ocrx_word' id='word_1_409' title='bbox 3341 2470 3489 2525; x_wconf 88' lang='lat' dir='ltr'>hanc</span> <span class='ocrx_word' id='word_1_410' title='bbox 3522 2471 3831 2526; x_wconf 86' lang='lat' dir='ltr'>conscribi-</span> 
     </span>
    </p>
   </div>
   <div class='ocr_carea' id='block_1_56' title="bbox 2200 2563 3835 2636">
    <p class='ocr_par' dir='ltr' id='par_1_56' title="bbox 2200 2563 3835 2636">
     <span class='ocr_line' id='line_1_56' title="bbox 2200 2563 3835 2636; baseline 0.001 -18"><span class='ocrx_word' id='word_1_411' title='bbox 2200 2580 2325 2618; x_wconf 89' lang='lat' dir='ltr'>mus</span> <span class='ocrx_word' id='word_1_412' title='bbox 2349 2564 2563 2635; x_wconf 87' lang='lat' dir='ltr'>legem,</span> <span class='ocrx_word' id='word_1_413' title='bbox 2599 2567 2824 2636; x_wconf 88' lang='lat' dir='ltr'>sumpto</span> <span class='ocrx_word' id='word_1_414' title='bbox 2844 2563 3146 2636; x_wconf 90' lang='lat' dir='ltr'>principio,</span> <span class='ocrx_word' id='word_1_415' title='bbox 3170 2563 3227 2618; x_wconf 92' lang='lat' dir='ltr'>in</span> <span class='ocrx_word' id='word_1_416' title='bbox 3249 2581 3419 2619; x_wconf 90' lang='lat' dir='ltr'>omne</span> <span class='ocrx_word' id='word_1_417' title='bbox 3437 2581 3624 2619; x_wconf 57' lang='lat' dir='ltr'>aevum</span> <span class='ocrx_word' id='word_1_418' title='bbox 3645 2565 3835 2620; x_wconf 87' lang='lat' dir='ltr'>valere</span> 
     </span>
    </p>
   </div>
   <div class='ocr_carea' id='block_1_57' title="bbox 2199 2656 3832 2730">
    <p class='ocr_par' dir='ltr' id='par_1_57' title="bbox 2199 2656 3832 2730">
     <span class='ocr_line' id='line_1_57' title="bbox 2199 2656 3832 2730; baseline 0 -18"><span class='ocrx_word' id='word_1_419' title='bbox 2199 2657 2506 2712; x_wconf 84' lang='lat' dir='ltr'>sancimus.</span> <span class='ocrx_word' id='word_1_420' title='bbox 2531 2658 2736 2712; x_wconf 88' lang='lat' dir='ltr'>Vetera</span> <span class='ocrx_word' id='word_1_421' title='bbox 2766 2657 2922 2712; x_wconf 91' lang='lat' dir='ltr'>enim</span> <span class='ocrx_word' id='word_1_422' title='bbox 2952 2657 3225 2712; x_wconf 86' lang='lat' dir='ltr'>curiosius</span> <span class='ocrx_word' id='word_1_423' title='bbox 3260 2656 3616 2730; x_wconf 88' lang='lat' dir='ltr'>perquirere,</span> <span class='ocrx_word' id='word_1_424' title='bbox 3667 2665 3727 2713; x_wconf 89' lang='lat' dir='ltr'>et</span> <span class='ocrx_word' id='word_1_425' title='bbox 3762 2657 3832 2712; x_wconf 91' lang='lat' dir='ltr'>ad</span> 
     </span>
    </p>
   </div>
   <div class='ocr_carea' id='block_1_58' title="bbox 2196 2750 3832 2824">
    <p class='ocr_par' dir='ltr' id='par_1_58' title="bbox 2196 2750 3832 2824">
     <span class='ocr_line' id='line_1_58' title="bbox 2196 2750 3832 2824; baseline -0.001 -18"><span class='ocrx_word' id='word_1_426' title='bbox 2196 2751 2491 2823; x_wconf 62' lang='lat' dir='ltr'>prieterita</span> <span class='ocrx_word' id='word_1_427' title='bbox 2504 2750 2628 2822; x_wconf 90' lang='lat' dir='ltr'>jam</span> <span class='ocrx_word' id='word_1_428' title='bbox 2648 2755 2910 2823; x_wconf 86' lang='lat' dir='ltr'>tempora</span> <span class='ocrx_word' id='word_1_429' title='bbox 2935 2768 3250 2818; x_wconf 89' lang='lat' dir='ltr'>recurrere,</span> <span class='ocrx_word' id='word_1_430' title='bbox 3277 2751 3634 2807; x_wconf 87' lang='lat' dir='ltr'>confusionis</span> <span class='ocrx_word' id='word_1_431' title='bbox 3645 2751 3832 2824; x_wconf 76' lang='lat' dir='ltr'>potius</span> 
     </span>
    </p>
   </div>
   <div class='ocr_carea' id='block_1_59' title="bbox 2199 2844 3836 2917">
    <p class='ocr_par' dir='ltr' id='par_1_59' title="bbox 2199 2844 3836 2917">
     <span class='ocr_line' id='line_1_59' title="bbox 2199 2844 3836 2917; baseline 0 -18"><span class='ocrx_word' id='word_1_432' title='bbox 2199 2861 2374 2916; x_wconf 89' lang='lat' dir='ltr'>quam</span> <span class='ocrx_word' id='word_1_433' title='bbox 2408 2844 2779 2915; x_wconf 89' lang='lat' dir='ltr'>legislationis</span> <span class='ocrx_word' id='word_1_434' title='bbox 2809 2849 2914 2900; x_wconf 91' lang='lat' dir='ltr'>est.</span> <span class='ocrx_word' id='word_1_435' title='bbox 2949 2845 3060 2902; x_wconf 90' lang='lat' dir='ltr'>Sed</span> <span class='ocrx_word' id='word_1_436' title='bbox 3093 2847 3172 2916; x_wconf 87' lang='lat' dir='ltr'>(ut</span> <span class='ocrx_word' id='word_1_437' title='bbox 3193 2844 3463 2917; x_wconf 83' lang='lat' dir='ltr'>diximus)</span> <span class='ocrx_word' id='word_1_438' title='bbox 3487 2845 3608 2916; x_wconf 88' lang='lat' dir='ltr'>jam</span> <span class='ocrx_word' id='word_1_439' title='bbox 3644 2845 3781 2900; x_wconf 88' lang='lat' dir='ltr'>inde</span> <span class='ocrx_word' id='word_1_440' title='bbox 3805 2864 3836 2899; x_wconf 87' lang='lat' dir='ltr'>a</span> 
     </span>
    </p>
   </div>
   <div class='ocr_carea' id='block_1_60' title="bbox 2196 2938 3837 3011">
    <p class='ocr_par' dir='ltr' id='par_1_60' title="bbox 2196 2938 3837 3011">
     <span class='ocr_line' id='line_1_60' title="bbox 2196 2938 3837 3011; baseline 0.002 -19"><span class='ocrx_word' id='word_1_441' title='bbox 2196 2938 2555 3010; x_wconf 88' lang='lat' dir='ltr'>temporibus</span> <span class='ocrx_word' id='word_1_442' title='bbox 2590 2938 2891 3011; x_wconf 67' lang='lat' dir='ltr'>pressantis</span> <span class='ocrx_word' id='word_1_443' title='bbox 2919 2939 3381 3010; x_wconf 67' lang='lat' dir='ltr'>quartzedecima:</span> <span class='ocrx_word' id='word_1_444' title='bbox 3416 2938 3759 2995; x_wconf 89' lang='lat' dir='ltr'>indictionis</span> <span class='ocrx_word' id='word_1_445' title='bbox 3786 2947 3837 2995; x_wconf 89' lang='lat' dir='ltr'>et</span> 
     </span>
    </p>
   </div>
   <div class='ocr_carea' id='block_1_61' title="bbox 2197 3031 3838 3106">
    <p class='ocr_par' dir='ltr' id='par_1_61' title="bbox 2197 3031 3838 3106">
     <span class='ocr_line' id='line_1_61' title="bbox 2197 3031 3838 3106; baseline 0.001 -20"><span class='ocrx_word' id='word_1_446' title='bbox 2197 3031 2392 3104; x_wconf 89' lang='lat' dir='ltr'>ipsius,</span> <span class='ocrx_word' id='word_1_447' title='bbox 2421 3033 2480 3088; x_wconf 91' lang='lat' dir='ltr'>in</span> <span class='ocrx_word' id='word_1_448' title='bbox 2508 3049 2681 3088; x_wconf 91' lang='lat' dir='ltr'>omne</span> <span class='ocrx_word' id='word_1_449' title='bbox 2707 3033 2994 3104; x_wconf 88' lang='lat' dir='ltr'>reliquum</span> <span class='ocrx_word' id='word_1_450' title='bbox 3018 3038 3264 3106; x_wconf 89' lang='lat' dir='ltr'>tempus,</span> <span class='ocrx_word' id='word_1_451' title='bbox 3294 3033 3430 3106; x_wconf 66' lang='lat' dir='ltr'>ipsa:</span> <span class='ocrx_word' id='word_1_452' title='bbox 3453 3033 3700 3106; x_wconf 90' lang='lat' dir='ltr'>quidem</span> <span class='ocrx_word' id='word_1_453' title='bbox 3722 3051 3838 3089; x_wconf 85' lang='lat' dir='ltr'>suc-</span> 
     </span>
    </p>
   </div>
   <div class='ocr_carea' id='block_1_62' title="bbox 2198 3126 3835 3200">
    <p class='ocr_par' dir='ltr' id='par_1_62' title="bbox 2198 3126 3835 3200">
     <span class='ocr_line' id='line_1_62' title="bbox 2198 3126 3835 3200; baseline 0.001 -19"><span class='ocrx_word' id='word_1_454' title='bbox 2198 3127 2483 3182; x_wconf 90' lang='lat' dir='ltr'>cessiones</span> <span class='ocrx_word' id='word_1_455' title='bbox 2513 3126 2726 3182; x_wconf 88' lang='lat' dir='ltr'>similes</span> <span class='ocrx_word' id='word_1_456' title='bbox 2749 3131 2916 3182; x_wconf 90' lang='lat' dir='ltr'>sunto</span> <span class='ocrx_word' id='word_1_457' title='bbox 2948 3127 3016 3182; x_wconf 89' lang='lat' dir='ltr'>iis</span> <span class='ocrx_word' id='word_1_458' title='bbox 3046 3144 3174 3198; x_wconf 62' lang='lat' dir='ltr'>quas</span> <span class='ocrx_word' id='word_1_459' title='bbox 3203 3145 3542 3200; x_wconf 90' lang='lat' dir='ltr'>quacunque</span> <span class='ocrx_word' id='word_1_460' title='bbox 3565 3139 3648 3183; x_wconf 76' lang='lat' dir='ltr'>er</span> <span class='ocrx_word' id='word_1_461' title='bbox 3665 3145 3835 3182; x_wconf 84' lang='lat' dir='ltr'>causa</span> 
     </span>
    </p>
   </div>
   <div class='ocr_carea' id='block_1_63' title="bbox 467 3185 3836 3294">
    <p class='ocr_par' dir='ltr' id='par_1_63' title="bbox 467 3185 3836 3294">
     <span class='ocr_line' id='line_1_63' title="bbox 467 3185 3836 3294; baseline 0.001 -20"><span class='ocrx_word' id='word_1_462' title='bbox 467 3234 604 3274; x_wconf 90' lang='lat' dir='ltr'>nem</span> <span class='ocrx_word' id='word_1_463' title='bbox 631 3217 912 3288; x_wconf 89' lang='lat' dir='ltr'>suscipere</span> <span class='ocrx_word' id='word_1_464' title='bbox 941 3232 1113 3271; x_wconf 90' lang='lat' dir='ltr'>ausus</span> <span class='ocrx_word' id='word_1_465' title='bbox 1132 3218 1322 3287; x_wconf 85' lang='lat' dir='ltr'>fuerit,</span> <span class='ocrx_word' id='word_1_466' title='bbox 1351 3219 1503 3290; x_wconf 91' lang='lat' dir='ltr'>quod</span> <span class='ocrx_word' id='word_1_467' title='bbox 1533 3219 1744 3273; x_wconf 90' lang='lat' dir='ltr'>nullam</span> <span class='ocrx_word' id='word_1_468' title='bbox 1775 3219 2099 3274; x_wconf 83' lang='lat' dir='ltr'>exindeuti-</span> <span class='ocrx_word' id='word_1_469' title='bbox 2116 3185 2172 3260; x_wconf 69' lang='grc' dir='ltr'>Ο</span> <span class='ocrx_word' id='word_1_470' title='bbox 2195 3220 2269 3276; x_wconf 92' lang='lat' dir='ltr'>ad</span> <span class='ocrx_word' id='word_1_471' title='bbox 2289 3221 2706 3276; x_wconf 89' lang='lat' dir='ltr'>successionem</span> <span class='ocrx_word' id='word_1_472' title='bbox 2733 3221 3044 3293; x_wconf 89' lang='lat' dir='ltr'>pertinent,</span> <span class='ocrx_word' id='word_1_473' title='bbox 3073 3222 3374 3294; x_wconf 71' lang='lat' dir='ltr'>aequaliter</span> <span class='ocrx_word' id='word_1_474' title='bbox 3391 3227 3507 3277; x_wconf 86' lang='lat' dir='ltr'>tam</span> <span class='ocrx_word' id='word_1_475' title='bbox 3538 3223 3698 3277; x_wconf 85' lang='lat' dir='ltr'>inter</span> <span class='ocrx_word' id='word_1_476' title='bbox 3716 3239 3836 3276; x_wconf 89' lang='lat' dir='ltr'>mu-</span> 
     </span>
    </p>
   </div>
   <div class='ocr_carea' id='block_1_64' title="bbox 465 3310 2098 3383">
    <p class='ocr_par' dir='ltr' id='par_1_64' title="bbox 465 3310 2098 3383">
     <span class='ocr_line' id='line_1_64' title="bbox 465 3310 2098 3383; baseline 0 -15"><span class='ocrx_word' id='word_1_477' title='bbox 465 3313 678 3368; x_wconf 88' lang='lat' dir='ltr'>litatem</span> <span class='ocrx_word' id='word_1_478' title='bbox 701 3310 950 3380; x_wconf 84' lang='lat' dir='ltr'>habebit,</span> <span class='ocrx_word' id='word_1_479' title='bbox 982 3327 1164 3383; x_wconf 87' lang='lat' dir='ltr'>neque</span> <span class='ocrx_word' id='word_1_480' title='bbox 1179 3312 1523 3367; x_wconf 79' lang='lat' dir='ltr'>venerabiles</span> <span class='ocrx_word' id='word_1_481' title='bbox 1539 3313 1818 3368; x_wconf 79' lang='lat' dir='ltr'>ceconomi</span> <span class='ocrx_word' id='word_1_482' title='bbox 1849 3331 1971 3368; x_wconf 87' lang='lat' dir='ltr'>eam</span> <span class='ocrx_word' id='word_1_483' title='bbox 1992 3314 2098 3368; x_wconf 90' lang='lat' dir='ltr'>im-</span> 
     </span>
    </p>
   </div>
   <div class='ocr_carea' id='block_1_65' title="bbox 2195 3315 3835 3386">
    <p class='ocr_par' dir='ltr' id='par_1_65' title="bbox 2195 3315 3835 3386">
     <span class='ocr_line' id='line_1_65' title="bbox 2195 3315 3835 3386; baseline 0.001 -17"><span class='ocrx_word' id='word_1_484' title='bbox 2195 3315 2360 3370; x_wconf 91' lang='lat' dir='ltr'>lieres</span> <span class='ocrx_word' id='word_1_485' title='bbox 2373 3332 2545 3386; x_wconf 89' lang='lat' dir='ltr'>quam</span> <span class='ocrx_word' id='word_1_486' title='bbox 2567 3315 2741 3370; x_wconf 89' lang='lat' dir='ltr'>etiam</span> <span class='ocrx_word' id='word_1_487' title='bbox 2768 3316 2917 3371; x_wconf 90' lang='lat' dir='ltr'>viros</span> <span class='ocrx_word' id='word_1_488' title='bbox 2943 3315 3011 3370; x_wconf 92' lang='lat' dir='ltr'>de</span> <span class='ocrx_word' id='word_1_489' title='bbox 3029 3319 3235 3371; x_wconf 71' lang='lat' dir='ltr'>caetero</span> <span class='ocrx_word' id='word_1_490' title='bbox 3252 3315 3642 3371; x_wconf 83' lang='lat' dir='ltr'>observandis.</span> <span class='ocrx_word' id='word_1_491' title='bbox 3671 3316 3835 3380; x_wconf 86' lang='lat' dir='ltr'>Quod</span> 
     </span>
    </p>
   </div>
   <div class='ocr_carea' id='block_1_66' title="bbox 462 3404 3838 3481">
    <p class='ocr_par' dir='ltr' id='par_1_66' title="bbox 462 3404 3838 3481">
     <span class='ocr_line' id='line_1_66' title="bbox 462 3404 3838 3481; baseline 0 -19"><span class='ocrx_word' id='word_1_492' title='bbox 462 3423 720 3480; x_wconf 83' lang='lat' dir='ltr'>pensam,</span> <span class='ocrx_word' id='word_1_493' title='bbox 748 3421 877 3478; x_wconf 71' lang='lat' dir='ltr'>quas</span> <span class='ocrx_word' id='word_1_494' title='bbox 907 3404 966 3459; x_wconf 92' lang='lat' dir='ltr'>in</span> <span class='ocrx_word' id='word_1_495' title='bbox 996 3405 1142 3460; x_wconf 88' lang='lat' dir='ltr'>hanc</span> <span class='ocrx_word' id='word_1_496' title='bbox 1188 3411 1404 3478; x_wconf 86' lang='lat' dir='ltr'>partem</span> <span class='ocrx_word' id='word_1_497' title='bbox 1435 3407 1516 3472; x_wconf 83' lang='lat' dir='ltr'>fit,</span> <span class='ocrx_word' id='word_1_498' title='bbox 1559 3407 1617 3460; x_wconf 90' lang='lat' dir='ltr'>in</span> <span class='ocrx_word' id='word_1_499' title='bbox 1649 3407 1892 3462; x_wconf 87' lang='lat' dir='ltr'>rationes</span> <span class='ocrx_word' id='word_1_500' title='bbox 1918 3425 2097 3462; x_wconf 89' lang='lat' dir='ltr'>sacro-</span> <span class='ocrx_word' id='word_1_501' title='bbox 2194 3425 2328 3464; x_wconf 90' lang='lat' dir='ltr'>vero</span> <span class='ocrx_word' id='word_1_502' title='bbox 2351 3409 2476 3480; x_wconf 89' lang='lat' dir='ltr'>jam</span> <span class='ocrx_word' id='word_1_503' title='bbox 2509 3412 2642 3464; x_wconf 90' lang='lat' dir='ltr'>ante</span> <span class='ocrx_word' id='word_1_504' title='bbox 2664 3410 2894 3477; x_wconf 86' lang='lat' dir='ltr'>exstitit,</span> <span class='ocrx_word' id='word_1_505' title='bbox 2925 3409 2982 3464; x_wconf 90' lang='lat' dir='ltr'>id</span> <span class='ocrx_word' id='word_1_506' title='bbox 2999 3409 3325 3465; x_wconf 87' lang='lat' dir='ltr'>universum</span> <span class='ocrx_word' id='word_1_507' title='bbox 3348 3408 3404 3464; x_wconf 90' lang='lat' dir='ltr'>in</span> <span class='ocrx_word' id='word_1_508' title='bbox 3435 3409 3630 3481; x_wconf 89' lang='lat' dir='ltr'>priore</span> <span class='ocrx_word' id='word_1_509' title='bbox 3646 3411 3838 3464; x_wconf 86' lang='lat' dir='ltr'>forma</span> 
     </span>
    </p>
   </div>
   <div class='ocr_carea' id='block_1_67' title="bbox 465 3498 3837 3574">
    <p class='ocr_par' dir='ltr' id='par_1_67' title="bbox 465 3498 3837 3574">
     <span class='ocr_line' id='line_1_67' title="bbox 465 3498 3837 3574; baseline 0 -18"><span class='ocrx_word' id='word_1_510' title='bbox 465 3507 672 3556; x_wconf 77' lang='lat' dir='ltr'>sanctae</span> <span class='ocrx_word' id='word_1_511' title='bbox 705 3498 936 3570; x_wconf 85' lang='lat' dir='ltr'>majoris</span> <span class='ocrx_word' id='word_1_512' title='bbox 963 3498 1211 3553; x_wconf 69' lang='lat' dir='ltr'>ecclesia:</span> <span class='ocrx_word' id='word_1_513' title='bbox 1239 3500 1508 3567; x_wconf 83' lang='lat' dir='ltr'>referent,</span> <span class='ocrx_word' id='word_1_514' title='bbox 1544 3500 1640 3554; x_wconf 91' lang='lat' dir='ltr'>sed</span> <span class='ocrx_word' id='word_1_515' title='bbox 1668 3501 1940 3555; x_wconf 81' lang='lat' dir='ltr'>damnum</span> <span class='ocrx_word' id='word_1_516' title='bbox 1964 3501 2095 3557; x_wconf 85' lang='lat' dir='ltr'>inde</span> <span class='ocrx_word' id='word_1_517' title='bbox 2193 3519 2432 3558; x_wconf 86' lang='lat' dir='ltr'>manere</span> <span class='ocrx_word' id='word_1_518' title='bbox 2464 3503 2724 3572; x_wconf 89' lang='lat' dir='ltr'>sinimus,</span> <span class='ocrx_word' id='word_1_519' title='bbox 2755 3503 2870 3558; x_wconf 92' lang='lat' dir='ltr'>sive</span> <span class='ocrx_word' id='word_1_520' title='bbox 2904 3503 2963 3558; x_wconf 91' lang='lat' dir='ltr'>in</span> <span class='ocrx_word' id='word_1_521' title='bbox 2993 3503 3062 3558; x_wconf 90' lang='lat' dir='ltr'>iis</span> <span class='ocrx_word' id='word_1_522' title='bbox 3092 3504 3306 3558; x_wconf 88' lang='lat' dir='ltr'>factum</span> <span class='ocrx_word' id='word_1_523' title='bbox 3334 3507 3420 3558; x_wconf 90' lang='lat' dir='ltr'>est</span> <span class='ocrx_word' id='word_1_524' title='bbox 3445 3504 3680 3574; x_wconf 66' lang='lat' dir='ltr'>praediis</span> <span class='ocrx_word' id='word_1_525' title='bbox 3706 3520 3837 3574; x_wconf 70' lang='lat' dir='ltr'>quas</span> 
     </span>
    </p>
   </div>
   <div class='ocr_carea' id='block_1_68' title="bbox 465 3591 3838 3669">
    <p class='ocr_par' dir='ltr' id='par_1_68' title="bbox 465 3591 3838 3669">
     <span class='ocr_line' id='line_1_68' title="bbox 465 3591 3838 3669; baseline 0.001 -20"><span class='ocrx_word' id='word_1_526' title='bbox 465 3609 763 3664; x_wconf 83' lang='lat' dir='ltr'>emergens</span> <span class='ocrx_word' id='word_1_527' title='bbox 783 3591 888 3662; x_wconf 84' lang='lat' dir='ltr'>ipsi</span> <span class='ocrx_word' id='word_1_528' title='bbox 917 3597 1247 3662; x_wconf 84' lang='lat' dir='ltr'>agnoscent,</span> <span class='ocrx_word' id='word_1_529' title='bbox 1271 3609 1374 3663; x_wconf 88' lang='lat' dir='ltr'>per</span> <span class='ocrx_word' id='word_1_530' title='bbox 1393 3594 1720 3664; x_wconf 87' lang='lat' dir='ltr'>semetipsos</span> <span class='ocrx_word' id='word_1_531' title='bbox 1747 3594 1897 3648; x_wconf 88' lang='lat' dir='ltr'>hunc</span> <span class='ocrx_word' id='word_1_532' title='bbox 1913 3609 2097 3649; x_wconf 90' lang='lat' dir='ltr'>socor-</span> <span class='ocrx_word' id='word_1_533' title='bbox 2193 3597 2461 3669; x_wconf 89' lang='lat' dir='ltr'>princeps</span> <span class='ocrx_word' id='word_1_534' title='bbox 2492 3597 2628 3652; x_wconf 93' lang='lat' dir='ltr'>olim</span> <span class='ocrx_word' id='word_1_535' title='bbox 2663 3597 2893 3669; x_wconf 89' lang='lat' dir='ltr'>generis</span> <span class='ocrx_word' id='word_1_536' title='bbox 2922 3597 3154 3652; x_wconf 79' lang='lat' dir='ltr'>familiae</span> <span class='ocrx_word' id='word_1_537' title='bbox 3188 3613 3303 3652; x_wconf 66' lang='lat' dir='ltr'>suae</span> <span class='ocrx_word' id='word_1_538' title='bbox 3353 3597 3680 3669; x_wconf 85' lang='lat' dir='ltr'>adscripsit,</span> <span class='ocrx_word' id='word_1_539' title='bbox 3723 3599 3838 3652; x_wconf 88' lang='lat' dir='ltr'>sive</span> 
     </span>
    </p>
   </div>
   <div class='ocr_carea' id='block_1_69' title="bbox 465 3684 3842 3760">
    <p class='ocr_par' dir='ltr' id='par_1_69' title="bbox 465 3684 3842 3760">
     <span class='ocr_line' id='line_1_69' title="bbox 465 3684 3842 3760; baseline 0.001 -18"><span class='ocrx_word' id='word_1_540' title='bbox 465 3686 574 3742; x_wconf 68' lang='lat' dir='ltr'>dias</span> <span class='ocrx_word' id='word_1_541' title='bbox 599 3701 717 3740; x_wconf 63' lang='lat' dir='ltr'>sua:</span> <span class='ocrx_word' id='word_1_542' title='bbox 746 3685 994 3740; x_wconf 89' lang='lat' dir='ltr'>fructum</span> <span class='ocrx_word' id='word_1_543' title='bbox 1021 3684 1387 3756; x_wconf 84' lang='lat' dir='ltr'>&#39;recipientes.</span> <span class='ocrx_word' id='word_1_544' title='bbox 1447 3687 1570 3742; x_wconf 86' lang='lat' dir='ltr'>Dat.</span> <span class='ocrx_word' id='word_1_545' title='bbox 1611 3686 1799 3740; x_wconf 89' lang='lat' dir='ltr'>Idibus</span> <span class='ocrx_word' id='word_1_546' title='bbox 1831 3688 2092 3760; x_wconf 85' lang='lat' dir='ltr'>Augusti,</span> <span class='ocrx_word' id='word_1_547' title='bbox 2193 3689 2252 3745; x_wconf 90' lang='lat' dir='ltr'>in</span> <span class='ocrx_word' id='word_1_548' title='bbox 2285 3691 2408 3745; x_wconf 91' lang='lat' dir='ltr'>aliis</span> <span class='ocrx_word' id='word_1_549' title='bbox 2439 3692 2655 3746; x_wconf 92' lang='lat' dir='ltr'>nullam</span> <span class='ocrx_word' id='word_1_550' title='bbox 2681 3690 3024 3746; x_wconf 87' lang='lat' dir='ltr'>habentibus</span> <span class='ocrx_word' id='word_1_551' title='bbox 3063 3691 3538 3746; x_wconf 91' lang='lat' dir='ltr'>communionem</span> <span class='ocrx_word' id='word_1_552' title='bbox 3568 3691 3842 3746; x_wconf 87' lang='lat' dir='ltr'>femineis</span> 
     </span>
    </p>
   </div>
   <div class='ocr_carea' id='block_1_70' title="bbox 466 3778 2091 3850">
    <p class='ocr_par' dir='ltr' id='par_1_70' title="bbox 466 3778 2091 3850">
     <span class='ocr_line' id='line_1_70' title="bbox 466 3778 2091 3850; baseline 0.001 -15"><span class='ocrx_word' id='word_1_553' title='bbox 466 3778 897 3850; x_wconf 88' lang='lat' dir='ltr'>Constantinop.</span> <span class='ocrx_word' id='word_1_554' title='bbox 926 3785 1052 3849; x_wconf 90' lang='lat' dir='ltr'>post</span> <span class='ocrx_word' id='word_1_555' title='bbox 1087 3780 1444 3834; x_wconf 88' lang='lat' dir='ltr'>consulatum</span> <span class='ocrx_word' id='word_1_556' title='bbox 1493 3780 1743 3834; x_wconf 85' lang='lat' dir='ltr'>Belisarii</span> <span class='ocrx_word' id='word_1_557' title='bbox 1779 3797 1833 3836; x_wconf 92' lang='lat' dir='ltr'>v.</span> <span class='ocrx_word' id='word_1_558' title='bbox 1871 3799 1921 3836; x_wconf 93' lang='lat' dir='ltr'>c.</span> <span class='ocrx_word' id='word_1_559' title='bbox 1969 3782 2091 3837; x_wconf 85' lang='lat' dir='ltr'>Dat.</span> 
     </span>
    </p>
   </div>
   <div class='ocr_carea' id='block_1_71' title="bbox 467 3872 1918 3943">
    <p class='ocr_par' dir='ltr' id='par_1_71' title="bbox 467 3872 1918 3943">
     <span class='ocr_line' id='line_1_71' title="bbox 467 3872 1918 3943; baseline 0.001 -15"><span class='ocrx_word' id='word_1_560' title='bbox 467 3887 581 3928; x_wconf 84' lang='lat' dir='ltr'>xvn</span> <span class='ocrx_word' id='word_1_561' title='bbox 608 3873 726 3927; x_wconf 86' lang='lat' dir='ltr'>Kal.</span> <span class='ocrx_word' id='word_1_562' title='bbox 749 3874 896 3943; x_wconf 82' lang='lat' dir='ltr'>Aug.</span> <span class='ocrx_word' id='word_1_563' title='bbox 923 3872 1215 3927; x_wconf 85' lang='lat' dir='ltr'>Constant.</span> <span class='ocrx_word' id='word_1_564' title='bbox 1243 3872 1300 3928; x_wconf 92' lang='lat' dir='ltr'>d.</span> <span class='ocrx_word' id='word_1_565' title='bbox 1330 3889 1390 3928; x_wconf 92' lang='lat' dir='ltr'>n.</span> <span class='ocrx_word' id='word_1_566' title='bbox 1423 3873 1572 3928; x_wconf 89' lang='lat' dir='ltr'>Bilis.</span> <span class='ocrx_word' id='word_1_567' title='bbox 1600 3890 1652 3928; x_wconf 78' lang='grc' dir='ltr'><strong>ν.</strong></span> <span class='ocrx_word' id='word_1_568' title='bbox 1681 3891 1730 3929; x_wconf 94' lang='lat' dir='ltr'>c.</span> <span class='ocrx_word' id='word_1_569' title='bbox 1765 3891 1918 3930; x_wconf 90' lang='lat' dir='ltr'>cons.</span> 
     </span>
    </p>
   </div>
   <div class='ocr_carea' id='block_1_72' title="bbox 1051 3988 1515 4044">
    <p class='ocr_par' dir='ltr' id='par_1_72' title="bbox 1051 3988 1515 4044">
     <span class='ocr_line' id='line_1_72' title="bbox 1051 3988 1515 4044; baseline 0.004 -2"><span class='ocrx_word' id='word_1_570' title='bbox 1051 3988 1358 4044; x_wconf 78' lang='lat' dir='ltr'>NOVELLA</span> <span class='ocrx_word' id='word_1_571' title='bbox 1389 3990 1515 4044; x_wconf 81' lang='lat' dir='ltr'>XXI.</span> 
     </span>
    </p>
   </div>
   <div class='ocr_carea' id='block_1_73' title="bbox 465 4082 2096 4208">
    <p class='ocr_par' dir='ltr' id='par_1_73' title="bbox 465 4082 2096 4208">
     <span class='ocr_line' id='line_1_73' title="bbox 465 4082 2096 4208; baseline 0.002 -68"><span class='ocrx_word' id='word_1_572' title='bbox 465 4085 542 4140; x_wconf 79' lang='lat' dir='ltr'>De</span> <span class='ocrx_word' id='word_1_573' title='bbox 561 4083 860 4146; x_wconf 76' lang='lat' dir='ltr'>Armeniis,</span> <span class='ocrx_word' id='word_1_574' title='bbox 888 4087 951 4138; x_wconf 79' lang='lat' dir='ltr'>ut</span> <span class='ocrx_word' id='word_1_575' title='bbox 977 4086 1028 4136; x_wconf 73' lang='lat' dir='ltr'>et</span> <span class='ocrx_word' id='word_1_576' title='bbox 1052 4082 1163 4151; x_wconf 72' lang='lat' dir='ltr'>ipsi</span> <span class='ocrx_word' id='word_1_577' title='bbox 1301 4085 1486 4137; x_wconf 77' lang='lat' dir='ltr'>omnia</span> <span class='ocrx_word' id='word_1_578' title='bbox 1506 4085 1774 4141; x_wconf 82' lang='lat' dir='ltr'>Romanas</span> <span class='ocrx_word' id='word_1_579' title='bbox 1795 4092 2096 4156; x_wconf 82' lang='lat' dir='ltr'>sequantur</span> 
     </span>
     <span class='ocr_line' id='line_1_74' title="bbox 1255 4167 1364 4208; baseline -0.009 0"><span class='ocrx_word' id='word_1_580' title='bbox 1255 4167 1364 4208; x_wconf 82' lang='lat' dir='ltr'>aes.</span> 
     </span>
    </p>
   </div>
   <div class='ocr_carea' id='block_1_74' title="bbox 1254 4167 1364 4221">
    <p class='ocr_par' dir='ltr' id='par_1_74' title="bbox 1254 4167 1364 4221">
     <span class='ocr_line' id='line_1_75' title="bbox 1254 4167 1364 4221; baseline -0.009 -13"><span class='ocrx_word' id='word_1_581' title='bbox 1254 4167 1364 4221; x_wconf 83' lang='lat' dir='ltr'>ges.</span> 
     </span>
    </p>
   </div>
   <div class='ocr_carea' id='block_1_75' title="bbox 535 4224 2094 4322">
    <p class='ocr_par' dir='ltr' id='par_1_75' title="bbox 535 4224 2094 4322">
     <span class='ocr_line' id='line_1_76' title="bbox 535 4224 2094 4322; baseline -0.001 -16"><span class='ocrx_word' id='word_1_582' title='bbox 535 4251 848 4320; x_wconf 87' lang='lat' dir='ltr'>Imperator</span> <span class='ocrx_word' id='word_1_583' title='bbox 885 4245 1232 4303; x_wconf 84' lang='lat' dir='ltr'>Justinianus</span> <span class='ocrx_word' id='word_1_584' title='bbox 1279 4224 1566 4318; x_wconf 72' lang='lat' dir='ltr'>Augustus</span> <span class='ocrx_word' id='word_1_585' title='bbox 1605 4248 1802 4304; x_wconf 81' lang='lat' dir='ltr'>Acacio</span> <span class='ocrx_word' id='word_1_586' title='bbox 1836 4251 2094 4322; x_wconf 83' lang='lat' dir='ltr'>magniﬁ-</span> 
     </span>
    </p>
   </div>
   <div class='ocr_carea' id='block_1_76' title="bbox 463 4339 1460 4413">
    <p class='ocr_par' dir='ltr' id='par_1_76' title="bbox 463 4339 1460 4413">
     <span class='ocr_line' id='line_1_77' title="bbox 463 4339 1460 4413; baseline -0.005 -12"><span class='ocrx_word' id='word_1_587' title='bbox 463 4341 782 4400; x_wconf 90' lang='lat' dir='ltr'>centissimo</span> <span class='ocrx_word' id='word_1_588' title='bbox 807 4339 1130 4413; x_wconf 89' lang='lat' dir='ltr'>proconsuli</span> <span class='ocrx_word' id='word_1_589' title='bbox 1159 4340 1460 4396; x_wconf 61' lang='lat' dir='ltr'>Armeniae.</span> 
     </span>
    </p>
   </div>
   <div class='ocr_carea' id='block_1_77' title="bbox 535 4434 2092 4508">
    <p class='ocr_par' dir='ltr' id='par_1_77' title="bbox 535 4434 2092 4508">
     <span class='ocr_line' id='line_1_78' title="bbox 535 4434 2092 4508; baseline 0.001 -15"><span class='ocrx_word' id='word_1_590' title='bbox 535 4436 838 4508; x_wconf 89' lang='lat' dir='ltr'>Cupientes</span> <span class='ocrx_word' id='word_1_591' title='bbox 861 4439 922 4490; x_wconf 93' lang='lat' dir='ltr'>ut</span> <span class='ocrx_word' id='word_1_592' title='bbox 939 4434 1333 4490; x_wconf 81' lang='lat' dir='ltr'>Armeniorum</span> <span class='ocrx_word' id='word_1_593' title='bbox 1354 4435 1642 4507; x_wconf 89' lang='lat' dir='ltr'>provincia</span> <span class='ocrx_word' id='word_1_594' title='bbox 1669 4437 1913 4508; x_wconf 83' lang='lat' dir='ltr'>perfecte</span> <span class='ocrx_word' id='word_1_595' title='bbox 1929 4437 2092 4494; x_wconf 90' lang='lat' dir='ltr'>bonis</span> 
     </span>
    </p>
   </div>
   <div class='ocr_carea' id='block_1_78' title="bbox 2193 3784 3842 3857">
    <p class='ocr_par' dir='ltr' id='par_1_78' title="bbox 2193 3784 3842 3857">
     <span class='ocr_line' id='line_1_79' title="bbox 2193 3784 3842 3857; baseline 0.001 -19"><span class='ocrx_word' id='word_1_596' title='bbox 2193 3784 2453 3856; x_wconf 91' lang='lat' dir='ltr'>personis</span> <span class='ocrx_word' id='word_1_597' title='bbox 2481 3785 2538 3839; x_wconf 92' lang='lat' dir='ltr'>in</span> <span class='ocrx_word' id='word_1_598' title='bbox 2567 3785 2656 3839; x_wconf 91' lang='lat' dir='ltr'>his</span> <span class='ocrx_word' id='word_1_599' title='bbox 2680 3784 2911 3856; x_wconf 66' lang='lat' dir='ltr'>praediis</span> <span class='ocrx_word' id='word_1_600' title='bbox 2941 3801 3068 3857; x_wconf 71' lang='lat' dir='ltr'>qua:</span> <span class='ocrx_word' id='word_1_601' title='bbox 3089 3785 3299 3840; x_wconf 90' lang='lat' dir='ltr'>insulse</span> <span class='ocrx_word' id='word_1_602' title='bbox 3329 3784 3702 3857; x_wconf 87' lang='lat' dir='ltr'>genearchia,</span> <span class='ocrx_word' id='word_1_603' title='bbox 3734 3786 3842 3840; x_wconf 90' lang='lat' dir='ltr'>hoc</span> 
     </span>
    </p>
   </div>
   <div class='ocr_carea' id='block_1_79' title="bbox 2193 3878 3840 3951">
    <p class='ocr_par' dir='ltr' id='par_1_79' title="bbox 2193 3878 3840 3951">
     <span class='ocr_line' id='line_1_80' title="bbox 2193 3878 3840 3951; baseline 0.001 -19"><span class='ocrx_word' id='word_1_604' title='bbox 2193 3883 2336 3934; x_wconf 89' lang='lat' dir='ltr'>esta</span> <span class='ocrx_word' id='word_1_605' title='bbox 2362 3878 2624 3951; x_wconf 88' lang='lat' dir='ltr'>principe</span> <span class='ocrx_word' id='word_1_606' title='bbox 2664 3879 2803 3934; x_wconf 92' lang='lat' dir='ltr'>olim</span> <span class='ocrx_word' id='word_1_607' title='bbox 2857 3878 3087 3950; x_wconf 89' lang='lat' dir='ltr'>generis</span> <span class='ocrx_word' id='word_1_608' title='bbox 3134 3878 3369 3934; x_wconf 68' lang='lat' dir='ltr'>familiae</span> <span class='ocrx_word' id='word_1_609' title='bbox 3412 3895 3532 3933; x_wconf 64' lang='lat' dir='ltr'>sum</span> <span class='ocrx_word' id='word_1_610' title='bbox 3583 3880 3840 3951; x_wconf 84' lang='lat' dir='ltr'>ascripta</span> 
     </span>
    </p>
   </div>
   <div class='ocr_carea' id='block_1_80' title="bbox 2191 3971 3843 4044">
    <p class='ocr_par' dir='ltr' id='par_1_80' title="bbox 2191 3971 3843 4044">
     <span class='ocr_line' id='line_1_81' title="bbox 2191 3971 3843 4044; baseline 0.001 -18"><span class='ocrx_word' id='word_1_611' title='bbox 2191 3971 2450 4041; x_wconf 86' lang='lat' dir='ltr'>laudant,</span> <span class='ocrx_word' id='word_1_612' title='bbox 2479 3977 2579 4027; x_wconf 89' lang='lat' dir='ltr'>aut</span> <span class='ocrx_word' id='word_1_613' title='bbox 2606 3972 3060 4028; x_wconf 89' lang='lat' dir='ltr'>successionibus</span> <span class='ocrx_word' id='word_1_614' title='bbox 3086 3989 3212 4044; x_wconf 67' lang='lat' dir='ltr'>quae</span> <span class='ocrx_word' id='word_1_615' title='bbox 3232 3989 3409 4044; x_wconf 88' lang='lat' dir='ltr'>usque</span> <span class='ocrx_word' id='word_1_616' title='bbox 3430 3973 3500 4028; x_wconf 86' lang='lat' dir='ltr'>ad</span> <span class='ocrx_word' id='word_1_617' title='bbox 3522 3971 3843 4028; x_wconf 88' lang='lat' dir='ltr'>decimam-</span> 
     </span>
    </p>
   </div>
   <div class='ocr_carea' id='block_1_81' title="bbox 2191 4065 3844 4138">
    <p class='ocr_par' dir='ltr' id='par_1_81' title="bbox 2191 4065 3844 4138">
     <span class='ocr_line' id='line_1_82' title="bbox 2191 4065 3844 4138; baseline -0.001 -15"><span class='ocrx_word' id='word_1_618' title='bbox 2191 4067 2420 4123; x_wconf 88' lang='lat' dir='ltr'>tertiam</span> <span class='ocrx_word' id='word_1_619' title='bbox 2462 4066 2838 4122; x_wconf 90' lang='lat' dir='ltr'>indictionem</span> <span class='ocrx_word' id='word_1_620' title='bbox 2887 4069 2945 4121; x_wconf 90' lang='lat' dir='ltr'>et</span> <span class='ocrx_word' id='word_1_621' title='bbox 2987 4067 3170 4138; x_wconf 86' lang='lat' dir='ltr'>ipsam</span> <span class='ocrx_word' id='word_1_622' title='bbox 3219 4065 3599 4122; x_wconf 87' lang='lat' dir='ltr'>obvenerunt.</span> <span class='ocrx_word' id='word_1_623' title='bbox 3652 4066 3764 4121; x_wconf 86' lang='lat' dir='ltr'>Sed</span> <span class='ocrx_word' id='word_1_624' title='bbox 3810 4084 3844 4121; x_wconf 83' lang='lat' dir='ltr'>a</span> 
     </span>
    </p>
   </div>
   <div class='ocr_carea' id='block_1_82' title="bbox 2190 4159 3835 4233">
    <p class='ocr_par' dir='ltr' id='par_1_82' title="bbox 2190 4159 3835 4233">
     <span class='ocr_line' id='line_1_83' title="bbox 2190 4159 3835 4233; baseline -0.001 -18"><span class='ocrx_word' id='word_1_625' title='bbox 2190 4160 2462 4232; x_wconf 68' lang='lat' dir='ltr'>praedicto</span> <span class='ocrx_word' id='word_1_626' title='bbox 2475 4163 2755 4232; x_wconf 75' lang='lat' dir='ltr'>tempore,</span> <span class='ocrx_word' id='word_1_627' title='bbox 2774 4161 2882 4216; x_wconf 88' lang='lat' dir='ltr'>hoc</span> <span class='ocrx_word' id='word_1_628' title='bbox 2897 4166 2980 4216; x_wconf 90' lang='lat' dir='ltr'>est</span> <span class='ocrx_word' id='word_1_629' title='bbox 2991 4177 3026 4214; x_wconf 87' lang='lat' dir='ltr'>a</span> <span class='ocrx_word' id='word_1_630' title='bbox 3046 4160 3474 4233; x_wconf 87' lang='lat' dir='ltr'>decimaquarta</span> <span class='ocrx_word' id='word_1_631' title='bbox 3489 4159 3835 4228; x_wconf 84' lang='lat' dir='ltr'>indictione,</span> 
     </span>
    </p>
   </div>
   <div class='ocr_carea' id='block_1_83' title="bbox 2189 4253 3836 4326">
    <p class='ocr_par' dir='ltr' id='par_1_83' title="bbox 2189 4253 3836 4326">
     <span class='ocr_line' id='line_1_84' title="bbox 2189 4253 3836 4326; baseline -0.001 -18"><span class='ocrx_word' id='word_1_632' title='bbox 2189 4255 2380 4309; x_wconf 89' lang='lat' dir='ltr'>valere</span> <span class='ocrx_word' id='word_1_633' title='bbox 2422 4270 2491 4308; x_wconf 89' lang='lat' dir='ltr'>ea</span> <span class='ocrx_word' id='word_1_634' title='bbox 2531 4270 2660 4326; x_wconf 64' lang='lat' dir='ltr'>quae</span> <span class='ocrx_word' id='word_1_635' title='bbox 2702 4272 2736 4308; x_wconf 89' lang='lat' dir='ltr'>a</span> <span class='ocrx_word' id='word_1_636' title='bbox 2779 4253 2944 4310; x_wconf 91' lang='lat' dir='ltr'>nobis</span> <span class='ocrx_word' id='word_1_637' title='bbox 2973 4254 3282 4310; x_wconf 88' lang='lat' dir='ltr'>constituta</span> <span class='ocrx_word' id='word_1_638' title='bbox 3321 4257 3474 4323; x_wconf 88' lang='lat' dir='ltr'>sunt,</span> <span class='ocrx_word' id='word_1_639' title='bbox 3516 4255 3836 4309; x_wconf 79' lang='lat' dir='ltr'>sancimus.</span> 
     </span>
    </p>
   </div>
   <div class='ocr_carea' id='block_1_84' title="bbox 2192 4347 3840 4420">
    <p class='ocr_par' dir='ltr' id='par_1_84' title="bbox 2192 4347 3840 4420">
     <span class='ocr_line' id='line_1_85' title="bbox 2192 4347 3840 4420; baseline 0 -18"><span class='ocrx_word' id='word_1_640' title='bbox 2192 4347 2330 4413; x_wconf 62' lang='lat' dir='ltr'>Quae</span> <span class='ocrx_word' id='word_1_641' title='bbox 2357 4347 2534 4419; x_wconf 90' lang='lat' dir='ltr'>igitur</span> <span class='ocrx_word' id='word_1_642' title='bbox 2561 4347 2726 4404; x_wconf 89' lang='lat' dir='ltr'>nobis</span> <span class='ocrx_word' id='word_1_643' title='bbox 2752 4348 3104 4420; x_wconf 85' lang='lat' dir='ltr'>placuerunt,</span> <span class='ocrx_word' id='word_1_644' title='bbox 3129 4353 3185 4402; x_wconf 85' lang='lat' dir='ltr'>et</span> <span class='ocrx_word' id='word_1_645' title='bbox 3207 4364 3315 4420; x_wconf 88' lang='lat' dir='ltr'>per</span> <span class='ocrx_word' id='word_1_646' title='bbox 3333 4347 3481 4402; x_wconf 89' lang='lat' dir='ltr'>hanc</span> <span class='ocrx_word' id='word_1_647' title='bbox 3503 4349 3840 4420; x_wconf 83' lang='lat' dir='ltr'>exprimun-</span> 
     </span>
    </p>
   </div>
   <div class='ocr_carea' id='block_1_85' title="bbox 2189 4442 3840 4514">
    <p class='ocr_par' dir='ltr' id='par_1_85' title="bbox 2189 4442 3840 4514">
     <span class='ocr_line' id='line_1_86' title="bbox 2189 4442 3840 4514; baseline -0.002 -16"><span class='ocrx_word' id='word_1_648' title='bbox 2189 4448 2286 4498; x_wconf 91' lang='lat' dir='ltr'>tur</span> <span class='ocrx_word' id='word_1_649' title='bbox 2309 4442 2522 4514; x_wconf 87' lang='lat' dir='ltr'>legem,</span> <span class='ocrx_word' id='word_1_650' title='bbox 2552 4459 2619 4498; x_wconf 90' lang='lat' dir='ltr'>ea</span> <span class='ocrx_word' id='word_1_651' title='bbox 2644 4446 2764 4497; x_wconf 89' lang='lat' dir='ltr'>tam</span> <span class='ocrx_word' id='word_1_652' title='bbox 2789 4442 3220 4514; x_wconf 81' lang='lat' dir='ltr'>magniﬁcentia</span> <span class='ocrx_word' id='word_1_653' title='bbox 3240 4446 3356 4508; x_wconf 87' lang='lat' dir='ltr'>tua,</span> <span class='ocrx_word' id='word_1_654' title='bbox 3387 4458 3564 4513; x_wconf 89' lang='lat' dir='ltr'>quam</span> <span class='ocrx_word' id='word_1_655' title='bbox 3584 4443 3688 4514; x_wconf 90' lang='lat' dir='ltr'>qui</span> <span class='ocrx_word' id='word_1_656' title='bbox 3711 4445 3840 4514; x_wconf 84' lang='lat' dir='ltr'>post</span> 
     </span>
    </p>
   </div>
   <div class='ocr_carea' id='block_1_86' title="bbox 462 4529 3840 4638">
    <p class='ocr_par' dir='ltr' id='par_1_86' title="bbox 462 4529 3840 4638">
     <span class='ocr_line' id='line_1_87' title="bbox 462 4529 3840 4638; baseline 0 -50"><span class='ocrx_word' id='word_1_657' title='bbox 462 4537 697 4603; x_wconf 88' lang='lat' dir='ltr'>regatur</span> <span class='ocrx_word' id='word_1_658' title='bbox 723 4529 962 4602; x_wconf 88' lang='lat' dir='ltr'>legibus,</span> <span class='ocrx_word' id='word_1_659' title='bbox 988 4545 1171 4600; x_wconf 89' lang='lat' dir='ltr'>neque</span> <span class='ocrx_word' id='word_1_660' title='bbox 1186 4529 1246 4584; x_wconf 92' lang='lat' dir='ltr'>in</span> <span class='ocrx_word' id='word_1_661' title='bbox 1273 4529 1386 4584; x_wconf 90' lang='lat' dir='ltr'>ullo</span> <span class='ocrx_word' id='word_1_662' title='bbox 1405 4545 1438 4584; x_wconf 88' lang='lat' dir='ltr'>a</span> <span class='ocrx_word' id='word_1_663' title='bbox 1463 4529 1682 4602; x_wconf 87' lang='lat' dir='ltr'>reliqua</span> <span class='ocrx_word' id='word_1_664' title='bbox 1695 4531 1916 4588; x_wconf 75' lang='lat' dir='ltr'>differat</span> <span class='ocrx_word' id='word_1_665' title='bbox 1933 4551 2094 4605; x_wconf 89' lang='lat' dir='ltr'>repu-</span> <span class='ocrx_word' id='word_1_666' title='bbox 2113 4565 2172 4638; x_wconf 71' lang='grc' dir='ltr'><strong>Β</strong></span> <span class='ocrx_word' id='word_1_667' title='bbox 2193 4537 2378 4610; x_wconf 84' lang='lat' dir='ltr'>ipsam</span> <span class='ocrx_word' id='word_1_668' title='bbox 2408 4536 2677 4592; x_wconf 87' lang='lat' dir='ltr'>eumdem</span> <span class='ocrx_word' id='word_1_669' title='bbox 2689 4536 3092 4609; x_wconf 87' lang='lat' dir='ltr'>magistratum</span> <span class='ocrx_word' id='word_1_670' title='bbox 3107 4536 3422 4607; x_wconf 88' lang='lat' dir='ltr'>suscepturi</span> <span class='ocrx_word' id='word_1_671' title='bbox 3449 4539 3606 4604; x_wconf 89' lang='lat' dir='ltr'>sunt,</span> <span class='ocrx_word' id='word_1_672' title='bbox 3633 4537 3696 4590; x_wconf 89' lang='lat' dir='ltr'>in</span> <span class='ocrx_word' id='word_1_673' title='bbox 3715 4553 3840 4607; x_wconf 88' lang='lat' dir='ltr'>per-</span> 
     </span>
    </p>
   </div>
   <div class='ocr_carea' id='block_1_87' title="bbox 464 4622 3834 4704">
    <p class='ocr_par' dir='ltr' id='par_1_87' title="bbox 464 4622 3834 4704">
     <span class='ocr_line' id='line_1_88' title="bbox 464 4622 3834 4704; baseline 0 -23"><span class='ocrx_word' id='word_1_674' title='bbox 464 4625 630 4693; x_wconf 89' lang='lat' dir='ltr'>blica,</span> <span class='ocrx_word' id='word_1_675' title='bbox 679 4622 961 4695; x_wconf 86' lang='lat' dir='ltr'>prioribus</span> <span class='ocrx_word' id='word_1_676' title='bbox 995 4623 1232 4678; x_wconf 88' lang='lat' dir='ltr'>sublatis</span> <span class='ocrx_word' id='word_1_677' title='bbox 1276 4623 1622 4688; x_wconf 86' lang='lat' dir='ltr'>nominibus,</span> <span class='ocrx_word' id='word_1_678' title='bbox 1667 4625 1932 4681; x_wconf 82' lang='lat' dir='ltr'>Romanis</span> <span class='ocrx_word' id='word_1_679' title='bbox 1969 4622 2168 4683; x_wconf 68' lang='lat' dir='ltr'>eam&quot;</span> <span class='ocrx_word' id='word_1_680' title='bbox 2195 4634 2436 4704; x_wconf 88' lang='lat' dir='ltr'>petuum</span> <span class='ocrx_word' id='word_1_681' title='bbox 2480 4630 2783 4686; x_wconf 88' lang='lat' dir='ltr'>observare</span> <span class='ocrx_word' id='word_1_682' title='bbox 2831 4627 3118 4686; x_wconf 86' lang='lat' dir='ltr'>studento.</span> <span class='ocrx_word' id='word_1_683' title='bbox 3183 4632 3302 4686; x_wconf 88' lang='lat' dir='ltr'>Dat.</span> <span class='ocrx_word' id='word_1_684' title='bbox 3351 4645 3422 4684; x_wconf 85' lang='lat' dir='ltr'>xv</span> <span class='ocrx_word' id='word_1_685' title='bbox 3474 4629 3603 4684; x_wconf 78' lang='lat' dir='ltr'>Kal.</span> <span class='ocrx_word' id='word_1_686' title='bbox 3655 4630 3834 4701; x_wconf 83' lang='lat' dir='ltr'>April.</span> 
     </span>
    </p>
   </div>
   <div class='ocr_carea' id='block_1_88' title="bbox 465 4715 2098 4790">
    <p class='ocr_par' dir='ltr' id='par_1_88' title="bbox 465 4715 2098 4790">
     <span class='ocr_line' id='line_1_89' title="bbox 465 4715 2098 4790; baseline 0.002 -16"><span class='ocrx_word' id='word_1_687' title='bbox 465 4716 890 4790; x_wconf 86' lang='lat' dir='ltr'>magistratibus</span> <span class='ocrx_word' id='word_1_688' title='bbox 932 4715 1350 4787; x_wconf 88' lang='lat' dir='ltr'>adornavimus,</span> <span class='ocrx_word' id='word_1_689' title='bbox 1390 4723 1455 4772; x_wconf 92' lang='lat' dir='ltr'>ut</span> <span class='ocrx_word' id='word_1_690' title='bbox 1503 4719 1762 4776; x_wconf 80' lang='lat' dir='ltr'>Romano</span> <span class='ocrx_word' id='word_1_691' title='bbox 1801 4725 2098 4778; x_wconf 88' lang='lat' dir='ltr'>uterentur</span> 
     </span>
    </p>
   </div>
   <div class='ocr_carea' id='block_1_89' title="bbox 461 4809 2095 4888">
    <p class='ocr_par' dir='ltr' id='par_1_89' title="bbox 461 4809 2095 4888">
     <span class='ocr_line' id='line_1_90' title="bbox 461 4809 2095 4888; baseline 0.001 -18"><span class='ocrx_word' id='word_1_692' title='bbox 461 4813 660 4870; x_wconf 87' lang='lat' dir='ltr'>habitu</span> <span class='ocrx_word' id='word_1_693' title='bbox 687 4809 1109 4877; x_wconf 82' lang='lat' dir='ltr'>assuefecimus,</span> <span class='ocrx_word' id='word_1_694' title='bbox 1128 4814 1194 4866; x_wconf 89' lang='lat' dir='ltr'>ut</span> <span class='ocrx_word' id='word_1_695' title='bbox 1209 4810 1456 4883; x_wconf 90' lang='lat' dir='ltr'>denique</span> <span class='ocrx_word' id='word_1_696' title='bbox 1474 4811 1600 4867; x_wconf 81' lang='lat' dir='ltr'>aliae</span> <span class='ocrx_word' id='word_1_697' title='bbox 1615 4813 1770 4884; x_wconf 91' lang='lat' dir='ltr'>apud</span> <span class='ocrx_word' id='word_1_698' title='bbox 1783 4813 1932 4886; x_wconf 91' lang='lat' dir='ltr'>ipsos</span> <span class='ocrx_word' id='word_1_699' title='bbox 1942 4815 2095 4888; x_wconf 84' lang='lat' dir='ltr'>leges</span> 
     </span>
    </p>
   </div>
   <div class='ocr_carea' id='block_1_90' title="bbox 459 4905 2098 4978">
    <p class='ocr_par' dir='ltr' id='par_1_90' title="bbox 459 4905 2098 4978">
     <span class='ocr_line' id='line_1_91' title="bbox 459 4905 2098 4978; baseline 0.001 -13"><span class='ocrx_word' id='word_1_700' title='bbox 459 4923 576 4965; x_wconf 89' lang='lat' dir='ltr'>non</span> <span class='ocrx_word' id='word_1_701' title='bbox 605 4910 794 4963; x_wconf 89' lang='lat' dir='ltr'>essent</span> <span class='ocrx_word' id='word_1_702' title='bbox 812 4921 986 4978; x_wconf 82' lang='lat' dir='ltr'>quam</span> <span class='ocrx_word' id='word_1_703' title='bbox 1006 4921 1150 4978; x_wconf 88' lang='lat' dir='ltr'>quas</span> <span class='ocrx_word' id='word_1_704' title='bbox 1171 4905 1452 4960; x_wconf 80' lang='lat' dir='ltr'>Romanas</span> <span class='ocrx_word' id='word_1_705' title='bbox 1473 4907 1790 4976; x_wconf 89' lang='lat' dir='ltr'>nominant,</span> <span class='ocrx_word' id='word_1_706' title='bbox 1809 4910 2098 4966; x_wconf 85' lang='lat' dir='ltr'>constitui-</span> 
     </span>
    </p>
   </div>
   <div class='ocr_carea' id='block_1_91' title="bbox 464 4998 2095 5075">
    <p class='ocr_par' dir='ltr' id='par_1_91' title="bbox 464 4998 2095 5075">
     <span class='ocr_line' id='line_1_92' title="bbox 464 4998 2095 5075; baseline 0.001 -17"><span class='ocrx_word' id='word_1_707' title='bbox 464 5018 611 5058; x_wconf 89' lang='lat' dir='ltr'>mus.</span> <span class='ocrx_word' id='word_1_708' title='bbox 636 4999 877 5056; x_wconf 86' lang='lat' dir='ltr'>Proinde</span> <span class='ocrx_word' id='word_1_709' title='bbox 897 4999 1103 5071; x_wconf 88' lang='lat' dir='ltr'>seripta</span> <span class='ocrx_word' id='word_1_710' title='bbox 1124 4998 1293 5053; x_wconf 91' lang='lat' dir='ltr'>etiam</span> <span class='ocrx_word' id='word_1_711' title='bbox 1319 4999 1444 5071; x_wconf 89' lang='lat' dir='ltr'>lege</span> <span class='ocrx_word' id='word_1_712' title='bbox 1469 4999 1608 5055; x_wconf 91' lang='lat' dir='ltr'>illud</span> <span class='ocrx_word' id='word_1_713' title='bbox 1631 5002 1780 5072; x_wconf 90' lang='lat' dir='ltr'>quod</span> <span class='ocrx_word' id='word_1_714' title='bbox 1797 5020 2095 5075; x_wconf 84' lang='lat' dir='ltr'>perperam</span> 
     </span>
    </p>
   </div>
   <div class='ocr_carea' id='block_1_92' title="bbox 464 5093 2096 5166">
    <p class='ocr_par' dir='ltr' id='par_1_92' title="bbox 464 5093 2096 5166">
     <span class='ocr_line' id='line_1_93' title="bbox 464 5093 2096 5166; baseline 0.002 -17"><span class='ocrx_word' id='word_1_715' title='bbox 464 5094 617 5166; x_wconf 88' lang='lat' dir='ltr'>apud</span> <span class='ocrx_word' id='word_1_716' title='bbox 629 5111 724 5150; x_wconf 92' lang='lat' dir='ltr'>eos</span> <span class='ocrx_word' id='word_1_717' title='bbox 747 5093 1118 5166; x_wconf 86' lang='lat' dir='ltr'>delinquitur,</span> <span class='ocrx_word' id='word_1_718' title='bbox 1135 5093 1536 5165; x_wconf 86' lang='lat' dir='ltr'>corrigendum</span> <span class='ocrx_word' id='word_1_719' title='bbox 1555 5095 1971 5165; x_wconf 86' lang='lat' dir='ltr'>putavimus,ne</span> <span class='ocrx_word' id='word_1_720' title='bbox 1995 5098 2096 5153; x_wconf 87' lang='lat' dir='ltr'>sci-</span> 
     </span>
    </p>
   </div>
   <div class='ocr_carea' id='block_1_93' title="bbox 462 5187 2094 5264">
    <p class='ocr_par' dir='ltr' id='par_1_93' title="bbox 462 5187 2094 5264">
     <span class='ocr_line' id='line_1_94' title="bbox 462 5187 2094 5264; baseline 0.003 -21"><span class='ocrx_word' id='word_1_721' title='bbox 462 5187 593 5243; x_wconf 90' lang='lat' dir='ltr'>licet</span> <span class='ocrx_word' id='word_1_722' title='bbox 616 5203 777 5242; x_wconf 91' lang='lat' dir='ltr'>more</span> <span class='ocrx_word' id='word_1_723' title='bbox 802 5187 1096 5242; x_wconf 90' lang='lat' dir='ltr'>barbarico</span> <span class='ocrx_word' id='word_1_724' title='bbox 1124 5189 1428 5258; x_wconf 83' lang='lat' dir='ltr'>parentum</span> <span class='ocrx_word' id='word_1_725' title='bbox 1463 5192 1520 5242; x_wconf 93' lang='lat' dir='ltr'>et</span> <span class='ocrx_word' id='word_1_726' title='bbox 1538 5187 1800 5259; x_wconf 88' lang='lat' dir='ltr'>fratrum,</span> <span class='ocrx_word' id='word_1_727' title='bbox 1823 5195 1880 5246; x_wconf 92' lang='lat' dir='ltr'>et</span> <span class='ocrx_word' id='word_1_728' title='bbox 1895 5191 2094 5264; x_wconf 87' lang='lat' dir='ltr'>reliqui</span> 
     </span>
    </p>
   </div>
   <div class='ocr_carea' id='block_1_94' title="bbox 464 5279 2094 5355">
    <p class='ocr_par' dir='ltr' id='par_1_94' title="bbox 464 5279 2094 5355">
     <span class='ocr_line' id='line_1_95' title="bbox 464 5279 2094 5355; baseline 0.004 -20"><span class='ocrx_word' id='word_1_729' title='bbox 464 5280 688 5355; x_wconf 90' lang='lat' dir='ltr'>generis</span> <span class='ocrx_word' id='word_1_730' title='bbox 712 5280 1089 5334; x_wconf 85' lang='lat' dir='ltr'>successiones</span> <span class='ocrx_word' id='word_1_731' title='bbox 1113 5279 1182 5334; x_wconf 89' lang='lat' dir='ltr'>ad</span> <span class='ocrx_word' id='word_1_732' title='bbox 1211 5280 1358 5336; x_wconf 86' lang='lat' dir='ltr'>viros</span> <span class='ocrx_word' id='word_1_733' title='bbox 1373 5281 1717 5354; x_wconf 87' lang='lat' dir='ltr'>pertineant,</span> <span class='ocrx_word' id='word_1_734' title='bbox 1733 5283 1803 5338; x_wconf 91' lang='lat' dir='ltr'>ad</span> <span class='ocrx_word' id='word_1_735' title='bbox 1827 5285 2094 5341; x_wconf 89' lang='lat' dir='ltr'>mulieres</span> 
     </span>
    </p>
   </div>
   <div class='ocr_carea' id='block_1_95' title="bbox 461 5373 2095 5446">
    <p class='ocr_par' dir='ltr' id='par_1_95' title="bbox 461 5373 2095 5446">
     <span class='ocr_line' id='line_1_96' title="bbox 461 5373 2095 5446; baseline 0.001 -14"><span class='ocrx_word' id='word_1_736' title='bbox 461 5391 579 5432; x_wconf 89' lang='lat' dir='ltr'>non</span> <span class='ocrx_word' id='word_1_737' title='bbox 603 5375 762 5442; x_wconf 89' lang='lat' dir='ltr'>item,</span> <span class='ocrx_word' id='word_1_738' title='bbox 782 5389 926 5427; x_wconf 86' lang='lat' dir='ltr'>neve</span> <span class='ocrx_word' id='word_1_739' title='bbox 943 5373 1031 5427; x_wconf 63' lang='lat' dir='ltr'>hae</span> <span class='ocrx_word' id='word_1_740' title='bbox 1046 5373 1253 5446; x_wconf 81' lang='lat' dir='ltr'>absque</span> <span class='ocrx_word' id='word_1_741' title='bbox 1267 5374 1396 5430; x_wconf 90' lang='lat' dir='ltr'>dote</span> <span class='ocrx_word' id='word_1_742' title='bbox 1417 5375 1476 5430; x_wconf 90' lang='lat' dir='ltr'>in</span> <span class='ocrx_word' id='word_1_743' title='bbox 1497 5376 1730 5432; x_wconf 91' lang='lat' dir='ltr'>domum</span> <span class='ocrx_word' id='word_1_744' title='bbox 1743 5378 1934 5434; x_wconf 90' lang='lat' dir='ltr'>mariti</span> <span class='ocrx_word' id='word_1_745' title='bbox 1946 5396 2095 5434; x_wconf 86' lang='lat' dir='ltr'>com-</span> 
     </span>
    </p>
   </div>
   <div class='ocr_carea' id='block_1_96' title="bbox 459 5465 2096 5543">
    <p class='ocr_par' dir='ltr' id='par_1_96' title="bbox 459 5465 2096 5543">
     <span class='ocr_line' id='line_1_97' title="bbox 459 5465 2096 5543; baseline 0.002 -17"><span class='ocrx_word' id='word_1_746' title='bbox 459 5470 733 5543; x_wconf 88' lang='lat' dir='ltr'>migrent,</span> <span class='ocrx_word' id='word_1_747' title='bbox 765 5471 864 5521; x_wconf 90' lang='lat' dir='ltr'>ant</span> <span class='ocrx_word' id='word_1_748' title='bbox 890 5466 960 5519; x_wconf 86' lang='lat' dir='ltr'>ab</span> <span class='ocrx_word' id='word_1_749' title='bbox 990 5465 1059 5520; x_wconf 92' lang='lat' dir='ltr'>iis</span> <span class='ocrx_word' id='word_1_750' title='bbox 1078 5467 1282 5537; x_wconf 89' lang='lat' dir='ltr'>quibus</span> <span class='ocrx_word' id='word_1_751' title='bbox 1297 5485 1429 5524; x_wconf 91' lang='lat' dir='ltr'>cum</span> <span class='ocrx_word' id='word_1_752' title='bbox 1456 5471 1924 5528; x_wconf 88' lang='lat' dir='ltr'>consuetudinem</span> <span class='ocrx_word' id='word_1_753' title='bbox 1940 5473 2096 5530; x_wconf 89' lang='lat' dir='ltr'>habi-</span> 
     </span>
    </p>
   </div>
   <div class='ocr_carea' id='block_1_97' title="bbox 457 5559 2095 5639">
    <p class='ocr_par' dir='ltr' id='par_1_97' title="bbox 457 5559 2095 5639">
     <span class='ocr_line' id='line_1_98' title="bbox 457 5559 2095 5639; baseline 0 -17"><span class='ocrx_word' id='word_1_754' title='bbox 457 5569 604 5622; x_wconf 70' lang='lat' dir='ltr'>turae</span> <span class='ocrx_word' id='word_1_755' title='bbox 631 5566 766 5618; x_wconf 91' lang='lat' dir='ltr'>sunt</span> <span class='ocrx_word' id='word_1_756' title='bbox 789 5559 1163 5627; x_wconf 87' lang='lat' dir='ltr'>redimantur,</span> <span class='ocrx_word' id='word_1_757' title='bbox 1191 5559 1246 5614; x_wconf 90' lang='lat' dir='ltr'>id</span> <span class='ocrx_word' id='word_1_758' title='bbox 1285 5563 1438 5632; x_wconf 89' lang='lat' dir='ltr'>quod</span> <span class='ocrx_word' id='word_1_759' title='bbox 1476 5565 1658 5620; x_wconf 90' lang='lat' dir='ltr'>multo</span> <span class='ocrx_word' id='word_1_760' title='bbox 1705 5567 1876 5621; x_wconf 88' lang='lat' dir='ltr'>etiam</span> <span class='ocrx_word' id='word_1_761' title='bbox 1911 5567 2095 5639; x_wconf 89' lang='lat' dir='ltr'>magis</span> 
     </span>
    </p>
   </div>
   <div class='ocr_carea' id='block_1_98' title="bbox 459 5654 2094 5732">
    <p class='ocr_par' dir='ltr' id='par_1_98' title="bbox 459 5654 2094 5732">
     <span class='ocr_line' id='line_1_99' title="bbox 459 5654 2094 5732; baseline 0.001 -18"><span class='ocrx_word' id='word_1_762' title='bbox 459 5657 750 5714; x_wconf 84' lang='lat' dir='ltr'>barbarica</span> <span class='ocrx_word' id='word_1_763' title='bbox 783 5655 842 5710; x_wconf 93' lang='lat' dir='ltr'>in</span> <span class='ocrx_word' id='word_1_764' title='bbox 881 5655 1033 5709; x_wconf 92' lang='lat' dir='ltr'>hunc</span> <span class='ocrx_word' id='word_1_765' title='bbox 1073 5669 1253 5724; x_wconf 89' lang='lat' dir='ltr'>usque</span> <span class='ocrx_word' id='word_1_766' title='bbox 1285 5654 1436 5709; x_wconf 91' lang='lat' dir='ltr'>diem</span> <span class='ocrx_word' id='word_1_767' title='bbox 1467 5659 1720 5714; x_wconf 87' lang='lat' dir='ltr'>moribus</span> <span class='ocrx_word' id='word_1_768' title='bbox 1757 5660 1910 5731; x_wconf 85' lang='lat' dir='ltr'>apud</span> <span class='ocrx_word' id='word_1_769' title='bbox 1943 5661 2094 5732; x_wconf 87' lang='lat' dir='ltr'>ipsos</span> 
     </span>
    </p>
   </div>
   <div class='ocr_carea' id='block_1_99' title="bbox 460 5749 2092 5828">
    <p class='ocr_par' dir='ltr' id='par_1_99' title="bbox 460 5749 2092 5828">
     <span class='ocr_line' id='line_1_100' title="bbox 460 5749 2092 5828; baseline 0.003 -17"><span class='ocrx_word' id='word_1_770' title='bbox 460 5755 890 5828; x_wconf 86' lang='lat' dir='ltr'>comprobatum</span> <span class='ocrx_word' id='word_1_771' title='bbox 917 5757 1021 5822; x_wconf 86' lang='lat' dir='ltr'>est,</span> <span class='ocrx_word' id='word_1_772' title='bbox 1051 5766 1167 5807; x_wconf 90' lang='lat' dir='ltr'>non</span> <span class='ocrx_word' id='word_1_773' title='bbox 1193 5749 1328 5822; x_wconf 83' lang='lat' dir='ltr'>ipsis</span> <span class='ocrx_word' id='word_1_774' title='bbox 1353 5755 1576 5810; x_wconf 85' lang='lat' dir='ltr'>tantum</span> <span class='ocrx_word' id='word_1_775' title='bbox 1607 5754 1712 5811; x_wconf 87' lang='lat' dir='ltr'>ista</span> <span class='ocrx_word' id='word_1_776' title='bbox 1734 5757 1919 5813; x_wconf 85' lang='lat' dir='ltr'>ferino</span> <span class='ocrx_word' id='word_1_777' title='bbox 1934 5775 2092 5816; x_wconf 88' lang='lat' dir='ltr'>more</span> 
     </span>
    </p>
   </div>
   <div class='ocr_carea' id='block_1_100' title="bbox 463 5843 2092 5922">
    <p class='ocr_par' dir='ltr' id='par_1_100' title="bbox 463 5843 2092 5922">
     <span class='ocr_line' id='line_1_101' title="bbox 463 5843 2092 5922; baseline 0.005 -20"><span class='ocrx_word' id='word_1_778' title='bbox 463 5848 846 5922; x_wconf 82' lang='lat' dir='ltr'>Opinantibus,</span> <span class='ocrx_word' id='word_1_779' title='bbox 859 5847 960 5902; x_wconf 85' lang='lat' dir='ltr'>sed</span> <span class='ocrx_word' id='word_1_780' title='bbox 985 5851 1041 5903; x_wconf 84' lang='lat' dir='ltr'>et</span> <span class='ocrx_word' id='word_1_781' title='bbox 1062 5845 1188 5900; x_wconf 88' lang='lat' dir='ltr'>aliis</span> <span class='ocrx_word' id='word_1_782' title='bbox 1205 5843 1469 5917; x_wconf 88' lang='lat' dir='ltr'>gentibus</span> <span class='ocrx_word' id='word_1_783' title='bbox 1489 5845 1566 5901; x_wconf 86' lang='lat' dir='ltr'>ita</span> <span class='ocrx_word' id='word_1_784' title='bbox 1584 5847 2092 5910; x_wconf 82' lang='lat' dir='ltr'>debonestantibus</span> 
     </span>
    </p>
   </div>
   <div class='ocr_carea' id='block_1_101' title="bbox 2193 4724 3322 4797">
    <p class='ocr_par' dir='ltr' id='par_1_101' title="bbox 2193 4724 3322 4797">
     <span class='ocr_line' id='line_1_102' title="bbox 2193 4724 3322 4797; baseline -0.001 -16"><span class='ocrx_word' id='word_1_785' title='bbox 2193 4724 2629 4797; x_wconf 84' lang='lat' dir='ltr'>Constantinop.</span> <span class='ocrx_word' id='word_1_786' title='bbox 2659 4729 2790 4797; x_wconf 89' lang='lat' dir='ltr'>post</span> <span class='ocrx_word' id='word_1_787' title='bbox 2816 4725 2968 4781; x_wconf 83' lang='lat' dir='ltr'>Bilis.</span> <span class='ocrx_word' id='word_1_788' title='bbox 3001 4741 3054 4781; x_wconf 91' lang='lat' dir='ltr'>v.</span> <span class='ocrx_word' id='word_1_789' title='bbox 3087 4742 3137 4781; x_wconf 91' lang='lat' dir='ltr'>c.</span> <span class='ocrx_word' id='word_1_790' title='bbox 3167 4740 3322 4780; x_wconf 88' lang='lat' dir='ltr'>cons.</span> 
     </span>
    </p>
   </div>
   <div class='ocr_carea' id='block_1_102' title="bbox 2715 4823 3302 4880">
    <p class='ocr_par' dir='ltr' id='par_1_102' title="bbox 2715 4823 3302 4880">
     <span class='ocr_line' id='line_1_103' title="bbox 2715 4823 3302 4880; baseline -0.003 0"><span class='ocrx_word' id='word_1_791' title='bbox 2715 4823 3027 4880; x_wconf 83' lang='lat' dir='ltr'>NOVELLA</span> <span class='ocrx_word' id='word_1_792' title='bbox 3065 4824 3302 4879; x_wconf 83' lang='lat' dir='ltr'>XXXVII.</span> 
     </span>
    </p>
   </div>
   <div class='ocr_carea' id='block_1_103' title="bbox 2505 4913 3513 4980">
    <p class='ocr_par' dir='ltr' id='par_1_103' title="bbox 2505 4913 3513 4980">
     <span class='ocr_line' id='line_1_104' title="bbox 2505 4913 3513 4980; baseline -0.006 -8"><span class='ocrx_word' id='word_1_793' title='bbox 2505 4918 2578 4972; x_wconf 81' lang='lat' dir='ltr'>De</span> <span class='ocrx_word' id='word_1_794' title='bbox 2605 4916 2856 4971; x_wconf 72' lang='lat' dir='ltr'>Ecclesiis</span> <span class='ocrx_word' id='word_1_795' title='bbox 2883 4915 3190 4970; x_wconf 66' lang='lat' dir='ltr'>constitutis</span> <span class='ocrx_word' id='word_1_796' title='bbox 3211 4915 3272 4968; x_wconf 75' lang='lat' dir='ltr'>in</span> <span class='ocrx_word' id='word_1_797' title='bbox 3293 4913 3513 4980; x_wconf 74' lang='lat' dir='ltr'>Africa.</span> 
     </span>
    </p>
   </div>
   <div class='ocr_carea' id='block_1_104' title="bbox 2265 5005 3840 5078">
    <p class='ocr_par' dir='ltr' id='par_1_104' title="bbox 2265 5005 3840 5078">
     <span class='ocr_line' id='line_1_105' title="bbox 2265 5005 3840 5078; baseline -0.003 -15"><span class='ocrx_word' id='word_1_798' title='bbox 2265 5007 2662 5064; x_wconf 82' lang='lat' dir='ltr'>Venerabilem</span> <span class='ocrx_word' id='word_1_799' title='bbox 2686 5008 3005 5078; x_wconf 89' lang='lat' dir='ltr'>ecclesiam,</span> <span class='ocrx_word' id='word_1_800' title='bbox 3033 5009 3143 5062; x_wconf 80' lang='lat' dir='ltr'>etc.</span> <span class='ocrx_word' id='word_1_801' title='bbox 3173 5006 3256 5063; x_wconf 80' lang='lat' dir='ltr'>Ab</span> <span class='ocrx_word' id='word_1_802' title='bbox 3279 5005 3505 5063; x_wconf 80' lang='lat' dir='ltr'>Arianis</span> <span class='ocrx_word' id='word_1_803' title='bbox 3537 5005 3737 5061; x_wconf 86' lang='lat' dir='ltr'>ablata</span> <span class='ocrx_word' id='word_1_804' title='bbox 3751 5021 3840 5060; x_wconf 81' lang='lat' dir='ltr'>ca-</span> 
     </span>
    </p>
   </div>
   <div class='ocr_carea' id='block_1_105' title="bbox 2192 5099 3840 5174">
    <p class='ocr_par' dir='ltr' id='par_1_105' title="bbox 2192 5099 3840 5174">
     <span class='ocr_line' id='line_1_106' title="bbox 2192 5099 3840 5174; baseline -0.002 -18"><span class='ocrx_word' id='word_1_805' title='bbox 2192 5101 2415 5174; x_wconf 87' lang='lat' dir='ltr'>piunto,</span> <span class='ocrx_word' id='word_1_806' title='bbox 2450 5102 2674 5174; x_wconf 88' lang='lat' dir='ltr'>sibique</span> <span class='ocrx_word' id='word_1_807' title='bbox 2707 5102 2954 5158; x_wconf 87' lang='lat' dir='ltr'>habento</span> <span class='ocrx_word' id='word_1_808' title='bbox 2991 5101 3251 5157; x_wconf 66' lang='lat' dir='ltr'>Ecclesia:</span> <span class='ocrx_word' id='word_1_809' title='bbox 3282 5099 3501 5167; x_wconf 72' lang='lat' dir='ltr'>Africae,</span> <span class='ocrx_word' id='word_1_810' title='bbox 3541 5103 3608 5154; x_wconf 92' lang='lat' dir='ltr'>ut</span> <span class='ocrx_word' id='word_1_811' title='bbox 3640 5103 3840 5155; x_wconf 77' lang='lat' dir='ltr'>tamen</span> 
     </span>
    </p>
   </div>
   <div class='ocr_carea' id='block_1_106' title="bbox 2191 5194 3837 5269">
    <p class='ocr_par' dir='ltr' id='par_1_106' title="bbox 2191 5194 3837 5269">
     <span class='ocr_line' id='line_1_107' title="bbox 2191 5194 3837 5269; baseline -0.003 -17"><span class='ocrx_word' id='word_1_812' title='bbox 2191 5196 2450 5268; x_wconf 87' lang='lat' dir='ltr'>publicas</span> <span class='ocrx_word' id='word_1_813' title='bbox 2472 5213 2577 5268; x_wconf 91' lang='lat' dir='ltr'>pro</span> <span class='ocrx_word' id='word_1_814' title='bbox 2612 5197 2724 5252; x_wconf 91' lang='lat' dir='ltr'>illis</span> <span class='ocrx_word' id='word_1_815' title='bbox 2746 5195 3050 5269; x_wconf 85' lang='lat' dir='ltr'>pensiones</span> <span class='ocrx_word' id='word_1_816' title='bbox 3068 5197 3386 5262; x_wconf 77' lang='lat' dir='ltr'>conferant,</span> <span class='ocrx_word' id='word_1_817' title='bbox 3403 5194 3476 5248; x_wconf 86' lang='lat' dir='ltr'>ab</span> <span class='ocrx_word' id='word_1_818' title='bbox 3493 5194 3714 5248; x_wconf 89' lang='lat' dir='ltr'>iisdem</span> <span class='ocrx_word' id='word_1_819' title='bbox 3745 5211 3837 5248; x_wconf 85' lang='lat' dir='ltr'>ac-</span> 
     </span>
    </p>
   </div>
   <div class='ocr_carea' id='block_1_107' title="bbox 2193 5288 3842 5362">
    <p class='ocr_par' dir='ltr' id='par_1_107' title="bbox 2193 5288 3842 5362">
     <span class='ocr_line' id='line_1_108' title="bbox 2193 5288 3842 5362; baseline -0.003 -16"><span class='ocrx_word' id='word_1_820' title='bbox 2193 5291 2370 5362; x_wconf 87' lang='lat' dir='ltr'>ceptis</span> <span class='ocrx_word' id='word_1_821' title='bbox 2415 5291 2800 5347; x_wconf 87' lang='lat' dir='ltr'>immobilibus</span> <span class='ocrx_word' id='word_1_822' title='bbox 2841 5308 2874 5346; x_wconf 88' lang='lat' dir='ltr'>a</span> <span class='ocrx_word' id='word_1_823' title='bbox 2921 5291 3150 5346; x_wconf 91' lang='lat' dir='ltr'>nemine</span> <span class='ocrx_word' id='word_1_824' title='bbox 3181 5288 3480 5345; x_wconf 68' lang='lat' dir='ltr'>laedendis.</span> <span class='ocrx_word' id='word_1_825' title='bbox 3522 5288 3842 5343; x_wconf 71' lang='lat' dir='ltr'>Haemticus</span> 
     </span>
    </p>
   </div>
   <div class='ocr_carea' id='block_1_108' title="bbox 2194 5383 3839 5458">
    <p class='ocr_par' dir='ltr' id='par_1_108' title="bbox 2194 5383 3839 5458">
     <span class='ocr_line' id='line_1_109' title="bbox 2194 5383 3839 5458; baseline -0.002 -19"><span class='ocrx_word' id='word_1_826' title='bbox 2194 5401 2309 5440; x_wconf 91' lang='lat' dir='ltr'>non</span> <span class='ocrx_word' id='word_1_827' title='bbox 2335 5385 2643 5457; x_wconf 87' lang='lat' dir='ltr'>baptizato,</span> <span class='ocrx_word' id='word_1_828' title='bbox 2671 5385 2744 5440; x_wconf 90' lang='lat' dir='ltr'>ad</span> <span class='ocrx_word' id='word_1_829' title='bbox 2775 5385 3188 5458; x_wconf 87' lang='lat' dir='ltr'>rempublicam</span> <span class='ocrx_word' id='word_1_830' title='bbox 3209 5400 3326 5440; x_wconf 91' lang='lat' dir='ltr'>non</span> <span class='ocrx_word' id='word_1_831' title='bbox 3359 5383 3646 5456; x_wconf 86' lang='lat' dir='ltr'>accedito,</span> <span class='ocrx_word' id='word_1_832' title='bbox 3677 5387 3839 5436; x_wconf 85' lang='lat' dir='ltr'>cate-</span> 
     </span>
    </p>
   </div>
   <div class='ocr_carea' id='block_1_109' title="bbox 2193 5474 3840 5535">
    <p class='ocr_par' dir='ltr' id='par_1_109' title="bbox 2193 5474 3840 5535">
     <span class='ocr_line' id='line_1_110' title="bbox 2193 5474 3840 5535; baseline -0.003 -1"><span class='ocrx_word' id='word_1_833' title='bbox 2193 5479 2544 5534; x_wconf 90' lang='lat' dir='ltr'>chumenum</span> <span class='ocrx_word' id='word_1_834' title='bbox 2573 5496 2689 5534; x_wconf 90' lang='lat' dir='ltr'>non</span> <span class='ocrx_word' id='word_1_835' title='bbox 2710 5479 3122 5535; x_wconf 89' lang='lat' dir='ltr'>circumcidito.</span> <span class='ocrx_word' id='word_1_836' title='bbox 3138 5478 3302 5534; x_wconf 86' lang='lat' dir='ltr'>Nulla</span> <span class='ocrx_word' id='word_1_837' title='bbox 3329 5476 3572 5532; x_wconf 90' lang='lat' dir='ltr'>omnino</span> <span class='ocrx_word' id='word_1_838' title='bbox 3594 5474 3840 5530; x_wconf 60' lang='lat' dir='ltr'>haeresis</span> 
     </span>
    </p>
   </div>
   <div class='ocr_carea' id='block_1_110' title="bbox 2195 5569 3840 5640">
    <p class='ocr_par' dir='ltr' id='par_1_110' title="bbox 2195 5569 3840 5640">
     <span class='ocr_line' id='line_1_111' title="bbox 2195 5569 3840 5640; baseline -0.004 -12"><span class='ocrx_word' id='word_1_839' title='bbox 2195 5573 2437 5629; x_wconf 90' lang='lat' dir='ltr'>domum</span> <span class='ocrx_word' id='word_1_840' title='bbox 2465 5577 2565 5628; x_wconf 89' lang='lat' dir='ltr'>aut</span> <span class='ocrx_word' id='word_1_841' title='bbox 2595 5575 2784 5629; x_wconf 88' lang='lat' dir='ltr'>locum</span> <span class='ocrx_word' id='word_1_842' title='bbox 2812 5571 3088 5630; x_wconf 85' lang='lat' dir='ltr'>orationis</span> <span class='ocrx_word' id='word_1_843' title='bbox 3117 5572 3351 5627; x_wconf 88' lang='lat' dir='ltr'>habeto.</span> <span class='ocrx_word' id='word_1_844' title='bbox 3382 5569 3840 5640; x_wconf 74' lang='lat' dir='ltr'>Carthaginien~</span> 
     </span>
    </p>
   </div>
   <div class='ocr_carea' id='block_1_111' title="bbox 2193 5663 3838 5739">
    <p class='ocr_par' dir='ltr' id='par_1_111' title="bbox 2193 5663 3838 5739">
     <span class='ocr_line' id='line_1_112' title="bbox 2193 5663 3838 5739; baseline -0.002 -20"><span class='ocrx_word' id='word_1_845' title='bbox 2193 5667 2269 5720; x_wconf 91' lang='lat' dir='ltr'>sis</span> <span class='ocrx_word' id='word_1_846' title='bbox 2299 5667 2544 5723; x_wconf 87' lang='lat' dir='ltr'>Ecclesia</span> <span class='ocrx_word' id='word_1_847' title='bbox 2568 5667 2865 5739; x_wconf 88' lang='lat' dir='ltr'>privilegia</span> <span class='ocrx_word' id='word_1_848' title='bbox 2891 5667 3167 5733; x_wconf 90' lang='lat' dir='ltr'>obtineto,</span> <span class='ocrx_word' id='word_1_849' title='bbox 3212 5681 3342 5736; x_wconf 71' lang='lat' dir='ltr'>quae</span> <span class='ocrx_word' id='word_1_850' title='bbox 3391 5664 3452 5718; x_wconf 94' lang='lat' dir='ltr'>in</span> <span class='ocrx_word' id='word_1_851' title='bbox 3497 5663 3838 5718; x_wconf 82' lang='lat' dir='ltr'>universum</span> 
     </span>
    </p>
   </div>
   <div class='ocr_carea' id='block_1_112' title="bbox 2193 5758 3513 5817">
    <p class='ocr_par' dir='ltr' id='par_1_112' title="bbox 2193 5758 3513 5817">
     <span class='ocr_line' id='line_1_113' title="bbox 2193 5758 3513 5817; baseline -0.002 -3"><span class='ocrx_word' id='word_1_852' title='bbox 2193 5759 2264 5814; x_wconf 91' lang='lat' dir='ltr'>de</span> <span class='ocrx_word' id='word_1_853' title='bbox 2295 5761 2562 5817; x_wconf 89' lang='lat' dir='ltr'>omnibus</span> <span class='ocrx_word' id='word_1_854' title='bbox 2589 5761 2740 5816; x_wconf 87' lang='lat' dir='ltr'>dicta</span> <span class='ocrx_word' id='word_1_855' title='bbox 2764 5765 2898 5816; x_wconf 88' lang='lat' dir='ltr'>sunt</span> <span class='ocrx_word' id='word_1_856' title='bbox 2922 5760 3174 5816; x_wconf 89' lang='lat' dir='ltr'>ecclesiis</span> <span class='ocrx_word' id='word_1_857' title='bbox 3197 5760 3256 5814; x_wconf 94' lang='lat' dir='ltr'>in</span> <span class='ocrx_word' id='word_1_858' title='bbox 3288 5758 3513 5814; x_wconf 87' lang='lat' dir='ltr'>Codice.</span> 
     </span>
    </p>
   </div>
   <div class='ocr_carea' id='block_1_113' title="bbox 2264 5848 3838 5928">
    <p class='ocr_par' dir='ltr' id='par_1_113' title="bbox 2264 5848 3838 5928">
     <span class='ocr_line' id='line_1_114' title="bbox 2264 5848 3838 5928; baseline -0.004 -17"><span class='ocrx_word' id='word_1_859' title='bbox 2264 5853 2374 5918; x_wconf 87' lang='lat' dir='ltr'>Qui</span> <span class='ocrx_word' id='word_1_860' title='bbox 2405 5854 2479 5911; x_wconf 88' lang='lat' dir='ltr'>ad</span> <span class='ocrx_word' id='word_1_861' title='bbox 2501 5855 3039 5928; x_wconf 83' lang='lat' dir='ltr'>Carthaginiensem</span> <span class='ocrx_word' id='word_1_862' title='bbox 3072 5852 3367 5911; x_wconf 84' lang='lat' dir='ltr'>ecclesiam</span> <span class='ocrx_word' id='word_1_863' title='bbox 3395 5851 3754 5926; x_wconf 85' lang='lat' dir='ltr'>confugerit,</span> <span class='ocrx_word' id='word_1_864' title='bbox 3786 5848 3838 5904; x_wconf 85' lang='lat' dir='ltr'>si</span> 
     </span>
    </p>
   </div>
  </div>
