4054 6186
214 285 316 335 973

1063 284 1424 340 JL'STINIANI
1467 283 1794 339 NUVELLJS
1833 283 2166 338 SEI.EC.'1‘.£.
2210 283 2517 337 NUVELLA
2560 283 2712 338 XLII.

3473 289 3576 342 974

207 389 612 462 impunitatem
646 389 871 458 habeto,
911 391 1019 446 nisi
1060 392 1464 459 homicidium,
1495 395 1595 446 aut
1617 393 1844 462 raptum
1865 404 1925 477 Α
1945 389 2194 445 inducat.
2241 389 2540 445 Enimvero
2590 385 2775 462 neque
2822 389 3160 445 sententiam
3189 389 3342 462 juste
3381 399 3576 449 contra

207 483 468 556 virginis,
503 490 601 540 aut
624 485 737 539 vim
763 485 823 540 in
848 485 1231 542 Christianum
1249 484 1563 551 admiserit.
1591 484 1846 540 Ecclesiis

207 578 414 633 Africae
442 578 513 633 ab
542 578 732 650 aliquo
759 597 861 652 pro
887 597 987 636 sua
1020 579 1196 653 ipsius
1229 579 1410 636 salute
1455 579 1660 650 oblata,
1684 597 1717 634 a
1743 594 1845 634 ne-

207 672 368 726 mine
399 689 626 745 prorsus
655 673 1009 730 auferuntor.

284 767 398 824 Hoc
425 767 543 840 ipse
574 768 915 840 generaliter
935 769 1003 824 de
1031 768 1293 824 omnibus
1311 765 1561 824 ecclesiis
1586 767 1844 840 accipito.

787 885 1093 940 NOVELLA
1119 886 1274 942 XLII.

217 980 286 1036 Ut
310 981 624 1042 Anthimus,
662 981 909 1040 Severus,
937 982 1148 1040 Petrus.
1177 981 1392 1040 Zooras,
1421 982 1473 1032 et
1506 977 1710 1047 reliqui
1733 979 1844 1033 h2-

453 1053 607 1106 retici
632 1051 981 1105 ecclesiastico
1016 1051 1194 1120 gradu
1224 1049 1608 1104 detrahantur.

287 1145 441 1200 Idem
469 1149 756 1216 Augustus
785 1145 1000 1198 Mennaa
1031 1143 1382 1198 sanctissimo
1430 1148 1486 1198 et
1522 1142 1846 1198 beatissimo

208 1239 630 1310 archiepiscopo
669 1237 1306 1309 Constantinopolitano,
1337 1236 1698 1308 universique
1727 1236 1848 1308 ejus

210 1339 429 1391 tractus
457 1333 813 1406 patriarchae.

286 1429 413 1483 Non
437 1427 719 1482 insolitam
737 1426 1116 1498 imperatoriae
1143 1425 1421 1497 majestati
1445 1442 1567 1480 rem
1592 1428 1845 1497 agentes,

214 1522 288 1577 ad
330 1527 671 1594 praesentem
723 1521 909 1592 legem
960 1519 1344 1592 pervenimus.
1396 1518 1848 1590 Quotiescunque

213 1617 376 1672 enim
410 1615 763 1670 sacerdotum
805 1613 1096 1668 sententiae
1135 1613 1352 1685 aliquos
1388 1612 1486 1684 qui
1545 1612 1848 1668 sacerdotio

211 1709 440 1782 indigni
490 1713 677 1765 essent
727 1707 1162 1764 sacerdotalibus
1203 1707 1576 1762 deturbarunt
1623 1707 1849 1762 sedibus

1945 484 2216 540 Severum
2244 484 2683 555 promulgatam,
2721 489 2778 540 et
2807 500 2877 538 ex
2905 483 3166 538 omnibus
3197 485 3575 558 archiepisco-

1943 578 2164 650 palibus
2189 583 2244 632 et
2267 577 2740 650 patriarchalibus
2753 577 2979 633 sedibus
3001 595 3115 632 una
3134 595 3265 633 cum
3281 580 3582 650 prudentia

1946 671 2275 726 monachali
2300 671 2719 742 procedentem,
2753 677 3005 730 exortem
3031 672 3474 729 conﬁrmationis
3497 691 3580 730 re-

1947 766 2058 838 giae
2081 765 2378 836 efﬁcimus,
2407 765 2504 837 qui
2546 765 2702 838 prius
2745 772 3110 821 sacrosanctae
3147 767 3577 838 Theopolitano-

1945 876 2075 915 rum
2104 859 2362 916 Ecclesia:
2391 860 2521 914 sede
2559 865 2755 914 contra
2785 877 2973 915 sacros
3015 859 3154 914 ritus
3183 866 3475 933 occupata,
3505 863 3583 918 ita
3612 841 3616 846 I

1945 954 2143 1008 omnia
2169 954 2540 1022 conturbavit,
2573 953 2649 1009 ita
2685 953 3019 1009 conturbata
3073 956 3487 1024 transmutavit,
3519 962 3586 1012 ut

1949 1049 2208 1120 generale
2263 1048 2548 1120 quoddam
2584 1053 2640 1102 et
2681 1048 2892 1120 absque
2934 1047 3219 1103 fecialium
3261 1049 3584 1106 interventu
3632 1078 3640 1081 -

1947 1148 2275 1214 susceptum
2303 1141 2666 1196 sacrosanctis
2701 1141 2852 1196 inter
2880 1158 2939 1197 se
2969 1142 3215 1197 ecclesiis
3239 1142 3459 1200 bellum
3489 1143 3578 1200 in-

1945 1236 2094 1291 ferre
2122 1235 2393 1290 videatur.
2423 1239 2605 1306 Atque
2635 1235 2739 1290 hoc
2766 1236 2936 1290 etiam
2962 1236 3032 1290 ab
3057 1235 3146 1290 his
3193 1237 3286 1308 qui
3315 1243 3443 1294 ante
3469 1255 3584 1310 nos

1947 1334 2166 1402 sceptra
2204 1329 2428 1400 imperii
2454 1333 2780 1399 tenuerunt,
2809 1330 2879 1385 ad
2908 1329 3099 1400 ipsum
3125 1331 3399 1401 scriptum
3440 1349 3581 1401 esse,

1946 1428 2064 1478 tam
2089 1423 2255 1478 variis
2289 1429 2458 1495 atque
2475 1427 2626 1478 recto
2647 1423 2844 1478 alienis
2860 1424 3190 1495 dogmatum
3209 1425 3501 1481 fraudibus
3520 1444 3584 1482 ac

1947 1517 2316 1590 blasphemiis
2343 1521 2621 1588 utentem,
2643 1533 2815 1588 quam
2837 1517 3030 1572 omnia
3051 1517 3171 1589 jam
3192 1535 3344 1573 nunc
3364 1525 3587 1591 pertur-

1946 1611 2078 1666 bata
2100 1611 2450 1679 reddentem,
2482 1615 2538 1667 et
2562 1611 2630 1666 de
2657 1628 2850 1666 errore
2882 1611 3066 1666 solum
3092 1611 3388 1684 utriusque
3410 1613 3586 1669 haere-

1949 1704 2182 1758 siarchas
2211 1705 2226 1775 (
2251 1704 2490 1759 Nestorii
2513 1704 2721 1759 scilicet
2747 1707 2804 1760 et
2832 1705 3174 1778 Eutychetis)
3206 1705 3418 1760 haustis
3446 1706 3582 1761 abo-

218 1804 406 1875 (quale
431 1803 521 1872 sit,
550 1802 888 1872 Nestorium,
919 1802 1305 1873 Eutychetem,
1335 1801 1556 1871 Arium,
1595 1801 1847 1856 Macedo-
1870 1782 1926 1854 B
1951 1798 2232 1854 minandis
2262 1804 2318 1854 et
2349 1815 2480 1854 cum
2509 1798 2782 1870 religione
2814 1799 3198 1871 pugnantibus
3227 1800 3587 1872 dogmatibus

213 1898 401 1966 nium,
447 1897 806 1964 Eunomium,
841 1899 898 1949 et
941 1895 1083 1950 alius
1110 1912 1224 1949 non
1261 1894 1525 1950 inferiore
1554 1911 1729 1966 quam
1771 1894 1852 1950 illi
1948 1893 2307 1962 innitentem,
2353 1898 2408 1948 et
2432 1891 2730 1964 utriusque
2769 1893 2990 1961 horum
3031 1894 3587 1964 perversissimorum

213 1991 478 2063 malitia),
499 1991 663 2046 toties
680 1990 848 2045 etiam
872 1990 942 2044 ad
962 1989 1315 2044 sacerdotum
1338 1987 1730 2043 auctoritatem
1749 1988 1852 2042 im-
1950 1987 2180 2054 ducum,
2215 1987 2312 2057 qui
2355 1986 2579 2041 tametsi
2627 1987 2887 2041 nonnihil
2918 1987 3067 2042 inter
3102 2004 3158 2042 se
3202 1988 3474 2042 dissidere
3500 1990 3584 2044 vi-

212 2086 494 2156 peratoris
519 2101 824 2139 consensus
844 2083 1096 2153 accessit,
1127 2088 1188 2137 ut
1213 2082 1401 2137 divina
1425 2099 1557 2137 cum
1586 2083 1850 2137 humanis
1949 2081 2207 2146 deantur,
2234 2080 2303 2134 ad
2329 2097 2512 2134 unum
2541 2086 2729 2135 tamen
2770 2080 3074 2152 impietatis
3110 2082 3284 2136 finem
3321 2082 3582 2153 tendunt,

211 2179 498 2247 coeuntia,
528 2178 693 2232 rectis
717 2177 1008 2232 sententiis
1034 2176 1432 2247 symphoniam
1461 2176 1768 2248 quamdam
1796 2178 1853 2230 et
1911 2240 1926 2251 _
1948 2174 2195 2228 notorias
2221 2174 2630 2244 disputationes
2655 2174 3040 2246 efﬁngentem.
3065 2175 3202 2229 Nam
3219 2193 3349 2230 cum
3369 2176 3482 2232 duo
3503 2175 3588 2231 in-

208 2289 394 2327 unam
424 2271 847 2327 consonantiam
872 2271 1223 2325 inducerent.
1247 2269 1437 2326 Simile
1462 2270 1734 2341 quiddam
1751 2286 1854 2324 nu-

209 2382 324 2438 per
347 2366 495 2420 circa
536 2365 875 2420 Anthimum
907 2365 1157 2419 evenisse
1191 2363 1419 2434 scimus,
1450 2367 1569 2418 tam
1590 2363 1674 2436 .ab
1701 2366 1850 2435 Aga-

211 2464 351 2532 peto
376 2459 650 2531 religiosae
680 2465 736 2514 et
774 2459 1122 2514 celebrandae
1153 2458 1460 2528 memoriae,
1491 2457 1733 2528 praesule
1765 2475 1849 2511 sa-

215 2560 525 2609 crosanctae
540 2555 601 2608 in
622 2559 807 2608 vetere
834 2554 1011 2608 Roma
1039 2552 1283 2608 ecclesia:
1308 2551 1630 2622 constituto,
1663 2567 1694 2606 e
1723 2551 1852 2606 sede

215 2647 394 2718 hujus
419 2648 592 2720 regia:
622 2647 775 2702 urbis
796 2647 1116 2718 depulsum,
1147 2649 1209 2700 ut
1233 2647 1331 2718 qui
1362 2646 1418 2700 in
1447 2645 1639 2701 sedem
1669 2659 1853 2717 neque

216 2742 338 2796 ulla
365 2742 470 2796 sibi
499 2742 713 2796 ratione
739 2747 1178 2813 computantem,
1204 2746 1260 2796 et
1293 2744 1498 2812 prmter
1534 2756 1730 2794 omnes
1759 2755 1850 2793 ca-

213 2853 399 2891 nones
427 2835 728 2906 insiliisset,
757 2853 929 2907 quam
959 2835 1252 2889 communi
1279 2833 1584 2904 sententia;
1621 2833 1854 2904 ejusque

213 2929 328 2984 viri
367 2933 574 2984 sanctae
611 2930 904 2984 memoria:
945 2929 1138 2982 multis
1179 2927 1504 2982 nominibus
1543 2926 1856 2981 exosculari

211 3023 509 3078 videretur
537 3024 609 3086 (id
639 3023 789 3095 quod
819 3023 983 3077 variis
1010 3023 1371 3094 postmodum
1401 3021 1737 3076 commentis
1771 3036 1854 3074 re-

1951 2272 2038 2323 ter
2066 2285 2123 2322 se
2149 2268 2433 2322 contraria
2474 2268 2587 2322 sint
2631 2269 2920 2340 dogmata,
2962 2274 3076 2323 tam
3117 2269 3372 2336 Nestorii,
3414 2286 3586 2341 quam

1952 2362 2276 2433 Eutychetis
2300 2362 2387 2435 (ut
2414 2361 2672 2434 diximus)
2701 2379 2945 2433 quorum
2991 2367 3292 2434 utrumque
3329 2380 3395 2417 ex
3424 2379 3588 2434 aequo

1952 2459 2196 2510 mortem
2222 2456 2427 2510 animas
2449 2456 2736 2528 importat,
2767 2473 2896 2527 quae
2925 2473 2994 2510 ex
3023 2455 3162 2528 ipsis
3181 2457 3516 2511 Arianorum
3533 2461 3590 2511 et

1951 2549 2287 2621 Apollinaris
2315 2549 2698 2621 impiamentis
2723 2555 2998 2620 constant,
3027 2549 3360 2605 mirabiliter
3399 2554 3590 2606 tamen

1952 2647 2009 2698 et
2027 2651 2236 2714 preter
2250 2643 2576 2716 opinionem
2596 2645 2716 2715 ipse
2735 2643 2986 2712 aliectus,
3016 2643 3274 2699 similiter
3295 2644 3353 2698 in
3374 2651 3590 2700 utrum-

1952 2754 2063 2808 que
2087 2737 2306 2806 incidit,
2349 2742 2406 2799 et
2450 2755 2601 2792 nunc
2640 2737 2794 2807 huic,
2824 2753 2978 2792 nunc
3014 2737 3097 2792 illi
3139 2736 3356 2808 primas
3401 2744 3590 2809 partes

1953 2832 2232 2901 deferens,
2267 2847 2566 2886 commune
2593 2847 2651 2886 se
2691 2847 2937 2902 suosque
2971 2847 3258 2886 sermones
3303 2836 3589 2886 tantorum

1951 2925 2302 2997 piaculorum
2345 2925 2764 2997 receptaculum
2803 2925 3162 2980 constituisse
3188 2924 3428 2981 videtur.
3457 2927 3589 2981 Esto

1951 3019 2128 3091 igitur
2153 3025 2209 3075 et
2246 3020 2367 3090 ipse
2406 3020 2677 3092 przedicto
2721 3018 3066 3074 anathemati
3112 3018 3410 3089 obnoxius,
3441 3020 3594 3092 quod

210 3117 410 3190 fugit),
438 3118 708 3172 simulans
748 3118 979 3188 quidem
1019 3120 1206 3171 sancta
1245 3133 1303 3171 se
1344 3121 1591 3188 quatuor
1623 3113 1854 3170 concilia
1877 3161 1928 3190 η
1955 3114 2248 3169 universus
2287 3113 2670 3186 patriachalis,
2723 3113 3088 3168 sacordotalis
3138 3117 3196 3168 et
3243 3112 3594 3169 monachalis

212 3212 400 3284 sequi,
432 3228 637 3283 nempe
666 3215 1048 3266 trecentorum
1077 3211 1272 3266 decem
1305 3216 1361 3266 et
1385 3215 1509 3265 octo
1537 3215 1856 3264 sanctorum

212 3307 455 3362 Patrum
487 3307 687 3373 Niceae,
711 3312 940 3362 centum
969 3311 1024 3360 et
1049 3305 1467 3377 quinquaginta
1490 3305 1551 3359 in
1577 3305 1681 3358 hac
1711 3303 1860 3358 alma

213 3400 386 3471 urbe,
411 3401 783 3456 ducentorum
809 3406 1079 3472 prieterea
1102 3399 1308 3470 Ephesi
1337 3399 1587 3470 primum
1616 3413 1856 3468 congre-

217 3501 507 3566 gatarum,
546 3511 730 3566 neque
759 3511 876 3549 non
906 3493 1003 3548 Dei
1026 3493 1545 3548 amantissimorum
1574 3495 1860 3545 sexcento-

214 3605 357 3644 rum
401 3593 458 3643 et
500 3588 735 3659 triginta
772 3589 1006 3643 Patrum
1051 3587 1408 3656 Chalcedoni,
1456 3603 1572 3640 non
1611 3601 1744 3639 vero
1795 3599 1857 3639 re

212 3682 346 3754 ipsa
399 3682 623 3736 illorum
674 3683 944 3754 dogmata
991 3697 1353 3754 consequens,
1377 3696 1559 3750 neque
1602 3682 1858 3733 nostram

211 3775 634 3846 benignitatem
661 3780 719 3831 et
742 3775 1196 3845 submissionem,
1219 3791 1391 3846 quam
1411 3791 1514 3846 pro
1534 3773 1656 3844 ejus
1681 3772 1857 3826 salute

217 3871 572 3942 suscepimus
599 3871 887 3942 amplecti,
920 3887 1105 3942 neque
1139 3869 1469 3925 renuntiare
1504 3871 1622 3922 tam
1646 3865 1855 3938 impio-

211 3981 351 4021 rum
379 3965 712 4036 dogmatum
738 3965 1060 4020 auctoribus
1099 3981 1132 4018 a
1159 3963 1364 4019 sanctis
1392 3961 1648 4017 Patribus
1675 3961 1735 4014 in
1763 3977 1854 4032 sy-

212 4060 386 4114 nodis
411 4060 634 4130 rejectis
662 4061 874 4128 volens,
909 4061 1004 4116 sed
1031 4065 1186 4115 ratus
1213 4058 1274 4113 in
1299 4073 1482 4114 unum
1510 4061 1567 4111 et
1591 4055 1857 4112 eumdem

212 4153 567 4209 auctoritatis
582 4155 820 4226 gradum
840 4161 1112 4227 utrosque
1129 4159 1246 4209 tam
1263 4152 1670 4208 condemnatos
1685 4165 1856 4222 quam

215 4249 322 4320 qui
343 4248 792 4319 condemnarint,
819 4248 1190 4304 collocandos.
1220 4247 1402 4303 Semel
1421 4246 1575 4301 enim
1600 4243 1852 4317 peregri-

216 4343 311 4398 nis
329 4359 364 4396 a
387 4347 737 4398 sacrosancta
757 4343 1000 4398 Ecclesia
1019 4341 1455 4414 cogitationibus
1479 4339 1852 4410 mancipatus,

218 4440 280 4491 et
309 4453 344 4490 a
364 4437 530 4492 rectis
554 4437 912 4508 dogmatibus
936 4437 1156 4492 alienus
1179 4437 1378 4503 factus,
1411 4433 1614 4489 merito
1661 4432 1734 4486 ad
1759 4448 1853 4488 eo-

1876 3161 1931 3236 C

1957 3209 2281 3280 reipublicae
2311 3212 2516 3262 nostra:
2557 3209 2640 3278 (ut
2664 3207 2741 3263 ita
2769 3207 3043 3280 dicamus)
3066 3208 3207 3262 ordo
3227 3207 3380 3279 juste
3419 3208 3474 3264 ei
3496 3208 3589 3262 in-

1957 3303 2138 3373 duxit,
2167 3319 2236 3358 ex
2267 3302 2812 3373 Theopolitanorum
2839 3301 3084 3356 Ecclesia
3103 3301 3312 3372 ejectus
3336 3304 3593 3372 propter-

1957 3414 2023 3452 ea
2050 3397 2202 3468 quod
2233 3401 2288 3450 et
2315 3396 2470 3449 illius
2514 3395 2670 3449 urbis
2713 3394 2873 3448 sedes
2915 3411 3048 3448 eum
3091 3394 3383 3465 repulerit,
3432 3395 3593 3466 quasi

1957 3491 2058 3563 qui
2082 3508 2154 3545 ne
2175 3490 2336 3544 initio
2353 3489 2585 3561 quidem
2603 3488 2707 3543 rite
2722 3488 2907 3558 ipsam
2925 3488 3233 3560 occuparit,
3253 3489 3474 3542 vivente
3503 3489 3590 3543 ni-

1957 3585 2170 3640 mirum
2207 3585 2390 3638 adhuc
2429 3587 2486 3637 et
2522 3583 2582 3636 in
2617 3582 2983 3637 sacrosanctis
3013 3582 3260 3638 ecclesiis
3289 3581 3422 3637 hinc
3459 3581 3590 3639 inde

1956 3697 2137 3734 sacras
2165 3679 2457 3734 conciones
2484 3677 2724 3731 habente
2753 3693 2818 3732 eo
2847 3675 2947 3748 qui
2971 3681 3103 3732 ante
3129 3677 3316 3748 ipsum
3334 3677 3586 3732 sacerdo-

1955 3775 2034 3830 tio
2064 3774 2290 3828 functus
2327 3778 2441 3842 est;
2467 3777 2525 3827 et
2553 3787 2705 3826 nunc
2734 3787 2768 3825 a
2791 3788 3108 3826 successore
3145 3788 3247 3826 suo
3284 3771 3591 3827 sacerdotio

1957 3869 2213 3924 exclusus
2238 3867 2346 3936 sit;
2380 3882 2568 3937 neque
2591 3865 2741 3920 intra
2768 3865 2933 3920 hosce
2962 3869 3186 3921 tantum
3215 3865 3490 3922 terminos
3507 3883 3595 3923 re-

1955 3958 2178 4032 stiterit,
2210 3962 2306 4018 scd
2322 3961 2443 4034 jam
2463 3961 2634 4016 etiam
2659 3961 2763 4016 sub
2786 3961 3052 4033 generale
3071 3961 3378 4018 anathema
3401 3961 3594 4017 ortho-

1957 4061 2120 4117 doxae
2149 4067 2207 4118 et
2235 4059 2521 4117 catholicae
2563 4053 2838 4115 Ecclesiae
2878 4060 3123 4132 rejectus
3167 4060 3258 4130 sit,
3299 4065 3356 4116 et
3395 4061 3590 4116 multis

1957 4156 2244 4212 maledicis
2267 4161 2322 4211 et
2347 4153 2644 4227 prohibitis
2672 4153 2828 4209 libris
2859 4153 3266 4225 rempublicam
3305 4153 3469 4208 nobis
3494 4169 3585 4208 re-

1954 4251 2194 4307 ferserit.
2218 4250 2373 4305 Unde
2389 4250 2448 4304 in
2477 4249 2802 4303 universum
2825 4247 3090 4302 omnibus
3108 4243 3501 4301 interdicimus
3515 4261 3587 4301 ne

1955 4346 2091 4418 quid
2135 4345 2414 4399 librorum
2461 4343 2582 4414 ejus
2629 4345 2982 4414 comparent.
3017 4341 3084 4395 Et
3107 4339 3589 4412 quemadmodum

1956 4439 2194 4494 Nestorii
2223 4438 2394 4492 libros
2423 4436 2736 4492 describere
2775 4441 2874 4490 aut
2918 4450 3248 4506 comparare
3286 4449 3405 4488 non
3437 4433 3584 4502 licet,

214 4546 353 4586 rum
380 4531 778 4586 rectitudinem
818 4531 1044 4604 regredi
1071 4547 1187 4586 non
1227 4529 1424 4600 valuit,
1453 4542 1782 4599 quanquam
1821 4541 1855 4580 ἃ
1873 4545 1932 4618 D
1953 4537 2255 4607 propterea
2290 4531 2444 4604 quod
2463 4535 2595 4586 ante
2627 4547 2726 4584 nos
2755 4527 3190 4602 imperatoribus
3225 4529 3287 4582 in
3317 4527 3432 4582 suis
3461 4543 3589 4583 con-

211 4623 384 4681 nobis
411 4642 635 4698 quoque
660 4625 961 4698 diligenter
988 4631 1045 4682 et
1070 4641 1294 4681 summo
1322 4621 1506 4678 studio
1533 4621 1605 4676 ad
1625 4620 1748 4692 ejus
1773 4636 1854 4675 sa-

213 4720 403 4775 lutem
419 4721 910 4793 contendentibus,
929 4725 1368 4778 commonstrata
1378 4719 1488 4788 via,
1501 4717 1852 4774 admonitus.

214 4815 459 4887 Propter
481 4816 676 4871 omnia
700 4817 824 4872 haec
847 4817 1042 4888 igitur,
1067 4833 1196 4889 qua:
1223 4831 1354 4870 cum
1380 4815 1501 4895 ipso
1527 4818 1684 4886 gesta
1702 4815 1852 4880 sunt,

214 4913 276 4966 et
331 4909 702 4982 depositionis
743 4927 778 4965 a
823 4911 1006 4984 gradu
1037 4909 1408 4967 ecclesiastico
1442 4905 1779 4965 sententiam
1824 4922 1857 4960 a

214 5008 414 5058 sancta
437 5005 651 5078 synodo
677 5009 794 5060 tam
818 5022 922 5078 per
945 5022 1178 5061 causam
1203 5003 1412 5060 illicitae
1437 5019 1622 5076 neque
1648 5017 1752 5074 per
1778 5015 1860 5055 sa-

215 5114 349 5152 cros
377 5115 618 5155 canones
657 5100 982 5173 approbata
1011 5101 1070 5156 in
1095 5099 1464 5156 sacerdotales
1489 5097 1658 5168 hujus
1688 5094 1859 5166 regias

215 5192 386 5248 urbis
424 5194 583 5249 sedes
610 5193 958 5266 irreptionis,
987 5211 1161 5268 quam
1195 5212 1230 5250 a
1265 5193 1433 5250 rectis
1471 5197 1529 5246 et
1569 5189 1717 5245 veris
1759 5187 1858 5242 do-

221 5287 512 5360 gmatibus
557 5288 892 5344 diversionis
936 5290 1236 5362 prolatam,
1281 5294 1461 5344 ratam
1502 5289 1693 5340 nostra
1727 5282 1864 5337 facit

219 5382 510 5454 majestas,
540 5384 722 5456 deque
747 5383 816 5439 iis
843 5389 1186 5456 praesentem
1224 5383 1412 5455 legem
1451 5377 1768 5436 conscribit.
1798 5377 1864 5431 Et

220 5476 620 5533 interdicimus
671 5496 743 5534 ne
768 5479 827 5533 in
857 5479 1011 5534 alma
1046 5479 1151 5534 hac
1181 5477 1319 5533 urbe
1345 5479 1578 5548 ejusque
1607 5471 1864 5528 confiniis

221 5587 447 5626 moram
459 5573 665 5645 trahat,
680 5590 821 5629 neve
837 5574 900 5628 in
915 5575 1033 5630 ulla
1047 5574 1156 5629 insi
1162 5573 1432 5646 gniorum
1459 5569 1685 5624 urbium
1711 5564 1868 5638 quie-

1951 4627 2338 4685 stitutionibus
2392 4625 2692 4681 videantur
2744 4622 3049 4696 Porphyrii
3108 4622 3330 4695 scriptis
3394 4627 3590 4678 contra

1953 4723 2298 4780 Christianos
2327 4721 2490 4777 editis
2517 4718 2730 4774 similes
2768 4718 3032 4786 existere,
3061 4717 3139 4772 ita
3167 4733 3352 4790 neque
3395 4715 3589 4773 Severi

1954 4818 2102 4874 dicta
2127 4816 2400 4889 scriptave
2426 4813 2578 4886 apud
2608 4830 2953 4886 quemquam
2977 4811 3430 4869 Christianorum
3460 4825 3584 4866 ma-

1955 4916 2152 4979 nento,
2203 4910 2301 4965 sed
2339 4909 2576 4982 profana
2612 4913 2810 4977 sunto,
2863 4910 2923 4961 et
2961 4924 2995 4961 a
3030 4905 3302 4961 catholica
3344 4903 3589 4961 Ecclesia

1957 5007 2164 5076 aliena,
2188 5004 2424 5078 ignique
2451 5003 2858 5058 comburuntor
2877 5017 2911 5056 ε.
2933 4999 3362 5072 possessoribus,
3395 4997 3506 5054 nisi
3528 4997 3592 5052 ilo

1958 5101 2026 5156 lis
2053 5098 2361 5156 retinendis
2383 5098 2444 5153 in
2472 5097 2789 5170 periculum
2813 5095 3016 5150 adduci
3043 5094 3232 5150 velint.
3261 5094 3541 5149 Preterea
3557 5107 3592 5146 a

1959 5194 2188 5250 nemine
2215 5193 2274 5248 in
2303 5197 2595 5266 posterum
2609 5189 3052 5256 conscribuntor,
3076 5187 3190 5243 sive
3208 5187 3475 5244 librarius
3493 5186 3592 5242 alie

1960 5289 2107 5361 quis,
2141 5287 2254 5344 sive
2291 5286 2568 5356 notarius,
2601 5284 2714 5339 sive
2740 5283 3042 5355 quisquam
3069 5281 3216 5337 alius
3241 5281 3315 5338 sit
3351 5297 3366 5335 :
3408 5281 3591 5336 sciens

1962 5382 2114 5456 quod
2142 5382 2290 5438 illius
2309 5380 2458 5436 dicta
2480 5377 2964 5434 conscribentibus
2991 5377 3258 5433 abscissio
3294 5391 3496 5432 manus
3530 5373 3591 5428 in

1963 5491 2195 5550 poenam
2216 5473 2576 5545 irrogabitur.
2601 5471 2874 5528 Nolumus
2891 5471 3103 5528 etenim
3117 5477 3178 5526 ut
3196 5471 3428 5526 illorum
3445 5466 3592 5522 blas‘

1963 5569 2194 5643 phemia
2222 5568 2293 5623 ad
2338 5567 2448 5622 alia
2474 5572 2741 5640 prorepat
2769 5567 2997 5622 saecula.
3027 5563 3402 5624 Consimiliter
3425 5563 3484 5615 et
3512 5559 3594 5614 illi

222 5669 346 5721 tem
373 5670 506 5738 agat
537 5683 552 5721 :
583 5668 894 5723 sancientes
921 5674 984 5724 ut
1010 5685 1141 5724 cum
1181 5667 1272 5721 his
1304 5664 1626 5736 acquiescat
1663 5659 1868 5733 quibus
1966 5664 2135 5736 hujus
2164 5663 2336 5735 regite
2362 5661 2537 5732 urbis,
2589 5667 2819 5735 ejusque
2849 5660 3244 5727 conﬁniorum,
3271 5660 3328 5712 et
3351 5653 3591 5726 alicujus

223 5777 286 5815 5°
314 5759 556 5832 ἀίεηιιω
579 5763 844 5834 Ρτιὲδιιίῐ,
876 5779 1062 5836 neque
1083 5778 1216 5818 cum
1235 5759 1367 5817 ullis
1395 5757 1868 5814 Consuetudinem
1967 5756 2294 5832 insignioris
2323 5755 2562 5812 civitatis
2589 5756 2847 5830 ingressu
2876 5751 3288 5822 interdicimus;
3323 5749 3420 5804 sed
3447 5754 3514 5806 ut
3538 5748 3597 5804 in

224 5854 398 5927 ineat,
419 5861 518 5913 aut
542 5873 636 5912 eos
666 5857 724 5912 in
751 5858 1063 5930 perniciem
1089 5856 1508 5929 probibitorum
1538 5854 1868 5928 dogmatum
1968 5852 2084 5909 solo
2106 5853 2294 5928 aliquo
2325 5851 2450 5908 loco
2472 5856 2530 5908 et
2556 5850 2776 5909 silentio
2803 5845 3070 5918 desideat,
3102 5861 3286 5920 neque
3309 5843 3449 5899 alios
3475 5860 3596 5900 cora
