4056 6184
434 317 536 380 975
1443 372 1450 384 ,
1571 318 1828 378 saxeum
1865 310 2055 376 SEXTI
2095 284 2648 376 SUPPLEMENTUM.
3695 323 3792 374 9‘76

429 433 676 503 rumpat,
707 443 893 503 neque
907 429 978 484 ad
997 429 1358 501 proferendas
1382 429 1758 500 blasphemias
1772 445 1867 484 eos
1894 429 2060 485 indu-
2085 441 2145 514 Α
2163 431 2219 484 et
2247 429 2385 484 illud
2411 429 2704 498 habemus,
2733 427 3238 500 imperialibusque
3267 428 3324 482 id
3357 428 3578 500 legibus
3609 445 3796 483 corro-

431 529 538 593 cat,
568 541 752 596 neque
783 526 979 578 contra
1009 539 1142 578 vera
1183 523 1448 594 dogmata
1484 522 1615 577 novi
1657 523 1868 594 aliquid
1898 522 2054 578 inve-
2161 525 2448 593 boramus,
2472 523 2707 596 perinde
2727 523 2882 594 quasi
2903 523 2972 578 ab
2992 523 3112 595 ipsa
3127 522 3416 594 majestate
3437 522 3799 594 imperatoria

429 618 569 686 niat,
601 635 703 689 per
733 617 881 688 quod
917 617 1102 670 denuo
1149 617 1309 671 nobis
1350 619 1726 672 sacrosanctas
1757 616 2060 688 pertubare
2163 619 2480 691 prodiisset.
2509 617 2667 683 Quod
2697 616 2743 670 si
2767 616 2892 689 quis
2918 633 3118 672 eorum
3145 617 3411 671 adversus
3440 617 3564 670 haec
3589 621 3797 670 statuta

430 711 650 766 studeat
677 709 960 764 Ecclesias.
2162 713 2624 784 deprehendatur
2649 711 3027 782 delinqueret,
3042 711 3180 765 sciat
3195 705 3346 782 quod
3366 711 3425 764 in
3442 710 3634 765 civiles
3649 710 3796 780 leges

501 805 609 860 Sed
653 819 838 874 neque
879 805 1128 870 Petrum,
1174 803 1272 876 qui
1307 808 1570 876 Apameae
1598 805 1893 876 episcopus
1933 803 2059 871 fuit,
2162 805 2391 874 incidet,
2417 822 2544 876 quze
2585 805 2642 859 in
2682 805 2955 875 majorem
2987 803 3434 876 indignationem
3466 806 3526 858 et
3548 803 3796 858 animad-

428 901 709 952 rcmotum
736 912 770 949 a
797 896 978 967 gradu
1019 897 1416 966 ecclesiastico,
1451 903 1507 952 et
1533 897 1733 952 iisdem
1765 899 1832 952 de
1861 897 2059 964 causis,
2162 900 2480 954 versionem
2509 898 2817 969 conjiciunt
2847 915 2940 953 eos
2977 898 3076 970 qui
3121 914 3316 970 poenas
3354 897 3591 952 leviores
3626 897 3793 951 decli-

427 990 798 1062 quamobrem
849 989 1106 1057 Severus,
1153 991 1512 1046 anathemate
1554 991 1638 1062 (ut
1676 991 1894 1063 vocant)
1941 1007 2064 1062 per—
2161 997 2320 1048 nant.
2351 995 2538 1048 Poeno
2575 993 2837 1047 omnibus
2875 992 2976 1064 qui
3019 991 3105 1046 vel
3139 991 3450 1046 secundum
3487 990 3796 1045 doctrinam

431 1100 677 1153 cussum,
742 1084 1004 1155 majestas
1071 1084 1435 1155 imperatoria
1493 1085 1759 1140 admittit.
1791 1085 1898 1140 Sed
1945 1089 2064 1140 rata
2164 1085 2704 1154 dementisNestorii,
2724 1086 2810 1140 vel
2831 1085 3142 1140 secundum
3160 1084 3798 1140 stolidamtraditionem

421 1181 598 1232 sunto
642 1177 811 1232 etiam
852 1193 980 1249 quae
1028 1176 1296 1232 adversus
1336 1177 1524 1248 ipsum
1565 1178 1785 1232 decreta
1819 1181 1982 1232 sunt:
2009 1183 2065 1232 et
2163 1180 2508 1252 Eutychetis,
2537 1180 2624 1234 vel
2647 1179 2958 1235 secundum
2987 1179 3196 1248 Severi,
3221 1178 3320 1250 qui
3353 1179 3505 1234 idem
3533 1195 3664 1232 cum
3695 1177 3801 1232 illis

429 1270 907 1344 quemadmodum
942 1269 1044 1324 sub
1077 1271 1338 1342 generale
1361 1272 1664 1326 anathema
1681 1271 1938 1326 redactus
1958 1275 2059 1338 est,
2163 1274 2351 1342 sentit,
2372 1278 2470 1328 aut
2493 1273 2613 1328 illos
2633 1272 2992 1344 sequentium
3015 1272 3449 1344 blasphemiam,
3467 1271 3799 1326 catholicam

425 1365 506 1420 ita
531 1371 587 1420 et
631 1365 887 1420 redactus
929 1367 1068 1432 esto,
1111 1365 1389 1418 sententia
1433 1381 1560 1436 qum
1597 1365 1664 1418 de
1713 1363 1800 1418 his
1848 1364 1980 1436 ipsis
2030 1382 2060 1418 a
2164 1367 2260 1422 Dei
2315 1367 2615 1422 Ecclesiam
2651 1370 2928 1421 conantur
2972 1366 3265 1436 divellere,
3315 1365 3683 1437 prohibemus
3729 1382 3800 1419 ne

425 1458 790 1514 sanctissimis
823 1457 1062 1512 summis
1092 1457 1454 1528 pontificibus
1484 1457 1753 1528 processit
1781 1461 1904 1511 rata
1931 1475 2058 1528 per-
2163 1461 2443 1518 tumultus
2465 1459 2721 1515 Ecclesiis
2741 1459 3071 1529 immittant,
3090 1465 3189 1516 aut
3213 1460 3281 1514 de
3306 1458 3416 1514 fide
3442 1459 3659 1530 aliquid
3684 1459 3796 1513 dis-

427 1558 709 1608 manente.
741 1554 819 1605 Ac
848 1567 1033 1623 neque
1064 1551 1144 1604 illi
1173 1550 1554 1622 permittimus
1586 1554 1647 1605 ut
1671 1551 1820 1605 hanc
1847 1551 2065 1623 regiam
2164 1557 2372 1610 serant.
2400 1554 2507 1610 Sed
2537 1553 2822 1608 sancimus
2864 1558 2927 1608 ut
2964 1553 3355 1626 unusquisque
3401 1569 3599 1608 eorum
3628 1553 3798 1606 silen-

425 1646 653 1713 urbem,
685 1645 872 1716 ejusve
898 1644 1168 1711 confinia,
1207 1647 1306 1698 aut
1334 1644 1782 1716 praestantiorem
1815 1643 2064 1715 aliquam
2162 1647 2305 1703 tium
2335 1653 2488 1719 agat,
2521 1653 2577 1702 et
2601 1664 2786 1718 neque
2816 1648 2958 1702 ullos
2979 1648 3037 1701 in
3056 1663 3240 1702 unum
3265 1649 3590 1716 convocent,
3613 1661 3799 1716 neque

425 1740 705 1796 civitatem
737 1739 962 1808 incolat,
991 1738 1086 1792 sed
1112 1753 1360 1809 quorum
1398 1743 1622 1793 secutus
1661 1742 1744 1793 est
1787 1754 2059 1806 errorem,
2163 1742 2432 1796 adeuntes
2461 1741 2757 1812 recipiant,
2779 1757 2965 1812 neque
2991 1740 3310 1812 improbato
3331 1757 3489 1794 more
3515 1739 3798 1810 baptizare

427 1834 626 1889 horam
651 1833 906 1888 imitetur
920 1832 1091 1886 etiam
1106 1830 1160 1885 in
1177 1831 1434 1902 degenda
1449 1831 1559 1886 vita
1573 1831 1871 1899 rationem,
1889 1848 2062 1904 quam
2083 1819 2140 1892 B
2163 1840 2260 1890 aut
2285 1851 2501 1890 sacram
2513 1834 2975 1890 communionem
2990 1833 3288 1900 defoedare,
3304 1833 3659 1904 etaliquibus
3673 1849 3795 1888 eam

423 1927 754 2000 longissime
769 1926 838 1980 ab
853 1925 1152 1980 hominum
1169 1925 1572 1980 consuetudine
1597 1930 1868 1994 remotus,
1890 1941 2059 1997 seque
2159 1928 2516 1998 distribuere,
2549 1933 2647 1983 aut
2671 1928 2866 1983 vetitas
2897 1927 3180 1982 doctrinas
3217 1927 3520 1998 explanare
3549 1926 3798 1981 audeant

427 2021 615 2094 ipsum
642 2018 872 2075 latebris
901 2018 1203 2074 occultans.
1235 2018 1529 2090 Siquidem
1558 2019 1739 2074 multo
1767 2018 2056 2089 praestabi-
2161 2023 2246 2078 vel
2272 2021 2330 2076 in
2359 2021 2516 2093 regia
2553 2038 2616 2076 ac
2659 2025 2850 2076 nostra
2895 2020 3055 2090 urbe,
3083 2021 3170 2076 vel
3213 2020 3341 2090 alia,
3373 2020 3470 2074 sed
3500 2019 3646 2075 nihil
3682 2035 3796 2074 non

423 2115 534 2170 lius
562 2121 646 2170 est
671 2114 782 2169 hoc
808 2129 987 2185 genus
1031 2112 1331 2167 hominum
1373 2112 1611 2182 latitare,
1642 2129 1816 2184 quam
1860 2113 1918 2166 in
1949 2129 2057 2184 pu-
2158 2115 2399 2188 periculi
2447 2120 2834 2186 revereantur,
2889 2115 2936 2168 si
2979 2114 3116 2187 quid
3163 2114 3272 2170 tale
3325 2113 3795 2186 perpetraverint.

421 2207 567 2263 blica
594 2209 720 2263 luce
763 2211 893 2262 ante
939 2207 1195 2260 omnium
1223 2205 1417 2260 oculos
1444 2206 1680 2260 versari.
1731 2205 1869 2260 Nam
1896 2205 1940 2259 si
1973 2207 2056 2260 la-
2159 2209 2433 2265 Omnibus
2459 2209 2692 2280 insuper
2719 2208 3094 2280 prohibemus
3120 2225 3191 2264 ne
3213 2208 3340 2280 quis
3361 2209 3515 2263 hunc
3541 2207 3796 2278 recipiat.

425 2301 612 2371 titent,
643 2301 750 2356 sibi
783 2301 918 2372 ipsis
960 2299 1354 2354 tantummodo
1395 2305 1563 2354 erunt
1600 2299 1978 2369 incommodi;
2014 2298 2054 2353 si
2157 2303 2303 2368 Quin
2331 2303 2518 2374 potius
2547 2303 2830 2358 sancimus
2867 2307 2931 2357 ut
2970 2319 3041 2358 ex
3074 2302 3312 2358 urbibus
3341 2301 3536 2371 etiam,
3565 2318 3696 2373 qua
3732 2301 3801 2355 ab

423 2409 558 2450 vero
580 2395 845 2466 dogmata
874 2411 972 2447 sua
992 2393 1301 2464 publicent,
1322 2395 1378 2447 et
1393 2394 1564 2464 vulgo
1585 2393 1889 2464 proferant,
1907 2393 2054 2446 mul-
2157 2397 2296 2467 ipsis
2315 2397 2680 2464 seducuntur,
2712 2395 2941 2467 ejiciant
2970 2413 2984 2450 :
3015 2395 3250 2451 scientes
3280 2412 3478 2467 pinnas
3504 2396 3678 2450 sacris
3703 2411 3801 2449 no-

421 2489 495 2545 tis
522 2486 958 2558 simplicioribus
985 2487 1334 2541 occasionem
1361 2486 1620 2558 praebent
1641 2487 1710 2541 ad
1737 2485 2054 2541 interitum.
2158 2491 2287 2545 stris
2323 2490 2446 2562 jam
2484 2490 2920 2562 comprehensas
2948 2489 3459 2559 constitutionibus,
3491 2506 3623 2561 qua:
3655 2489 3803 2560 ipsas

423 2583 580 2648 Quod
607 2582 835 2654 quidem
867 2587 926 2634 ut
951 2581 1141 2652 aliquo
1162 2580 1333 2634 modo
1358 2580 1418 2634 in
1445 2579 1765 2635 Christiano
1798 2579 1889 2634 Dei
1922 2579 2056 2634 ovili
2159 2582 2332 2638 etiam
2381 2583 2585 2638 domus
2611 2583 2670 2637 in
2700 2583 2906 2654 quibus
2931 2583 3038 2638 tale
3063 2583 3196 2654 quid
3223 2583 3537 2654 peragitur,
3564 2587 3622 2638 et
3649 2599 3799 2654 pra-

421 2681 478 2732 et
506 2677 596 2748 pio
623 2679 885 2747 recteque
919 2673 1192 2728 sentiente
1239 2674 1448 2746 p0pulo
1479 2673 1720 2742 eveniat,
1749 2690 1934 2744 neque
1957 2673 2054 2744 ju-
2157 2677 2248 2732 dia
2275 2694 2342 2732 ex
2386 2677 2589 2749 quibus
2631 2677 2904 2732 alimenta
2941 2677 3396 2748 suppeditantur,
3430 2678 3802 2731 sacrosanctis

421 2776 571 2827 stum
603 2776 704 2834 est,
739 2785 920 2840 neque
943 2785 976 2822 a
1001 2769 1293 2838 majestate
1333 2767 1696 2839 imperatoria
1741 2767 2054 2822 conceden-
2157 2770 2428 2826 addicunt
2451 2770 2732 2838 Ecclesiis,
2755 2769 2870 2825 suis
2889 2770 3188 2824 adimenda
3210 2769 3645 2842 possessoribus,
3666 2771 3800 2840 quia

421 2865 580 2922 dum.
609 2863 746 2929 Quia
776 2880 905 2918 vero
932 2869 988 2917 et
1025 2864 1260 2916 Zoroam
1301 2861 1567 2932 religiose
1610 2861 1782 2916 simul
1819 2865 1874 2915 et
1905 2861 2057 2931 juste
2156 2865 2594 2938 simplicioribus
2632 2881 2860 2920 causam
2901 2864 3036 2919 mali
3072 2864 3352 2936 praebent;
3393 2863 3617 2936 Optimo
3667 2879 3800 2919 vero

413 2958 736 3030 judicantes
755 2957 1000 3028 episcopi
1019 2955 1259 3026 dignum
1275 2961 1623 3027 putaverunt
1639 2972 1810 3026 quem
1825 2955 2056 3008 omnino
2148 2957 2281 3029 jure
2301 2959 2404 3014 sub
2425 2958 2738 3014 dominium
2765 2961 3245 3013 sacrosanctarum
3279 2974 3375 3012 eas
3425 2957 3800 3012 Ecclesiarum

421 3052 526 3106 sub
551 3051 855 3105 anathema
879 3049 1224 3117 redigerent,
1250 3053 1310 3103 ut
1335 3049 1434 3121 qui
1479 3050 1650 3104 veluti
1680 3049 1848 3104 breve
1877 3048 2054 3120 quod-
2155 3052 2510 3108 deducentes.
2554 3053 2680 3108 Haec
2709 3069 2810 3108 nos
2862 3070 2964 3124 pro
2993 3051 3285 3108 communi
3311 3057 3802 3106 sacrosanctamm

421 3145 550 3202 dam
571 3145 1020 3200 additamentum
1043 3149 1188 3196 esset
1214 3143 1491 3212 ejusmodi
1512 3143 1811 3208 malorum,
1833 3143 1902 3197 ad
1929 3159 2054 3214 quae
2079 3192 2130 3218 Α
2157 3146 2528 3201 Ecclesiarum
2560 3163 2697 3218 pace
2721 3147 3028 3213 sancimus,
3055 3146 3175 3201 haec
3205 3145 3570 3201 decernimus
3589 3153 3804 3201 sancto-

423 3192 550 3202 "-.-
573 3192 1020 3200 --ππ--ν--τ-η-
1221 3192 1491 3212 --αης---η-
1513 3192 1811 3208 --κ-ν-ν---ι
1835 3192 1902 3197 η
1933 3192 2053 3214 Tm
2160 3192 2528 3201 ..νε-νυ-υ--ιη
2560 3192 2697 3218 εις-νυ
2721 3192 3028 3213 mnu-mu,
3055 3192 3173 3201 ..νυν
3208 3192 3567 3201 “unum..-
3589 3192 3780 3201 -—.-w

421 3237 743 3314 peragenda
761 3235 1216 3308 promptissimus
1237 3236 1364 3298 fuit,
1381 3239 1438 3292 et
1456 3253 1718 3308 magnam
1736 3237 2056 3290 facultatem
2077 3192 2132 3266 Ο
2157 3253 2287 3291 rum
2313 3238 2539 3291 Patrum
2564 3235 2788 3292 decreta
2813 3235 3011 3305 secuti,
3041 3242 3107 3292 ut
3133 3252 3330 3291 omnes
3367 3236 3440 3290 de
3473 3242 3681 3290 caetero
3707 3252 3799 3289 sa-

418 3331 638 3400 habuit,
669 3349 742 3387 ne
767 3331 998 3386 omnino
1034 3330 1366 3385 memoriam
1409 3330 1488 3384 illi
1537 3331 1876 3397 adimamus,
1907 3331 2056 3402 quod
2156 3330 2410 3385 cerdotes
2448 3329 2552 3384 sub
2599 3328 3007 3400 tranquillitate
3053 3335 3110 3384 et
3151 3329 3340 3401 quiete
3375 3335 3799 3400 permaneant:

419 3427 611 3500 aliqua
635 3425 694 3480 in
724 3441 784 3480 re
808 3424 1068 3479 facultate
1098 3424 1368 3496 prmditus
1393 3423 1732 3479 fueritzesto
1758 3440 1888 3478 sane
1913 3425 2052 3478 Zoo-
2155 3424 2360 3496 quibus
2397 3423 2531 3494 ipsis
2573 3423 2629 3477 in
2657 3439 2794 3494 pace
2831 3423 3190 3490 conservatis,
3221 3423 3436 3494 reliqua
3469 3425 3640 3478 etiam
3681 3423 3796 3476 rei-

416 3539 508 3579 ras
535 3521 703 3576 etiam
745 3519 1020 3592 particule
1060 3518 1231 3588 hujus
1279 3517 1366 3588 (de
1415 3518 1709 3588 Anthimo,
1757 3518 1959 3574 Severo
1999 3521 2056 3572 et
2155 3517 2397 3588 publicae
2422 3517 2604 3588 portio
2644 3517 2805 3572 nobis
2830 3517 3156 3588 pergliscet,
3189 3533 3322 3588 pace
3351 3517 3602 3588 desuper
3639 3517 3794 3586 vigeo

417 3617 582 3674 Petro
611 3612 917 3686 loquimur)
949 3613 1066 3666 leve
1093 3612 1382 3684 quoddam
1403 3612 1873 3682 additamentum,
1898 3615 1954 3667 et
1973 3611 2055 3666 in-
2155 3617 2365 3678 scente,
2393 3628 2563 3684 quam
2593 3612 2854 3666 omnibus
2879 3628 3122 3682 magnus
3149 3611 3240 3665 ille
3266 3611 3415 3665 Deus
3443 3615 3501 3664 et
3539 3613 3804 3666 Servatur

417 3713 508 3766 ter
535 3727 634 3765 eos
675 3707 772 3780 qui
818 3707 1178 3761 anathemate
1223 3705 1401 3760 notati
1440 3711 1592 3772 sunt,
1625 3712 1682 3760 et
1724 3705 2054 3760 sacerdotali
2153 3711 2346 3762 noster
2369 3707 2527 3762 Iesus
2555 3706 2994 3774 Christus,unus
3015 3705 3084 3760 de
3109 3704 3402 3772 Trinitate,
3426 3704 3800 3775 unigenitum

421 3810 616 3860 contra
637 3804 824 3874 ipsum
857 3799 1074 3872 prolata
1103 3801 1382 3855 sententia
1408 3799 1526 3871 ipse
1556 3816 1782 3872 quoque
1813 3799 2050 3854 colloca-
2154 3799 2251 3855 Dei
2280 3799 2538 3868 verbum,
2569 3805 2685 3854 tam
2714 3799 2988 3870 praedicat
3011 3815 3182 3870 quam
3215 3797 3541 3869 suppeditat
3571 3798 3658 3852 his
3699 3799 3798 3869 qui

420 3901 532 3964 tor,
565 3911 736 3967 quam
775 3892 996 3948 tametsi
1025 3909 1129 3963 per
1165 3909 1223 3947 se
1268 3893 1402 3948 satis
1429 3893 1730 3960 valentem,
1759 3892 1938 3947 multo
1964 3897 2052 3948 ta-
2153 3910 2284 3950 vere
2299 3900 2356 3949 et
2374 3910 2443 3949 ex
2460 3893 2653 3948 animo
2680 3892 2994 3964 gloriﬁcare
3019 3892 3208 3963 ipsum
3230 3896 3288 3946 et
3303 3891 3540 3946 adorare
3559 3890 3802 3962 dignan-

419 4003 553 4045 men
586 3987 770 4044 adhuc
790 3985 1153 4041 valentiorem
1181 3985 1366 4041 reddit
1391 3987 1648 4056 majestas
1670 3985 2050 4058 imperatoria,
2154 3994 2266 4045 tur.
2287 3989 2422 4052 Quae
2451 3987 2628 4060 igitur
2653 3989 2804 4042 recte
2838 3986 2998 4041 nobis
3021 3987 3383 4058 placuerunt,
3411 4001 3479 4039 ea
3503 3985 3802 4040 beatitudo

419 4099 550 4157 quin
581 4081 743 4153 regia
780 4080 884 4136 hac
923 4079 1064 4134 urbe
1106 4079 1293 4150 ipsum
1324 4080 1574 4150 expellit,
1617 4081 1848 4152 ejusque
1875 4079 2052 4134 confl-
2153 4087 2251 4138 tua
2295 4086 2638 4146 conservato,
2684 4086 2738 4136 et
2785 4081 2856 4136 ad
2903 4081 3164 4135 eil‘ectum
3217 4079 3503 4148 deducito,
3547 4095 3651 4150 per
3697 4079 3800 4132 Dei

418 4178 528 4234 niis
557 4183 615 4231 et
639 4174 868 4230 urbium
898 4172 1146 4229 incolatu
1173 4172 1529 4227 omnifariam
1558 4173 1607 4227 ei
1641 4173 1927 4228 interdicit
1957 4179 2056 4228 :ut
2153 4181 2407 4233 amantes
2435 4194 2562 4232 suas
2591 4176 2804 4230 litteras
2833 4192 2902 4230 ea
2931 4173 3195 4229 omnibus
3239 4174 3343 4228 sub
3369 4191 3430 4228 se
3475 4175 3800 4227 constitutis

420 4287 552 4328 cum
584 4270 716 4326 solis
747 4269 855 4323 illis
883 4285 1022 4340 quos
1060 4271 1194 4322 ante
1230 4266 1637 4343 recensuimus,
1677 4268 1745 4322 ad
1788 4269 2052 4322 eumdem
2152 4269 2586 4344 religiosissimis
2621 4268 3070 4340 metropolitanis
3112 4267 3518 4323 transmittens.
3539 4268 3802 4331 Quorum

419 4365 652 4422 modum
673 4361 1219 4434 blasphemantibus,
1251 4361 1319 4416 ad
1351 4361 1615 4416 eumdem
1665 4377 1890 4433 quoque
1925 4379 2052 4416 mu-
2156 4365 2460 4438 unicuique
2498 4381 2649 4420 curae
2679 4365 2787 4419 erit
2826 4361 3190 4418 sacrosanctis
3227 4362 3331 4416 sub
3373 4378 3432 4416 se
3472 4361 3801 4416 constitutis

417 4461 555 4516 dum
595 4457 875 4529 relegatis,
929 4456 1144 4512 habitet
1189 4460 1487 4527 captotque
1516 4455 1766 4510 consilia.
1813 4455 1870 4511 Si
1917 4457 2049 4527 quid
2153 4460 2408 4516 Ecclesiis
2433 4461 2554 4514 haac
2574 4459 2874 4513 manifesta
2899 4458 3185 4526 facere,ut
3206 4457 3500 4510 neminem
3531 4455 3802 4510 omnium

416 4558 691 4628 praetcrea
721 4550 876 4605 aliud
896 4567 1122 4622 quoque.
1148 4549 1630 4604 sanctissimorum
1653 4550 2048 4622 episcoporum
2072 4566 2131 4638 D
2153 4556 2366 4610 lateant
2393 4571 2524 4626 quae
2565 4569 2853 4608 summum
2883 4551 3254 4607 sacerdotium
3293 4550 3636 4612 decreverit,
3659 4565 3800 4620 qua?

419 4646 716 4711 sententia,
745 4662 872 4716 quae
901 4644 1200 4716 praedictos
1225 4661 1258 4697 a
1285 4643 1464 4715 gradu
1497 4643 1744 4698 detrahit
1787 4644 2048 4698 ecclesia-
2150 4651 2291 4705 item
2319 4648 2584 4720 majestas
2623 4647 2988 4719 imperatoria
3023 4644 3489 4700 corroboraverit.
3524 4644 3649 4698 Dat.
3683 4659 3802 4696 xvn

417 4741 580 4810 stico,
617 4743 674 4794 et
715 4737 1076 4792 anathemate
1119 4737 1390 4808 percellit,
1425 4737 1766 4807 continetur,
1801 4754 1904 4808 pro
1933 4739 2053 4792 rato
2150 4746 2269 4800 Kal,
2297 4748 2442 4815 Aug.
2471 4742 2902 4812 Constantinop.
2935 4739 3084 4794 Bilis.
3116 4755 3169 4794 v.
3197 4756 3248 4793 c.
3281 4755 3435 4793 cons.

509 4908 988 4970 CONSTITUTIO'
1055 4908 1701 5035 εέἓβὸδιωέυετιῦῖωκῐ
1770 4909 1955 4965 ίΜΡΕ-
2341 4926 2399 4973 Ἥ
2424 4920 2721 4973 ΔΙΑΤΑΞΙΣ
2753 4919 3244 4970 ἸΟΥΣΤΙΝΙΔΝΟΥ
3279 4917 3604 4968 summa

491 5101 692 5158 Contra
721 5097 1062 5157 Anthimum,
1103 5095 1378 5154 Severum,
1417 5093 1631 5146 Petrum
1658 5096 1708 5146 et
1737 5093 1978 5147 Zooram.

2261 5051 2408 5102 Κατά
2456 5047 2716 5118 ’Δνθίμου,
2769 5047 3014 5118 Σευῆρον,
3073 5044 3296 5116 Πέτρου,
3346 5043 3434 5090 καὶ
3480 5045 3681 5112 Ζωόρα.

423 5219 426 5223 ’
488 5215 552 5272 In
583 5213 814 5269 nomine
857 5209 1078 5267 Domini
1109 5211 1238 5265 Jesu
1268 5207 1472 5263 Christi
1516 5207 1612 5263 Dei
1640 5207 1834 5278 nostri,
1866 5207 2021 5280 impe

2235 5209 2316 5255 Ἐν
2356 5200 2566 5274 ὀνόματι
2604 5204 2697 5251 τοῦ
2739 5192 2994 5250 δεσπότου
3035 5199 3200 5253 Ἰησοῦ
3237 5199 3473 5268 Χριστοῦ
3521 5198 3618 5244 τοῦ
3659 5197 3801 5243 Θεοῦ

413 5315 574 5368 rator
599 5308 785 5362 Caesar
809 5306 1026 5360 Flavius
1052 5302 1424 5369 Justinianus,
1453 5301 1829 5369 Alemanicus,
1849 5301 2015 5356 Gothi

2199 5303 2311 5362 ιῶν,
2345 5292 2676 5367 αὐτοκράτωρ
2707 5295 2932 5363 Καῖσαρ,
2966 5284 3174 5346 Φλάϐιος
3225 5290 3610 5350 Ἰουστινιανὸς,
3647 5285 3801 5337 Ἀλα-

413 5422 532 5474 cus,
599 5399 918 5466 Francicus,
981 5396 1366 5468 Germanicus,
1433 5396 1687 5463 Anticus,
1764 5394 2015 5450 Alanicus

2192 5392 2387 5454 ανικὸς,
2449 5385 2702 5448 Γοτθικὸς,
2763 5385 3076 5456 Φραγγικὸς,
3133 5382 3476 5454 Γερμανικὸς,
3541 5382 3794 5440 Ἀνταὸς,

411 5497 788 5562 Wandalicus,
835 5493 1072 5560 Africus,
1124 5492 1275 5558 Pius,
1323 5491 1480 5554 felix,
1525 5489 1822 5562 gloriosus,
1851 5489 2013 5544 victm

2193 5480 2412 5540 ιλανικὴς
2433 5523 2446 5548 ,
2507 5471 2852 5534 Οὐανδαλικὸς
2870 5514 2883 5540 ,
2953 5477 3196 5548 Ἀφρικὸς,
3253 5469 3479 5535 εὐσεϐὴς,
3543 5471 3795 5540 εὐτυχὴς.

409 5591 812 5664 triumphator,
859 5602 1082 5658 semper
1109 5587 1412 5655 Augustus,
1445 5585 1660 5640 Menum
1687 5583 2011 5656 patriarcha

2191 5570 2362 5637 ιδοξος,
2419 5577 2644 5635 νικητὴς,
2685 5573 3053 5643 τροπαιοῦχος,
3099 5563 3432 5625 ἀεισέὸαστος
3475 5567 3793 5636 Αὔγουσταςε

2146 5674 2329 5738 Μηνυᾲ
2354 5669 2691 5742 πατριάρχῃ.

481 5805 509 5835 ⁸
533 5801 632 5856 Hic
655 5799 932 5872 subjicere
962 5795 1260 5875 visumest
1287 5792 1543 5875 ejusdem
1561 5793 1798 5875 novella
1825 5797 2046 5848 textum

2195 5781 2380 5855 ’δίοηθ
2395 5777 2704 5875 Hei“???
2725 5771 3573 5875 Ef“?t£°§fi‘:f33ﬂ:."‘s.“fi
3600 5773 3797 5827 ἀπ’

412 5845 1269 5930 ῦτεεέἶᾶᾘῗῖιὶῖιἿῖείιίἒῐίῖἐίῶἁ
1294 5845 1794 5940 vastitates;
1814 5845 2045 5938 (alia;
2145 5845 2245 5910 ru?
2271 5845 2832 5927 praeﬁgitur’tituluS,
2857 5845 2993 5904 alibi
3018 5847 3374 5920 depravatus.
3403 5845 3560 5902 Em.
