4056 6184
219 305 322 368 977

1047 309 1412 366 JUSTINIANI
1454 309 1782 368 NOVELLKE
1820 309 2152 365 SELECTA‘J.
2193 309 2502 367 NOVELLA
2542 305 2692 364 XLII.

3481 307 3586 370 978

302 429 523 498 Πρᾶγμα
557 420 646 474 οὐκ
673 422 816 485 ἄηθες
844 419 1084 496 βασιλείᾳ
1111 425 1196 474 καὶ
1225 424 1363 495 ἡμεῖς
1395 425 1727 498 πράττοντες,
1763 419 1846 476 ἰπὶ

2018 417 2196 474 CAPUT
2232 433 2456 476 Ριιῐιίωι.
2486 448 2555 461 -—
2582 419 2722 474 Rem
2762 435 2875 475 non
2916 417 3202 474 insolitam
3242 413 3481 490 imperio
3525 421 3586 476 et

219 522 310 572 τὸν
340 519 574 590 παρόντα
605 513 908 588 ἐληλύθαμεν
931 519 1104 588 νόμον.
1134 519 1338 577 Ὁσάκις
1357 517 1458 591 γὰρ
1489 518 1518 575 ἡ
1547 524 1646 569 τῶν
1679 517 1845 592 ἱερέων

418 627 560 668 τινας
601 615 700 660 τῶν
739 607 830 661 οὐκ
870 605 1021 671 ἀξίων
1070 616 1157 670 τῆς
1201 611 1470 683 ἱερωσύνης
1511 616 1612 662 τῶν
1658 609 1850 686 ἱερατι-

217 712 320 755 κῶν
368 699 667 754 κατεϐίϐασε
710 702 928 776 θρόνων,
978 703 1149 756 ὁποῖον
1197 698 1260 762 δὴ
1309 707 1588 778 Νεστόριόν
1633 721 1707 770 τε,
1761 707 1846 756 καὶ

219 797 454 866 Εὐτυχῆ.
489 798 674 869 Ἄρειόν
713 813 788 859 τε,
832 799 918 848 καὶ
954 791 1290 862 Μακεδόνιον,
1324 800 1412 848 καί
1459 795 1725 869 Εὐνόμιον,
1761 801 1847 849 καί

218 889 402 948 ἄλλους
433 883 496 946 δή
525 906 666 946 τινας
702 887 768 948 εἰς
802 891 982 940 κακίαν
1023 887 1123 940 οὐκ
1135 887 1370 950 έλάττους
1407 887 1627 954 ἐκείνων,
1656 909 1850 944 τοσαυ-

219 983 364 1041 τάκις
397 983 426 1039 ἡ
464 979 705 1054 βασιλεία
755 977 1019 1053 σύμψηφος
1062 984 1237 1054 γέγονε
1278 989 1339 1054 τῇ
1388 989 1486 1034 τῶν
1535 984 1702 1058 ἱερέων
1759 981 1848 1035 αύ-

221 1074 412 1144 θεντίᾳ,
458 1073 590 1125 ὥστε
635 1073 701 1124 τὰ
748 1073 974 1148 θειότερά
1019 1091 1094 1137 τε,
1137 1077 1223 1126 καί
1268 1070 1563 1148 ἀνθρώπινα
1609 1070 1846 1149 συνδρα-

218 1170 384 1238 μόντα
417 1169 540 1238 μίαν
583 1167 876 1237 σύμφωνίαν
913 1173 1025 1226 ταῖς
1065 1164 1233 1240 ὀρθαῖς
1269 1167 1583 1225 ποιήσασθαι
1624 1164 1802 1239 ψήφοις
1827 1186 1840 1200 ’

222 1264 421 1316 ὀποῖον
464 1253 526 1316 δή
568 1277 621 1310 τι
663 1261 749 1309 καὶ
789 1258 1008 1329 ἔναγχος
1044 1263 1308 1331 γενόμενον
1347 1263 1465 1334 περὶ
1494 1265 1732 1337 iam
1767 1262 1850 1312 ἴτ-

217 1369 332 1422 μεν,
383 1347 699 1404 ἀπελαθέντα
740 1353 830 1428 μὲν
866 1357 956 1403 τοῦ
993 1359 1080 1413 τῆς
1120 1347 1388 1424 βασιλίδος
1431 1355 1620 1412 ταύτης
1660 1351 1847 1411 πόλεως

219 1443 400 1517 θρόνον
428 1446 571 1517 παρά
603 1449 889 1516 Ἀγαπητοῡ
917 1449 1008 1496 τοῦ
1038 1451 1124 1504 τῆς
1153 1444 1296 1504 ὁσίας
1324 1449 1410 1496 καὶ
1436 1440 1671 1516 ἀοιδίμου
1707 1449 1847 1516 μνῆ-ο

217 1555 314 1608 μης
341 1532 593 1610 προέδρου
633 1541 897 1608 γεγονότος
925 1545 1014 1598 τῆς
1041 1537 1175 1590 κατὰ
1202 1542 1292 1598 τὴν
1339 1535 1686 1613 πρεσϐυτέραν
1717 1542 1848 1592 Ῥώ-

215 1648 318 1702 μην
361 1625 648 1701 ἁγιωτάτης
679 1629 992 1696 Ἐκκλησίας,
1037 1632 1120 1683 οἶα
1161 1650 1216 1684 τε
1254 1633 1388 1685 κατά
1425 1627 1620 1704 μηδένα
1657 1637 1846 1708 τρόπον

215 1719 358 1790 αὐτῷ
409 1725 722 1795 προσήκοντι
776 1724 921 1797 παρά
970 1726 1168 1784 πάντας
1224 1727 1339 1784 τούς
1387 1723 1580 1794 εὐαγεῖς
1633 1729 1847 1786 κανόνας

216 1809 675 1871 ἐπεισπδήσαντα
725 1815 907 1888 θρόνῳ,
956 1823 1095 1888 κοινῇ
1149 1811 1204 1868 δὲ
1249 1812 1396 1970 ρφῳ
1453 1822 1544 1868 τοῦ
1585 1834 1642 1869 τε
1688 1816 1846 1870 αὐτοῦ

216 1911 306 1964 τῆς
350 1904 500 1970 ἁγίας
539 1903 744 1970 μνήμης
785 1902 969 1970 ἀνδρὸς
996 1911 1263 1970 πρότερον,
1287 1911 1508 1970 καέφςὴν
1547 1914 1633 1960 καὶ
1655 1917 1742 1970 τῆς
1771 1908 1846 1962 ἐν·

215 1911 306 1964 τῆς
350 1904 500 1976 ἁγίας
539 1903 744 1979 μνήμης
785 1902 969 1981 ἀνδρὸς
996 1911 1240 1982 πρότερον
1250 1902 1279 1972 ,Κ
1287 1913 1384 1972 καί
1386 1911 1523 1987 ,ἔριν
1529 1914 1636 1984 θκαί
1655 1917 1742 1974 τῆς
1771 1908 1848 1962 έν-

215 1995 1104 2080 τμξθαγεπωμέκηςλερᾱεσυνρδαυ,
1127 1997 1294 2054 καταδ
1297 1997 1352 2057 εδ
1355 2005 1625 2074 ικασρένον
1648 2021 1730 2069 τε,
1761 2008 1846 2056 καὶ

215 2078 898 2188 κῈΕἍνδέότιηλῶν
929 2093 1104 2188 ,όρθῶν
1146 2089 1744 2188 ἀπεφοίταδογμάτων,
1760 2100 1847 2148 καὶ

215 2179 303 2240 οἰξ
316 2179 564 2257 πρότερον
601 2185 919 2255 πολλαχόθεν
957 2184 1182 2257 ἐφαίνετο
1216 2188 1464 2260 στέργων,
1495 2192 1662 2240 ταῦτα
1698 2186 1846 2240 ύστε-

212 2291 303 2346 ρον
353 2269 609 2349 διαφόροις
655 2274 901 2350 ἀπέφευγε
945 2282 1242 2352 περινοίαις,
1280 2283 1712 2352 προσποιούμενος
1753 2283 1842 2352 μὲν

214 2374 327 2426 ταῖς
371 2371 654 2443 τέσσαρσιν
701 2369 871 2442 ἁγίαις
917 2366 1148 2430 συνόδοις
1183 2367 1492 2436 ἀκολουθεῖν,
1539 2379 1600 2444 τῇ
1648 2389 1702 2422 τε
1743 2379 1843 2424 τῶν

212 2453 318 2515 τιη’
353 2464 591 2535 Πατέρων
630 2471 729 2513 τῶν
770 2463 820 2514 ἐν
859 2467 1071 2532 Νικαίᾳ,
1118 2471 1179 2536 τῇ
1224 2481 1278 2516 τε
1322 2472 1422 2516 τῶν
1467 2463 1496 2538 ῥ
1535 2468 1620 2515 καί
1663 2470 1710 2514 ν’
1744 2471 1843 2516 τῶν

216 2547 268 2600 ἐν
317 2555 480 2625 ταύτῃ
527 2561 588 2627 τῇ
633 2549 894 2627 εὐδαίμονι
941 2555 1104 2630 πόλει,
1139 2563 1202 2628 τῇ
1240 2573 1293 2606 τε
1335 2563 1434 2606 τῶν
1469 2553 1519 2606 ἐν
1562 2558 1756 2626 ’Ἐφέσῳ
1785 2559 1844 2607 τὸ

212 2649 417 2714 πρῶτον
467 2647 828 2716 συναχθέντων
871 2643 946 2712 σ’,
983 2656 1044 2720 τῇ
1092 2665 1149 2700 τε
1187 2655 1287 2699 τῶν
1330 2646 1563 2718 θεοφιλῶν
1605 2652 1842 2721 Πατέρων

211 2741 314 2784 τῶν
347 2733 396 2785 ἐν
424 2733 713 2795 Χαλκηδόνι
740 2733 852 2808 χλ’.
891 2738 971 2792 Οὐ
993 2743 1091 2811 μῆν
1120 2746 1223 2798 τοῖς
1251 2741 1442 2791 τούτων
1470 2733 1696 2811 δόγμασι
1723 2758 1846 2792 κατ-

211 2825 522 2894 ακολουθῶν,
571 2831 685 2882 οὔτε
734 2835 824 2888 τῆν
877 2831 1123 2904 ἡμετέραν
1170 2828 1568 2902 φιλανθρωπίαν,
1616 2833 1700 2880 καί
1750 2833 1842 2888 τήν

210 2918 628 2990 συγκατάϐασιν,
653 2920 712 2979 ἣν
737 2917 826 2974 διὰ
853 2927 944 2980 τὴν
973 2922 1131 2974 αὐτοῦ
1160 2925 1416 2995 σωτηρίαν
1445 2922 1652 2993 ἔχομεν,
1680 2939 1845 2995 προσ-

209 3007 460 3074 δέξασθαι
487 3011 765 3086 βουληθεὶς,
801 3011 914 3067 οὐδὲ
953 3013 1268 3088 ἀποκηρῦξαι
1303 3019 1390 3066 καὶ
1423 3013 1573 3075 αὐτος
1601 3018 1716 3074 τοὺς
1741 3023 1842 3068 τῶν

209 3102 412 3157 ἀσεϐῶν
465 3100 733 3177 δογμάτων
789 3103 1051 3181 ἀρχηγοὺς
1105 3110 1220 3166 τοὺς
1275 3105 1375 3158 ὑπὸ
1429 3113 1529 3156 τῶν
1584 3107 1841 3179 προτέρων

208 3197 376 3269 ἁγίων
420 3195 797 3270 ἐκϐεϐλημένους
839 3195 1068 3252 συνόδων
1102 3218 1114 3230 ·
1149 3193 1262 3250 ἀλλ’
1287 3197 1507 3270 οἰόμενος
1533 3205 1728 3271 χρῆναι
1757 3200 1843 3248 καὶ
1863 3165 1917 3240 C

207 3296 314 3340 τῶν
361 3291 493 3342 κατά
521 3293 708 3344 ταυτὸν
744 3295 830 3343 καί
867 3289 917 3344 ἐν
958 3294 1087 3362 ἴστῳ
1134 3294 1248 3350 τοὺς
1294 3284 1836 3361 καταδεδικασμένους,

208 3385 330 3442 τούς
375 3399 430 3434 τε
478 3377 922 3444 καταδικάσαντας
968 3384 1130 3455 ἄγειν.
1185 3381 1350 3444 Ἀπαξ
1390 3382 1491 3454 γὰρ
1533 3388 1644 3440 ταῖς
1684 3377 1842 3432 ἀλλο-

210 3480 382 3548 τρίαις
429 3483 516 3534 τῆς
561 3474 851 3546 ἁγιωτάτης
895 3474 1158 3534 ἐκκλησίας
1209 3472 1421 3532 ἐννοίαις
1475 3467 1842 3546 κατανδραπο-

209 3562 426 3633 δισθείς,
463 3570 547 3618 καί
575 3575 674 3619 τῶν
707 3567 862 3642 ὀρθῶν
901 3566 1292 3641 ἠλλοτριωμένος
1321 3561 1610 3636 δογμάτων,
1646 3563 1843 3625 εἰκότως

210 3659 280 3720 εἰς
311 3663 407 3716 τὴν
461 3658 626 3712 αὐτῶν
685 3660 774 3713 οὐκ
820 3662 1038 3730 ἴσχυσεν
1089 3656 1374 3710 ἐπανελθεῖν
1413 3657 1662 3732 ὀρθότητα
1683 3697 1698 3722 ,
1758 3659 1844 3708 καί

207 3760 383 3808 ταῦτα
425 3749 552 3828 παρ’
593 3755 730 3826 ἡμῶν
769 3758 855 3806 καὶ
896 3755 1205 3827 προτραπεὶς
1247 3755 1334 3802 καὶ
1382 3745 1660 3821 ὁδηγηθείς,
1710 3753 1843 3802 πᾶσι

205 3848 559 3922 χρησαμένων
585 3841 804 3919 σπουδῇ,
834 3849 960 3921 πρὸς
987 3849 1078 3902 τὴν
1109 3847 1365 3917 σωτηρίαν
1393 3845 1486 3900 τὴν
1515 3841 1695 3896 αὐτοῦ.

293 4000 393 4052 Διά
441 4004 607 4051 ταῦτα
651 4003 820 4052 τοίνυν
867 3995 1096 4062 ἅπαντα,
1143 3999 1234 4054 τὴν
1277 3996 1545 4067 γενομένην
1594 3985 1676 4046 ἐπ’
1705 3991 1844 4062 αύτῷ

207 4102 300 4154 τῆς
347 4092 678 4166 καθαιρέσεως
719 4090 880 4164 ψῆφον
925 4093 1071 4165 παρά
1116 4097 1205 4150 τῆς
1242 4088 1390 4161 ἁγίας
1424 4081 1662 4152 σύνοδον,
1709 4104 1842 4160 προ-

208 4189 365 4258 φάσει
405 4192 492 4244 τῆς
538 4202 593 4237 τε
630 4183 687 4236 ού
729 4185 952 4257 θεμιτῆς,
987 4177 1102 4234 οὐδὲ
1138 4182 1237 4236 ὑπὸ
1283 4187 1382 4234 τῶν
1419 4178 1577 4250 ἁγίων
1621 4182 1842 4230 κανόνων

207 4279 626 4352 μαρτυρουμένης
693 4277 792 4330 τῶν
853 4285 940 4336 τῆς
1009 4270 1274 4348 βασιλίδος
1334 4275 1520 4331 ταύτης
1581 4271 1843 4345 ἱερατικῶν

208 4371 404 4444 θρόνων
434 4367 687 4442 ἁρπαγῆς,
722 4373 808 4421 καὶ
851 4377 938 4428 τῆς
971 4365 1074 4420 ἀπὸ
1112 4374 1211 4419 τῶν
1244 4365 1399 4440 ὀρθῶν
1438 4381 1494 4415 τε
1533 4366 1621 4414 καί
1647 4358 1842 4419 ἀληθῶν

209 4458 486 4532 δογμάτων
517 4459 779 4535 ἐκτροπῆς,
813 4465 992 4534 κυρίαν
1031 4461 1062 4518 ἡ
1105 4461 1324 4530 ἡμετέρα
1357 4455 1550 4508 τίθεται
1578 4450 1837 4526 βασιλεία,

1947 533 2048 570 nos
2073 516 2448 582 facientes,ad
2474 521 2818 588 praesentem
2844 515 3101 570 venimus
3123 517 3328 586 legem.
3351 516 3580 580 Quoties

1947 609 2100 665 enim
2132 609 2490 665 sacerdotum
2518 609 2798 664 sententia
2813 609 3093 681 quosdam
3113 610 3384 681 indignos
3410 627 3587 666 sacer-

1947 703 2102 758 dotio
2123 704 2192 759 de
2207 704 2377 758 sacris
2396 703 2622 758 sedibus
2650 703 2912 774 deposuit
2943 703 3442 774 (quemadmodum
3471 705 3580 761 Ne-

1947 797 2204 867 storium,
2233 798 2566 868 Eutychem,
2597 797 2824 866 Arium,
2855 797 3265 863 Macedonium,
3299 802 3358 853 et
3396 800 3582 854 Euno-

1946 891 2150 960 mium,
2179 908 2242 945 ac
2267 891 2544 962 quosdam
2577 890 2714 946 alios
2749 890 2822 944 ad
2851 891 3216 961 iniquitatem
3249 907 3362 964 non
3391 891 3580 948 mino-

1947 1003 2039 1041 res
2064 985 2212 1054 illis),
2242 985 2409 1040 toties
2448 985 2754 1056 imperium
2787 985 3037 1056 ejusdem
3081 985 3378 1040 sententiae
3405 991 3458 1040 et
3487 1001 3580 1041 or-

1947 1078 2252 1134 dinatiouis
2278 1095 2409 1133 cum
2453 1079 2815 1134 sacerdotum
2855 1079 3191 1132 auctoritate
3219 1078 3346 1133 fuit.
3379 1079 3584 1150 Sicque

1948 1173 2135 1227 divina
2163 1177 2220 1227 et
2246 1173 2498 1228 humana
2517 1171 2733 1244 pariter
2759 1172 3156 1228 concurrentia
3177 1188 3353 1226 unam
3381 1188 3582 1228 conso-

1949 1267 2202 1322 nantiam
2234 1265 2402 1320 rectis
2433 1265 2730 1320 sententiis
2756 1265 2938 1320 fecere
2973 1282 2986 1320 ε
3021 1265 3503 1337 quemadmodum
3529 1268 3586 1322 et

1946 1376 2135 1432 nuper
2161 1360 2370 1414 factum
2397 1376 2516 1414 esse
2543 1359 2691 1414 circa
2700 1359 3056 1428 Anthimum
3089 1359 3314 1426 scimus,
3336 1360 3433 1430 qui
3455 1359 3582 1433 qui-

1947 1453 2078 1508 dem
2109 1453 2362 1524 dejectus
2390 1458 2474 1509 est
2503 1453 2574 1507 de
2617 1453 2751 1508 sede
2778 1453 2948 1522 hujus
2991 1452 3165 1524 regite
3191 1453 3348 1507 urbis
3374 1458 3584 1509 sancta

1948 1553 2004 1603 et
2045 1547 2302 1619 gloriosae
2347 1547 2635 1602 memorim
2665 1545 2905 1617 Agapito
2948 1545 3313 1600 sanctissima!
3343 1547 3584 1602 ecclesiae.

1947 1641 2198 1712 antiquae
2225 1641 2422 1695 Romae
2448 1639 2750 1712 pontiﬁce;
2781 1655 2850 1694 eo
2877 1639 3030 1710 quod
3068 1639 3227 1694 nullo
3257 1639 3430 1694 modo
3477 1639 3584 1694 sibi

1948 1735 2057 1806 ipsi
2103 1733 2461 1788 convenieuti
2507 1733 2720 1805 (contra
2767 1749 2967 1788 omnes
3016 1749 3207 1786 sacros
3234 1731 3495 1804 canones)
3526 1747 3585 1788 se

1867 1802 2253 1884 Bintruserat
2295 1827 2432 1894 sedi,
2487 1827 2585 1881 sed
2639 1831 2696 1882 et
2736 1825 3028 1880 communi
3083 1826 3365 1880 sententia
3410 1825 3584 1896 ipsius

1947 1925 2154 1976 sanctae
2199 1920 2492 1976 memorize
2537 1919 2640 1974 viri
2689 1920 2961 1992 primum,
3005 1919 3583 2004 atquemetiggpﬂgras

1946 2005 2584 2107 ww
2615 2011 3590 2107 mmeﬂﬁeﬂestﬁrmamenta

2785 2086 2942 2108 f”"“
2954 2082 3021 2094 ““”’“

1947 2096 2018 2164 eo
2050 2108 2264 2186 qum
2309 2096 3160 2186 recﬁwm;
3193 2110 3248 2158 ct
3272 2120 3399 2176 quae
3429 2105 3584 2175 prius

1913 2182 2232 2256 “Eamus
2262 2188 2496 2271 diligere
2537 2181 2850 2267 videbatur,
2901 2199 3022 2252 haec
3069 2197 3299 2252 demum
3349 2195 3585 2252 diversis

1944 2293 2370 2348 lustrationibus
2438 2291 2768 2364 [fraudibus]
2840 2291 3020 2362 fugit;
3091 2290 3364 2345 simulans
3425 2289 3583 2360 sequi

1946 2393 2167 2442 sanctas
2196 2390 2442 2459 quatuor
2469 2385 2714 2457 synodos
2741 2385 3152 2454 (trecentorum
3182 2382 3440 2438 videlicet
3481 2382 3576 2438 dc-

1945 2498 2070 2536 cem
2100 2486 2158 2536 et
2184 2485 2308 2535 octo
2348 2481 2576 2534 Patrum
2605 2479 2664 2534 in
2691 2479 2877 2534 Niczea
2900 2521 2913 2548 ,
2947 2483 3003 2532 et
3039 2483 3266 2559 centum
3296 2477 3580 2548 quinqua-

1947 2575 2102 2646 ginta
2129 2574 2187 2628 in
2215 2575 2320 2629 hac
2345 2573 2492 2628 felici
2520 2573 2776 2641 civitate;
2813 2578 2868 2628 et
2891 2571 2950 2626 iu
2986 2573 3204 2642 Epheso
3230 2571 3418 2642 primo
3445 2585 3581 2624 cou-

1946 2672 2312 2739 gregatorum
2333 2667 2732 2733 ducentorum,
2749 2673 2804 2722 ct
2825 2672 3220 2720 sescentorum
3240 2663 3474 2734 triginta
3495 2678 3583 2718 ve-

1945 2759 2295 2814 nerabilium’
2323 2761 2559 2814 Patrum
2599 2759 2657 2812 in
2687 2759 3079 2824 Chalcedone).
3111 2759 3182 2810 At
3219 2756 3448 2827 quidem
3477 2771 3580 2810 nec

1942 2853 2183 2907 istorum
2214 2853 2485 2923 dogmata
2515 2851 2694 2922 sequi,
2727 2867 2830 2906 nec
2859 2855 3110 2909 nostram
3138 2848 3505 2903 clementiam
3525 2850 3584 2902 et

1945 2946 2406 3012 condescensum,
2439 2961 2607 3016 quem
2636 2948 2871 3016 propter
2905 2943 3082 3014 ipsius
3119 2943 3358 2996 salutem
3403 2939 3579 2996 habe-

1941 3040 2164 3105 bamus,
2191 3039 2476 3110 suscipere
2506 3037 2712 3106 voluit;
2741 3053 2928 3108 neque
2955 3036 3072 3107 ipse
3097 3035 3358 3089 abdicare
3381 3039 3578 3088 aucto.

1943 3149 2033 3188 res
2061 3132 2368 3204 impiorum
2393 3131 2748 3202 dogmatum,
2771 3129 2870 3201 qui
2891 3129 3050 3202 prius
3069 3145 3104 3183 a
3124 3126 3329 3182 sanctis
3353 3125 3582 3198 synodis

1943 3226 2158 3298 expulsi
2205 3225 2460 3294 fuerant;
2518 3224 2615 3278 sed
2667 3223 2886 3294 putavit
2951 3227 3213 3294 oportere
3263 3219 3577 3274 secundum

1941 3319 2130 3390 ipsum
2173 3323 2230 3372 et
2255 3318 2316 3371 in
2345 3317 2552 3387 aequali
2580 3317 2782 3371 ducere
2811 3321 2869 3370 et
2895 3315 3324 3380 condemnatos,
3357 3317 3414 3365 et
3443 3327 3575 3366 con-

1943 3412 2320 3466 demnatores.
2345 3411 2485 3464 Nam
2518 3409 2689 3464 semel
2713 3407 2908 3463 alienis
2933 3425 2966 3462 a
3006 3406 3357 3461 sanctissima
3383 3403 3575 3460 Eccle-

1944 3504 2028 3560 sia
2074 3502 2447 3558 intellectibus
2471 3501 2842 3574 mancipatus,
2873 3505 2929 3555 et
2951 3517 2984 3554 a
3013 3499 3179 3554 rectis
3217 3497 3580 3569 dogmatibus

1942 3597 2232 3666 alienatus,
2259 3595 2462 3650 merito
2503 3595 2576 3650 ad
2615 3594 2867 3666 ipsorum
2917 3590 3312 3648 rectitudinem
3372 3589 3579 3644 reverti

1943 3707 2060 3746 non
2090 3689 2282 3757 valuit,
2313 3688 2485 3744 etiam
2509 3687 2580 3742 ad
2606 3688 2728 3742 haec
2757 3686 3020 3742 invitatus
3061 3703 3093 3739 ιι
3131 3683 3293 3739 nobis
3323 3686 3380 3738 et
3419 3681 3574 3738 dire-

1943 3792 2084 3856 ctus,
2127 3787 2226 3859 qui
2265 3785 2422 3840 omni
2463 3784 2652 3840 studio
2675 3785 2766 3840 usi
2795 3801 2990 3840 sumus
3014 3783 3085 3838 ad
3107 3781 3284 3854 ipsius
3313 3781 3576 3836 salutem.

2135 2181 2314 2195 ...η-..κη

2347 2181 2558 2193 ...._.—-.——-'

2013 3977 2252 4046 Propter
2271 3973 2392 4028 hazc
2411 3971 2589 4044 igitur
2609 3971 2820 4038 omnia,
2842 3969 3183 4025 sententiam
3215 3968 3580 4041 depositionis

1942 4070 2005 4124 in
2030 4069 2220 4140 ipsum
2250 4084 2283 4122 a
2321 4071 2520 4122 saneta
2548 4063 2765 4137 synodo
2807 4063 3013 4119 factam
3059 4063 3415 4118 occasionem
3460 4077 3579 4117 non

1943 4163 2102 4230 liciti,
2137 4178 2322 4234 neque
2369 4178 2402 4215 a
2449 4159 2655 4215 sanctis
2697 4157 3010 4213 canonibus
3043 4155 3336 4227 approbati
3384 4160 3581 4225 raptus

1945 4271 2232 4311 sacrarum
2259 4253 2478 4308 sedium
2507 4251 2678 4321 hujus
2721 4249 2895 4320 regiae
2924 4247 3099 4314 urbis,
3131 4251 3187 4301 et
3216 4245 3520 4300 aversionis
3547 4263 3582 4300 a

1945 4349 2110 4404 rectis
2135 4352 2192 4402 et
2222 4346 2365 4400 veris
2394 4343 2780 4414 dogmatibus,
2826 4342 3050 4395 ﬁrmam
3091 4344 3351 4393 nostrum
3399 4337 3582 4392 reddit

1943 4439 2269 4512 imperium,
2289 4440 2345 4491 et
2364 4441 2563 4490 contra
2587 4435 2758 4490 istum
2787 4437 3122 4505 praesentem
3151 4431 3343 4486 scribit
3367 4432 3578 4503 legem.

209 4557 298 4604 καὶ.
327 4549 412 4604 ἐπὶ
453 4555 646 4612 τούτοις
673 4557 761 4606 τὸν
801 4556 1036 4626 παρόντα
1071 4553 1250 4625 γράφει
1294 4551 1466 4620 νόμον.
1503 4547 1842 4619 Ἀπαγορεύο-

1947 4531 2335 4590 lnterdicimus
2361 4533 2554 4584 autem
2585 4531 2642 4582 et
2673 4527 2722 4582 ei
2765 4525 3106 4598 commorari
3158 4525 3219 4578 in
3272 4525 3380 4579 hac
3435 4523 3582 4580 felici

205 4663 303 4716 μεν
335 4639 390 4696 δὲ
435 4643 572 4715 αύτῷ
602 4648 688 4696 καί
717 4652 805 4705 τῆς
843 4645 975 4696 κατὰ
1002 4647 1092 4702 τὴν
1135 4637 1412 4712 εὐδαίμονα
1451 4640 1642 4695 ταύτην
1671 4635 1840 4702 πόλιν,

207 4742 300 4789 καὶ
342 4745 429 4796 τῆς
472 4733 774 4811 περιοικίδος
819 4736 974 4797 αὐτῆς
1013 4731 1298 4810 διατριϐῆς,
1343 4736 1429 4784 καί
1468 4733 1636 4789 πάσης
1677 4729 1847 4802 ἐτέρας

207 4837 314 4882 τῶν
367 4827 626 4902 ἐπισήμων
673 4829 890 4902 πόλεων,
940 4829 1258 4890 θεσπίζοντες
1310 4819 1382 4896 ἐφ’
1422 4824 1645 4894 ἡσυχίας
1691 4814 1840 4885 εἶναι,

209 4926 300 4974 καί
363 4927 555 4982 τούτοις
610 4925 864 4996 στέργειν,
917 4922 987 4983 οἷς
1041 4921 1245 4974 ἑαυτὸνι
1275 4915 1423 4981 ἀξίως
1476 4916 1706 4980 ὑπέθηκε,
1765 4918 1850 4966 καὶ

208 5023 344 5089 μήτε
372 5021 509 5068 τισὶν
540 5015 897 5081 ἐπικοινωνεῖν,
933 5020 1060 5088 μήτε
1099 5011 1376 5074 ἐκϐιϐάζειν
1407 5009 1588 5070 αύτούς
1627 5013 1719 5066 τὴν
1749 5015 1848 5060 τῶν

209 5105 638 5182 ἀπηγορευμένων
689 5103 958 5180 δογμάτων
1007 5103 1282 5160 ἀπώλειαν.
1331 5103 1406 5156 Ov)
1454 5106 1554 5174 μὴν
1597 5095 1712 5152 οὐδὲ
1757 5103 1848 5156 τὴν

199 5196 424 5260 ’δικαίως
466 5199 811 5271 ἐξινιχθεῑσαν
843 5201 976 5252 κατά
1021 5203 1235 5274 Σευῆρον
1275 5193 1456 5268 ψῆφον,
1492 5198 1582 5252 τὴν
1625 5190 1680 5243 ἐκ
1711 5195 1849 5245 πάνέ-

215 5313 344 5357 των,
375 5295 440 5353 ὡς
465 5293 644 5360 εἰπεῖν,
674 5302 774 5346 τῶν
803 5291 1179 5369 ἀρχιερατικῶν
1210 5309 1284 5352 τε,
1315 5293 1401 5340 καί
1431 5293 1844 5362 πατριαρχικῶν,

209 5387 352 5460 μετά
395 5394 481 5446 τῆς
529 5394 814 5459 μοναχικῆς
865 5388 1198 5444 συναινέσεως
1244 5380 1590 5457 προελθοῦσαν
1637 5377 1846 5451 θρόνων,

209 5483 309 5536 τὴν
353 5482 440 5531 τὸν
484 5475 896 5552 ἀναθέματισμὸν
937 5475 1231 5550 ἐπάγουσαν
1270 5473 1429 5545 αύτῷ,
1466 5469 1734 5546 βασιλικῆς
1760 5468 1852 5532 ἔξω

211 5570 668 5643 καταλιμπάνομεν
723 5568 1078 5645 ἄπικυροσεως,
1131 5565 1182 5628 ’ὸς
1234 5570 1478 5640 πρότερον
1535 5563 1681 5637 παρά
1738 5565 1854 5622 τοὺς

213 5666 379 5740 ἱερούς
417 5663 630 5737 θεσμοὺς
677 5660 975 5716 καταλαϐὼν
1013 5665 1100 5714 τὸν
1145 5661 1319 5736 θρόνον
1366 5665 1454 5720 τῆς
1500 5655 1853 5711 Θεουπολιτῶν

215 5757 510 5828 ἁγιωτάτης
556 5752 840 5821 ἐκκλησίας,
894 5752 1027 5807 οὕτω
1061 5747 1398 5824 συνετάραξεν
1448 5745 1678 5816 ἅπαντα,
1723 5744 1856 5800 οὕτω

219 5850 599 5924 μεταπεποίηκε
645 5855 903 5924 ταραχῆς,
951 5848 1014 5910 ὡς
1062 5847 1223 5899 κοινόν
1268 5860 1386 5898 τινα
1433 5843 1518 5894 καί
1570 5836 1854 5918 ἀκήρυκτον

1946 4625 2170 4684 civitate
2199 4628 2255 4679 et
2277 4623 2399 4694 ejus
2425 4620 2686 4676 districto
2708 4662 2722 4687 ,
2754 4637 2818 4674 ac
2862 4619 2921 4673 in
2963 4634 3300 4690 quacunque
3333 4617 3446 4672 alia
3491 4617 3580 4672 in-

1948 4719 2097 4792 signi
2127 4717 2348 4773 civitate
2379 4715 2696 4770 sancientes
2725 4713 2784 4768 in
2827 4713 3018 4784 quiete
3069 4728 3206 4778 esse,
3247 4714 3303 4764 rt
3343 4711 3409 4764 iis
3455 4727 3583 4766 con-

1948 4816 2172 4868 tentum
2191 4827 2330 4876 esse,
2363 4808 2568 4882 quibus
2595 4807 2840 4878 seipsum
2869 4804 3072 4860 merito
3115 4804 3424 4860 obnoxium
3454 4803 3580 4858 rcd-

1949 4906 2119 4974 didit;
2156 4907 2213 4959 et
2239 4920 2356 4958 non
2385 4901 2667 4974 aliquibus
2693 4899 3132 4967 communicare,
3159 4914 3340 4969 neque
3366 4913 3462 4953 eos
3482 4897 3586 4952 im-

1948 5001 2122 5054 buere
2143 4997 2202 5052 in
2232 4995 2610 5068 perditionem
2631 4993 3058 5048 interdictorum
3096 4991 3445 5062 dogmatam.
3472 4991 3582 5046 Nec

1951 5091 2146 5164 utique
2161 5088 2681 5160 extraimpcrialem
2700 5084 3194 5140 confirmationem
3207 5084 3586 5156 relinquimus

1953 5185 2294 5241 sententiam
2312 5184 2465 5256 juste
2491 5185 2687 5236 contra
2711 5179 2978 5234 Severum
3014 5177 3210 5248 latam,
3238 5195 3300 5232 ac
3341 5196 3409 5234 ex
3456 5195 3580 5234 om-

1952 5279 2117 5335 nibus
2146 5281 2229 5350 (ut
2263 5278 2342 5332 ita
2370 5276 2638 5343 dicamus)
2671 5270 3092 5344 pontificalibus
3137 5277 3193 5326 et
3235 5273 3582 5346 patriarcha-

1954 5373 2101 5428 libus
2126 5373 2256 5443 (una
2293 5386 2422 5425 cum
2462 5365 2807 5422 monachicis
2831 5365 3216 5438 consensibus)
3249 5366 3582 5438 provonien-

1954 5470 2070 5523 tem
2095 5464 2321 5521 sedibus
2343 5505 2357 5531 ,
2389 5464 2446 5516 et
2475 5459 3017 5515 anathematismum
3060 5459 3167 5532 ipsi
3205 5459 3542 5514 inferentem
3567 5474 3580 5509 :

1957 5559 2054 5632 qui
2079 5558 2235 5630 prius
2261 5560 2456 5611 contra
2482 5569 2668 5610 sacras
2703 5553 3014 5609 sanctiones
3039 5551 3366 5625 accipiendo
3393 5549 3584 5603 sedem

1955 5651 2320 5708 sanctissima:
2349 5648 2598 5706 ecclesia:
2622 5647 3194 5720 Theopolitanorum,
3225 5643 3302 5698 sic
3327 5641 3587 5698 universa

1954 5745 2328 5813 conturbavit,
2353 5743 2544 5814 sicque
2563 5743 2950 5798 accumulatas
2977 5726 3323 5794 turbationes
3345 5735 3495 5804 fecit,
3525 5741 3588 5790 ut

1955 5855 2254 5898 commune
2285 5837 2570 5914 quondam
2602 5832 3070 5892 acabominabile
3109 5829 3324 5888 bellum
3355 5828 3588 5886 sanctis-
