  <div class='ocr_page' id='page_1' title='image "/cluster/home/n/w/nwhite01/storage/ocr_20150623/72/hvd.32044054758768/495.png"; bbox 0 0 4056 6184; ppageno 0'>
   <div class='ocr_carea' id='block_1_1' title="bbox 475 327 579 380">
    <p class='ocr_par' dir='ltr' id='par_1_1' title="bbox 475 327 579 380">
     <span class='ocr_line' id='line_1_1' title="bbox 475 327 579 380; baseline 0 0"><span class='ocrx_word' id='word_1_1' title='bbox 475 327 579 380; x_wconf 79' lang='lat'><strong>979</strong></span> 
     </span>
    </p>
   </div>
   <div class='ocr_carea' id='block_1_2' title="bbox 1619 324 2690 388">
    <p class='ocr_par' dir='ltr' id='par_1_2' title="bbox 1619 324 2690 388">
     <span class='ocr_line' id='line_1_2' title="bbox 1619 324 2690 388; baseline 0.003 -5"><span class='ocrx_word' id='word_1_2' title='bbox 1619 324 1873 384; x_wconf 75' lang='lat' dir='ltr'><strong>SIECULI</strong></span> <span class='ocrx_word' id='word_1_3' title='bbox 1910 329 2099 384; x_wconf 81' lang='lat' dir='ltr'><strong>SEXTI</strong></span> <span class='ocrx_word' id='word_1_4' title='bbox 2137 325 2690 388; x_wconf 80' lang='lat' dir='ltr'><strong>SUPPLEMENTUM.</strong></span> 
     </span>
    </p>
   </div>
   <div class='ocr_carea' id='block_1_3' title="bbox 3727 345 3817 397">
    <p class='ocr_par' dir='ltr' id='par_1_3' title="bbox 3727 345 3817 397">
     <span class='ocr_line' id='line_1_3' title="bbox 3727 345 3817 397; baseline 0 0"><span class='ocrx_word' id='word_1_5' title='bbox 3727 345 3817 397; x_wconf 79' lang='lat'><strong>980</strong></span> 
     </span>
    </p>
   </div>
   <div class='ocr_carea' id='block_1_4' title="bbox 475 430 2113 526">
    <p class='ocr_par' dir='ltr' id='par_1_4' title="bbox 475 430 2106 493">
     <span class='ocr_line' id='line_1_4' title="bbox 475 430 2106 493; baseline 0.001 -3"><span class='ocrx_word' id='word_1_6' title='bbox 475 433 634 490; x_wconf 84' lang='lat' dir='ltr'><strong>simis</strong></span> <span class='ocrx_word' id='word_1_7' title='bbox 673 433 930 490; x_wconf 86' lang='lat' dir='ltr'><strong>Ecclesiis</strong></span> <span class='ocrx_word' id='word_1_8' title='bbox 958 433 1026 489; x_wconf 88' lang='lat' dir='ltr'><strong>ad</strong></span> <span class='ocrx_word' id='word_1_9' title='bbox 1053 430 1290 488; x_wconf 86' lang='lat' dir='ltr'><strong>invicem</strong></span> <span class='ocrx_word' id='word_1_10' title='bbox 1316 431 1670 490; x_wconf 84' lang='lat' dir='ltr'><strong>immitteret.</strong></span> <span class='ocrx_word' id='word_1_11' title='bbox 1707 437 1776 490; x_wconf 89' lang='lat' dir='ltr'><strong>Et</strong></span> <span class='ocrx_word' id='word_1_12' title='bbox 1803 435 1909 491; x_wconf 91' lang='lat' dir='ltr'><strong>hoc</strong></span> <span class='ocrx_word' id='word_1_13' title='bbox 1938 437 2106 493; x_wconf 86' lang='lat' dir='ltr'><strong>etiam</strong></span> 
     </span>
    </p>
   </div>
   <div class='ocr_carea' id='block_1_5' title="bbox 2214 430 3817 526">
    <p class='ocr_par' dir='ltr' id='par_1_5' title="bbox 2214 440 3817 526">
     <span class='ocr_line' id='line_1_5' title="bbox 2214 440 3817 526; baseline 0.006 -30"><span class='ocrx_word' id='word_1_14' title='bbox 2214 449 2315 504; x_wconf 80' lang='grc' dir='ltr'><strong><em>ταῖς</em></strong></span> <span class='ocrx_word' id='word_1_15' title='bbox 2357 440 2670 516; x_wconf 71' lang='grc' dir='ltr'><strong>ἁγιωτάταις</strong></span> <span class='ocrx_word' id='word_1_16' title='bbox 2712 441 2997 509; x_wconf 72' lang='grc' dir='ltr'><strong>ἐκκλησίαις</strong></span> <span class='ocrx_word' id='word_1_17' title='bbox 3033 445 3264 522; x_wconf 75' lang='grc' dir='ltr'><strong><em>ἄμϐαλεῖν</em></strong></span> <span class='ocrx_word' id='word_1_18' title='bbox 3307 454 3434 526; x_wconf 82' lang='grc' dir='ltr'><strong><em>πρὸς</em></strong></span> <span class='ocrx_word' id='word_1_19' title='bbox 3479 449 3698 513; x_wconf 72' lang='grc' dir='ltr'><strong><em>ἀλλήλας</em></strong></span> <span class='ocrx_word' id='word_1_20' title='bbox 3730 459 3817 506; x_wconf 84' lang='grc' dir='ltr'><strong><em>πό-</em></strong></span> 
     </span>
    </p>
   </div>
   <div class='ocr_carea' id='block_1_6' title="bbox 475 526 2110 602">
    <p class='ocr_par' dir='ltr' id='par_1_6' title="bbox 475 526 2110 602">
     <span class='ocr_line' id='line_1_6' title="bbox 475 526 2110 602; baseline 0 -17"><span class='ocrx_word' id='word_1_21' title='bbox 475 546 510 586; x_wconf 86' lang='lat' dir='ltr'><strong>a</strong></span> <span class='ocrx_word' id='word_1_22' title='bbox 539 529 776 602; x_wconf 79' lang='lat' dir='ltr'><strong>sceptris</strong></span> <span class='ocrx_word' id='word_1_23' title='bbox 801 543 928 600; x_wconf 63' lang='lat' dir='ltr'><strong>quas</strong></span> <span class='ocrx_word' id='word_1_24' title='bbox 968 531 1100 581; x_wconf 85' lang='lat' dir='ltr'><strong>ante</strong></span> <span class='ocrx_word' id='word_1_25' title='bbox 1133 542 1237 581; x_wconf 90' lang='lat' dir='ltr'><strong>nos</strong></span> <span class='ocrx_word' id='word_1_26' title='bbox 1261 526 1494 582; x_wconf 87' lang='lat' dir='ltr'><strong>fuerunt</strong></span> <span class='ocrx_word' id='word_1_27' title='bbox 1521 532 1717 584; x_wconf 87' lang='lat' dir='ltr'><strong>contra</strong></span> <span class='ocrx_word' id='word_1_28' title='bbox 1760 529 1948 601; x_wconf 89' lang='lat' dir='ltr'><strong>ipsum</strong></span> <span class='ocrx_word' id='word_1_29' title='bbox 1978 531 2110 586; x_wconf 62' lang='lat' dir='ltr'><strong>seri.</strong></span> 
     </span>
    </p>
   </div>
   <div class='ocr_carea' id='block_1_7' title="bbox 474 619 2110 697">
    <p class='ocr_par' dir='ltr' id='par_1_7' title="bbox 474 619 2110 697">
     <span class='ocr_line' id='line_1_7' title="bbox 474 619 2110 697; baseline 0.002 -19"><span class='ocrx_word' id='word_1_30' title='bbox 474 627 641 697; x_wconf 84' lang='lat' dir='ltr'><strong>ptum</strong></span> <span class='ocrx_word' id='word_1_31' title='bbox 668 625 811 691; x_wconf 87' lang='lat' dir='ltr'><strong>erat,</strong></span> <span class='ocrx_word' id='word_1_32' title='bbox 839 619 1004 676; x_wconf 86' lang='lat' dir='ltr'><strong>variis</strong></span> <span class='ocrx_word' id='word_1_33' title='bbox 1046 619 1379 692; x_wconf 87' lang='lat' dir='ltr'><strong>dogmatum</strong></span> <span class='ocrx_word' id='word_1_34' title='bbox 1418 626 1475 676; x_wconf 92' lang='lat' dir='ltr'><strong>et</strong></span> <span class='ocrx_word' id='word_1_35' title='bbox 1516 638 1550 676; x_wconf 89' lang='lat' dir='ltr'><strong>a</strong></span> <span class='ocrx_word' id='word_1_36' title='bbox 1595 623 1938 680; x_wconf 86' lang='lat' dir='ltr'><strong>rectitudine</strong></span> <span class='ocrx_word' id='word_1_37' title='bbox 1979 624 2110 681; x_wconf 90' lang='lat' dir='ltr'><strong>alie-</strong></span> 
     </span>
    </p>
   </div>
   <div class='ocr_carea' id='block_1_8' title="bbox 475 713 2108 788">
    <p class='ocr_par' dir='ltr' id='par_1_8' title="bbox 475 713 2108 788">
     <span class='ocr_line' id='line_1_8' title="bbox 475 713 2108 788; baseline 0.001 -16"><span class='ocrx_word' id='word_1_38' title='bbox 475 717 623 772; x_wconf 84' lang='lat' dir='ltr'><strong>natis</strong></span> <span class='ocrx_word' id='word_1_39' title='bbox 649 713 942 772; x_wconf 69' lang='lat' dir='ltr'><strong>fraudibus</strong></span> <span class='ocrx_word' id='word_1_40' title='bbox 978 718 1036 769; x_wconf 90' lang='lat' dir='ltr'><strong>et</strong></span> <span class='ocrx_word' id='word_1_41' title='bbox 1063 713 1406 769; x_wconf 87' lang='lat' dir='ltr'><strong>commentis</strong></span> <span class='ocrx_word' id='word_1_42' title='bbox 1433 730 1498 770; x_wconf 91' lang='lat' dir='ltr'><strong>ac</strong></span> <span class='ocrx_word' id='word_1_43' title='bbox 1527 715 1898 788; x_wconf 89' lang='lat' dir='ltr'><strong>blasphemiis</strong></span> <span class='ocrx_word' id='word_1_44' title='bbox 1943 734 2108 774; x_wconf 90' lang='lat' dir='ltr'><strong>usum</strong></span> 
     </span>
    </p>
   </div>
   <div class='ocr_carea' id='block_1_9' title="bbox 475 807 2108 884">
    <p class='ocr_par' dir='ltr' id='par_1_9' title="bbox 475 807 2108 884">
     <span class='ocr_line' id='line_1_9' title="bbox 475 807 2108 884; baseline 0 -17"><span class='ocrx_word' id='word_1_45' title='bbox 475 811 664 880; x_wconf 81' lang='lat' dir='ltr'><strong>fuisse,</strong></span> <span class='ocrx_word' id='word_1_46' title='bbox 686 825 751 864; x_wconf 86' lang='lat' dir='ltr'><strong>ac</strong></span> <span class='ocrx_word' id='word_1_47' title='bbox 771 808 1030 862; x_wconf 90' lang='lat' dir='ltr'><strong>universa</strong></span> <span class='ocrx_word' id='word_1_48' title='bbox 1049 807 1434 878; x_wconf 90' lang='lat' dir='ltr'><strong>conturbasse,</strong></span> <span class='ocrx_word' id='word_1_49' title='bbox 1453 813 1508 864; x_wconf 91' lang='lat' dir='ltr'><strong>et</strong></span> <span class='ocrx_word' id='word_1_50' title='bbox 1527 809 1690 864; x_wconf 90' lang='lat' dir='ltr'><strong>illum</strong></span> <span class='ocrx_word' id='word_1_51' title='bbox 1707 825 2108 884; x_wconf 87' lang='lat' dir='ltr'><strong>quemcunque</strong></span> 
     </span>
    </p>
   </div>
   <div class='ocr_carea' id='block_1_10' title="bbox 476 901 2105 977">
    <p class='ocr_par' dir='ltr' id='par_1_10' title="bbox 476 901 2105 977">
     <span class='ocr_line' id='line_1_10' title="bbox 476 901 2105 977; baseline 0.001 -17"><span class='ocrx_word' id='word_1_52' title='bbox 476 917 725 960; x_wconf 86' lang='lat' dir='ltr'><strong>errorem</strong></span> <span class='ocrx_word' id='word_1_53' title='bbox 763 901 1228 958; x_wconf 85' lang='lat' dir='ltr'><strong>abominabilium</strong></span> <span class='ocrx_word' id='word_1_54' title='bbox 1251 902 1756 958; x_wconf 67' lang='lat' dir='ltr'><strong>haeresim-charum</strong></span> <span class='ocrx_word' id='word_1_55' title='bbox 1789 909 1846 958; x_wconf 89' lang='lat' dir='ltr'><strong>et</strong></span> <span class='ocrx_word' id='word_1_56' title='bbox 1882 905 2105 977; x_wconf 84' lang='lat' dir='ltr'><strong>iniquo-</strong></span> 
     </span>
    </p>
   </div>
   <div class='ocr_carea' id='block_1_11' title="bbox 476 995 2110 1068">
    <p class='ocr_par' dir='ltr' id='par_1_11' title="bbox 476 995 2110 1068">
     <span class='ocr_line' id='line_1_11' title="bbox 476 995 2110 1068; baseline 0.001 -17"><span class='ocrx_word' id='word_1_57' title='bbox 476 1013 605 1052; x_wconf 86' lang='lat' dir='ltr'><strong>rum</strong></span> <span class='ocrx_word' id='word_1_58' title='bbox 633 996 967 1068; x_wconf 90' lang='lat' dir='ltr'><strong>dogmatum</strong></span> <span class='ocrx_word' id='word_1_59' title='bbox 1004 995 1276 1066; x_wconf 84' lang='lat' dir='ltr'><strong>recipere,</strong></span> <span class='ocrx_word' id='word_1_60' title='bbox 1321 996 1557 1050; x_wconf 88' lang='lat' dir='ltr'><strong>Nestorii</strong></span> <span class='ocrx_word' id='word_1_61' title='bbox 1609 996 1874 1068; x_wconf 89' lang='lat' dir='ltr'><strong>dicimus,</strong></span> <span class='ocrx_word' id='word_1_62' title='bbox 1919 1002 1976 1052; x_wconf 91' lang='lat' dir='ltr'><strong>et</strong></span> <span class='ocrx_word' id='word_1_63' title='bbox 2005 1000 2110 1054; x_wconf 79' lang='lat' dir='ltr'><strong>Eu-</strong></span> 
     </span>
    </p>
   </div>
   <div class='ocr_carea' id='block_1_12' title="bbox 471 1089 2108 1163">
    <p class='ocr_par' dir='ltr' id='par_1_12' title="bbox 471 1089 2108 1163">
     <span class='ocr_line' id='line_1_12' title="bbox 471 1089 2108 1163; baseline 0.001 -18"><span class='ocrx_word' id='word_1_64' title='bbox 471 1090 684 1163; x_wconf 84' lang='lat' dir='ltr'><strong>tychis;</strong></span> <span class='ocrx_word' id='word_1_65' title='bbox 699 1095 901 1146; x_wconf 87' lang='lat' dir='ltr'><strong>etcum</strong></span> <span class='ocrx_word' id='word_1_66' title='bbox 917 1093 1158 1160; x_wconf 88' lang='lat' dir='ltr'><strong>uterque</strong></span> <span class='ocrx_word' id='word_1_67' title='bbox 1175 1089 1380 1144; x_wconf 89' lang='lat' dir='ltr'><strong>horum</strong></span> <span class='ocrx_word' id='word_1_68' title='bbox 1399 1094 1822 1162; x_wconf 66' lang='lat' dir='ltr'><strong>praeceptorum</strong></span> <span class='ocrx_word' id='word_1_69' title='bbox 1844 1091 2108 1147; x_wconf 81' lang='lat' dir='ltr'><strong>contrarii</strong></span> 
     </span>
    </p>
   </div>
   <div class='ocr_carea' id='block_1_13' title="bbox 477 1183 2108 1257">
    <p class='ocr_par' dir='ltr' id='par_1_13' title="bbox 477 1183 2108 1257">
     <span class='ocr_line' id='line_1_13' title="bbox 477 1183 2108 1257; baseline 0 -17"><span class='ocrx_word' id='word_1_70' title='bbox 477 1183 896 1257; x_wconf 90' lang='lat' dir='ltr'><strong>quodammodo</strong></span> <span class='ocrx_word' id='word_1_71' title='bbox 925 1183 1165 1239; x_wconf 84' lang='lat' dir='ltr'><strong>invicem</strong></span> <span class='ocrx_word' id='word_1_72' title='bbox 1189 1199 1310 1238; x_wconf 88' lang='lat' dir='ltr'><strong>esse</strong></span> <span class='ocrx_word' id='word_1_73' title='bbox 1329 1183 1646 1251; x_wconf 87' lang='lat' dir='ltr'><strong>videantur,</strong></span> <span class='ocrx_word' id='word_1_74' title='bbox 1675 1185 1748 1239; x_wconf 91' lang='lat' dir='ltr'><strong>ad</strong></span> <span class='ocrx_word' id='word_1_75' title='bbox 1783 1201 1961 1240; x_wconf 88' lang='lat' dir='ltr'><strong>unum</strong></span> <span class='ocrx_word' id='word_1_76' title='bbox 1977 1201 2108 1240; x_wconf 90' lang='lat' dir='ltr'><strong>vero</strong></span> 
     </span>
    </p>
   </div>
   <div class='ocr_carea' id='block_1_14' title="bbox 476 1275 2110 1350">
    <p class='ocr_par' dir='ltr' id='par_1_14' title="bbox 476 1275 2110 1350">
     <span class='ocr_line' id='line_1_14' title="bbox 476 1275 2110 1350; baseline -0.001 -16"><span class='ocrx_word' id='word_1_77' title='bbox 476 1277 782 1350; x_wconf 85' lang='lat' dir='ltr'><strong>impietatis</strong></span> <span class='ocrx_word' id='word_1_78' title='bbox 816 1275 993 1332; x_wconf 87' lang='lat' dir='ltr'><strong>ﬁnem</strong></span> <span class='ocrx_word' id='word_1_79' title='bbox 1036 1276 1304 1344; x_wconf 87' lang='lat' dir='ltr'><strong>tendant,</strong></span> <span class='ocrx_word' id='word_1_80' title='bbox 1341 1276 1511 1331; x_wconf 88' lang='lat' dir='ltr'><strong>etiam</strong></span> <span class='ocrx_word' id='word_1_81' title='bbox 1539 1276 1768 1342; x_wconf 83' lang='lat' dir='ltr'><strong>illorum</strong></span> <span class='ocrx_word' id='word_1_82' title='bbox 1797 1278 2110 1350; x_wconf 86' lang='lat' dir='ltr'><strong>divulgatos</strong></span> 
     </span>
    </p>
   </div>
   <div class='ocr_carea' id='block_1_15' title="bbox 477 1370 2109 1442">
    <p class='ocr_par' dir='ltr' id='par_1_15' title="bbox 477 1370 2109 1442">
     <span class='ocr_line' id='line_1_15' title="bbox 477 1370 2109 1442; baseline -0.001 -14"><span class='ocrx_word' id='word_1_83' title='bbox 477 1388 791 1442; x_wconf 84' lang='lat' dir='ltr'><strong>sermones,</strong></span> <span class='ocrx_word' id='word_1_84' title='bbox 821 1387 954 1426; x_wconf 91' lang='lat' dir='ltr'><strong>eum</strong></span> <span class='ocrx_word' id='word_1_85' title='bbox 997 1371 1056 1426; x_wconf 89' lang='lat' dir='ltr'><strong>in</strong></span> <span class='ocrx_word' id='word_1_86' title='bbox 1102 1386 1285 1426; x_wconf 89' lang='lat' dir='ltr'><strong>unum</strong></span> <span class='ocrx_word' id='word_1_87' title='bbox 1324 1370 1671 1426; x_wconf 88' lang='lat' dir='ltr'><strong>formavisse.</strong></span> <span class='ocrx_word' id='word_1_88' title='bbox 1701 1371 1928 1426; x_wconf 90' lang='lat' dir='ltr'><strong>Duobus</strong></span> <span class='ocrx_word' id='word_1_89' title='bbox 1957 1372 2109 1426; x_wconf 88' lang='lat' dir='ltr'><strong>enim</strong></span> 
     </span>
    </p>
   </div>
   <div class='ocr_carea' id='block_1_16' title="bbox 477 1463 2107 1537">
    <p class='ocr_par' dir='ltr' id='par_1_16' title="bbox 477 1463 2107 1537">
     <span class='ocr_line' id='line_1_16' title="bbox 477 1463 2107 1537; baseline -0.001 -16"><span class='ocrx_word' id='word_1_90' title='bbox 477 1466 846 1523; x_wconf 82' lang='lat' dir='ltr'><strong>existentibus</strong></span> <span class='ocrx_word' id='word_1_91' title='bbox 873 1465 1229 1537; x_wconf 79' lang='lat' dir='ltr'><strong>dogmatibus</strong></span> <span class='ocrx_word' id='word_1_92' title='bbox 1271 1465 1342 1519; x_wconf 90' lang='lat' dir='ltr'><strong>ad</strong></span> <span class='ocrx_word' id='word_1_93' title='bbox 1369 1463 1609 1520; x_wconf 86' lang='lat' dir='ltr'><strong>invicem</strong></span> <span class='ocrx_word' id='word_1_94' title='bbox 1638 1465 2107 1536; x_wconf 80' lang='lat' dir='ltr'><strong>repugnantibus,</strong></span> 
     </span>
    </p>
   </div>
   <div class='ocr_carea' id='block_1_17' title="bbox 477 1562 2110 1638">
    <p class='ocr_par' dir='ltr' id='par_1_17' title="bbox 477 1562 2110 1638">
     <span class='ocr_line' id='line_1_17' title="bbox 477 1562 2110 1638; baseline -0.001 -18"><span class='ocrx_word' id='word_1_95' title='bbox 477 1581 720 1638; x_wconf 89' lang='lat' dir='ltr'><strong>quorum</strong></span> <span class='ocrx_word' id='word_1_96' title='bbox 745 1571 1054 1636; x_wconf 89' lang='lat' dir='ltr'><strong>utrumque</strong></span> <span class='ocrx_word' id='word_1_97' title='bbox 1091 1562 1353 1618; x_wconf 87' lang='lat' dir='ltr'><strong>similiter</strong></span> <span class='ocrx_word' id='word_1_98' title='bbox 1375 1562 1446 1616; x_wconf 90' lang='lat' dir='ltr'><strong>ad</strong></span> <span class='ocrx_word' id='word_1_99' title='bbox 1487 1562 1694 1618; x_wconf 68' lang='lat' dir='ltr'><strong>anima:</strong></span> <span class='ocrx_word' id='word_1_100' title='bbox 1731 1563 2110 1634; x_wconf 89' lang='lat' dir='ltr'><strong>perditionem</strong></span> 
     </span>
    </p>
   </div>
   <div class='ocr_carea' id='block_1_18' title="bbox 476 1656 2107 1729">
    <p class='ocr_par' dir='ltr' id='par_1_18' title="bbox 476 1656 2107 1729">
     <span class='ocr_line' id='line_1_18' title="bbox 476 1656 2107 1729; baseline -0.001 -15"><span class='ocrx_word' id='word_1_101' title='bbox 476 1658 726 1728; x_wconf 84' lang='lat' dir='ltr'><strong>adducit,</strong></span> <span class='ocrx_word' id='word_1_102' title='bbox 772 1656 1012 1712; x_wconf 91' lang='lat' dir='ltr'><strong>Nestorii</strong></span> <span class='ocrx_word' id='word_1_103' title='bbox 1051 1657 1308 1712; x_wconf 86' lang='lat' dir='ltr'><strong>videlicet</strong></span> <span class='ocrx_word' id='word_1_104' title='bbox 1335 1661 1390 1711; x_wconf 92' lang='lat' dir='ltr'><strong>et</strong></span> <span class='ocrx_word' id='word_1_105' title='bbox 1427 1656 1692 1728; x_wconf 81' lang='lat' dir='ltr'><strong>Eutychis</strong></span> <span class='ocrx_word' id='word_1_106' title='bbox 1717 1656 2107 1729; x_wconf 88' lang='lat' dir='ltr'><strong>(quemadmo-</strong></span> 
     </span>
    </p>
   </div>
   <div class='ocr_carea' id='block_1_19' title="bbox 477 1751 2111 1822">
    <p class='ocr_par' dir='ltr' id='par_1_19' title="bbox 477 1751 2111 1822">
     <span class='ocr_line' id='line_1_19' title="bbox 477 1751 2111 1822; baseline -0.002 -14"><span class='ocrx_word' id='word_1_107' title='bbox 477 1753 615 1808; x_wconf 91' lang='lat' dir='ltr'><strong>dum</strong></span> <span class='ocrx_word' id='word_1_108' title='bbox 632 1751 866 1808; x_wconf 90' lang='lat' dir='ltr'><strong>dicendo</strong></span> <span class='ocrx_word' id='word_1_109' title='bbox 888 1751 1259 1820; x_wconf 83' lang='lat' dir='ltr'><strong>narravimus)</strong></span> <span class='ocrx_word' id='word_1_110' title='bbox 1280 1751 1381 1822; x_wconf 89' lang='lat' dir='ltr'><strong>qui</strong></span> <span class='ocrx_word' id='word_1_111' title='bbox 1405 1767 1475 1806; x_wconf 90' lang='lat' dir='ltr'><strong>ex</strong></span> <span class='ocrx_word' id='word_1_112' title='bbox 1503 1751 1842 1806; x_wconf 85' lang='lat' dir='ltr'><strong>Arianorum</strong></span> <span class='ocrx_word' id='word_1_113' title='bbox 1871 1754 1928 1806; x_wconf 92' lang='lat' dir='ltr'><strong>et</strong></span> <span class='ocrx_word' id='word_1_114' title='bbox 1943 1751 2111 1822; x_wconf 87' lang='lat' dir='ltr'><strong>Apol-</strong></span> 
     </span>
    </p>
   </div>
   <div class='ocr_carea' id='block_1_20' title="bbox 2207 533 3819 622">
    <p class='ocr_par' dir='ltr' id='par_1_20' title="bbox 2207 533 3819 622">
     <span class='ocr_line' id='line_1_20' title="bbox 2207 533 3819 622; baseline 0.009 -34"><span class='ocrx_word' id='word_1_115' title='bbox 2207 533 2377 608; x_wconf 91' lang='grc' dir='ltr'><strong><em>λεμον,</em></strong></span> <span class='ocrx_word' id='word_1_116' title='bbox 2431 542 2519 590; x_wconf 85' lang='grc' dir='ltr'><strong><em>καὶ</em></strong></span> <span class='ocrx_word' id='word_1_117' title='bbox 2565 544 2717 592; x_wconf 87' lang='grc' dir='ltr'><strong><em>τοῦτο</em></strong></span> <span class='ocrx_word' id='word_1_118' title='bbox 2769 543 2855 592; x_wconf 81' lang='grc' dir='ltr'><strong>καί</strong></span> <span class='ocrx_word' id='word_1_119' title='bbox 2899 548 3003 601; x_wconf 84' lang='grc' dir='ltr'><strong><em>τοῖς</em></strong></span> <span class='ocrx_word' id='word_1_120' title='bbox 3045 547 3147 616; x_wconf 88' lang='grc' dir='ltr'><strong><em>πρὸ</em></strong></span> <span class='ocrx_word' id='word_1_121' title='bbox 3191 545 3331 617; x_wconf 78' lang='grc' dir='ltr'><strong><em>ὑμῶν</em></strong></span> <span class='ocrx_word' id='word_1_122' title='bbox 3389 551 3668 622; x_wconf 72' lang='grc' dir='ltr'><strong>σκήπτροις</strong></span> <span class='ocrx_word' id='word_1_123' title='bbox 3709 554 3819 622; x_wconf 76' lang='grc' dir='ltr'><strong><em>πρὸς</em></strong></span> 
     </span>
    </p>
   </div>
   <div class='ocr_carea' id='block_1_21' title="bbox 2207 625 3820 710">
    <p class='ocr_par' dir='ltr' id='par_1_21' title="bbox 2207 625 3820 710">
     <span class='ocr_line' id='line_1_21' title="bbox 2207 625 3820 710; baseline 0.009 -31"><span class='ocrx_word' id='word_1_124' title='bbox 2207 625 2361 681; x_wconf 75' lang='grc' dir='ltr'><strong><em>αὐτὸν</em></strong></span> <span class='ocrx_word' id='word_1_125' title='bbox 2407 631 2706 706; x_wconf 70' lang='grc' dir='ltr'><strong>γεγράφθαι,</strong></span> <span class='ocrx_word' id='word_1_126' title='bbox 2741 632 2992 694; x_wconf 80' lang='grc' dir='ltr'><strong>ποικίλαις</strong></span> <span class='ocrx_word' id='word_1_127' title='bbox 3031 639 3122 707; x_wconf 81' lang='grc' dir='ltr'><strong><em>μὲν</em></strong></span> <span class='ocrx_word' id='word_1_128' title='bbox 3172 632 3442 710; x_wconf 77' lang='grc' dir='ltr'><strong>δογμάτων</strong></span> <span class='ocrx_word' id='word_1_129' title='bbox 3484 645 3572 693; x_wconf 78' lang='grc' dir='ltr'><strong>καί</strong></span> <span class='ocrx_word' id='word_1_130' title='bbox 3619 637 3820 699; x_wconf 81' lang='grc' dir='ltr'><strong><em>ἀπηλλο-</em></strong></span> 
     </span>
    </p>
   </div>
   <div class='ocr_carea' id='block_1_22' title="bbox 2208 725 3817 807">
    <p class='ocr_par' dir='ltr' id='par_1_22' title="bbox 2208 725 3817 807">
     <span class='ocr_line' id='line_1_22' title="bbox 2208 725 3817 807; baseline 0.009 -35"><span class='ocrx_word' id='word_1_131' title='bbox 2208 725 2504 794; x_wconf 77' lang='grc' dir='ltr'><strong><em>τριωμίναις</em></strong></span> <span class='ocrx_word' id='word_1_132' title='bbox 2529 731 2619 784; x_wconf 80' lang='grc' dir='ltr'><strong><em>τῆς</em></strong></span> <span class='ocrx_word' id='word_1_133' title='bbox 2664 725 2927 798; x_wconf 79' lang='grc' dir='ltr'><strong><em>ὀρθότητος</em></strong></span> <span class='ocrx_word' id='word_1_134' title='bbox 2955 733 3232 802; x_wconf 86' lang='grc' dir='ltr'><strong><em>περινοίαις</em></strong></span> <span class='ocrx_word' id='word_1_135' title='bbox 3259 749 3334 792; x_wconf 85' lang='grc' dir='ltr'><strong>τε,</strong></span> <span class='ocrx_word' id='word_1_136' title='bbox 3369 737 3454 784; x_wconf 81' lang='grc' dir='ltr'><strong>καί</strong></span> <span class='ocrx_word' id='word_1_137' title='bbox 3491 731 3817 807; x_wconf 68' lang='grc' dir='ltr'><strong>βλασφημίαις</strong></span> 
     </span>
    </p>
   </div>
   <div class='ocr_carea' id='block_1_23' title="bbox 2207 813 3816 898">
    <p class='ocr_par' dir='ltr' id='par_1_23' title="bbox 2207 813 3816 898">
     <span class='ocr_line' id='line_1_23' title="bbox 2207 813 3816 898; baseline 0.007 -29"><span class='ocrx_word' id='word_1_138' title='bbox 2207 816 2558 886; x_wconf 79' lang='grc' dir='ltr'><strong>χρησάμενον,</strong></span> <span class='ocrx_word' id='word_1_139' title='bbox 2605 814 2812 870; x_wconf 81' lang='grc' dir='ltr'><strong><em>ἅπαντα</em></strong></span> <span class='ocrx_word' id='word_1_140' title='bbox 2848 813 2904 871; x_wconf 71' lang='grc' dir='ltr'><strong><em>δᾶ</em></strong></span> <span class='ocrx_word' id='word_1_141' title='bbox 2942 822 3355 897; x_wconf 83' lang='grc' dir='ltr'><strong><em>συνταράξαντα,</em></strong></span> <span class='ocrx_word' id='word_1_142' title='bbox 3399 830 3484 877; x_wconf 76' lang='grc' dir='ltr'><strong>καί</strong></span> <span class='ocrx_word' id='word_1_143' title='bbox 3531 831 3685 898; x_wconf 88' lang='grc' dir='ltr'><strong><em>μόνον</em></strong></span> <span class='ocrx_word' id='word_1_144' title='bbox 3731 835 3816 881; x_wconf 75' lang='grc' dir='ltr'><strong>τῶν</strong></span> 
     </span>
    </p>
   </div>
   <div class='ocr_carea' id='block_1_24' title="bbox 2207 907 3816 993">
    <p class='ocr_par' dir='ltr' id='par_1_24' title="bbox 2207 907 3816 993">
     <span class='ocr_line' id='line_1_24' title="bbox 2207 907 3816 993; baseline 0.009 -35"><span class='ocrx_word' id='word_1_145' title='bbox 2207 911 2296 965; x_wconf 78' lang='grc' dir='ltr'><strong><em>τῆς</em></strong></span> <span class='ocrx_word' id='word_1_146' title='bbox 2341 907 2579 982; x_wconf 72' lang='grc' dir='ltr'><strong><em>ἑκατέρου</em></strong></span> <span class='ocrx_word' id='word_1_147' title='bbox 2643 917 2743 961; x_wconf 87' lang='grc' dir='ltr'><strong>τῶν</strong></span> <span class='ocrx_word' id='word_1_148' title='bbox 2799 911 3148 985; x_wconf 85' lang='grc' dir='ltr'><strong><em>αἰρεσιαρχῶν</em></strong></span> <span class='ocrx_word' id='word_1_149' title='bbox 3192 913 3384 977; x_wconf 79' lang='grc' dir='ltr'><strong><em>πλάνης</em></strong></span> <span class='ocrx_word' id='word_1_150' title='bbox 3437 913 3696 993; x_wconf 78' lang='grc' dir='ltr'><strong>βδελυρῶν</strong></span> <span class='ocrx_word' id='word_1_151' title='bbox 3751 937 3816 984; x_wconf 79' lang='grc' dir='ltr'><strong>τε,</strong></span> 
     </span>
    </p>
   </div>
   <div class='ocr_carea' id='block_1_25' title="bbox 2209 994 3825 1084">
    <p class='ocr_par' dir='ltr' id='par_1_25' title="bbox 2209 994 3825 1084">
     <span class='ocr_line' id='line_1_25' title="bbox 2209 994 3825 1084; baseline 0.01 -35"><span class='ocrx_word' id='word_1_152' title='bbox 2209 1001 2295 1049; x_wconf 77' lang='grc' dir='ltr'><strong>καί</strong></span> <span class='ocrx_word' id='word_1_153' title='bbox 2339 995 2557 1052; x_wconf 84' lang='grc' dir='ltr'><strong>ἀνοσίων</strong></span> <span class='ocrx_word' id='word_1_154' title='bbox 2601 997 2869 1075; x_wconf 78' lang='grc' dir='ltr'><strong><em>δογμάτων</em></strong></span> <span class='ocrx_word' id='word_1_155' title='bbox 2909 1001 3274 1078; x_wconf 81' lang='grc' dir='ltr'><strong><em>ἀντεχόμενον,</em></strong></span> <span class='ocrx_word' id='word_1_156' title='bbox 3319 994 3604 1084; x_wconf 77' lang='grc' dir='ltr'><strong><em>Νεστορίου</em></strong></span> <span class='ocrx_word' id='word_1_157' title='bbox 3645 1030 3716 1077; x_wconf 85' lang='grc' dir='ltr'><strong>τε,</strong></span> <span class='ocrx_word' id='word_1_158' title='bbox 3749 1018 3825 1064; x_wconf 79' lang='grc' dir='ltr'><strong><em>καὶ</em></strong></span> 
     </span>
    </p>
   </div>
   <div class='ocr_carea' id='block_1_26' title="bbox 2211 1089 3827 1174">
    <p class='ocr_par' dir='ltr' id='par_1_26' title="bbox 2211 1089 3827 1174">
     <span class='ocr_line' id='line_1_26' title="bbox 2211 1089 3827 1174; baseline 0.009 -32"><span class='ocrx_word' id='word_1_159' title='bbox 2211 1089 2495 1162; x_wconf 78' lang='grc' dir='ltr'><strong><em>Εὐτυχοῦς,</em></strong></span> <span class='ocrx_word' id='word_1_160' title='bbox 2551 1098 2637 1146; x_wconf 79' lang='grc' dir='ltr'><strong>καί</strong></span> <span class='ocrx_word' id='word_1_161' title='bbox 2685 1101 2784 1148; x_wconf 86' lang='grc' dir='ltr'><strong>τῶν</strong></span> <span class='ocrx_word' id='word_1_162' title='bbox 2843 1096 3082 1171; x_wconf 80' lang='grc' dir='ltr'><strong><em>ἐκατέρου</em></strong></span> <span class='ocrx_word' id='word_1_163' title='bbox 3128 1101 3322 1152; x_wconf 88' lang='grc' dir='ltr'><strong><em>τούτων</em></strong></span> <span class='ocrx_word' id='word_1_164' title='bbox 3377 1103 3729 1174; x_wconf 76' lang='grc' dir='ltr'><strong>καθηγεμόνων</strong></span> <span class='ocrx_word' id='word_1_165' title='bbox 3781 1103 3827 1167; x_wconf 76' lang='grc' dir='ltr'><strong>ἐξ</strong></span> 
     </span>
    </p>
   </div>
   <div class='ocr_carea' id='block_1_27' title="bbox 2209 1179 3828 1270">
    <p class='ocr_par' dir='ltr' id='par_1_27' title="bbox 2209 1179 3828 1270">
     <span class='ocr_line' id='line_1_27' title="bbox 2209 1179 3828 1270; baseline 0.011 -37"><span class='ocrx_word' id='word_1_166' title='bbox 2209 1179 2440 1244; x_wconf 65' lang='grc' dir='ltr'><strong><em>ἐναντίας</em></strong></span> <span class='ocrx_word' id='word_1_167' title='bbox 2477 1189 2568 1257; x_wconf 81' lang='grc' dir='ltr'><strong><em>μέν</em></strong></span> <span class='ocrx_word' id='word_1_168' title='bbox 2609 1206 2714 1248; x_wconf 89' lang='grc' dir='ltr'><strong>πως</strong></span> <span class='ocrx_word' id='word_1_169' title='bbox 2745 1183 2872 1240; x_wconf 84' lang='grc' dir='ltr'><strong><em>εἶναι</em></strong></span> <span class='ocrx_word' id='word_1_170' title='bbox 2914 1185 3198 1243; x_wconf 78' lang='grc' dir='ltr'><strong><em>δοκούντων</em></strong></span> <span class='ocrx_word' id='word_1_171' title='bbox 3240 1190 3492 1266; x_wconf 77' lang='grc' dir='ltr'><strong><em>ἀλληλοις,</em></strong></span> <span class='ocrx_word' id='word_1_172' title='bbox 3534 1200 3660 1270; x_wconf 88' lang='grc' dir='ltr'><strong><em>πρὸς</em></strong></span> <span class='ocrx_word' id='word_1_173' title='bbox 3687 1195 3734 1248; x_wconf 78' lang='grc' dir='ltr'><strong><em>ἓν</em></strong></span> <span class='ocrx_word' id='word_1_174' title='bbox 3775 1194 3828 1250; x_wconf 74' lang='grc' dir='ltr'><strong>δε</strong></span> 
     </span>
    </p>
   </div>
   <div class='ocr_carea' id='block_1_28' title="bbox 2208 1274 3826 1360">
    <p class='ocr_par' dir='ltr' id='par_1_28' title="bbox 2208 1274 3826 1360">
     <span class='ocr_line' id='line_1_28' title="bbox 2208 1274 3826 1360; baseline 0.01 -34"><span class='ocrx_word' id='word_1_175' title='bbox 2208 1274 2344 1336; x_wconf 78' lang='grc' dir='ltr'><strong><em>τέλος</em></strong></span> <span class='ocrx_word' id='word_1_176' title='bbox 2389 1284 2477 1338; x_wconf 83' lang='grc' dir='ltr'><strong><em>τῆς</em></strong></span> <span class='ocrx_word' id='word_1_177' title='bbox 2519 1275 2749 1340; x_wconf 76' lang='grc' dir='ltr'><strong><em>ἀσεϐείας</em></strong></span> <span class='ocrx_word' id='word_1_178' title='bbox 2795 1279 3150 1355; x_wconf 77' lang='grc' dir='ltr'><strong>ἐπειγομένων,</strong></span> <span class='ocrx_word' id='word_1_179' title='bbox 3199 1289 3285 1336; x_wconf 83' lang='grc' dir='ltr'><strong><em>καὶ</em></strong></span> <span class='ocrx_word' id='word_1_180' title='bbox 3325 1291 3440 1346; x_wconf 81' lang='grc' dir='ltr'><strong><em>τούς</em></strong></span> <span class='ocrx_word' id='word_1_181' title='bbox 3484 1286 3679 1340; x_wconf 76' lang='grc' dir='ltr'><strong><em>ἐκείνων</em></strong></span> <span class='ocrx_word' id='word_1_182' title='bbox 3721 1309 3826 1360; x_wconf 83' lang='grc' dir='ltr'><strong>χα-</strong></span> 
     </span>
    </p>
   </div>
   <div class='ocr_carea' id='block_1_29' title="bbox 2208 1371 3828 1455">
    <p class='ocr_par' dir='ltr' id='par_1_29' title="bbox 2208 1371 3828 1455">
     <span class='ocr_line' id='line_1_29' title="bbox 2208 1371 3828 1455; baseline 0.01 -37"><span class='ocrx_word' id='word_1_183' title='bbox 2208 1375 2628 1443; x_wconf 85' lang='grc' dir='ltr'><strong><em>ρακτηριστικοὺς</em></strong></span> <span class='ocrx_word' id='word_1_184' title='bbox 2653 1371 3072 1447; x_wconf 83' lang='grc' dir='ltr'><strong><em>ἐντυπωσάμενον</em></strong></span> <span class='ocrx_word' id='word_1_185' title='bbox 3119 1375 3313 1448; x_wconf 82' lang='grc' dir='ltr'><strong>λόγους.</strong></span> <span class='ocrx_word' id='word_1_186' title='bbox 3357 1383 3504 1432; x_wconf 85' lang='grc' dir='ltr'><strong><em>Δυοῑν</em></strong></span> <span class='ocrx_word' id='word_1_187' title='bbox 3532 1384 3634 1455; x_wconf 85' lang='grc' dir='ltr'><strong>γάρ</strong></span> <span class='ocrx_word' id='word_1_188' title='bbox 3676 1385 3828 1434; x_wconf 84' lang='grc' dir='ltr'><strong><em>ὄντων</em></strong></span> 
     </span>
    </p>
   </div>
   <div class='ocr_carea' id='block_1_30' title="bbox 2209 1457 3832 1547">
    <p class='ocr_par' dir='ltr' id='par_1_30' title="bbox 2209 1457 3832 1547">
     <span class='ocr_line' id='line_1_30' title="bbox 2209 1457 3832 1547; baseline 0.01 -35"><span class='ocrx_word' id='word_1_189' title='bbox 2209 1457 2448 1514; x_wconf 70' lang='grc' dir='ltr'><strong><em>ἐναντίων</em></strong></span> <span class='ocrx_word' id='word_1_190' title='bbox 2500 1459 2730 1524; x_wconf 77' lang='grc' dir='ltr'><strong><em>ἀλληλοις</em></strong></span> <span class='ocrx_word' id='word_1_191' title='bbox 2784 1462 3056 1540; x_wconf 86' lang='grc' dir='ltr'><strong><em>δογμάτων</em></strong></span> <span class='ocrx_word' id='word_1_192' title='bbox 3075 1509 3088 1534; x_wconf 90' lang='grc'><strong>,</strong></span> <span class='ocrx_word' id='word_1_193' title='bbox 3141 1471 3210 1520; x_wconf 85' lang='grc' dir='ltr'><strong><em>ὧν</em></strong></span> <span class='ocrx_word' id='word_1_194' title='bbox 3259 1471 3491 1547; x_wconf 74' lang='grc' dir='ltr'><strong><em>ἑκάτερον</em></strong></span> <span class='ocrx_word' id='word_1_195' title='bbox 3549 1463 3726 1547; x_wconf 73' lang='grc' dir='ltr'><strong><em>ὁμοίως</em></strong></span> <span class='ocrx_word' id='word_1_196' title='bbox 3769 1476 3832 1536; x_wconf 80' lang='grc' dir='ltr'><strong>εἰς</strong></span> 
     </span>
    </p>
   </div>
   <div class='ocr_carea' id='block_1_31' title="bbox 2207 1551 3832 1638">
    <p class='ocr_par' dir='ltr' id='par_1_31' title="bbox 2207 1551 3832 1638">
     <span class='ocr_line' id='line_1_31' title="bbox 2207 1551 3832 1638; baseline 0.01 -33"><span class='ocrx_word' id='word_1_197' title='bbox 2207 1551 2434 1626; x_wconf 75' lang='grc' dir='ltr'><strong><em>ψυχικὴν</em></strong></span> <span class='ocrx_word' id='word_1_198' title='bbox 2479 1553 2733 1610; x_wconf 81' lang='grc' dir='ltr'><strong><em>ἀπώλειαν</em></strong></span> <span class='ocrx_word' id='word_1_199' title='bbox 2781 1560 2914 1631; x_wconf 81' lang='grc' dir='ltr'><strong><em>ἄγει,</em></strong></span> <span class='ocrx_word' id='word_1_200' title='bbox 2963 1567 3054 1614; x_wconf 83' lang='grc' dir='ltr'><strong><em>τοῦ</em></strong></span> <span class='ocrx_word' id='word_1_201' title='bbox 3099 1568 3400 1638; x_wconf 85' lang='grc' dir='ltr'><strong><em>Νεστορίου,</em></strong></span> <span class='ocrx_word' id='word_1_202' title='bbox 3432 1573 3524 1618; x_wconf 87' lang='grc' dir='ltr'><strong><em>τοῦ</em></strong></span> <span class='ocrx_word' id='word_1_203' title='bbox 3568 1587 3624 1620; x_wconf 88' lang='grc' dir='ltr'><strong>τε</strong></span> <span class='ocrx_word' id='word_1_204' title='bbox 3673 1569 3832 1622; x_wconf 63' lang='grc' dir='ltr'><strong><em>Εὔτυ-</em></strong></span> 
     </span>
    </p>
   </div>
   <div class='ocr_carea' id='block_1_32' title="bbox 2207 1649 3828 1734">
    <p class='ocr_par' dir='ltr' id='par_1_32' title="bbox 2207 1649 3828 1734">
     <span class='ocr_line' id='line_1_32' title="bbox 2207 1649 3828 1734; baseline 0.01 -37"><span class='ocrx_word' id='word_1_205' title='bbox 2207 1654 2354 1718; x_wconf 82' lang='grc' dir='ltr'><strong><em>χοῦς,</em></strong></span> <span class='ocrx_word' id='word_1_206' title='bbox 2385 1649 2612 1724; x_wconf 85' lang='grc' dir='ltr'><strong><em>καθάπερ</em></strong></span> <span class='ocrx_word' id='word_1_207' title='bbox 2644 1649 2864 1713; x_wconf 81' lang='grc' dir='ltr'><strong>εἰπόντες</strong></span> <span class='ocrx_word' id='word_1_208' title='bbox 2905 1655 3136 1726; x_wconf 70' lang='grc' dir='ltr'><strong><em>ἔφθημεν,</em></strong></span> <span class='ocrx_word' id='word_1_209' title='bbox 3170 1654 3300 1730; x_wconf 85' lang='grc' dir='ltr'><strong><em>άπερ</em></strong></span> <span class='ocrx_word' id='word_1_210' title='bbox 3329 1657 3383 1709; x_wconf 78' lang='grc' dir='ltr'><strong><em>ἐκ</em></strong></span> <span class='ocrx_word' id='word_1_211' title='bbox 3415 1666 3515 1710; x_wconf 87' lang='grc' dir='ltr'><strong>τῶν</strong></span> <span class='ocrx_word' id='word_1_212' title='bbox 3549 1665 3828 1734; x_wconf 80' lang='grc' dir='ltr'><strong><em>Ἀριιανῶν,</em></strong></span> 
     </span>
    </p>
   </div>
   <div class='ocr_carea' id='block_1_33' title="bbox 2207 1741 3832 1821">
    <p class='ocr_par' dir='ltr' id='par_1_33' title="bbox 2207 1741 3832 1821">
     <span class='ocr_line' id='line_1_33' title="bbox 2207 1741 3832 1821; baseline 0.009 -30"><span class='ocrx_word' id='word_1_213' title='bbox 2207 1745 2294 1792; x_wconf 73' lang='grc' dir='ltr'><strong><em>καὶ</em></strong></span> <span class='ocrx_word' id='word_1_214' title='bbox 2320 1749 2420 1793; x_wconf 83' lang='grc' dir='ltr'><strong>τῶν</strong></span> <span class='ocrx_word' id='word_1_215' title='bbox 2453 1741 2804 1818; x_wconf 88' lang='grc' dir='ltr'><strong><em>Ἀπολιναρίου</em></strong></span> <span class='ocrx_word' id='word_1_216' title='bbox 2841 1749 3062 1806; x_wconf 77' lang='grc' dir='ltr'><strong>συνέστη</strong></span> <span class='ocrx_word' id='word_1_217' title='bbox 3087 1753 3414 1821; x_wconf 82' lang='grc' dir='ltr'><strong><em>μιασμάτων,</em></strong></span> <span class='ocrx_word' id='word_1_218' title='bbox 3450 1750 3602 1812; x_wconf 70' lang='grc' dir='ltr'><strong><em>αὐτός</em></strong></span> <span class='ocrx_word' id='word_1_219' title='bbox 3643 1773 3698 1805; x_wconf 90' lang='grc' dir='ltr'><strong>τι</strong></span> <span class='ocrx_word' id='word_1_220' title='bbox 3731 1774 3832 1806; x_wconf 88' lang='grc' dir='ltr'><strong><em>πα-</em></strong></span> 
     </span>
    </p>
   </div>
   <div class='ocr_carea' id='block_1_34' title="bbox 473 1827 2113 1921">
    <p class='ocr_par' dir='ltr' id='par_1_34' title="bbox 473 1843 2112 1917">
     <span class='ocr_line' id='line_1_34' title="bbox 473 1843 2112 1917; baseline -0.001 -16"><span class='ocrx_word' id='word_1_221' title='bbox 473 1845 659 1902; x_wconf 89' lang='lat' dir='ltr'><strong>linarii</strong></span> <span class='ocrx_word' id='word_1_222' title='bbox 689 1845 1023 1917; x_wconf 80' lang='lat' dir='ltr'><strong>contagione</strong></span> <span class='ocrx_word' id='word_1_223' title='bbox 1051 1844 1394 1912; x_wconf 86' lang='lat' dir='ltr'><strong>consistunt;</strong></span> <span class='ocrx_word' id='word_1_224' title='bbox 1425 1843 1544 1915; x_wconf 90' lang='lat' dir='ltr'><strong>ipse</strong></span> <span class='ocrx_word' id='word_1_225' title='bbox 1573 1845 1924 1916; x_wconf 84' lang='lat' dir='ltr'><strong>paradoxum</strong></span> <span class='ocrx_word' id='word_1_226' title='bbox 1973 1845 2112 1917; x_wconf 89' lang='lat' dir='ltr'><strong>quid</strong></span> 
     </span>
    </p>
   </div>
   <div class='ocr_carea' id='block_1_35' title="bbox 2214 1827 3834 1921">
    <p class='ocr_par' dir='ltr' id='par_1_35' title="bbox 2214 1831 3834 1921">
     <span class='ocr_line' id='line_1_35' title="bbox 2214 1831 3834 1921; baseline 0.007 -35"><span class='ocrx_word' id='word_1_227' title='bbox 2214 1831 2420 1908; x_wconf 85' lang='grc' dir='ltr'><strong><em>ράδοξον</em></strong></span> <span class='ocrx_word' id='word_1_228' title='bbox 2451 1837 2650 1903; x_wconf 84' lang='grc' dir='ltr'><strong><em>παθὼν,</em></strong></span> <span class='ocrx_word' id='word_1_229' title='bbox 2685 1839 2864 1910; x_wconf 80' lang='grc' dir='ltr'><strong><em>ὁμοίως</em></strong></span> <span class='ocrx_word' id='word_1_230' title='bbox 2908 1840 2974 1900; x_wconf 88' lang='grc' dir='ltr'><strong>εἰς</strong></span> <span class='ocrx_word' id='word_1_231' title='bbox 3022 1839 3254 1916; x_wconf 80' lang='grc' dir='ltr'><strong><em>ἑκάτερον</em></strong></span> <span class='ocrx_word' id='word_1_232' title='bbox 3293 1841 3607 1915; x_wconf 78' lang='grc' dir='ltr'><strong><em>ἐμπέπτωκε.</em></strong></span> <span class='ocrx_word' id='word_1_233' title='bbox 3645 1851 3742 1899; x_wconf 76' lang='grc' dir='ltr'><strong>Καὶ</strong></span> <span class='ocrx_word' id='word_1_234' title='bbox 3765 1857 3834 1921; x_wconf 74' lang='grc' dir='ltr'><strong><em>πῇ</em></strong></span> 
     </span>
    </p>
   </div>
   <div class='ocr_carea' id='block_1_36' title="bbox 474 1937 2106 2012">
    <p class='ocr_par' dir='ltr' id='par_1_36' title="bbox 474 1937 2106 2012">
     <span class='ocr_line' id='line_1_36' title="bbox 474 1937 2106 2012; baseline -0.002 -17"><span class='ocrx_word' id='word_1_235' title='bbox 474 1955 772 2012; x_wconf 88' lang='lat' dir='ltr'><strong>perpessus</strong></span> <span class='ocrx_word' id='word_1_236' title='bbox 798 1939 858 1993; x_wconf 89' lang='lat' dir='ltr'><strong>in</strong></span> <span class='ocrx_word' id='word_1_237' title='bbox 893 1942 1204 2010; x_wconf 90' lang='lat' dir='ltr'><strong>utrumque</strong></span> <span class='ocrx_word' id='word_1_238' title='bbox 1233 1937 1496 1992; x_wconf 88' lang='lat' dir='ltr'><strong>similiter</strong></span> <span class='ocrx_word' id='word_1_239' title='bbox 1519 1937 1722 1992; x_wconf 89' lang='lat' dir='ltr'><strong>incidit</strong></span> <span class='ocrx_word' id='word_1_240' title='bbox 1748 1953 1763 1992; x_wconf 89' lang='lat'><strong>:</strong></span> <span class='ocrx_word' id='word_1_241' title='bbox 1795 1941 1854 1994; x_wconf 90' lang='lat' dir='ltr'><strong>et</strong></span> <span class='ocrx_word' id='word_1_242' title='bbox 1875 1937 1954 1992; x_wconf 90' lang='lat' dir='ltr'><strong>ibi</strong></span> <span class='ocrx_word' id='word_1_243' title='bbox 1979 1938 2106 2009; x_wconf 81' lang='lat' dir='ltr'><strong>qui-</strong></span> 
     </span>
    </p>
   </div>
   <div class='ocr_carea' id='block_1_37' title="bbox 477 2031 2110 2102">
    <p class='ocr_par' dir='ltr' id='par_1_37' title="bbox 477 2031 2110 2102">
     <span class='ocr_line' id='line_1_37' title="bbox 477 2031 2110 2102; baseline -0.001 -14"><span class='ocrx_word' id='word_1_244' title='bbox 477 2032 609 2088; x_wconf 90' lang='lat' dir='ltr'><strong>dem</strong></span> <span class='ocrx_word' id='word_1_245' title='bbox 639 2032 778 2088; x_wconf 91' lang='lat' dir='ltr'><strong>illud</strong></span> <span class='ocrx_word' id='word_1_246' title='bbox 804 2031 1100 2100; x_wconf 88' lang='lat' dir='ltr'><strong>mittendo,</strong></span> <span class='ocrx_word' id='word_1_247' title='bbox 1130 2031 1376 2102; x_wconf 91' lang='lat' dir='ltr'><strong>seipsum</strong></span> <span class='ocrx_word' id='word_1_248' title='bbox 1407 2037 1463 2086; x_wconf 90' lang='lat' dir='ltr'><strong>et</strong></span> <span class='ocrx_word' id='word_1_249' title='bbox 1487 2047 1779 2086; x_wconf 87' lang='lat' dir='ltr'><strong>sermones</strong></span> <span class='ocrx_word' id='word_1_250' title='bbox 1806 2047 1934 2086; x_wconf 89' lang='lat' dir='ltr'><strong>suos</strong></span> <span class='ocrx_word' id='word_1_251' title='bbox 1961 2032 2110 2086; x_wconf 87' lang='lat' dir='ltr'><strong>visus</strong></span> 
     </span>
    </p>
   </div>
   <div class='ocr_carea' id='block_1_38' title="bbox 477 2126 2110 2197">
    <p class='ocr_par' dir='ltr' id='par_1_38' title="bbox 477 2126 2110 2197">
     <span class='ocr_line' id='line_1_38' title="bbox 477 2126 2110 2197; baseline -0.002 -14"><span class='ocrx_word' id='word_1_252' title='bbox 477 2132 562 2184; x_wconf 88' lang='lat' dir='ltr'><strong>est</strong></span> <span class='ocrx_word' id='word_1_253' title='bbox 598 2126 947 2182; x_wconf 90' lang='lat' dir='ltr'><strong>constituisse</strong></span> <span class='ocrx_word' id='word_1_254' title='bbox 1008 2141 1310 2180; x_wconf 88' lang='lat' dir='ltr'><strong>commune</strong></span> <span class='ocrx_word' id='word_1_255' title='bbox 1350 2127 1768 2197; x_wconf 87' lang='lat' dir='ltr'><strong>receptaculum</strong></span> <span class='ocrx_word' id='word_1_256' title='bbox 1819 2129 2110 2180; x_wconf 86' lang='lat' dir='ltr'><strong>tantorum</strong></span> 
     </span>
    </p>
   </div>
   <div class='ocr_carea' id='block_1_39' title="bbox 477 2218 2113 2290">
    <p class='ocr_par' dir='ltr' id='par_1_39' title="bbox 477 2218 2113 2290">
     <span class='ocr_line' id='line_1_39' title="bbox 477 2218 2113 2290; baseline -0.001 -14"><span class='ocrx_word' id='word_1_257' title='bbox 477 2221 829 2276; x_wconf 90' lang='lat' dir='ltr'><strong>delictorum.</strong></span> <span class='ocrx_word' id='word_1_258' title='bbox 874 2219 958 2275; x_wconf 88' lang='lat' dir='ltr'><strong>Sit</strong></span> <span class='ocrx_word' id='word_1_259' title='bbox 998 2218 1189 2290; x_wconf 89' lang='lat' dir='ltr'><strong>itaque</strong></span> <span class='ocrx_word' id='word_1_260' title='bbox 1216 2222 1272 2273; x_wconf 93' lang='lat' dir='ltr'><strong>et</strong></span> <span class='ocrx_word' id='word_1_261' title='bbox 1296 2219 1417 2290; x_wconf 90' lang='lat' dir='ltr'><strong>ipse</strong></span> <span class='ocrx_word' id='word_1_262' title='bbox 1447 2219 1550 2273; x_wconf 89' lang='lat' dir='ltr'><strong>sub</strong></span> <span class='ocrx_word' id='word_1_263' title='bbox 1580 2218 1847 2289; x_wconf 72' lang='lat' dir='ltr'><strong>praedicto</strong></span> <span class='ocrx_word' id='word_1_264' title='bbox 1879 2219 2113 2274; x_wconf 90' lang='lat' dir='ltr'><strong>anathe-</strong></span> 
     </span>
    </p>
   </div>
   <div class='ocr_carea' id='block_1_40' title="bbox 473 2311 2108 2384">
    <p class='ocr_par' dir='ltr' id='par_1_40' title="bbox 473 2311 2108 2384">
     <span class='ocr_line' id='line_1_40' title="bbox 473 2311 2108 2384; baseline -0.002 -14"><span class='ocrx_word' id='word_1_265' title='bbox 473 2314 756 2382; x_wconf 88' lang='lat' dir='ltr'><strong>matismo,</strong></span> <span class='ocrx_word' id='word_1_266' title='bbox 784 2329 956 2383; x_wconf 87' lang='lat' dir='ltr'><strong>quem</strong></span> <span class='ocrx_word' id='word_1_267' title='bbox 985 2311 1279 2367; x_wconf 90' lang='lat' dir='ltr'><strong>universus</strong></span> <span class='ocrx_word' id='word_1_268' title='bbox 1304 2311 1716 2384; x_wconf 88' lang='lat' dir='ltr'><strong>patriarchalis,</strong></span> <span class='ocrx_word' id='word_1_269' title='bbox 1750 2312 2108 2383; x_wconf 83' lang='lat' dir='ltr'><strong>pontiﬁcalis,</strong></span> 
     </span>
    </p>
   </div>
   <div class='ocr_carea' id='block_1_41' title="bbox 475 2405 2112 2477">
    <p class='ocr_par' dir='ltr' id='par_1_41' title="bbox 475 2405 2112 2477">
     <span class='ocr_line' id='line_1_41' title="bbox 475 2405 2112 2477; baseline -0.001 -15"><span class='ocrx_word' id='word_1_270' title='bbox 475 2423 539 2462; x_wconf 89' lang='lat' dir='ltr'><strong>ac</strong></span> <span class='ocrx_word' id='word_1_271' title='bbox 566 2406 932 2462; x_wconf 89' lang='lat' dir='ltr'><strong>monachicus</strong></span> <span class='ocrx_word' id='word_1_272' title='bbox 971 2410 1198 2474; x_wconf 67' lang='lat' dir='ltr'><strong>nostrae,</strong></span> <span class='ocrx_word' id='word_1_273' title='bbox 1231 2409 1295 2460; x_wconf 88' lang='lat' dir='ltr'><strong>ut</strong></span> <span class='ocrx_word' id='word_1_274' title='bbox 1339 2406 1418 2460; x_wconf 86' lang='lat' dir='ltr'><strong>ita</strong></span> <span class='ocrx_word' id='word_1_275' title='bbox 1462 2406 1736 2473; x_wconf 88' lang='lat' dir='ltr'><strong>dicamus,</strong></span> <span class='ocrx_word' id='word_1_276' title='bbox 1788 2405 2112 2477; x_wconf 76' lang='lat' dir='ltr'><strong>reipublicm</strong></span> 
     </span>
    </p>
   </div>
   <div class='ocr_carea' id='block_1_42' title="bbox 479 2497 2110 2570">
    <p class='ocr_par' dir='ltr' id='par_1_42' title="bbox 479 2497 2110 2570">
     <span class='ocr_line' id='line_1_42' title="bbox 479 2497 2110 2570; baseline -0.002 -14"><span class='ocrx_word' id='word_1_277' title='bbox 479 2503 653 2556; x_wconf 77' lang='lat' dir='ltr'><strong>cmtus</strong></span> <span class='ocrx_word' id='word_1_278' title='bbox 670 2500 822 2570; x_wconf 90' lang='lat' dir='ltr'><strong>juste</strong></span> <span class='ocrx_word' id='word_1_279' title='bbox 848 2499 908 2554; x_wconf 91' lang='lat' dir='ltr'><strong>in</strong></span> <span class='ocrx_word' id='word_1_280' title='bbox 938 2499 1122 2570; x_wconf 89' lang='lat' dir='ltr'><strong>ipsum</strong></span> <span class='ocrx_word' id='word_1_281' title='bbox 1163 2498 1384 2554; x_wconf 83' lang='lat' dir='ltr'><strong>induxit</strong></span> <span class='ocrx_word' id='word_1_282' title='bbox 1408 2515 1422 2554; x_wconf 91' lang='lat'><strong>:</strong></span> <span class='ocrx_word' id='word_1_283' title='bbox 1454 2497 1525 2554; x_wconf 90' lang='lat' dir='ltr'><strong>de</strong></span> <span class='ocrx_word' id='word_1_284' title='bbox 1552 2498 1958 2570; x_wconf 87' lang='lat' dir='ltr'><strong>Theopolitana</strong></span> <span class='ocrx_word' id='word_1_285' title='bbox 1983 2499 2110 2570; x_wconf 91' lang='lat' dir='ltr'><strong>qui-</strong></span> 
     </span>
    </p>
   </div>
   <div class='ocr_carea' id='block_1_43' title="bbox 478 2591 2112 2664">
    <p class='ocr_par' dir='ltr' id='par_1_43' title="bbox 478 2591 2112 2664">
     <span class='ocr_line' id='line_1_43' title="bbox 478 2591 2112 2664; baseline -0.002 -14"><span class='ocrx_word' id='word_1_286' title='bbox 478 2594 609 2650; x_wconf 90' lang='lat' dir='ltr'><strong>dem</strong></span> <span class='ocrx_word' id='word_1_287' title='bbox 655 2593 902 2649; x_wconf 87' lang='lat' dir='ltr'><strong>Ecclesia</strong></span> <span class='ocrx_word' id='word_1_288' title='bbox 949 2591 1176 2664; x_wconf 83' lang='lat' dir='ltr'><strong>ejectus,</strong></span> <span class='ocrx_word' id='word_1_289' title='bbox 1231 2591 1443 2648; x_wconf 90' lang='lat' dir='ltr'><strong>idcirco</strong></span> <span class='ocrx_word' id='word_1_290' title='bbox 1479 2593 1630 2664; x_wconf 89' lang='lat' dir='ltr'><strong>quod</strong></span> <span class='ocrx_word' id='word_1_291' title='bbox 1679 2593 1916 2648; x_wconf 87' lang='lat' dir='ltr'><strong>thronus</strong></span> <span class='ocrx_word' id='word_1_292' title='bbox 1962 2592 2112 2647; x_wconf 90' lang='lat' dir='ltr'><strong>illius</strong></span> 
     </span>
    </p>
   </div>
   <div class='ocr_carea' id='block_1_44' title="bbox 473 2685 2113 2760">
    <p class='ocr_par' dir='ltr' id='par_1_44' title="bbox 473 2685 2113 2760">
     <span class='ocr_line' id='line_1_44' title="bbox 473 2685 2113 2760; baseline -0.001 -18"><span class='ocrx_word' id='word_1_293' title='bbox 473 2688 664 2760; x_wconf 88' lang='lat' dir='ltr'><strong>ipsum</strong></span> <span class='ocrx_word' id='word_1_294' title='bbox 700 2685 959 2754; x_wconf 87' lang='lat' dir='ltr'><strong>removit,</strong></span> <span class='ocrx_word' id='word_1_295' title='bbox 1007 2702 1071 2742; x_wconf 93' lang='lat' dir='ltr'><strong>eo</strong></span> <span class='ocrx_word' id='word_1_296' title='bbox 1113 2686 1264 2758; x_wconf 91' lang='lat' dir='ltr'><strong>quod</strong></span> <span class='ocrx_word' id='word_1_297' title='bbox 1312 2686 1488 2758; x_wconf 89' lang='lat' dir='ltr'><strong>ipsius</strong></span> <span class='ocrx_word' id='word_1_298' title='bbox 1534 2686 1913 2757; x_wconf 87' lang='lat' dir='ltr'><strong>principatum</strong></span> <span class='ocrx_word' id='word_1_299' title='bbox 1964 2692 2113 2742; x_wconf 89' lang='lat' dir='ltr'><strong>recte</strong></span> 
     </span>
    </p>
   </div>
   <div class='ocr_carea' id='block_1_45' title="bbox 472 2779 2110 2852">
    <p class='ocr_par' dir='ltr' id='par_1_45' title="bbox 472 2779 2110 2852">
     <span class='ocr_line' id='line_1_45' title="bbox 472 2779 2110 2852; baseline -0.002 -15"><span class='ocrx_word' id='word_1_300' title='bbox 472 2798 589 2837; x_wconf 93' lang='lat' dir='ltr'><strong>non</strong></span> <span class='ocrx_word' id='word_1_301' title='bbox 613 2782 922 2852; x_wconf 86' lang='lat' dir='ltr'><strong>acceperat,</strong></span> <span class='ocrx_word' id='word_1_302' title='bbox 954 2780 1050 2835; x_wconf 90' lang='lat' dir='ltr'><strong>sed</strong></span> <span class='ocrx_word' id='word_1_303' title='bbox 1087 2780 1272 2835; x_wconf 89' lang='lat' dir='ltr'><strong>adhuc</strong></span> <span class='ocrx_word' id='word_1_304' title='bbox 1308 2779 1532 2836; x_wconf 88' lang='lat' dir='ltr'><strong>vivente</strong></span> <span class='ocrx_word' id='word_1_305' title='bbox 1570 2795 1658 2848; x_wconf 93' lang='lat' dir='ltr'><strong>eo,</strong></span> <span class='ocrx_word' id='word_1_306' title='bbox 1701 2785 1758 2834; x_wconf 92' lang='lat' dir='ltr'><strong>et</strong></span> <span class='ocrx_word' id='word_1_307' title='bbox 1785 2780 1843 2834; x_wconf 89' lang='lat' dir='ltr'><strong>in</strong></span> <span class='ocrx_word' id='word_1_308' title='bbox 1881 2779 2110 2835; x_wconf 89' lang='lat' dir='ltr'><strong>sanctis-</strong></span> 
     </span>
    </p>
   </div>
   <div class='ocr_carea' id='block_1_46' title="bbox 475 2873 2110 2946">
    <p class='ocr_par' dir='ltr' id='par_1_46' title="bbox 475 2873 2110 2946">
     <span class='ocr_line' id='line_1_46' title="bbox 475 2873 2110 2946; baseline -0.002 -16"><span class='ocrx_word' id='word_1_309' title='bbox 475 2875 632 2931; x_wconf 87' lang='lat' dir='ltr'><strong>simis</strong></span> <span class='ocrx_word' id='word_1_310' title='bbox 669 2873 925 2930; x_wconf 88' lang='lat' dir='ltr'><strong>Ecclesiis</strong></span> <span class='ocrx_word' id='word_1_311' title='bbox 967 2876 1437 2942; x_wconf 86' lang='lat' dir='ltr'><strong>commemorato,</strong></span> <span class='ocrx_word' id='word_1_312' title='bbox 1473 2873 1573 2946; x_wconf 88' lang='lat' dir='ltr'><strong>qui</strong></span> <span class='ocrx_word' id='word_1_313' title='bbox 1614 2877 1746 2928; x_wconf 88' lang='lat' dir='ltr'><strong>ante</strong></span> <span class='ocrx_word' id='word_1_314' title='bbox 1788 2873 1976 2945; x_wconf 90' lang='lat' dir='ltr'><strong>ipsum</strong></span> <span class='ocrx_word' id='word_1_315' title='bbox 2022 2890 2110 2928; x_wconf 91' lang='lat' dir='ltr'><strong>sa-</strong></span> 
     </span>
    </p>
   </div>
   <div class='ocr_carea' id='block_1_47' title="bbox 476 2963 2116 3039">
    <p class='ocr_par' dir='ltr' id='par_1_47' title="bbox 476 2963 2116 3039">
     <span class='ocr_line' id='line_1_47' title="bbox 476 2963 2116 3039; baseline -0.001 -16"><span class='ocrx_word' id='word_1_316' title='bbox 476 2967 793 3023; x_wconf 88' lang='lat' dir='ltr'><strong>cerdotium</strong></span> <span class='ocrx_word' id='word_1_317' title='bbox 818 2963 1066 3022; x_wconf 85' lang='lat' dir='ltr'><strong>habebat</strong></span> <span class='ocrx_word' id='word_1_318' title='bbox 1083 3009 1097 3036; x_wconf 91' lang='lat'><strong>,</strong></span> <span class='ocrx_word' id='word_1_319' title='bbox 1137 2972 1193 3023; x_wconf 92' lang='lat' dir='ltr'><strong>et</strong></span> <span class='ocrx_word' id='word_1_320' title='bbox 1231 2971 1464 3038; x_wconf 90' lang='lat' dir='ltr'><strong>propter</strong></span> <span class='ocrx_word' id='word_1_321' title='bbox 1485 2982 1618 3022; x_wconf 91' lang='lat' dir='ltr'><strong>eum</strong></span> <span class='ocrx_word' id='word_1_322' title='bbox 1641 2967 1741 3038; x_wconf 91' lang='lat' dir='ltr'><strong>qui</strong></span> <span class='ocrx_word' id='word_1_323' title='bbox 1770 2972 1900 3039; x_wconf 90' lang='lat' dir='ltr'><strong>post</strong></span> <span class='ocrx_word' id='word_1_324' title='bbox 1927 2967 2116 3038; x_wconf 90' lang='lat' dir='ltr'><strong>ipsum</strong></span> 
     </span>
    </p>
   </div>
   <div class='ocr_carea' id='block_1_48' title="bbox 477 3060 2116 3132">
    <p class='ocr_par' dir='ltr' id='par_1_48' title="bbox 477 3060 2116 3132">
     <span class='ocr_line' id='line_1_48' title="bbox 477 3060 2116 3132; baseline 0 -18"><span class='ocrx_word' id='word_1_325' title='bbox 477 3060 605 3130; x_wconf 87' lang='lat' dir='ltr'><strong>fuit,</strong></span> <span class='ocrx_word' id='word_1_326' title='bbox 658 3060 728 3115; x_wconf 91' lang='lat' dir='ltr'><strong>de</strong></span> <span class='ocrx_word' id='word_1_327' title='bbox 759 3061 1066 3115; x_wconf 89' lang='lat' dir='ltr'><strong>sacerdotio</strong></span> <span class='ocrx_word' id='word_1_328' title='bbox 1105 3060 1410 3116; x_wconf 85' lang='lat' dir='ltr'><strong>exciderat.</strong></span> <span class='ocrx_word' id='word_1_329' title='bbox 1451 3061 1561 3114; x_wconf 86' lang='lat' dir='ltr'><strong>Nec</strong></span> <span class='ocrx_word' id='word_1_330' title='bbox 1609 3075 1741 3114; x_wconf 89' lang='lat' dir='ltr'><strong>vero</strong></span> <span class='ocrx_word' id='word_1_331' title='bbox 1782 3076 2116 3132; x_wconf 88' lang='lat' dir='ltr'><strong>progressus</strong></span> 
     </span>
    </p>
   </div>
   <div class='ocr_carea' id='block_1_49' title="bbox 479 3152 2114 3224">
    <p class='ocr_par' dir='ltr' id='par_1_49' title="bbox 479 3152 2114 3224">
     <span class='ocr_line' id='line_1_49' title="bbox 479 3152 2114 3224; baseline 0 -16"><span class='ocrx_word' id='word_1_332' title='bbox 479 3154 592 3208; x_wconf 92' lang='lat' dir='ltr'><strong>huc</strong></span> <span class='ocrx_word' id='word_1_333' title='bbox 616 3169 796 3224; x_wconf 90' lang='lat' dir='ltr'><strong>usque</strong></span> <span class='ocrx_word' id='word_1_334' title='bbox 823 3153 1088 3222; x_wconf 90' lang='lat' dir='ltr'><strong>substitit,</strong></span> <span class='ocrx_word' id='word_1_335' title='bbox 1129 3153 1226 3206; x_wconf 90' lang='lat' dir='ltr'><strong>sed</strong></span> <span class='ocrx_word' id='word_1_336' title='bbox 1249 3156 1306 3207; x_wconf 90' lang='lat' dir='ltr'><strong>et</strong></span> <span class='ocrx_word' id='word_1_337' title='bbox 1331 3152 1434 3206; x_wconf 88' lang='lat' dir='ltr'><strong>sub</strong></span> <span class='ocrx_word' id='word_1_338' title='bbox 1465 3153 1755 3208; x_wconf 89' lang='lat' dir='ltr'><strong>communi</strong></span> <span class='ocrx_word' id='word_1_339' title='bbox 1782 3153 2114 3208; x_wconf 78' lang='lat' dir='ltr'><strong>orthodoxae</strong></span> 
     </span>
    </p>
   </div>
   <div class='ocr_carea' id='block_1_50' title="bbox 477 3245 2114 3317">
    <p class='ocr_par' dir='ltr' id='par_1_50' title="bbox 477 3245 2114 3317">
     <span class='ocr_line' id='line_1_50' title="bbox 477 3245 2114 3317; baseline 0 -15"><span class='ocrx_word' id='word_1_340' title='bbox 477 3263 542 3302; x_wconf 89' lang='lat' dir='ltr'><strong>ac</strong></span> <span class='ocrx_word' id='word_1_341' title='bbox 571 3245 864 3302; x_wconf 66' lang='lat' dir='ltr'><strong>catholicae</strong></span> <span class='ocrx_word' id='word_1_342' title='bbox 888 3245 1145 3301; x_wconf 64' lang='lat' dir='ltr'><strong>Ecclesia:</strong></span> <span class='ocrx_word' id='word_1_343' title='bbox 1175 3245 1651 3300; x_wconf 86' lang='lat' dir='ltr'><strong>anathematismo</strong></span> <span class='ocrx_word' id='word_1_344' title='bbox 1667 3246 1903 3317; x_wconf 87' lang='lat' dir='ltr'><strong>positus,</strong></span> <span class='ocrx_word' id='word_1_345' title='bbox 1922 3247 2114 3302; x_wconf 90' lang='lat' dir='ltr'><strong>multis</strong></span> 
     </span>
    </p>
   </div>
   <div class='ocr_carea' id='block_1_51' title="bbox 477 3338 2114 3412">
    <p class='ocr_par' dir='ltr' id='par_1_51' title="bbox 477 3338 2114 3412">
     <span class='ocr_line' id='line_1_51' title="bbox 477 3338 2114 3412; baseline -0.001 -16"><span class='ocrx_word' id='word_1_346' title='bbox 477 3339 1147 3412; x_wconf 84' lang='lat' dir='ltr'><strong>libris,blasphemiisque</strong></span> <span class='ocrx_word' id='word_1_347' title='bbox 1172 3343 1228 3394; x_wconf 89' lang='lat' dir='ltr'><strong>et</strong></span> <span class='ocrx_word' id='word_1_348' title='bbox 1253 3338 1766 3394; x_wconf 88' lang='lat' dir='ltr'><strong>abominationibus</strong></span> <span class='ocrx_word' id='word_1_349' title='bbox 1787 3339 1948 3394; x_wconf 87' lang='lat' dir='ltr'><strong>nobis</strong></span> <span class='ocrx_word' id='word_1_350' title='bbox 1972 3357 2114 3396; x_wconf 90' lang='lat' dir='ltr'><strong>rem-</strong></span> 
     </span>
    </p>
   </div>
   <div class='ocr_carea' id='block_1_52' title="bbox 476 3431 2115 3506">
    <p class='ocr_par' dir='ltr' id='par_1_52' title="bbox 476 3431 2115 3506">
     <span class='ocr_line' id='line_1_52' title="bbox 476 3431 2115 3506; baseline 0.001 -17"><span class='ocrx_word' id='word_1_351' title='bbox 476 3433 763 3506; x_wconf 84' lang='lat' dir='ltr'><strong>publicam</strong></span> <span class='ocrx_word' id='word_1_352' title='bbox 833 3433 1106 3504; x_wconf 90' lang='lat' dir='ltr'><strong>implevit.</strong></span> <span class='ocrx_word' id='word_1_353' title='bbox 1159 3431 1344 3497; x_wconf 88' lang='lat' dir='ltr'><strong>Quare</strong></span> <span class='ocrx_word' id='word_1_354' title='bbox 1401 3431 1676 3488; x_wconf 89' lang='lat' dir='ltr'><strong>universis</strong></span> <span class='ocrx_word' id='word_1_355' title='bbox 1726 3432 2115 3490; x_wconf 88' lang='lat' dir='ltr'><strong>interdicimus</strong></span> 
     </span>
    </p>
   </div>
   <div class='ocr_carea' id='block_1_53' title="bbox 475 3525 2116 3601">
    <p class='ocr_par' dir='ltr' id='par_1_53' title="bbox 475 3525 2116 3601">
     <span class='ocr_line' id='line_1_53' title="bbox 475 3525 2116 3601; baseline 0 -19"><span class='ocrx_word' id='word_1_356' title='bbox 475 3527 687 3601; x_wconf 87' lang='lat' dir='ltr'><strong>aliquid</strong></span> <span class='ocrx_word' id='word_1_357' title='bbox 715 3527 784 3582; x_wconf 91' lang='lat' dir='ltr'><strong>de</strong></span> <span class='ocrx_word' id='word_1_358' title='bbox 814 3525 972 3581; x_wconf 89' lang='lat' dir='ltr'><strong>libris</strong></span> <span class='ocrx_word' id='word_1_359' title='bbox 1014 3525 1192 3598; x_wconf 89' lang='lat' dir='ltr'><strong>ipsius</strong></span> <span class='ocrx_word' id='word_1_360' title='bbox 1230 3525 1542 3598; x_wconf 90' lang='lat' dir='ltr'><strong>possidere.</strong></span> <span class='ocrx_word' id='word_1_361' title='bbox 1574 3527 1642 3581; x_wconf 87' lang='lat' dir='ltr'><strong>Et</strong></span> <span class='ocrx_word' id='word_1_362' title='bbox 1677 3525 1820 3582; x_wconf 90' lang='lat' dir='ltr'><strong>sicut</strong></span> <span class='ocrx_word' id='word_1_363' title='bbox 1847 3543 1960 3582; x_wconf 90' lang='lat' dir='ltr'><strong>non</strong></span> <span class='ocrx_word' id='word_1_364' title='bbox 1986 3527 2116 3582; x_wconf 92' lang='lat' dir='ltr'><strong>licet</strong></span> 
     </span>
    </p>
   </div>
   <div class='ocr_carea' id='block_1_54' title="bbox 478 3619 2111 3692">
    <p class='ocr_par' dir='ltr' id='par_1_54' title="bbox 478 3619 2111 3692">
     <span class='ocr_line' id='line_1_54' title="bbox 478 3619 2111 3692; baseline -0.001 -15"><span class='ocrx_word' id='word_1_365' title='bbox 478 3621 719 3677; x_wconf 70' lang='lat' dir='ltr'><strong>Nestorii</strong></span> <span class='ocrx_word' id='word_1_366' title='bbox 755 3619 929 3675; x_wconf 89' lang='lat' dir='ltr'><strong>libros</strong></span> <span class='ocrx_word' id='word_1_367' title='bbox 970 3619 1238 3688; x_wconf 90' lang='lat' dir='ltr'><strong>scribere,</strong></span> <span class='ocrx_word' id='word_1_368' title='bbox 1269 3620 1355 3676; x_wconf 91' lang='lat' dir='ltr'><strong>vel</strong></span> <span class='ocrx_word' id='word_1_369' title='bbox 1389 3619 1684 3692; x_wconf 89' lang='lat' dir='ltr'><strong>possidere</strong></span> <span class='ocrx_word' id='word_1_370' title='bbox 1718 3621 1866 3692; x_wconf 90' lang='lat' dir='ltr'><strong>(quia</strong></span> <span class='ocrx_word' id='word_1_371' title='bbox 1892 3621 2111 3692; x_wconf 71' lang='lat' dir='ltr'><strong>praede-</strong></span> 
     </span>
    </p>
   </div>
   <div class='ocr_carea' id='block_1_55' title="bbox 481 3712 2112 3784">
    <p class='ocr_par' dir='ltr' id='par_1_55' title="bbox 481 3712 2112 3784">
     <span class='ocr_line' id='line_1_55' title="bbox 481 3712 2112 3784; baseline -0.001 -14"><span class='ocrx_word' id='word_1_372' title='bbox 481 3713 790 3770; x_wconf 86' lang='lat' dir='ltr'><strong>cessoribus</strong></span> <span class='ocrx_word' id='word_1_373' title='bbox 813 3713 1023 3770; x_wconf 88' lang='lat' dir='ltr'><strong>nostris</strong></span> <span class='ocrx_word' id='word_1_374' title='bbox 1067 3712 1507 3784; x_wconf 88' lang='lat' dir='ltr'><strong>imperatoribus</strong></span> <span class='ocrx_word' id='word_1_375' title='bbox 1531 3714 1589 3768; x_wconf 92' lang='lat' dir='ltr'><strong>in</strong></span> <span class='ocrx_word' id='word_1_376' title='bbox 1617 3713 1732 3768; x_wconf 91' lang='lat' dir='ltr'><strong>suis</strong></span> <span class='ocrx_word' id='word_1_377' title='bbox 1757 3714 2112 3769; x_wconf 89' lang='lat' dir='ltr'><strong>constitutio-</strong></span> 
     </span>
    </p>
   </div>
   <div class='ocr_carea' id='block_1_56' title="bbox 478 3806 2117 3879">
    <p class='ocr_par' dir='ltr' id='par_1_56' title="bbox 478 3806 2117 3879">
     <span class='ocr_line' id='line_1_56' title="bbox 478 3806 2117 3879; baseline 0.001 -17"><span class='ocrx_word' id='word_1_378' title='bbox 478 3807 648 3862; x_wconf 86' lang='lat' dir='ltr'><strong>nibus</strong></span> <span class='ocrx_word' id='word_1_379' title='bbox 687 3806 871 3861; x_wconf 87' lang='lat' dir='ltr'><strong>visum</strong></span> <span class='ocrx_word' id='word_1_380' title='bbox 915 3811 1002 3861; x_wconf 90' lang='lat' dir='ltr'><strong>est</strong></span> <span class='ocrx_word' id='word_1_381' title='bbox 1041 3809 1291 3861; x_wconf 88' lang='lat' dir='ltr'><strong>statuere</strong></span> <span class='ocrx_word' id='word_1_382' title='bbox 1333 3807 1540 3862; x_wconf 86' lang='lat' dir='ltr'><strong>similia</strong></span> <span class='ocrx_word' id='word_1_383' title='bbox 1581 3807 1670 3862; x_wconf 90' lang='lat' dir='ltr'><strong>his</strong></span> <span class='ocrx_word' id='word_1_384' title='bbox 1710 3823 1838 3879; x_wconf 64' lang='lat' dir='ltr'><strong>quae</strong></span> <span class='ocrx_word' id='word_1_385' title='bbox 1887 3807 2035 3864; x_wconf 81' lang='lat' dir='ltr'><strong>dicta</strong></span> <span class='ocrx_word' id='word_1_386' title='bbox 2062 3813 2117 3864; x_wconf 89' lang='lat' dir='ltr'><strong>et</strong></span> 
     </span>
    </p>
   </div>
   <div class='ocr_carea' id='block_1_57' title="bbox 480 3899 2117 3972">
    <p class='ocr_par' dir='ltr' id='par_1_57' title="bbox 480 3899 2117 3972">
     <span class='ocr_line' id='line_1_57' title="bbox 480 3899 2117 3972; baseline 0.001 -17"><span class='ocrx_word' id='word_1_387' title='bbox 480 3901 689 3971; x_wconf 87' lang='lat' dir='ltr'><strong>scripta</strong></span> <span class='ocrx_word' id='word_1_388' title='bbox 738 3903 870 3954; x_wconf 91' lang='lat' dir='ltr'><strong>sunt</strong></span> <span class='ocrx_word' id='word_1_389' title='bbox 908 3916 942 3954; x_wconf 89' lang='lat' dir='ltr'><strong>a</strong></span> <span class='ocrx_word' id='word_1_390' title='bbox 991 3899 1300 3970; x_wconf 88' lang='lat' dir='ltr'><strong>Porphyrio</strong></span> <span class='ocrx_word' id='word_1_391' title='bbox 1341 3899 1402 3954; x_wconf 90' lang='lat' dir='ltr'><strong>in</strong></span> <span class='ocrx_word' id='word_1_392' title='bbox 1445 3900 1836 3972; x_wconf 89' lang='lat' dir='ltr'><strong>Christianos),</strong></span> <span class='ocrx_word' id='word_1_393' title='bbox 1886 3902 1962 3957; x_wconf 91' lang='lat' dir='ltr'><strong>sic</strong></span> <span class='ocrx_word' id='word_1_394' title='bbox 2012 3918 2117 3958; x_wconf 92' lang='lat' dir='ltr'><strong>nec</strong></span> 
     </span>
    </p>
   </div>
   <div class='ocr_carea' id='block_1_58' title="bbox 483 3991 2112 4066">
    <p class='ocr_par' dir='ltr' id='par_1_58' title="bbox 483 3991 2112 4066">
     <span class='ocr_line' id='line_1_58' title="bbox 483 3991 2112 4066; baseline 0.001 -18"><span class='ocrx_word' id='word_1_395' title='bbox 483 3993 632 4048; x_wconf 87' lang='lat' dir='ltr'><strong>dicta</strong></span> <span class='ocrx_word' id='word_1_396' title='bbox 655 3995 710 4048; x_wconf 85' lang='lat' dir='ltr'><strong>et</strong></span> <span class='ocrx_word' id='word_1_397' title='bbox 737 3991 946 4064; x_wconf 89' lang='lat' dir='ltr'><strong>scripta</strong></span> <span class='ocrx_word' id='word_1_398' title='bbox 970 3991 1160 4048; x_wconf 87' lang='lat' dir='ltr'><strong>Severi</strong></span> <span class='ocrx_word' id='word_1_399' title='bbox 1186 3997 1459 4048; x_wconf 88' lang='lat' dir='ltr'><strong>maneant</strong></span> <span class='ocrx_word' id='word_1_400' title='bbox 1487 4010 1661 4065; x_wconf 90' lang='lat' dir='ltr'><strong>penes</strong></span> <span class='ocrx_word' id='word_1_401' title='bbox 1679 3995 1924 4066; x_wconf 88' lang='lat' dir='ltr'><strong>aliquem</strong></span> <span class='ocrx_word' id='word_1_402' title='bbox 1955 3996 2112 4050; x_wconf 88' lang='lat' dir='ltr'><strong>Chri-</strong></span> 
     </span>
    </p>
   </div>
   <div class='ocr_carea' id='block_1_59' title="bbox 481 4085 2117 4156">
    <p class='ocr_par' dir='ltr' id='par_1_59' title="bbox 481 4085 2117 4156">
     <span class='ocr_line' id='line_1_59' title="bbox 481 4085 2117 4156; baseline 0.001 -15"><span class='ocrx_word' id='word_1_403' title='bbox 481 4085 752 4154; x_wconf 88' lang='lat' dir='ltr'><strong>stianum,</strong></span> <span class='ocrx_word' id='word_1_404' title='bbox 784 4085 881 4140; x_wconf 88' lang='lat' dir='ltr'><strong>sed</strong></span> <span class='ocrx_word' id='word_1_405' title='bbox 917 4085 1030 4139; x_wconf 88' lang='lat' dir='ltr'><strong>sint</strong></span> <span class='ocrx_word' id='word_1_406' title='bbox 1058 4085 1299 4156; x_wconf 84' lang='lat' dir='ltr'><strong>profana</strong></span> <span class='ocrx_word' id='word_1_407' title='bbox 1341 4090 1397 4140; x_wconf 90' lang='lat' dir='ltr'><strong>et</strong></span> <span class='ocrx_word' id='word_1_408' title='bbox 1433 4087 1615 4141; x_wconf 88' lang='lat' dir='ltr'><strong>aliena</strong></span> <span class='ocrx_word' id='word_1_409' title='bbox 1651 4087 1720 4142; x_wconf 90' lang='lat' dir='ltr'><strong>ab</strong></span> <span class='ocrx_word' id='word_1_410' title='bbox 1755 4088 1998 4144; x_wconf 86' lang='lat' dir='ltr'><strong>Ecclesia</strong></span> <span class='ocrx_word' id='word_1_411' title='bbox 2031 4105 2117 4143; x_wconf 89' lang='lat' dir='ltr'><strong>ca-</strong></span> 
     </span>
    </p>
   </div>
   <div class='ocr_carea' id='block_1_60' title="bbox 480 4177 2118 4250">
    <p class='ocr_par' dir='ltr' id='par_1_60' title="bbox 480 4177 2118 4250">
     <span class='ocr_line' id='line_1_60' title="bbox 480 4177 2118 4250; baseline 0.002 -16"><span class='ocrx_word' id='word_1_412' title='bbox 480 4178 712 4248; x_wconf 87' lang='lat' dir='ltr'><strong>tholica,</strong></span> <span class='ocrx_word' id='word_1_413' title='bbox 746 4177 992 4250; x_wconf 83' lang='lat' dir='ltr'><strong>igneque</strong></span> <span class='ocrx_word' id='word_1_414' title='bbox 1021 4177 1428 4232; x_wconf 87' lang='lat' dir='ltr'><strong>comburantur</strong></span> <span class='ocrx_word' id='word_1_415' title='bbox 1453 4196 1488 4233; x_wconf 86' lang='lat' dir='ltr'><strong>a</strong></span> <span class='ocrx_word' id='word_1_416' title='bbox 1525 4179 1941 4250; x_wconf 88' lang='lat' dir='ltr'><strong>possidentibus</strong></span> <span class='ocrx_word' id='word_1_417' title='bbox 1964 4223 1978 4250; x_wconf 97' lang='lat'><strong>,</strong></span> <span class='ocrx_word' id='word_1_418' title='bbox 2005 4181 2118 4237; x_wconf 92' lang='lat' dir='ltr'><strong>nisi</strong></span> 
     </span>
    </p>
   </div>
   <div class='ocr_carea' id='block_1_61' title="bbox 481 4271 2118 4348">
    <p class='ocr_par' dir='ltr' id='par_1_61' title="bbox 481 4271 2118 4348">
     <span class='ocr_line' id='line_1_61' title="bbox 481 4271 2118 4348; baseline 0.002 -20"><span class='ocrx_word' id='word_1_419' title='bbox 481 4273 580 4348; x_wconf 90' lang='lat' dir='ltr'><strong>qui</strong></span> <span class='ocrx_word' id='word_1_420' title='bbox 604 4272 726 4345; x_wconf 90' lang='lat' dir='ltr'><strong>ipsa</strong></span> <span class='ocrx_word' id='word_1_421' title='bbox 753 4272 984 4342; x_wconf 87' lang='lat' dir='ltr'><strong>habent,</strong></span> <span class='ocrx_word' id='word_1_422' title='bbox 1035 4271 1210 4326; x_wconf 89' lang='lat' dir='ltr'><strong>velint</strong></span> <span class='ocrx_word' id='word_1_423' title='bbox 1252 4271 1573 4343; x_wconf 90' lang='lat' dir='ltr'><strong>periculum</strong></span> <span class='ocrx_word' id='word_1_424' title='bbox 1602 4273 1737 4345; x_wconf 87' lang='lat' dir='ltr'><strong>pati.</strong></span> <span class='ocrx_word' id='word_1_425' title='bbox 1794 4277 1838 4329; x_wconf 91' lang='lat' dir='ltr'><strong>A</strong></span> <span class='ocrx_word' id='word_1_426' title='bbox 1887 4275 2118 4331; x_wconf 91' lang='lat' dir='ltr'><strong>nemine</strong></span> 
     </span>
    </p>
   </div>
   <div class='ocr_carea' id='block_1_62' title="bbox 482 4365 2118 4442">
    <p class='ocr_par' dir='ltr' id='par_1_62' title="bbox 482 4365 2118 4442">
     <span class='ocr_line' id='line_1_62' title="bbox 482 4365 2118 4442; baseline 0.001 -19"><span class='ocrx_word' id='word_1_427' title='bbox 482 4383 619 4440; x_wconf 88' lang='lat' dir='ltr'><strong>ergo</strong></span> <span class='ocrx_word' id='word_1_428' title='bbox 661 4366 998 4434; x_wconf 87' lang='lat' dir='ltr'><strong>scribantur,</strong></span> <span class='ocrx_word' id='word_1_429' title='bbox 1047 4381 1234 4436; x_wconf 81' lang='lat' dir='ltr'><strong>neque</strong></span> <span class='ocrx_word' id='word_1_430' title='bbox 1274 4365 1342 4420; x_wconf 92' lang='lat' dir='ltr'><strong>ad</strong></span> <span class='ocrx_word' id='word_1_431' title='bbox 1383 4366 1862 4437; x_wconf 87' lang='lat' dir='ltr'><strong>pulchritudinem</strong></span> <span class='ocrx_word' id='word_1_432' title='bbox 1887 4411 1900 4436; x_wconf 93' lang='lat'><strong>,</strong></span> <span class='ocrx_word' id='word_1_433' title='bbox 1931 4385 2118 4442; x_wconf 89' lang='lat' dir='ltr'><strong>neque</strong></span> 
     </span>
    </p>
   </div>
   <div class='ocr_carea' id='block_1_63' title="bbox 483 4459 2119 4534">
    <p class='ocr_par' dir='ltr' id='par_1_63' title="bbox 483 4459 2119 4534">
     <span class='ocr_line' id='line_1_63' title="bbox 483 4459 2119 4534; baseline 0.001 -18"><span class='ocrx_word' id='word_1_434' title='bbox 483 4461 555 4516; x_wconf 88' lang='lat' dir='ltr'><strong>ad</strong></span> <span class='ocrx_word' id='word_1_435' title='bbox 584 4459 941 4515; x_wconf 86' lang='lat' dir='ltr'><strong>velocitatem</strong></span> <span class='ocrx_word' id='word_1_436' title='bbox 967 4459 1358 4530; x_wconf 88' lang='lat' dir='ltr'><strong>scribentium,</strong></span> <span class='ocrx_word' id='word_1_437' title='bbox 1380 4459 1610 4515; x_wconf 91' lang='lat' dir='ltr'><strong>sciendo</strong></span> <span class='ocrx_word' id='word_1_438' title='bbox 1645 4461 1776 4532; x_wconf 89' lang='lat' dir='ltr'><strong>quia</strong></span> <span class='ocrx_word' id='word_1_439' title='bbox 1803 4463 2119 4534; x_wconf 88' lang='lat' dir='ltr'><strong>amputatio</strong></span> 
     </span>
    </p>
   </div>
   <div class='ocr_carea' id='block_1_64' title="bbox 482 4552 2116 4627">
    <p class='ocr_par' dir='ltr' id='par_1_64' title="bbox 482 4552 2116 4627">
     <span class='ocr_line' id='line_1_64' title="bbox 482 4552 2116 4627; baseline 0.001 -19"><span class='ocrx_word' id='word_1_440' title='bbox 482 4569 684 4609; x_wconf 89' lang='lat' dir='ltr'><strong>manus</strong></span> <span class='ocrx_word' id='word_1_441' title='bbox 711 4554 798 4608; x_wconf 90' lang='lat' dir='ltr'><strong>his</strong></span> <span class='ocrx_word' id='word_1_442' title='bbox 846 4553 947 4625; x_wconf 89' lang='lat' dir='ltr'><strong>qui</strong></span> <span class='ocrx_word' id='word_1_443' title='bbox 996 4552 1205 4624; x_wconf 87' lang='lat' dir='ltr'><strong>scripta</strong></span> <span class='ocrx_word' id='word_1_444' title='bbox 1234 4553 1356 4624; x_wconf 87' lang='lat' dir='ltr'><strong>ejus</strong></span> <span class='ocrx_word' id='word_1_445' title='bbox 1398 4553 1741 4626; x_wconf 87' lang='lat' dir='ltr'><strong>scripserint,</strong></span> <span class='ocrx_word' id='word_1_446' title='bbox 1784 4571 1956 4627; x_wconf 67' lang='lat' dir='ltr'><strong>paena</strong></span> <span class='ocrx_word' id='word_1_447' title='bbox 1989 4556 2116 4612; x_wconf 89' lang='lat' dir='ltr'><strong>erit.</strong></span> 
     </span>
    </p>
   </div>
   <div class='ocr_carea' id='block_1_65' title="bbox 483 4644 2120 4719">
    <p class='ocr_par' dir='ltr' id='par_1_65' title="bbox 483 4644 2120 4719">
     <span class='ocr_line' id='line_1_65' title="bbox 483 4644 2120 4719; baseline 0.002 -19"><span class='ocrx_word' id='word_1_448' title='bbox 483 4645 674 4719; x_wconf 87' lang='lat' dir='ltr'><strong>Neque</strong></span> <span class='ocrx_word' id='word_1_449' title='bbox 703 4646 856 4702; x_wconf 90' lang='lat' dir='ltr'><strong>enim</strong></span> <span class='ocrx_word' id='word_1_450' title='bbox 882 4646 1143 4701; x_wconf 90' lang='lat' dir='ltr'><strong>volumus</strong></span> <span class='ocrx_word' id='word_1_451' title='bbox 1181 4645 1240 4700; x_wconf 90' lang='lat' dir='ltr'><strong>in</strong></span> <span class='ocrx_word' id='word_1_452' title='bbox 1272 4646 1464 4701; x_wconf 82' lang='lat' dir='ltr'><strong>futuro</strong></span> <span class='ocrx_word' id='word_1_453' title='bbox 1496 4651 1752 4719; x_wconf 90' lang='lat' dir='ltr'><strong>tempore</strong></span> <span class='ocrx_word' id='word_1_454' title='bbox 1778 4664 1846 4704; x_wconf 88' lang='lat' dir='ltr'><strong>ex</strong></span> <span class='ocrx_word' id='word_1_455' title='bbox 1875 4644 1986 4702; x_wconf 89' lang='lat' dir='ltr'><strong>illis</strong></span> <span class='ocrx_word' id='word_1_456' title='bbox 2007 4649 2120 4704; x_wconf 89' lang='lat' dir='ltr'><strong>bla-</strong></span> 
     </span>
    </p>
   </div>
   <div class='ocr_carea' id='block_1_66' title="bbox 483 4738 2122 4813">
    <p class='ocr_par' dir='ltr' id='par_1_66' title="bbox 483 4738 2122 4813">
     <span class='ocr_line' id='line_1_66' title="bbox 483 4738 2122 4813; baseline 0.002 -19"><span class='ocrx_word' id='word_1_457' title='bbox 483 4739 800 4813; x_wconf 88' lang='lat' dir='ltr'><strong>sphemiam</strong></span> <span class='ocrx_word' id='word_1_458' title='bbox 824 4739 1096 4812; x_wconf 89' lang='lat' dir='ltr'><strong>protrahi.</strong></span> <span class='ocrx_word' id='word_1_459' title='bbox 1126 4738 1401 4794; x_wconf 88' lang='lat' dir='ltr'><strong>Similiter</strong></span> <span class='ocrx_word' id='word_1_460' title='bbox 1423 4743 1614 4796; x_wconf 89' lang='lat' dir='ltr'><strong>autem</strong></span> <span class='ocrx_word' id='word_1_461' title='bbox 1643 4745 1699 4796; x_wconf 89' lang='lat' dir='ltr'><strong>et</strong></span> <span class='ocrx_word' id='word_1_462' title='bbox 1727 4741 1861 4796; x_wconf 91' lang='lat' dir='ltr'><strong>huic</strong></span> <span class='ocrx_word' id='word_1_463' title='bbox 1891 4741 2122 4798; x_wconf 89' lang='lat' dir='ltr'><strong>interdi-</strong></span> 
     </span>
    </p>
   </div>
   <div class='ocr_carea' id='block_1_67' title="bbox 483 4832 2122 4906">
    <p class='ocr_par' dir='ltr' id='par_1_67' title="bbox 483 4832 2122 4906">
     <span class='ocr_line' id='line_1_67' title="bbox 483 4832 2122 4906; baseline 0 -16"><span class='ocrx_word' id='word_1_464' title='bbox 483 4833 665 4890; x_wconf 90' lang='lat' dir='ltr'><strong>cimus</strong></span> <span class='ocrx_word' id='word_1_465' title='bbox 695 4832 928 4890; x_wconf 90' lang='lat' dir='ltr'><strong>omnino</strong></span> <span class='ocrx_word' id='word_1_466' title='bbox 972 4832 1188 4905; x_wconf 82' lang='lat' dir='ltr'><strong>regiam</strong></span> <span class='ocrx_word' id='word_1_467' title='bbox 1231 4832 1512 4888; x_wconf 87' lang='lat' dir='ltr'><strong>civitatem</strong></span> <span class='ocrx_word' id='word_1_468' title='bbox 1536 4833 1778 4906; x_wconf 85' lang='lat' dir='ltr'><strong>ingredi,</strong></span> <span class='ocrx_word' id='word_1_469' title='bbox 1811 4840 1910 4890; x_wconf 88' lang='lat' dir='ltr'><strong>aut</strong></span> <span class='ocrx_word' id='word_1_470' title='bbox 1937 4835 2122 4891; x_wconf 88' lang='lat' dir='ltr'><strong>distri-</strong></span> 
     </span>
    </p>
   </div>
   <div class='ocr_carea' id='block_1_68' title="bbox 484 4925 2121 4999">
    <p class='ocr_par' dir='ltr' id='par_1_68' title="bbox 484 4925 2121 4999">
     <span class='ocr_line' id='line_1_68' title="bbox 484 4925 2121 4999; baseline 0 -15"><span class='ocrx_word' id='word_1_471' title='bbox 484 4933 641 4984; x_wconf 91' lang='lat' dir='ltr'><strong>ctum</strong></span> <span class='ocrx_word' id='word_1_472' title='bbox 670 4927 810 4999; x_wconf 89' lang='lat' dir='ltr'><strong>ejus,</strong></span> <span class='ocrx_word' id='word_1_473' title='bbox 841 4943 945 4982; x_wconf 90' lang='lat' dir='ltr'><strong>nec</strong></span> <span class='ocrx_word' id='word_1_474' title='bbox 972 4925 1222 4999; x_wconf 87' lang='lat' dir='ltr'><strong>aliquam</strong></span> <span class='ocrx_word' id='word_1_475' title='bbox 1251 4926 1420 4981; x_wconf 87' lang='lat' dir='ltr'><strong>aliam</strong></span> <span class='ocrx_word' id='word_1_476' title='bbox 1449 4927 1518 4982; x_wconf 90' lang='lat' dir='ltr'><strong>de</strong></span> <span class='ocrx_word' id='word_1_477' title='bbox 1547 4927 1864 4999; x_wconf 84' lang='lat' dir='ltr'><strong>insignibus</strong></span> <span class='ocrx_word' id='word_1_478' title='bbox 1886 4971 1900 4996; x_wconf 90' lang='lat'><strong>,</strong></span> <span class='ocrx_word' id='word_1_479' title='bbox 1932 4929 2030 4984; x_wconf 90' lang='lat' dir='ltr'><strong>sed</strong></span> <span class='ocrx_word' id='word_1_480' title='bbox 2061 4929 2121 4984; x_wconf 89' lang='lat' dir='ltr'><strong>iu</strong></span> 
     </span>
    </p>
   </div>
   <div class='ocr_carea' id='block_1_69' title="bbox 484 5020 2116 5094">
    <p class='ocr_par' dir='ltr' id='par_1_69' title="bbox 484 5020 2116 5094">
     <span class='ocr_line' id='line_1_69' title="bbox 484 5020 2116 5094; baseline 0.001 -18"><span class='ocrx_word' id='word_1_481' title='bbox 484 5021 676 5094; x_wconf 86' lang='lat' dir='ltr'><strong>aliqua</strong></span> <span class='ocrx_word' id='word_1_482' title='bbox 712 5020 1010 5076; x_wconf 87' lang='lat' dir='ltr'><strong>solitudine</strong></span> <span class='ocrx_word' id='word_1_483' title='bbox 1049 5024 1106 5076; x_wconf 89' lang='lat' dir='ltr'><strong>et</strong></span> <span class='ocrx_word' id='word_1_484' title='bbox 1146 5021 1206 5074; x_wconf 90' lang='lat' dir='ltr'><strong>in</strong></span> <span class='ocrx_word' id='word_1_485' title='bbox 1241 5020 1466 5075; x_wconf 89' lang='lat' dir='ltr'><strong>silentio</strong></span> <span class='ocrx_word' id='word_1_486' title='bbox 1494 5021 1710 5085; x_wconf 88' lang='lat' dir='ltr'><strong>sedere,</strong></span> <span class='ocrx_word' id='word_1_487' title='bbox 1743 5025 1800 5076; x_wconf 88' lang='lat' dir='ltr'><strong>et</strong></span> <span class='ocrx_word' id='word_1_488' title='bbox 1837 5038 1955 5076; x_wconf 92' lang='lat' dir='ltr'><strong>non</strong></span> <span class='ocrx_word' id='word_1_489' title='bbox 1995 5039 2116 5077; x_wconf 91' lang='lat' dir='ltr'><strong>cor-</strong></span> 
     </span>
    </p>
   </div>
   <div class='ocr_carea' id='block_1_70' title="bbox 485 5113 2116 5188">
    <p class='ocr_par' dir='ltr' id='par_1_70' title="bbox 485 5113 2116 5188">
     <span class='ocr_line' id='line_1_70' title="bbox 485 5113 2116 5188; baseline 0.001 -18"><span class='ocrx_word' id='word_1_490' title='bbox 485 5131 752 5186; x_wconf 90' lang='lat' dir='ltr'><strong>rumpere</strong></span> <span class='ocrx_word' id='word_1_491' title='bbox 780 5118 1034 5186; x_wconf 67' lang='lat' dir='ltr'><strong>caateros,</strong></span> <span class='ocrx_word' id='word_1_492' title='bbox 1061 5131 1250 5187; x_wconf 90' lang='lat' dir='ltr'><strong>neque</strong></span> <span class='ocrx_word' id='word_1_493' title='bbox 1286 5113 1347 5169; x_wconf 89' lang='lat' dir='ltr'><strong>in</strong></span> <span class='ocrx_word' id='word_1_494' title='bbox 1379 5113 1796 5186; x_wconf 89' lang='lat' dir='ltr'><strong>blasphemiam</strong></span> <span class='ocrx_word' id='word_1_495' title='bbox 1839 5116 1990 5188; x_wconf 90' lang='lat' dir='ltr'><strong>ipsos</strong></span> <span class='ocrx_word' id='word_1_496' title='bbox 2020 5117 2116 5172; x_wconf 88' lang='lat' dir='ltr'><strong>ad-</strong></span> 
     </span>
    </p>
   </div>
   <div class='ocr_carea' id='block_1_71' title="bbox 487 5207 2122 5281">
    <p class='ocr_par' dir='ltr' id='par_1_71' title="bbox 487 5207 2122 5281">
     <span class='ocr_line' id='line_1_71' title="bbox 487 5207 2122 5281; baseline 0.001 -18"><span class='ocrx_word' id='word_1_497' title='bbox 487 5207 712 5278; x_wconf 88' lang='lat' dir='ltr'><strong>ducere,</strong></span> <span class='ocrx_word' id='word_1_498' title='bbox 741 5211 798 5262; x_wconf 93' lang='lat' dir='ltr'><strong>et</strong></span> <span class='ocrx_word' id='word_1_499' title='bbox 824 5224 940 5263; x_wconf 91' lang='lat' dir='ltr'><strong>non</strong></span> <span class='ocrx_word' id='word_1_500' title='bbox 965 5223 1193 5281; x_wconf 90' lang='lat' dir='ltr'><strong>semper</strong></span> <span class='ocrx_word' id='word_1_501' title='bbox 1215 5207 1431 5280; x_wconf 91' lang='lat' dir='ltr'><strong>aliquid</strong></span> <span class='ocrx_word' id='word_1_502' title='bbox 1460 5207 1592 5262; x_wconf 90' lang='lat' dir='ltr'><strong>novi</strong></span> <span class='ocrx_word' id='word_1_503' title='bbox 1621 5207 1877 5264; x_wconf 90' lang='lat' dir='ltr'><strong>invenire</strong></span> <span class='ocrx_word' id='word_1_504' title='bbox 1925 5213 2122 5266; x_wconf 86' lang='lat' dir='ltr'><strong>contra</strong></span> 
     </span>
    </p>
   </div>
   <div class='ocr_carea' id='block_1_72' title="bbox 485 5301 2118 5375">
    <p class='ocr_par' dir='ltr' id='par_1_72' title="bbox 485 5301 2118 5375">
     <span class='ocr_line' id='line_1_72' title="bbox 485 5301 2118 5375; baseline 0.003 -21"><span class='ocrx_word' id='word_1_505' title='bbox 485 5317 623 5357; x_wconf 88' lang='lat' dir='ltr'><strong>vera</strong></span> <span class='ocrx_word' id='word_1_506' title='bbox 667 5301 954 5374; x_wconf 85' lang='lat' dir='ltr'><strong>dogmata,</strong></span> <span class='ocrx_word' id='word_1_507' title='bbox 1006 5318 1108 5374; x_wconf 90' lang='lat' dir='ltr'><strong>per</strong></span> <span class='ocrx_word' id='word_1_508' title='bbox 1150 5301 1304 5375; x_wconf 93' lang='lat' dir='ltr'><strong>quod</strong></span> <span class='ocrx_word' id='word_1_509' title='bbox 1344 5318 1540 5357; x_wconf 86' lang='lat' dir='ltr'><strong>rursus</strong></span> <span class='ocrx_word' id='word_1_510' title='bbox 1569 5301 1734 5357; x_wconf 90' lang='lat' dir='ltr'><strong>nobis</strong></span> <span class='ocrx_word' id='word_1_511' title='bbox 1781 5303 2118 5359; x_wconf 88' lang='lat' dir='ltr'><strong>conturbare</strong></span> 
     </span>
    </p>
   </div>
   <div class='ocr_carea' id='block_1_73' title="bbox 486 5395 1428 5452">
    <p class='ocr_par' dir='ltr' id='par_1_73' title="bbox 486 5395 1428 5452">
     <span class='ocr_line' id='line_1_73' title="bbox 486 5395 1428 5452; baseline 0.002 -2"><span class='ocrx_word' id='word_1_512' title='bbox 486 5395 862 5451; x_wconf 86' lang='lat' dir='ltr'><strong>sanctissimas</strong></span> <span class='ocrx_word' id='word_1_513' title='bbox 887 5395 1154 5452; x_wconf 88' lang='lat' dir='ltr'><strong>Ecclesias</strong></span> <span class='ocrx_word' id='word_1_514' title='bbox 1179 5395 1428 5452; x_wconf 82' lang='lat' dir='ltr'><strong>festinet.</strong></span> 
     </span>
    </p>
   </div>
   <div class='ocr_carea' id='block_1_74' title="bbox 557 5488 2117 5562">
    <p class='ocr_par' dir='ltr' id='par_1_74' title="bbox 557 5488 2117 5562">
     <span class='ocr_line' id='line_1_74' title="bbox 557 5488 2117 5562; baseline -0.002 -14"><span class='ocrx_word' id='word_1_515' title='bbox 557 5493 684 5548; x_wconf 83' lang='lat' dir='ltr'><strong>CAP.</strong></span> <span class='ocrx_word' id='word_1_516' title='bbox 720 5490 785 5544; x_wconf 85' lang='lat' dir='ltr'><strong>ll.</strong></span> <span class='ocrx_word' id='word_1_517' title='bbox 827 5520 896 5531; x_wconf 93' lang='lat'><strong><em>—</em></strong></span> <span class='ocrx_word' id='word_1_518' title='bbox 931 5489 1190 5546; x_wconf 42' lang='lat' dir='ltr'><strong>Sedt-nec</strong></span> <span class='ocrx_word' id='word_1_519' title='bbox 1217 5491 1447 5547; x_wconf 83' lang='lat' dir='ltr'><strong>Petrum</strong></span> <span class='ocrx_word' id='word_1_520' title='bbox 1483 5489 1808 5562; x_wconf 90' lang='lat' dir='ltr'><strong>episcopum</strong></span> <span class='ocrx_word' id='word_1_521' title='bbox 1833 5488 2117 5562; x_wconf 59' lang='lat' dir='ltr'><strong>Apamia,</strong></span> 
     </span>
    </p>
   </div>
   <div class='ocr_carea' id='block_1_75' title="bbox 487 5583 2121 5656">
    <p class='ocr_par' dir='ltr' id='par_1_75' title="bbox 487 5583 2121 5656">
     <span class='ocr_line' id='line_1_75' title="bbox 487 5583 2121 5656; baseline 0 -18"><span class='ocrx_word' id='word_1_522' title='bbox 487 5589 544 5639; x_wconf 89' lang='lat' dir='ltr'><strong>et</strong></span> <span class='ocrx_word' id='word_1_523' title='bbox 568 5583 736 5638; x_wconf 87' lang='lat' dir='ltr'><strong>simul</strong></span> <span class='ocrx_word' id='word_1_524' title='bbox 782 5583 853 5638; x_wconf 90' lang='lat' dir='ltr'><strong>ab</strong></span> <span class='ocrx_word' id='word_1_525' title='bbox 892 5583 1046 5656; x_wconf 90' lang='lat' dir='ltr'><strong>ipsis,</strong></span> <span class='ocrx_word' id='word_1_526' title='bbox 1090 5600 1123 5638; x_wconf 89' lang='lat' dir='ltr'><strong>a</strong></span> <span class='ocrx_word' id='word_1_527' title='bbox 1165 5583 1369 5656; x_wconf 90' lang='lat' dir='ltr'><strong>quibus</strong></span> <span class='ocrx_word' id='word_1_528' title='bbox 1403 5583 1670 5654; x_wconf 89' lang='lat' dir='ltr'><strong>Severus,</strong></span> <span class='ocrx_word' id='word_1_529' title='bbox 1717 5583 1822 5639; x_wconf 93' lang='lat' dir='ltr'><strong>sub</strong></span> <span class='ocrx_word' id='word_1_530' title='bbox 1851 5583 2121 5656; x_wconf 65' lang='lat' dir='ltr'><strong>praedicto</strong></span> 
     </span>
    </p>
   </div>
   <div class='ocr_carea' id='block_1_76' title="bbox 487 5675 2124 5748">
    <p class='ocr_par' dir='ltr' id='par_1_76' title="bbox 487 5675 2124 5748">
     <span class='ocr_line' id='line_1_76' title="bbox 487 5675 2124 5748; baseline 0.001 -17"><span class='ocrx_word' id='word_1_531' title='bbox 487 5677 848 5732; x_wconf 81' lang='lat' dir='ltr'><strong>anathemate</strong></span> <span class='ocrx_word' id='word_1_532' title='bbox 883 5675 1155 5748; x_wconf 87' lang='lat' dir='ltr'><strong>positum,</strong></span> <span class='ocrx_word' id='word_1_533' title='bbox 1206 5676 1515 5748; x_wconf 89' lang='lat' dir='ltr'><strong>imperium</strong></span> <span class='ocrx_word' id='word_1_534' title='bbox 1553 5677 1834 5748; x_wconf 88' lang='lat' dir='ltr'><strong>admittit,</strong></span> <span class='ocrx_word' id='word_1_535' title='bbox 1868 5677 1965 5733; x_wconf 90' lang='lat' dir='ltr'><strong>sed</strong></span> <span class='ocrx_word' id='word_1_536' title='bbox 2010 5677 2124 5733; x_wconf 89' lang='lat' dir='ltr'><strong>sint</strong></span> 
     </span>
    </p>
   </div>
   <div class='ocr_carea' id='block_1_77' title="bbox 486 5767 2121 5844">
    <p class='ocr_par' dir='ltr' id='par_1_77' title="bbox 486 5767 2121 5844">
     <span class='ocr_line' id='line_1_77' title="bbox 486 5767 2121 5844; baseline 0.006 -26"><span class='ocrx_word' id='word_1_537' title='bbox 486 5767 669 5824; x_wconf 80' lang='lat' dir='ltr'><strong>valida</strong></span> <span class='ocrx_word' id='word_1_538' title='bbox 698 5786 827 5842; x_wconf 80' lang='lat' dir='ltr'><strong>quae</strong></span> <span class='ocrx_word' id='word_1_539' title='bbox 863 5773 1064 5826; x_wconf 89' lang='lat' dir='ltr'><strong>contra</strong></span> <span class='ocrx_word' id='word_1_540' title='bbox 1105 5768 1294 5840; x_wconf 90' lang='lat' dir='ltr'><strong>ipsum</strong></span> <span class='ocrx_word' id='word_1_541' title='bbox 1328 5768 1488 5824; x_wconf 88' lang='lat' dir='ltr'><strong>fuere</strong></span> <span class='ocrx_word' id='word_1_542' title='bbox 1530 5773 1754 5825; x_wconf 83' lang='lat' dir='ltr'><strong>statuta.</strong></span> <span class='ocrx_word' id='word_1_543' title='bbox 1795 5772 1864 5826; x_wconf 88' lang='lat' dir='ltr'><strong>Et</strong></span> <span class='ocrx_word' id='word_1_544' title='bbox 1890 5772 1990 5844; x_wconf 86' lang='lat' dir='ltr'><strong>qui</strong></span> <span class='ocrx_word' id='word_1_545' title='bbox 2018 5771 2121 5828; x_wconf 90' lang='lat' dir='ltr'><strong>sub</strong></span> 
     </span>
    </p>
   </div>
   <div class='ocr_carea' id='block_1_78' title="bbox 447 5860 2119 5935">
    <p class='ocr_par' dir='ltr' id='par_1_78' title="bbox 447 5860 2119 5935">
     <span class='ocr_line' id='line_1_78' title="bbox 447 5860 2119 5935; baseline 0.008 -27"><span class='ocrx_word' id='word_1_546' title='bbox 447 5917 462 5925; x_wconf 81' lang='lat'>_</span> <span class='ocrx_word' id='word_1_547' title='bbox 492 5861 781 5914; x_wconf 88' lang='lat' dir='ltr'><strong>communi</strong></span> <span class='ocrx_word' id='word_1_548' title='bbox 807 5860 1281 5917; x_wconf 87' lang='lat' dir='ltr'><strong>anathematismo</strong></span> <span class='ocrx_word' id='word_1_549' title='bbox 1307 5861 1522 5932; x_wconf 87' lang='lat' dir='ltr'><strong>positus</strong></span> <span class='ocrx_word' id='word_1_550' title='bbox 1549 5865 1653 5928; x_wconf 89' lang='lat' dir='ltr'><strong>est,</strong></span> <span class='ocrx_word' id='word_1_551' title='bbox 1689 5863 1792 5916; x_wconf 89' lang='lat' dir='ltr'><strong>sub</strong></span> <span class='ocrx_word' id='word_1_552' title='bbox 1821 5864 1944 5935; x_wconf 87' lang='lat' dir='ltr'><strong>ipso</strong></span> <span class='ocrx_word' id='word_1_553' title='bbox 1971 5869 2119 5934; x_wconf 85' lang='lat' dir='ltr'><strong>esto;</strong></span> 
     </span>
    </p>
   </div>
   <div class='ocr_carea' id='block_1_79' title="bbox 2207 1925 3834 2010">
    <p class='ocr_par' dir='ltr' id='par_1_79' title="bbox 2207 1925 3834 2010">
     <span class='ocr_line' id='line_1_79' title="bbox 2207 1925 3834 2010; baseline 0.009 -32"><span class='ocrx_word' id='word_1_554' title='bbox 2207 1931 2296 1999; x_wconf 85' lang='grc' dir='ltr'><strong><em>μὲν</em></strong></span> <span class='ocrx_word' id='word_1_555' title='bbox 2326 1933 2498 1994; x_wconf 82' lang='grc' dir='ltr'><strong><em>τοῦτο,</em></strong></span> <span class='ocrx_word' id='word_1_556' title='bbox 2539 1937 2611 2001; x_wconf 75' lang='grc' dir='ltr'><strong><em>πῇ</em></strong></span> <span class='ocrx_word' id='word_1_557' title='bbox 2644 1925 2698 1982; x_wconf 82' lang='grc' dir='ltr'><strong><em>δὲ</em></strong></span> <span class='ocrx_word' id='word_1_558' title='bbox 2739 1929 2894 1984; x_wconf 78' lang='grc' dir='ltr'><strong><em>ἐκεῖνο</em></strong></span> <span class='ocrx_word' id='word_1_559' title='bbox 2921 1931 3233 2007; x_wconf 74' lang='grc' dir='ltr'><strong><em>πρεσϐεύων,</em></strong></span> <span class='ocrx_word' id='word_1_560' title='bbox 3269 1941 3431 1988; x_wconf 89' lang='grc' dir='ltr'><strong><em>κοινὸν</em></strong></span> <span class='ocrx_word' id='word_1_561' title='bbox 3461 1935 3600 2001; x_wconf 79' lang='grc' dir='ltr'><strong><em>ἔδοξε</em></strong></span> <span class='ocrx_word' id='word_1_562' title='bbox 3637 1935 3834 2010; x_wconf 78' lang='grc' dir='ltr'><strong><em>δοχεῑον</em></strong></span> 
     </span>
    </p>
   </div>
   <div class='ocr_carea' id='block_1_80' title="bbox 2209 2017 3834 2104">
    <p class='ocr_par' dir='ltr' id='par_1_80' title="bbox 2209 2017 3834 2104">
     <span class='ocr_line' id='line_1_80' title="bbox 2209 2017 3834 2104; baseline 0.007 -34"><span class='ocrx_word' id='word_1_563' title='bbox 2209 2017 2386 2070; x_wconf 68' lang='grc' dir='ltr'><strong><em>ἑαυτὸν</em></strong></span> <span class='ocrx_word' id='word_1_564' title='bbox 2427 2035 2482 2070; x_wconf 85' lang='grc' dir='ltr'><strong>τε</strong></span> <span class='ocrx_word' id='word_1_565' title='bbox 2522 2023 2608 2070; x_wconf 88' lang='grc' dir='ltr'><strong>καί</strong></span> <span class='ocrx_word' id='word_1_566' title='bbox 2654 2023 2770 2080; x_wconf 83' lang='grc' dir='ltr'><strong><em>τούς</em></strong></span> <span class='ocrx_word' id='word_1_567' title='bbox 2797 2022 2960 2076; x_wconf 74' lang='grc' dir='ltr'><strong><em>αὑτοῦ</em></strong></span> <span class='ocrx_word' id='word_1_568' title='bbox 2989 2023 3162 2096; x_wconf 83' lang='grc' dir='ltr'><strong><em>λόγους</em></strong></span> <span class='ocrx_word' id='word_1_569' title='bbox 3192 2033 3291 2078; x_wconf 87' lang='grc' dir='ltr'><strong>τῶν</strong></span> <span class='ocrx_word' id='word_1_570' title='bbox 3333 2028 3640 2086; x_wconf 77' lang='grc' dir='ltr'><strong><em>τηλικούτων</em></strong></span> <span class='ocrx_word' id='word_1_571' title='bbox 3667 2031 3834 2104; x_wconf 78' lang='grc' dir='ltr'><strong><em>πλημ-</em></strong></span> 
     </span>
    </p>
   </div>
   <div class='ocr_carea' id='block_1_81' title="bbox 2209 2107 3836 2181">
    <p class='ocr_par' dir='ltr' id='par_1_81' title="bbox 2209 2107 3836 2181">
     <span class='ocr_line' id='line_1_81' title="bbox 2209 2107 3836 2181; baseline 0.01 -23"><span class='ocrx_word' id='word_1_572' title='bbox 2209 2107 2508 2181; x_wconf 88' lang='grc' dir='ltr'><strong><em>μελημάτων</em></strong></span> <span class='ocrx_word' id='word_1_573' title='bbox 2538 2120 2884 2170; x_wconf 73' lang='grc' dir='ltr'><strong><em>καταστῆσαι.</em></strong></span> <span class='ocrx_word' id='word_1_574' title='bbox 2925 2117 3093 2167; x_wconf 81' lang='grc' dir='ltr'><strong><em>Ἔστω</em></strong></span> <span class='ocrx_word' id='word_1_575' title='bbox 3135 2121 3306 2168; x_wconf 82' lang='grc' dir='ltr'><strong><em>τοίνυν</em></strong></span> <span class='ocrx_word' id='word_1_576' title='bbox 3336 2122 3421 2170; x_wconf 78' lang='grc' dir='ltr'><strong>καί</strong></span> <span class='ocrx_word' id='word_1_577' title='bbox 3450 2118 3601 2180; x_wconf 67' lang='grc' dir='ltr'><strong><em>αὑτὸς</em></strong></span> <span class='ocrx_word' id='word_1_578' title='bbox 3628 2124 3731 2174; x_wconf 85' lang='grc' dir='ltr'><strong><em>ύπὸ</em></strong></span> <span class='ocrx_word' id='word_1_579' title='bbox 3756 2127 3836 2174; x_wconf 72' lang='grc' dir='ltr'><strong><em>τᾶν</em></strong></span> 
     </span>
    </p>
   </div>
   <div class='ocr_carea' id='block_1_82' title="bbox 2211 2200 3835 2286">
    <p class='ocr_par' dir='ltr' id='par_1_82' title="bbox 2211 2200 3835 2286">
     <span class='ocr_line' id='line_1_82' title="bbox 2211 2200 3835 2286; baseline 0.009 -34"><span class='ocrx_word' id='word_1_580' title='bbox 2211 2201 2467 2276; x_wconf 77' lang='grc' dir='ltr'><strong><em>εἰρημένον</em></strong></span> <span class='ocrx_word' id='word_1_581' title='bbox 2497 2200 2930 2278; x_wconf 84' lang='grc' dir='ltr'><strong><em>ἀναθεματισμὸν,</em></strong></span> <span class='ocrx_word' id='word_1_582' title='bbox 2981 2205 3035 2258; x_wconf 80' lang='grc' dir='ltr'><strong><em>ὂν</em></strong></span> <span class='ocrx_word' id='word_1_583' title='bbox 3069 2207 3208 2261; x_wconf 83' lang='grc' dir='ltr'><strong><em>ἅπαν</em></strong></span> <span class='ocrx_word' id='word_1_584' title='bbox 3253 2214 3312 2262; x_wconf 84' lang='grc' dir='ltr'><strong><em>τὸ</em></strong></span> <span class='ocrx_word' id='word_1_585' title='bbox 3348 2220 3734 2286; x_wconf 77' lang='grc' dir='ltr'><strong><em>πατριαρχικόν</em></strong></span> <span class='ocrx_word' id='word_1_586' title='bbox 3764 2233 3835 2278; x_wconf 81' lang='grc' dir='ltr'><strong>τε,</strong></span> 
     </span>
    </p>
   </div>
   <div class='ocr_carea' id='block_1_83' title="bbox 2211 2296 3834 2377">
    <p class='ocr_par' dir='ltr' id='par_1_83' title="bbox 2211 2296 3834 2377">
     <span class='ocr_line' id='line_1_83' title="bbox 2211 2296 3834 2377; baseline 0.009 -33"><span class='ocrx_word' id='word_1_587' title='bbox 2211 2299 2296 2346; x_wconf 79' lang='grc' dir='ltr'><strong><em>καὶ</em></strong></span> <span class='ocrx_word' id='word_1_588' title='bbox 2340 2296 2610 2368; x_wconf 82' lang='grc' dir='ltr'><strong><em>ἱερατικὸν,</em></strong></span> <span class='ocrx_word' id='word_1_589' title='bbox 2650 2303 2738 2348; x_wconf 81' lang='grc' dir='ltr'><strong>καί</strong></span> <span class='ocrx_word' id='word_1_590' title='bbox 2777 2304 3060 2370; x_wconf 83' lang='grc' dir='ltr'><strong><em>μοναχικὸν</em></strong></span> <span class='ocrx_word' id='word_1_591' title='bbox 3109 2310 3196 2360; x_wconf 75' lang='grc' dir='ltr'><strong><em>τῆς</em></strong></span> <span class='ocrx_word' id='word_1_592' title='bbox 3245 2305 3504 2377; x_wconf 72' lang='grc' dir='ltr'><strong><em>ἡμετερας,</em></strong></span> <span class='ocrx_word' id='word_1_593' title='bbox 3553 2308 3620 2364; x_wconf 79' lang='grc' dir='ltr'><strong><em>ὡς</em></strong></span> <span class='ocrx_word' id='word_1_594' title='bbox 3663 2307 3834 2372; x_wconf 84' lang='grc' dir='ltr'><strong><em>εἰπεῖν,</em></strong></span> 
     </span>
    </p>
   </div>
   <div class='ocr_carea' id='block_1_84' title="bbox 2210 2385 3839 2470">
    <p class='ocr_par' dir='ltr' id='par_1_84' title="bbox 2210 2385 3839 2470">
     <span class='ocr_line' id='line_1_84' title="bbox 2210 2385 3839 2470; baseline 0.007 -31"><span class='ocrx_word' id='word_1_595' title='bbox 2210 2385 2466 2448; x_wconf 86' lang='grc' dir='ltr'><strong><em>πολιτείας</em></strong></span> <span class='ocrx_word' id='word_1_596' title='bbox 2505 2397 2694 2460; x_wconf 75' lang='grc' dir='ltr'><strong><em>σχῆμα</em></strong></span> <span class='ocrx_word' id='word_1_597' title='bbox 2723 2385 2929 2450; x_wconf 86' lang='grc' dir='ltr'><strong><em>δικαίως</em></strong></span> <span class='ocrx_word' id='word_1_598' title='bbox 2960 2389 3209 2465; x_wconf 72' lang='grc' dir='ltr'><strong><em>ἐπήγαγεν</em></strong></span> <span class='ocrx_word' id='word_1_599' title='bbox 3241 2395 3396 2465; x_wconf 77' lang='grc' dir='ltr'><strong><em>αύτῷ,</em></strong></span> <span class='ocrx_word' id='word_1_600' title='bbox 3431 2404 3519 2456; x_wconf 76' lang='grc' dir='ltr'><strong><em>τῆς</em></strong></span> <span class='ocrx_word' id='word_1_601' title='bbox 3553 2402 3647 2470; x_wconf 77' lang='grc' dir='ltr'><strong><em>μὲν</em></strong></span> <span class='ocrx_word' id='word_1_602' title='bbox 3676 2405 3839 2451; x_wconf 72' lang='grc' dir='ltr'><strong><em>Θεον-</em></strong></span> 
     </span>
    </p>
   </div>
   <div class='ocr_carea' id='block_1_85' title="bbox 2209 2477 3840 2559">
    <p class='ocr_par' dir='ltr' id='par_1_85' title="bbox 2209 2477 3840 2559">
     <span class='ocr_line' id='line_1_85' title="bbox 2209 2477 3840 2559; baseline 0.009 -30"><span class='ocrx_word' id='word_1_603' title='bbox 2209 2477 2430 2530; x_wconf 86' lang='grc' dir='ltr'><strong><em>πολιτῶν</em></strong></span> <span class='ocrx_word' id='word_1_604' title='bbox 2478 2477 2846 2552; x_wconf 74' lang='grc' dir='ltr'><strong><em>ἐκϐεϐλημένος,</em></strong></span> <span class='ocrx_word' id='word_1_605' title='bbox 2898 2477 3031 2536; x_wconf 87' lang='grc' dir='ltr'><strong><em>διότι</em></strong></span> <span class='ocrx_word' id='word_1_606' title='bbox 3077 2503 3174 2559; x_wconf 89' lang='grc' dir='ltr'><strong>περ</strong></span> <span class='ocrx_word' id='word_1_607' title='bbox 3222 2487 3376 2540; x_wconf 81' lang='grc' dir='ltr'><strong><em>αὐτὸν</em></strong></span> <span class='ocrx_word' id='word_1_608' title='bbox 3428 2489 3454 2540; x_wconf 85' lang='grc' dir='ltr'><strong>ὁ</strong></span> <span class='ocrx_word' id='word_1_609' title='bbox 3499 2486 3618 2542; x_wconf 87' lang='grc' dir='ltr'><strong><em>κατ’</em></strong></span> <span class='ocrx_word' id='word_1_610' title='bbox 3657 2488 3840 2549; x_wconf 80' lang='grc' dir='ltr'><strong><em>ἐκείνην</em></strong></span> 
     </span>
    </p>
   </div>
   <div class='ocr_carea' id='block_1_86' title="bbox 2211 2567 3844 2656">
    <p class='ocr_par' dir='ltr' id='par_1_86' title="bbox 2211 2567 3844 2656">
     <span class='ocr_line' id='line_1_86' title="bbox 2211 2567 3844 2656; baseline 0.008 -33"><span class='ocrx_word' id='word_1_611' title='bbox 2211 2567 2522 2625; x_wconf 83' lang='grc' dir='ltr'><strong><em>ἀπεσείσατο</em></strong></span> <span class='ocrx_word' id='word_1_612' title='bbox 2573 2573 2764 2647; x_wconf 86' lang='grc' dir='ltr'><strong><em>θρόνος,</em></strong></span> <span class='ocrx_word' id='word_1_613' title='bbox 2821 2575 2903 2627; x_wconf 85' lang='grc' dir='ltr'><strong><em>οἶα</em></strong></span> <span class='ocrx_word' id='word_1_614' title='bbox 2956 2573 3085 2648; x_wconf 81' lang='grc' dir='ltr'><strong><em>μηδὲ</em></strong></span> <span class='ocrx_word' id='word_1_615' title='bbox 3133 2584 3224 2636; x_wconf 78' lang='grc' dir='ltr'><strong><em>τὴν</em></strong></span> <span class='ocrx_word' id='word_1_616' title='bbox 3272 2577 3443 2654; x_wconf 81' lang='grc' dir='ltr'><strong><em>ἀρχὴν</em></strong></span> <span class='ocrx_word' id='word_1_617' title='bbox 3492 2581 3650 2656; x_wconf 79' lang='grc' dir='ltr'><strong><em>ὀρθῶς</em></strong></span> <span class='ocrx_word' id='word_1_618' title='bbox 3695 2584 3844 2645; x_wconf 65' lang='grc' dir='ltr'><strong><em>αὐτῆς</em></strong></span> 
     </span>
    </p>
   </div>
   <div class='ocr_carea' id='block_1_87' title="bbox 2213 2661 3845 2748">
    <p class='ocr_par' dir='ltr' id='par_1_87' title="bbox 2213 2661 3845 2748">
     <span class='ocr_line' id='line_1_87' title="bbox 2213 2661 3845 2748; baseline 0.009 -32"><span class='ocrx_word' id='word_1_619' title='bbox 2213 2661 2594 2738; x_wconf 70' lang='grc' dir='ltr'><strong><em>ἐπειλημμένον,</em></strong></span> <span class='ocrx_word' id='word_1_620' title='bbox 2639 2661 2752 2717; x_wconf 86' lang='grc' dir='ltr'><strong><em>αλλ’</em></strong></span> <span class='ocrx_word' id='word_1_621' title='bbox 2774 2669 2851 2719; x_wconf 84' lang='grc' dir='ltr'><strong><em>ἔτι</em></strong></span> <span class='ocrx_word' id='word_1_622' title='bbox 2880 2671 3064 2731; x_wconf 85' lang='grc' dir='ltr'><strong><em>ζῶντός</em></strong></span> <span class='ocrx_word' id='word_1_623' title='bbox 3093 2689 3146 2722; x_wconf 84' lang='grc' dir='ltr'><strong>τε</strong></span> <span class='ocrx_word' id='word_1_624' title='bbox 3184 2676 3269 2724; x_wconf 83' lang='grc' dir='ltr'><strong><em>καὶ</em></strong></span> <span class='ocrx_word' id='word_1_625' title='bbox 3301 2671 3351 2724; x_wconf 82' lang='grc' dir='ltr'><strong><em>ἓν</em></strong></span> <span class='ocrx_word' id='word_1_626' title='bbox 3391 2682 3502 2734; x_wconf 86' lang='grc' dir='ltr'><strong><em>ταῖς</em></strong></span> <span class='ocrx_word' id='word_1_627' title='bbox 3537 2674 3845 2748; x_wconf 78' lang='grc' dir='ltr'><strong><em>ἁγιωτάταις</em></strong></span> 
     </span>
    </p>
   </div>
   <div class='ocr_carea' id='block_1_88' title="bbox 2213 2746 3844 2842">
    <p class='ocr_par' dir='ltr' id='par_1_88' title="bbox 2213 2753 3844 2842">
     <span class='ocr_line' id='line_1_88' title="bbox 2213 2753 3844 2842; baseline 0.007 -34"><span class='ocrx_word' id='word_1_628' title='bbox 2213 2754 2498 2818; x_wconf 79' lang='grc' dir='ltr'><strong><em>ἐκκλησίαις</em></strong></span> <span class='ocrx_word' id='word_1_629' title='bbox 2538 2753 3032 2832; x_wconf 77' lang='grc' dir='ltr'><strong><em>ἀνακηρυττομένου,</em></strong></span> <span class='ocrx_word' id='word_1_630' title='bbox 3085 2770 3174 2816; x_wconf 76' lang='grc' dir='ltr'><strong><em>τοῦ</em></strong></span> <span class='ocrx_word' id='word_1_631' title='bbox 3221 2768 3322 2839; x_wconf 88' lang='grc' dir='ltr'><strong><em>πρὸ</em></strong></span> <span class='ocrx_word' id='word_1_632' title='bbox 3363 2765 3523 2818; x_wconf 75' lang='grc' dir='ltr'><strong><em>αύτοῦ</em></strong></span> <span class='ocrx_word' id='word_1_633' title='bbox 3569 2772 3662 2826; x_wconf 72' lang='grc' dir='ltr'><strong>τὴν</strong></span> <span class='ocrx_word' id='word_1_634' title='bbox 3713 2771 3844 2842; x_wconf 73' lang='grc' dir='ltr'><strong><em>ἱερω-</em></strong></span> 
     </span>
    </p>
   </div>
   <div class='ocr_carea' id='block_1_89' title="bbox 2213 2849 3844 2934">
    <p class='ocr_par' dir='ltr' id='par_1_89' title="bbox 2213 2849 3844 2934">
     <span class='ocr_line' id='line_1_89' title="bbox 2213 2849 3844 2934; baseline 0.007 -32"><span class='ocrx_word' id='word_1_635' title='bbox 2213 2853 2369 2909; x_wconf 89' lang='grc' dir='ltr'><strong><em>σύνην</em></strong></span> <span class='ocrx_word' id='word_1_636' title='bbox 2413 2849 2710 2922; x_wconf 78' lang='grc' dir='ltr'><strong><em>ἰσχηκότος,</em></strong></span> <span class='ocrx_word' id='word_1_637' title='bbox 2754 2855 2900 2926; x_wconf 86' lang='grc' dir='ltr'><strong><em>παρά</em></strong></span> <span class='ocrx_word' id='word_1_638' title='bbox 2931 2849 2986 2906; x_wconf 79' lang='grc' dir='ltr'><strong><em>δὲ</em></strong></span> <span class='ocrx_word' id='word_1_639' title='bbox 3016 2861 3104 2907; x_wconf 85' lang='grc' dir='ltr'><strong><em>τοῦ</em></strong></span> <span class='ocrx_word' id='word_1_640' title='bbox 3134 2852 3248 2928; x_wconf 83' lang='grc' dir='ltr'><strong><em>μετ’</em></strong></span> <span class='ocrx_word' id='word_1_641' title='bbox 3272 2857 3426 2910; x_wconf 76' lang='grc' dir='ltr'><strong><em>αὐτὸν</em></strong></span> <span class='ocrx_word' id='word_1_642' title='bbox 3457 2867 3547 2919; x_wconf 76' lang='grc' dir='ltr'><strong><em>τῆς</em></strong></span> <span class='ocrx_word' id='word_1_643' title='bbox 3579 2861 3844 2934; x_wconf 63' lang='grc' dir='ltr'><strong><em>ἱερωσύνης</em></strong></span> 
     </span>
    </p>
   </div>
   <div class='ocr_carea' id='block_1_90' title="bbox 2213 2939 3844 3024">
    <p class='ocr_par' dir='ltr' id='par_1_90' title="bbox 2213 2939 3844 3024">
     <span class='ocr_line' id='line_1_90' title="bbox 2213 2939 3844 3024; baseline 0.007 -31"><span class='ocrx_word' id='word_1_644' title='bbox 2213 2940 2586 3004; x_wconf 61' lang='grc' dir='ltr'><strong><em>ἐπιπεπτωκότος</em></strong></span> <span class='ocrx_word' id='word_1_645' title='bbox 2613 2963 2624 2977; x_wconf 90' lang='grc'><strong>·</strong></span> <span class='ocrx_word' id='word_1_646' title='bbox 2674 2939 2732 2998; x_wconf 78' lang='grc' dir='ltr'><strong><em>οὔ</em></strong></span> <span class='ocrx_word' id='word_1_647' title='bbox 2765 2948 2966 2998; x_wconf 87' lang='grc' dir='ltr'><strong><em>στάντα</em></strong></span> <span class='ocrx_word' id='word_1_648' title='bbox 3007 2943 3064 2999; x_wconf 83' lang='grc' dir='ltr'><strong><em>δὲ</em></strong></span> <span class='ocrx_word' id='word_1_649' title='bbox 3104 2951 3262 3023; x_wconf 74' lang='grc' dir='ltr'><strong><em>μέχρι</em></strong></span> <span class='ocrx_word' id='word_1_650' title='bbox 3299 2954 3483 3002; x_wconf 88' lang='grc' dir='ltr'><strong><em>τούτου</em></strong></span> <span class='ocrx_word' id='word_1_651' title='bbox 3523 2957 3705 3024; x_wconf 86' lang='grc' dir='ltr'><strong><em>μόνον,</em></strong></span> <span class='ocrx_word' id='word_1_652' title='bbox 3739 2949 3844 3006; x_wconf 75' lang='grc' dir='ltr'><strong><em>ἀλλ’</em></strong></span> 
     </span>
    </p>
   </div>
   <div class='ocr_carea' id='block_1_91' title="bbox 2211 3029 3846 3118">
    <p class='ocr_par' dir='ltr' id='par_1_91' title="bbox 2211 3029 3846 3118">
     <span class='ocr_line' id='line_1_91' title="bbox 2211 3029 3846 3118; baseline 0.007 -32"><span class='ocrx_word' id='word_1_653' title='bbox 2211 3029 2308 3092; x_wconf 77' lang='grc' dir='ltr'><strong><em>ἤδη</em></strong></span> <span class='ocrx_word' id='word_1_654' title='bbox 2355 3039 2442 3087; x_wconf 74' lang='grc' dir='ltr'><strong><em>καὶ</em></strong></span> <span class='ocrx_word' id='word_1_655' title='bbox 2485 3036 2585 3090; x_wconf 86' lang='grc' dir='ltr'><strong>ὑπὸ</strong></span> <span class='ocrx_word' id='word_1_656' title='bbox 2631 3043 2794 3091; x_wconf 87' lang='grc' dir='ltr'><strong><em>κοινὸν</em></strong></span> <span class='ocrx_word' id='word_1_657' title='bbox 2851 3035 3262 3113; x_wconf 80' lang='grc' dir='ltr'><strong><em>ἀναθεματισμὸν</em></strong></span> <span class='ocrx_word' id='word_1_658' title='bbox 3309 3051 3396 3103; x_wconf 70' lang='grc' dir='ltr'><strong><em>τῆς</em></strong></span> <span class='ocrx_word' id='word_1_659' title='bbox 3443 3041 3717 3118; x_wconf 80' lang='grc' dir='ltr'><strong><em>όρθοδόξου</em></strong></span> <span class='ocrx_word' id='word_1_660' title='bbox 3766 3049 3846 3098; x_wconf 77' lang='grc' dir='ltr'><strong><em>καὶ</em></strong></span> 
     </span>
    </p>
   </div>
   <div class='ocr_carea' id='block_1_92' title="bbox 2213 3131 3842 3216">
    <p class='ocr_par' dir='ltr' id='par_1_92' title="bbox 2213 3131 3842 3216">
     <span class='ocr_line' id='line_1_92' title="bbox 2213 3131 3842 3216; baseline 0.008 -34"><span class='ocrx_word' id='word_1_661' title='bbox 2213 3131 2476 3193; x_wconf 77' lang='grc' dir='ltr'><strong><em>καθολικῆς</em></strong></span> <span class='ocrx_word' id='word_1_662' title='bbox 2507 3131 2772 3196; x_wconf 72' lang='grc' dir='ltr'><strong><em>ἐκκλησίας</em></strong></span> <span class='ocrx_word' id='word_1_663' title='bbox 2805 3139 3094 3209; x_wconf 77' lang='grc' dir='ltr'><strong><em>γενόμενον,</em></strong></span> <span class='ocrx_word' id='word_1_664' title='bbox 3128 3144 3213 3190; x_wconf 81' lang='grc' dir='ltr'><strong><em>καὶ</em></strong></span> <span class='ocrx_word' id='word_1_665' title='bbox 3242 3139 3439 3192; x_wconf 84' lang='grc' dir='ltr'><strong><em>πολλῶν</em></strong></span> <span class='ocrx_word' id='word_1_666' title='bbox 3465 3143 3587 3214; x_wconf 68' lang='grc' dir='ltr'><strong><em>ἦμεν</em></strong></span> <span class='ocrx_word' id='word_1_667' title='bbox 3611 3141 3842 3216; x_wconf 71' lang='grc' dir='ltr'><strong><em>βιϐλίων,</em></strong></span> 
     </span>
    </p>
   </div>
   <div class='ocr_carea' id='block_1_93' title="bbox 2135 3199 3846 3304">
    <p class='ocr_par' dir='ltr' id='par_1_93' title="bbox 2135 3199 3846 3304">
     <span class='ocr_line' id='line_1_93' title="bbox 2135 3199 3846 3304; baseline 0.009 -31"><span class='ocrx_word' id='word_1_668' title='bbox 2135 3199 2189 3274; x_wconf 83' lang='lat' dir='ltr'>C</span> <span class='ocrx_word' id='word_1_669' title='bbox 2213 3221 2526 3298; x_wconf 75' lang='grc' dir='ltr'><strong><em>βλασφημῶν</em></strong></span> <span class='ocrx_word' id='word_1_670' title='bbox 2566 3244 2642 3293; x_wconf 86' lang='grc' dir='ltr'><strong>τε,</strong></span> <span class='ocrx_word' id='word_1_671' title='bbox 2677 3231 2763 3279; x_wconf 81' lang='grc' dir='ltr'><strong>καί</strong></span> <span class='ocrx_word' id='word_1_672' title='bbox 2810 3225 3229 3304; x_wconf 74' lang='grc' dir='ltr'><strong><em>ἀπηγορευμένων</em></strong></span> <span class='ocrx_word' id='word_1_673' title='bbox 3274 3231 3611 3304; x_wconf 74' lang='grc' dir='ltr'><strong><em>ἐμπλήσαντα</em></strong></span> <span class='ocrx_word' id='word_1_674' title='bbox 3649 3241 3711 3288; x_wconf 86' lang='grc' dir='ltr'><strong><em>τὸ</em></strong></span> <span class='ocrx_word' id='word_1_675' title='bbox 3751 3257 3846 3289; x_wconf 78' lang='grc' dir='ltr'><strong><em>πο·</em></strong></span> 
     </span>
    </p>
   </div>
   <div class='ocr_carea' id='block_1_94' title="bbox 2214 3311 3850 3396">
    <p class='ocr_par' dir='ltr' id='par_1_94' title="bbox 2214 3311 3850 3396">
     <span class='ocr_line' id='line_1_94' title="bbox 2214 3311 3850 3396; baseline 0.009 -30"><span class='ocrx_word' id='word_1_676' title='bbox 2214 3311 2444 3387; x_wconf 85' lang='grc' dir='ltr'><strong><em>λίτευμα.</em></strong></span> <span class='ocrx_word' id='word_1_677' title='bbox 2503 3318 2664 3370; x_wconf 82' lang='grc' dir='ltr'><strong><em>Ὥστε</em></strong></span> <span class='ocrx_word' id='word_1_678' title='bbox 2712 3323 2795 3370; x_wconf 82' lang='grc' dir='ltr'><strong><em>καὶ</em></strong></span> <span class='ocrx_word' id='word_1_679' title='bbox 2841 3316 3220 3396; x_wconf 84' lang='grc' dir='ltr'><strong><em>ἀπαγορεύομεν</em></strong></span> <span class='ocrx_word' id='word_1_680' title='bbox 3263 3321 3430 3377; x_wconf 80' lang='grc' dir='ltr'><strong><em>ἅπασι</em></strong></span> <span class='ocrx_word' id='word_1_681' title='bbox 3465 3333 3568 3378; x_wconf 84' lang='grc' dir='ltr'><strong>τῶν</strong></span> <span class='ocrx_word' id='word_1_682' title='bbox 3611 3321 3773 3382; x_wconf 69' lang='grc' dir='ltr'><strong><em>αἰδτοῦ</em></strong></span> <span class='ocrx_word' id='word_1_683' title='bbox 3801 3347 3850 3380; x_wconf 87' lang='grc' dir='ltr'><strong>τι</strong></span> 
     </span>
    </p>
   </div>
   <div class='ocr_carea' id='block_1_95' title="bbox 2213 3407 3850 3496">
    <p class='ocr_par' dir='ltr' id='par_1_95' title="bbox 2213 3407 3850 3496">
     <span class='ocr_line' id='line_1_95' title="bbox 2213 3407 3850 3496; baseline 0.009 -39"><span class='ocrx_word' id='word_1_684' title='bbox 2213 3407 2484 3466; x_wconf 82' lang='grc' dir='ltr'><strong><em>κεκτῆσθαι</em></strong></span> <span class='ocrx_word' id='word_1_685' title='bbox 2527 3407 2758 3483; x_wconf 72' lang='grc' dir='ltr'><strong><em>βιϐλίων.</em></strong></span> <span class='ocrx_word' id='word_1_686' title='bbox 2796 3417 2895 3465; x_wconf 79' lang='grc' dir='ltr'><strong><em>Καί</em></strong></span> <span class='ocrx_word' id='word_1_687' title='bbox 2934 3413 3108 3489; x_wconf 86' lang='grc' dir='ltr'><strong><em>ὥσπερ</em></strong></span> <span class='ocrx_word' id='word_1_688' title='bbox 3138 3410 3226 3470; x_wconf 74' lang='grc' dir='ltr'><strong><em>οὔκ</em></strong></span> <span class='ocrx_word' id='word_1_689' title='bbox 3265 3415 3430 3480; x_wconf 79' lang='grc' dir='ltr'><strong><em>ἔξεστι</em></strong></span> <span class='ocrx_word' id='word_1_690' title='bbox 3459 3419 3527 3472; x_wconf 85' lang='grc' dir='ltr'><strong><em>τά</em></strong></span> <span class='ocrx_word' id='word_1_691' title='bbox 3568 3425 3850 3496; x_wconf 81' lang='grc' dir='ltr'><strong><em>Νεστορίου</em></strong></span> 
     </span>
    </p>
   </div>
   <div class='ocr_carea' id='block_1_96' title="bbox 2213 3501 3854 3585">
    <p class='ocr_par' dir='ltr' id='par_1_96' title="bbox 2213 3501 3854 3585">
     <span class='ocr_line' id='line_1_96' title="bbox 2213 3501 3854 3585; baseline 0.011 -36"><span class='ocrx_word' id='word_1_692' title='bbox 2213 3501 2440 3573; x_wconf 79' lang='grc' dir='ltr'><strong><em>γράφειν,</em></strong></span> <span class='ocrx_word' id='word_1_693' title='bbox 2475 3501 2506 3559; x_wconf 78' lang='grc' dir='ltr'>ἦ</span> <span class='ocrx_word' id='word_1_694' title='bbox 2548 3504 2820 3561; x_wconf 78' lang='grc' dir='ltr'><strong><em>κεκτῆσθαι</em></strong></span> <span class='ocrx_word' id='word_1_695' title='bbox 2865 3503 3062 3579; x_wconf 81' lang='grc' dir='ltr'><strong><em>βιϐλία,</em></strong></span> <span class='ocrx_word' id='word_1_696' title='bbox 3098 3503 3232 3560; x_wconf 81' lang='grc' dir='ltr'><strong><em>διότι</em></strong></span> <span class='ocrx_word' id='word_1_697' title='bbox 3259 3518 3361 3570; x_wconf 87' lang='grc' dir='ltr'><strong><em>τοῖς</em></strong></span> <span class='ocrx_word' id='word_1_698' title='bbox 3390 3515 3490 3585; x_wconf 84' lang='grc' dir='ltr'><strong><em>πρὸ</em></strong></span> <span class='ocrx_word' id='word_1_699' title='bbox 3521 3515 3665 3584; x_wconf 74' lang='grc' dir='ltr'><strong><em>ἡμῶν</em></strong></span> <span class='ocrx_word' id='word_1_700' title='bbox 3700 3509 3854 3567; x_wconf 60' lang='grc' dir='ltr'><strong><em>αὖτο-</em></strong></span> 
     </span>
    </p>
   </div>
   <div class='ocr_carea' id='block_1_97' title="bbox 2213 3591 3854 3682">
    <p class='ocr_par' dir='ltr' id='par_1_97' title="bbox 2213 3591 3854 3682">
     <span class='ocr_line' id='line_1_97' title="bbox 2213 3591 3854 3682; baseline 0.012 -40"><span class='ocrx_word' id='word_1_701' title='bbox 2213 3595 2510 3666; x_wconf 86' lang='grc' dir='ltr'><strong><em>κράτορσιν,</em></strong></span> <span class='ocrx_word' id='word_1_702' title='bbox 2547 3591 2596 3646; x_wconf 78' lang='grc' dir='ltr'><strong><em>ἐν</em></strong></span> <span class='ocrx_word' id='word_1_703' title='bbox 2647 3603 2758 3658; x_wconf 85' lang='grc' dir='ltr'><strong><em>ταῖς</em></strong></span> <span class='ocrx_word' id='word_1_704' title='bbox 2800 3597 2989 3650; x_wconf 74' lang='grc' dir='ltr'><strong><em>ἑαυτῶν</em></strong></span> <span class='ocrx_word' id='word_1_705' title='bbox 3035 3594 3348 3668; x_wconf 84' lang='grc' dir='ltr'><strong><em>διατάξεσιν,</em></strong></span> <span class='ocrx_word' id='word_1_706' title='bbox 3390 3600 3530 3668; x_wconf 76' lang='grc' dir='ltr'><strong><em>ἔδοξε</em></strong></span> <span class='ocrx_word' id='word_1_707' title='bbox 3566 3615 3674 3667; x_wconf 85' lang='grc' dir='ltr'><strong><em>τοῖς</em></strong></span> <span class='ocrx_word' id='word_1_708' title='bbox 3712 3611 3854 3682; x_wconf 72' lang='grc' dir='ltr'><strong><em>παρὰ</em></strong></span> 
     </span>
    </p>
   </div>
   <div class='ocr_carea' id='block_1_98' title="bbox 2215 3689 3856 3770">
    <p class='ocr_par' dir='ltr' id='par_1_98' title="bbox 2215 3689 3856 3770">
     <span class='ocr_line' id='line_1_98' title="bbox 2215 3689 3856 3770; baseline 0.011 -34"><span class='ocrx_word' id='word_1_709' title='bbox 2215 3689 2499 3760; x_wconf 74' lang='grc' dir='ltr'><strong><em>Πορφυρίου</em></strong></span> <span class='ocrx_word' id='word_1_710' title='bbox 2545 3689 2678 3741; x_wconf 85' lang='grc' dir='ltr'><strong><em>κατὰ</em></strong></span> <span class='ocrx_word' id='word_1_711' title='bbox 2717 3695 3044 3764; x_wconf 83' lang='grc' dir='ltr'><strong><em>Χριστιανῶν</em></strong></span> <span class='ocrx_word' id='word_1_712' title='bbox 3090 3693 3361 3768; x_wconf 78' lang='grc' dir='ltr'><strong><em>εἰρημένοις</em></strong></span> <span class='ocrx_word' id='word_1_713' title='bbox 3397 3697 3550 3770; x_wconf 83' lang='grc' dir='ltr'><strong><em>ὅμοια</em></strong></span> <span class='ocrx_word' id='word_1_714' title='bbox 3587 3700 3856 3753; x_wconf 76' lang='grc' dir='ltr'><strong><em>καθεστά-</em></strong></span> 
     </span>
    </p>
   </div>
   <div class='ocr_carea' id='block_1_99' title="bbox 2215 3776 3858 3866">
    <p class='ocr_par' dir='ltr' id='par_1_99' title="bbox 2215 3776 3858 3866">
     <span class='ocr_line' id='line_1_99' title="bbox 2215 3776 3858 3866; baseline 0.01 -38"><span class='ocrx_word' id='word_1_715' title='bbox 2215 3796 2320 3842; x_wconf 88' lang='grc' dir='ltr'><strong><em>ναι,</em></strong></span> <span class='ocrx_word' id='word_1_716' title='bbox 2355 3776 2486 3830; x_wconf 82' lang='grc' dir='ltr'><strong><em>οὖτω</em></strong></span> <span class='ocrx_word' id='word_1_717' title='bbox 2513 3783 2641 3852; x_wconf 74' lang='grc' dir='ltr'><strong><em>μήτε</em></strong></span> <span class='ocrx_word' id='word_1_718' title='bbox 2667 3783 2733 3834; x_wconf 84' lang='grc' dir='ltr'><strong>τὰ</strong></span> <span class='ocrx_word' id='word_1_719' title='bbox 2773 3787 2972 3858; x_wconf 84' lang='grc' dir='ltr'><strong><em>Σευήρῳ</em></strong></span> <span class='ocrx_word' id='word_1_720' title='bbox 3001 3785 3215 3860; x_wconf 77' lang='grc' dir='ltr'><strong><em>ῥηθέντα</em></strong></span> <span class='ocrx_word' id='word_1_721' title='bbox 3244 3806 3318 3854; x_wconf 84' lang='grc' dir='ltr'><strong>τε,</strong></span> <span class='ocrx_word' id='word_1_722' title='bbox 3350 3793 3438 3840; x_wconf 82' lang='grc' dir='ltr'><strong><em>καὶ</em></strong></span> <span class='ocrx_word' id='word_1_723' title='bbox 3476 3796 3742 3866; x_wconf 61' lang='grc' dir='ltr'><strong><em>γραφέντα</em></strong></span> <span class='ocrx_word' id='word_1_724' title='bbox 3769 3811 3858 3864; x_wconf 73' lang='grc' dir='ltr'><strong><em>με-</em></strong></span> 
     </span>
    </p>
   </div>
   <div class='ocr_carea' id='block_1_100' title="bbox 2215 3873 3858 3956">
    <p class='ocr_par' dir='ltr' id='par_1_100' title="bbox 2215 3873 3858 3956">
     <span class='ocr_line' id='line_1_100' title="bbox 2215 3873 3858 3956; baseline 0.012 -36"><span class='ocrx_word' id='word_1_725' title='bbox 2215 3873 2339 3922; x_wconf 78' lang='grc' dir='ltr'><strong><em>νέτω</em></strong></span> <span class='ocrx_word' id='word_1_726' title='bbox 2360 3873 2505 3946; x_wconf 87' lang='grc' dir='ltr'><strong>παρά</strong></span> <span class='ocrx_word' id='word_1_727' title='bbox 2532 3893 2636 3926; x_wconf 93' lang='grc' dir='ltr'><strong><em>τινι</em></strong></span> <span class='ocrx_word' id='word_1_728' title='bbox 2662 3879 2980 3949; x_wconf 82' lang='grc' dir='ltr'><strong><em>Χριστιανῷ,</em></strong></span> <span class='ocrx_word' id='word_1_729' title='bbox 3016 3874 3131 3932; x_wconf 82' lang='grc' dir='ltr'><strong><em>ἀλλ’</em></strong></span> <span class='ocrx_word' id='word_1_730' title='bbox 3165 3882 3296 3934; x_wconf 82' lang='grc' dir='ltr'><strong><em>ἔστω</em></strong></span> <span class='ocrx_word' id='word_1_731' title='bbox 3325 3877 3537 3956; x_wconf 75' lang='grc' dir='ltr'><strong><em>βέϐηλα,</em></strong></span> <span class='ocrx_word' id='word_1_732' title='bbox 3573 3891 3664 3938; x_wconf 79' lang='grc' dir='ltr'><strong><em>καὶ</em></strong></span> <span class='ocrx_word' id='word_1_733' title='bbox 3691 3884 3858 3939; x_wconf 77' lang='grc' dir='ltr'><strong><em>ἀλλό-</em></strong></span> 
     </span>
    </p>
   </div>
   <div class='ocr_carea' id='block_1_101' title="bbox 2215 3965 3858 4053">
    <p class='ocr_par' dir='ltr' id='par_1_101' title="bbox 2215 3965 3858 4053">
     <span class='ocr_line' id='line_1_101' title="bbox 2215 3965 3858 4053; baseline 0.011 -39"><span class='ocrx_word' id='word_1_734' title='bbox 2215 3981 2336 4037; x_wconf 90' lang='grc' dir='ltr'><strong><em>τρια</em></strong></span> <span class='ocrx_word' id='word_1_735' title='bbox 2373 3971 2460 4025; x_wconf 82' lang='grc' dir='ltr'><strong><em>τῆς</em></strong></span> <span class='ocrx_word' id='word_1_736' title='bbox 2502 3965 2762 4028; x_wconf 79' lang='grc' dir='ltr'><strong><em>καθολικῆς</em></strong></span> <span class='ocrx_word' id='word_1_737' title='bbox 2808 3967 3092 4039; x_wconf 83' lang='grc' dir='ltr'><strong><em>ἐκκλησίας,</em></strong></span> <span class='ocrx_word' id='word_1_738' title='bbox 3142 3978 3268 4048; x_wconf 86' lang='grc' dir='ltr'><strong><em>πυρί</em></strong></span> <span class='ocrx_word' id='word_1_739' title='bbox 3313 3993 3368 4028; x_wconf 83' lang='grc' dir='ltr'><strong>τε</strong></span> <span class='ocrx_word' id='word_1_740' title='bbox 3414 3975 3672 4048; x_wconf 71' lang='grc' dir='ltr'><strong><em>φλεγέσθω</em></strong></span> <span class='ocrx_word' id='word_1_741' title='bbox 3713 3983 3858 4053; x_wconf 77' lang='grc' dir='ltr'><strong><em>παρὰ</em></strong></span> 
     </span>
    </p>
   </div>
   <div class='ocr_carea' id='block_1_102' title="bbox 2216 4061 3861 4137">
    <p class='ocr_par' dir='ltr' id='par_1_102' title="bbox 2216 4061 3861 4137">
     <span class='ocr_line' id='line_1_102' title="bbox 2216 4061 3861 4137; baseline 0.01 -30"><span class='ocrx_word' id='word_1_742' title='bbox 2216 4063 2315 4108; x_wconf 85' lang='grc' dir='ltr'><strong>τῶν</strong></span> <span class='ocrx_word' id='word_1_743' title='bbox 2352 4063 2686 4132; x_wconf 73' lang='grc' dir='ltr'><strong><em>κεκτημένων,</em></strong></span> <span class='ocrx_word' id='word_1_744' title='bbox 2724 4061 2768 4113; x_wconf 84' lang='grc' dir='ltr'><strong>εἰ</strong></span> <span class='ocrx_word' id='word_1_745' title='bbox 2814 4069 2884 4134; x_wconf 81' lang='grc' dir='ltr'><strong><em>μὴ</em></strong></span> <span class='ocrx_word' id='word_1_746' title='bbox 2927 4063 3200 4137; x_wconf 88' lang='grc' dir='ltr'><strong><em>βούλονται</em></strong></span> <span class='ocrx_word' id='word_1_747' title='bbox 3247 4063 3554 4121; x_wconf 83' lang='grc' dir='ltr'><strong><em>κινδυνεύειν</em></strong></span> <span class='ocrx_word' id='word_1_748' title='bbox 3601 4073 3652 4122; x_wconf 81' lang='grc' dir='ltr'><strong><em>οἱ</em></strong></span> <span class='ocrx_word' id='word_1_749' title='bbox 3691 4079 3861 4124; x_wconf 76' lang='grc' dir='ltr'><strong><em>ταῦτα</em></strong></span> 
     </span>
    </p>
   </div>
   <div class='ocr_carea' id='block_1_103' title="bbox 2216 4149 3856 4237">
    <p class='ocr_par' dir='ltr' id='par_1_103' title="bbox 2216 4149 3856 4237">
     <span class='ocr_line' id='line_1_103' title="bbox 2216 4149 3856 4237; baseline 0.011 -38"><span class='ocrx_word' id='word_1_750' title='bbox 2216 4149 2440 4218; x_wconf 78' lang='grc' dir='ltr'><strong><em>ἔχοντες.</em></strong></span> <span class='ocrx_word' id='word_1_751' title='bbox 2496 4153 2767 4225; x_wconf 69' lang='grc' dir='ltr'><strong><em>Γραφέσθω</em></strong></span> <span class='ocrx_word' id='word_1_752' title='bbox 2821 4172 2874 4206; x_wconf 82' lang='grc' dir='ltr'><strong>τε</strong></span> <span class='ocrx_word' id='word_1_753' title='bbox 2921 4158 3065 4230; x_wconf 89' lang='grc' dir='ltr'><strong>παρά</strong></span> <span class='ocrx_word' id='word_1_754' title='bbox 3109 4153 3320 4228; x_wconf 83' lang='grc' dir='ltr'><strong><em>μηδενὸς</em></strong></span> <span class='ocrx_word' id='word_1_755' title='bbox 3365 4163 3424 4212; x_wconf 83' lang='grc' dir='ltr'><strong><em>τὸ</em></strong></span> <span class='ocrx_word' id='word_1_756' title='bbox 3471 4161 3674 4229; x_wconf 82' lang='grc' dir='ltr'><strong><em>λοιπὸν,</em></strong></span> <span class='ocrx_word' id='word_1_757' title='bbox 3725 4160 3856 4237; x_wconf 73' lang='grc' dir='ltr'><strong><em>μηδὲ</em></strong></span> 
     </span>
    </p>
   </div>
   <div class='ocr_carea' id='block_1_104' title="bbox 2215 4241 3862 4327">
    <p class='ocr_par' dir='ltr' id='par_1_104' title="bbox 2215 4241 3862 4327">
     <span class='ocr_line' id='line_1_104' title="bbox 2215 4241 3862 4327; baseline 0.009 -36"><span class='ocrx_word' id='word_1_758' title='bbox 2215 4247 2316 4292; x_wconf 84' lang='grc' dir='ltr'><strong>τῶν</strong></span> <span class='ocrx_word' id='word_1_759' title='bbox 2372 4241 2438 4302; x_wconf 84' lang='grc' dir='ltr'><strong>εἰς</strong></span> <span class='ocrx_word' id='word_1_760' title='bbox 2481 4242 2678 4309; x_wconf 89' lang='grc' dir='ltr'><strong><em>κάλλος,</em></strong></span> <span class='ocrx_word' id='word_1_761' title='bbox 2727 4241 2856 4318; x_wconf 72' lang='grc' dir='ltr'><strong><em>μηδὲ</em></strong></span> <span class='ocrx_word' id='word_1_762' title='bbox 2897 4255 2996 4299; x_wconf 86' lang='grc' dir='ltr'><strong>τῶν</strong></span> <span class='ocrx_word' id='word_1_763' title='bbox 3037 4247 3104 4308; x_wconf 83' lang='grc' dir='ltr'><strong>εἰς</strong></span> <span class='ocrx_word' id='word_1_764' title='bbox 3150 4253 3313 4320; x_wconf 79' lang='grc' dir='ltr'><strong><em>τάχος</em></strong></span> <span class='ocrx_word' id='word_1_765' title='bbox 3359 4258 3683 4326; x_wconf 62' lang='grc' dir='ltr'><strong><em>γραφόντων,</em></strong></span> <span class='ocrx_word' id='word_1_766' title='bbox 3728 4252 3862 4327; x_wconf 72' lang='grc' dir='ltr'><strong><em>μηδὲ</em></strong></span> 
     </span>
    </p>
   </div>
   <div class='ocr_carea' id='block_1_105' title="bbox 2217 4332 3863 4424">
    <p class='ocr_par' dir='ltr' id='par_1_105' title="bbox 2217 4332 3863 4424">
     <span class='ocr_line' id='line_1_105' title="bbox 2217 4332 3863 4424; baseline 0.01 -40"><span class='ocrx_word' id='word_1_767' title='bbox 2217 4332 2376 4386; x_wconf 83' lang='grc' dir='ltr'><strong><em>ἄλλου</em></strong></span> <span class='ocrx_word' id='word_1_768' title='bbox 2417 4339 2551 4396; x_wconf 87' lang='grc' dir='ltr'><strong><em>τινὸς</em></strong></span> <span class='ocrx_word' id='word_1_769' title='bbox 2605 4344 2706 4389; x_wconf 84' lang='grc' dir='ltr'><strong>τῶν</strong></span> <span class='ocrx_word' id='word_1_770' title='bbox 2754 4341 2982 4410; x_wconf 78' lang='grc' dir='ltr'><strong><em>πάντων,</em></strong></span> <span class='ocrx_word' id='word_1_771' title='bbox 3028 4337 3214 4402; x_wconf 80' lang='grc' dir='ltr'><strong><em>εἰδότος</em></strong></span> <span class='ocrx_word' id='word_1_772' title='bbox 3264 4345 3329 4404; x_wconf 84' lang='grc' dir='ltr'><strong><em>ὡς</em></strong></span> <span class='ocrx_word' id='word_1_773' title='bbox 3385 4342 3626 4405; x_wconf 68' lang='grc' dir='ltr'><strong><em>ἀποκοπή</em></strong></span> <span class='ocrx_word' id='word_1_774' title='bbox 3685 4354 3863 4424; x_wconf 68' lang='grc' dir='ltr'><strong><em>χειρὸς</em></strong></span> 
     </span>
    </p>
   </div>
   <div class='ocr_carea' id='block_1_106' title="bbox 2216 4427 3860 4516">
    <p class='ocr_par' dir='ltr' id='par_1_106' title="bbox 2216 4427 3860 4516">
     <span class='ocr_line' id='line_1_106' title="bbox 2216 4427 3860 4516; baseline 0.01 -39"><span class='ocrx_word' id='word_1_775' title='bbox 2216 4427 2366 4479; x_wconf 80' lang='grc' dir='ltr'><strong><em>ἔσται</em></strong></span> <span class='ocrx_word' id='word_1_776' title='bbox 2395 4435 2498 4488; x_wconf 84' lang='grc' dir='ltr'><strong><em>τοῖς</em></strong></span> <span class='ocrx_word' id='word_1_777' title='bbox 2527 4430 2594 4481; x_wconf 87' lang='grc' dir='ltr'><strong><em>τὰ</em></strong></span> <span class='ocrx_word' id='word_1_778' title='bbox 2635 4427 2822 4483; x_wconf 77' lang='grc' dir='ltr'><strong><em>ἐκείνου</em></strong></span> <span class='ocrx_word' id='word_1_779' title='bbox 2850 4436 3128 4508; x_wconf 71' lang='grc' dir='ltr'><strong><em>γράφουσιν</em></strong></span> <span class='ocrx_word' id='word_1_780' title='bbox 3158 4437 3188 4494; x_wconf 80' lang='grc' dir='ltr'><strong><em>ἡ</em></strong></span> <span class='ocrx_word' id='word_1_781' title='bbox 3217 4441 3387 4495; x_wconf 83' lang='grc' dir='ltr'><strong><em>ποινή.</em></strong></span> <span class='ocrx_word' id='word_1_782' title='bbox 3423 4433 3556 4492; x_wconf 70' lang='grc' dir='ltr'><strong><em>Οἰδὲ</em></strong></span> <span class='ocrx_word' id='word_1_783' title='bbox 3583 4441 3691 4516; x_wconf 80' lang='grc' dir='ltr'><strong>γάρ</strong></span> <span class='ocrx_word' id='word_1_784' title='bbox 3727 4441 3860 4514; x_wconf 62' lang='lat' dir='ltr'><strong>{3w-</strong></span> 
     </span>
    </p>
   </div>
   <div class='ocr_carea' id='block_1_107' title="bbox 2220 4517 3859 4601">
    <p class='ocr_par' dir='ltr' id='par_1_107' title="bbox 2220 4517 3859 4601">
     <span class='ocr_line' id='line_1_107' title="bbox 2220 4517 3859 4601; baseline 0.007 -29"><span class='ocrx_word' id='word_1_785' title='bbox 2220 4517 2406 4591; x_wconf 85' lang='grc' dir='ltr'><strong><em>λόμεθα</em></strong></span> <span class='ocrx_word' id='word_1_786' title='bbox 2434 4525 2520 4573; x_wconf 81' lang='grc' dir='ltr'><strong><em>καὶ</em></strong></span> <span class='ocrx_word' id='word_1_787' title='bbox 2562 4529 2633 4593; x_wconf 85' lang='grc' dir='ltr'><strong><em>τῷ</em></strong></span> <span class='ocrx_word' id='word_1_788' title='bbox 2661 4521 2938 4597; x_wconf 78' lang='grc' dir='ltr'><strong><em>λειπομένῳ</em></strong></span> <span class='ocrx_word' id='word_1_789' title='bbox 2976 4530 3156 4601; x_wconf 79' lang='grc' dir='ltr'><strong><em>χρόνῳ</em></strong></span> <span class='ocrx_word' id='word_1_790' title='bbox 3203 4533 3294 4586; x_wconf 78' lang='grc' dir='ltr'><strong><em>τὴν</em></strong></span> <span class='ocrx_word' id='word_1_791' title='bbox 3340 4527 3392 4590; x_wconf 74' lang='grc' dir='ltr'><strong>ἐξ</strong></span> <span class='ocrx_word' id='word_1_792' title='bbox 3433 4528 3634 4583; x_wconf 78' lang='grc' dir='ltr'><strong><em>ἐκείνων</em></strong></span> <span class='ocrx_word' id='word_1_793' title='bbox 3671 4531 3859 4587; x_wconf 77' lang='grc' dir='ltr'><strong><em>ἐπισύ-</em></strong></span> 
     </span>
    </p>
   </div>
   <div class='ocr_carea' id='block_1_108' title="bbox 2221 4611 3862 4690">
    <p class='ocr_par' dir='ltr' id='par_1_108' title="bbox 2221 4611 3862 4690">
     <span class='ocr_line' id='line_1_108' title="bbox 2221 4611 3862 4690; baseline 0.01 -27"><span class='ocrx_word' id='word_1_794' title='bbox 2221 4613 2398 4687; x_wconf 86' lang='grc' dir='ltr'><strong><em>ρεσθαι</em></strong></span> <span class='ocrx_word' id='word_1_795' title='bbox 2441 4611 2788 4687; x_wconf 76' lang='grc' dir='ltr'><strong><em>βλασφημίαν.</em></strong></span> <span class='ocrx_word' id='word_1_796' title='bbox 2825 4621 3033 4690; x_wconf 88' lang='grc' dir='ltr'><strong><em>Ὁμοίως</em></strong></span> <span class='ocrx_word' id='word_1_797' title='bbox 3069 4614 3124 4670; x_wconf 77' lang='grc' dir='ltr'><strong><em>δὲ</em></strong></span> <span class='ocrx_word' id='word_1_798' title='bbox 3177 4615 3240 4678; x_wconf 76' lang='grc' dir='ltr'><strong><em>δὴ</em></strong></span> <span class='ocrx_word' id='word_1_799' title='bbox 3278 4625 3363 4672; x_wconf 81' lang='grc' dir='ltr'><strong><em>καὶ</em></strong></span> <span class='ocrx_word' id='word_1_800' title='bbox 3391 4629 3574 4676; x_wconf 85' lang='grc' dir='ltr'><strong><em>τοῦτον</em></strong></span> <span class='ocrx_word' id='word_1_801' title='bbox 3602 4630 3862 4685; x_wconf 70' lang='grc' dir='ltr'><strong><em>παντοίως</em></strong></span> 
     </span>
    </p>
   </div>
   <div class='ocr_carea' id='block_1_109' title="bbox 2219 4701 3864 4793">
    <p class='ocr_par' dir='ltr' id='par_1_109' title="bbox 2219 4701 3864 4793">
     <span class='ocr_line' id='line_1_109' title="bbox 2219 4701 3864 4793; baseline 0.009 -37"><span class='ocrx_word' id='word_1_802' title='bbox 2219 4701 2598 4780; x_wconf 86' lang='grc' dir='ltr'><strong><em>άπαγορεύομεν</em></strong></span> <span class='ocrx_word' id='word_1_803' title='bbox 2627 4715 2714 4768; x_wconf 75' lang='grc' dir='ltr'><strong><em>τῆς</em></strong></span> <span class='ocrx_word' id='word_1_804' title='bbox 2756 4706 3022 4782; x_wconf 82' lang='grc' dir='ltr'><strong><em>βασιλίδος</em></strong></span> <span class='ocrx_word' id='word_1_805' title='bbox 3051 4709 3324 4765; x_wconf 76' lang='grc' dir='ltr'><strong><em>ἐπιϐαίνειν</em></strong></span> <span class='ocrx_word' id='word_1_806' title='bbox 3369 4714 3560 4776; x_wconf 86' lang='grc' dir='ltr'><strong><em>πόλεως</em></strong></span> <span class='ocrx_word' id='word_1_807' title='bbox 3589 4717 3620 4775; x_wconf 71' lang='grc' dir='ltr'>ᾖ</span> <span class='ocrx_word' id='word_1_808' title='bbox 3667 4737 3864 4793; x_wconf 72' lang='grc' dir='ltr'><strong><em>περιοι-</em></strong></span> 
     </span>
    </p>
   </div>
   <div class='ocr_carea' id='block_1_110' title="bbox 2220 4792 3858 4883">
    <p class='ocr_par' dir='ltr' id='par_1_110' title="bbox 2220 4792 3858 4883">
     <span class='ocr_line' id='line_1_110' title="bbox 2220 4792 3858 4883; baseline 0.007 -35"><span class='ocrx_word' id='word_1_809' title='bbox 2220 4792 2354 4858; x_wconf 86' lang='grc' dir='ltr'><strong><em>κίδος</em></strong></span> <span class='ocrx_word' id='word_1_810' title='bbox 2399 4792 2572 4864; x_wconf 69' lang='grc' dir='ltr'><strong><em>αὐτῆς,</em></strong></span> <span class='ocrx_word' id='word_1_811' title='bbox 2605 4799 2756 4860; x_wconf 84' lang='grc' dir='ltr'><strong><em>ἄλλης</em></strong></span> <span class='ocrx_word' id='word_1_812' title='bbox 2795 4819 2850 4854; x_wconf 83' lang='grc' dir='ltr'><strong>τε</strong></span> <span class='ocrx_word' id='word_1_813' title='bbox 2889 4809 2989 4854; x_wconf 87' lang='grc' dir='ltr'><strong>τῶν</strong></span> <span class='ocrx_word' id='word_1_814' title='bbox 3037 4801 3308 4856; x_wconf 72' lang='grc' dir='ltr'><strong><em>ἐπιϐαίνειν</em></strong></span> <span class='ocrx_word' id='word_1_815' title='bbox 3355 4807 3547 4869; x_wconf 88' lang='grc' dir='ltr'><strong><em>πόλεως</em></strong></span> <span class='ocrx_word' id='word_1_816' title='bbox 3580 4809 3612 4867; x_wconf 74' lang='grc' dir='ltr'><strong>ἦ</strong></span> <span class='ocrx_word' id='word_1_817' title='bbox 3657 4792 3858 4883; x_wconf 76' lang='grc' dir='ltr'><strong><em>περιοι-</em></strong></span> 
     </span>
    </p>
   </div>
   <div class='ocr_carea' id='block_1_111' title="bbox 2220 4887 3860 4974">
    <p class='ocr_par' dir='ltr' id='par_1_111' title="bbox 2220 4887 3860 4974">
     <span class='ocr_line' id='line_1_111' title="bbox 2220 4887 3860 4974; baseline 0.007 -31"><span class='ocrx_word' id='word_1_818' title='bbox 2220 4887 2356 4952; x_wconf 83' lang='grc' dir='ltr'><strong><em>κίδος</em></strong></span> <span class='ocrx_word' id='word_1_819' title='bbox 2395 4887 2574 4958; x_wconf 77' lang='grc' dir='ltr'><strong><em>αὗτῆς,</em></strong></span> <span class='ocrx_word' id='word_1_820' title='bbox 2612 4892 2764 4954; x_wconf 85' lang='grc' dir='ltr'><strong><em>ἄλλης</em></strong></span> <span class='ocrx_word' id='word_1_821' title='bbox 2809 4913 2864 4946; x_wconf 85' lang='grc' dir='ltr'><strong>τε</strong></span> <span class='ocrx_word' id='word_1_822' title='bbox 2905 4902 3006 4948; x_wconf 89' lang='grc' dir='ltr'><strong>τῶν</strong></span> <span class='ocrx_word' id='word_1_823' title='bbox 3051 4894 3428 4974; x_wconf 78' lang='grc' dir='ltr'><strong><em>ἐπισημοτίρων</em></strong></span> <span class='ocrx_word' id='word_1_824' title='bbox 3467 4906 3626 4967; x_wconf 86' lang='grc' dir='ltr'><strong><em>τινὸς,</em></strong></span> <span class='ocrx_word' id='word_1_825' title='bbox 3661 4899 3778 4954; x_wconf 78' lang='grc' dir='ltr'><strong><em>ἀλλ’</em></strong></span> <span class='ocrx_word' id='word_1_826' title='bbox 3811 4901 3860 4954; x_wconf 77' lang='grc' dir='ltr'><strong>ἰν</strong></span> 
     </span>
    </p>
   </div>
   <div class='ocr_carea' id='block_1_112' title="bbox 2221 4979 3859 5067">
    <p class='ocr_par' dir='ltr' id='par_1_112' title="bbox 2221 4979 3859 5067">
     <span class='ocr_line' id='line_1_112' title="bbox 2221 4979 3859 5067; baseline 0.007 -35"><span class='ocrx_word' id='word_1_827' title='bbox 2221 4979 2402 5056; x_wconf 76' lang='grc' dir='ltr'><strong><em>ἐρημίᾳ</em></strong></span> <span class='ocrx_word' id='word_1_828' title='bbox 2449 4987 2573 5050; x_wconf 80' lang='grc' dir='ltr'><strong><em>τινί,</em></strong></span> <span class='ocrx_word' id='word_1_829' title='bbox 2622 4988 2708 5036; x_wconf 80' lang='grc' dir='ltr'><strong><em>καὶ</em></strong></span> <span class='ocrx_word' id='word_1_830' title='bbox 2755 4986 2956 5057; x_wconf 77' lang='grc' dir='ltr'><strong>ἡσυχίᾳ</strong></span> <span class='ocrx_word' id='word_1_831' title='bbox 3000 4987 3268 5056; x_wconf 74' lang='grc' dir='ltr'><strong><em>καθῆσθαι,</em></strong></span> <span class='ocrx_word' id='word_1_832' title='bbox 3312 4995 3398 5042; x_wconf 83' lang='grc' dir='ltr'><strong>καί</strong></span> <span class='ocrx_word' id='word_1_833' title='bbox 3438 4997 3510 5065; x_wconf 74' lang='grc' dir='ltr'><strong><em>μὴ</em></strong></span> <span class='ocrx_word' id='word_1_834' title='bbox 3552 4989 3859 5067; x_wconf 66' lang='grc' dir='ltr'><strong><em>διαφθείρειν</em></strong></span> 
     </span>
    </p>
   </div>
   <div class='ocr_carea' id='block_1_113' title="bbox 2221 5069 3861 5156">
    <p class='ocr_par' dir='ltr' id='par_1_113' title="bbox 2221 5069 3861 5156">
     <span class='ocr_line' id='line_1_113' title="bbox 2221 5069 3861 5156; baseline 0.007 -30"><span class='ocrx_word' id='word_1_835' title='bbox 2221 5073 2436 5148; x_wconf 74' lang='grc' dir='ltr'><strong><em>ἑτέρους,</em></strong></span> <span class='ocrx_word' id='word_1_836' title='bbox 2496 5069 2625 5148; x_wconf 80' lang='grc' dir='ltr'><strong><em>μηδὲ</em></strong></span> <span class='ocrx_word' id='word_1_837' title='bbox 2679 5075 2744 5137; x_wconf 83' lang='grc' dir='ltr'><strong>εἰς</strong></span> <span class='ocrx_word' id='word_1_838' title='bbox 2792 5075 3121 5150; x_wconf 78' lang='grc' dir='ltr'><strong><em>βλασφημίαν</em></strong></span> <span class='ocrx_word' id='word_1_839' title='bbox 3169 5074 3353 5142; x_wconf 77' lang='grc' dir='ltr'><strong><em>αὖτοὺς</em></strong></span> <span class='ocrx_word' id='word_1_840' title='bbox 3403 5086 3676 5156; x_wconf 84' lang='grc' dir='ltr'><strong><em>προάγειν,</em></strong></span> <span class='ocrx_word' id='word_1_841' title='bbox 3729 5078 3861 5156; x_wconf 49' lang='lat' dir='ltr'><strong>fure”:</strong></span> 
     </span>
    </p>
   </div>
   <div class='ocr_carea' id='block_1_114' title="bbox 2219 5161 3864 5248">
    <p class='ocr_par' dir='ltr' id='par_1_114' title="bbox 2219 5161 3864 5248">
     <span class='ocr_line' id='line_1_114' title="bbox 2219 5161 3864 5248; baseline 0.004 -31"><span class='ocrx_word' id='word_1_842' title='bbox 2219 5161 2300 5218; x_wconf 86' lang='grc' dir='ltr'><strong>ἀεί</strong></span> <span class='ocrx_word' id='word_1_843' title='bbox 2328 5186 2380 5218; x_wconf 91' lang='grc' dir='ltr'><strong>τι</strong></span> <span class='ocrx_word' id='word_1_844' title='bbox 2407 5171 2578 5220; x_wconf 87' lang='grc' dir='ltr'><strong><em>καινὸν</em></strong></span> <span class='ocrx_word' id='word_1_845' title='bbox 2609 5164 2910 5243; x_wconf 74' lang='grc' dir='ltr'><strong><em>ἐξευρίσκειν</em></strong></span> <span class='ocrx_word' id='word_1_846' title='bbox 2942 5172 3074 5224; x_wconf 84' lang='grc' dir='ltr'><strong><em>κατὰ</em></strong></span> <span class='ocrx_word' id='word_1_847' title='bbox 3100 5179 3199 5222; x_wconf 90' lang='grc' dir='ltr'><strong>τῶν</strong></span> <span class='ocrx_word' id='word_1_848' title='bbox 3229 5169 3427 5231; x_wconf 87' lang='grc' dir='ltr'><strong><em>άληθῶν</em></strong></span> <span class='ocrx_word' id='word_1_849' title='bbox 3459 5170 3760 5248; x_wconf 81' lang='grc' dir='ltr'><strong><em>δογμάτων,</em></strong></span> <span class='ocrx_word' id='word_1_850' title='bbox 3789 5171 3864 5226; x_wconf 78' lang='grc' dir='ltr'><strong><em>δι’</em></strong></span> 
     </span>
    </p>
   </div>
   <div class='ocr_carea' id='block_1_115' title="bbox 2221 5257 3946 5337">
    <p class='ocr_par' dir='ltr' id='par_1_115' title="bbox 2221 5257 3946 5337">
     <span class='ocr_line' id='line_1_115' title="bbox 2221 5257 3946 5337; baseline 0.005 -27"><span class='ocrx_word' id='word_1_851' title='bbox 2221 5257 2278 5310; x_wconf 80' lang='grc' dir='ltr'><strong><em>οὗ</em></strong></span> <span class='ocrx_word' id='word_1_852' title='bbox 2328 5257 2482 5312; x_wconf 91' lang='grc' dir='ltr'><strong><em>πάλιν</em></strong></span> <span class='ocrx_word' id='word_1_853' title='bbox 2541 5261 2659 5332; x_wconf 79' lang='grc' dir='ltr'><strong><em>ἡμῖν</em></strong></span> <span class='ocrx_word' id='word_1_854' title='bbox 2717 5261 3032 5336; x_wconf 86' lang='grc' dir='ltr'><strong><em>συνταράξαι</em></strong></span> <span class='ocrx_word' id='word_1_855' title='bbox 3085 5265 3177 5324; x_wconf 81' lang='grc' dir='ltr'><strong>τὰς</strong></span> <span class='ocrx_word' id='word_1_856' title='bbox 3243 5263 3536 5337; x_wconf 81' lang='grc' dir='ltr'><strong><em>ἁγιωτάτας</em></strong></span> <span class='ocrx_word' id='word_1_857' title='bbox 3589 5266 3864 5325; x_wconf 67' lang='grc' dir='ltr'><strong><em>ἐκκλησίας</em></strong></span> <span class='ocrx_word' id='word_1_858' title='bbox 3937 5265 3946 5268; x_wconf 73' lang='grc'><em>’</em></span> 
     </span>
    </p>
   </div>
   <div class='ocr_carea' id='block_1_116' title="bbox 2221 5369 2508 5404">
    <p class='ocr_par' dir='ltr' id='par_1_116' title="bbox 2221 5369 2508 5404">
     <span class='ocr_line' id='line_1_116' title="bbox 2221 5369 2508 5404; baseline 0.003 -1"><span class='ocrx_word' id='word_1_859' title='bbox 2221 5369 2486 5404; x_wconf 85' lang='grc' dir='ltr'><strong><em>σπευσειεν</em></strong></span> <span class='ocrx_word' id='word_1_860' title='bbox 2497 5391 2508 5404; x_wconf 86' lang='grc'><strong>.</strong></span> 
     </span>
    </p>
   </div>
   <div class='ocr_carea' id='block_1_117' title="bbox 2301 5479 3862 5567">
    <p class='ocr_par' dir='ltr' id='par_1_117' title="bbox 2301 5479 3862 5567">
     <span class='ocr_line' id='line_1_117' title="bbox 2301 5479 3862 5567; baseline 0.006 -29"><span class='ocrx_word' id='word_1_861' title='bbox 2301 5479 2376 5540; x_wconf 79' lang='grc' dir='ltr'><strong>Οὗ</strong></span> <span class='ocrx_word' id='word_1_862' title='bbox 2405 5490 2504 5559; x_wconf 70' lang='grc' dir='ltr'><strong><em>μὴν</em></strong></span> <span class='ocrx_word' id='word_1_863' title='bbox 2534 5481 2651 5542; x_wconf 72' lang='grc' dir='ltr'><strong><em>οὐδὲ</em></strong></span> <span class='ocrx_word' id='word_1_864' title='bbox 2695 5491 2884 5564; x_wconf 80' lang='grc' dir='ltr'><strong><em>Πέτρον</em></strong></span> <span class='ocrx_word' id='word_1_865' title='bbox 2911 5491 2998 5543; x_wconf 79' lang='grc' dir='ltr'><strong><em>τὸν</em></strong></span> <span class='ocrx_word' id='word_1_866' title='bbox 3033 5494 3303 5565; x_wconf 86' lang='grc' dir='ltr'><strong><em>Ἀπαμείας</em></strong></span> <span class='ocrx_word' id='word_1_867' title='bbox 3329 5498 3598 5567; x_wconf 81' lang='grc' dir='ltr'><strong><em>γενόμενον</em></strong></span> <span class='ocrx_word' id='word_1_868' title='bbox 3645 5493 3862 5548; x_wconf 71' lang='grc' dir='ltr'><strong><em>ἐπίσκο-</em></strong></span> 
     </span>
    </p>
   </div>
   <div class='ocr_carea' id='block_1_118' title="bbox 2218 5577 3868 5659">
    <p class='ocr_par' dir='ltr' id='par_1_118' title="bbox 2218 5577 3868 5659">
     <span class='ocr_line' id='line_1_118' title="bbox 2218 5577 3868 5659; baseline 0.004 -27"><span class='ocrx_word' id='word_1_869' title='bbox 2218 5599 2338 5646; x_wconf 90' lang='grc' dir='ltr'><strong><em>πον,</em></strong></span> <span class='ocrx_word' id='word_1_870' title='bbox 2373 5584 2458 5632; x_wconf 78' lang='grc' dir='ltr'><strong>καὶ</strong></span> <span class='ocrx_word' id='word_1_871' title='bbox 2498 5577 2608 5652; x_wconf 83' lang='grc' dir='ltr'><strong>ἅμα</strong></span> <span class='ocrx_word' id='word_1_872' title='bbox 2647 5584 2738 5654; x_wconf 74' lang='grc' dir='ltr'><strong><em>μὲν</em></strong></span> <span class='ocrx_word' id='word_1_873' title='bbox 2783 5583 3144 5659; x_wconf 73' lang='grc' dir='ltr'><strong><em>καθῃρημένον,</em></strong></span> <span class='ocrx_word' id='word_1_874' title='bbox 3179 5583 3288 5659; x_wconf 81' lang='grc' dir='ltr'><strong>ἅμα</strong></span> <span class='ocrx_word' id='word_1_875' title='bbox 3325 5581 3382 5638; x_wconf 68' lang='grc' dir='ltr'><strong><em>δὲ</em></strong></span> <span class='ocrx_word' id='word_1_876' title='bbox 3421 5586 3504 5640; x_wconf 72' lang='grc' dir='ltr'><strong>ἐπὶ</strong></span> <span class='ocrx_word' id='word_1_877' title='bbox 3549 5595 3660 5649; x_wconf 75' lang='grc' dir='ltr'><strong><em>τοῖς</em></strong></span> <span class='ocrx_word' id='word_1_878' title='bbox 3685 5581 3868 5644; x_wconf 49' lang='lat' dir='ltr'><strong>circi;</strong></span> 
     </span>
    </p>
   </div>
   <div class='ocr_carea' id='block_1_119' title="bbox 2223 5666 3868 5753">
    <p class='ocr_par' dir='ltr' id='par_1_119' title="bbox 2223 5666 3868 5753">
     <span class='ocr_line' id='line_1_119' title="bbox 2223 5666 3868 5753; baseline 0.007 -30"><span class='ocrx_word' id='word_1_879' title='bbox 2223 5667 2293 5744; x_wconf 70' lang='grc' dir='ltr'><strong>ἐφ’</strong></span> <span class='ocrx_word' id='word_1_880' title='bbox 2325 5666 2395 5732; x_wconf 77' lang='grc' dir='ltr'><strong><em>οἷς</em></strong></span> <span class='ocrx_word' id='word_1_881' title='bbox 2434 5678 2644 5748; x_wconf 76' lang='grc' dir='ltr'><strong><em>Σευῆρος</em></strong></span> <span class='ocrx_word' id='word_1_882' title='bbox 2687 5673 2787 5728; x_wconf 83' lang='grc' dir='ltr'><strong><em>ύπὸ</em></strong></span> <span class='ocrx_word' id='word_1_883' title='bbox 2826 5679 2886 5728; x_wconf 89' lang='grc' dir='ltr'><strong><em>τὸ</em></strong></span> <span class='ocrx_word' id='word_1_884' title='bbox 2928 5675 3184 5751; x_wconf 72' lang='grc' dir='ltr'><strong><em>εἰρημένον</em></strong></span> <span class='ocrx_word' id='word_1_885' title='bbox 3226 5675 3458 5752; x_wconf 77' lang='grc' dir='ltr'><strong><em>ἀνάθεμα</em></strong></span> <span class='ocrx_word' id='word_1_886' title='bbox 3501 5684 3802 5753; x_wconf 73' lang='grc' dir='ltr'><strong><em>γενόμενον,</em></strong></span> <span class='ocrx_word' id='word_1_887' title='bbox 3837 5679 3868 5735; x_wconf 73' lang='grc' dir='ltr'>ἑ</span> 
     </span>
    </p>
   </div>
   <div class='ocr_carea' id='block_1_120' title="bbox 2221 5763 3872 5847">
    <p class='ocr_par' dir='ltr' id='par_1_120' title="bbox 2221 5763 3872 5847">
     <span class='ocr_line' id='line_1_120' title="bbox 2221 5763 3872 5847; baseline 0.005 -31"><span class='ocrx_word' id='word_1_888' title='bbox 2221 5763 2462 5838; x_wconf 87' lang='grc' dir='ltr'><strong><em>βασιλεία</em></strong></span> <span class='ocrx_word' id='word_1_889' title='bbox 2500 5770 2792 5840; x_wconf 86' lang='grc' dir='ltr'><strong><em>προσίεται,</em></strong></span> <span class='ocrx_word' id='word_1_890' title='bbox 2826 5764 2940 5822; x_wconf 80' lang='grc' dir='ltr'><strong><em>ἀλλ’</em></strong></span> <span class='ocrx_word' id='word_1_891' title='bbox 2964 5772 3096 5823; x_wconf 76' lang='grc' dir='ltr'><strong><em>ἔστω</em></strong></span> <span class='ocrx_word' id='word_1_892' title='bbox 3137 5776 3288 5847; x_wconf 86' lang='grc' dir='ltr'><strong><em>κυρία</em></strong></span> <span class='ocrx_word' id='word_1_893' title='bbox 3322 5775 3409 5824; x_wconf 76' lang='grc' dir='ltr'><strong>καί</strong></span> <span class='ocrx_word' id='word_1_894' title='bbox 3455 5775 3524 5826; x_wconf 78' lang='grc' dir='ltr'><strong>τά</strong></span> <span class='ocrx_word' id='word_1_895' title='bbox 3559 5768 3680 5826; x_wconf 80' lang='grc' dir='ltr'><strong><em>κατ’</em></strong></span> <span class='ocrx_word' id='word_1_896' title='bbox 3699 5767 3872 5827; x_wconf 66' lang='grc' dir='ltr'><strong>ὸτοῦ</strong></span> 
     </span>
    </p>
   </div>
   <div class='ocr_carea' id='block_1_121' title="bbox 2222 5857 3868 5944">
    <p class='ocr_par' dir='ltr' id='par_1_121' title="bbox 2222 5857 3868 5944">
     <span class='ocr_line' id='line_1_121' title="bbox 2222 5857 3868 5944; baseline 0.005 -31"><span class='ocrx_word' id='word_1_897' title='bbox 2222 5857 2553 5934; x_wconf 72' lang='grc' dir='ltr'><strong><em>ψηφισθίντα.</em></strong></span> <span class='ocrx_word' id='word_1_898' title='bbox 2591 5867 2690 5917; x_wconf 75' lang='grc' dir='ltr'><strong>Καὶ</strong></span> <span class='ocrx_word' id='word_1_899' title='bbox 2715 5863 2815 5919; x_wconf 87' lang='grc' dir='ltr'><strong><em>ύπὸ</em></strong></span> <span class='ocrx_word' id='word_1_900' title='bbox 2852 5868 2938 5920; x_wconf 77' lang='grc' dir='ltr'><strong><em>τὸν</em></strong></span> <span class='ocrx_word' id='word_1_901' title='bbox 2973 5870 3134 5921; x_wconf 83' lang='grc' dir='ltr'><strong><em>κοινὸν</em></strong></span> <span class='ocrx_word' id='word_1_902' title='bbox 3165 5868 3372 5939; x_wconf 75' lang='grc' dir='ltr'><strong><em>ταχθεὶς</em></strong></span> <span class='ocrx_word' id='word_1_903' title='bbox 3410 5865 3868 5944; x_wconf 68' lang='grc' dir='ltr'><strong><em>άναθεματισειόν,</em></strong></span> 
     </span>
    </p>
   </div>
  </div>
