4056 6184
293 275 393 329 981

1155 273 1517 332 JUSTINIANI
1555 276 1881 332 NOVELLrE
1919 275 2253 333 SELECTJS.
2294 278 2601 337 NOVELLA
2639 284 2793 339 XLII.

3549 292 3654 348 982

293 380 386 438 ὑπ’
426 377 606 452 αὑτὸν,
639 387 792 452 ἓστω,
829 393 916 447 τῆς
943 393 1042 440 τῶν
1073 383 1371 458 ἁγιωτάτων
1413 385 1697 464 ἀρχιερέων
1743 387 1924 464 προελ-

2024 387 2083 438 et
2111 385 2398 442 sententia
2421 389 2909 448 sanctissimorum
2935 393 3289 464 pontiﬁcum,
3318 411 3446 468 quas
3465 395 3653 470 ipsum

294 478 480 540 θούσης
509 473 590 532 ἐπ’
618 472 794 540 αὐτοῖς
823 476 988 552 ψήφου
1033 483 1207 554 κυρίας
1237 473 1593 552 διαμενούσης.
1629 475 1738 537 Οὔκ
1785 479 1926 554 ἄφίσ-

290 589 387 644 μεν
420 567 474 625 δὲ
504 565 618 626 οὐδὲ
659 571 830 644 ἐκείνῳ
860 576 1051 632 ταύτην
1103 572 1254 626 οἰκεῖν
1287 579 1380 633 τήν
1411 572 1664 648 βασιλίδα
1689 575 1862 642 πόλιν,
1895 577 1926 636 ἣ

291 669 387 724 τήν
426 658 584 727 αὗτής
623 661 930 740 περιοικίδα,
963 669 993 724 ἤ
1035 685 1153 718 τινα
1197 674 1297 720 τῶν
1345 673 1682 744 σεμνοτέρων,
1713 665 1827 722 ἀλλ’
1855 670 1924 723 ὧν

292 756 600 816 ἠκολούθησε
631 767 692 832 τῇ
719 757 910 832 πλάνη,
939 762 1130 812 τούτων
1157 761 1408 834 μιμείσθω
1436 765 1522 814 καί
1561 755 1654 823 τήν
1693 759 1922 831 δίαιταν,

237 889 247 906 .
292 847 648 924 ἀπῳκισμένος
693 851 773 906 ὅτι
809 851 1142 928 πορῥωτάτω,
1194 857 1280 906 καί
1330 857 1565 928 κρύπτων
1615 857 1815 924 ἑαυτὸν,
1862 860 1928 920 ὡς

294 949 400 1002 τοῖς
444 960 504 1014 γε
547 945 792 1004 τοιούτοις
835 947 896 997 τὸ
941 945 1258 1020 κρύπτεσθαι
1287 945 1478 1019 μᾶλλον
1525 952 1616 1000 τοῦ
1661 948 1927 1020 φαίνεσθαι

292 1032 731 1108 λυσιτελέστερον.
783 1040 1002 1108 Ἀφανεῖς
1048 1040 1140 1110 μὲν
1179 1039 1279 1113 γὰρ
1319 1041 1459 1099 ὄντες
1507 1040 1714 1102 ἑαυτοὺς
1767 1059 1927 1094 κατα-

293 1124 550 1197 ϐλάψουσι
577 1131 759 1200 μόνους
787 1148 800 1162 ο
837 1124 1221 1202 δημοσιεύοντες
1257 1127 1314 1184 δὲ
1355 1133 1421 1184 τὰ
1461 1132 1650 1186 ἑαυτῶν
1691 1128 1927 1206 δόγματα

291 1218 498 1280 πολλοῖς
534 1227 634 1273 τῶν
663 1216 1002 1296 άφελεστέρων
1031 1219 1257 1297 ἀφορμήν
1299 1219 1535 1284 ἀπολείας
1578 1226 1920 1298 παρέχουσιν,

290 1310 420 1385 ὅπερ
464 1307 578 1364 κατ’
623 1306 810 1366 οὐδένα
852 1314 1084 1386 γίνεσθαι
1130 1318 1340 1389 τρόπον.
1384 1313 1433 1367 ἰν
1482 1323 1544 1388 τῇ
1587 1320 1926 1391 Χριστιανικῇ

293 1408 390 1455 τοῦ
418 1407 548 1456 Θεοῦ
593 1408 804 1476 ποίμνη,
849 1409 934 1457 καί
969 1414 1040 1478 τῷ
1085 1401 1333 1480 όρθοδόξῳ
1376 1406 1480 1480 λαῷ
1527 1403 1722 1463 δίκαιόν
1759 1407 1921 1478 ἰστιν,

293 1488 416 1550 οὔδε
443 1497 588 1572 παρὰ
613 1505 702 1558 τῆς
733 1495 996 1572 βασιλείας
1025 1501 1470 1574 συγχωρούμενον.

379 1648 519 1698 Ἐπεὶ
547 1641 602 1699 δὲ
633 1650 719 1698 καὶ
746 1652 951 1723 Ζωόραν
979 1647 1201 1711 ἠξίωσαν
1230 1649 1353 1710 ὅλως
1379 1649 1480 1705 ὑπὸ
1514 1647 1926 1724 άναθεματισμὸν

291 1737 341 1788 οἰ
391 1735 834 1810 σεϐασμιώτατοι,
881 1743 967 1790 καί
1017 1741 1086 1792 τὰ
1132 1735 1309 1792 δίκαια
1354 1743 1611 1814 κρίναντες
1659 1737 1927 1794 ἐπίσκοποι

285 1831 630 1896 ποιήσασθαι,
664 1833 850 1905 μικράν
882 1850 1000 1884 τινα
1027 1832 1344 1907 παρενθήκην
1383 1839 1483 1884 τῶν
1519 1834 1759 1884 τοιούτῶν
1801 1835 1929 1886 ὄντα

287 1929 480 1987 κακῶν,
521 1921 572 1973 ἰν
611 1923 683 1982 οἷς
709 1923 1014 1994 ήτίμασται,
1050 1929 1110 1977 τὸ
1145 1929 1267 1996 γοῦν
1296 1923 1420 1983 όλως
1456 1931 1637 1994 τυχεῖν
1667 1929 1801 1986 τινὸς
1841 1919 1926 1980 εὖ·

287 2019 598 2089 πορήσαντα
642 2021 858 2089 μνήμης,
892 2019 1024 2070 ἔστω
1067 2021 1153 2068 καί
1181 2021 1380 2090 Ζωόρας
1424 2025 1512 2078 τῆς
1547 2023 1770 2092 πονηρᾶς
1805 2021 1928 2071 ταύ-

285 2127 380 2167 της
407 2103 628 2182 μερίδος,
664 2109 898 2182 Ἀνθίμου
925 2127 1000 2174 τε,
1037 2113 1123 2160 καί
1162 2113 1398 2182 Σευήρου,
1433 2113 1518 2161 καὶ
1546 2113 1740 2183 Πέτρου
1766 2115 1925 2183 φαμὲν

286 2200 580 2272 παρενθήκη
625 2220 700 2260 τις
743 2196 972 2266 εὖτελής,
1025 2205 1110 2253 καὶ
1153 2199 1202 2253 έν
1249 2209 1354 2262 τοῖς
1387 2199 1926 2275 άνατεθεματισμένοις

287 2297 380 2344 καὶ
424 2287 580 2353 αὖτὸς
623 2294 861 2364 τετάχθω
905 2302 994 2356 τῆς
1039 2297 1289 2368 ἱερατικῆς
1329 2289 1492 2349 αὖτὸν
1535 2300 1926 2368 κατενεγκούσης

285 2383 477 2456 ψήφου,
511 2383 570 2442 ἣν
609 2389 787 2460 κυρίαν
831 2388 917 2438 καί
957 2381 1118 2445 αὐτήν
1168 2383 1241 2460 ἔφ’
1265 2389 1442 2448 ἑαυτῆς
1479 2387 1638 2440 οὖσαν
1681 2392 1924 2463 κυριωτέ-

288 2496 386 2550 ραν
416 2479 492 2530 ἔτι
520 2476 710 2549 μᾶλλον
740 2480 771 2536 ή
811 2477 1050 2552 βασιλεία
1077 2487 1234 2545 ποιεῖ,
1269 2485 1356 2533 καὶ
1383 2486 1562 2533 τοῦτον
1591 2479 1926 2544 ἰξελάύνουσα

285 2577 379 2629 τῆς
407 2565 672 2642 βασιλίδος
712 2573 901 2630 ταύτης
927 2570 1136 2634 πόλεως,
1175 2575 1261 2623 καί
1289 2578 1378 2632 τῆς
1411 2565 1567 2632 αὐτῆς
1594 2567 1919 2644 περιοικίδος,

285 2665 378 2712 καὶ
419 2659 502 2712 ἐπὶ
546 2667 638 2720 τήν
667 2671 766 2716 τῶν
809 2662 1001 2716 πόλεων
1044 2664 1240 2720 οἴκησιν
1278 2657 1418 2732 αὐτῷ
1447 2665 1700 2721 παντοίως
1725 2657 1926 2733 ἀπαγο-

286 2757 532 2826 ρεύουσα,
556 2754 690 2808 ὥστε
716 2749 829 2827 μετ’
849 2753 1046 2806 ἐκεινων
1071 2758 1236 2826 μόνων
1267 2753 1417 2807 οἰκεῖν
1446 2772 1522 2818 τε,
1548 2757 1634 2805 καί
1657 2751 1926 2826 βουλεύεσ-

284 2845 377 2897 θαι
404 2853 504 2897 τῶν
546 2846 827 2920 ἔμπροσθεν
865 2848 984 2918 ήμῖν
1028 2845 1320 2919 εἰρημένων,
1355 2843 1506 2916 ὅμοια
1549 2846 1639 2916 μέν
1686 2841 1921 2915 βλασφη-

282 2938 540 3007 μούντων,
575 2935 728 3008 ὅμοια
767 2933 822 2990 δε
859 2941 946 2988 καί
972 2936 1261 3007 παθόντων,
1294 2936 1472 3006 ὁμοίως
1511 2929 1566 2986 δὲ
1594 2937 1680 2986 καί
1723 2952 1922 3008 περιω-

284 3030 558 3100 ρισμένων.
596 3028 656 3081 Εἰ
683 3024 738 3081 δὲ
779 3049 833 3080 τι
862 3032 947 3080 καί
976 3025 1144 3102 ἕτερον
1173 3035 1235 3100 τῇ
1259 3034 1360 3080 τῶν
1389 3025 1689 3098 ἁγιωτάτων
1718 3024 1926 3080 ἐπισκό-

282 3139 398 3172 πων
440 3122 737 3194 περιέχεται
764 3117 911 3192 ψήφῳ
941 3128 1004 3193 τῇ
1040 3124 1154 3180 τους
1181 3122 1574 3193 προειρημένους
1611 3117 1923 3192 καθαιρούσῃ

284 3229 366 3280 τε,
400 3215 488 3263 καί
533 3209 996 3285 άναθεματιζούσῃ,
1041 3215 1210 3286 κύριον
1251 3207 1306 3264 δε
1349 3215 1435 3262 καί
1475 3216 1626 3263 τοῦτο
1663 3211 1916 3282 τιθέμεθα,

281 3305 372 3354 καί
410 3309 514 3362 τοῖς
560 3303 727 3370 θείοις,
765 3307 851 3356 καί
883 3302 1166 3377 βασιλικοῖς
1205 3304 1344 3374 ήμῶν
1382 3295 1512 3355 αὖτὸ
1549 3305 1718 3372 νόμοις
1750 3299 1926 3353 ἐπικυ-

281 3401 493 3467 ροῦμεν,
547 3397 612 3456 ὡς
657 3393 721 3448 ἂν
769 3395 814 3448 εἰ
853 3396 999 3470 παρά
1039 3402 1128 3454 τῆς
1174 3391 1440 3467 βασιλείας
1488 3385 1633 3451 οὖτής
1679 3390 1920 3466 προελθὸν

281 3485 591 3558 ἐτύγχανεν.
623 3487 684 3540 Εἰ
711 3483 766 3540 δὲ
793 3491 881 3539 καί
909 3506 985 3546 τις
1014 3480 1182 3540 αὐτῶν
1211 3482 1356 3557 ἁλοίη
1390 3489 1448 3536 τὸ
1476 3483 1649 3536 λοιπὸν
1679 3486 1919 3558 πράττων

278 3599 336 3632 τι
377 3580 525 3653 παρὰ
570 3580 637 3632 τὰ
681 3575 1120 3652 διατετυπωμὲνα,
1175 3580 1302 3629 ἴστω
1351 3579 1437 3628 καὶ
1482 3583 1585 3635 τοῖς
1635 3573 1920 3648 βασιλικοῖς

277 3674 690 3745 ὑποπεσούμενος
731 3677 920 3746 νόμοις,
955 3668 1003 3725 οἳ
1041 3673 1132 3731 τὰς
1180 3667 1416 3728 ἐλάττους
1454 3676 1553 3720 τῶν
1591 3675 1779 3721 ποινῶν
1827 3665 1919 3719 ἰκ-

279 3765 532 3826 κλίνοντες
552 3809 566 3835 ,
631 3765 696 3826 εἰς
747 3769 946 3838 μείζους
1003 3761 1310 3837 ἐμϐάλλουσι
1365 3763 1456 3821 τὰς
1522 3756 1911 3831 ἀγανακτήσεις.

284 3854 774 3934 ’Δπαγορεύομενδέ
816 3861 902 3910 καί
929 3859 1088 3910 παντί
1117 3863 1188 3926 τῷ
1223 3859 1314 3913 τήν
1352 3851 1618 3910 καθολικὴν
1648 3848 1915 3908 ἐκκλησίαν

277 3955 376 4002 τοῦ
401 3955 532 4004 Θεοῦ
561 3947 789 4022 διασπᾷν
821 3949 1190 4024 ἐπιχειροῦντι,
1225 3949 1324 4000 εἴτε
1353 3947 1486 3997 κατά
1511 3948 1604 4003 τήν
1635 3950 1682 3997 Ν
1687 3948 1916 4018 εστορίου

278 4049 375 4095 τοῦ
415 4042 776 4118 φρενοϐλαϐοῦς
809 4043 1079 4115 ὑφήγησιν,
1115 4043 1214 4092 εἴτε
1262 4040 1396 4091 κατὰ
1440 4042 1530 4096 τήν
1573 4033 1786 4094 ἀνόητον
1817 4029 1918 4090 Εὖ-

279 4142 477 4206 τυχοῦς
515 4131 828 4210 παράδοσιν,
874 4137 971 4186 εἴτε
1013 4133 1145 4185 κατά
1189 4136 1280 4190 τήν
1327 4135 1540 4204 Σευήρου
1585 4127 1913 4203 βλασφημίαν

280 4231 453 4283 ταύτὰ
479 4226 722 4289 κάκείνοις
752 4233 1045 4291 νοήσαντος,
1081 4227 1179 4279 εἴτε
1207 4232 1306 4277 τῶν
1342 4221 1542 4282 ἐκείνοις
1569 4219 1912 4274 ἀκολουθούν-

277 4339 382 4372 των
415 4328 526 4380 ταῖς
553 4319 860 4393 ἁγιωτάταις
893 4316 1208 4377 Ἐκκλησίαις
1243 4316 1481 4390 ταραχὰς
1510 4311 1790 4386 ἐμϐάλλειν,
1826 4317 1912 4364 καί

275 4412 582 4486 φθέγγεσθαί
624 4431 676 4464 τι
715 4415 832 4486 περὶ
877 4414 1096 4471 πίστεως
1129 4429 1140 4440 ·
1179 4405 1309 4460 ἀλλὰ
1352 4408 1650 4478 θεσπίζομεν
1695 4403 1909 4458 ἕκαστον

2023 479 2319 550 praevenit,
2345 481 2886 555 firmapermaneto.
2906 488 3103 559 Neque
3115 505 3246 545 vero
3270 490 3654 561 permittimus

2023 571 2106 627 illi
2137 573 2285 628 hanc
2311 575 2534 646 regiam
2564 577 2768 634 urbem
2793 579 3076 648 habitare,
3110 585 3210 637 aut
3249 582 3428 655 ipsius
3459 584 3650 642 distri-

2025 667 2199 734 ctum,
2228 668 2317 723 vel
2338 668 2590 742 aliquam
2614 671 2684 727 de
2710 672 3064 746 insignibus;
3099 677 3201 731 sed
3225 693 3472 748 quorum
3497 695 3656 736 secu-

2025 761 2116 814 tus
2146 763 2233 816 est
2267 777 2544 833 errorem,
2585 765 2794 822 horum
2839 767 3098 824 imitetur
3128 769 3306 824 victus
3339 771 3649 844 rationem,

2025 869 2196 925 quam
2223 853 2559 927 longissime
2595 858 2908 915 abscedens
2955 865 3014 916 et
3041 862 3332 918 occultans
3358 863 3608 937 seipsum
3635 883 3649 934 ;

2027 963 2164 1002 nam
2175 947 2382 1004 talibus
2399 952 2694 1017 occultari,
2717 969 2896 1026 quam
2918 954 3096 1010 videri
3117 956 3312 1012 utilius
3340 960 3445 1012 est.
3464 959 3654 1030 Ignoti

2027 1041 2242 1096 etenim
2273 1043 2597 1115 existentes,
2626 1063 2686 1102 se
2716 1047 2870 1119 ipsos
2894 1048 3112 1104 laedunt
3142 1051 3324 1106 solos:
3357 1051 3653 1123 publican-

2025 1137 2111 1188 tes
2141 1151 2275 1190 vero
2307 1153 2410 1191 sua
2442 1137 2738 1210 dogmata,
2773 1141 2968 1197 multis
3001 1159 3067 1198 ex
3095 1143 3536 1216 simplicioribus
3557 1161 3649 1202 oc-

2026 1227 2314 1284 casionem
2359 1231 2699 1302 perditionis
2739 1233 3028 1305 praebent;
3075 1237 3231 1308 quod
3279 1239 3436 1294 nullo
3477 1238 3654 1295 modo

2023 1319 2151 1375 ﬁeri
2186 1321 2246 1376 in
2288 1323 2608 1381 Christiano
2657 1327 2788 1382 ovili
2827 1328 2929 1382 Dei
2966 1333 3024 1384 et
3072 1330 3390 1386 orthodoxo
3439 1332 3652 1406 populo

2026 1431 2260 1487 aequum
2291 1421 2394 1488 est,
2429 1435 2620 1490 neque
2648 1420 2718 1475 ab
2751 1420 2994 1492 imperio
3025 1423 3372 1494 permissum
3405 1428 3508 1481 est.

2097 1605 2222 1660 CAP.
2245 1606 2333 1662 III.
2363 1637 2432 1648 ——-
2462 1607 2749 1672 Quoniam
2776 1626 2912 1665 vero
2946 1613 3004 1666 et
3018 1612 3259 1667 Zoaram
3287 1611 3526 1684 dignum
3552 1631 3655 1687 pe-

2026 1695 2179 1752 nitus
2201 1699 2538 1769 judicarunt
2575 1702 2678 1756 sub
2706 1703 3190 1760 anathematismo
3222 1721 3344 1760 esse
3385 1723 3656 1764 reveren-

1946 1770 2003 1843 Β
2027 1790 2265 1859 dissimi,
2309 1799 2366 1848 et
2402 1795 2500 1866 qui
2523 1795 2679 1866 justa
2707 1795 2971 1867 judicant
3001 1797 3250 1870 episcopi
3293 1800 3439 1869 (cum
3485 1817 3660 1873 parva

2029 1884 2293 1956 quasdam
2314 1885 2512 1941 talium
2544 1890 2830 1944 malorum
2852 1890 3212 1961 interpositio
3235 1891 3344 1959 sit),
3380 1896 3438 1947 et
3453 1893 3511 1948 in
3531 1895 3658 1965 qui-

2025 1976 2131 2031 bus
2161 1977 2573 2035 dehonestatus
2595 1985 2698 2052 est,
2724 1983 2920 2037 omnia
2937 1983 3202 2038 videlicet
3224 1985 3658 2056 comprehendo

2029 2087 2094 2124 ex
2117 2071 2402 2127 memoria
2422 2073 2670 2144 quadam
2689 2075 3042 2144 abundanti;
3072 2077 3143 2131 sit
3166 2080 3223 2132 et
3248 2079 3455 2132 Zoaras
3486 2079 3660 2134 inter-

2027 2163 2234 2234 positio
2268 2165 2532 2235 quzedam
2569 2183 2746 2238 parva
2773 2167 2942 2237 hujus
2972 2171 3140 2224 make
3171 2171 3350 2241 partis
3382 2170 3660 2239 (Anthimi

2029 2255 2272 2312 dicimus
2299 2261 2356 2312 et
2381 2258 2577 2314 Severi
2609 2277 2674 2314 ac
2703 2262 2895 2331 Petri),
2925 2268 2982 2316 et
3011 2267 3350 2318 numeretur
3380 2263 3498 2336 ipse
3515 2280 3656 2336 quo-

2029 2367 2139 2421 que
2175 2349 2327 2405 inter
2361 2353 2891 2422 anathematizatos,
2943 2372 3104 2410 sacra
3152 2357 3433 2412 sententia
3473 2357 3658 2429 ipsum

2028 2442 2365 2514 dejiciente:
2391 2461 2564 2516 quam
2585 2447 2813 2501 ﬁrmam
2832 2452 2882 2502 et
2909 2447 3090 2520 ipsam
3113 2465 3182 2504 ex
3213 2449 3397 2521 seipsa
3421 2449 3662 2506 existen-

2027 2539 2164 2603 tem,
2197 2536 2384 2592 adhuc
2403 2537 2718 2594 firmiorem
2746 2540 3053 2612 imperium
3072 2541 3296 2598 reddit:
3327 2546 3386 2597 et
3415 2543 3567 2598 hunc
3587 2542 3658 2599 de

2025 2629 2132 2684 hac
2162 2631 2324 2702 regia
2351 2631 2492 2686 urbe
2525 2637 2582 2686 et
2622 2634 2745 2706 ejus
2785 2633 3046 2690 districtu
3085 2634 3299 2707 abjicit,
3341 2638 3399 2690 et
3437 2617 3658 2691 habita-

2023 2723 2240 2778 tionem
2272 2723 2331 2778 in
2377 2723 2502 2779 aliis
2539 2725 2860 2782 civitatibus
2896 2727 2999 2800 ipsi
3041 2728 3280 2784 omnino
3326 2727 3658 2796 interdicit;

2025 2815 2214 2888 itaque
2242 2833 2370 2872 cum
2399 2817 2507 2872 illis
2535 2819 2669 2874 solis
2689 2820 2912 2875 habitet
2929 2825 2988 2876 et
3005 2822 3290 2876 consultet
3314 2821 3410 2893 qui
3437 2838 3470 2876 a
3492 2821 3659 2877 nobis

2021 2912 2154 2963 ante
2185 2911 2494 2966 memorati
2525 2917 2690 2968 sunt:
2739 2913 2836 2984 qui
2867 2913 3075 2969 similia
3105 2913 3344 2985 quidem
3386 2913 3656 2986 blasphe-

2022 3004 2205 3069 mant,
2237 3001 2447 3058 similia
2471 3021 2605 3060 vero
2633 3005 2949 3076 patiuntur,
2987 3009 3043 3061 et
3063 3006 3398 3061 similiterin
3427 3006 3658 3062 exilium

2025 3094 2348 3151 mittuntur.
2378 3097 2435 3152 Si
2465 3097 2602 3169 quid
2632 3115 2766 3154 vero
2797 3099 2950 3154 aliud
2971 3099 3029 3153 in
3061 3099 3347 3154 sententia
3371 3099 3658 3156 sanctissi-

2023 3204 2250 3243 morum
2309 3190 2709 3263 episcoporum
2767 3192 3114 3261 continetur,
3174 3210 3302 3265 quae
3355 3193 3660 3266 praedictos

2025 3281 2281 3353 deponit,
2313 3287 2371 3338 et
2394 3285 2862 3352 anathematizat,
2891 3286 3000 3341 hoc
3028 3286 3249 3340 ﬁrmius
3274 3285 3569 3341 reddimus
3601 3291 3660 3342 et

2025 3374 2254 3442 diutius,
2284 3393 2351 3430 ac
2375 3377 2769 3448 imperialibus
2795 3379 3000 3432 nostris
3045 3378 3268 3450 legibus
3307 3378 3496 3450 ipsum
3535 3395 3657 3434 cor-

2021 3467 2380 3537 roboramus,
2397 3487 2462 3524 ac
2480 3470 2525 3524 si
2543 3469 2615 3524 ab
2636 3469 2880 3542 imperio
2899 3470 3021 3542 ipso
3043 3471 3417 3542 provenisset.
3443 3471 3502 3526 Si
3519 3489 3654 3528 vero

2023 3559 2226 3631 aliquis
2253 3561 2508 3632 ipsorum
2531 3561 2998 3633 deprehendatur
3013 3563 3086 3618 de
3102 3565 3314 3618 eaetero
3342 3563 3533 3618 facere
3557 3563 3657 3618 ali-

2021 3653 2157 3723 quid
2183 3659 2396 3726 praeter
2414 3655 2742 3723 constituta,
2766 3656 2904 3710 sciet
2919 3673 2978 3710 se
3000 3655 3266 3712 incidisse
3281 3656 3338 3710 in
3371 3657 3529 3729 leges
3545 3656 3652 3712 im‘

2019 3747 2285 3817 periales,
2305 3765 2432 3818 quae
2453 3747 2704 3804 minores
2715 3766 2914 3821 poenas
2927 3750 3300 3818 declinantes,
3317 3751 3388 3806 ad
3405 3751 3655 3822 majores

2017 3839 2798 3914 immittuntindignationcs.
2817 3843 3216 3900 Interdicimus
3239 3847 3433 3900 autem
3455 3847 3514 3899 et
3534 3861 3656 3900 om-

2020 3933 2183 3988 nibus
2202 3935 2537 3990 conantibus
2567 3935 2910 3992 catholicam
2926 3938 3026 3993 Dei
3054 3938 3362 3993 Ecclesiam
3385 3937 3652 3994 divellere

2018 4027 2150 4099 (sive
2192 4027 2509 4084 secundum
2548 4030 2790 4086 Nestorii
2833 4031 3088 4086 haeretici
3127 4031 3470 4100 doctrinam,
3535 4031 3650 4088 sive

2017 4120 2333 4176 secundum
2374 4121 2648 4178 insensati
2695 4124 2963 4196 Eutychis
2996 4124 3388 4191 traditionem,
3421 4124 3536 4179 sive
3567 4142 3653 4180 se-

2015 4213 2266 4268 cundum
2283 4213 2702 4287 blasphemiam
2719 4215 2930 4285 Severi,
2952 4218 3051 4288 qui
3065 4221 3122 4271 et
3137 4216 3342 4271 similia
3359 4215 3472 4271 illis
3489 4217 3650 4271 intel-

2013 4307 2167 4374 lexit,
2195 4312 2292 4362 aut
2313 4325 2509 4362 eorum
2529 4309 2624 4380 qui
2651 4309 2774 4364 illos
2791 4311 3148 4380 sequuntur),
3166 4309 3505 4364 seditionem
3535 4309 3646 4364 im-

2012 4399 2238 4454 mittere
2259 4399 2918 4469 sanctissimisEcclesiis,
2939 4405 2996 4455 et
3015 4402 3170 4474 loqui
3183 4401 3400 4473 aliquid
3417 4402 3486 4456 de
3498 4401 3642 4472 ﬁde;

277 4514 382 4558 τῶν
413 4507 652 4558 τοιούτων
681 4508 773 4564 τήν
811 4505 1040 4574 ἡσυχίαν
1079 4502 1242 4574 ἄγειν,
1277 4505 1362 4552 καί
1388 4493 1515 4572 μηδὲ
1543 4497 1815 4569 συγκαλεῖν
1846 4497 1933 4568 εἰςς

2020 4491 2112 4546 sed
2143 4491 2426 4547 sancimus
2443 4493 2758 4564 quemlibet
2776 4493 2982 4549 talium
3005 4494 3264 4566 quietum
3294 4512 3437 4562 esse,
3455 4497 3644 4550 etnon

278 4600 462 4651 ἑαυτόν
503 4615 664 4663 τινας,
695 4601 822 4668 μήτε
859 4598 1166 4671 προσιόντας
1204 4589 1470 4663 δέχεσθαι,
1504 4591 1534 4648 in
1568 4586 1910 4664 παραϐαπτί-

278 4695 385 4753 ζειν
416 4689 614 4765 θαρρεῖν
650 4709 662 4720 -
697 4689 728 4746 ἢ
752 4693 844 4748 τήν
876 4689 1012 4762 ἱεράν
1049 4689 1312 4739 κοινωνίαν
1339 4685 1624 4760 ῥυπαίνειν,
1660 4685 1746 4734 καί
1773 4686 1911 4735 ταύ-

278 4803 368 4844 της
397 4776 728 4856 μεταδιδόναι
756 4785 915 4846 τισίν,
949 4779 980 4838 ἡ
1009 4780 1100 4840 τὰς
1128 4775 1540 4852 ἀπηγορευμένας
1577 4769 1910 4836 διδασκαλίας

278 4875 596 4947 ὑφηγεῖσθαι,
640 4873 670 4932 ἢ
713 4871 796 4926 ἐπὶ
833 4875 1021 4932 ταύτης
1067 4877 1155 4932 τής
1199 4865 1467 4944 βασιλίδος
1513 4869 1650 4941 ήμῶν
1695 4866 1902 4933 πόλεως,

276 4968 310 5026 ή
342 4961 416 5039 ἐφ’
446 4965 636 5040 ἑτέρας,
673 4960 785 5017 ἀλλ’
805 4963 1087 5039 ύφορασθαι
1115 4965 1286 5017 πάντα
1316 4957 1569 5026 κίνδυνον,
1602 4963 1649 5012 εἴ
1670 4980 1721 5012 τι
1748 4965 1910 5012 τοιοῦ-

277 5079 366 5113 τον
397 5058 661 5134 πράξαιεν.
700 5059 1099 5132 Ἀπαγορεύομεν
1143 5051 1198 5108 δὲ
1241 5058 1325 5106 καί
1361 5059 1494 5108 πᾶσι
1531 5056 1736 5113 τούτους
1769 5051 1907 5106 ύπο-

277 5148 546 5223 δέχεσθαι.
593 5149 910 5203 Ἀπελαύνειν
956 5151 1046 5222 μὲν
1104 5143 1190 5200 οὖν
1244 5147 1534 5220 θεοπίζομεν
1582 5139 1764 5205 αὐτοὺς
1806 5153 1906 5198 τῶν

275 5241 370 5298 ὑπ’
411 5239 580 5298 αὖτών
626 5245 1013 5318 ταραττομένῶν
1055 5239 1267 5304 πόλεων,
1322 5235 1516 5300 εἰδότας
1561 5239 1652 5297 τὰς
1704 5238 1900 5304 ποινάς,

277 5339 372 5397 τὰς
399 5344 511 5397 ταῖς
539 5336 692 5396 θείαις
723 5336 861 5408 ἡμῶν
888 5329 984 5392 ἤδη
1021 5335 1386 5408 περιεχομένας
1409 5327 1441 5384 δ
1445 5330 1721 5396 ιατάξεσιν,
1755 5329 1907 5405 αἴπερ

279 5433 366 5482 κάί
393 5431 482 5490 τὰς
519 5427 676 5488 οἰκίας
713 5421 892 5494 αὖτάς,
927 5425 976 5478 ἐν
1016 5421 1094 5488 αἶς
1125 5429 1353 5479 τοιοῦτόν
1394 5445 1445 5477 τι
1484 5427 1787 5499 πράττεται,
1821 5427 1907 5476 καί

278 5522 346 5574 τὰ
372 5523 547 5596 χωρία
575 5517 624 5582 ἐξ
653 5515 718 5570 ὧν
749 5519 838 5579 τὰς
881 5515 1168 5593 άποτροφάς
1209 5520 1574 5591 χορηγοῦνται,
1605 5521 1715 5574 ταῖς
1737 5513 1905 5586 ἁγιω-

276 5617 458 5673 τάταις
502 5610 848 5671 Ἐκκλλησίαις
894 5615 1266 5686 προσκυροῦσι,
1314 5617 1413 5661 τῶν
1459 5611 1549 5681 μὲν
1594 5609 1904 5680 κεκτημένων

275 5703 662 5781 ἀφαιρούμεναι,
698 5699 832 5757 διότι
876 5701 1066 5779 βλάϐης
1107 5703 1250 5756 αἰτία
1293 5711 1398 5763 τοῖς
1425 5700 1784 5777 ἁπλουστέροις
1811 5707 1906 5775 γί-

277 5819 441 5868 νεται,
475 5799 576 5852 ὑπὸ
611 5793 664 5849 δέ
705 5799 794 5857 τὰς
839 5795 1128 5873 ἁγιωτάτας
1171 5799 1256 5847 καὶ
1295 5791 1583 5872 ὄρθοδόξους
1612 5793 1904 5858 Ἐκκλησίας

2011 4601 2322 4640 convocare
2353 4585 2572 4657 aliquos
2597 4587 2671 4642 ad
2692 4604 2772 4654 se,
2795 4605 2982 4660 neque
3005 4588 3344 4643 accedentes
3364 4588 3642 4660 recipere,

2009 4682 2106 4734 aut
2133 4695 2435 4751 perperam
2467 4679 2757 4752 baptizare
2789 4681 3002 4736 audere
3029 4725 3040 4748 ,
3093 4685 3193 4736 aut
3227 4699 3450 4737 sacram
3483 4699 3640 4737 com-

2009 4773 2347 4828 munionem
2377 4772 2690 4843 sordidare,
2715 4775 2970 4848 etipsam
2997 4775 3280 4848 aliquibus
3301 4775 3528 4830 tradere
3543 4780 3645 4830 aut

2007 4865 2336 4921 interdictas
2348 4866 2637 4922 doctrinas
2655 4885 2937 4940 exponere
2952 4869 3068 4924 sive
3087 4869 3144 4923 in
3158 4869 3265 4924 hac
3281 4871 3471 4923 nostra
3485 4868 3644 4939 regia

2009 4959 2124 5014 sive
2151 4959 2208 5013 in
2241 4959 2354 5015 alia
2388 4959 2642 5028 civitate;
2683 4962 2784 5016 sed
2821 4979 2991 5017 omne
3024 4961 3345 5034 periculum
3383 4961 3644 5017 reformi-

2009 5051 2166 5120 dare,
2198 5052 2244 5108 si
2275 5053 2414 5126 quid
2442 5055 2556 5109 tale
2597 5055 2786 5110 faciat.
2822 5055 3220 5110 Interdicimus
3253 5054 3423 5110 etiam
3451 5055 3638 5110 omni-

2006 5145 2132 5215 bus,
2167 5164 2238 5202 ne
2267 5146 2402 5202 istos
2429 5147 2758 5220 suscipiant.
2787 5148 2971 5219 Abjici
3002 5165 3140 5220 ergo
3173 5149 3325 5220 ipsos
3351 5149 3641 5204 sancimus

2009 5239 2078 5294 de
2123 5240 2440 5296 civitatibus
2483 5241 2554 5296 ab
2605 5241 2738 5312 ipsis
2783 5241 3100 5310 concitatis,
3147 5242 3392 5298 scientes
3441 5259 3639 5314 poenas

1999 5333 2125 5406 jam
2169 5337 2468 5389 contentas
2507 5334 2565 5389 in
2604 5334 2813 5389 nostris
2869 5335 3071 5390 divinis
3111 5336 3634 5401 constitutionibus,

2006 5444 2133 5499 quae
2177 5433 2234 5481 et
2279 5427 2484 5483 domos
2535 5426 2705 5498 ipsas,
2760 5427 2817 5483 in
2859 5429 3067 5501 quibus
3119 5431 3233 5486 tale
3275 5429 3414 5502 quid
3450 5429 3532 5494 fit,
3581 5432 3640 5480 et

2007 5537 2238 5591 campos
2267 5537 2330 5575 ex
2361 5519 2568 5591 quibus
2598 5520 3322 5596 nutrimenta'prmbentur,
3347 5518 3634 5575 sanctissi-

2005 5612 2116 5670 mis
2140 5612 2398 5668 Ecclesiis
2419 5613 2738 5688 assignant,
2758 5619 2814 5672 et
2833 5632 2864 5671 a
2892 5615 3319 5689 possidentibus
3342 5613 3631 5675 auferunt,

2007 5707 2140 5779 quia
2166 5707 2500 5763 detrimenti
2537 5725 2709 5764 causa
2747 5710 2810 5764 ﬁt
2840 5707 3314 5782 simplicioribus;
3347 5705 3634 5760 sanctissi-

2005 5800 2116 5856 mis
2139 5816 2272 5857 vero
2295 5805 2352 5858 et
2372 5803 2702 5860 orthodoxis
2717 5803 2978 5858 Ecclesiis
2997 5801 3119 5855 haec
3133 5801 3289 5872 juste
3306 5798 3632 5872 subjiciunt,
