4056 6184
419 300 520 357 983

1553 290 1805 356 SECULI
1843 297 2034 355 SEXTI
2072 299 2623 359 SUPPLEMENTUM.

3675 309 3768 366 θοι

421 410 551 464 Haec
567 425 672 482 pro
696 405 988 466 communi
1009 423 1148 480 pace
1176 407 1652 464 sanctissimarum
1670 408 2047 464 Ecclesiarum

2159 421 2314 468 ταῦτα
2354 412 2559 476 δικαίως
2587 417 2820 488 ἄγονται.
2867 423 3043 470 Ταῦτα
3083 418 3210 492 ὑπὲρ
3253 425 3341 478 τῆς
3379 428 3544 480 κοινῆς
3587 421 3776 496 εἰρήνης

421 505 741 571 statuimus,
785 505 902 559 haec
946 502 1324 570 decernimus,
1373 505 1679 574 sequentes
1723 506 2050 556 sanctorum

420 599 652 652 Patrum
689 598 979 668 dogmata,
1014 600 1075 650 ut
1111 613 1284 650 omne
1311 596 1699 650 sacerdotium
1748 595 2050 666 impertur~

423 691 623 746 batum
665 691 736 746 de
787 693 994 744 caetero
1045 690 1209 744 nobis
1243 692 1600 760 permaneat.
1649 689 1770 753 Quo
1808 689 1867 742 in
1908 705 2046 760 pace

423 789 665 850 servato,
689 783 910 854 reliqua
963 783 1127 838 nobis
1178 783 1506 837 exuberabit
1537 782 1856 854 respublica
1889 781 2051 835 desu-

422 894 528 948 per
559 893 759 948 pacem
785 877 1007 930 habens
1037 897 1053 931 :
1095 893 1269 948 quam
1312 876 1578 930 omnibus
1615 892 1860 945 magnus
1901 876 2048 928 Deus

423 976 480 1024 et
517 970 774 1024 Salvator
815 974 1008 1024 noster
1037 972 1196 1025 Jesus
1249 969 1501 1024 Christus
1547 969 1838 1023 Trinitatis
1881 985 2046 1034 unus,

419 1061 754 1133 unigenitus
774 1063 870 1116 Dei
899 1063 1068 1117 Filius
1091 1062 1382 1134 praedicat,
1415 1078 1479 1116 ac
1511 1062 1688 1116 donat
1733 1061 1868 1132 [Αι.,
1903 1077 2046 1131 pras-

422 1155 554 1210 beat
573 1173 637 1210 ac
665 1155 856 1226 donet]
887 1157 975 1210 his
1005 1157 1102 1227 qui
1129 1157 1344 1211 sincere
1370 1156 1559 1226 ipsum
1589 1159 1648 1209 et
1671 1172 1802 1209 vere
1837 1153 2046 1226 gloriﬁ-

423 1265 550 1304 care
572 1265 637 1303 ac
669 1250 913 1304 adorare
945 1250 1104 1321 digni
1129 1249 1308 1304 habiti
1341 1253 1490 1303 sunt.

494 1343 792 1398 Custodiat
822 1343 1012 1414 itaque
1041 1343 1333 1398 beatitudo
1365 1347 1483 1410 tua,
1517 1359 1644 1414 quae
1680 1344 1834 1396 recta
1877 1341 2051 1396 adno-

421 1441 542 1492 tata
573 1441 734 1504 sunt;
764 1439 822 1491 et
838 1437 1032 1491 mittat
1055 1436 1178 1507 ipsa
1203 1454 1309 1508 per
1337 1453 1467 1490 suas
1485 1438 1601 1491 Deo
1634 1436 1870 1490 dilectas
1899 1435 2048 1490 litte-

421 1547 513 1585 ras
571 1530 838 1585 omnibus
899 1529 1263 1584 sanctissimis
1316 1529 1696 1602 metropolitis
1757 1529 1860 1582 sub
1929 1528 2051 1600 ipsa

425 1623 828 1678 existentibus:
871 1640 1118 1694 quorum
1154 1623 1386 1678 cuilibet
1410 1640 1544 1677 cura
1573 1622 1680 1677 erit
1711 1622 1832 1693 ipsa
1868 1622 2052 1676 mani-

419 1716 566 1771 festa
595 1718 783 1772 facere
814 1717 1182 1772 sanctissimis
1225 1717 1486 1771 Ecclesiis
1519 1716 1624 1770 sibi
1660 1715 1946 1786 subjectis,
1988 1719 2052 1769 ut

2149 516 2247 559 τῶν
2279 507 2576 580 ἁγιωτάτων
2610 509 2912 568 Ἐκκλησιῶν
2945 510 3326 582 νομοθετοῦμεν,
3360 518 3526 564 ταῦτα
3555 511 3774 586 ψηφιζό-

2147 601 2274 672 μεθα
2305 610 2417 668 τοῖς
2446 611 2545 654 τῶν
2575 602 2732 674 ἁγίων
2777 607 3012 677 Πατέρων
3051 603 3539 672 κατακολουθοῦντες
3571 603 3772 680 δόγμα-

2149 712 2254 762 σιν,
2292 695 2432 762 ὅπως
2459 697 2522 746 ἄν
2552 701 2610 747 τὸ
2656 698 2905 769 ἱερατικὸν
2935 694 3072 748 ἅπαν
3117 693 3384 770 ἀτάραχον
3415 701 3536 770 ἡμιν
3557 707 3649 752 τοῦ
3677 701 3774 753 λοι-

2148 791 2248 836 ποῦ
2281 779 2528 855 διαμένοι.
2569 786 2740 860 Οὖπερ
2771 785 2818 837 ἐν
2863 786 3030 860 εἰρήνῃ
3060 787 3432 858 φυλαττομένου
3461 795 3548 840 καὶ
3577 797 3635 842 τὸ
3678 792 3776 844 )0:-

2147 880 2244 928 πὸν
2275 879 2393 948 ἡμῖν
2425 873 2682 936 εὶοηνήσει
2725 878 3003 950 πολίτευμα
3031 885 3122 936 τὴν
3167 881 3352 932 ἄνωθεν
3391 885 3514 951 ἔχον
3553 884 3770 958 εἰρήνην,

2150 966 2208 1026 ἣν
2237 975 2397 1022 πᾶσιν
2429 971 2453 1021 ὁ
2481 973 2643 1041 μέγας
2673 976 2801 1037 Θεὸς
2832 977 2916 1022 καί
2939 977 3108 1046 Σωτὴρ
3139 975 3276 1044 ἡμῶν
3295 979 3494 1042 Ἰησοῦς
3521 982 3770 1050 Χριστὸς,

2150 1063 2174 1112 ὁ
2203 1070 2295 1127 τῆς
2327 1058 2552 1136 Τριάδος
2583 1065 2674 1129 εἷς,
2709 1065 2734 1116 ὃ
2757 1069 3030 1136 μονογενὴς
3059 1072 3150 1117 τοῦ
3175 1071 3303 1118 Θεοῦ
3325 1071 3509 1138 Λόγος,
3543 1074 3778 1142 κηρύττει

2149 1172 2222 1212 τε,
2259 1159 2344 1206 καί
2368 1163 2582 1229 χορηγεῖ
2609 1164 2720 1221 τοῖς
2748 1161 2973 1228 γνησίως
2995 1153 3172 1223 αὖτὸν,
3208 1163 3293 1210 καὶ
3320 1156 3520 1226 ἀληθῶς
3549 1157 3776 1223 δοξάζειν

2149 1265 2224 1312 τε,
2251 1253 2336 1299 καὶ
2364 1257 2666 1322 προσκυνεῖν
2695 1248 3010 1320 ἠξιωμένοις.

2233 1346 2289 1392 Ἦ
2320 1345 2493 1392 ναίνυν
2525 1345 2590 1398 σὴ
2627 1344 2964 1416 μακαριότης,
2998 1345 3065 1394 τά
3108 1342 3267 1416 ὀρθῶς
3303 1345 3649 1415 παραστάντα
3677 1365 3779 1414 γν-

2149 1433 2395 1499 λαττέτω,
2419 1437 2825 1506 καταπέμπουσα
2850 1441 3017 1486 ταῦτα
3045 1431 3134 1486 δια
3163 1433 3392 1506 θεοφιλῶν
3423 1431 3592 1501 αἶτῆς
3613 1456 3782 1509 γραμ-

2148 1528 2322 1599 μάτων
2351 1532 2484 1579 πᾶσι
2520 1534 2623 1586 τοῖς
2661 1522 2750 1579 ὑπ’
2785 1522 2945 1584 αὖτὴν
2975 1530 3301 1598 τεταγμένοις
3339 1528 3644 1594 ὁσιωτάτοις
3671 1550 3782 1600 μη-

2148 1618 2498 1694 τροπολίταις,
2559 1620 2628 1669 ὧν
2681 1619 2880 1689 ἑκάστῳ
2934 1624 3202 1691 γενήσεται
3263 1624 3466 1692 φροντὶς
3522 1629 3634 1686 τοῖς
3689 1615 3780 1672 ὑπ’

2149 1708 2336 1778 αὖτοὺς
2363 1715 2698 1783 τεταγμέναις
2728 1713 3035 1778 ὁσιωτάταις
3055 1711 3396 1778 Ἐκκλησίαις,
3432 1718 3600 1764 ταῦτα
3632 1722 3782 1770 ποιῆ-

422 1809 718 1864 neminem
749 1827 816 1864 ex
845 1809 1114 1865 omnibus
1139 1809 1359 1864 lateant
1393 1825 1524 1880 quas
1565 1807 1882 1864 sacerdotio
1932 1808 2052 1864 visa

2159 1823 2240 1856 ται
2276 1805 2478 1877 φονερὰ,
2514 1803 2645 1856 ὥστε
2683 1801 2878 1876 μηδένα
2918 1814 3017 1856 τῶν
3059 1809 3264 1858 πάντων
3303 1801 3582 1870 διαλαθεῖν,
3615 1808 3684 1857 τὰ
3725 1825 3780 1858 τι

423 1909 556 1958 sunt
585 1906 645 1958 et
669 1903 740 1958 ab
766 1903 1008 1977 imperio
1028 1903 1386 1958 conﬁrmata.

960 2093 1156 2148 Divina
1179 2092 1521 2162 subscriptio.

2149 1905 2211 1968 τῇ
2239 1893 2598 1970 ἀρχιερωσύνῃ
2637 1891 2878 1963 δόξαντα,
2912 1900 3032 1950 τάτι
3073 1898 3173 1950 ὑπὸ
3213 1905 3308 1965 τῆς
3335 1897 3602 1972 βασιλείας
3633 1917 3781 1951 κεκυ-

2149 1992 2368 2064 ρωμένα.

2710 2089 2768 2139 Ἠ
2805 2084 2912 2138 θεία
2938 2083 3220 2158 ὑπογραφὴ.

346 2278 354 2287 .
501 2226 772 2283 Divinitas
803 2233 856 2283 te
883 2231 1072 2284 servet
1096 2244 1200 2299 per
1227 2229 1440 2282 multos
1467 2243 1667 2294 annos,
1697 2229 1890 2281 sancte
1920 2228 1977 2280 et
2008 2223 2276 2294 religiose
2306 2225 2493 2278 Pater.

495 2318 640 2374 Dato
667 2322 866 2373 octavo
889 2318 1018 2375 ldus
1036 2321 1338 2388 Augustas,
1364 2319 1404 2372 C
1419 2317 1889 2388 onstantinopoli,
1919 2320 2048 2388 post
2065 2315 2420 2370 consulatum
2436 2313 2738 2380 Belissarii,
2760 2313 2864 2368 viri
2878 2314 3175 2368 clarissimi
3187 2315 3364 2384 [anno
3381 2316 3616 2370 Domini
3634 2315 3753 2388 536]
3766 2357 3778 2370 .

974 2511 1064 2566 ΝΟ
1073 2513 1290 2566 VELLA
1326 2512 1502 2568 XLIII.

424 2611 496 2662 De
518 2608 747 2676 ofﬁcinis
770 2607 882 2660 sive
909 2607 1144 2660 tabernis
1166 2605 1772 2675 Constantinopolitanw
1799 2605 1968 2666 urbis,
2002 2609 2054 2659 et

492 2683 553 2732 ut
579 2678 727 2731 mille
754 2682 963 2732 tantum
987 2682 1036 2731 et
1065 2683 1275 2732 centum
1299 2680 1528 2747 ofﬁcina
1553 2681 1906 2731 sacrosancta:
1933 2693 2051 2730 ma-

484 2749 627 2816 joris
655 2749 886 2802 ecclesia:
918 2753 1264 2812 excusentur;
1293 2764 1470 2802 omnes
1503 2749 1744 2817 reliquae,
1773 2748 1849 2801 ad
1869 2763 2051 2816 quem-

493 2835 700 2888 cunque
715 2819 991 2874 dominum
1010 2823 1340 2889 pertineant,
1362 2825 1609 2874 consueta
1627 2819 1822 2873 obeant
1845 2820 2052 2872 munia.

496 2959 560 3010 In
594 2956 829 3010 nomine
859 2955 1080 3012 Domini
1108 2959 1240 3012 Jesu
1266 2956 1471 3012 Christi
1499 2955 1593 3012 Dei
1627 2955 1824 3010 nostri.
1866 2957 2052 3026 Impe-

430 3053 586 3104 rator
605 3049 812 3115 Caesar,
836 3049 1076 3117 Flavius,
1105 3050 1477 3119 Justinianus,
1499 3049 1920 3115 Alemannicus,
1953 3049 2058 3103 Go-

2151 2487 2294 2542 cinae
2327 2486 2696 2556 tabernaeque
2720 2486 2984 2553 existant,
3019 2502 3133 2540 non
3165 2486 3334 2540 hasce
3363 2487 3514 2541 solas
3550 2487 3783 2560 (nempe

2149 2583 2381 2634 centum
2414 2583 2470 2634 et
2499 2579 2673 2651 mille)
2704 2579 2961 2634 officinas
2991 2579 3275 2650 praedictis
3302 2580 3546 2650 publicis
3573 2583 3786 2636 muniis

2153 2673 2432 2728 obeundis
2463 2677 2751 2744 exemptas
2777 2690 2918 2739 esse,
2935 2673 3038 2727 sed
3069 2674 3244 2727 etiam
3265 2675 3472 2728 multas
3487 2692 3783 2730 sacrosan-

2151 2771 2268 2822 ctas
2299 2767 2580 2834 ecclesias,
2608 2768 2789 2821 multa
2810 2783 2970 2821 sacra
2995 2767 3314 2837 hospitalia,
3335 2770 3712 2835 monasteria,
3731 2773 3790 2824 et

2155 2861 2293 2916 alias
2321 2877 2506 2916 sacras
2529 2861 2702 2928 aedes,
2733 2877 2979 2932 quarum
3001 2862 3292 2932 pleraeque
3319 2862 3479 2932 prius
3505 2862 3788 2917 haereticis

2153 2954 2518 3025 mancipatus,
2551 2954 2758 3008 deinde
2784 2954 2857 3008 ad
2901 2955 3280 3008 orthodoxam
3327 2955 3505 3010 fidem
3544 2973 3788 3010 reversa:

2156 3051 2307 3116 sunt,
2339 3049 2543 3102 multas
2563 3065 2789 3118 quoque
2808 3049 2998 3120 regias
3015 3049 3238 3118 domus,
3259 3049 3570 3120 etinsuper
3605 3051 3787 3120 magi-

427 3142 630 3210 thicus,
687 3141 1007 3210 Francicus,
1043 3142 1432 3210 Germanicus,
1483 3143 1732 3210 Lazicus,
1775 3141 2054 3210 Alanicus,
2079 3183 2132 3256 Ο
2158 3145 2458 3212 stratuum,
2477 3159 2540 3196 ac
2565 3145 2917 3205 senatorum,
2935 3141 3329 3209 etillustrium,
3347 3146 3405 3196 et
3416 3143 3795 3197 cubiculario-

428 3235 768 3256 ‘7-_J_'IS____
836 3235 1114 3256 Al‘_!-____x
1165 3235 1288 3256 _2___
1340 3235 1473 3256 D-lf_
1533 3236 1802 3256 kl__f-____
1860 3235 2034 3256 _-2-l___
2160 3253 2278 3256 an..-
2309 3252 2328 3256 Α
2359 3235 2711 3256 --μ-ι-ιΞ---
2739 3235 3087 3256 ---Αιξμ-12μ..-
3128 3236 3284 3256 --Ξ,.-Ξ
3335 3236 3536 3256 1-...4η..-
3561 3254 3653 3256 "Nx
3707 3239 3751 3256 ιη

428 3235 796 3303 Vandalicus;
822 3235 1138 3302 Africanus,
1165 3235 1311 3307 pius,
1340 3235 1494 3304 felix,
1525 3236 1825 3308 gloriosus,
1859 3235 2054 3304 victor,

430 3329 832 3401 triumphator,
885 3346 1184 3401 nunquam
1233 3346 1348 3384 non
1405 3331 1677 3386 colendus
1751 3333 2053 3402 Augustus,

431 3423 692 3496 Longino
719 3423 992 3494 praefecto
1014 3422 1158 3478 urbi.

501 3517 786 3583 Quoniam
809 3517 1081 3588 potentia:
1105 3519 1336 3586 nostra},
1373 3515 1588 3572 subditi
1617 3516 1818 3585 nostri,
1842 3517 1958 3572 sive
1982 3516 2060 3572 vi-

430 3614 580 3680 vant,
611 3611 724 3666 sive
757 3611 1102 3678 moriantur,
1125 3627 1273 3665 cura:
1301 3613 1452 3680 sunt,
1487 3628 1558 3665 ne
1580 3611 1666 3664 vel
1699 3627 1898 3682 graves
1925 3610 2060 3682 ipsis

428 3705 754 3776 sepulturas,
786 3705 874 3758 vel
901 3703 1154 3768 defuncti
1181 3704 1441 3777 cognatis
1470 3705 1764 3760 damnosas
1795 3703 2056 3772 existant,

428 3802 739 3870 propterea
785 3802 843 3851 et
875 3797 994 3852 haec
1037 3815 1166 3868 quae
1197 3814 1395 3853 eorum
1444 3797 1800 3868 sepulturam
1835 3813 2062 3852 concer-

433 3894 596 3957 nunt,
615 3907 728 3961 quo
759 3891 1024 3945 convenit
1037 3892 1233 3958 modo,
1257 3891 1663 3962 disposuimus.
1693 3893 1761 3944 Et
1792 3891 1927 3962 quia
1941 3894 2059 3946 tam

434 3983 578 4037 divae
613 3983 912 4038 memoriae
939 3984 1345 4039 Constantinus
1383 3985 1588 4056 amplae
1643 3985 1811 4055 hujus
1850 3987 2061 4040 nostra:

433 4075 587 4131 urbis
630 4075 894 4131 conditor
934 4093 1107 4148 quam
1153 4077 1329 4132 etiam
1364 4077 1750 4148 pientissimus
1800 4077 2062 4150 princeps

433 4169 753 4226 Anastasius
783 4171 1196 4226 lecticariorum
1226 4187 1322 4225 seu
1357 4170 1704 4225 decanorum
1734 4171 1814 4240 (ut
1843 4172 2060 4242 vocant)

432 4280 736 4319 numerum
777 4264 848 4319 ad
891 4267 1101 4320 certam
1151 4281 1478 4320 mensuram
1507 4264 1870 4336 redegerunt,
1905 4264 2062 4319 mille

434 4363 490 4414 et
510 4362 739 4413 centum
761 4359 1157 4413 tantummodo
1184 4357 1415 4414 decanis
1442 4357 1797 4430 totidemque
1826 4357 2064 4412 ofﬁcinis

435 4451 701 4521 deﬁnitis,
736 4456 796 4506 ut
815 4453 972 4507 nullo
993 4453 1081 4507 hae
1107 4469 1368 4525 unquam
1399 4455 1659 4524 tempore
1687 4457 2065 4523 augmentum

2158 3253 2288 3290 rum
2305 3252 2338 3290 a
2359 3235 2717 3307 praestatione
2739 3235 3095 3306 vestigalium
3119 3236 3309 3302 eximi,
3334 3236 3663 3308 harumque
3692 3239 3788 3292 do-

2159 3330 2349 3384 minos
2377 3329 2720 3401 peculiarem
2771 3329 2875 3383 sibi
2903 3329 3108 3384 exinde
3150 3329 3400 3384 reditum
3433 3347 3789 3402 comparare,

2160 3427 2215 3478 et
2228 3423 2508 3478 oblaedere
2524 3439 2648 3477 rem
2659 3423 3402 3494 publicam,exemptionum
3418 3424 3788 3478 multitudine

2160 3534 2285 3572 rem
2307 3517 2492 3588 ipsam
2510 3516 2764 3588 angustis
2777 3516 2985 3571 admod
2995 3507 3089 3570 um
3107 3516 3364 3570 terminis
3386 3517 3791 3586 concludente,

2163 3615 2222 3664 ut
2249 3610 2576 3682 paucissimi
2608 3609 2870 3677 existant,
2899 3610 2996 3681 qui
3018 3609 3243 3682 publica
3267 3615 3589 3681 agnoscant
3619 3617 3678 3666 et
3707 3629 3796 3666 su-

2160 3704 2412 3760 stineant
2435 3703 2652 3770 munia,
2677 3707 2734 3758 et
2762 3703 2983 3774 priores
3009 3691 3458 3758 contributiones
3483 3705 3795 3776 aliquoties

2161 3798 2220 3852 in
2251 3797 2420 3869 triplo
2455 3803 2512 3852 et
2541 3797 2883 3868 quadruplo,
2913 3797 3022 3852 hoc
3048 3803 3307 3868 tempore
3332 3798 3512 3852 etiam
3546 3797 3792 3868 decuplo

2163 3892 2410 3962 majores
2439 3891 2600 3945 factae
2622 3891 2766 3946 sint:
2804 3907 3135 3962 quanquam
3163 3891 3321 3944 divus
3350 3891 3617 3963 princeps
3643 3897 3792 3948 Ana-

2163 3985 2363 4040 stasius
2393 3984 2452 4038 in
2486 3987 2697 4038 statuta
2729 3984 2798 4061 ab
2821 3984 2940 4056 ipso
2973 3985 3221 4039 formula
3252 3985 3394 4038 nulli
3419 3986 3662 4040 omnino
3697 3987 3792 4040 alii

2162 4078 2592 4134 immunitatem
2614 4079 2908 4144 concedat,
2940 4081 3146 4149 praeter
3175 4081 3408 4132 centum
3439 4083 3496 4132 et
3519 4079 3676 4134 mille
3707 4081 3794 4134 of-

2163 4172 2378 4240 ﬁcinas,
2408 4189 2536 4243 quas
2572 4188 2676 4243 per
2711 4188 2942 4226 causam
2988 4172 3387 4242 exsequiarum
3424 4179 3798 4228 sacrosanctae

2163 4265 2372 4336 majori
2401 4265 2652 4320 ecclesias
2684 4264 2968 4319 attributas
3009 4268 3161 4320 sunt.
3197 4265 3276 4320 Ea
3317 4271 3557 4336 propter
3594 4271 3654 4320 et
3695 4285 3799 4321 nos

2165 4359 2512 4432 putavimus,
2537 4362 2659 4412 tum
2685 4359 3016 4430 proceribus
3032 4357 3238 4413 nostris
3259 4364 3316 4412 et
3339 4358 3575 4430 insuper
3585 4359 3798 4414 beatis-

2165 4455 2312 4508 simo
2335 4453 2503 4524 hujus
2514 4453 2681 4508 almae
2699 4451 2852 4506 urbis
2870 4453 3296 4524 archiepiscopo
3324 4452 3384 4506 id
3409 4453 3632 4524 negotii
3659 4454 3796 4508 dan-

435 4545 788 4618 reciperent;
836 4550 1141 4618 propterea
1187 4563 1320 4601 sane
1371 4546 1667 4618 cupientes
1703 4548 1764 4600 ut
1798 4562 2068 4600 numerus
2087 4553 2146 4624 D
2169 4547 2328 4614 dum,
2354 4551 2417 4602 ut
2434 4550 2588 4602 certo
2614 4547 2738 4601 loco
2757 4545 3133 4601 convenirent
3159 4549 3216 4600 et
3241 4562 3364 4600 rem
3384 4545 3571 4617 ipsam
3586 4547 3798 4602 exami-

435 4655 634 4694 eorum
674 4655 816 4710 quos
857 4657 927 4694 ex
972 4657 1318 4713 unoquoque
1359 4639 1596 4711 collegio
1635 4639 1900 4695 convenit
1942 4655 2064 4694 esse

434 4731 770 4800 lecticarios,
806 4732 948 4786 diva:
975 4734 1270 4788 memoriae
1289 4733 1563 4788 Anastasii
1591 4733 1851 4788 formulas
1879 4732 2062 4804 subja-

435 4831 578 4895 ceat,
602 4825 768 4880 ﬁrma
799 4843 869 4881 ea
897 4831 956 4880 et
974 4827 1085 4882 fixa
1113 4843 1348 4882 manere
1373 4827 1675 4882 voluimus.

505 4925 786 4981 Caeterum
812 4925 948 4998 quia
968 4926 1247 4981 adeuntes
1281 4942 1384 4980 nos
1415 4926 1583 4981 alma:
1611 4925 1780 4997 hujus
1809 4930 1866 4980 et
1893 4925 2066 4998 regiae

438 5023 645 5074 nostra:
678 5019 833 5074 urbis
869 5019 1174 5090 collegiati,
1218 5035 1463 5092 quorum
1495 5021 1837 5074 excellenter
1865 5023 1921 5074 et
1948 5037 2065 5090 prae

437 5112 656 5167 caeteris
683 5129 878 5167 curam
897 5113 1166 5184 gerimus,
1195 5113 1515 5184 potentiam
1545 5115 1800 5168 nostram
1827 5113 2067 5168 edocue-

438 5209 591 5273 runt,
627 5222 897 5278 magnam
921 5210 978 5261 et
1009 5207 1428 5263 intolerandam
1449 5224 1508 5261 se
1540 5206 1942 5262 necessitatem
1971 5223 2064 5261 su-

439 5298 669 5355 stinere.
717 5299 1144 5356 Sacrosanctam
1186 5300 1403 5357 etenim
1437 5300 1718 5373 majorem
1768 5300 2066 5356 ecclesiam

436 5395 668 5447 centum
697 5397 754 5448 et
783 5395 937 5450 mille
968 5395 1225 5452 ofﬁcinas
1250 5395 1310 5450 in
1340 5395 1528 5452 fructu
1555 5395 1771 5452 habere
1800 5395 1872 5449 ab
1909 5394 2066 5450 omni

434 5485 694 5559 vectigali
751 5487 979 5556 liberas,
1025 5506 1166 5560 quas
1221 5490 1432 5562 oppido
1481 5507 1654 5564 quam
1699 5489 1946 5544 libenter
1981 5488 2066 5543 illi

435 5580 772 5651 concedant,
823 5598 889 5636 eo
931 5583 1088 5654 quod
1131 5583 1205 5638 ad
1247 5585 1604 5656 peragendas
1649 5583 1709 5638 in
1758 5599 2064 5638 commune

437 5673 701 5729 omnium
719 5675 1022 5730 hominum
1041 5677 1342 5748 exsequias
1368 5677 1704 5748 proﬁciant;
1729 5676 1826 5732 sed
1857 5656 2067 5732 caetera

435 5779 492 5815 se
522 5780 700 5821 onera
718 5767 870 5823 ferre
900 5785 1014 5824 non
1029 5785 1217 5841 posse.
1241 5770 1386 5825 Nam
1407 5784 1537 5822 cum
1556 5768 1820 5839 plurimae
1837 5769 1896 5826 in
1913 5771 2065 5827 alma

434 5851 540 5905 hac
561 5857 700 5910 urbe
722 5857 1079 5918 diversarum
1090 5861 1371 5916 mercium
1391 5863 1450 5916 et
1468 5861 1929 5932 negotiationum
1943 5864 2063 5920 offi-

2167 4644 2394 4708 uarent,
2426 4645 2598 4712 atque
2631 4639 2836 4712 placita
2865 4640 2938 4694 ad
2971 4656 3076 4694 nos
3103 4657 3200 4694 sua
3233 4639 3545 4709 referrent,
3572 4644 3696 4695 tum
3727 4641 3800 4694 ad

2169 4734 2557 4790 excellentiam
2589 4739 2749 4788 tuam
2796 4734 3063 4805 przesenti
3111 4733 3392 4788 utendum
3423 4734 3573 4805 lege,
3602 4736 3804 4790 contir-

2167 4833 2394 4883 mantes
2413 4845 2479 4882 ea
2505 4843 2630 4899 quae
2651 4827 2948 4881 Anastasio
2978 4826 3336 4898 picntissimo
3353 4826 3413 4880 in
3435 4828 3542 4882 hoc
3558 4827 3800 4900 principi

2167 4923 2522 4994 placuerunt.
2553 4923 2619 4975 Et
2647 4920 2930 4975 sancimus
2959 4925 3022 4974 ut
3047 4925 3277 4975 centum
3302 4919 3542 4992 quidem
3587 4921 3698 4975 illm
3739 4925 3798 4974 et

2167 5017 2319 5071 mille
2351 5014 2594 5069 officinae
2613 5017 2984 5071 sacrosanctae
3007 5013 3206 5084 majori
3231 5014 3486 5068 ecclesim
3503 5016 3790 5069 occasione

2167 5110 2520 5164 decanorum
2535 5107 2650 5162 sive
2666 5106 3104 5174 lecticariorum,
3137 5111 3193 5160 et
3218 5105 3293 5160 ad
3323 5107 3681 5178 peragendas
3703 5106 3798 5159 de-

2165 5205 2492 5259 functorum
2513 5201 2810 5272 exsequias
2823 5199 3130 5272 deputataz,
3156 5200 3423 5254 omnibus
3443 5201 3630 5255 modis
3651 5201 3792 5254 inle-

2167 5314 2271 5369 gro
2299 5312 2543 5352 numero
2575 5297 2632 5348 et
2662 5293 2818 5348 omni
2846 5292 3212 5365 praestatione
3239 5292 3434 5348 liberas
3463 5309 3796 5348 conserven-

2167 5396 2260 5446 tur
2288 5409 2299 5446 :
2333 5392 2542 5463 praeter
2571 5387 2752 5459 ipsam
2782 5387 2940 5442 nulla
2967 5386 3079 5442 alia
3093 5391 3342 5459 queunte
3371 5387 3660 5442 decanum
3687 5385 3798 5440 exi-

2167 5501 2324 5558 gere,
2357 5483 2470 5539 sivc
2497 5499 2566 5537 ex
2588 5481 2866 5536 haereticis
2901 5485 3150 5553 recepta,
3179 5480 3294 5535 sive
3328 5497 3673 5552 quacunque
3713 5495 3798 5533 sa-

2165 5583 2462 5635 crosancta
2488 5575 2744 5632 ecclesia.
2769 5575 2882 5631 Sed
2908 5575 3064 5648 quod
3077 5591 3263 5646 nuper
3281 5575 3688 5630 constituimus
3705 5591 3798 5627 va-

2165 5675 2298 5740 leat,
2319 5677 2376 5727 et
2394 5669 2698 5743 octoginta:
2719 5669 2955 5742 quidem
2972 5669 3213 5725 ofﬁcina:
3235 5685 3482 5740 corpora
3500 5671 3792 5740 praestent,

2162 5768 2433 5823 trecenta;
2450 5770 2642 5820 autem
2662 5763 2721 5819 in
2741 5763 3036 5820 exactione
3055 5762 3432 5836 pecuniarum
3461 5763 3795 5818 consistant.

2163 5862 2306 5917 Nam
2321 5859 2478 5932 quod
2503 5857 2704 5916 exinde
2723 5856 3062 5924 corraditur,
3091 5855 3164 5912 ad
3191 5855 3330 5929 quid
3349 5855 3630 5928 proﬁcere
3657 5871 3795 5911 con-
