4076 6186
236 297 345 353 985

1094 298 1462 360 JUSTINIANI
1499 303 1826 359 NOVELLKE
1864 304 2198 360 SELECTA-I.
2239 306 2548 362 NOVELLA
2585 306 2736 362 XLV.

3515 311 3617 370 986

232 405 451 474 veniat,
474 422 630 462 sacra
644 405 767 478 jam
782 411 974 464 nostra
1001 411 1349 481 pragmatica
1372 412 1560 466 forma
1581 412 1873 484 disposuit.
1899 425 1957 497 Α
1978 414 2256 484 bibentes,
2287 432 2506 470 sacram
2531 416 2677 470 hanc
2703 415 3112 488 pragmaticam
3139 417 3386 475 formam
3414 437 3617 492 propo-

233 501 586 572 Semperque
619 503 767 574 quod
806 502 1105 558 intercedit
1146 509 1511 560 restanretur.
1546 509 1616 560 At
1642 523 1752 577 qua
1784 523 1876 560 ra-

233 594 393 649 tione
424 595 547 649 ﬁeri
574 595 776 650 debeat
805 597 1153 664 restauratio,
1181 598 1314 652 satis
1341 615 1443 669 per
1471 600 1749 654 Anastasii
1771 601 1878 670 pina

231 689 540 742 memoria:-
562 689 846 759 jussiones
869 706 1204 762 expressum
1233 694 1338 746 est.
1361 693 1457 746 Has
1489 693 1664 764 igitur
1685 698 1746 749 ut
1773 693 1876 748 im-

232 798 442 836 munes
466 783 614 837 etab
642 783 796 837 omni
825 784 1087 853 vectigali
1117 791 1386 840 maneant
1412 790 1712 856 exemptae,
1743 804 1872 842 san-

229 875 436 945 cimus,
463 892 646 947 neque
673 877 761 930 his
787 877 919 948 ipsis
945 878 1200 948 ofﬁcinis,
1232 895 1415 950 neque
1441 880 1736 952 vectigalia
1763 881 1873 935 im-

229 969 561 1039 parantibus
591 969 840 1040 collegiis
886 988 1014 1042 quae
1065 973 1196 1026 istas
1236 973 1515 1044 prmbent,
1561 973 1874 1045 quidquam

230 1063 430 1118 damni
461 1062 867 1118 sustinentibus
905 1070 1003 1120 aut
1029 1066 1169 1119 ullos
1195 1065 1387 1120 titulos
1417 1067 1870 1138 agnoscentibus.

230 1155 464 1210 Ca-terae
489 1173 618 1210 vero
645 1174 841 1213 omnes
861 1159 1030 1229 hujus
1059 1159 1221 1213 almae
1250 1160 1404 1213 urbis
1443 1161 1872 1231 quatuordecim

231 1251 535 1319 regionum
562 1250 820 1320 ofﬁcinae,
854 1252 968 1307 sive
999 1257 1367 1308 sacrosanctm
1388 1253 1625 1325 alicujus
1649 1253 1762 1308 sint
1787 1269 1873 1308 ec-

229 1344 437 1411 clesia»,
479 1345 594 1398 sive
633 1345 1022 1416 hospitalium,
1065 1345 1176 1401 sive
1216 1347 1722 1414 monasteriorum,
1755 1347 1868 1400 sive

227 1437 872 1508 orphanotrophiornm,
911 1439 1025 1493 sive
1067 1439 1443 1510 ptochiorum,
1485 1441 1599 1500 sive
1637 1439 1869 1495 alterius

226 1530 617 1601 cujuscunque
646 1531 882 1586 dominii
907 1574 920 1600 ,
951 1532 1064 1587 sive
1105 1533 1392 1603 regiarum
1432 1533 1723 1601 domuum,
1753 1533 1868 1587 sive

223 1623 550 1694 aliquorum
593 1624 1046 1695 magistratuum,
1080 1627 1288 1697 ampla,
1337 1627 1539 1694 media,
1584 1626 1869 1680 minutave

225 1713 414 1768 ofﬁcia
440 1713 954 1770 administrantium
978 1759 991 1782 ,
1019 1716 1131 1770 sive
1157 1716 1687 1787 gloriosissimorum
1714 1732 1869 1770 sena-

1979 508 2187 575 nimus,
2219 509 2537 563 amissionis
2580 526 2806 582 poenam
2837 511 3098 566 similiter
3125 514 3388 568 omnibus
3419 516 3615 572 ordine

1978 601 2213 656 subditis
2241 603 2700 668 interminantes,
2737 603 2782 658 si
2820 620 2890 658 ex
2921 621 3152 676 quoquo
3179 608 3415 678 collegio
3442 607 3617 680 impe-

1979 695 2212 749 ritantes
2251 696 2409 750 solita
2435 697 2528 750 illa
2567 701 2622 750 et
2653 697 2722 752 ab
2747 697 2911 752 initio
2940 702 3146 753 statuta
3175 701 3468 770 vectigalia
3493 719 3618 774 per—

1977 788 2164 859 cipere
2191 789 2607 859 prohibuerint,
2636 795 2736 844 aut
2761 791 3054 862 vectigalia
3087 797 3364 847 conentur
3392 794 3452 849 in
3472 813 3610 866 pen-

1975 882 2160 936 siones
2184 882 2428 953 privatas
2439 889 2796 952 convertere;
2812 885 2910 939 sed
2927 885 3167 957 quisque
3182 903 3285 957 pro
3304 904 3360 942 se
3379 889 3614 960 quidem

1975 972 2311 1046 pensiomﬁn
2331 975 2580 1031 illatione
2593 977 2921 1047 perfruitor,
2937 978 3188 1032 ofﬁcinas
3204 984 3394 1035 autem
3411 999 3510 1036 seu
3531 989 3612 1038 ta-

1971 1063 2177 1118 bernas
2213 1064 2377 1119 solito
2403 1071 2740 1136 receptoque
2765 1083 2925 1121 more
2963 1068 3410 1124 contributiones
3437 1087 3608 1141 agno-

1973 1172 2126 1212 scere
2168 1159 2480 1213 concedito.
2527 1159 3018 1223 Quemadmodum
3055 1161 3209 1216 enim
3240 1163 3480 1234 quisque
3507 1182 3610 1236 pro

1971 1265 2028 1304 se
2047 1249 2217 1304 rebus
2242 1250 2356 1304 suis
2381 1252 2668 1322 prospicit,
2703 1252 2782 1308 ita
2800 1257 2856 1308 et
2875 1269 2990 1308 non
3009 1271 3238 1310 necesse
3260 1260 3344 1310 est
3373 1257 3424 1310 ei
3453 1257 3612 1328 quod

1969 1343 2177 1414 amplas
2208 1348 2264 1398 et
2284 1343 2456 1415 regiae
2485 1345 2616 1400 huic
2645 1346 2773 1400 urbi
2800 1348 3035 1418 expedit
3065 1353 3122 1403 et
3149 1349 3368 1405 confert
3383 1351 3610 1406 nutanti

1969 1437 2389 1508 quodammodo
2410 1443 2466 1492 et
2473 1438 2597 1508 jam
2619 1440 2844 1510 lapsuro
2860 1457 3060 1494 manus
3081 1443 3392 1513 porrigere.
3415 1445 3609 1516 Neque

1970 1529 2122 1584 enim
2148 1530 2312 1585 aliter
2343 1547 2468 1601 quae
2497 1531 2720 1602 publice
2749 1533 3058 1602 expediunt
3085 1551 3420 1605 progressus
3447 1537 3604 1591 habi-

1968 1627 2098 1677 tura
2125 1623 2254 1678 sint.
2280 1625 2454 1678 Nemo
2474 1624 2663 1696 itaque
2693 1641 2763 1680 ex
2783 1627 2872 1680 his
2893 1627 2993 1698 qui
3023 1628 3120 1682 tali
3139 1628 3412 1684 hactenus
3435 1646 3605 1684 onere

1967 1715 2206 1786 liberati,
2235 1717 2444 1788 quique
2477 1718 2587 1772 huc
2613 1735 2793 1790 usque
2833 1719 2890 1774 id
2914 1719 3062 1775 ferre
3093 1721 3268 1776 coacti
3294 1728 3444 1777 sunt.
3469 1723 3605 1786 Quae

219 1819 438 1883 torum,
485 1815 602 1868 sive
653 1814 1349 1886 magniﬁcentissimornm
1392 1815 1717 1888 illustrium,
1747 1795 1938 1868 siveB
1962 1809 2138 1880 igitur
2167 1809 2328 1864 nobis
2364 1811 2737 1882 placuerunt,
2777 1818 2833 1867 et
2882 1829 3037 1867 sacra
3065 1813 3170 1868 hac
3202 1815 3605 1884 exprimuntur

220 1907 616 1979 spectabilinm
644 1907 1135 1986 cubiculariorum,
1159 1907 1272 1962 sive
1297 1909 1619 1979 aliquorum
1647 1907 1861 1962 militiis

218 2001 666 2072 adseriptorurn;
695 2002 804 2072 hie,
834 2002 1086 2072 inquam,
1120 2018 1318 2056 omnes
1346 2001 1565 2072 publica
1590 2001 1722 2072 ipsis
1748 2001 1856 2055 im-

218 2095 412 2167 posita
436 2099 706 2166 praestent
730 2095 1038 2165 vectigalia,
1061 2099 1117 2150 et
1145 2095 1334 2149 omnia
1357 2095 1466 2149 alia
1492 2101 1610 2149 tum
1633 2095 1856 2164 faciant,

215 2194 344 2244 tum
377 2189 670 2259 impleant,
695 2188 1180 2260 quemadmodum
1219 2205 1503 2260 quemque
1529 2189 1588 2242 in
1613 2205 1715 2242 suo
1741 2189 1856 2242 col-

214 2283 372 2353 legio
391 2282 577 2336 facere
599 2298 825 2353 aequum
847 2287 949 2348 est,
982 2282 1214 2336 nemine
1237 2284 1484 2352 queunte
1515 2299 1580 2336 ea
1605 2282 1674 2336 de
1696 2299 1859 2336 causa

215 2376 388 2430 inniti
414 2375 742 2447 privilegiis,
784 2379 882 2430 aut
908 2375 1186 2446 ejusmodi
1217 2375 1327 2430 alia
1362 2375 1444 2430 uti
1473 2374 1853 2430 excusatione.

215 2471 412 2542 Neque
440 2470 595 2524 enim
620 2469 962 2524 sustinemus
1004 2469 1242 2524 aliorum
1286 2485 1430 2548 onus
1473 2469 1544 2523 ad
1587 2469 1722 2524 alios
1755 2469 1854 2524 de-

211 2564 378 2630 ferri,
409 2568 509 2618 aut
537 2567 652 2617 tam
691 2563 971 2618 immitem
1022 2579 1340 2634 proponere
1388 2562 1697 2618 formulam
1723 2604 1737 2628 ,
1791 2567 1857 2616 ut

214 2657 490 2730 quodidie
534 2657 826 2728 vectigalia
866 2662 1204 2728 augeantur,
1259 2662 1314 2710 et
1351 2655 1856 2728 (quemadmodum

213 2751 402 2806 edocti
431 2752 643 2819 sumus}
685 2751 1041 2822 quadruplo,
1084 2753 1182 2804 aut
1220 2749 1548 2820 quincuplo,
1595 2750 1854 2821 adeoque

213 2846 388 2900 etiam
407 2845 642 2916 decuplo
661 2845 871 2915 majora
893 2845 1234 2915 irrogentur,
1260 2859 1390 2898 cum
1425 2843 1569 2896 nihil
1593 2847 1710 2897 tam
1729 2860 1849 2897 ma-

214 2956 332 3010 gno
361 2939 567 3007 studio,
596 2943 824 3010 tamque
846 2938 996 2992 serio
1023 2937 1369 3006 affectemus,
1405 2953 1575 3008 quam
1613 2953 1684 2992 ne
1709 2953 1854 2991 novo

210 3033 522 3104 quisquam
546 3032 808 3104 vectigali
845 3037 1132 3086 oneretur.
1177 3032 1397 3085 Novum
1439 3036 1630 3084 autem
1680 3030 1854 3086 fuerit

212 3143 335 3182 non
357 3131 582 3180 tantum
615 3127 764 3196 quod
791 3142 941 3179 nunc
980 3125 1229 3196 primum
1257 3123 1590 3194 impositum
1617 3127 1720 3192 est,
1755 3125 1850 3178 sed

213 3221 388 3274 etiam
411 3219 562 3291 quod
579 3220 828 3290 primum
849 3219 1082 3274 modum
1101 3217 1340 3272 excedit.
1360 3217 1468 3272 Sed
1489 3217 1688 3272 eadem
1710 3234 1849 3271 con-

213 3314 432 3369 ditione
450 3330 514 3367 ac
533 3313 761 3368 fortuna
790 3329 988 3368 omnes
1013 3317 1202 3380 sunto,
1231 3317 1288 3366 et
1325 3327 1481 3365 sacra
1507 3311 1629 3365 haec
1658 3316 1852 3366 nostra

208 3405 566 3479 pragmatica
605 3405 786 3460 forma
817 3404 1009 3476 (quam
1040 3405 1230 3475 legem
1259 3405 1431 3458 etiam
1467 3403 1751 3474 appellare
1780 3403 1850 3458 li-

210 3500 410 3570 cuerit)
453 3504 650 3554 contra
701 3515 898 3553 omnes
941 3496 1258 3552 communis
1306 3501 1448 3565 esto,
1490 3501 1553 3552 ut
1591 3497 1852 3551 omnibus

207 3594 508 3665 largiatur,
549 3609 662 3664 quo
715 3591 972 3647 molestia
997 3595 1220 3647 vacent.
1272 3591 1464 3662 Neque
1503 3589 1654 3644 enim
1690 3589 1851 3644 facile

211 3703 341 3743 eam
379 3685 506 3758 quis
542 3702 692 3758 mgre
719 3685 931 3754 tulerit,
965 3685 1011 3739 si
1038 3685 1327 3740 neminem
1366 3684 1541 3738 alium
1577 3686 1852 3754 praeterea

213 3785 545 3850 exemptum
575 3778 882 3846 intueatur,
907 3777 1014 3832 nisi
1041 3778 1190 3849 quod
1206 3777 1263 3832 in
1279 3781 1507 3831 centum
1526 3779 1583 3830 et
1604 3776 1756 3830 mille
1773 3777 1852 3831 of-

208 3873 394 3930 ﬁcinis
409 3871 1218 3944 exsequiarumpdefunctorum
1243 3870 1383 3925 ratio
1403 3869 1698 3936 habeatur,
1723 3886 1851 3940 quas

209 3967 464 4023 maxime
483 3965 802 4020 communis
823 3969 908 4020 est
927 3964 1209 4033 omnibus,
1229 3968 1284 4018 et
1307 3980 1378 4018 ex
1397 3979 1561 4034 inquo
1577 3961 1852 4018 universis

207 4065 410 4134 parata
457 4059 803 4114 hominibus.
834 4059 894 4114 Si
920 4059 1046 4130 quis
1075 4074 1208 4113 vero
1239 4062 1474 4112 conetur
1491 4057 1852 4112 excusatione

204 4155 400 4226 aliqua
421 4153 526 4220 uti,
556 4157 612 4208 et
639 4153 886 4224 seipsum
911 4169 942 4206 a
980 4151 1298 4223 praestanda
1326 4151 1588 4206 alleviare
1634 4149 1849 4206 contri-

206 4247 462 4314 bntione,
485 4251 542 4301 et
565 4251 662 4300 aut
692 4263 808 4301 non
838 4244 1219 4312 committere,
1247 4261 1361 4316 quo
1375 4245 1558 4316 magis
1573 4244 1643 4298 ab
1663 4243 1848 4316 inqui-

203 4341 339 4396 linis
369 4341 486 4396 suis
519 4340 800 4412 exigatur,
831 4343 930 4394 aut
956 4344 1225 4410 praestare
1252 4337 1422 4393 etiam
1451 4337 1848 4408 patrocinium,

207 4436 325 4490 sive
370 4433 638 4502 militare,
687 4433 803 4488 sive
847 4433 1028 4500 civile,
1069 4431 1181 4487 sive
1220 4430 1680 4500 ecclesiasticum,
1734 4431 1851 4485 sive

1962 1897 2108 1974 lege,
2137 1919 2206 1957 ea
2226 1905 2558 1960 excellentia
2588 1909 2706 1974 tua,
2734 1905 2853 1960 imo
2875 1923 2992 1960 non
3019 1906 3142 1978 ipsa
3169 1911 3392 1962 tantum
3419 1913 3603 1964 custo-

1961 1996 2099 2064 dies,
2127 1996 2220 2050 sed
2262 2002 2318 2051 et
2343 1997 2670 2070 quicunque
2701 2005 2829 2070 post
2867 2006 2921 2054 te
2948 2000 3100 2054 idem
3129 2000 3379 2055 ofﬁcium
3407 2017 3600 2056 susce-

1960 2089 2115 2159 pturi
2152 2095 2304 2157 sunt,
2335 2095 2390 2144 et
2420 2091 2822 2162 obtemperans
2861 2093 2963 2147 tibi
2990 2094 3212 2162 cohors,
3236 2094 3356 2164 jam
3384 2095 3514 2149 inde
3541 2094 3602 2148 in

1959 2199 2127 2237 omne
2155 2183 2443 2254 reliquum
2475 2189 2700 2256 tempus
2725 2187 3022 2241 custodiet.
3054 2188 3176 2241 Dat.
3205 2203 3295 2242 xvi
3324 2188 3446 2242 Kal.
3467 2189 3598 2242 Jun.

1957 2277 2410 2350 ConstantinOp.,
2443 2282 2570 2348 post
2601 2279 2746 2334 Bilis.
2775 2296 2830 2334 v.
2859 2297 2908 2334 c.
2951 2295 3104 2335 cons.
3143 2296 3278 2336 ann.
3314 2285 3364 2336 1.

2530 2393 2839 2449 NOVELLA
2888 2396 3036 2449 XLV.

1959 2486 2038 2538 Ne
2061 2486 2261 2547 Judaei,
2285 2486 2648 2546 Samaritam'.
2671 2494 2722 2542 et
2747 2489 3002 2556 haeretici,
3027 2505 3124 2557 per
3143 2505 3362 2543 causam
3386 2489 3600 2558 religio-

2028 2559 2112 2610 nis
2139 2562 2188 2610 et
2213 2558 2388 2611 cultus
2411 2560 2500 2610 sui
2525 2559 2725 2613 curiali
2748 2561 2977 2626 fortuna
3014 2561 3329 2624 liberentur,
3359 2560 3453 2614 sed
3481 2575 3598 2614 cum

2027 2629 2324 2681 curialibus
2353 2631 2664 2682 muneribus
2707 2631 3034 2693 subdantur,
3069 2632 3374 2700 privilegiis
3417 2646 3596 2684 eorum

2025 2713 2129 2770 non
2149 2700 2534 2766 perfruantur.
2557 2701 2690 2753 Item
2717 2705 2778 2754 ut
2798 2703 2961 2754 iidem
2981 2705 3190 2770 possint
3215 2707 3400 2755 contra
3423 2703 3597 2754 ortho-

2026 2769 2209 2832 doxos,
2227 2771 2323 2838 qui
2352 2771 2550 2822 συνίαῆ
2570 2773 2806 2836 fortunae
2835 2769 3044 2825 subditi
3083 2777 3209 2826 sunt
3235 2774 3594 2825 testimonium

2025 2840 2218 2904 dicere,
2247 2843 2308 2892 ut
2333 2842 2428 2908 qui
2438 2841 2711 2912 praeclare
2727 2857 2832 2910 pro
2853 2843 3152 2897 orthodoaia
3177 2843 3455 2912 republica
3486 2847 3590 2896 tes-

2025 2911 2302 2963 timonium
2325 2911 2662 2979 perhibeant.

2024 3017 2333 3088 Imperator
2367 3015 2714 3072 Justinianns
2749 3019 3039 3088 Augustus
3073 3019 3274 3073 Joanni
3321 3019 3591 3090 praefecto

1952 3109 2236 3180 praetorio,
2266 3109 2477 3164 iterum
2515 3110 2820 3166 exconsule
2849 3116 2905 3166 et
2931 3111 3184 3182 patricio.

2023 3203 2234 3258 Retulit
2264 3219 2448 3275 nuper
2475 3203 2596 3258 vivo
2632 3205 2784 3276 apud
2811 3221 2913 3259 nos
2953 3221 3218 3260 sermone
3263 3205 3594 3261 excellentia

1951 3300 2067 3364 tua,
2095 3297 2390 3368 plerosque
2431 3297 2581 3352 inter
2627 3297 2958 3352 decuriones
3002 3297 3231 3353 Judaaos
3269 3299 3438 3366 forte,
3495 3304 3595 3353 aut

1951 3388 2342 3457 Samaritanus,
2373 3393 2472 3443 aut
2497 3390 2882 3457 Montanistas,
2911 3395 3010 3444 aut
3061 3391 3276 3462 alioqui
3305 3391 3588 3445 detestan-

1953 3481 2052 3534 dus
2080 3498 2198 3536 esse
2237 3481 2517 3550 homines,
2556 3499 2696 3553 quos
2743 3482 2999 3536 nondum
3035 3499 3106 3536 ne
3158 3499 3310 3537 nunc
3359 3483 3591 3553 quidem

1951 3579 2104 3630 recta
2132 3580 2326 3629 nostra
2355 3579 2410 3630 et
2433 3575 2718 3646 inculpata
2743 3575 2885 3630 ﬁdes
2911 3575 3262 3644 illnminarit,
3295 3575 3396 3631 sed
3427 3575 3484 3630 in
3513 3579 3593 3631 te-

1953 3667 2140 3722 nebris
2168 3667 2470 3736 resideant,
2499 3684 2685 3740 neque
2715 3667 2944 3722 illorum
2969 3668 3161 3724 animo
3188 3669 3304 3723 ullo
3325 3684 3590 3725 verorum

1951 3759 2350 3832 mysteriorum
2385 3777 2553 3816 sensu
2589 3766 2917 3833 tangantur.
2960 3763 3100 3816 Item
3137 3762 3268 3834 quia
3295 3761 3594 3818 haereticos

1951 3854 2078 3908 odio
2099 3853 2514 3926 prosequimur,
2539 3855 2690 3926 quod
2713 3871 2819 3927 per
2844 3855 2990 3910 hanc
3019 3872 3243 3910 causam
3274 3860 3331 3911 et
3350 3861 3594 3928 praetex-

1949 3953 2070 4003 tum
2110 3947 2398 4018 petierunt
2444 3947 2748 4003 curialibus
2791 3965 2848 4003 se
2889 3948 3119 4003 liberari
3147 3949 3496 4004 muneribus.
3525 3951 3593 4005 Et

1951 4058 2065 4114 quo
2085 4041 2257 4096 modo
2283 4042 2578 4098 conveniat
2594 4059 2661 4097 ea
2687 4059 2812 4115 quae
2834 4043 2928 4098 illo
2949 4043 3236 4115 pertinent
3249 4043 3587 4098 discernere.

1949 4135 2229 4190 Caeterum
2260 4136 2627 4191 vehementer
2675 4137 2863 4192 mirati
2894 4153 3090 4192 sumus
3121 4137 3272 4208 quod
3311 4135 3590 4206 ejusmodi

1947 4228 2176 4284 illorum
2199 4229 2443 4285 rationes
2467 4229 2767 4300 prudentia
2783 4234 2840 4285 et
2863 4229 3089 4300 ingenii
3109 4229 3190 4283 tui
3211 4245 3453 4283 acumen
3473 4244 3592 4282 sus-

1949 4327 2206 4396 tinuerit,
2237 4344 2300 4381 ac
2325 4343 2441 4380 non
2460 4327 2718 4398 protinus
2743 4342 2839 4381 eos
2865 4325 2965 4397 qui
2990 4325 3128 4380 talia
3150 4325 3470 4397 proferrent
3498 4326 3586 4380 di-

1949 4415 2267 4488 scerpserit.
2298 4416 2435 4468 Nam
2464 4415 2508 4468 si
2537 4414 2634 4468 ulli
2663 4419 2795 4468 sunt
2835 4413 3096 4468 homines
3122 4414 3221 4485 qui
3267 4431 3369 4486 per
3397 4419 3585 4470 extre-

206 4528 592 4601 quodcunque
626 4527 854 4582 tandem
881 4526 939 4580 in
970 4526 1302 4581 universum
1333 4523 1571 4579 ofﬁcina;
1601 4523 1850 4578 dominio
1869 4526 1929 4598 D
1951 4525 2106 4563 mam
2125 4507 2551 4580 immobitatem
2571 4507 2682 4562 illis
2707 4523 2766 4562 se
2787 4507 2988 4578 dignos
3009 4523 3128 4563 esse
3155 4507 3483 4601 muneribus
3503 4524 3590 4562 ar-

205 4621 470 4687 excidito,
488 4623 720 4692 estoque
740 4619 873 4691 ipsis
883 4619 1124 4691 publica,
1143 4619 1245 4674 toti
1259 4618 1480 4674 addicta
1491 4616 1750 4689 collegio.
1776 4618 1851 4672 Eo

205 4715 365 4772 enim
391 4718 552 4786 pacto
574 4719 630 4769 et
653 4711 930 4768 candores
957 4717 1146 4782 erunt,
1174 4717 1230 4768 et
1266 4711 1438 4767 vetita
1465 4728 1583 4766 non
1606 4715 1848 4766 attenta-

204 4809 374 4864 bunt.
405 4809 578 4862 Porro
604 4807 650 4861 si
669 4807 996 4862 minutatim
1026 4810 1082 4862 et
1107 4806 1317 4878 pariter
1352 4805 1413 4860 in
1449 4821 1649 4860 omnes
1686 4805 1852 4860 vecti-

210 4902 363 4975 galia
391 4901 824 4970 distribuantur,
855 4917 976 4956 non
1008 4901 1189 4955 solum
1219 4899 1518 4972 paululum
1543 4899 1668 4968 erit,
1697 4899 1852 4971 quod

215 4995 537 5068 praestitum
559 4995 748 5063 fuerit,
768 4995 866 5050 sed
884 4995 1055 5049 etiam
1069 4998 1225 5050 tanto
1257 4985 1622 5062 moderatius,
1654 4992 1849 5060 levius,

214 5089 586 5156 tolerabilius,
603 5087 908 5155 faciliusve,
935 5087 1086 5160 quod
1101 5087 1391 5143 confertur
1413 5087 1852 5157 existet,quanto

212 5199 246 5237 a
276 5182 532 5254 pluribus
549 5181 854 5252 colligitur.
890 5184 976 5237 An
1006 5197 1138 5236 vero
1172 5199 1286 5236 non
1313 5181 1493 5236 multo
1517 5179 1848 5234 absurdissi-

212 5293 379 5330 mum
403 5275 598 5342 fuerit,
624 5275 884 5330 homines
904 5274 1150 5347 propriis
1162 5275 1478 5330 laborantes
1501 5272 1780 5342 manibus,
1797 5279 1854 5328 et

213 5386 419 5424 uxores
447 5385 511 5424 ac
548 5368 755 5424 liberos
792 5367 1028 5439 alentes,
1069 5371 1127 5423 et
1157 5368 1388 5440 reliqua
1437 5366 1686 5438 denique
1723 5366 1852 5424 vita

211 5461 527 5518 necessaria
546 5462 679 5518 inde
709 5462 1000 5533 acquirere
1022 5464 1357 5532 satagentes,
1383 5460 1697 5515 etiamnum
1724 5475 1847 5514 ma-

200 5555 424 5628 joribus
449 5571 686 5612 onerare
713 5555 1114 5628 vectigalibus?
1151 5560 1208 5610 et
1250 5558 1462 5626 quanto
1492 5553 1682 5624 plures
1703 5553 1854 5609 inter

209 5645 497 5700 alleviatas
540 5644 882 5714 referuntur,
933 5649 1088 5700 tanto
1125 5644 1297 5700 etiam
1358 5643 1603 5714 majores
1647 5641 1852 5698 exinde

206 5738 470 5795 lmsiones
507 5737 758 5794 oboriri?
804 5738 977 5811 idque
1019 5753 1163 5793 onus
1195 5736 1482 5793 inﬁnitum
1525 5735 1634 5806 sit,
1667 5751 1853 5808 neque

207 5833 390 5906 possit
412 5832 594 5898 ullum
615 5831 823 5889 habere
846 5831 1194 5890 terminum?
1224 5831 1348 5889 Haec
1377 5847 1476 5886 nos
1502 5829 1694 5887 omnia
1717 5845 1849 5902 pro-

1948 4602 2252 4671 bitrantur,
2281 4618 2408 4674 quae
2427 4601 2668 4656 summis
2695 4601 3096 4656 tantummodo
3115 4600 3487 4672 dignitatibus
3505 4618 3591 4656 re-

1953 4695 2294 4752 servavimus
2322 4712 2336 4750 :
2367 4695 2492 4767 quis
2531 4712 2643 4750 non
2669 4693 3042 4767 perditissime
3064 4711 3160 4750 eos
3185 4694 3410 4750 oderit?
3429 4695 3586 4750 Unde

1949 4790 2111 4845 nobis
2141 4792 2308 4844 sunto
2333 4789 2685 4856 decuriones,
2705 4789 3186 4861 quemadmodum
3205 4793 3260 4843 et
3280 4787 3585 4843 cohortali-

1949 4885 2074 4954 bus,
2102 4888 2168 4939 ut
2200 4884 2320 4956 jam
2351 4887 2480 4938 ante
2510 4883 2730 4954 legibus
2773 4899 3100 4954 expressum
3124 4886 3226 4937 est.
3271 4883 3466 4953 Neque
3503 4883 3588 4937 ul-

1950 4977 2039 5033 lus
2064 4977 2352 5050 religionis
2403 4977 2582 5032 cultus
2611 4976 2712 5031 tali
2751 4992 2844 5032 eos
2880 4975 3105 5031 fortuna
3135 4974 3385 5030 eximito.
3435 4975 3586 5030 Nihil

1952 5071 2105 5127 enim
2132 5071 2339 5126 horum
2355 5087 2539 5142 neque
2561 5069 2850 5142 antiquior
2867 5069 3077 5141 aliqua,
3101 5085 3283 5140 neque
3312 5070 3588 5125 recentior

1951 5165 2042 5221 lex
2063 5165 2318 5238 protulit.
2343 5165 2565 5236 lndigni
2587 5169 2780 5220 tamen
2807 5163 2864 5218 in
2887 5163 3216 5219 universum
3233 5163 3391 5218 omni
3408 5146 3588 5219 curia-

1950 5259 1991 5314 li
2019 5259 2296 5316 existunto
2321 5259 2554 5324 honore,
2587 5261 2644 5312 et
2663 5257 2794 5328 quia
2819 5257 2996 5312 multa
3018 5257 3174 5330 leges
3193 5257 3588 5328 decurionibus

1951 5357 2245 5430 privilegia
2271 5356 2548 5424 tribuunt,
2581 5359 2703 5410 tum
2729 5371 2802 5411 ne
2826 5355 2968 5411 ictus
2991 5355 3227 5412 fustium
3252 5356 3360 5411 illis
3383 5356 3590 5411 infera-

1952 5455 2066 5520 tur,
2100 5458 2222 5508 tum
2249 5467 2321 5506 ne
2347 5449 2500 5506 velut
2518 5449 2790 5506 sordidati
2807 5450 2890 5506 rei
2910 5449 3425 5522 sistanturjudicio,
3443 5463 3586 5502 neve

1952 5546 2012 5601 in
2037 5545 2204 5600 aliam
2235 5544 2516 5599 ducantur
2539 5543 2887 5616 provinciam
2909 5588 2922 5615 ,
2957 5549 3012 5600 et
3040 5543 3259 5598 inﬁnita
3282 5541 3409 5606 alia,
3430 5539 3586 5595 nullo

1952 5640 2162 5695 horum
2189 5636 2578 5710 perfruuntor.
2609 5640 2727 5695 lmo
2746 5638 2792 5693 si
2811 5638 2951 5710 quid
2969 5637 3203 5692 omnino
3229 5633 3297 5689 de
3323 5633 3582 5688 decurio-

1950 5733 2120 5790 nibus
2143 5731 2416 5804 scriptum
2431 5737 2532 5801 est,
2548 5749 2680 5789 cum
2699 5749 2802 5804 per
2821 5728 3123 5804 privilegia
3141 5727 3249 5782 illis
3271 5725 3449 5799 gratia
3470 5741 3584 5780 non

1953 5826 2046 5899 sit,
2077 5828 2186 5887 hoc
2215 5829 2272 5883 et
2299 5825 2357 5883 in
2383 5825 2486 5884 illis
2511 5825 2783 5896 obtineto,
2825 5826 2880 5879 et
2927 5819 3202 5892 implente
3250 5822 3363 5876 tam
3393 5834 3585 5892 perso-
