4056 6184
368 338 388 357 ι
443 296 544 353 987

1572 299 1828 358 δέΕΟυιί
1855 297 2064 357 -8ΕΧΤΙ
2103 297 2667 368 SUPPLEMENIUM.

3437 285 3458 310 κ
3709 299 3800 355 988

442 402 592 458 nalia
606 419 778 476 quam
795 407 1210 478 patrimonialia
1224 423 1673 481 munera,ueque
1688 425 1784 466 eos
1800 407 1892 464 lex
1903 407 1974 464 ab
1987 407 2076 464 his
2096 419 2157 493 Α
2176 406 2344 462 tionis
2370 406 2657 462 licentiam
2675 405 3123 479 permittentem.
3137 403 3474 460 Videbamus
3499 405 3658 460 enim
3685 421 3804 460 cau-

441 496 899 556 eximat.Honore
910 507 1101 556 autem
1115 501 1269 558 nullo
1278 503 1618 574 perfruunto
1626 502 1776 572 r,sed
1787 502 2077 559 fortunam

443 589 758 648 sustinento
777 609 908 650 cum
933 594 1184 665 infamia,
1217 612 1328 667 qua
1352 597 1522 652 etiam
1544 595 1802 651 animum
1819 600 2078 653 notatum

441 699 562 740 esse
577 686 892 742 voluerunt.
905 690 1088 760 Atque
1101 689 1182 746 ita
1199 705 1332 745 sane
1352 689 1420 745 de
1449 691 1560 746 hoc
1577 690 1716 762 ipsis
1741 689 2074 762 disponitor.

511 778 814 836 Enimvero
835 785 892 835 et
914 780 1052 836 illud
1084 782 1248 838 nobis
1273 783 1585 855 quaestione
1611 783 1715 838 tibi
1741 783 1982 854 dignum
2004 783 2078 838 vi-

441 887 570 927 sum
600 872 963 930 denuntiasti.
1007 877 1083 932 Ex
1113 892 1230 948 quo
1257 876 1407 932 enim
1455 877 1751 932 haereticos
1781 893 1815 931 a
1839 876 2076 932 dicendo

439 964 758 1022 testimonio
774 968 1080 1039 arcuimus,
1103 969 1160 1024 in
1183 970 1388 1040 quibus
1407 970 1590 1024 causis
1609 969 1909 1024 orthodoxi
1927 969 2078 1025 inter

439 1074 495 1111 se
521 1058 766 1130 litigant,
793 1062 1184 1132 permittentes
1203 1063 1314 1118 illis
1341 1063 1400 1118 in
1432 1068 1628 1119 nostra
1651 1061 2074 1131 constitutione,

437 1151 482 1205 si
508 1153 745 1224 quidem
773 1155 870 1226 qui
901 1155 1050 1211 inter
1074 1173 1132 1213 se
1155 1156 1468 1212 miscentur
1495 1161 1552 1212 et
1575 1156 1820 1228 litigant,
1837 1161 2076 1228 uterque

439 1245 736 1302 haereticus
755 1249 845 1316 sit,
873 1254 989 1303 tam
1013 1255 1168 1305 actor
1193 1267 1365 1322 quam
1391 1267 1540 1318 reus,
1571 1253 1637 1305 ut
1674 1249 1888 1322 possint
1915 1249 2074 1304 testi-

437 1339 696 1396 monium
723 1341 930 1410 dicere,
961 1359 1093 1399 cum
1123 1344 1266 1400 alter
1285 1344 1465 1400 altero
1497 1343 1705 1416 dignus
1743 1343 1834 1412 sit,
1865 1343 1977 1398 sive
2002 1343 2074 1398 li-

437 1433 664 1504 tigator,
692 1435 807 1490 sive
835 1437 1011 1493 testis.
1043 1439 1110 1493 Et
1155 1455 1350 1494 rursus
1378 1438 1427 1493 si
1460 1438 1761 1493 haereticus
1785 1437 1858 1492 sit
1879 1437 2072 1492 ortho-

437 1527 637 1596 doxus,
660 1535 725 1584 ut
745 1535 940 1585 contra
965 1531 1256 1587 haereticos
1276 1532 1507 1604 quidem
1531 1531 1700 1586 nimis
1721 1547 1893 1602 quam
1913 1529 2071 1586 testi-

438 1621 700 1678 monium
725 1624 1026 1694 perhibere
1052 1626 1288 1697 possint,
1318 1625 1389 1680 de
1411 1623 1736 1680 orthodoxis
1772 1640 1887 1678 non
1910 1623 2073 1680 item.

439 1714 834 1786 Litigatoribus
862 1734 996 1774 vero
1038 1719 1304 1790 utrinque
1331 1717 1658 1774 orthodoxis
1681 1717 2071 1786 existentibus,

2175 517 2296 555 sam
2321 499 2578 570 eti'usam,
2608 503 2665 555 et
2691 499 2967 571 paulatim
3005 499 3076 554 ad
3101 497 3243 553 alios
3272 497 3674 554 ecclesiasticas
3701 499 3801 554 mi~

2177 599 2404 666 grantes
2435 593 2836 666 possessiones,
2855 609 3037 665 neque
3056 591 3254 665 pretiis
3273 591 3467 646 solutis
3487 591 3694 664 dignis,
3718 608 3804 648 ne-

2175 703 2284 758 que
2317 703 2486 758 opere
2513 685 2824 742 inevitabili
2853 685 3187 741 imminente
3213 685 3490 755 alienatis,
3520 686 3623 740 sed
3643 685 3800 740 etiam

2178 797 2282 835 con
2289 784 2368 836 tra
2387 780 2723 852 positasjam
2736 780 2890 852 leges
2901 779 3082 835 decies
3097 777 3299 834 millies
3310 779 3806 835 circumventiones

2173 873 2367 928 factas.
2399 873 2670 939 Quocirca
2700 873 2950 944 primam
2975 873 3322 945 perimentes
3349 873 3517 941 viam,
3553 873 3806 928 omnibus

2175 966 2439 1022 similiter
2478 967 2887 1022 inaccessibiles
2913 971 3106 1021 contra
3149 982 3242 1020 eas
3284 966 3526 1022 facimus
3569 967 3805 1022 circum-

2176 1061 2482 1116 ventiones.
2498 1061 2608 1116 Sed
2634 1061 2768 1116 hinc
2793 1059 3048 1134 plerique
3065 1059 3300 1131 quidem
3329 1059 3812 1116 sanctissimarum

2175 1155 2560 1224 ecclesiarum,
2581 1153 2941 1226 aliarumque
2971 1153 3376 1209 venerabilium
3408 1153 3685 1209 domuum
3711 1152 3813 1209 uti-

2174 1247 2392 1303 litatem
2421 1247 2748 1303 habuerunt
2789 1247 2946 1302 nullo
2989 1247 3364 1320 possessiones
3403 1247 3507 1301 bas
3559 1247 3813 1302 minuere

2173 1347 2555 1412 praesumente
2588 1358 2602 1396 :
2633 1342 2880 1396 occurrit
2911 1347 3102 1396 tamen
3130 1340 3302 1396 etiam
3327 1340 3541 1410 aliquid
3567 1339 3810 1396 difﬁcile.

2175 1434 2372 1490 Debita
2409 1435 2600 1503 enim,
2639 1439 2739 1490 aut
2792 1434 2964 1506 longo
3015 1439 3270 1505 tempore
3321 1434 3622 1488 constituta
3648 1475 3662 1500 ,
3720 1439 3818 1488 aut

2175 1528 2345 1584 etiam
2389 1532 2584 1600 postea
2643 1545 2714 1582 ex
2769 1528 3016 1599 quadam
3052 1527 3408 1593 necessitate,
3449 1532 3506 1582 et
3565 1527 3815 1583 maxime

2175 1638 2278 1693 per
2337 1621 2557 1677 ﬁscales
2607 1621 2925 1676 occasiones
2981 1621 3060 1675 eis
3112 1619 3424 1676 accidentia
3477 1621 3552 1676 ad
3605 1620 3812 1675 aliena-

2174 1715 2348 1771 tionis
2384 1715 2775 1772 necessitatem
2806 1730 2988 1769 sacras
3039 1713 3432 1785 perduxerunt
3459 1713 3682 1769 domos.
3707 1715 3814 1769 Mo-

441 1808 501 1857 ut
525 1805 718 1858 nullus
741 1807 974 1861 omnino
999 1806 1106 1862 illis
1133 1808 1200 1862 ad
1229 1807 1615 1864 testimonium
1644 1807 1950 1862 dicendum
1977 1823 2070 1878 pa-
2088 1803 2145 1876 Β
2167 1807 2268 1862 bili
2291 1808 2448 1863 enim
2483 1823 2600 1862 non
2645 1811 2898 1863 exstante
2925 1807 3258 1862 substantia
3302 1806 3622 1862 sufﬁciente
3669 1809 3813 1878 peri-

442 1900 553 1951 tcat
566 1897 773 1954 aditus.
803 1900 936 1954 lude
949 1901 1091 1955 adeo
1115 1901 1352 1956 docuisti
1372 1917 1499 1970 nos,
1521 1901 1674 1974 quod
1689 1900 1920 1972 quidam
1942 1916 2074 1955 cum

438 1991 741 2046 orthodoxi
769 1993 902 2063 sint,
943 1993 1270 2050 inficientur
1295 2011 1355 2049 se
1383 1995 1613 2050 curialis
1641 2010 1761 2049 esse
1787 1993 2031 2049 fortuna:
2055 2033 2070 2061 ,

438 2086 495 2138 et
516 2099 740 2140 necesse
769 2087 840 2140 sit
863 2087 949 2142 vel
975 2105 1184 2159 genere
1206 2088 1313 2143 illis
1333 2089 1682 2159 conjunctos,
1705 2089 1790 2143 vel
1809 2087 1904 2160 qui
1927 2087 2070 2141 alio-

437 2177 534 2247 qui
563 2177 632 2233 de
657 2179 888 2234 illorum
913 2181 1139 2236 fortuna
1164 2183 1407 2236 habeant
1425 2183 1710 2250 notitiam,
1733 2181 1792 2236 in
1821 2181 2074 2236 testimo-

435 2270 595 2326 nium
627 2273 884 2344 produci.
917 2275 982 2330 Et
999 2275 1130 2347 quia
1149 2277 1240 2330 lex
1268 2275 1339 2330 de
1365 2276 1692 2331 orthodoxis
1715 2275 1937 2347 prolata
1961 2275 2074 2328 hm-

437 2363 743 2420 reticorum
764 2367 1089 2424 testimonia
1103 2373 1274 2440 arcet,
1297 2374 1596 2442 propterea
1609 2369 1830 2440 judices
1846 2385 2073 2423 verean-

438 2461 532 2512 tur
559 2459 681 2514 haec
711 2459 1034 2517 admittere.
1073 2463 1246 2534 Atqui
1281 2463 1436 2518 inani
1472 2463 1849 2518 sollicitantur
1890 2467 2068 2531 metu,

439 2551 537 2624 qui
553 2551 867 2608 istiusmodi
880 2555 1200 2610 testimonia
1219 2556 1500 2628 suscipere
1517 2559 1800 2612 recusant.
1818 2557 2073 2612 Primum

439 2643 692 2716 quidem,
713 2646 850 2718 quia
875 2665 980 2719 pro
1003 2649 1333 2704 orthodoxis
1359 2650 1822 2722 interponuntur,
1839 2649 1895 2703 id
1923 2649 2090 2720 quod

438 2737 596 2811 leges
625 2739 920 2796 hasreticos
963 2741 1148 2797 facere
1193 2759 1312 2798 non
1341 2747 1551 2800 vetant.
1597 2745 1717 2798 Mox
1747 2741 1793 2797 si
1822 2742 1950 2814 quis
1975 2759 2073 2798 eos

438 2833 537 2903 qui
567 2833 902 2890 decuriones
929 2841 1080 2903 sunt,
1100 2841 1405 2892 renuentes
1433 2837 1637 2893 deinde
1665 2836 2068 2907 conditionem,

439 2926 510 2980 ad
535 2928 750 2982 curiam
777 2930 1052 2996 retrahat,
1076 2933 1134 2984 et
1159 2931 1453 2986 haereticos
1479 2931 1537 2986 in
1563 2930 1952 2986 testimonium
1979 2931 2073 2986 ad-

439 3025 618 3089 vocet,
650 3022 934 3092 quomodo
958 3039 1062 3095 pro
1090 3028 1284 3078 nostra
1309 3025 1414 3079 hoc
1443 3024 1734 3095 republica
1754 3041 1872 3079 non
1901 3023 2073 3078 facit?

442 3116 506 3166 ut
529 3111 654 3183 ipsa
677 3113 910 3184 quidem
955 3117 1272 3187 respublica
1297 3117 1592 3190 litigatoris
1631 3118 1818 3171 locum
1861 3121 2070 3188 teneat,

551 3167 570 3183 ι
693 3167 713 3184 ι
764 3167 797 3168 ”
829 3167 907 3168 H"
958 3167 1272 3187 ""L'""'""
1297 3167 1590 3190 ""'O"""'
1631 3167 1817 3171 """_
1870 3167 2070 3188 """"7

441 3205 756 3261 orthodoxa
791 3207 1059 3276 existens,
1089 3214 1146 3264 et
1178 3210 1422 3266 maxime
1456 3210 1526 3264 ab
1558 3227 1622 3264 eo
1655 3215 1931 3282 tempore,
1960 3228 2073 3282 quo
2093 3167 2149 3242 C

441 3299 589 3353 Deus
613 3299 690 3354 illi
725 3317 828 3355 nos
843 3301 1124 3374 imperare
1150 3303 1447 3375 permisit;
1477 3303 1573 3376 qui
1595 3321 1724 3359 vero
1746 3321 1811 3358 eo
1843 3303 2076 3360 nomine

439 3392 830 3450 testimonium
858 3395 1072 3464 dicunt,
1096 3413 1202 3468 pro
1228 3397 1561 3474 orthodoxis
1585 3397 1976 3452 testiﬁceutur.
1997 3397 2076 3452 Si-

440 3486 672 3558 quidem
700 3493 897 3544 nostra
913 3489 1227 3560 respublica
1245 3495 1400 3546 recta
1424 3495 1528 3562 est,
1553 3496 1608 3546 et
1625 3491 1940 3546 orthodoxa
1953 3491 2074 3563 jam

438 3577 658 3636 imbuta
680 3581 813 3650 fide,
840 3583 1030 3638 omnia
1054 3583 1162 3638 alia
1191 3585 1398 3640 haeresi
1427 3601 1614 3641 exosa.
1650 3594 1750 3643 Καὶ
1778 3595 1930 3644 τοῦτο
1969 3593 2076 3642 τοί-

437 3694 526 3726 νυν
556 3677 587 3734 ἡ
615 3681 682 3734 σὴ
730 3677 962 3751 ὑπεροχή
989 3678 1452 3753 παριφυλαττέτω,
1487 3684 1574 3733 τόν
1618 3701 1672 3734 τε
1713 3684 1950 3758 ἡμέτερον
1979 3701 2073 3755 γι-

439 3771 702 3820 νώσκουσο
717 3773 891 3842 νόμον,
911 3775 996 3822 καὶ
1017 3775 1074 3823 τὸ
1090 3779 1150 3844 τῇ
1167 3771 1401 3844 πολιτείᾳ
1420 3778 1670 3850 συμφέρον
1689 3779 2067 3848 μνηστεύουσα,

440 3864 526 3911 καί
555 3858 866 3932 ἐπισταμένη
894 3857 983 3914 διὰ
1010 3872 1216 3916 παντῶν
1249 3867 1321 3932 ὡς
1350 3864 1516 3919 ἐκεῖνα
1553 3869 1672 3940 ἡμῖν
1713 3872 1798 3920 καὶ
1825 3871 2070 3944 πράττειν

440 3954 527 4002 καὶ
557 3951 838 4023 νομορετεῖν
869 3948 1307 4021 διεσπούδασται,
1330 3957 1497 4008 ὁπόσα
1516 3965 1607 4015 τῆν
1629 3959 1874 4032 ἡμετέραν
1903 3957 2074 4030 ὠφελεῖ

438 4041 720 4096 πολιτείαν.
777 4040 900 4095 Dat.
952 4057 1024 4096 xv
1067 4042 1184 4098 Kal.
1231 4047 1397 4115 sept.,
1447 4044 1900 4118 Constantinop.,
1948 4051 2074 4118 post

441 4130 591 4188 Bilis.
619 4149 674 4190 v.
707 4150 757 4190 c.
787 4150 946 4191 cons.

990 4293 1305 4350 NOVELLA
1343 4293 1516 4348 XLVI.

505 4413 580 4465 De
603 4409 1078 4466 ecclesiasticarum
1301 4410 1652 4494 immobilium
1677 4411 2002 4466 alienatione

1075 4497 1102 4537 ε
1142 4497 1200 4536 so
1217 4499 1261 4537 «α
1289 4497 1426 4536 ιοηε.

1075 4497 1127 4537 ετ
1142 4497 1426 4537 somnone.

508 4608 826 4678 Imperator
859 4608 1206 4664 Justinianus
1238 4598 1523 4681 Augustus
1555 4608 1756 4664 Joanni
1791 4609 2072 4680 gloriosis-

435 4697 579 4754 simo
599 4716 888 4756 sacrorum
909 4719 1014 4773 per
1036 4701 1323 4758 Orientem
1349 4702 1748 4775 praetoriorum
1775 4701 2066 4774 praefecto,

433 4791 640 4848 iterum
673 4796 968 4850 exconsule
995 4799 1049 4850 et
1079 4795 1332 4866 patricio.

504 4887 572 4941 Et
597 4887 742 4942 circa
767 4889 922 4959 leges
945 4887 1217 4955 studium,
1247 4893 1303 4944 et
1325 4889 1431 4944 alia
1455 4889 1650 4944 omnia
1679 4905 1710 4942 a
1751 4888 1912 4944 nobis
1940 4889 2068 4944 ideo

433 4980 686 5050 quotidie
729 4997 860 5036 cum
905 4981 1095 5038 labore
1130 4987 1397 5054 aguntur,
1433 4987 1497 5038 ut
1533 4983 1828 5038 utilitatem
1865 4982 2070 5042 nostris

435 5072 700 5143 subjectis
730 5074 1082 5130 inveniamus
1113 5091 1126 5130 :
1157 5075 1312 5148 quod
1335 5073 1577 5130 effusum
1603 5075 1836 5146 quidem
1863 5081 1920 5131 et
1955 5075 2066 5130 im-

435 5181 696 5220 mensum
723 5173 806 5224 est
831 5165 1208 5240 removentes,
1236 5169 1387 5242 quod
1414 5175 1605 5224 autem
1631 5175 1686 5224 et
1711 5171 1990 5242 optimum
2015 5178 2071 5228 et

435 5259 718 5327 metitum,
768 5261 1157 5334 subrogantes.
1210 5265 1279 5319 Et
1321 5281 1471 5336 saepe
1517 5280 1741 5336 quoque
1789 5281 1857 5320 ex
1885 5265 2070 5320 studio

433 5363 664 5430 propter
681 5359 928 5430 priorem
948 5360 1386 5418 inimensitatem
1398 5361 1570 5417 etiam
1582 5361 1730 5417 ultra
1740 5378 2069 5418 mensuram

431 5453 617 5524 legem
640 5453 1100 5525 constrinximus,
1121 5459 1186 5512 ut
1205 5456 1356 5528 quod
1377 5456 1642 5528 primitus
1656 5456 1922 5512 afﬂuebat
1943 5457 2070 5512 reti-

431 5551 632 5600 nentes
649 5587 664 5616 ,
698 5545 778 5600 ita
803 5547 1193 5618 aequalitatem
1221 5549 1291 5604 de
1318 5554 1520 5606 caetero
1556 5549 2065 5606 introduceremus.

431 5639 625 5711 Nuper
652 5639 828 5712 igitur
847 5641 1178 5712 scripsimus
1196 5642 1381 5713 legem
1413 5643 1482 5698 de
1506 5643 1868 5700 sanctissimis
1893 5645 2064 5700 eccle-

433 5731 530 5785 siis
558 5732 822 5786 omnibus
845 5775 858 5802 ,
889 5739 946 5788 et
971 5733 1326 5790 monasteriis
1351 5777 1365 5802 ,
1397 5741 1453 5790 et
1477 5736 1708 5808 reliquis
1735 5738 2068 5794 venerabili-

437 5821 544 5876 bus
569 5823 850 5896 domibus,
883 5827 1099 5884 nullam
1127 5827 1206 5884 eis
1237 5843 1430 5884 rerum
1459 5829 1837 5887 immobilium
1867 5832 2070 5888 aliena-

2173 1901 2516 1956 clitabantur
2552 1901 2612 1955 in
2641 1899 3012 1954 novissimam
3039 1899 3232 1954 venire
3261 1899 3678 1956 necessitatem.
3707 1901 3810 1955 Ha-

2172 2011 2302 2049 rum
2327 1994 2600 2066 praesules
2629 2009 2814 2066 neque
2841 1993 3082 2048 vendere
3119 1998 3401 2066 potentes,
3431 2009 3620 2064 neque
3665 1994 3816 2050 unde

2172 2088 2358 2143 debita
2395 2087 2678 2143 solverent
2705 2087 3012 2154 habentes,
3055 2087 3154 2142 sed
3196 2103 3301 2159 pro
3335 2086 3543 2142 talibus
3581 2087 3814 2158 quidem

2172 2181 2376 2237 debitis
2405 2196 2568 2252 posse
2597 2197 2702 2252 pro
2730 2180 3006 2235 solutione
3026 2179 3404 2234 creditoribus
3443 2180 3568 2234 dari
3593 2197 3818 2252 posses-

2172 2275 2354 2330 siones
2377 2274 2804 2344 ecclesiasticas;
2833 2279 3027 2328 tamen
3065 2290 3196 2328 cum
3229 2273 3580 2345 competenti
3605 2273 3820 2328 subtili-

2172 2372 2286 2424 tate
2314 2373 2369 2424 et
2393 2367 2778 2423 observatione
2793 2366 3048 2422 facienda
3069 2367 3352 2421 solutione
3369 2366 3494 2438 jam
3516 2383 3668 2438 saepe
3689 2385 3822 2439 pcr-

2170 2461 2448 2531 misimus,
2476 2461 2620 2517 sicut
2647 2477 2830 2534 neque
2858 2461 3050 2533 palam
3081 2461 3186 2516 hac
3214 2466 3405 2514 nostra
3429 2461 3592 2532 prius
3611 2462 3822 2532 permi-

2171 2555 2347 2610 simus
2365 2555 2510 2626 lege.
2535 2554 2589 2610 Si
2616 2570 2748 2609 vero
2772 2571 2886 2608 non
2924 2553 3175 2625 privatus
3207 2553 3412 2626 aliquis
3441 2557 3526 2608 est
3548 2554 3817 2621 creditor,

2171 2649 2268 2705 sed
2289 2647 2623 2720 praecminet
2658 2648 2843 2718 ﬁscus,
2867 2650 2924 2702 et
2942 2645 3118 2718 exigit
3138 2647 3344 2716 debita,
3377 2651 3461 2700 est
3482 2650 3680 2702 autem
3706 2647 3822 2702 ino-

2172 2742 2269 2815 pia
2288 2743 2680 2815 pecuniarum,
2703 2741 2957 2812 accipere
2984 2757 3114 2796 vero
3137 2740 3491 2795 immobilem
3515 2741 3817 2812 possessio-

2172 2853 2307 2891 nem
2327 2835 2670 2907 impossibile
2698 2839 2784 2890 est
2804 2833 3023 2904 iiscum,
3047 2833 3139 2888 hic
3177 2834 3432 2888 relaxare
3453 2833 3676 2906 aliquid
3697 2834 3821 2889 sub-

2171 2929 2387 2984 tilitatis
2428 2928 2570 3000 legis
2599 2933 2922 3000 competere
2956 2927 3360 2998 judicavimus.
3399 2928 3468 2982 Et
3496 2927 3543 2982 si
3583 2945 3700 2998 qua
3729 2945 3824 2982 ne-

2173 3023 2396 3078 cessitas
2435 3022 2762 3094 hujusmodi
2809 3022 2924 3089 fiat,
2957 3021 3128 3076 etiam
3159 3021 3567 3076 alienationem
3597 3021 3724 3076 sine
3763 3038 3820 3076 re

2175 3115 2584 3188 prospeximus.
2639 3114 2936 3170 Sancimus
2965 3114 3140 3186 igitur
3175 3114 3218 3168 si
3263 3119 3594 3169 sanctarum
3627 3114 3821 3187 aliqua

2175 3209 2556 3277 ecclesiarum,
2583 3213 2682 3263 aut
2721 3208 3068 3280 reliquarum
3097 3207 3467 3262 colendarum
3499 3207 3780 3262 domuum
3805 3251 3819 3278 ,

2173 3303 2385 3358 ﬁscales
2408 3303 2612 3357 debeat
2634 3301 2970 3372 functiones,
2999 3305 3055 3356 et
3073 3301 3226 3356 unde
3251 3301 3424 3356 faciat
3444 3301 3661 3356 horum
3681 3302 3815 3357 red-

2173 3396 2447 3452 ditionem
2470 3412 2589 3450 non
2619 3395 2846 3465 habeat,
2874 3395 3177 3450 convenire
3205 3411 3406 3450 omnes
3431 3395 3492 3449 in
3525 3412 3731 3464 unum,
3765 3401 3823 3450 et

2173 3493 2273 3566 qui
2299 3510 2368 3549 ex
2393 3494 2542 3550 clero
2571 3498 2724 3564 sunt,
2761 3496 2818 3548 et
2857 3493 2972 3549 Deo
3003 3492 3306 3548 amabilem
3334 3493 3671 3566 episcopum
3698 3493 3822 3564 ejus

2173 3587 2408 3643 civitatis
2429 3629 2443 3656 ,
2475 3587 2709 3659 insuper
2738 3591 2796 3642 et
2820 3588 3219 3659 metrOpoleos,
3255 3589 3311 3640 et
3352 3587 3531 3642 sacris
3561 3587 3820 3659 proposi-

2171 3681 2243 3736 tis
2269 3681 2508 3752 eloquiis
2533 3697 2759 3736 causam
2783 3681 3120 3736 examinari.
3154 3681 3224 3735 Et
3252 3680 3299 3735 si
3342 3697 3456 3734 non
3487 3680 3826 3753 apparuerit

2173 3774 2320 3830 ullus
2339 3779 2588 3846 quaestus
2607 3774 2747 3830 citra
2764 3773 3164 3829 alienationem
3188 3773 3493 3828 immobilis
3515 3774 3598 3828 rei
3629 3774 3826 3829 valens

2173 3869 2386 3923 solvere
2405 3867 2592 3923 ﬁscale
2623 3867 2900 3938 debitum,
2927 3872 3059 3922 tunc
3087 3867 3374 3922 licentiam
3403 3884 3527 3922 esse
3564 3867 3670 3934 eis,
3703 3884 3828 3922 sen-

2171 3962 2350 4018 tentia
2376 3961 2476 4016 tali
2501 3961 2861 4033 procedente,
2877 3966 2935 4016 et
2958 3961 3184 4016 decreto
3211 3960 3492 4016 celebrato
3513 3961 3672 4033 apud
3691 3977 3826 4034 pro—

2170 4054 2371 4110 vincias
2400 4055 2675 4128 judicem,
2717 4053 2886 4110 etiam
2917 4054 3304 4127 possessiones
3341 4053 3670 4109 immobiles
3694 4071 3830 4109 con-

2171 4147 2412 4220 tingere,
2442 4153 2500 4204 et
2527 4164 2621 4202 eas
2651 4147 2897 4203 alienare
2923 4148 2994 4202 ad
3023 4147 3363 4202 solutionem
3402 4147 3600 4218 debiti,
3631 4164 3827 4202 emen-

2169 4241 2320 4296 tibus
2351 4242 2583 4314 quidem
2607 4241 2668 4296 in
2715 4241 2918 4296 ﬁscum
2959 4241 3322 4311 solventibus,
3375 4245 3432 4296 et
3483 4241 3825 4313 desuscepta

2170 4335 2303 4390 inde
2331 4335 2792 4407 percipientibus,
2823 4340 2878 4390 et
2907 4335 3279 4389 subeuntibus
3317 4333 3507 4390 ﬁscale
3539 4335 3822 4402 debitum,

2170 4432 2225 4483 et
2251 4429 2534 4484 cautelam
2580 4428 2711 4484 inde
2750 4427 3112 4498 habentibus,
3147 4433 3204 4482 et
3241 4427 3382 4482 nihil
3423 4428 3818 4482 metuentibus

2087 4539 2148 4613 D
2171 4522 2434 4594 primitus
2459 4521 2701 4594 positam
2727 4521 2936 4593 legem,
2971 4520 3288 4576 constitutis
3318 4524 3376 4576 et
3401 4521 3690 4576 ﬁscalibus
3715 4522 3816 4576 de-

2171 4615 2464 4686 susceptis,
2486 4619 2542 4670 et
2567 4614 2868 4669 insinuatis
2919 4613 3066 4668 inter
3099 4619 3470 4668 monumenta
3501 4618 3819 4686 gestorum,

2171 4707 2590 4778 deponentibus
2617 4708 2707 4762 his
2736 4707 2834 4779 qui
2858 4707 3097 4762 fecerint
3121 4723 3246 4766 eam
3265 4748 3281 4774 ,
3312 4713 3379 4762 ut
3401 4713 3462 4762 et
3492 4708 3647 4780 apud
3683 4725 3817 4762 san-

2169 4801 2446 4856 ctissimas
2486 4801 2749 4857 ecclesias
2796 4801 3086 4856 salventur
3130 4799 3281 4854 clara
3340 4800 3694 4872 desuscepta,
3747 4816 3818 4854 eo

2169 4894 2320 4968 quod
2346 4893 2552 4950 fiscalia
2583 4895 2762 4950 soluta
2782 4893 2895 4948 sint
2923 4893 3162 4965 tributa,
3191 4898 3249 4948 ct
3275 4893 3469 4948 omnia
3497 4894 3814 4948 secundum

2169 4995 2418 5048 nostram
2446 4993 2636 5066 legem
2667 4995 2824 5065 gesta
2851 4991 2981 5047 sint.
3013 4993 3132 5047 Non
3173 4991 3503 5064 potentibus
3531 4991 3812 5064 aliquibus

2169 5086 2384 5158 ﬁngere
2410 5085 2594 5143 fiscale
2623 5085 2897 5152 debitum,
2926 5089 2982 5142 et
3009 5085 3086 5140 ita
3113 5085 3184 5140 ad
3211 5085 3581 5141 alienationes
3613 5085 3812 5139 immo-

2168 5179 2370 5234 bilium
2398 5195 2590 5235 rerum
2615 5178 2900 5247 accedere,
2933 5178 3058 5233 ideo
3085 5179 3255 5234 etiam
3279 5183 3339 5234 et
3376 5178 3590 5234 decreti
3611 5178 3808 5233 factio-

2169 5289 2302 5328 nem
2326 5272 2708 5345 permisimus,
2757 5275 2822 5327 ut
2861 5277 2919 5327 et
2961 5271 3150 5327 ﬁstale
3190 5271 3451 5327 debitum
3489 5271 3812 5327 testimonio

2167 5367 2469 5439 pandetur,
2510 5369 2566 5422 et
2621 5382 2689 5422 ex
2729 5365 2956 5438 quantis
2993 5365 3284 5421 descendit
3323 5365 3710 5438 temporibus,
3752 5369 3814 5418 et

2170 5459 2442 5532 quoniam
2469 5476 2584 5515 non
2608 5459 2866 5532 pecuniis
2887 5459 3136 5513 solutum
3157 5464 3262 5525 est,
3287 5459 3383 5514 sed
3411 5459 3466 5513 in
3509 5458 3810 5514 necessita-

2169 5557 2288 5609 tem
2332 5552 2682 5609 alienationis
2725 5551 2899 5620 venit,
2953 5557 3017 5607 ut
3055 5552 3258 5606 veritas
3309 5552 3546 5626 indique
3582 5551 3813 5624 quidem

2166 5650 2478 5718 protestata
2538 5646 2630 5716 sit,
2679 5645 2947 5701 omnibus
3008 5661 3198 5700 coram
3263 5645 3439 5700 sacris
3501 5643 3818 5718 Evangeliis

2167 5739 2403 5812 agendis
2431 5757 2445 5796 :
2477 5739 2782 5823 scientibus
2820 5742 2877 5795 et
2905 5739 3204 5812 episcopis,
3237 5744 3296 5794 et
3339 5740 3577 5810 clericis,
3607 5745 3666 5794 et
3691 5736 3820 5793 aliis

2171 5833 2454 5908 omnibus,
2475 5833 2609 5909 quia
2637 5835 2782 5892 Deus
2805 5832 3034 5910 respicit
3057 5849 3182 5908 quae
3209 5839 3490 5907 geruntur
3519 5833 3590 5890 ab
3617 5833 3716 5890 eis.
3751 5833 3824 5888 Et
