4076 6186
295 293 408 344 989

1185 287 1550 346 JUSTINIANI
1585 287 1914 346 NOVELLE
1950 283 2285 346 SELECTA'J.
2328 291 2634 347 NOVELLA
2671 292 2799 348 LVI.

3563 292 3664 350 990
3715 357 3722 364 _

293 398 343 453 si
373 397 514 470 quid
543 395 772 470 egerint
797 395 1150 468 perdolum,
1181 400 1279 454 aut
1307 397 1550 481 lucrum,
1592 400 1692 451 aut
1720 395 1935 451 machi-
1953 405 2014 481 Α
2033 403 2494 476 permutationes
2514 419 2642 476 qua
2655 402 2714 457 in
2735 400 3100 474 imperialem
3119 400 3359 459 domum
3378 400 3436 456 in
3451 401 3561 457 hoc
3573 403 3658 458 fa.

297 492 616 560 nationem,
648 491 758 548 hoc
785 489 844 548 in
865 492 982 550 suis
1013 489 1294 564 recipient
1333 489 1640 546 animabus
1675 489 1932 547 viventes
2031 501 2135 554 ctu;
2165 501 2317 567 sunt,
2349 501 2412 554 ut
2437 501 2714 570 perpetuo
2749 495 2905 568 apud
2940 495 3249 566 imperium
3277 499 3568 564 maneant,
3603 499 3661 552 et

293 602 366 640 ac
391 585 726 642 morientes.

371 679 570 736 Sivero
594 679 846 751 privatus
879 678 1082 752 aliquis
1109 678 1358 735 creditor
1399 677 1591 748 fuerit,
1621 678 1798 750 possit
1835 694 1925 732 se-

293 772 554 831 cundum
575 790 681 847 pro
712 773 896 828 soluto
916 773 1142 828 schema
1166 771 1422 844 accipere
1446 771 1778 828 immobiles
1803 788 1929 844 pos-

295 867 601 922 sessiones.
630 867 743 922 Hoc
773 883 996 938 quoque
1019 865 1246 922 decreto
1264 865 1550 934 faciendo,
1573 881 1678 937 pro
1704 881 1928 920 mensu-

293 979 363 1017 ra
392 978 528 1016 vero
559 977 758 1016 eorum
788 960 1112 1016 debitorum
1135 959 1497 1031 assignandis
1518 960 1599 1014 eis
1628 959 1930 1031 possessio-

295 1055 488 1111 nibus.
521 1055 579 1111 Si
609 1071 740 1110 vero
767 1055 952 1108 ﬁscale
985 1054 1244 1109 debitum
1273 1053 1464 1122 fuerit,
1492 1053 1820 1125 potentibus
1848 1052 1928 1108 eis

292 1149 369 1204 ad
395 1148 810 1204 alienationem
858 1147 1240 1202 immobilium
1289 1147 1560 1203 accedere
1610 1146 1926 1202 secundum

293 1243 554 1314 priorem
578 1241 1050 1309 observationem,
1073 1245 1134 1295 ut
1154 1241 1299 1296 nihil
1321 1241 1483 1308 desit,
1507 1257 1696 1312 neque
1711 1239 1926 1294 subtili-

291 1335 450 1402 tatis,
473 1352 660 1406 neque
681 1334 1003 1390 communis
1023 1334 1296 1390 utilitatis.
1331 1334 1424 1388 His
1441 1339 1632 1389 autem
1653 1333 1926 1388 universis

293 1429 718 1484 sanctissimam
745 1429 1031 1500 majorem
1061 1428 1361 1484 ecclesiam
1385 1427 1729 1483 felicissimae
1757 1428 1926 1498 hujus

293 1523 475 1590 urbis,
495 1529 552 1578 et
567 1523 690 1594 ejus
715 1523 984 1590 conﬁnia,
999 1526 1056 1578 et
1076 1523 1402 1578 orationum
1429 1522 1653 1588 domos,
1678 1538 1924 1593 quarum

293 1616 424 1688 ipsa
446 1633 642 1671 curam
667 1617 932 1688 suscepit,
953 1616 1220 1671 omnibus
1248 1615 1562 1686 excipimus
1590 1615 1776 1671 modis
1797 1631 1924 1686 quae

287 1711 415 1782 jam
444 1711 514 1764 de
545 1711 654 1764 hoc
685 1711 903 1765 sancita
931 1713 1063 1764 sunt
1094 1727 1128 1764 a
1155 1709 1338 1776 nobis,
1364 1709 1421 1763 in
1455 1726 1556 1763 sua
1585 1709 1790 1763 virtute
1818 1709 1922 1762 du-

2032 610 2149 650 non
2167 593 2584 648 transferantur
2597 591 2671 647 ad
2693 589 3196 663 privatum,neque
3211 589 3438 645 illarum
3449 589 3546 660 jus
3561 607 3664 662 per

2030 687 2288 744 medium
2315 685 2623 758 imperium
2649 686 2724 741 ad
2749 702 2848 742 eos
2879 683 3293 757 proficiscatur.
3325 684 3436 739 Sed
3452 683 3496 739 si
3517 683 3656 757 quid

2028 782 2142 837 tale
2158 782 2278 850 fiat,
2297 780 2591 836 licentiam
2609 780 2814 836 damus
2831 777 3322 835 reverendissimis
3340 778 3658 836 ceconomis

2027 891 2118 932 res
2147 875 2584 948 apprehendere
2616 874 2967 946 hujusmodi,
2991 878 3048 930 et
3087 872 3315 928 tradere
3340 888 3436 928 eas
3465 888 3660 927 rursus

2028 969 2100 1026 ad
2118 969 2540 1024 sanctissimam
2559 968 2880 1036 ecclesiam,
2899 971 3177 1040 tanquam
3199 967 3247 1022 si
3266 983 3373 1021 nec
3399 965 3470 1022 ab
3491 965 3655 1022 initio

2026 1063 2354 1135 contigisset
2365 1079 2567 1135 permu
2573 1063 2820 1119 tationes
2831 1063 3032 1118 harum
3045 1062 3118 1118 ad
3136 1063 3213 1117 im
3221 1061 3441 1134 perium
3455 1060 3654 1128 factas,

2025 1157 2128 1212 sed
2155 1158 2369 1212 servari
2397 1157 2504 1212 hoc
2535 1158 2768 1212 schema
2805 1157 2864 1212 in
2905 1160 3247 1228 perpetuum
3289 1173 3354 1210 ex
3388 1153 3656 1226 praesenti

2027 1251 2120 1307 die
2142 1251 2498 1306 inchoatum.
2516 1250 2796 1306 Omnibus
2813 1267 2939 1322 quae
2961 1251 3177 1306 dudum
3193 1249 3372 1320 (sicuti
3389 1247 3653 1321 praedixi-

2027 1345 2174 1416 mus)
2195 1348 2325 1416 post
2357 1345 2607 1416 priorem
2635 1346 2826 1415 legem
2853 1344 3166 1399 secundum
3181 1343 3422 1399 modum
3441 1342 3653 1415 praedi-

2025 1443 2180 1495 ctum
2194 1442 2356 1511 gesta
2369 1442 2502 1494 sunt
2511 1438 2649 1494 ratis
2659 1438 3046 1505 manentibus,
3063 1454 3131 1492 eo
3146 1437 3299 1508 quod
3311 1437 3408 1492 illa
3420 1437 3652 1508 quidem

2027 1549 2154 1604 quae
2180 1533 2258 1588 sic
2287 1533 2438 1592 facta
2467 1536 2620 1599 sunt,
2644 1549 2678 1586 a
2709 1531 2842 1586 viris
2873 1533 3036 1602 gesta
3061 1533 3212 1585 sunt.
3259 1531 3418 1584 Nunc
3458 1533 3652 1584 autem

2027 1627 2262 1698 quidam
2301 1628 2501 1682 volunt
2539 1627 2769 1682 illorum
2802 1626 3068 1696 exemplo
3100 1626 3349 1692 utentes,
3401 1627 3458 1677 et
3494 1623 3658 1679 nobis

2027 1737 2148 1775 esse
2187 1720 2430 1787 molesti,
2474 1724 2529 1774 et
2573 1718 2987 1774 sanctissimam
3031 1718 3314 1788 majorem
3358 1717 3656 1773 ecclesiam

293 1804 575 1859 rantibus.
604 1804 662 1860 Si
693 1807 888 1859 autem
917 1807 975 1858 et
995 1803 1185 1874 aliqua
1211 1803 1564 1858 monasteria
1589 1803 1692 1857 sub
1719 1802 1923 1856 eadem
1944 1779 2001 1851 Β
2025 1813 2194 1884 hujus
2225 1813 2565 1868 felicissima;
2611 1813 2852 1867 civitatis
2891 1811 3328 1880 circumvenire,
3367 1811 3524 1882 quod
3553 1827 3656 1882 per

294 1897 654 1952 sanctissima
688 1897 907 1967 majore
929 1896 1164 1951 ecclesia
1177 1895 1309 1963 sint,
1335 1912 1438 1950 nec
1461 1913 1530 1950 ea
1549 1895 1652 1948 sub
1671 1911 1921 1966 praesen~

293 1995 418 2046 tem
440 1991 609 2046 facim
619 2009 682 2044 us
703 1992 888 2062 legem
903 1989 1214 2045 forinsecus
1235 1990 1294 2043 in
1315 1989 1622 2060 provinciis
1643 2005 1774 2043 eam
1797 2004 1926 2042 con-

289 2085 600 2139 stituentes
620 2085 827 2152 solum,
857 2083 914 2137 in
937 2083 1143 2154 quibus
1161 2083 1342 2137 multa
1360 2082 1595 2153 quidem
1619 2084 1707 2136 est
1725 2081 1922 2152 inopia

293 2178 694 2250 pecuniarum,
715 2194 820 2248 per
837 2194 1010 2248 quam
1034 2175 1405 2231 sanctissimae
1427 2175 1680 2230 ecclesias
1706 2176 1924 2230 solvere

289 2289 402 2344 per
431 2271 702 2343 pecunias
727 2271 919 2325 debita
946 2287 1062 2326 non
1089 2271 1410 2324 valuerunt.
1433 2271 1549 2324 Tua
1577 2268 1750 2339 igitur
1767 2268 1925 2323 celsi-

294 2365 438 2420 tudo
479 2382 606 2436 qua:
644 2365 981 2436 placuerunt
1011 2363 1171 2419 nobis
1200 2379 1574 2434 cognoscens,
1609 2361 1924 2416 secundum

294 2459 408 2514 hoc
437 2457 746 2530 procedere
773 2475 944 2530 super
961 2457 1132 2512 sacris
1152 2457 1322 2511 rebus
1341 2455 1721 2512 alienationes
1743 2457 1926 2510 custo-

298 2553 440 2606 diat.
473 2554 679 2607 Datum
717 2569 806 2608 xw
845 2551 1084 2606 Kalend.
1131 2549 1420 2622 Septemb.
1463 2549 1920 2620 Constantinop.,

296 2651 428 2718 post
453 2647 814 2702 consulatum
844 2645 1100 2700 Belisarii
1133 2661 1182 2699 v.
1215 2661 1286 2716 c.,
1317 2659 1469 2700 anno
1498 2643 1768 2698 secundo.

885 2784 1202 2840 NOVELLA
1231 2785 1335 2838 LV.

303 2882 369 2934 Ut
390 2880 456 2933 de
475 2884 659 2933 extero
670 2881 1102 2933 commutationes
1117 2879 1595 2932 ecclesiasticarum
1619 2891 1800 2931 rerum
1816 2891 1924 2930 non

366 2953 501 3019 ﬁctae
518 2954 654 3019 ﬁant
681 2951 756 3004 ad
775 2952 1086 3020 piissimum
1116 2951 1512 3018 imperatorem,
1550 2953 1600 3002 et
1641 2949 1736 3001 hoc
1756 2948 1924 3020 modo

368 3017 444 3075 ad
468 3017 610 3076 alias
630 3017 884 3090 personas
913 3017 1493 3089 legitinzas’transeant
1527 3033 1632 3080 res,
1676 3017 1770 3072 sed
1815 3019 1924 3072 hazc

372 3093 740 3146 tantummodo
780 3096 913 3159 ﬁant
959 3092 1034 3145 ad
1077 3091 1411 3160 impe-rialem
1461 3091 1694 3143 domum.
1745 3091 1813 3143 Et
1861 3092 1923 3141 ut

369 3141 1231 3232 instigasti-uagabatae;
1255 3141 1349 3228 άρἐ
1365 3141 1434 3214 ἀι)
1455 3141 1708 3214 distortis
1727 3141 1924 3214 inora-
1942 3141 1998 3216 C

368 3237 531 3294 toria,
562 3235 766 3288 decreto
793 3233 1041 3287 videlicet
1063 3235 1394 3302 interposito,
1428 3236 1647 3300 excepta
1675 3232 1774 3284 hac
1802 3247 1920 3284 ma-

353 3305 476 3374 jore
503 3305 742 3366 ecclesia.
773 3320 839 3358 ne
864 3309 1040 3359 tamen
1065 3306 1125 3358 in
1145 3306 1424 3373 privatam
1448 3317 1736 3373 personam
1765 3306 1920 3356 tran-

364 3379 482 3430 seat
505 3377 880 3446 emphyteusis.

369 3497 688 3566 Imperator
709 3493 1062 3550 Justinianus
1086 3497 1372 3565 Augustus
1397 3493 1614 3549 Mennte
1640 3489 1919 3562 archiepi-

295 3605 470 3660 scopo
497 3587 1156 3658 Constantinopolitano.

368 3683 583 3748 Legem
621 3681 953 3753 scripsimus
987 3680 1206 3734 dudum
1250 3677 1658 3735 ecclesiasticas
1689 3676 1923 3749 quidem

294 3775 676 3830 alienationes
711 3773 1137 3845 prohibentem,
1162 3774 1344 3828 solam
1377 3775 1570 3827 autem
1601 3774 1920 3826 commuta-

293 3869 514 3925 tionem
545 3868 980 3940 permittentem
1003 3866 1373 3922 sanctissimis
1398 3865 1670 3933 ecclesiis,
1695 3880 1921 3920 necnon

294 3961 671 4018 sanctissima)
698 3961 908 4031 majori
932 3960 1182 4015 ecclesia:
1216 3960 1386 4031 hujus
1423 3957 1766 4014 felicissimae
1790 3956 1922 4012 civi-

293 4057 450 4124 tatis,
470 4056 608 4110 dum
629 4053 937 4126 imperium
955 4053 1212 4125 accipere
1227 4051 1446 4125 aliquid
1462 4051 1532 4107 ab
1546 4051 1739 4123 aliqua
1757 4067 1926 4106 vene-

293 4149 573 4206 rabilium
596 4147 837 4203 domum
874 4147 1137 4203 voluerit.
1185 4149 1392 4202 Postea
1425 4145 1710 4218 siquidem
1749 4145 1924 4200 aliam

296 4243 629 4316 scripsimus
671 4241 885 4313 legem,
946 4257 1060 4312 qua
1113 4240 1445 4312 excepimus
1500 4239 1923 4295 sanctissimam

293 4338 584 4410 majorem
625 4335 942 4403 ecclesiam,
977 4335 1375 4407 permittentes
1401 4333 1682 4408 quasdam
1707 4333 1923 4390 aliena-

293 4432 509 4498 tiones,
542 4446 684 4502 quas
713 4429 811 4485 illa
839 4431 926 4484 lex
952 4428 1109 4484 dicit.

2027 1923 2196 1962 omne
2233 1909 2460 1978 tempus
2491 1907 2648 1961 nullo
2677 1905 2851 1960 modo
2890 1905 3015 1959 fieri
3037 1907 3316 1960 volumus.
3351 1903 3466 1960 Sed
3510 1906 3568 1958 et
3610 1902 3656 1957 si

2025 1999 2125 2054 ﬁat
2136 1999 2394 2071 quolibet
2413 2000 2732 2066 schemate,
2757 2000 2864 2054 hoc
2879 1999 3052 2052 etiam
3074 1997 3374 2052 infirmum
3393 2013 3536 2064 esse,
3553 1999 3657 2052 eta

2027 2093 2382 2148 sanctissima
2409 2093 2630 2162 majore
2651 2091 2888 2147 ecclesia
2909 2091 2966 2145 in
2983 2094 3324 2163 perpetuum
3355 2089 3653 2157 vindicari,

2026 2187 2185 2240 nulla
2217 2185 2269 2240 ei
2299 2185 2574 2256 temporis
2617 2185 3044 2256 praescriptione
3084 2185 3142 2238 in
3175 2185 3280 2238 hoc
3314 2183 3652 2255 objicienda.

2094 2280 2237 2334 lllud
2267 2296 2498 2350 quoque
2529 2279 2836 2346 sancimus,
2876 2281 2938 2333 ut
2963 2278 3086 2333 aliis
3129 2277 3397 2333 omnibus
3425 2278 3496 2332 de
3523 2277 3655 2348 jure

2026 2375 2469 2445 emphyteuseos
2499 2372 2749 2442 sancitis,
2772 2377 2832 2428 et
2857 2373 2917 2428 in
2937 2371 3296 2428 sanctissima
3321 2371 3540 2442 majore
3561 2387 3653 2426 ec-

2024 2468 2217 2536 clesia,
2240 2469 2297 2522 et
2313 2467 2370 2521 in
2389 2467 2514 2521 aliis
2531 2467 2802 2522 omnibus
2813 2465 3233 2522 venerabilibus
3249 2465 3518 2520 domibus
3529 2481 3632 2536 pro
3644 2495 3658 2506 ο

2024 2561 2216 2632 prium
2242 2561 2418 2615 robur
2443 2560 2808 2628 habentibus,
2836 2559 3068 2616 licentia
3090 2559 3160 2614 sit
3184 2558 3555 2614 sanctissimis
3570 2575 3654 2612 ec-

2025 2654 2209 2709 clesiis
2225 2653 2714 2710 etvenerabilibus
2729 2653 2998 2710 domibus
3011 2653 3330 2709 adinvicem
3343 2656 3400 2708 et
3419 2653 3657 2723 emphy-

2023 2748 2230 2802 teusim
2253 2750 2590 2820 perpetuam
2611 2764 2804 2819 agere,
2829 2748 3061 2804 decreto
3083 2747 3295 2819 quippe
3311 2747 3420 2801 hoc
3437 2745 3648 2800 facien-

2025 2841 2120 2908 do,
2141 2843 2373 2912 excepta
2391 2839 2623 2912 quidem
2656 2841 2762 2899 hac
2795 2839 3150 2896 sanctissima
3165 2839 3384 2912 majore
3397 2837 3650 2894 ecclesia.

2023 2936 2085 2989 In
2117 2934 2228 2990 hoc
2257 2937 2452 2989 autem
2474 2934 2764 2989 celebrata
2783 2933 3168 3006 emphyteusi,
3195 2936 3262 2988 ut
3291 2949 3406 2988 non
3434 2931 3509 2986 ad
3535 2931 3650 3003 pri-

2024 3031 2212 3082 vatam
2256 3044 2566 3098 personam
2598 3027 2826 3083 extendi
2852 3027 3093 3083 omnino
3115 3026 3308 3098 possit.
3331 3027 3451 3082 Tua
3478 3025 3656 3096 igitur

2022 3120 2320 3176 beatitudo
2339 3138 2466 3192 quas.
2481 3122 2639 3192 jussa
2669 3123 2848 3176 sunta
2871 3121 3036 3176 nobis
3061 3119 3361 3188 custodiat,
3383 3118 3539 3174 ethis
3557 3117 3653 3191 qui

2022 3213 2126 3268 sub
2144 3231 2212 3268 ea
2233 3215 2707 3286 metropolitanas
2725 3211 3309 3270 sedes’habentfaciat
3323 3211 3652 3280 manifesta,

2023 3310 2086 3362 ut
2122 3312 2180 3363 et
2219 3307 2330 3379 ipsi
2355 3325 2481 3379 quae
2512 3308 2678 3363 nobis
2703 3309 3042 3379 placuerunt
3070 3309 3482 3378 cognoscentes
3510 3304 3654 3360 nihil

2023 3401 2230 3455 horum
2255 3401 2612 3472 praevaricari
2646 3403 3018 3472 praesumant.
3047 3401 3170 3455 Erit
3193 3400 3344 3454 enim
3375 3397 3653 3454 universis

2023 3509 2058 3548 a
2089 3493 2206 3548 Deo
2229 3491 2528 3564 judicium,
2561 3495 2620 3548 et
2639 3493 2842 3548 exinde
2871 3509 3060 3564 poena,
3086 3492 3132 3546 si
3151 3492 3286 3563 quid
3314 3495 3524 3563 praeter
3544 3491 3653 3547 hoc

2021 3589 2120 3640 aut
2145 3586 2254 3657 ipsi
2291 3586 2536 3658 egerint,
2569 3588 2668 3641 aut
2694 3587 2789 3658 agi
2827 3585 3214 3658 permiserint.
3252 3587 3378 3641 Dat.
3420 3601 3488 3641 xv
3527 3585 3650 3640 Kal.

2021 3679 2159 3734 Nov.
2213 3679 2673 3751 Constantinop.,
2717 3680 2855 3752 imp.
2909 3680 2965 3734 d.
3008 3697 3066 3734 n.
3107 3679 3311 3736 Justin.
3349 3681 3450 3736 PP.
3503 3679 3649 3750 Aug.

2023 3790 2158 3828 ann.
2192 3777 2248 3828 ll
2289 3777 2416 3845 post
2441 3773 2596 3840 Bilis,
2625 3789 2678 3828 γ.
2707 3790 2758 3828 c.
2787 3790 2943 3830 cons.

2590 3894 2908 3950 NOVELLA
2939 3895 3070 3950 LVI.

2031 3989 2098 4044 Ut
2120 4004 2202 4055 ea,
2235 4003 2357 4058 quae
2383 3993 2648 4043 vocantur
2674 3991 3012 4044 insinuativa
3041 4003 3204 4059 super
3232 3989 3436 4045 clericis
3461 3989 3520 4042 in
3543 4003 3660 4043 ma-

2085 4061 2209 4130 jore
2233 4060 2450 4130 quidem
2487 4061 2705 4116 ecclesia
2733 4061 2951 4126 dentur,
2982 4063 3042 4116 in
3067 4062 3195 4117 aliis
3219 4065 3402 4117 autem
3428 4061 3657 4116 ecclesiis

2088 4133 2310 4202 penitus
2336 4147 2442 4186 non
2467 4132 2684 4188 dentur.

2095 4243 2415 4314 Imperator
2435 4241 2790 4298 Justinianus
2807 4244 3094 4314 Augustus
3117 4242 3338 4298 Menum
3375 4238 3650 4312 archiepi-

2024 4351 2194 4406 scopo
2223 4333 2398 4406 regiaa
2430 4335 2672 4390 civitatis
2696 4335 3352 4406 Constantinopolitano.

2093 4427 2376 4483 Plurimas
2397 4427 2720 4483 additiones
2739 4427 3112 4500 suscipientes
3131 4429 3280 4483 hanc
3303 4428 3496 4499 legem
3526 4425 3658 4482 diri-

369 4524 517 4590 Quia
539 4540 674 4579 vero
701 4522 1072 4596 cognovimus
1099 4522 1256 4595 quod
1284 4520 1462 4593 aliqui
1487 4519 1693 4592 prioris
1722 4519 1925 4575 consti-
1943 4514 2002 4588 D
2027 4537 2158 4594 gere
2170 4520 2240 4576 ad
2254 4524 2414 4576 tuam
2426 4519 2828 4578 beatitudinem
2843 4522 3067 4594 justum
3080 4520 3656 4586 existimavimus.0ui

294 4617 538 4674 tutionis
549 4618 878 4690 capitulum,
897 4617 1054 4690 quod
1071 4616 1140 4671 de
1159 4613 1927 4688 permutationejcompeten-

293 4712 443 4768 tium
471 4728 666 4768 rerum
696 4710 1067 4766 sanctissimis
1093 4709 1356 4765 domibus
1377 4709 1453 4764 ad
1473 4707 1778 4780 imperium
1799 4707 1926 4762 scri-

294 4805 536 4879 psimus,
585 4805 657 4861 ad
713 4808 900 4860 artem
944 4805 1056 4876 legi
1094 4803 1444 4859 contrariam
1498 4804 1925 4869 converterunt,

294 4901 848 4972 postulaveruntque
874 4915 980 4955 nos
1006 4898 1239 4970 quidem
1254 4915 1288 4954 a
1309 4895 1666 4953 sanctissima
1683 4895 1928 4952 Ecclesia

297 4993 577 5065 accipere,
621 4992 709 5048 his
747 4995 939 5048 autem
985 4993 1108 5048 haec
1147 4993 1304 5060 dare,
1337 4991 1471 5047 hinc
1503 4989 1759 5064 aggressi
1796 4991 1930 5044 sunt

297 5087 464 5142 multi
508 5085 764 5159 quidam,
802 5086 898 5158 qui
941 5085 1218 5142 similibus
1256 5083 1629 5157 petitionibus
1661 5083 1928 5139 omnibus

297 5184 547 5250 utentes,
574 5197 792 5235 sacram
823 5179 1082 5236 nituntur
1114 5179 1529 5235 circumvenire
1570 5177 1929 5234 constitutio-

298 5291 454 5329 nem.
490 5274 858 5346 Quaecunque
890 5291 1029 5346 ergo
1057 5277 1216 5346 gesta
1245 5277 1379 5330 sunt
1406 5290 1438 5328 a
1466 5271 1632 5328 nobis
1647 5287 1824 5342 usque
1853 5271 1926 5328 ad

295 5371 641 5441 prmsentem
657 5367 832 5437 diem,
847 5368 968 5423 haec
982 5368 1084 5423 sub
1099 5366 1482 5434 schemate,in
1500 5381 1614 5438 quo
1627 5381 1778 5420 nunc
1798 5368 1929 5420 sunt

297 5478 536 5518 manere
560 5461 841 5531 volumus,
855 5463 1014 5517 nulla
1039 5461 1425 5534 permutando
1440 5461 1649 5515 horum
1669 5457 1925 5530 quaejam

297 5571 332 5610 a
345 5555 505 5610 nobis
515 5571 648 5610 cum
657 5555 1004 5611 sanctissima
1015 5555 1254 5612 Ecclesia
1269 5555 1328 5610 in
1337 5553 1541 5610 talibus
1551 5551 1930 5608 contractibus

299 5651 461 5722 gesta
478 5653 630 5717 sunt,
653 5654 752 5706 aut
775 5667 904 5705 cum
926 5649 1015 5705 his
1032 5649 1132 5722 qui
1150 5649 1274 5704 haec
1291 5665 1325 5704 a
1342 5647 1506 5704 nobis
1525 5650 1924 5720 perceperunt.

370 5745 449 5799 De
465 5745 670 5798 caetero
690 5746 882 5800 autem
903 5743 1190 5800 sancimus
1211 5742 1349 5798 nulli
1371 5743 1598 5814 penitus
1612 5743 1785 5798 ullam
1807 5756 1928 5795 esse

297 5835 588 5893 licentiam
623 5836 838 5911 aliquid
867 5838 979 5894 tale
1021 5853 1214 5910 agere,
1263 5835 1364 5892 sed
1391 5835 1514 5892 illas
1551 5837 1701 5893 solas
1739 5835 1927 5891 valere

2027 4615 2178 4670 enim
2207 4614 2596 4670 ordinantura
2615 4619 2710 4671 tua
2737 4615 3054 4672 reverentia
3084 4615 3272 4672 clerici
3290 4615 3350 4671 in
3377 4613 3657 4671 sanctissi-

2025 4709 2134 4765 mis
2159 4707 2405 4764 ecclesiis
2431 4709 2664 4782 (absque
2681 4714 2878 4766 tamen
2896 4710 3247 4767 sanctissima
3261 4709 3462 4782 majori
3487 4709 3657 4766 eccle-

2026 4802 2128 4874 sia)
2156 4801 2414 4858 omnium
2433 4802 2727 4874 patiuntur
2746 4803 3152 4873 crudelissima,
3173 4821 3290 4860 non
3309 4801 3658 4874 suscipienti-

2025 4895 2132 4952 bus
2151 4912 2251 4952 eos
2279 4895 2394 4951 illic
2419 4897 2690 4965 ecclesiis,
2711 4902 3027 4970 antequam
3049 4903 3326 4970 quantum
3350 4895 3653 4966 voluerint,

2027 4988 2311 5060 accipiant
2346 5005 2569 5046 aurum.
2606 4991 2674 5046 Et
2715 4991 2977 5047 novimus
3022 4991 3130 5046 hoc
3164 5007 3235 5046 ex
3264 4989 3659 5062 frequentibus

2027 5082 2419 5138 additionibus
2435 5083 2505 5139 de
2519 5083 2627 5140 hoc
2648 5084 2813 5140 factis
2824 5085 3008 5140 nobis.
3026 5083 3325 5142 Sancimus
3343 5084 3518 5156 igitur
3527 5085 3659 5140 bea-

2025 5175 2338 5232 titudinem
2377 5179 2538 5232 tuam
2587 5177 2693 5233 hoc
2741 5178 3090 5234 validissime
3135 5179 3440 5236 custodire.
3493 5181 3561 5235 Et
3609 5165 3657 5233 si

2029 5269 2263 5342 quidem
2293 5271 2648 5326 consuetudo
2673 5273 2760 5326 est
2791 5271 2931 5327 dare
2959 5289 3058 5329 eos
3087 5273 3185 5346 qui
3223 5273 3565 5330 ordinantur
3597 5272 3655 5327 in

2027 5363 2382 5420 sanctissima
2409 5364 2631 5436 majore
2659 5364 2922 5434 ecclesia,
2950 5367 3062 5424 hoc
3089 5383 3186 5424 eos
3210 5369 3486 5440 praebere.
3507 5364 3655 5422 Nihil

2029 5457 2185 5514 enim
2205 5457 2275 5513 de
2293 5456 2382 5512 his
2393 5473 2522 5528 qua:
2537 5457 2746 5514 dantur
2762 5458 2822 5514 in
2856 5461 3212 5518 sanctissima
3237 5461 3455 5534 majore
3483 5458 3656 5514 eccle-

2029 5551 2132 5618 sia,
2161 5566 2459 5605 novamus.
2483 5551 2768 5608 Praeterea
2786 5570 2922 5610 vero
2950 5555 3007 5611 in
3029 5555 3154 5611 aliis
3178 5553 3467 5620 omnibus,
3487 5551 3657 5608 nullis

2027 5643 2087 5698 in
2101 5643 2180 5698 eis
2209 5642 2541 5700 clericorum
2571 5645 2862 5704 licentiam
2883 5666 3006 5704 esse
3033 5647 3262 5720 penitus
3283 5662 3386 5718 pro
3407 5645 3496 5700 his
3525 5663 3656 5720 qua).

2029 5741 2304 5794 vocantur
2351 5737 2697 5797 insinuativa
2741 5741 2957 5814 aliquid
2987 5742 3157 5796 ferre.
3197 5739 3308 5796 Sed
3345 5743 3404 5794 et
3449 5739 3494 5795 si
3531 5742 3658 5814 quis

2027 5831 2143 5888 tale
2173 5830 2385 5904 aliquid
2415 5833 2615 5907 egerit,
2651 5834 2810 5892 illum
2833 5833 3062 5907 quidem
3075 5832 3288 5904 privari
3315 5833 3654 5908 sacerdotio,
