4076 6186
460 312 554 371 991

1613 321 1864 376 8.-Εουι1
1905 321 2097 376 SEXTI
2138 323 2692 380 SUPPLEMEN'I'I'M.

3721 321 3817 383 99‘2

457 424 519 478 in
565 424 715 480 illius
759 427 952 482 autem
989 427 1242 482 ofﬁcium
1282 427 1516 482 introire
1556 431 1655 502 qui
1716 431 1924 486 missus
1978 437 2082 501 est,
2107 427 2433 516 Ameﬁses,
2473 451 2541 488 ex
2572 450 2685 506 quo
2709 434 2830 488 haec
2851 435 2938 488 lex
2959 434 3246 490 insinuata
3266 435 3456 502 fuerit,
3485 434 3611 489 haec
3637 449 3820 489 corre-

461 522 519 574 et
543 520 690 575 hanc
731 537 863 575 eum
910 522 1157 576 avaritiae
1197 523 1346 576 ferre
1387 524 1732 580 mercedem.
1786 527 2084 583 Custodire

459 629 596 668 vero
627 615 749 668 haec
789 614 962 668 etiam
994 616 1110 669 Deo
1143 616 1566 671 amantissimos
1592 618 1925 675 defensores
1951 639 2082 677 san-

461 708 725 762 ctissimae
771 709 1007 778 majoris
1048 709 1320 776 ecclesias,
1367 728 1592 780 posnam
1630 714 2009 770 formidantes
2051 734 2085 774 Χ

460 801 734 855 librarum
784 801 929 868 auri,
985 803 1029 856 si
1085 803 1226 874 quid
1297 806 1670 874 neglexerint.
1736 807 1849 861 Sed
1911 811 2087 879 gratis

462 894 657 948 omnia
703 895 1034 964 procedere.
1068 897 1280 950 Deinde
1317 898 1528 952 etenim
1577 899 1979 956 defunctiones
2029 908 2088 958 et

460 987 798 1058 ministeria,
820 1006 936 1043 non
973 1006 1078 1060 per
1095 991 1504 1057 venditionem,
1526 1010 1629 1046 nec
1659 1011 1760 1064 per
1791 997 2087 1051 mercatio-

460 1098 591 1134 nem
639 1083 760 1136 ﬁeri
805 1082 1057 1154 aliquam
1086 1087 1366 1150 volumus,
1417 1087 1517 1140 sed
1561 1104 1700 1158 pure
1743 1095 1799 1143 et
1827 1089 1966 1145 citra
1993 1108 2082 1145 re-

457 1175 868 1246 demptionem.
916 1177 1006 1232 Sic
1033 1179 1186 1232 enim
1221 1179 1298 1233 rei
1331 1179 1488 1249 digni
1526 1180 1666 1234 ﬁent
1699 1183 1853 1237 nulla
1892 1185 2085 1239 vendi-

455 1268 612 1322 tione
641 1286 705 1322 ac
727 1271 1074 1324 mercatione
1115 1272 1392 1326 facienda.
1425 1275 1544 1328 Tua
1575 1275 1749 1345 igitur
1766 1278 2082 1347 beatitudo,

457 1367 513 1416 et
543 1362 642 1432 qui
667 1367 866 1433 postea
896 1365 954 1417 in
984 1364 1337 1435 pontiﬁcales
1361 1369 1706 1422 accesserint
1737 1371 1922 1441 sedes,
1957 1389 2083 1443 quae

455 1473 488 1508 a
511 1455 676 1509 nobis
703 1457 964 1512 ordinata
991 1461 1142 1528 sunt,
1177 1462 1234 1513 et
1277 1476 1382 1530 per
1423 1461 1571 1515 hanc
1617 1462 1906 1519 declarata
1952 1469 2086 1520 sunt

454 1549 666 1620 legem,
709 1550 869 1620 operi
903 1550 1240 1623 eﬁ'ectuique
1291 1554 1520 1608 tradere
1560 1555 1810 1612 festinet.
1854 1559 1977 1613 Dat.
2023 1576 2083 1614 III

455 1641 580 1696 Kal.
609 1643 746 1696 Nov.
777 1644 1072 1699 Constant.
1105 1645 1248 1717 imp.
1277 1647 1331 1702 d.
1365 1665 1420 1702 η.
1449 1649 1650 1704 Justin.
1685 1654 1831 1722 Aug.
1864 1669 1958 1706 an.
1994 1657 2080 1722 ll,

455 1739 585 1807 post
608 1736 756 1790 Bilis.
786 1753 838 1792 v.
869 1754 915 1792 c.
941 1754 1095 1793 cons.
1127 1756 1262 1794 ann.
1294 1744 1344 1795 2.

1015 1842 1334 1898 NOVELLA
1361 1846 1514 1900 LVII.

533 1924 598 1977 Ut
631 1925 689 1977 in
716 1927 955 1992 privatis
982 1925 1226 1980 domibus
1251 1943 1408 1983 sacra
1433 1933 1693 1998 mystem'a
1718 1947 1826 1986 non
1851 1936 2006 2002 ﬁant.

525 2015 842 2086 Imperator
863 2019 1215 2074 Justinianus
1239 2025 1522 2092 Augustus
1547 2025 1766 2080 Mennze
1793 2026 2078 2098 archiepi-

455 2123 624 2178 scopo
652 2110 825 2179 regia:
854 2111 1094 2166 civitatis
1120 2114 1778 2187 Constantinopolitano.

521 2203 587 2255 Et
611 2203 809 2273 priscis
829 2206 1108 2260 sancitum
1135 2211 1219 2261 est
1237 2209 1610 2279 legibusjnnlli
1633 2213 1858 2281 penitus
1880 2230 2000 2268 esse
2022 2213 2083 2267 li-

451 2295 699 2349 centiam
721 2296 880 2351 domi
899 2315 1023 2368 quin
1045 2301 1423 2356 sacratissima
1437 2308 1565 2357 sunt
1583 2321 1775 2373 agere,
1791 2306 2083 2376 sedpubli-

453 2403 515 2441 ce
528 2388 716 2443 sinere
730 2393 1043 2460 procedere
1059 2395 1312 2449 incredul
1323 2396 1582 2450 itatemet
1594 2398 1688 2451 Dei
1705 2400 1985 2453 culturam
1999 2418 2083 2453 se~

451 2481 698 2535 cundum
720 2485 1072 2540 sanctionem
1097 2487 1167 2541 de
1193 2489 1281 2541 his
1295 2490 1529 2544 sacratis
1550 2491 1768 2545 actibus
1790 2493 2078 2563 traditam,

452 2577 510 2628 et
525 2591 628 2628 nos
651 2575 822 2630 etiam
845 2578 992 2632 hanc
1013 2580 1070 2633 in
1093 2584 1361 2651 priesenti
1381 2583 1646 2654 ponimus
1674 2587 1884 2655 legem,
1905 2603 2081 2657 quam

451 2683 581 2721 cum
602 2669 760 2722 omni
776 2672 998 2726 cautela
1014 2675 1210 2728 tenere
1228 2677 1508 2730 volumus.
1535 2677 1811 2732 Omnibus
1830 2679 1985 2733 enim
1999 2680 2082 2734 in-

449 2760 778 2816 terdicimus
791 2780 1016 2835 magna}
1031 2766 1198 2836 hujus
1210 2768 1445 2823 civitatis
1458 2770 2080 2844 habitatoribus,magis

450 2856 642 2908 autem
667 2855 838 2910 etiam
875 2859 1049 2913 totius
1075 2865 1281 2916 nostra:
1308 2862 1556 2930 ditionis,
1577 2865 1635 2918 in
1664 2865 1925 2920 domibus
1966 2867 2081 2921 suis

451 2945 662 3001 habere
691 2951 969 3019 quasdam
995 2954 1157 3023 quasi
1198 2956 1524 3010 orationum
1565 2958 1789 3024 domos,
1819 2962 1876 3012 et
1904 2959 1962 3012 in
1991 2959 2081 3014 his

450 3055 610 3092 sacra
631 3042 916 3098 celebrare
930 3048 1224 3116 mysteria,
1241 3049 1442 3104 ethinc
1458 3050 1579 3104 ﬁeri.
1599 3051 1866 3121 quaedam
1881 3053 2077 3106 catho-

449 3130 573 3186 lica!
599 3137 654 3186 et
673 3137 998 3204 apostolicm
1027 3139 1318 3194 traditioni
1337 3145 1626 3198 extranea.
1649 3144 1757 3199 Sed
1777 3145 1825 3198 si
1841 3145 2076 3215 quidem

451 3223 657 3280 domos
686 3225 763 3280 ita
789 3228 1121 3300 simpliciter
1142 3233 1316 3304 aliqui
1343 3235 1557 3290 habere
1579 3239 1784 3307 putant
1810 3243 2076 3309 oportere

447 3317 508 3371 in
553 3319 724 3374 sacris
763 3321 899 3388 suis,
938 3325 1215 3380 orationis
1258 3327 1522 3382 videlicet
1555 3330 1728 3384 solius
1770 3331 1973 3402 gratia,
2021 3336 2078 3386 et

447 3413 604 3466 nullo
640 3414 988 3471 celebrando
1037 3419 1268 3490 penitus
1308 3421 1535 3490 horum,
1581 3440 1709 3494 quas
1761 3425 1907 3479 sacri
1947 3429 2080 3480 sunt

449 3506 724 3576 mysterii,
753 3508 860 3563 hoc
893 3510 975 3564 eis
1003 3513 1413 3582 permittimus.
1456 3516 1674 3572 Invidia
1721 3518 1878 3572 enim
1920 3520 2077 3574 nulla

448 3602 551 3665 est,
574 3598 620 3652 si
637 3601 834 3655 volunt
847 3601 988 3658 citra
1005 3604 1125 3659 haec
1139 3606 1351 3662 habere
1365 3608 1688 3665 habitacula
1707 3611 1996 3682 quasdam,
2019 3616 2078 3667 et

447 3689 505 3744 in
534 3691 616 3745 eis
642 3698 920 3766 tanquam
947 3697 1004 3750 in
1032 3698 1206 3753 sacris
1232 3717 1413 3767 orare,
1441 3702 1565 3757 aliis
1591 3706 1787 3758 autem
1809 3705 2075 3760 omnibus

448 3785 754 3842 abstinere.
789 3789 905 3843 Nisi
931 3793 1125 3846 tamen
1154 3793 1211 3847 in
1245 3793 1327 3848 eis
1353 3796 1637 3850 voluerint
1667 3797 1884 3868 aliquos
1932 3799 2073 3853 invi-

449 3880 567 3930 tare
595 3880 848 3950 clericos,
882 3882 972 3936 hic
1000 3885 1235 3955 quidem
1271 3889 1646 3944 sanctissima:
1692 3891 1929 3962 majoris
1978 3909 2072 3946 ec-

447 3969 632 4024 clesiae
665 3975 723 4026 et
749 3973 852 4026 sub
894 3991 959 4029 ea
1001 3977 1490 4035 sanctissimarum
1530 3983 1830 4051 domuum,
1879 3986 2074 4041 volun-

445 4065 564 4117 tate
585 4081 652 4118 ac
675 4066 1015 4136 probatione
1043 4071 1382 4126 sanctissimi
1409 4075 1819 4148 archiepiscopi
1855 4079 1928 4132 ad
1964 4079 2074 4134 hoc

446 4155 764 4227 deputatas,
789 4159 846 4214 in
872 4162 1166 4231 provincia
1187 4181 1320 4219 vero
1341 4167 1456 4220 Deo
1477 4168 1815 4223 amabilium
1855 4171 2070 4241 episco-

443 4265 668 4320 porum.
693 4253 853 4308 Nulla
876 4255 1126 4310 novitate
1153 4257 1274 4311 sedi
1297 4259 1418 4329 ejus
1438 4259 1808 4316 beatitudinis
1836 4280 1901 4317 ex
1933 4281 2075 4334 prae-

443 4343 586 4397 senti
616 4349 813 4400 nostra
839 4348 965 4419 lege
999 4349 1279 4419 facienda,
1302 4352 1450 4407 circa
1481 4353 1777 4409 existentia
1806 4356 1854 4410 ei
1887 4357 2069 4428 quoli-

442 4435 538 4491 bet
581 4439 753 4494 modo
793 4440 851 4494 in
893 4443 1371 4513 ordinationibus,
1421 4451 1519 4500 aut
1560 4448 2072 4518 gubernationibus

2103 1811 2158 1884 B

2186 528 2388 594 xerint,
2407 531 2466 582 et
2490 527 2563 582 ad
2583 528 2831 599 ﬁguram
2859 545 2892 582 a
2912 527 3074 582 nobis
3096 528 3425 583 ordinatam
3453 528 3816 594 deduxerint,

2187 622 2290 675 sub
2319 622 2588 692 praedicta
2607 639 2774 692 poena
2805 622 2964 676 ﬁent.
2985 623 3112 677 Ilaec
3129 625 3322 676 autem
3349 622 3440 692 agi
3460 639 3588 675 cum
3608 621 3814 676 verita-

2187 721 2261 780 te,
2295 732 2410 769 non
2442 732 2544 785 per
2565 716 2821 786 aliquam
2840 715 3188 771 calumniam
3206 717 3486 782 volumus,
3527 715 3816 769 veracium

2189 808 2343 862 enim
2380 809 2747 864 solummodo
2795 826 2988 863 sumus
3023 814 3326 864 amatores.
3365 810 3488 863 Haec
3528 810 3819 863 sancimus

2185 906 2344 956 tuam
2367 902 2650 956 custodire
2666 902 3084 970 celsitudinem,
3103 907 3161 956 et
3183 903 3322 956 nihil
3337 904 3450 957 tale
3471 903 3594 956 ﬁeri
3617 919 3818 958 conce-

2187 995 2342 1049 dere.
2361 996 2511 1050 Scito
2525 995 2680 1049 enim
2697 996 2830 1066 quia
2857 997 2904 1048 si
2919 996 3311 1060 didicerimus,
3342 996 3439 1050 tibi
3464 997 3574 1050 tale
3600 995 3821 1067 aliquid

2187 1088 2613 1154 denuntiatum,
2630 1089 2838 1143 deinde
2859 1106 2975 1144 non
2992 1089 3356 1160 prohibuisti,
3377 1093 3474 1143 aut
3491 1093 3574 1158 tu,
3589 1094 3822 1144 autsuc-

2185 1198 2438 1235 cessores
2463 1181 2545 1236 tui
2567 1182 2894 1253 quicunque
2910 1182 3108 1249 futuri,
3131 1183 3251 1252 ipse
3271 1182 3502 1252 quidem
3529 1182 3817 1253 quinqua-

2186 1273 2346 1345 ginta
2369 1275 2639 1329 librarum
2657 1275 2782 1329 auri
2807 1292 3061 1346 expones
3083 1292 3334 1346 poenam,
3358 1275 3455 1329 sed
3485 1280 3544 1329 et
3573 1276 3672 1346 qui
3698 1293 3819 1330 suc-

2184 1383 2436 1422 cessores
2467 1368 2682 1437 cinguli
2709 1369 2940 1423 fuerint.
2963 1370 3178 1423 Parens
3199 1372 3392 1422 autem
3421 1369 3522 1422 tibi
3560 1369 3818 1423 ofﬁcium

2185 1461 2485 1516 sustinebit
2518 1461 2670 1515 idem
2719 1462 3021 1528 damnum,
3057 1461 3102 1516 si
3130 1478 3254 1515 rem
3293 1462 3456 1516 nobis
3499 1462 3818 1516 studiosam

2185 1559 2243 1609 et
2273 1554 2644 1609 sanctissimas
2678 1553 2935 1610 Ecclesiae
2972 1554 3391 1609 custodientem
3425 1555 3732 1621 unitatem,
3765 1559 3823 1610 et

2183 1648 2591 1720 prohibentem
2615 1664 2741 1719 quae
2769 1665 2802 1702 a
2820 1649 2982 1703 nobis
3007 1652 3206 1719 aperte
3225 1648 3530 1704 interdicta
3544 1652 3702 1714 sunt,
3726 1648 3821 1719 agi

2181 1743 2431 1796 latenter
2467 1757 2698 1812 passum
2731 1746 2836 1809 est,
2875 1744 2934 1796 et
2967 1742 3259 1813 despicere
3309 1742 3710 1809 commissum,
3765 1746 3822 1798 et

2182 1835 2330 1889 circa
2345 1835 2530 1905 ipsum
2545 1835 2842 1905 cingulum
2859 1835 3293 1906 periclitabitur,
3316 1835 3550 1906 insuper
3562 1839 3620 1889 et
3635 1836 3818 1906 ipsam

2183 1929 2419 1983 domum
2450 1928 2509 1982 in
2547 1945 2662 1999 qua
2701 1929 2918 2000 aliquid
2959 1929 3073 1983 tale
3101 1929 3313 2000 agitur,
3345 1929 3471 1984 ﬁeri
3499 1929 3816 2000 publicam,

2183 2026 2241 2076 et
2289 2023 2392 2076 sub
2437 2022 2882 2076 sacratissimum
2919 2022 3114 2077 venire
3163 2022 3454 2077 aerarium.
3521 2023 3816 2093 Scriptum

2183 2115 2473 2186 exemplar
2498 2133 2531 2170 a
2562 2115 2726 2170 nobis
2753 2120 2811 2170 et
2851 2116 3212 2170 sanctissimo
3254 2115 3595 2186 patriarchae
3638 2115 3818 2169 felicis

2181 2209 2350 2280 hujus
2393 2208 2565 2274 urbis,
2599 2212 2662 2262 ut
2701 2214 2758 2264 et
2797 2209 2917 2280 ipse
2959 2210 3126 2279 hujus
3158 2213 3337 2280 ponat
3379 2209 3462 2263 rei
3507 2208 3818 2279 providen-

2181 2304 2340 2358 tiam.
2383 2303 2652 2357 Volumus
2690 2302 2844 2356 enim
2886 2303 3320 2357 sacerdotaliter
3369 2307 3428 2356 et
3463 2301 3820 2373 judicialiter

2181 2397 2304 2450 haec
2331 2398 2552 2450 servata
2574 2395 2781 2450 durare
2804 2396 2862 2449 in
2878 2396 3162 2466 reliquum
3180 2400 3404 2466 tempus
3433 2402 3490 2450 et
3505 2395 3821 2449 immutila-

2181 2493 2257 2544 ta.
2292 2491 2418 2544 Dat.
2446 2506 2506 2543 in
2535 2506 2588 2544 Ν.
2617 2490 2758 2544 Nov.
2783 2490 3074 2544 Constant.
3111 2490 3252 2561 imp.
3280 2489 3335 2544 d.
3367 2507 3425 2544 n.
3467 2489 3676 2544 Justin.
3712 2489 3813 2542 PP.

2180 2587 2348 2654 Aug.,
2383 2600 2519 2637 ann.
2547 2586 2603 2637 ll
2637 2586 2766 2654 post
2793 2583 2941 2636 Bilis.
2966 2600 3017 2636 v.
3041 2600 3088 2637 c.
3119 2600 3274 2638 cons.

2732 2700 3046 2754 NOVELLA
3087 2700 3264 2754 LVIII.

2181 2799 2255 2849 De
2278 2795 2502 2856 clericis,
2532 2796 2630 2863 qui
2645 2810 2680 2847 ιι
2708 2796 2823 2847 suis
2853 2794 3174 2848 destiterunt
3193 2795 3444 2848 ecclesiis.
3477 2795 3612 2846 Item
3639 2793 3711 2848 de
3737 2793 3819 2848 his

2649 2867 2743 2934 qui
2767 2867 3009 2918 oratoria
3039 2865 3332 2932 wdiﬁcant.

2249 2959 2568 3029 Imperator
2593 2957 2944 3012 Justinianus
2977 2958 3264 3027 Augustus
3313 2957 3531 3012 Mennze
3574 2955 3812 3010 sanctis-

2178 3051 2323 3106 simo
2344 3051 2513 3121 hujus
2559 3051 2735 3122 regiae
2782 3050 2936 3104 urbis
2984 3051 3433 3121 archiepiscopo,
3477 3053 3533 3104 et
3566 3048 3817 3104 universi

2180 3145 2303 3216 ejus
2331 3147 2545 3200 tractus
2573 3144 2932 3216 patriarchas.

2249 3239 2401 3293 Multi
2419 3255 2816 3308 saepenumero
2829 3236 3041 3303 clerici,
3059 3236 3229 3291 certis
3240 3238 3509 3290 vacantes
3521 3235 3812 3302 oratoriis,

2179 3336 2276 3386 aut
2303 3332 2476 3385 etiam
2497 3348 2598 3402 pro
2614 3331 2898 3402 aliquibus
2923 3332 3070 3385 forte
3101 3329 3418 3400 subrogati,
3441 3329 3608 3383 simul
3638 3333 3812 3399 atque

2177 3427 2498 3480 solemnem
2518 3424 2917 3495 erogationcm
2935 3427 3344 3495 perceperunt,
3363 3439 3397 3477 a
3417 3421 3595 3476 sacris
3614 3439 3674 3476 se
3695 3438 3816 3492 my-

2177 3518 2362 3573 steriis
2380 3518 2437 3572 in
2455 3518 2786 3572 universum
2809 3520 3123 3588 segregant
3143 3517 3308 3588 (quas
3330 3515 3403 3571 ob
3429 3533 3654 3582 causas,
3688 3531 3808 3569 me-

2175 3611 2284 3665 lius
2311 3610 2419 3682 ipsi
2438 3613 2734 3681 noverunt)
2751 3614 2850 3665 aut
2869 3626 3231 3682 quacumque
3247 3607 3542 3664 occasione
3575 3625 3610 3662 a
3627 3624 3816 3662 sacro-

2176 3708 2370 3758 sancta
2395 3704 2631 3760 omnino
2656 3703 2892 3759 ecclesia
2920 3703 2979 3758 in
3009 3720 3122 3775 qua
3160 3702 3480 3757 consistunt
3508 3701 3810 3756 recedunt.

2176 3797 2472 3853 Sancimus
2498 3798 2675 3868 igitur
2710 3815 2782 3852 ne
2825 3814 2985 3852 sacro
3022 3797 3081 3852 id
3120 3795 3603 3867 impedimentum
3644 3793 3814 3848 mini-

2175 3891 2344 3946 sterio
2371 3891 2684 3962 ingeratur,
2717 3891 2815 3945 sed
2844 3909 2877 3945 a
2909 3891 3008 3946 Dei
3053 3889 3456 3944 amantissimis
3503 3889 3810 3960 episcOpis,

2175 3985 2279 4039 sub
2299 4001 2542 4056 quorum
2557 3984 2732 4039 tutela
2751 3985 2841 4038 hae
2858 3983 3106 4038 ecclesiae
3127 3983 3446 4038 constituta;
3474 3987 3629 4048 sunt,
3651 3982 3710 4036 in
3739 3983 3808 4036 il-

2174 4079 2360 4133 lorum
2383 4079 2566 4132 locum
2595 4078 2688 4132 alii
2710 4077 3079 4143 sufﬁciantur,
3097 4076 3196 4147 qui
3210 4076 3320 4130 ista
3339 4075 3678 4147 percipiant.
3699 4076 3808 4130 Ne-

2173 4188 2284 4242 que
2303 4170 2459 4224 enim
2483 4170 2610 4223 ullis
2634 4169 2950 4224 concedere
2976 4171 3237 4224 volumus
3254 4172 3318 4222 ut
3342 4185 3410 4222 ea
3427 4184 3559 4239 quae
3576 4169 3649 4223 ab
3670 4168 3806 4239 ipsis

2171 4266 2268 4318 aut
2299 4280 2401 4334 per
2425 4263 2577 4334 ipsos
2603 4263 2977 4318 sacrosanctis
3013 4263 3135 4334 jam
3173 4261 3423 4316 ecclesiis
3461 4267 3802 4332 erogantur,

2172 4357 2232 4411 in
2259 4374 2426 4412 suum
2461 4358 2684 4411 lucrum
2732 4361 3088 4412 convertant.
3131 4355 3430 4426 Siquidem
3473 4357 3629 4409 nullo
3659 4372 3802 4425 prai-

2172 4454 2328 4505 textu
2355 4454 2455 4506 aut
2486 4451 2782 4505 occasione
2809 4451 3069 4505 volumus
3101 4452 3159 4503 ut
3188 4466 3254 4504 ex
3293 4449 3538 4504 aliorum
3585 4448 3808 4503 defrau-

442 4529 552 4597 hic,
583 4537 680 4612 aut
705 4533 761 4587 in
786 4535 1090 4604 provinciis
1113 4537 1268 4608 jura,
1298 4539 1398 4593 sed
1422 4541 1692 4595 omnibus
1712 4542 1889 4597 etiam
1915 4561 2070 4598 com-
2089 4545 2148 4616 Ι)
2172 4543 2400 4598 datione
2427 4544 2549 4599 aliis
2566 4545 2789 4599 lucrum
2813 4544 3051 4599 accedat
3074 4561 3087 4608 ;
3108 4543 3204 4598 sed
3223 4546 3283 4596 ut
3304 4541 3801 4612 quemadmodum

439 4625 766 4693 petentibus
783 4629 834 4681 ei
849 4630 1292 4699 quolibetmodo
1309 4636 1365 4686 et
1385 4637 1644 4704 tempore
1671 4635 1809 4690 ratis
1831 4654 1980 4692 nunc
2012 4641 2070 4691 et
2134 4688 2150 4710 χ
2171 4655 2412 4709 qumque
2435 4637 2558 4708 jam
2577 4637 2711 4691 inde
2736 4637 2807 4691 ab
2835 4637 2994 4691 initio
3019 4640 3256 4707 erogata
3273 4641 3425 4704 sunt,
3449 4635 3530 4689 ita
3558 4639 3619 4690 et
3634 4651 3804 4706 porro

440 4717 498 4770 in
513 4733 686 4772 omne
705 4721 988 4792 reliquum
1013 4727 1234 4795 tempus
1256 4727 1576 4782 servandis:
1602 4729 1886 4784 sancimus
1907 4734 2068 4785 tuam

439 4810 560 4866 haec
594 4829 933 4870 conservare
965 4817 1234 4886 gloriam,
1271 4822 1330 4872 et
1354 4821 1654 4876 manifesta
1676 4823 1942 4878 omnibus
1965 4841 2070 4896 per

441 4904 657 4960 litteras
672 4908 930 4980 proprias
949 4911 1314 4979 constituere,
1341 4919 1738 4986 quatenusper
1764 4917 1958 4971 omnia
1981 4935 2069 4972 va-

440 4998 555 5051 leat
581 5000 687 5054 lex.
723 5003 851 5058 Ilzec
879 5004 1033 5058 enim
1063 5008 1121 5059 et
1145 5005 1559 5075 gloriosissimo
1585 5011 1856 5078 praefecto
1891 5010 2069 5065 felicis

438 5089 607 5160 hujus
630 5095 802 5161 urbis,
836 5101 893 5151 et
919 5098 1276 5154 sanctissimo
1295 5100 1746 5173 archiepiscopo,
1771 5108 1827 5156 et
1850 5104 2070 5158 univer-

439 5183 542 5236 sali
571 5187 906 5254 patriarcha:
929 5193 1310 5264 praecipimus,
1341 5199 1402 5249 ut
1427 5210 1494 5250 ex
1530 5195 1676 5249 civili
1718 5201 1770 5250 et
1815 5199 2070 5253 sacerdo-

438 5275 536 5330 tali
558 5277 762 5333 virtute
790 5281 909 5336 haec
930 5293 1204 5356 perpetue
1240 5287 1653 5343 custodiantur.
1680 5289 1876 5345 Sciant
1913 5293 2068 5346 enim

437 5375 494 5424 et
528 5369 635 5442 ipsi
687 5372 962 5430 domuum
1001 5378 1240 5448 domini,
1293 5383 1428 5453 quia
1476 5384 1519 5438 si
1565 5400 1680 5438 non
1723 5384 1843 5439 haec
1888 5388 2070 5440 custo-

435 5463 666 5535 dierint,
698 5465 804 5538 ipsi
845 5468 1080 5539 quidem
1115 5473 1218 5526 sub
1250 5474 1527 5546 imperiali
1568 5478 1711 5532 ﬁent
1741 5481 1922 5548 motu,
1971 5479 2068 5534 do-

431 5574 560 5613 mus
582 5563 777 5616 autem
807 5561 865 5617 in
889 5562 1096 5634 quibus
1118 5565 1335 5636 aliquid
1363 5571 1474 5624 tale
1497 5571 1705 5642 agitur,
1739 5575 1797 5627 et
1825 5571 2068 5644 publica:

433 5651 587 5724 ﬁent,
611 5657 668 5710 et
687 5656 792 5710 sub
821 5657 1272 5714 sacratissimum
1305 5666 1562 5718 nostrum
1589 5666 1857 5720 mrarium
1893 5665 2068 5721 dedu-

433 5749 650 5802 centur.
673 5748 731 5804 Si
754 5754 950 5807 autem
979 5756 1036 5808 et
1068 5753 1290 5824 aliques
1313 5755 1597 5826 contingit
1619 5759 1730 5812 tale
1759 5758 1974 5829 aliquid
2006 5759 2065 5813 in

434 5837 548 5892 suis
586 5839 797 5899 habere
844 5845 1115 5904 domibus
1163 5847 1358 5922 sciant
1394 5849 1547 5920 quod
1590 5849 1699 5906 nisi
1744 5851 1893 5906 intra
1946 5858 2066 5908 tres

2167 4730 2381 4800 absque
2407 4731 2521 4784 ulla
2544 4730 2816 4802 temporis
2831 4729 3211 4802 prwﬁnitione
3235 4731 3599 4800 praestentur,
3619 4744 3808 4798 neque

2169 4840 2394 4878 sacrum
2425 4841 2495 4878 ea
2533 4840 2593 4878 re
2627 4823 3006 4879 ministerium
3046 4826 3446 4893 corrumpatur
3482 4825 3540 4875 el
3577 4821 3805 4875 interci-

2170 4917 2286 4983 dat,
2320 4918 2538 4970 nullam
2576 4917 2864 4972 licentiam
2895 4916 3176 4972 habituris
3202 4915 3290 4970 liis
3317 4915 3415 4986 qui
3443 4914 3517 4969 ab
3558 4915 3810 4969 ecclesiis

2170 5010 2532 5078 destiterunt,
2565 5014 2873 5081 postquam
2902 5012 2990 5064 vel
3021 5009 3429 5064 asanctiSsimo
3461 5008 3808 5079 patriarcha,

2168 5105 2254 5157 vel
2289 5103 2734 5174 provincialibus
2781 5104 3060 5176 episc0pis
3091 5103 3148 5158 in
3188 5102 3422 5157 illorum
3471 5103 3666 5155 locum
3717 5101 3809 5155 alii

2168 5197 2456 5268 subrogati
2497 5201 2646 5266 sunt,
2682 5201 2744 5253 ut
2783 5201 2883 5253 aut
2910 5197 3048 5268 ipsis
3076 5197 3417 5267 subrogatos
3442 5194 3582 5248 inde
3611 5195 3806 5250 detru-

2169 5291 2327 5358 dant,
2356 5290 2402 5344 si
2429 5291 2658 5361 regredi
2681 5291 2874 5358 velint,
2894 5297 2991 5346 aut
3018 5307 3115 5345 eos
3136 5290 3234 5360 qui
3251 5289 3310 5343 id
3337 5287 3695 5358 erogationis
3721 5305 3814 5359 ge-

2168 5401 2276 5438 nus
2291 5384 2594 5454 sustinent,
2627 5384 3060 5456 condnplicatas
3091 5384 3386 5454 impensas
3411 5381 3809 5452 suppeditare,

2169 5481 2226 5531 et
2249 5481 2364 5532 tam
2385 5477 2728 5549 subrogatis,
2748 5494 2924 5550 quam
2943 5477 3078 5548 ipsis
3100 5477 3198 5548 qui
3212 5475 3402 5530 redire
3433 5475 3655 5542 volunt,
3674 5491 3814 5547 pm

2165 5571 2304 5626 bere
2337 5571 2700 5644 compellant.
2723 5571 2835 5628 Sed
2857 5571 2941 5642 (ut
2971 5569 3389 5642 simplicissime
3419 5567 3708 5638 dicamus,
3736 5568 3815 5624 illi

2169 5663 2424 5735 quidem,
2460 5665 2506 5719 si
2539 5663 2799 5732 redeant,
2845 5681 2962 5720 non
3003 5663 3390 5737 recipiantur;
3435 5662 3524 5716 his
3550 5680 3688 5720 vero
3717 5661 3815 5735 qui

2167 5760 2296 5828 post
2337 5757 2594 5828 priorum
2636 5757 2952 5813 discessum
2988 5758 3210 5815 suffecti
3245 5765 3400 5830 sunt,
3436 5759 3812 5832 praebeantur

2165 5851 2520 5924 provisiones
2547 5852 2901 5926 annonariae,
2936 5853 3091 5912 nullo
3122 5853 3278 5911 lucro
3326 5852 3534 5913 exinde
3573 5851 3665 5910 his
3711 5852 3813 5925 qui
