4076 6186
224 295 328 347 993

1097 280 1467 344 JUSTINIANI
1505 284 1834 343 NOVELLxE
1871 285 2202 343 SELECT/E.
2245 287 2550 344 NOVELLA
2589 284 2717 343 LIX.

3485 291 3586 346 994

223 397 598 471 suppeditare
620 398 808 453 solent
825 395 1152 452 accedente.
1172 398 1244 451 Ut
1261 396 1358 466 qui
1375 395 1510 450 talia
1528 395 1858 450 lucrifacere
1882 408 1940 480 Α
1961 396 2120 451 litate
2140 413 2243 452 sua
2264 413 2368 468 per
2387 397 2529 452 duas
2548 397 2935 469 pragmaticas
2957 398 3174 453 formas
3195 400 3416 452 certum
3439 399 3586 455 redi-

225 490 660 558 attentaverint,
695 489 852 546 omni
892 489 1066 545 modo
1107 489 1431 560 subrogatis
1464 488 1535 542 ab
1573 488 1710 560 ipsis
1739 493 1858 542 tam

220 585 642 658 promissiones
686 583 1035 639 annonarias
1080 599 1256 654 quam
1290 582 1431 637 alias
1472 581 1856 652 erogationes,

220 683 348 734 tam
375 678 482 750 ipsi
509 695 684 748 quam
711 678 972 732 haeredes
1003 694 1068 732 ac
1098 693 1452 732 successores
1481 681 1682 730 eorum
1709 692 1856 746 prai-

221 772 429 827 beant:
451 771 695 826 scientes
715 771 870 842 quod
887 771 930 824 si
953 770 1128 825 etiam
1149 772 1350 841 postea
1368 769 1856 835 defraudaverint,

137 860 146 870 ’
223 869 383 920 certa
413 882 479 920 ex
510 865 740 920 illorum
767 863 1114 936 patrimonio
1143 862 1426 935 possessio
1457 862 1631 916 sacris
1653 862 1861 916 nostris

223 959 400 1014 rebus
439 958 675 1030 privatis
704 957 1105 1028 segregabitur
1138 962 1199 1012 ut
1228 955 1340 1010 illis
1371 955 1577 1010 exinde
1605 956 1704 1010 fiat
1732 972 1857 1011 ero-

225 1052 402 1124 gatio.
435 1051 578 1106 Illud
603 1067 832 1122 quoque
855 1051 928 1106 ad
960 1051 1240 1105 honorem
1273 1053 1532 1104 nostrum
1559 1053 1618 1103 et
1645 1050 1859 1103 cultum

227 1146 380 1200 sedis
397 1150 507 1201 tuae
533 1145 915 1212 decernimus,
935 1147 997 1198 ut
1017 1143 1062 1198 si
1082 1143 1208 1216 quis
1228 1142 1518 1198 aediﬁcans
1538 1141 1858 1208 ecclesiam,

227 1243 331 1294 aut
354 1239 531 1294 etiam
557 1239 725 1293 aliter
745 1237 1076 1310 expendens
1103 1237 1160 1291 in
1189 1253 1258 1291 ea
1283 1235 1745 1291 ministrantibus
1765 1235 1862 1289 ali-

225 1337 428 1388 menta
457 1331 704 1388 voluerit
742 1332 964 1404 aliquos
1009 1331 1246 1386 clericos
1285 1333 1554 1397 statuere,
1589 1346 1705 1384 non
1739 1345 1860 1384 esse

224 1427 280 1482 ei
313 1427 588 1481 fiduciam
619 1426 813 1492 ullam,
847 1441 992 1496 quos
1017 1425 1135 1479 vult
1163 1441 1267 1496 per
1301 1427 1648 1495 potestatem
1679 1423 1858 1476 dedu-

226 1537 359 1576 cere
382 1524 496 1574 tua:
524 1519 860 1574 reverentiae
887 1519 959 1572 ad
986 1517 1336 1573 ordinandos
1362 1534 1488 1584 eos;
1522 1516 1622 1570 sed
1644 1515 1858 1570 exami-

225 1615 414 1670 naria
437 1616 537 1668 tua
567 1612 889 1679 sanctitate,
919 1611 1320 1682 sententiaque
1344 1614 1460 1678 tua,
1485 1615 1540 1664 et
1558 1609 1655 1682 qui
1676 1609 1864 1681 ponti-

224 1708 458 1762 ﬁcalem
477 1707 674 1761 sedem
695 1705 972 1773 rexerint,
1002 1722 1232 1776 semper
1251 1705 1357 1760 hos
1387 1704 1672 1776 suscipere
1705 1703 1858 1759 ordi-

1959 493 2084 544 tum
2111 490 2482 557 constituerit,
2508 497 2570 546 ut
2594 507 2798 546 aurum
2818 507 2886 546 ex
2907 507 2976 546 eo
2997 492 3181 546 reditu
3208 492 3506 547 redactum
3525 494 3583 547 in

1960 601 2091 638 eam
2101 601 2392 638 summam
2415 585 2692 656 proficiat,
2713 601 2840 656 quae
2854 602 2888 639 a
2905 585 2996 640 Dei
3018 585 3428 640 amantissimis
3446 603 3586 641 (Bco-

1959 677 2144 731 nomis
2165 677 2334 732 datur
2357 677 2446 732 his
2472 678 2565 749 qui
2599 679 2748 733 circa
2769 679 2875 732 hoc
2906 679 3199 734 laborant:
3228 680 3391 733 multi
3413 680 3581 734 undi-

1961 787 2074 842 que
2093 787 2194 826 nos
2207 771 2492 840 adierunt,
2509 771 2764 826 dicentes
2788 789 2907 826 rem
2923 789 3039 827 non
3055 773 3367 843 procedere
3388 790 3582 844 aequa-

1958 864 2168 931 biliter,
2198 881 2383 935 neque
2414 865 2814 920 defunctorum
2843 864 3233 920 funerationes
3257 865 3470 938 absque
3491 884 3587 938 pa-

1961 961 2051 1012 cta
2069 957 2336 1012 mercede
2352 957 2643 1024 celebrari,
2675 958 2812 1030 quin
2841 959 3030 1029 potius
3056 959 3408 1014 amarulente
3435 977 3577 1016 mer-

1961 1051 2123 1106 cedes
2147 1052 2315 1122 exigi,
2331 1052 2512 1106 multa
2525 1052 2696 1107 etiam
2717 1053 3066 1106 extrinsecus
3085 1052 3326 1107 inveniri
3350 1055 3588 1108 nomina

1961 1147 2018 1198 et
2035 1144 2294 1215 collegia,
2319 1161 2444 1216 qua:
2463 1146 2548 1200 vel
2573 1145 2630 1199 in
2653 1145 2842 1200 medio
2860 1145 3014 1200 luctu
3035 1147 3106 1200 ab
3128 1146 3318 1200 invitis
3335 1147 3582 1218 exigant,

1963 1241 2021 1292 et
2039 1253 2136 1292 eos
2158 1239 2257 1308 qui
2283 1239 2416 1293 dare
2444 1256 2557 1294 non
2591 1239 2828 1310 possint,
2859 1245 2920 1293 ut
2945 1240 3104 1306 dent,
3134 1240 3186 1293 vi
3217 1241 3582 1312 compellant.

1961 1333 2090 1386 Haec
2118 1348 2224 1386 nos
2253 1331 2611 1387 convenienti
2637 1333 2984 1387 correctione
3005 1333 3224 1403 dignari
3245 1334 3464 1404 justum
3489 1353 3587 1406 pu-

1960 1425 2224 1480 tavimus.
2271 1425 2404 1480 Inde
2447 1426 2591 1480 adeo
2636 1427 2884 1497 primum
2929 1425 3186 1480 omnium
3217 1433 3586 1483 sacrosancta

1961 1519 2163 1589 majori
2193 1519 2443 1574 ecclesiis
2465 1519 2719 1574 officinas
2743 1537 3017 1591 magnam
3041 1520 3329 1590 jacturam
3353 1527 3410 1576 et
3426 1522 3589 1576 dimi-

1960 1611 2261 1666 nutionem
2280 1629 2580 1683 perpessas
2597 1613 2670 1667 ad
2691 1613 2986 1684 integrum
3015 1629 3324 1668 numerum
3349 1631 3583 1686 repara-

1962 1706 2168 1774 vimus,
2201 1707 2520 1777 conscripta
2545 1707 2616 1760 de
2644 1707 2752 1760 hoc
2783 1723 2943 1761 sacra
2969 1708 3152 1762 forma
3188 1707 3260 1762 ad
3288 1710 3585 1778 praefectu-

223 1800 551 1868 nationem,
591 1799 876 1871 siquidem
927 1802 1042 1853 tuae
1090 1797 1458 1866 beatitudini,
1514 1801 1573 1851 et
1621 1782 2086 1868 posterisBram
2137 1799 2499 1867 urbicariam,
2558 1804 2618 1854 ut
2663 1799 2932 1854 omnibus
2972 1801 3157 1856 modis
3197 1817 3259 1855 ea
3309 1819 3419 1856 una
3459 1820 3586 1858 cum

228 1893 544 1966 opportuni
563 1893 908 1948 videbuntur
927 1891 1186 1959 existere,
1214 1897 1272 1946 et
1298 1891 1398 1946 Dei
1423 1890 1742 1946 ministerio
1773 1891 1859 1945 di-

227 1988 355 2060 gni,
402 1990 466 2042 ut
504 2003 618 2041 non
647 1987 1026 2057 profanentur
1072 1990 1265 2040 sancta
1297 1984 1392 2040 Dei
1436 1985 1561 2055 (hoc
1598 1983 1864 2039 videlicet

227 2081 390 2153 quod
415 2081 588 2152 sacris
615 2081 868 2136 sancitur
900 2079 1180 2152 eloquiis),
1203 2078 1305 2133 sed
1329 2077 1544 2134 intacta
1575 2081 1632 2132 et
1654 2077 1860 2132 ineffa-

224 2175 370 2230 bilia
401 2175 812 2247 tremendaque
843 2173 1170 2240 constituta,
1201 2176 1394 2227 sancte
1421 2175 1480 2227 et
1507 2174 1620 2228 Deo
1651 2170 1864 2226 amabi-

223 2269 363 2324 liter
395 2272 452 2323 et
482 2269 810 2324 venerande
841 2271 1180 2322 tractentur.
1209 2265 1347 2330 Quae
1373 2266 1550 2337 igitur
1563 2265 1729 2320 nobis
1749 2265 1864 2336 pla-

227 2367 495 2430 cuerunt,
528 2365 586 2416 et
613 2378 714 2434 per
745 2362 896 2416 hanc
930 2377 1151 2415 sacram
1201 2359 1604 2432 exprimuntur
1648 2359 1859 2430 legem,

228 2471 302 2510 ea
332 2459 396 2510 ut
423 2455 484 2510 in
513 2460 855 2526 perpetuum
883 2453 1180 2508 beatitudo
1212 2459 1308 2534 tua
1347 2452 1642 2521 custodiat,
1676 2451 1861 2506 sanci-

228 2565 401 2603 mus:
429 2553 586 2603 certo
617 2549 862 2602 scientes
905 2547 1058 2619 quod
1101 2563 1216 2602 non
1267 2547 1458 2601 minus
1487 2545 1654 2601 nobis
1683 2561 1864 2600 sacro-

227 2647 565 2697 sanctarum
605 2640 972 2696 ecclesiarum
1009 2640 1317 2695 commoda
1347 2655 1498 2694 curae
1523 2639 1656 2708 sint,
1689 2655 1861 2710 quam

154 2779 163 2791 .
229 2736 362 2807 ipsa
407 2735 540 2790 vita.
573 2736 700 2790 Dat.
735 2751 804 2789 xv
835 2735 902 2789 K.
950 2735 1183 2788 Novem.
1220 2736 1516 2789 Constant.
1545 2733 1684 2804 imp.
1712 2733 1769 2787 d.
1803 2749 1860 2786 n.

226 2829 434 2886 Justin.
459 2834 628 2901 Aug.,
662 2831 789 2900 post
818 2826 966 2882 Bilis.
1004 2844 1057 2882 v.
1088 2844 1138 2883 c.
1167 2843 1324 2882 cons.
1359 2844 1494 2881 ann.
1525 2830 1575 2881 3.

808 2943 1124 3044 illOVELLA
1150 2989 1274 3043 LIX.

317 3109 394 3162 De
422 3103 712 3173 exsequiis,
743 3117 880 3172 quas
903 3103 1022 3171 ﬁeri
1049 3105 1294 3170 oporteat
1317 3103 1377 3154 in
1402 3100 1779 3173 defunctorum

823 3174 1276 3240 funerationibus.
1527 3171 1535 3182 '

304 3303 628 3372 Imperator
652 3299 1008 3355 Justinianus
1033 3301 1324 3369 Augustus
1351 3298 1556 3353 Joanni
1581 3299 1863 3354 factorum

230 3411 340 3468 per
367 3393 657 3448 Orientem
685 3393 1092 3465 praetoriorum
1120 3392 1391 3463 praafecto
1419 3392 1626 3447 iterum
1659 3409 1863 3447 excon-

231 3489 358 3544 sule
391 3492 449 3541 et
473 3487 734 3558 patricio.
1067 3547 1078 3564 ‘

307 3581 368 3636 Si
385 3579 661 3652 quidquid
680 3597 926 3652 usquam
945 3583 1032 3634 est
1048 3579 1337 3636 bonorum
1349 3595 1611 3650 cperum,
1625 3579 1685 3634 id
1705 3595 1869 3650 opor-

230 3680 319 3732 tet
349 3675 591 3745 (volente
623 3675 754 3744 Deo)
785 3691 890 3759 per
914 3691 1020 3728 nos
1044 3673 1270 3729 initium
1294 3689 1500 3746 capere
1526 3689 1539 3728 :
1570 3673 1870 3728 conveniet

233 3768 381 3825 item
407 3772 471 3822 ut
495 3785 564 3822 ea
590 3769 747 3823 bona
773 3785 900 3839 quae
923 3785 1028 3840 per
1049 3767 1189 3822 alios
1219 3771 1534 3839 coeperunt,
1566 3767 1610 3822 si
1641 3767 1728 3821 his
1757 3767 1864 3821 im-

234 3863 463 3918 mineat
479 3861 736 3932 exitium,
758 3878 864 3934 per
877 3878 982 3917 nos
1003 3863 1188 3917 denuo
1207 3864 1604 3916 restaurentur
1625 3865 1685 3915 et
1703 3861 1762 3915 in
1781 3877 1869 3916 ve-

235 3960 429 4012 terem
448 3955 794 4010 reducantur
813 3955 1100 4026 ordinem,
1129 3959 1190 4010 ut
1209 3971 1438 4026 semper
1459 3954 1625 4010 nobis
1645 3955 1732 4009 vel
1750 3955 1870 4026 ipsa

231 4049 324 4107 rei
365 4049 743 4117 confectione,
775 4050 864 4104 vel
896 4049 1312 4104 restauratione
1345 4049 1416 4104 ad
1444 4049 1748 4121 prmclaras
1775 4065 1866 4103 ac-

231 4145 428 4200 tiones
447 4141 834 4198 contendendi
847 4143 1144 4198 facultates
1159 4142 1364 4198 adsint.
1385 4143 1484 4213 Cuj
1495 4143 1717 4198 usmodi
1734 4159 1868 4197 sane

231 4237 516 4310 quiddam
542 4254 672 4292 cum
688 4238 820 4292 etin
841 4237 1246 4292 defunctorum
1271 4237 1731 4292 funerationibus
1747 4254 1870 4308 per-

232 4348 439 4404 peram
463 4331 918 4397 administretur,
949 4330 1238 4403 corrigere
1262 4331 1320 4384 id
1351 4329 1532 4385 visum
1557 4334 1662 4397 est,
1685 4334 1742 4384 et
1765 4331 1866 4384 lio-

233 4425 491 4483 minibus
521 4425 723 4480 exinde
749 4425 968 4496 largiri,
996 4442 1068 4478 ne
1105 4425 1400 4496 geminam
1427 4423 1866 4478 incommodita-

1886 3153 1941 3226 C

1963 1893 2390 1948 obsecundante
2425 1893 2504 1948 illi
2535 1894 2768 1949 cohorte
2806 1894 2964 1949 mille
2990 1897 3048 1948 et
3075 1897 3306 1949 centum
3337 1896 3588 1951 officinas

1963 1987 2058 2042 Dei
2076 1987 2484 2042 amantissimis
2495 1987 2888 2043 defensoribus
2908 1991 2964 2043 et
2983 1989 3287 2044 osconomis
3306 1990 3586 2061 praedictae

1962 2085 2338 2136 sacrosancta;
2379 2081 2630 2136 ecclesiae
2665 2081 2931 2136 tradant:
2964 2082 3308 2152 octingentis
3354 2083 3588 2154 quidem

1965 2173 2209 2230 officinis
2231 2191 2361 2230 cum
2385 2175 2713 2247 corporibus
2732 2176 3055 2246 praebendis
3075 2175 3170 2231 Dei
3189 2178 3593 2232 amantissimis

1965 2268 2378 2337 defensoribus,
2412 2269 2676 2324 trecentis
2701 2286 2834 2324 vero
2855 2269 3224 2342 pientissimis
3251 2288 3387 2341 erga
3411 2274 3588 2327 Deum

1963 2362 2320 2417 osconomis:
2363 2367 2422 2418 ut
2451 2363 2554 2417 Dei
2597 2364 2826 2434 quidem
2876 2363 3258 2418 amantissimi
3308 2367 3590 2421 asconomi

1962 2459 2244 2510 trecentas
2295 2455 2419 2510 illas
2473 2455 2728 2511 officinas
2779 2460 2835 2511 et
2877 2457 3128 2512 reditum
3172 2457 3243 2512 ab
3297 2459 3592 2514 Anastasio

1965 2548 2339 2604 sacratissimo
2379 2549 2634 2622 principe
2677 2551 2956 2604 donatum
2987 2550 3044 2604 in
3087 2551 3272 2606 fructu
3319 2552 3588 2620 habeant,

1965 2642 2108 2696 nihil
2119 2643 2364 2714 amplius
2375 2644 2446 2698 ob
2461 2643 2806 2698 diminutum
2823 2648 3243 2716 conquerentes
3257 2662 3590 2716 numerum,

1964 2736 2064 2790 sed
2087 2735 2145 2791 in
2167 2738 2634 2808 supplementum
2653 2737 2931 2792 habentes
2949 2754 3076 2808 quas
3096 2739 3354 2809 praebent
3367 2743 3590 2794 trecen-

1962 2833 2036 2885 tte
2059 2831 2323 2898 officinae,
2343 2834 2464 2885 tam
2481 2831 2710 2886 decanis
2726 2847 2899 2902 quam
2923 2831 3156 2902 reliquis
3175 2833 3410 2887 coetibus
3439 2851 3594 2888 men-

1965 2928 2250 2978 struarum
2297 2925 2727 2995 praestationum
2771 2925 3157 2996 erogationem
3205 2927 3460 2982 faciant:
3493 2927 3592 2984 Dei

1964 3030 2099 3069 vero
2145 3014 2526 3069 amantissimi
2555 3014 2886 3069 defensores
2920 3013 2994 3068 ad
3029 3031 3269 3069 manum
3316 3015 3596 3072 habentes

1967 3108 2326 3180 octingentas
2378 3108 2652 3174 officinas,
2709 3111 2826 3162 tam
2870 3107 3188 3163 lecticarios
3249 3110 3328 3178 (ut
3374 3112 3596 3182 vocant)

1968 3202 2286 3266 exhibeant,
2319 3219 2493 3273 quam
2521 3202 2808 3272 reliquum
2859 3201 3263 3270 ministerium,
3310 3205 3462 3274 quod
3493 3205 3594 3258 de-

1965 3296 2294 3350 functorum
2309 3295 2588 3366 exsequia:
2609 3295 2926 3366 requirunt,
2947 3296 3250 3362 sufficiant,
3273 3313 3386 3366 quo
3409 3298 3597 3368 magis

1966 3405 2034 3444 ea
2063 3406 2124 3443 re
2153 3389 2453 3445 defunctos
2475 3406 2508 3442 a
2538 3389 2754 3444 damno
2795 3405 3117 3443 asseramus
3145 3394 3203 3442 et
3228 3389 3456 3459 injuria.
3489 3393 3595 3446 Eas

1967 3482 2143 3554 igitur
2165 3482 2470 3552 praedictas
2487 3483 2643 3536 mille
2671 3486 2726 3536 et
2747 3485 2978 3536 centum
3003 3482 3256 3536 officinas
3274 3483 3375 3537 Dei
3394 3501 3592 3539 aman-

1969 3575 2199 3630 tissimis
2226 3575 2540 3631 oeconomis
2569 3579 2627 3630 et
2657 3575 3052 3630 defensoribus
3077 3575 3287 3646 absque
3320 3577 3433 3631 ulla
3457 3583 3598 3633 tem-

1967 3669 2123 3742 poris
2141 3669 2522 3742 prwﬁnitione
2549 3685 2682 3724 cum
2713 3669 3072 3724 immunitate
3104 3673 3162 3724 et
3189 3671 3329 3724 citra
3354 3671 3599 3726 diminu~

1965 3763 2185 3819 tionem
2206 3763 2498 3832 custodiri,
2515 3767 2574 3818 et
2589 3763 2633 3816 si
2655 3779 2996 3834 quocunque
3017 3764 3190 3820 modo
3213 3765 3404 3836 aliqua
3426 3765 3599 3820 inter-

1967 3857 2136 3924 cidat,
2160 3857 2426 3912 lumenve
2458 3860 2660 3926 mutet,
2684 3860 2782 3912 aut
2808 3857 3244 3927 commercium,
3261 3875 3295 3913 a
3317 3859 3598 3931 gloriosis.

1969 3951 2117 4006 simo
2137 3950 2310 4022 hujus
2343 3951 2512 4006 alma:
2540 3950 2694 4006 urbis
2719 3951 2992 4023 praefecto
3019 3953 3270 4024 suppleri
3295 3971 3597 4026 recupera«

1969 4045 2130 4118 rique
2162 4050 2408 4117 oportet,
2436 4048 2502 4100 ut
2521 4045 2622 4100 Dei
2653 4045 2888 4116 quidem
2917 4045 3293 4102 amantissimi
3317 4049 3599 4104 oeconomi

1968 4139 2301 4210 fundorum,
2327 4139 2422 4211 qui
2449 4140 2756 4210 sepulturis
2774 4140 3033 4194 attributi
3059 4144 3210 4208 sunt,
3238 4141 3600 4196 administra-

1971 4233 2184 4288 tionem
2235 4233 2526 4300 habentes,
2575 4233 2849 4288 habentes
2894 4234 3030 4287 item
3072 4237 3129 4287 et
3171 4251 3204 4287 a
3234 4235 3599 4305 vectigalium

1969 4327 2335 4397 prmstatiorie
2357 4326 2648 4380 immunes
2665 4331 2949 4380 trecentas
2971 4325 3246 4392 officinas,
3271 4326 3600 4382 defensores

1969 4435 2104 4473 vero
2131 4420 2488 4489 octingentas
2519 4419 2746 4485 alteras,
2767 4417 2991 4489 utrique
3018 4419 3412 4474 defunctorum
3440 4437 3597 4475 exse-

233 4523 356 4574 tem
375 4519 710 4585 sustineant,
730 4521 851 4572 tam
869 4534 1000 4573 suos
1015 4517 1344 4572 amittentes
1364 4533 1534 4588 quam
1554 4517 1728 4571 etiam
1750 4517 1868 4571 illo-
1888 4527 1946 4598 D
1971 4512 2132 4584 quias
2153 4512 2258 4566 rite
2277 4513 2619 4583 gubernem.
2636 4511 2984 4567 Omnimodo
3006 4529 3140 4568 sane
3152 4513 3305 4584 quod
3323 4531 3389 4568 ex
3407 4531 3598 4570 annuo

235 4629 372 4669 rum
413 4611 646 4666 nomine
678 4611 990 4666 subeuntes
1021 4611 1340 4683 dispendia.
1375 4609 1487 4666 Sed
1528 4611 1682 4680 quod
1713 4609 1872 4664 divus

235 4705 507 4780 princeps
543 4705 946 4760 Constantinus
971 4711 1120 4760 recte
1149 4705 1532 4775 excogitatum
1573 4703 1869 4776 disposuit,

239 4803 302 4856 et
319 4799 688 4871 postmodum
709 4799 1034 4854 Anastasius
1053 4797 1439 4870 pientissimus
1459 4797 1726 4870 princeps
1743 4815 1874 4854 con-

236 4894 514 4960 ﬁrmavit,
553 4893 774 4964 adjecto
815 4893 1052 4963 insuper
1085 4895 1141 4947 et
1176 4892 1385 4960 reditu,
1417 4892 1476 4946 id
1509 4909 1613 4947 nos
1642 4892 1872 4946 ruinam

237 4987 520 5044 minitans
551 4990 869 5042 restaurare
895 4986 1082 5054 simul,
1117 4989 1175 5040 et
1217 4986 1469 5058 undique
1499 4985 1572 5040 ad
1599 4985 1869 5041 stabilita-

239 5085 363 5137 tem
393 5081 691 5136 redactum
718 5079 1187 5135 convenientibus
1201 5079 1517 5151 astringere
1532 5079 1874 5149 juramentis

237 5191 645 5249 properamus,
695 5173 1008 5230 efficientes
1047 5190 1115 5228 ea
1157 5189 1217 5229 re
1262 5179 1324 5228 ut
1364 5173 1686 5228 immortale
1743 5189 1869 5244 per-

237 5272 502 5328 maneat.

313 5365 460 5418 Nam
473 5380 606 5418 cum
625 5362 1014 5436 pientissimus
1033 5361 1294 5434 princeps
1309 5360 1718 5418 Constantinus
1734 5377 1876 5415 non-

241 5460 446 5530 gentas
470 5457 891 5529 quinquaginta
938 5456 1195 5512 officinas
1231 5472 1297 5510 ex
1343 5455 1578 5510 diversis
1617 5455 1876 5526 collegiis

239 5551 415 5622 hujus
445 5551 612 5606 almae
643 5551 797 5606 urbis
826 5555 1202 5606 sacrosancta:
1234 5549 1436 5620 majori
1465 5548 1716 5603 ecclesias
1741 5565 1874 5603 cum

239 5644 609 5702 immunitate
637 5643 880 5713 dederit,
911 5642 1234 5699 Anastasius
1263 5658 1492 5714 quoque
1532 5643 1669 5697 item
1705 5641 1874 5714 pien-

239 5739 496 5796 tissimus
531 5737 800 5810 princeps
832 5753 950 5794 non
989 5738 1172 5793 solum
1215 5735 1456 5791 officinis
1498 5735 1610 5791 illis
1643 5739 1877 5792 centum

244 5833 668 5922 quinquaginta
694 5832 838 5891 alias
855 5831 1206 5908 apposuerit,
1227 5830 1326 5888 sed
1356 5829 1530 5887 etiam
1559 5847 1662 5906 pro
1677 5830 1879 5888 libera.

1971 4605 2280 4660 fundorum
2308 4605 2494 4660 reditu
2526 4605 2805 4676 provenit,
2831 4622 2864 4660 a
2893 4606 2991 4661 Dei
3017 4607 3424 4662 amantissimis
3447 4625 3596 4663 (reo-

1970 4699 2158 4754 nomis
2178 4700 2236 4754 in
2258 4701 2676 4770 sepulturarum
2696 4716 2860 4753 usum
2879 4701 3603 4773 conferatur,quemadmo—

1973 4793 2110 4848 dum
2136 4793 2373 4847 inferius
2391 4793 2449 4846 in
2469 4809 2776 4864 progressu
2797 4795 3068 4864 dicemus,
3084 4799 3436 4866 apponentes
3464 4813 3602 4852 non-

1970 4887 2211 4944 nihilde
2237 4890 2621 4942 trecentarum
2667 4887 3034 4942 officinarum
3076 4889 3284 4956 reditu,
3313 4896 3484 4960 prout
3529 4891 3599 4946 de

1973 4981 2124 5036 facto
2157 4980 2214 5035 hi
2243 4998 2273 5034 a
2305 4981 2468 5035 nobis
2515 4998 2718 5054 capere
2768 4981 3068 5053 petierunt.
3099 4987 3173 5036 Ac
3210 4983 3483 5054 quoniam
3535 4986 3603 5041 de

1973 5075 2127 5129 mille
2149 5079 2205 5128 et
2226 5078 2456 5131 centum
2477 5075 2740 5142 ofﬁcinis,
2763 5091 2890 5146 quin
2913 5076 2970 5130 in
2991 5076 3144 5130 alma
3161 5076 3266 5131 hac
3287 5077 3428 5132 urbe
3451 5086 3601 5148 sunt,

1975 5170 2257 5241 pleraeque
2303 5169 2738 5236 interciderunt,
2770 5169 3128 5240 prtia-cipimus
3157 5170 3215 5224 in
3243 5188 3516 5243 praesens,
3543 5180 3606 5230 ut

1975 5263 2064 5318 hze
2119 5263 2520 5334 suppleantur,
2569 5269 2625 5318 et
2667 5262 2766 5317 Dei
2819 5263 3230 5318 amantissimis
3295 5268 3605 5322 (scenomis

1975 5356 2460 5428 pientissimisque
2488 5372 2628 5426 erga
2655 5357 2830 5411 Deum
2854 5356 3242 5413 defensoribus
3273 5359 3404 5430 (quo
3431 5359 3603 5414 modo

1975 5467 2008 5504 a
2049 5450 2210 5505 nobis
2250 5450 2466 5504 dictum
2517 5451 2615 5518 est)
2665 5450 2822 5504 mille
2869 5454 2926 5504 et
2961 5457 3190 5506 centum
3241 5452 3605 5508 officinarum

1978 5561 2252 5599 numerus
2296 5543 2672 5598 indiminutus
2703 5549 2760 5600 et
2788 5544 3204 5617 simplicissime
3236 5545 3446 5600 divisus
3475 5561 3607 5600 con-

1977 5643 2260 5704 servetur,
2313 5653 2386 5692 ne
2453 5655 2568 5711 quo
2630 5644 2796 5710 pacto
2865 5639 3158 5711 pauciores
3222 5637 3421 5693 decani
3488 5638 3605 5696 sive

1978 5731 2268 5803 copiastas,
2297 5747 2468 5803 quam
2494 5732 2827 5806 octingenti,
2849 5732 2950 5788 Dei
2974 5731 3378 5786 amantissimis
3404 5731 3606 5789 defen-

1977 5825 2202 5886 soribus
2233 5826 2494 5889 attributi
2531 5827 2662 5886 sint.
2695 5829 2804 5886 Pro
2832 5825 3099 5884 trecentis
3123 5829 3313 5888 autem
3344 5825 3455 5884 illis
3479 5844 3609 5914 quia
