4076 6186
503 304 606 360 995

1634 298 1886 355 S/ECULI
1929 295 2119 354 SEXTI
2160 297 2715 355 SUPPLEMENTUM.

3763 299 3862 351 996

503 412 604 491 Dei
639 407 1039 466 amantissimis
1083 406 1214 462 viris
1245 407 1556 462 oeconomis
1598 407 1986 478 assignantur,
2015 406 2128 462 sive
2149 418 2208 491 Α
2230 405 2316 460 his
2346 407 2610 462 omnibus
2635 421 2832 461 curam
2853 403 3218 477 impertiente
3243 403 3574 460 beatissimo
3597 419 3706 476 pro
3725 407 3866 459 tem-

501 485 764 562 officinas
790 505 850 560 in
879 501 1210 575 corporibus
1252 500 1542 573 percipere
1578 501 1774 569 velint,
1799 503 1888 556 vel
1933 518 2133 558 omnes

503 603 594 656 vel
621 600 894 673 quasdam
922 615 989 652 ex
1025 596 1134 666 his,
1167 595 1283 650 sive
1325 595 1477 649 ferre
1516 611 1621 666 per
1667 611 1890 649 causam
1921 596 2004 666 (ut
2031 613 2130 652 vo-

505 696 653 766 cant)
681 696 1073 749 excusatarum
1103 689 1463 744 ofﬁcinarum
1487 689 1578 744 vel
1595 689 1978 758 omnium,vel
1999 707 2134 762 qua-

504 788 768 846 rumdam
789 785 1076 858 pecunias,
1099 784 1466 838 insumantur
1485 786 1542 836 et
1569 783 1658 852 has
1679 782 1825 837 circa
1845 783 2134 840 defuncto-

503 898 634 938 rum
659 879 973 950 exsequias,
992 883 1057 933 ut
1076 894 1144 932 ex
1162 877 1250 932 his
1271 877 1528 948 pecuniis
1553 875 1723 930 simul
1747 879 1806 931 et
1823 877 2133 933 fundorum

502 973 868 1047 proventibus
915 971 1235 1027 distributio
1273 972 1374 1025 ﬁat
1416 970 1474 1024 in
1531 971 1798 1037 decanos,
1842 972 2130 1040 ascetrias,

503 1067 828 1134 canonicas,
881 1066 1195 1132 acoluthos,
1247 1068 1306 1118 et
1352 1063 1514 1132 alios,
1567 1067 1738 1135 prout
1784 1064 2020 1120 inferius
2073 1066 2134 1120 in

502 1177 802 1234 progressu
845 1159 1263 1214 constituimus.
1293 1159 1437 1212 Nam
1464 1175 1596 1212 cum
1622 1157 1857 1229 digestis
1885 1158 1943 1212 in
1975 1157 2130 1212 ordi-

503 1272 638 1319 nem
668 1254 980 1309 rationibus
1007 1253 1110 1308 Dei
1138 1251 1512 1308 amantissimi
1555 1252 1838 1307 meonomi
1867 1253 2128 1307 ostende-

501 1349 618 1404 rint
645 1347 990 1420 impossibile
1036 1363 1158 1401 esse
1203 1349 1269 1400 ut
1302 1363 1369 1400 ex
1417 1345 1610 1400 fundis
1637 1345 1707 1400 de
1737 1349 1943 1400 castero
1978 1345 2132 1400 idem

501 1443 720 1498 reditus
747 1441 1064 1511 colligatur,
1093 1439 1296 1494 merito
1320 1443 1708 1494 trecentarum
1736 1457 1837 1494 nos
1867 1439 2128 1494 officina-

501 1553 631 1590 rum
663 1535 1118 1590 additamentum
1147 1533 1281 1588 huic
1312 1532 1458 1604 parti
1487 1532 1870 1600 attribuimus,
1896 1533 2131 1604 utquod

501 1630 773 1684 hactenus
815 1627 962 1682 circa
1004 1627 1341 1682 cadaverum
1383 1627 1693 1681 elationem
1737 1627 2131 1681 laborantibus

502 1722 776 1790 dabatur,
827 1721 966 1776 citra
1023 1719 1526 1791 reprehensionem
1585 1719 1853 1792 deinceps
1901 1736 2128 1792 quoque

2232 517 2372 572 pore
2421 500 2848 572 archiepiscopo
2893 499 3065 570 hujus
3112 498 3278 554 almae
3327 498 3483 554 urbis
3523 502 3580 552 ct
3615 498 3868 552 universi

2235 593 2358 665 ejus
2381 598 2594 650 tractus
2623 593 2978 666 patriarchae,
3021 592 3124 647 sub
3158 593 3320 663 cujus
3345 593 3521 647 tutela
3555 595 3612 645 et
3641 591 3864 646 ditione

2235 694 2536 744 censentur
2557 692 2614 744 et
2642 687 2743 743 Dei
2765 686 3140 743 amantissimi
3171 685 3452 741 oeconomi
3479 690 3536 740 et
3565 687 3866 740 universus

2235 781 2438 849 clerus,
2479 785 2535 836 et
2564 784 2719 836 totus
2749 784 3122 836 sacrosanctae.
3161 780 3412 835 ecclesiae
3446 779 3608 834 ordo.
3666 779 3768 834 His
3794 780 3866 833 ita

2233 875 2641 942 evenientibus,
2672 890 2848 930 nemo
2869 873 3104 929 omnino
3131 873 3202 927 ab
3232 873 3408 928 invito
3427 890 3530 945 pro
3552 877 3756 927 curato
3779 872 3871 927 de-

2233 968 2446 1024 mortui
2467 983 2706 1040 corpore
2725 967 3038 1040 quidquam
3065 967 3308 1022 auferat.
3337 967 3449 1022 Sed
3470 971 3530 1020 ut
3553 972 3742 1021 totum
3762 965 3871 1020 dis-

2234 1077 2557 1130 cernamus,
2585 1061 2870 1116 sancimus
2888 1065 2952 1115 ut
2969 1059 3279 1132 unicuique
3298 1061 3533 1126 feretro,
3553 1059 3711 1132 quod
3731 1075 3868 1130 gra-

2233 1155 2304 1210 tis
2333 1155 2680 1222 conceditur,
2712 1171 2890 1210 unam
2915 1153 3146 1209 accedat
3171 1153 3539 1209 ascetriarum
3561 1157 3662 1207 aut
3691 1169 3868 1207 cano-

2232 1248 2491 1303 nicarum
2515 1247 2876 1318 asceterium,
2899 1264 3016 1303 non
3034 1247 3225 1302 minus
3249 1250 3378 1302 octo
3404 1246 3743 1301 mulieribus
3776 1247 3870 1300 fe.

2231 1348 2451 1397 retrum
2496 1342 2974 1414 praecedentibus,
3029 1347 3086 1396 et
3139 1339 3530 1412 psallentibus,
3573 1345 3628 1394 et
3677 1340 3870 1394 tribus

2231 1435 2534 1504 acoluthis,
2571 1435 2668 1506 qui
2695 1451 2799 1490 nec
2827 1434 2935 1506 ipsi
2961 1433 3278 1506 quidquam
3321 1431 3614 1504 accipient.
3643 1431 3706 1488 Si
3737 1431 3872 1503 quis

2230 1546 2366 1584 vero
2389 1547 2456 1584 ex
2486 1529 2736 1584 defuncti
2765 1528 3022 1600 cognatis
3049 1533 3107 1590 et
3130 1527 3399 1582 afﬁnibus
3427 1527 3524 1599 qui
3554 1527 3874 1582 elationem

2230 1628 2543 1695 procurant
2572 1623 2706 1678 velit
2744 1639 2844 1677 sua
2875 1626 3104 1694 sponte,
3146 1620 3376 1676 nemine
3407 1627 3671 1691 cogente,
3707 1620 3872 1674 aliud

2230 1717 2467 1789 insuper
2494 1717 2835 1772 asceterium
2854 1717 2946 1771 vel
2973 1733 3176 1782 unum,
3199 1715 3289 1769 vel
3312 1715 3446 1782 duo,
3469 1716 3556 1768 vel
3583 1716 3753 1785 plura
3779 1731 3867 1767 as-

498 1815 843 1888 prtebeatur,
858 1831 959 1886 per
985 1815 1240 1885 singulos
1254 1813 1468 1868 scilicet
1491 1830 1736 1882 menses,
1767 1817 1880 1868 tam
1899 1813 2128 1868 decanis
2148 1808 2205 1880 B
2229 1829 2476 1878 sumere,
2506 1815 2626 1866 esto
2652 1811 2797 1865 illud
2817 1810 3049 1882 quidem
3074 1811 3135 1864 in
3164 1809 3339 1882 ipsius
3362 1807 3609 1881 positum
3641 1807 3872 1862 muniti-

501 1913 560 1964 et
587 1909 862 1964 acoluthis
879 1924 1050 1979 quam
1077 1907 1366 1962 canonicis
1396 1911 1452 1962 et
1479 1907 1750 1973 ascetriis,
1778 1913 1832 1962 et
1857 1907 2002 1974 aliis,
2031 1925 2132 1979 pro

499 2001 910 2058 consuetudine
952 2002 1226 2056 hactenus
1265 2000 1417 2072 apud
1465 1999 1618 2072 ipsos
1661 1997 1974 2056 Obtinente.
2021 2002 2132 2056 Hoc

499 2100 586 2151 est
628 2095 858 2150 decanis
913 2094 1148 2166 quidem
1199 2111 1303 2166 per
1345 2094 1597 2165 singulos
1643 2111 1872 2148 menses
1921 2093 2131 2150 solidos

498 2205 662 2256 Lxxn,
701 2188 954 2243 ascetriis
983 2192 1041 2242 et
1069 2188 1365 2256 acoluthis,
1407 2187 1569 2242 solid.
1603 2205 1712 2255 xm,
1742 2191 1800 2241 et
1843 2188 2130 2243 canonicis

499 2282 662 2338 solid.
691 2298 873 2338 xxxvr.
914 2282 1019 2346 Qui
1047 2281 1281 2353 quidem
1313 2281 1382 2336 ab
1420 2281 1556 2352 ipsis
1585 2281 1685 2336 Dei
1725 2282 2130 2336 amantissimis

499 2375 843 2448 colligantur
884 2375 1216 2442 oeconomis,
1260 2376 1549 2430 solvantur
1578 2392 1711 2430 vero
1747 2392 1848 2446 per
1877 2375 2131 2446 singulos

497 2485 594 2523 sex
622 2487 868 2536 menses,
901 2469 1108 2541 quibus
1138 2473 1194 2524 et
1233 2473 1402 2523 antea
1447 2468 1664 2540 percipi
1691 2474 2125 2524 consueverunt.

498 2562 738 2635 Oportet
759 2565 954 2617 autem
980 2579 1112 2618 eam
1139 2562 1370 2633 quidem
1397 2579 1521 2617 auri
1547 2567 1792 2634 partem,
1817 2579 1945 2634 quae
1971 2579 2126 2618 asce-

495 2655 618 2710 triis
661 2655 954 2727 competit,
986 2672 1020 2710 a
1054 2655 1153 2710 Dei
1187 2654 1596 2709 amantissimis
1630 2655 1945 2710 oeconomis
1980 2673 2125 2727 prm-

496 2747 648 2805 dicto
681 2749 928 2804 termino
958 2749 1081 2804 dari
1106 2749 1362 2820 Eugenio
1394 2749 1492 2803 Dei
1517 2749 1906 2804 amantissimo
1936 2749 2126 2804 diaco-

492 2859 589 2910 no,
623 2847 681 2898 et
717 2841 896 2915 ipsius
927 2843 1298 2914 Sampsorum
1329 2842 1610 2913 religiosae
1640 2843 1932 2898 memoriae
1963 2860 2128 2898 xeno-

491 2938 600 3005 nis,
627 2937 985 3009 aliorumque
1007 2954 1037 2990 a
1064 2937 1229 2992 nobis
1260 2937 1341 2991 illi
1372 2937 1909 2992 commendatorum
1946 2955 2124 2994 xeno-

493 3030 696 3100 docho,
721 3035 779 3084 et
805 3029 903 3101 qui
922 3046 1176 3100 unquam
1202 3030 1388 3102 ipsum
1418 3031 1516 3084 Dei
1538 3031 2001 3086 amantissimum
2024 3032 2123 3086 ho-

492 3139 623 3178 rum
650 3139 943 3177 xenonum
979 3123 1298 3177 xenodochi
1341 3124 1585 3178 secuturi
1611 3129 1742 3178 sunt
1772 3141 1785 3178 :
1822 3130 2125 3195 prOpterea

493 3217 646 3288 quod
669 3215 924 3272 ascetriae
951 3233 1078 3288 quas
1100 3215 1159 3270 in
1187 3216 1337 3270 hunc
1367 3233 1536 3271 usum
1562 3217 1909 3271 adhibentur
1933 3221 1989 3272 et
2017 3219 2120 3272 mi-

489 3310 792 3366 nisterium
813 3313 1108 3382 praestant,
1139 3309 1243 3364 sub
1270 3309 1682 3381 praedictorum
1707 3312 2122 3367 venerabilium

487 3419 778 3460 xenonum
805 3422 908 3476 pro
935 3407 1194 3476 tempore
1223 3404 1570 3460 xenodochis
1592 3409 1964 3476 censeantur;
1991 3407 2123 3462 alte-

487 3515 615 3554 ram
642 3516 773 3554 vero
799 3498 956 3553 illam
977 3515 1104 3570 qua:
1133 3502 1246 3553 tam
1269 3499 1548 3554 acoluthis
1571 3515 1745 3570 quam
1772 3501 2122 3556 reverendis-

485 3592 640 3648 simis
667 3593 955 3648 canonicis
989 3593 1262 3664 competit
1291 3610 1302 3648 :
1336 3593 1714 3648 consimiliter
1755 3594 1826 3648 ab
1855 3594 1990 3666 ipsis
2021 3595 2121 3650 Dei

485 3687 898 3742 amantissimis
936 3687 1250 3742 oeconomis
1285 3687 1401 3741 dari
1448 3687 1534 3741 his
1574 3687 1674 3758 qui
1710 3693 1766 3741 et
1803 3688 1972 3742 modo
2012 3689 2120 3744 illis

483 3780 737 3852 praefecti
767 3783 920 3846 sunt,
951 3783 1008 3834 et
1037 3780 1135 3852 qui
1169 3798 1270 3852 pro
1315 3783 1568 3852 tempore
1611 3797 1866 3852 unquam
1909 3781 1969 3836 in
2012 3783 2120 3838 illis

484 3872 869 3945 principatum
909 3873 1185 3942 obtinent,
1216 3879 1281 3929 ut
1323 3891 1428 3945 per
1454 3875 1608 3946 ipsos
1645 3879 1777 3933 ante
1805 3877 2119 3949 designatis

485 3968 544 4021 et
593 3966 698 4020 sub
751 3965 886 4036 ipsis
950 3967 1175 4020 censitis
1241 3967 1526 4035 ascetriis,
1586 3975 1645 4024 et
1692 3970 2008 4038 canonicis,
2063 3975 2120 4026 et

483 4055 719 4131 insuper
771 4058 945 4114 etiam
991 4059 1272 4114 acoluthis
1329 4060 1652 4117 distributio
1706 4064 1824 4118 fiat.
1873 4064 1930 4120 Si
1983 4082 2116 4120 vero

483 4168 713 4210 moram
761 4153 907 4209 circa
953 4151 1235 4224 ejusmodi
1281 4154 1624 4210 solutionem
1671 4157 1976 4214 admittant
2019 4159 2115 4214 Dei

480 4246 865 4308 amantissimi
904 4247 1210 4315 mconomi,
1248 4247 1420 4320 idque
1459 4248 1675 4303 clarum
1706 4250 1932 4319 existat,
1973 4253 2117 4308 forte

482 4361 577 4399 sex
601 4342 796 4398 alteris
821 4341 946 4413 jam
973 4341 1264 4397 mensibus
1289 4347 1420 4414 post
1447 4341 1608 4414 prius
1633 4347 1902 4400 semestre
1923 4346 2118 4402 decur-

479 4438 768 4505 rentibus,
811 4453 944 4492 cum
979 4436 1132 4490 nulla
1171 4437 1356 4492 adhuc
1403 4437 1608 4492 solutio
1648 4438 1798 4494 facta
1837 4439 1928 4507 sit,
1979 4447 2115 4496 tunc

481 4531 766 4604 quidquid
790 4533 919 4602 post
947 4530 1107 4602 prius
1135 4535 1408 4586 semestre
1445 4531 1700 4586 debitum
1731 4532 1921 4602 fuerit,
1953 4533 2058 4590 hoc
2081 4553 2113 4590 a
2131 4561 2191 4634 D

481 4625 580 4680 Dei
609 4625 1017 4680 amantissimis
1041 4625 1352 4680 oeconomis
1371 4623 1638 4696 exigatur
1663 4643 1792 4681 cum
1814 4627 2114 4684 trientibus

477 4718 668 4774 usuris
711 4717 983 4788 legitimas
1025 4717 1370 4788 centesimae,
1410 4717 1830 4790 providentiam
1867 4720 1927 4776 in
1967 4721 2114 4778 hanc

478 4829 603 4869 rem
622 4813 930 4868 collocante
957 4811 1384 4883 religiosissimo
1415 4829 1520 4884 pro
1553 4817 1814 4886 tempore
1841 4814 2113 4888 archiepi-

477 4924 646 4980 scopo
682 4912 740 4964 et
769 4906 1108 4979 patriarchae
1138 4909 1515 4962 sacrosanctae
1556 4905 1615 4962 in
1647 4908 1754 4964 hac
1780 4910 1936 4965 alma
1973 4911 2111 4967 urbe

479 5000 713 5072 majoris
739 5000 1010 5056 ecclesiae.
1044 4999 1102 5056 Si
1134 5016 1268 5055 vero
1298 5003 1356 5055 et
1389 5001 1534 5056 alter
1571 5017 1754 5057 annus
1784 5007 2107 5076 praetereat,

480 5099 538 5147 et
567 5109 639 5148 ne
667 5097 793 5148 tum
814 5093 1048 5165 quidem
1075 5092 1290 5166 aliquid
1307 5093 1411 5148 Dei
1435 5094 1810 5150 amantissimi
1827 5097 2112 5154 oeconomi

481 5185 772 5254 solverint,
821 5186 1180 5242 sanctissimo
1210 5204 1313 5260 pro
1355 5191 1613 5259 tempore
1662 5174 2106 5260 patriarchaeli-

483 5278 670 5334 centia
695 5279 767 5334 sit
794 5296 910 5334 non
940 5281 1119 5335 solum
1151 5281 1306 5354 quod
1333 5281 1822 5338 reverendissimis
1847 5285 2106 5340 mulieri-

476 5371 582 5428 bus
602 5376 658 5427 et
683 5371 970 5444 praedictis
987 5373 1218 5430 decanis
1238 5376 1496 5445 debetur,
1520 5393 1554 5432 a
1577 5377 1672 5433 Dei
1700 5379 2110 5434 amantissimis

477 5465 792 5524 (economis
819 5481 950 5520 cum
987 5467 1241 5536 praefatis
1288 5471 1469 5525 usuris
1497 5471 1744 5544 exigere,
1789 5472 1890 5527 sed
1933 5474 2108 5528 etiam

473 5562 632 5635 ipsos
655 5575 862 5632 cogere
893 5561 958 5613 ut
987 5559 1178 5613 omnia
1199 5578 1325 5632 quae
1345 5563 1619 5634 deputata
1643 5569 1779 5620 sunt
1802 5570 2104 5637 praestent;

473 5661 530 5712 et
557 5656 604 5712 si
635 5654 1025 5711 sanctissimus
1051 5652 1373 5725 patriarcha
1396 5658 1658 5726 voluerit,
1688 5663 1750 5714 ut
1787 5661 1962 5716 etiam
1993 5663 2103 5716 sol-

475 5750 772 5806 licitudine
802 5747 1118 5804 fundorum
1149 5748 1302 5820 ipsos
1333 5748 1536 5820 ejiciat,
1564 5755 1620 5805 et
1643 5759 1868 5824 repetat
1891 5755 2103 5812 horum

473 5841 912 5917 inspectionem,
936 5841 1424 5915 quemadmodum
1445 5843 1617 5899 modo
1637 5846 1789 5917 apud
1817 5848 1970 5918 ipsos
1990 5855 2100 5906 est:

2232 1905 2440 1960 centia.
2487 1905 2768 1960 Caeterum
2799 1920 2986 1976 neque
3011 1905 3118 1958 hoc
3143 1903 3657 1958 indeterminatum
3687 1902 3868 1956 relin-

2233 1999 2482 2072 quimus,
2503 1998 2769 2053 eamdem
2788 1998 2882 2052 hic
2896 2014 3127 2070 quoque
3154 2013 3488 2052 mensuram
3507 1997 3566 2050 in
3585 1997 3868 2062 ascetriis,

2231 2093 2521 2148 canonicis
2547 2095 2605 2147 et
2631 2091 2908 2147 acoluthis
2934 2092 3033 2163 qui
3067 2109 3172 2164 per
3220 2091 3682 2146 munificentiam
3708 2107 3871 2144 amu-

2231 2193 2468 2242 muntur
2505 2203 2627 2240 esse
2657 2187 2910 2241 volentes
2955 2202 3127 2257 quam
3175 2202 3347 2256 supra
3375 2185 3761 2251 definivimus,
3798 2200 3874 2237 ne

2231 2281 2527 2351 pauciores
2559 2279 2772 2335 scilicet
2797 2296 2967 2351 quam
2995 2285 3121 2335 octo
3154 2280 3406 2335 ascetriae
3451 2279 3540 2332 vel
3572 2277 3873 2332 canonica:

2231 2390 2299 2428 ex
2314 2391 2428 2428 uno
2441 2390 2670 2444 quoque
2683 2373 2962 2428 asceterio
2976 2377 3358 2444 assumantur,
3373 2379 3430 2428 et
3447 2377 3565 2428 tres
3575 2373 3648 2426 ad
3660 2389 3876 2426 unum.

2231 2467 2498 2539 quodque
2543 2467 2884 2522 asceterium
2912 2467 3185 2522 acoluthi.
3223 2469 3442 2522 Dentur
3485 2470 3678 2520 autem
3709 2482 3870 2520 asce-

2231 2561 2352 2616 triis
2379 2562 2493 2616 sive
2523 2561 2812 2616 canonicis
2843 2577 2971 2632 quas
3003 2563 3156 2616 ultra
3196 2561 3264 2616 id-
3281 2562 3468 2632 ipsum
3496 2561 3873 2624 aseeterium,

2231 2655 2386 2727 quod
2417 2655 2594 2726 gratis
2625 2654 3010 2710 ministerium
3058 2655 3407 2710 funerationi
3436 2654 3678 2726 praebet,
3713 2671 3874 2708 assu-

2228 2752 2466 2803 muntur
2488 2765 2502 2803 :
2527 2748 2808 2819 siquidem
2852 2748 3003 2802 intra
3039 2765 3218 2804 novos
3261 2765 3456 2803 muros
3483 2748 3656 2818 hujus
3690 2749 3872 2802 almae

2228 2841 2384 2896 urbis
2409 2842 2580 2896 elatio
2595 2847 2919 2914 peragatur,
2945 2858 3124 2913 usque
3149 2841 3221 2896 ad
3248 2845 3364 2896 tres
3378 2841 3603 2908 solidos,
3623 2842 3771 2896 nihil
3796 2859 3870 2896 ex

2226 2935 2336 2990 hoc
2367 2935 2594 3006 penitus
2617 2935 3006 2990 auferentibus
3030 2935 3326 3002 acoluthis,
3353 2952 3540 3007 neque
3555 2935 3869 3006 partienti-

2225 3028 2332 3082 bus
2360 3029 2468 3084 ista
2493 3046 2624 3084 cum
2649 3029 3132 3084 reverendissimis
3172 3031 3424 3084 ascetriis
3456 3034 3511 3085 et
3545 3029 3867 3084 canonicis.

2226 3123 2332 3178 Sed
2361 3123 2640 3178 acoluthis
2677 3123 2772 3194 qui
2817 3127 2945 3195 post
2988 3129 3102 3178 tres
3145 3123 3269 3178 illos
3307 3124 3481 3196 gratis
3509 3123 3868 3178 funerationi

2226 3217 2613 3272 ministrantes
2631 3221 3017 3286 assumuntur,
3047 3218 3328 3289 siquidem
3361 3222 3477 3272 tres
3505 3217 3602 3272 alii
3625 3217 3746 3271 sint
3766 3218 3867 3272 tri-

2221 3309 2326 3365 bus
2353 3311 2570 3383 siliquis
2594 3312 2909 3379 contentis;
2937 3312 2984 3366 si
3011 3330 3126 3381 sex,
3156 3311 3372 3384 siliquis
3390 3329 3514 3374 sex;
3547 3315 3609 3365 ut
3629 3312 3702 3366 ad
3725 3329 3862 3366 eum

2222 3405 2458 3460 modum
2496 3421 2850 3478 quaecunque
2911 3405 3016 3460 hoc
3056 3409 3405 3461 concernunt
3450 3407 3531 3460 ita
3583 3406 3860 3476 deinceps

2223 3505 2494 3570 gerantur
2514 3500 2732 3554 ordine.
2759 3499 2904 3556 lllud
2927 3517 3060 3554 sane
3088 3500 3461 3563 manifestum
3479 3505 3584 3567 est,
3601 3501 3648 3553 si
3674 3501 3860 3570 majus

2220 3593 2581 3648 intervallum
2605 3595 2696 3662 sit,
2714 3598 2770 3648 et
2797 3595 2898 3665 qui
2922 3595 3136 3650 feretro
3165 3595 3486 3649 inserviunt
3507 3595 3715 3649 decani
3736 3597 3857 3666 plu-

2219 3704 2311 3742 res
2341 3688 2472 3757 siut,
2502 3693 2560 3743 et
2576 3689 2742 3760 plura
2765 3689 3058 3756 asceteria,
3085 3690 3238 3760 quod
3261 3695 3498 3762 prOpter
3515 3689 3690 3759 hujus
3711 3705 3856 3760 pon-

2220 3781 2325 3836 dus
2338 3785 2396 3838 et
2409 3781 2547 3854 ipsis
2559 3783 2853 3854 paululum
2876 3783 3120 3852 dabitur,
3143 3784 3214 3838 ad
3235 3783 3680 3838 similitudinem
3707 3799 3857 3838 asce-

2218 3875 2456 3930 triarum
2487 3893 2614 3948 qum
2645 3877 2796 3931 circa
2817 3877 3237 3933 funerationem
3261 3878 3523 3932 laborem
3546 3877 3853 3932 sustinent.

2218 3970 2289 4024 Ut
2334 3976 2571 4042 propter
2609 3971 2936 4026 distantiam
2987 3976 3044 4026 et
3091 3972 3200 4043 ipsi
3239 3973 3504 4043 copiastze
3549 3971 3856 4026 videantur

2217 4064 2418 4119 exinde
2437 4065 2700 4120 nonnihil
2722 4065 2931 4122 habere
2949 4065 3157 4136 solatii,
3174 4067 3474 4121 videantur
3490 4069 3692 4120 autem
3707 4067 3853 4120 intra

2217 4173 2394 4212 novos
2421 4175 2636 4228 muros,
2671 4165 2728 4214 et
2765 4159 3079 4215 terminum
3119 4159 3533 4216 Justinianeum
3571 4166 3630 4215 et
3670 4160 3848 4226 Ficus,

2216 4252 2689 4323 quandoquidem
2735 4271 2849 4310 non
2889 4255 3060 4326 longe
3103 4253 3336 4322 distant,
3370 4270 3558 4324 neque
3592 4271 3742 4325 opus
3769 4257 3850 4308 est

2215 4345 2474 4417 longiore
2495 4349 2605 4400 tem
2612 4363 2774 4418 pore,
2795 4349 3082 4420 majoreve
3104 4348 3316 4416 labore,
3338 4347 3510 4402 utillo
3539 4350 3847 4419 pervenia-

2214 4437 2326 4489 tur.
2355 4435 2414 4490 Si
2445 4452 2580 4492 vero
2608 4441 2764 4492 extra
2808 4454 2986 4494 novos
3033 4455 3228 4494 muros
3269 4439 3438 4511 hujus
3473 4440 3645 4494 almae
3673 4439 3844 4506 urbis,

2215 4532 2316 4584 aut
2339 4529 2413 4585 ad
2442 4530 2580 4585 alios
2609 4532 2892 4588 terminos
2917 4549 3088 4604 quam
3128 4533 3342 4588 dictum
3375 4535 3479 4599 est,
3515 4533 3698 4589 elatio
3726 4535 3840 4602 fiat,

2212 4625 2348 4679 tunc
2361 4625 2618 4680 ascetriae
2636 4626 2871 4697 quidem
2889 4629 3003 4682 sive
3015 4627 3309 4683 canonica
3325 4631 3440 4682 tres
3462 4632 3520 4682 et
3539 4627 3843 4683 dimidium

2212 4717 2460 4774 solidum
2511 4719 2852 4792 percipiant,
2891 4737 3077 4793 neque
3117 4721 3209 4776 hic
3249 4721 3562 4794 quidquam
3605 4724 3842 4778 omnino

2211 4813 2632 4868 communionis
2653 4814 2996 4870 habentibus
3019 4816 3314 4871 acoluthis.
3335 4816 3474 4888 Ipsis
3500 4821 3705 4872 autem
3729 4834 3844 4872 aco-

2211 4907 2386 4961 luthis
2401 4907 2473 4962 ad
2493 4907 2724 4980 singula
2749 4911 3022 4966 asceteria
3041 4913 3342 4982 quaternas
3363 4911 3766 4970 auferentibus
3780 4917 3844 4970 si-

2209 5000 2412 5072 liquas,
2431 5003 2490 5056 et
2515 5007 2797 5074 praeterea
2815 5003 2959 5058 nihil
2979 5023 2992 5060 :
3022 5005 3340 5060 secundum
3357 5005 3698 5078 praedictam
3715 5008 3843 5063 divi-

2211 5094 2431 5150 sionem
2459 5097 2730 5152 asceterio
2748 5113 2881 5153 cum
2901 5099 3081 5153 tribus
3103 5099 3382 5154 acoluthis
3405 5099 3691 5156 feretrum
3713 5119 3839 5174 gra-

2209 5188 2282 5243 tis
2313 5189 2618 5260 praebitum
2645 5197 2942 5263 sequente,
2961 5195 3017 5248 et
3043 5193 3284 5249 omnino
3308 5193 3389 5249 illi
3409 5194 3730 5252 accedente
3743 5213 3841 5270 per

2211 5287 2336 5338 octo
2362 5284 2634 5340 ascetrias
2661 5285 2776 5340 sive
2817 5287 3121 5343 canonicas
3149 5290 3208 5342 et
3229 5291 3346 5343 tres
3377 5289 3459 5359 (ut
3488 5288 3714 5346 dictum
3741 5295 3840 5361 est)

2208 5379 2516 5447 acoluthos,
2534 5379 2676 5434 nihil
2691 5397 2926 5453 prorsus
2945 5382 3291 5452 auferentes,
3311 5387 3410 5438 aut
3425 5399 3530 5454 per
3541 5383 3837 5441 dationem

2208 5487 2506 5526 cereorum
2549 5473 2863 5545 exigentes,
2890 5479 2989 5530 aut
3014 5475 3118 5531 sub
3143 5477 3256 5531 alio
3285 5477 3613 5533 velamento
3645 5497 3841 5552 quem-

2207 5581 2432 5638 cunque
2463 5567 2776 5624 exactionis
2801 5570 3040 5626 modum
3059 5571 3466 5642 excogitantes.
3489 5573 3622 5627 Haec
3650 5579 3837 5629 autem

2207 5659 2401 5716 omnia
2420 5661 2488 5716 de
2503 5661 2592 5717 his
2613 5665 2838 5719 tantum
2859 5663 3187 5733 deﬁnimus,
3203 5665 3298 5737 qui
3318 5682 3436 5722 non
3454 5683 3562 5738 per
3577 5669 3838 5724 ambitio-

2207 5770 2340 5809 nem
2371 5758 2428 5810 et
2445 5757 2898 5818 munificentiam
2925 5776 3137 5831 magna
3158 5760 3252 5815 illa
3272 5760 3384 5816 duo
3402 5761 3619 5817 feretra
3635 5763 3695 5818 in
3719 5780 3842 5836 pre-

2205 5848 2483 5906 tiosarum
2509 5869 2704 5908 rerum
2717 5853 2986 5911 thesauro
3004 5855 3318 5926 recondita,
3333 5872 3545 5932 nempe
3573 5857 3838 5934 gloriosa
