4076 6186
253 285 361 338 997

1119 283 1486 342 JUS’I‘lNIANI
1523 283 1851 342 NOVELLE
1890 283 2221 344 SELECTIE.
2265 285 2571 344 NOVELLA
2608 287 2758 344 LXV.

3525 293 3627 354 998

249 389 549 446 memoriae
575 389 782 459 Studii,
817 395 874 448 ct
901 391 1218 465 magniﬁcas
1261 393 1556 450 memoriae
1597 394 1889 466 Stephani,
1915 413 1975 489 Α
1993 394 2229 468 alicujus
2253 396 2606 453 funeratione
2633 397 2817 453 danda
2843 397 2932 454 sit.
2967 396 3127 454 Nulla
3150 398 3300 456 inter
3327 400 3623 460 defuncto-

249 489 575 561 requirunt.
605 488 662 546 Si
691 489 818 562 quis
863 489 1017 546 enim
1051 491 1146 547 illa
1185 491 1394 548 habere
1433 491 1644 564 cupiat,
1674 497 1736 548 ut
1765 488 1928 564 quae
1996 505 2125 544 rum
2150 507 2418 562 personas
2461 491 2818 548 distinctione
2856 493 3303 562 introducenda;
3333 496 3448 550 sive
3480 497 3622 552 divi-

248 587 312 638 et
327 583 525 638 multis
535 583 864 639 hominibus
876 584 1254 658 indigeant,et
1267 586 1543 658 majorem
1558 587 1890 653 custodiam,

245 679 424 748 atque
452 677 508 732 in
537 694 760 732 summa
783 679 1011 750 plenam
1037 679 1254 753 negotii
1282 679 1720 736 asservationcm
1754 680 1895 736 desi-

245 768 475 840 derant,
519 770 628 826 hoc
674 764 1122 842 praedictis'non
1161 773 1566 844 connectimus,
1595 774 1691 829 sed
1731 774 1894 846 quasi

247 863 352 934 qui
393 863 746 919 ambitiosius
773 870 1031 921 mortuos
1059 883 1186 921 suos
1209 866 1400 922 efferri
1429 859 1689 940 gestiant,
1722 868 1887 939 quid-

245 956 392 1028 quid
415 974 519 1028 pro
543 957 740 1014 labore
771 975 828 1016 se
855 959 1104 1031 dccanis,
1127 964 1226 1016 aut
1245 959 1727 1016 reverendissimis
1745 977 1892 1016 asce-

244 1049 372 1118 tris,
403 1055 502 1106 aut
525 1052 812 1108 canonicis
853 1046 1082 1108 daturos
1118 1053 1630 1126 compromiserint,
1668 1057 1892 1110 tantum

245 1148 305 1199 et
323 1150 614 1216 praestent,
643 1151 710 1202 ut
737 1151 929 1202 tamen
959 1147 1028 1202 ad
1068 1148 1255 1220 ipsum
1302 1147 1361 1202 in
1405 1147 1624 1202 duobus
1668 1147 1889 1203 feretris

245 1237 458 1292 Studiii
481 1244 538 1294 et
557 1239 830 1312 Stephani
851 1240 1150 1296 duodecim
1175 1240 1482 1296 solidorum
1513 1241 1889 1313 quantitatem

245 1333 523 1388 excedere
547 1339 811 1406 nequeat.
831 1335 939 1390 Pro
955 1351 1021 1390 eo
1039 1351 1172 1390 vero
1189 1335 1339 1408 quod
1350 1352 1490 1391 auro
1517 1336 1887 1391 intertextum

247 1429 352 1495 est,
384 1427 538 1498 quod
583 1427 642 1482 in
679 1431 1034 1484 sacrosancta
1061 1430 1274 1501 majore
1314 1429 1547 1485 ecclesia
1572 1429 1884 1501 reponitur,

245 1518 294 1572 si
321 1520 554 1590 quidem
579 1537 696 1577 uno
721 1523 840 1578 solo
883 1523 943 1578 in
973 1523 1096 1594 ejus
1134 1524 1319 1578 locum
1350 1525 1432 1594 (ut
1456 1523 1752 1595 probabile
1783 1523 1884 1593 est)

243 1615 595 1684 apparando,
642 1622 889 1687 quatuor
949 1616 1172 1686 solidis;
1223 1617 1474 1672 ascetriis
1515 1621 1726 1686 autem,
1773 1616 1886 1672 sive

243 1707 550 1776 canonicis,
598 1708 712 1764 sive
755 1709 1048 1777 acoluthis,
1078 1709 1250 1782 duplo
1287 1711 1504 1782 majora
1543 1727 1715 1782 quam
1755 1716 1885 1765 ante

1993 583 2086 640 tiis
2113 587 2371 651 afﬂuant,
2403 585 2516 640 sive
2547 591 2881 657 premantur
2904 585 3114 659 inopia,
3143 587 3249 643 nisi
3271 589 3416 645 forte
3438 590 3519 659 (ut
3547 592 3629 646 di-

1993 682 2198 754 ximus)
2223 696 2398 736 unam
2424 695 2493 734 ex
2524 679 2702 734 tribus
2727 679 2840 734 illis
2865 680 3086 736 feretris
3111 681 3373 753 diligant,
3396 683 3455 738 in
3493 685 3620 756 qui-

1989 776 2096 832 bus
2141 781 2199 831 et
2239 773 2348 847 ipsi
2373 773 2762 829 convenientia
2809 773 3208 846 disposuimus.
3243 777 3623 850 Volumusque

1989 870 2084 925 illa
2112 873 2168 926 et
2193 869 2263 924 ad
2290 869 2441 923 hunc
2467 867 2722 924 obtinere
2750 867 3006 938 modum,
3035 873 3092 924 et
3126 869 3337 941 absque
3365 872 3621 942 praefini-

1987 963 2142 1019 tione
2171 961 2440 1034 temporis
2467 961 2700 1017 immota
2730 977 2962 1016 manere
2987 967 3044 1017 et
3071 965 3302 1018 aeterna.
3329 966 3512 1036 Atque
3537 983 3621 1020 sa-

1989 1073 2084 1113 cra
2133 1057 2238 1112 hac
2293 1054 2640 1128 pragmatica
2699 1055 2824 1126 lege
2878 1055 2938 1110 in
2986 1059 3327 1127 perpetuum
3381 1059 3620 1129 valente,

1988 1149 2265 1222 quamdiu
2293 1147 2552 1204 homines
2577 1152 2728 1215 sunt,
2753 1164 3039 1220 quamque
3065 1148 3163 1203 diu
3188 1166 3462 1221 magnum
3483 1151 3623 1207 illud

1987 1246 2046 1298 et
2091 1243 2259 1314 longe
2285 1241 2716 1297 celeberrimum
2745 1241 3190 1297 Christianorum
3228 1259 3440 1298 nomen
3474 1244 3623 1301 inter

1987 1336 2248 1392 homines
2271 1335 2598 1400 habebitur,
2627 1335 2876 1406 quotidie
2898 1335 3074 1390 etiam
3103 1337 3321 1391 domini
3354 1338 3451 1392 Dei
3469 1337 3622 1394 beni-

1989 1431 2204 1503 gnitate
2230 1430 2648 1484 incrementum
2673 1427 2930 1500 accipiat.
2957 1429 3092 1484 Huic
3116 1429 3372 1485 videlicet
3391 1433 3622 1504 negotio

1985 1541 2105 1596 praa
2144 1521 2361 1580 caeteris
2405 1522 2670 1578 omnibus
2696 1521 2816 1593 ipso
2842 1521 3263 1594 religiosissimo
3304 1525 3621 1595 patriarcha

1986 1618 2156 1689 hujus
2179 1617 2342 1672 almae
2372 1615 2528 1671 urbis
2553 1615 2954 1687 prospiciente,
2985 1632 3058 1670 ne
3087 1617 3193 1671 hac
3219 1633 3384 1672 causa
3408 1635 3511 1689 pro
3532 1637 3617 1674 sa-

1987 1711 2253 1766 cerdotali
2279 1713 2552 1782 potestate
2597 1725 2734 1764 usus
2770 1709 3107 1778 committat,
3139 1713 3204 1764 ut
3246 1711 3316 1765 ab
3346 1711 3462 1765 ulla
3491 1729 3619 1784 per-

243 1799 316 1854 de
366 1801 438 1854 iis
483 1802 894 1873 pratiinivimus
941 1803 1298 1859 ferentibus:
1330 1809 1392 1860 ut
1417 1805 1680 1860 videlicet
1702 1804 1887 1876 ipsum
1909 1803 1965 1874 B
1989 1823 2126 1860 sona
2165 1805 2251 1859 vel
2299 1802 2649 1872 sacerdotali,
2697 1802 2785 1856 vel
2833 1797 3185 1874 magistratu'
3215 1805 3495 1874 decorata,
3531 1807 3618 1862 vel

240 1910 472 1967 quoque
539 1897 907 1952 ascetriarum
950 1913 1047 1952 seu
1081 1898 1488 1954 canonicarum
1525 1899 1881 1968 asceterium,

241 1989 400 2060 quod
431 1990 606 2061 gratis
623 1996 826 2047 caetera
853 1991 1066 2047 feretra
1089 1992 1385 2064 praecedit,
1415 1991 1675 2048 eamdem
1700 2009 1880 2064 quan-

237 2082 472 2138 titatem
499 2084 771 2157 percipiat
796 2102 970 2158 quam
1006 2091 1062 2141 et
1105 2087 1322 2158 reliqua
1351 2088 1642 2142 asceteria.
1671 2088 1882 2142 Eodem

235 2175 370 2245 hoc,
397 2178 550 2249 quod
598 2179 988 2251 praediximus,
1033 2185 1090 2235 et
1131 2179 1190 2234 in
1210 2180 1484 2235 acoluthis
1510 2180 1878 2251 observando,

235 2275 306 2326 ut
329 2275 390 2326 et
412 2271 474 2325 hi
504 2271 741 2344 duplum
768 2290 967 2328 eorum
991 2290 1121 2346 quae
1140 2274 1265 2346 jam
1293 2291 1327 2328 a
1352 2275 1516 2330 nobis
1558 2275 1880 2330 constitute

236 2369 376 2419 sunt
393 2365 656 2420 auferant
677 2385 691 2422 :
714 2366 990 2422 nimirum
1001 2367 1046 2422 si
1071 2367 1129 2422 id
1155 2368 1215 2422 in
1231 2384 1343 2440 quo
1358 2369 1638 2424 funeratio
1657 2369 1884 2441 peragi-

234 2460 355 2529 tur,
388 2475 572 2513 unum
603 2459 672 2516 de
697 2460 879 2516 tribus
903 2461 1013 2516 illis
1037 2461 1260 2517 feretris
1281 2462 1372 2528 sit,
1399 2463 1506 2517 hoc
1533 2462 1742 2518 scilicet
1778 2480 1878 2518 vo-

233 2550 392 2607 lente
417 2570 482 2607 eo
501 2553 593 2608 cui
613 2553 984 2610 funerationis
1005 2572 1140 2610 cura
1161 2555 1461 2611 incumbit.
1481 2557 1879 2612 Necessitatem

235 2645 452 2700 scilicet
501 2648 896 2703 tantummodo
945 2648 1286 2704 habentibus
1334 2649 1433 2704 Dei
1475 2649 1880 2705 amantissimis

235 2738 650 2808 defensoribus,
683 2747 744 2796 ut
782 2741 1123 2798 decanorum
1160 2759 1395 2815 corpora
1439 2760 1508 2799 ex
1539 2743 1879 2815 octingentis

234 2831 352 2886 illis
379 2834 640 2904 officinis,
664 2851 802 2908 quas
829 2835 963 2908 ipsis
987 2835 1418 2908 assignavimus,
1443 2842 1498 2892 et
1515 2837 1653 2892 item
1671 2837 1878 2892 feretra

237 2926 566 2997 exhibeant,
593 2945 709 2984 non
736 2934 927 2984 autem
957 2934 1020 2985 ut
1043 2935 1339 3002 sumptum
1371 2929 1620 3003 aliquem
1646 2930 1872 3002 impen-

236 3017 414 3075 danti
430 3021 528 3075 Dei
551 3037 687 3078 vero
724 3023 1130 3079 amantissimis
1167 3025 1472 3080 oeconomis
1509 3025 1794 3096 cogendis,
1815 3029 1880 3080 ut

232 3116 362 3168 tam
392 3130 461 3169 ex
492 3115 676 3172 reditu
701 3134 733 3170 a
759 3116 1136 3172 sacratissimo
1161 3117 1418 3191 principe
1461 3117 1755 3174 Anastasio
1783 3135 1874 3173 re-

231 3204 392 3278 licto,
423 3225 594 3280 quam
625 3227 694 3264 ex
722 3211 985 3266 trecentis
1017 3211 1256 3267 ofﬁcinis
1287 3212 1346 3267 in
1367 3212 1660 3284 praedictas
1685 3229 1878 3284 perso-

233 3316 360 3371 nas,
389 3303 702 3358 secundum
719 3321 750 3358 a
767 3304 928 3359 nobis
943 3305 1001 3358 in
1015 3305 1279 3360 omnibus
1305 3307 1670 3361 constitutam
1693 3305 1877 3362 distri-

233 3393 553 3466 butionem,
573 3414 768 3452 omnes
786 3399 1052 3471 praefatas
1073 3399 1356 3472 impensas
1381 3400 1608 3456 faciant.
1631 3401 1710 3455 Ita
1729 3400 1874 3456 nihil

233 3487 745 3546 indeterminatum
773 3493 899 3562 erit,
927 3493 1022 3548 sed
1053 3497 1108 3549 et
1131 3493 1229 3566 qui
1257 3493 1663 3549 moderatiores
1691 3494 1874 3566 sepul-

231 3586 392 3637 turas
421 3583 544 3638 fieri
571 3585 787 3654 volunt,
816 3603 884 3642 ex
933 3587 1038 3642 hac
1081 3587 1447 3659 dispositione
1486 3587 1736 3643 fructum
1775 3605 1870 3643 ca-

230 3675 436 3748 pient;
465 3683 519 3733 et
543 3679 640 3750 qui
667 3679 738 3734 ad
756 3679 1123 3736 ambitionem
1135 3681 1466 3754 respiciunt,
1480 3698 1595 3738 non
1621 3699 1725 3754 per
1741 3682 1872 3738 inde

235 3771 468 3842 magnis
490 3770 845 3828 involvantur
863 3773 1190 3846 dispendiis,
1210 3775 1306 3830 sed
1335 3775 1482 3831 intra
1507 3779 1725 3831 certum
1753 3792 1875 3832 mo-

233 3861 377 3918 dum
403 3865 656 3920 muniﬁci
697 3872 885 3922 erunt.
919 3853 1044 3923 Haec
1069 3884 1173 3923 nos
1199 3868 1376 3940 igitur
1398 3873 1516 3924 tam
1541 3869 1610 3926 de
1636 3869 1872 3925 ofﬁcinis

233 3973 416 4028 quam
443 3959 738 4028 reditibus,
769 3963 827 4016 et
845 3961 1112 4017 funerum
1143 3961 1502 4032 elationibus,
1531 3963 1646 4018 sive
1675 3965 1870 4036 gratis,

232 4050 354 4107 sive
381 4068 514 4107 cum
525 4053 1090 4126 quadamambitione
1113 4062 1478 4129 peragantur,
1493 4057 1870 4114 deﬁnivimus.

231 4145 310 4200 Ut
333 4151 526 4200 autem
541 4147 900 4203 ofﬁcinarum
917 4165 1192 4205 numerus
1207 4151 1368 4206 nullo
1386 4168 1638 4224 unquam
1658 4157 1874 4225 tempo-

231 4254 299 4293 re
326 4238 768 4296 diminutionem
797 4242 1064 4314 patiatur,
1103 4245 1360 4300 custodes
1394 4247 1514 4316 ejus
1555 4247 1636 4302 rei
1660 4247 1870 4302 consti-

231 4331 381 4386 tuim
391 4349 472 4404 us,
489 4351 604 4388 non
629 4338 850 4391 tantum
868 4337 1334 4408 gloriosissimum
1350 4339 1448 4410 huj
1457 4341 1700 4408 usalmm
1717 4341 1873 4396 urbis

230 4426 588 4498 praefectum,
638 4433 692 4483 et
737 4421 1239 4503 lobtemperantem
1289 4431 1369 4486 illi
1415 4433 1726 4502 cohortem,
1775 4433 1872 4488 sed

1983 1915 2341 1972 quacunque,
2371 1897 2430 1952 in
2457 1900 2649 1952 nostra
2678 1895 3040 1968 delinquatur
3066 1897 3388 1954 constituta.
3419 1900 3527 1955 Sed
3563 1907 3619 1956 et

1983 1999 2046 2048 ut
2072 1993 2194 2066 ipsa
2219 1992 2484 2063 majestas
2512 1990 2878 2062 imperatoria
2905 1989 2964 2044 in
3003 1994 3118 2044 tam
3157 1992 3408 2063 amplam
3439 1993 3621 2065 digni-

1981 2087 2110 2143 tatis
2135 2092 2192 2142 et
2237 2085 2467 2140 honoris
2507 2083 2700 2139 sedem
2749 2084 3028 2139 conversis
3069 2085 3265 2152 oculis,
3296 2085 3618 2159 quicunque

1981 2181 2210 2246 tandem
2247 2177 2477 2252 imperii
2503 2184 2724 2250 sceptra
2772 2177 3006 2247 tenebit,
3037 2177 3170 2232 huic
3198 2179 3280 2233 rei
3307 2179 3614 2250 provideat,

1980 2273 2355 2330 decernimus.
2385 2273 2574 2344 Neque
2603 2270 2758 2326 enim
2777 2286 2882 2343 pro
2901 2271 3178 2326 defunctis
3201 2275 3421 2326 tantum
3445 2272 3616 2341 istud,

1981 2367 2078 2422 sed
2105 2367 2275 2423 etiam
2301 2383 2404 2439 pro
2432 2365 2762 2432 viventium,
2789 2364 3042 2436 adeoque
3062 2365 3510 2436 imperitantium
3537 2384 3620 2422 sa-

1978 2461 2096 2516 lute
2123 2465 2227 2532 est,
2260 2463 2325 2515 ut
2349 2459 2682 2515 omnimodo
2715 2458 2823 2530 pim
2853 2457 3099 2514 actiones
3129 2460 3201 2514 ad
3229 2459 3492 2516 effectum
3513 2461 3612 2517 de-

1978 2554 2279 2623 ducantur,
2299 2570 2484 2626 neque
2503 2554 2770 2626 praeclara
2793 2552 3080 2624 majorum
3106 2553 3367 2610 instituta
3393 2571 3496 2626 per
3521 2573 3620 2612 ne-

1980 2647 2314 2722 gligentiam
2356 2651 2718 2720 posterorum
2767 2646 3094 2718 depereant.
3122 2648 3614 2713 Quemadmodum

1977 2748 2168 2798 autem
2196 2747 2428 2807 centum
2466 2741 2588 2796 illas
2615 2745 2670 2795 et
2696 2739 2850 2794 mille
2881 2740 3134 2796 ofﬁcinas
3164 2741 3534 2798 indiminutas
3561 2751 3616 2799 et

1977 2836 2264 2892 immunes
2296 2834 2562 2890 custodiri
2592 2833 2994 2906 disposuimus,
3023 2833 3100 2888 ita
3145 2851 3343 2890 omnes
3369 2837 3612 2910 reliquas

1979 2930 2230 2986 officinas
2270 2929 2575 3002 praestandi
2601 2927 2966 3001 vectigalibus
2991 2928 3273 2984 sancimus
3296 2947 3413 2986 esse
3437 2931 3611 2988 obno-
3654 2979 3668 3002 ,

1977 3023 2096 3079 xias
2125 3040 2138 3079 ε
2169 3022 2398 3078 nemine
2425 3022 2664 3078 omnino
2693 3021 2984 3077 licentiam
3014 3021 3258 3078 habente
3287 3029 3350 3080 ut
3373 3041 3466 3079 eas
3491 3025 3609 3081 exi-

1976 3121 2114 3188 mat,
2143 3117 2258 3172 sive
2295 3117 2366 3172 ad
2409 3133 2596 3171 sacras
2635 3116 2801 3182 aedes,
2833 3115 2948 3170 sive
2991 3117 3062 3170 ad
3105 3133 3370 3188 xenonas,
3400 3119 3514 3174 sive
3541 3117 3612 3174 ad

1978 3211 2268 3279 asceteria,
2313 3211 2426 3266 sive
2456 3209 2818 3280 monasteria,
2853 3209 2965 3264 sive
3013 3211 3392 3282 quodcunque
3435 3212 3607 3282 aliud,

1974 3305 2070 3360 sed
2099 3321 2284 3376 neque
2311 3304 2357 3358 si
2383 3305 2454 3358 ad
2484 3303 2674 3376 regias
2704 3307 2928 3358 nostras
2949 3300 3175 3372 domus,
3206 3305 3293 3359 vel
3317 3305 3614 3375 magistra-

1974 3403 2057 3466 tu,
2087 3403 2186 3453 aut
2208 3397 2461 3469 potentia
2491 3397 2759 3468 praeditos
2795 3397 3160 3467 pertineant;
3206 3397 3304 3451 sed
3338 3413 3407 3452 ex
3445 3415 3608 3472 aequo

1975 3491 2241 3546 omnibus
2283 3489 2520 3545 officinis
2563 3488 2924 3556 vectigalium
2981 3489 3398 3559 prmstationem
3438 3508 3610 3563 agno-

1973 3585 2279 3654 scentibus,
2309 3601 2380 3640 ne
2408 3583 2455 3638 si
2481 3582 2756 3655 paulatim
2789 3581 3174 3653 unusquisque
3204 3591 3522 3654 excusetur,
3552 3593 3609 3642 et

1973 3678 2211 3751 quisque
2247 3695 2350 3734 sua
2400 3677 2625 3746 relevet,
2673 3675 2864 3748 paucis
2897 3675 3253 3746 quibusdam,
3296 3677 3394 3748 qui
3441 3679 3608 3735 relin-

1972 3777 2238 3844 quantur,
2287 3775 2471 3826 totum
2509 3768 2937 3842 prastationum
2981 3785 3122 3824 onus
3163 3769 3506 3842 imponatur,
3549 3779 3608 3830 et

1971 3882 2252 3938 magnum
2304 3865 2508 3920 exinde
2561 3863 2921 3936 dispendium
2971 3863 3286 3921 sustineant
3319 3866 3378 3920 hi
3417 3867 3516 3940 qui
3547 3869 3606 3924 id

1974 3959 2123 4017 ferre
2152 3963 2459 4032 nequeant.

2043 4055 2178 4120 Quae
2205 4053 2383 4126 igitur
2417 4068 2518 4125 per
2545 4055 2888 4124 praesentem
2937 4068 3154 4108 sacram
3189 4051 3602 4127 pragmaticam

1971 4148 2214 4204 formam
2265 4147 2432 4203 nobis
2481 4146 2839 4218 placuerunt,
2889 4163 2953 4202 ea
3004 4150 3122 4202 tam
3155 4149 3484 4203 excellentia
3508 4155 3603 4205 tua

1973 4259 2145 4314 quam
2175 4241 2272 4314 qui
2304 4243 2429 4314 post
2463 4246 2516 4295 te
2546 4240 2814 4296 eumdem
2840 4241 3236 4312 magistratum
3288 4239 3602 4314 suscepturi

1972 4341 2125 4403 sunt,
2155 4341 2210 4390 et
2234 4336 2637 4405 obtemperans
2663 4331 2764 4388 tibi
2795 4335 2998 4388 cohors
3024 4335 3358 4389 custodiant.
3385 4336 3504 4391 Dat.
3539 4337 3604 4390 ΙΙΙ

1971 4430 2104 4484 Nov.
2135 4431 2406 4486 Constant
2430 4427 2570 4498 imp.
2609 4427 2666 4482 d.
2707 4443 2766 4481 n.
2794 4426 2999 4482 Justin.
3032 4427 3136 4482 PP.
3164 4431 3309 4499 Aug.
3341 4445 3477 4484 ann.
3513 4432 3598 4498 Η,

231 4519 412 4575 etiam
435 4521 616 4578 multo
627 4523 810 4595 magis
825 4525 1214 4580 excellentiam
1231 4528 1411 4594 tuam,
1426 4530 1483 4581 et
1499 4526 1600 4598 qui
1613 4543 1870 4599 unquam
1891 4553 1950 4625 Ι)
1971 4525 2100 4597 post
2129 4522 2280 4578 Bilis.
2310 4537 2364 4578 v.
2397 4538 2446 4576 c.
2469 4536 2620 4576 cons.
2652 4536 2804 4575 anno
2831 4524 2888 4577 2.

230 4613 344 4668 hoc
369 4613 663 4687 dignitatis
686 4617 997 4690 fastigium,
1027 4617 1116 4674 cui
1140 4623 1205 4674 tu
1241 4619 1414 4674 modo
1439 4637 1640 4692 praees,
1668 4625 1869 4676 tenue-

227 4707 373 4762 rint.
405 4709 472 4764 Et
513 4709 748 4782 insuper
793 4727 1020 4783 poenam
1057 4712 1276 4768 cohorti
1305 4718 1419 4768 tute
1461 4713 1874 4787 quinquaginta

227 4801 424 4874 pondo
457 4803 582 4858 auri
619 4804 956 4878 irrogamus,
987 4805 1034 4861 si
1059 4806 1442 4878 negligentius
1478 4808 1700 4881 egerit:
1735 4808 1872 4864 item

229 4894 522 4968 duplicem
551 4901 745 4952 contra
775 4915 870 4954 eos
897 4899 995 4972 qui
1023 4916 1277 4972 unquam
1302 4901 1572 4958 thronum
1593 4905 1758 4958 tuum
1783 4921 1872 4958 su-

229 4990 483 5062 scepturi
509 4996 659 5063 sunt,
688 5009 802 5064 quo
831 4993 1023 5047 minus
1041 4979 1404 5052 committant
1429 5002 1490 5052 ut
1509 4997 1820 5053 secundum
1838 5013 1870 5050 a

225 5083 398 5138 nobis
421 5083 627 5140 dictam
657 5085 989 5142 divisionem
1013 5088 1166 5144 mille
1188 5092 1246 5144 et
1271 5095 1498 5146 centum
1517 5090 1870 5146 officinarum

227 5193 509 5234 numerus
537 5178 775 5236 deficiat.
811 5180 918 5237 Sed
957 5181 1003 5236 si
1047 5182 1158 5238 hoc
1207 5183 1496 5253 doceatur,
1519 5190 1583 5241 ut
1611 5185 1696 5239 vel
1725 5184 1866 5256 ipse,

143 5271 161 5286 ‘
225 5271 319 5326 vel
345 5288 692 5330 successores
713 5275 816 5343 tui,
843 5275 904 5330 in
929 5275 1075 5331 hanc
1101 5293 1225 5332 rem
1251 5278 1663 5350 providentiam
1683 5279 1870 5334 confe-

226 5364 390 5433 ratis,
407 5367 837 5440 procuretisque
863 5374 926 5424 ut
939 5386 1039 5442 per
1051 5371 1240 5426 omnia
1266 5371 1312 5426 is
1328 5371 1448 5426 sine
1465 5371 1864 5441 diminutione,

227 5457 353 5514 sine
379 5476 571 5529 onere,
592 5461 713 5518 sine
743 5463 1161 5520 machinatione
1185 5465 1392 5537 aliqua,
1413 5471 1536 5520 tum
1562 5482 1664 5536 per
1688 5465 1867 5522 excel-

226 5552 469 5609 lentiam
490 5559 669 5625 tuam,
699 5561 817 5612 tum
848 5574 950 5629 per
969 5558 1226 5631 quamvis
1241 5559 1410 5614 aliam
1422 5576 1722 5631 personam
1743 5575 1867 5632 per-

225 5653 494 5703 maneat:
525 5666 597 5705 ne
618 5650 824 5707 exinde
847 5668 992 5707 nova
1011 5652 1298 5709 oboriatur
1315 5653 1554 5724 occasio,
1577 5657 1644 5708 ut
1660 5658 1866 5726 praeter

229 5739 622 5801 definitionem
667 5749 920 5803 nostram
963 5746 1151 5804 denuo
1192 5763 1405 5804 merces
1463 5763 1568 5820 pro
1611 5765 1866 5822 persona:

2541 4673 2856 4731 NOVELLA
2882 4673 3030 4732 LXV.

2184 4773 2258 4827 De
2285 4771 2369 4826 his
2397 4785 2516 4842 qua
2538 4770 2728 4826 relicta
2758 4775 2888 4826 sunt
2917 4768 3149 4827 ecclesiae
3174 4771 3384 4841 Mysiae.

2041 4899 2260 4957 Scimus
2285 4904 2452 4955 antea
2475 4900 2682 4972 legem,
2712 4905 2818 4956 etc.
2863 4901 3074 4956 Relicta
3125 4901 3373 4958 ecclesiae
3414 4903 3602 4976 Mysia

1969 4995 2040 5051 ad
2085 4994 2534 5067 redemptionem
2579 4995 2930 5066 captivorum
2982 4999 3038 5050 et
3087 5012 3402 5068 pauperum
3463 4999 3598 5056 sub-

1971 5089 2369 5146 stentationem
2427 5089 2766 5158 venduntor,
2817 5087 2866 5142 si
2909 5088 3134 5162 longius
3171 5090 3242 5145 ab
3286 5108 3353 5146 eo
3394 5093 3514 5148 loco
3538 5094 3600 5150 in

1969 5183 2186 5239 adibus
2231 5188 2332 5238 aut
2380 5183 2558 5238 vineis
2603 5181 2915 5238 consistant
2965 5199 2978 5236 :
3028 5186 3094 5238 ut
3142 5189 3334 5241 tamen
3383 5187 3499 5259 qui'
3536 5204 3602 5245 ea

1968 5277 2219 5349 reliquit,
2269 5293 2339 5331 ex
2390 5275 2714 5331 venditione
2757 5275 3081 5332 relictorum
3121 5277 3356 5350 jusserit
3400 5297 3598 5354 eroga-

1964 5371 2182 5427 tionem
2211 5371 2350 5426 ﬁeri.
2388 5371 2434 5424 ls
2461 5369 2558 5442 qui
2603 5369 2660 5424 in
2697 5369 2830 5440 jure
2861 5371 3197 5442 postulatur,
3243 5374 3288 5428 si
3317 5391 3376 5429 se
3399 5374 3598 5430 absen-

1965 5469 2064 5532 tet,
2095 5465 2520 5531 condemnator,
2553 5463 2814 5518 videlicet
2838 5465 3046 5520 malam
3075 5483 3198 5522 rem
3223 5484 3416 5538 agens,
3444 5467 3596 5538 quod

1966 5563 2272 5614 contestata
2311 5557 2405 5612 lite
2444 5559 2502 5610 et
2527 5556 2781 5629 legitime
2823 5563 3070 5629 vocatus,
3103 5577 3217 5615 non
3239 5561 3597 5631 obtempera-

1965 5652 2128 5707 verit.
2154 5650 2280 5719 PP.,
2309 5666 2504 5706 mense
2532 5651 2734 5724 Aprili,
2765 5669 2915 5710 anno
2947 5653 3170 5726 imperii
3212 5652 3268 5709 d.
3299 5653 3598 5714 Iustiniani

1967 5749 2054 5816 t2,
2082 5747 2297 5804 Joanne
2323 5761 2378 5802 v.
2410 5763 2462 5802 c.
2497 5761 2612 5805 cos.
