4076 6186
481 267 582 318 999

1026 371 1332 430 NOVELLA
1360 373 1558 429 LXVII.

480 471 561 525 Ne
583 469 704 538 quis
731 470 1028 522 oratorium
1052 471 1190 522 citra
1215 471 1493 522 scientiam
1523 471 1755 538 episcopi
1779 470 2018 539 wdiﬁcet.
2040 473 2112 526 Et

552 546 612 593 ut
636 542 794 608 prius
821 540 1045 607 deﬁniat
1065 555 1186 607 qua:
1203 541 1278 592 ad
1307 555 1493 592 curam
1511 545 1560 593 et
1588 542 1975 596 institutionem
1995 558 2114 595 ora-

551 613 678 664 torii
702 611 1007 677 adi/temnit
1051 613 1347 663 necessaria
1375 614 1574 678 futura
1615 614 1744 665 sint.
1780 615 1847 666 Et
1878 629 1943 665 ne
1979 615 2114 680 epis-

549 685 668 750 c0pi
694 682 872 733 absint
902 697 934 733 (ι
961 683 1072 734 suis
1101 682 1370 742 Ecclesiis,
1409 698 1472 734 ac
1493 683 1558 736 de
1581 683 1904 737 alienatione
1929 686 2112 738 immo-

551 754 736 805 biltum
764 767 943 804 rerum
963 753 1464 806 ecclesiasticarum.

551 857 858 924 Imperator
889 853 1238 908 .lustinianus
1264 857 1550 925 Augustus
1579 856 1795 910 Mennoe
1825 855 2107 909 sanctissi-

475 965 568 1003 mo
594 953 649 1001 et
673 947 994 1001 beatissimo
1020 948 1446 1020 archiepiscopo
1484 949 2110 1020 Constantinopolitano

475 1047 530 1097 et
556 1040 802 1096 universi
833 1041 954 1110 ejus
980 1045 1190 1096 tractus
1221 1042 1581 1112 patriarchae.

545 1136 879 1205 Quanquam
905 1135 1095 1189 multis
1112 1135 1233 1206 jam
1252 1135 1474 1206 legibus
1499 1152 1562 1190 ea
1583 1152 1710 1207 quae
1734 1141 2110 1190 sacrosanctas

471 1231 821 1284 concernunt
879 1229 1155 1295 ecclesias,
1187 1229 1740 1300 comprehendimus,
1787 1229 2108 1299 indigemus

471 1326 662 1377 tamen
717 1323 903 1376 adhuc
944 1323 1056 1376 alia
1095 1323 1358 1393 quadam,
1392 1340 1520 1394 qua:
1561 1324 1630 1376 ad
1676 1327 2028 1394 emergentes
2053 1327 2110 1377 et

473 1417 661 1472 denuo
687 1422 1038 1471 renascentes
1059 1433 1218 1471 casus
1244 1417 1506 1471 sufﬁciat.
1525 1416 1681 1472 Multi
1703 1417 1860 1471 enim
1888 1433 2108 1488 compa-

472 1511 638 1565 randi
665 1511 912 1565 nominis
942 1527 1078 1579 ergo
1105 1511 1361 1564 animum
1395 1511 1585 1564 solent
1622 1510 1691 1564 ad
1731 1515 2106 1564 sacrosancta-

471 1621 603 1659 rum
631 1605 992 1658 ecclesiarum
1020 1605 1435 1658 extructionem
1465 1604 1772 1675 appellere,
1821 1603 2107 1675 simulque

475 1702 538 1751 ut
562 1715 652 1751 eas
680 1697 1122 1764 exzediticarunt,
1154 1698 1369 1752 nullam
1400 1701 1676 1769 praeterea
1701 1715 1898 1752 curam
1942 1698 2103 1752 adhi-

1606 257 1878 338 “SECULI
1917 263 2108 320 SEXTl
2149 261 2703 324 SUPPLEMENTUM.

3713 271 3854 325 1000

2132 406 2189 480 Α
2209 379 2521 450 provincias
2545 395 2864 434 ceconomos
2891 394 3166 450 expensas
3192 379 3300 434 sibi
3349 379 3764 448 transmittere,
3800 389 3854 435 et

2210 473 2562 527 sanctissima
2593 473 2828 528 ecclesia
2845 473 3130 544 expendat
3159 473 3409 544 quidem,
3442 475 3590 546 quod
3625 475 3744 545 ipse
3780 475 3856 528 ei-

2210 582 2320 638 que
2363 567 2494 620 inde
2535 566 2838 621 observare
2870 584 2981 620 non
3010 567 3279 637 patiatur.
3308 568 3604 622 Sancimus
3647 569 3851 638 igitur,

2203 660 2322 730 jam
2349 677 2381 711 a
2408 660 2568 713 nobis
2585 660 3022 730 positamlegem
3045 660 3101 713 in
3125 679 3222 713 sua
3247 678 3474 716 manere
3503 664 3712 716 virtute
3735 664 3850 715 sive

2210 753 2453 808 defuerit
2483 755 2592 807 Deo
2621 754 2883 808 amabilis
2915 754 3211 825 episcopus
3257 755 3518 809 Ecclesia:
3559 773 3698 824 suae,
3734 757 3848 810 sive

2209 847 2453 917 amplius
2476 850 2702 918 tempus
2718 848 2934 902 nullam
2958 847 3009 901 ei
3031 848 3175 902 mitti
3199 865 3504 920 expensam
3533 850 3601 904 de
3622 852 3853 921 provin-

2210 940 2318 1008 cia,
2353 941 2448 994 sed
2482 941 2635 995 illam
2661 941 2892 1012 quidem
2933 942 3080 995 circa
3125 947 3282 997 actus
3325 943 3446 1012 pios
3476 949 3532 997 et
3557 945 3850 998 sanctissi-

2209 1050 2362 1088 mam
2391 1035 2691 1089 Ecclesiam
2723 1035 2986 1106 expendi,
3018 1035 3202 1106 ipsum
3251 1053 3384 1091 vero
3427 1037 3519 1090 hic
3557 1043 3852 1092 errantem

2211 1144 2325 1182 non
2357 1128 2618 1198 expensis
2648 1128 3058 1182 sanctissimam
3093 1129 3392 1184 Ecclesiam
3438 1147 3803 1202 praegravare
3837 1149 3850 1184 :

2209 1237 2338 1274 cum
2371 1226 2586 1275 certum
2616 1222 2685 1276 sit
2734 1223 2884 1293 quod
2927 1223 2972 1275 si
3016 1223 3269 1294 plurimo
3299 1229 3552 1295 tempore
3579 1225 3852 1285 defuerit,

2208 1332 2334 1386 quae
2354 1315 2474 1386 jam
2495 1332 2526 1368 a
2543 1315 2702 1369 nobis
2714 1333 2886 1387 super
2904 1316 3125 1370 eisdem
3147 1317 3356 1371 sancita
3379 1325 3529 1384 sunt,
3553 1319 3850 1373 valebunt.

2207 1409 2483 1472 Quoniam
2513 1425 2643 1463 vero
2679 1410 2959 1481 contingit
2995 1410 3116 1480 jam
3165 1428 3265 1464 nos
3293 1411 3538 1466 sanxisse
3565 1417 3631 1466 ut
3655 1412 3702 1465 si
3731 1429 3856 1484 qua

2208 1500 2265 1555 in
2286 1502 2592 1573 provinciis
2615 1503 2882 1558 alienatio
2914 1505 2994 1559 rei
3013 1504 3320 1559 immobilis
3346 1506 3745 1560 ecclesiastica
3777 1506 3858 1559 fa-

2208 1593 2407 1650 cienda
2435 1601 2536 1664 est,
2567 1597 2879 1650 secundum
2906 1597 3199 1653 decretum
3232 1598 3377 1652 hanc
3405 1600 3736 1670 procedere,
3774 1600 3852 1653 si-

2207 1688 2320 1742 cuti
2347 1689 2563 1744 dudum
2595 1691 2810 1761 prolata
2834 1691 3045 1745 anobis
3074 1692 3401 1748 constitutio
3423 1693 3575 1762 dicit,
3597 1693 3694 1764 agi
3715 1710 3851 1747 vero

472 1791 755 1862 bere,quo
785 1793 1042 1845 decentes
1071 1791 1206 1846 item
1235 1797 1494 1862 sumptus
1522 1792 1629 1846 illis
1655 1797 1776 1846 tum
1808 1792 1876 1845 ad
1908 1791 2103 1846 incen-
2127 1773 2182 1846 B
2209 1781 2498 1838 decretum
2526 1801 2639 1838 Ποη
2669 1785 2850 1838 δοιιιῐη
2874 1792 3153 1856 ρι’δεεεηιρ
3183 1786 3293 1840 Deo
3319 1785 3550 1840 amabili
3575 1787 3850 1858 ρρίεεορο

476 1885 662 1939 denda
690 1885 1015 1952 luminaria,
1047 1889 1169 1938 tum
1191 1885 1258 1939 ad
1287 1886 1752 1940 sustentationem
1779 1903 1976 1940 eorum
2007 1886 2107 1956 qui

470 1977 579 2033 illis
605 1985 802 2032 vacent
828 1985 884 2032 et
909 1979 1212 2046 assideant,
1241 1996 1428 2051 neque
1456 1997 1570 2033 non
1597 1980 1670 2034 ad
1702 1997 1922 2034 sacrum
1945 1978 2106 2033 mini-

472 2073 706 2128 sterium
735 2073 1040 2140 deﬁniant;
1074 2073 1172 2128 sed
1202 2073 1535 2145 relinquunt
1563 2090 1655 2127 eas
1684 2075 1741 2127 in
1769 2073 1936 2128 nudis
1964 2073 2104 2128 aedi-

470 2166 632 2236 ﬁciis,
676 2168 761 2221 vel
790 2166 998 2222 iterum
1027 2167 1412 2235 destruendas,
1442 2168 1530 2221 vel
1557 2184 1714 2222 sacro
1739 2168 1962 2222 orbatas
1992 2167 2100 2222 mi-

473 2260 728 2315 nisterio.

543 2354 838 2408 Sancimus
864 2353 1038 2424 igitur
1064 2358 1126 2408 ut
1151 2359 1280 2408 ante
1308 2355 1500 2408 omnia
1522 2354 1753 2426 quidem
1783 2355 1916 2409 illud
1948 2371 2104 2426 pera-

474 2453 662 2520 gatur,
693 2464 763 2501 ne
790 2447 915 2519 quis
955 2447 1244 2501 licentiam
1281 2448 1484 2502 habent
1511 2449 1594 2502 vel
1627 2448 1979 2516 monasterii,
2015 2449 2100 2503 vel

472 2541 739 2609 ecclesiae,
775 2542 862 2594 vel
901 2541 1128 2594 oratorii
1169 2540 1598 2596 mdiﬁcationem
1643 2542 1912 2612 incipere,
1941 2543 2102 2614 prius

471 2651 643 2708 quam
673 2634 768 2688 Dei
810 2635 1228 2688 amantissimus
1257 2635 1494 2688 civitatis
1530 2635 1823 2706 episcopus
1860 2636 2098 2689 interve-

471 2728 655 2797 niens,
683 2728 739 2782 in
770 2728 889 2782 loco
917 2744 1111 2798 preces
1140 2727 1357 2795 fundat,
1385 2731 1440 2782 et
1463 2728 1690 2798 publico
1727 2729 1856 2783 illuc
1883 2745 2103 2800 proces-

470 2839 538 2876 su
563 2821 841 2890 instituto,
866 2837 1090 2875 crucem
1123 2821 1279 2892 ﬁgat,
1313 2825 1368 2875 et
1390 2822 1604 2875 factum
1632 2822 1898 2876 omnibus
1928 2821 2102 2876 mani-

467 2915 679 2970 festum
729 2915 946 2969 reddat.
987 2915 1140 2968 Multi
1189 2915 1348 2968 enim
1399 2915 1728 2969 simulantes
1770 2933 1826 2970 se
1855 2916 2101 2970 oratoria

467 3007 856 3073 fabricaturos,
885 3008 998 3060 suis
1049 3007 1439 3078 obsequuntur
1469 3008 1760 3062 atl'ectibus
1792 3013 1848 3062 et
1890 3008 2101 3062 morbis

470 3099 674 3168 animi,
703 3116 816 3152 non
848 3105 912 3152 ut
937 3100 1383 3153 orthodoxarum
1410 3101 1794 3168 ecclesiarum,
1821 3103 1915 3155 sed
1945 3102 2100 3156 illici-

467 3195 657 3247 tarum
681 3192 1078 3264 speluncarum
1107 3193 1428 3246 conditores
1457 3194 1589 3248 sint.
1621 3195 1828 3248 Deinde
1849 3212 1918 3249 ne
1939 3195 2104 3249 aliter

468 3287 539 3342 de
564 3303 712 3341 novo
741 3286 1033 3340 ecclesiam
1059 3286 1314 3354 mditicet,
1345 3303 1518 3358 quam
1547 3305 1672 3341 cum
1705 3288 1802 3341 Dei
1836 3289 2102 3342 amantis-

469 3381 612 3436 simo
641 3380 901 3452 episcopo
929 3397 992 3434 ea
1011 3381 1159 3434 dere
1189 3381 1358 3442 verba
1389 3381 1573 3450 faciat,
1599 3388 1654 3435 et
1673 3387 1786 3436 tam
1815 3383 1886 3436 ad
1915 3383 2102 3436 incen-

470 3475 653 3530 denda
679 3474 983 3528 luminaria
1011 3478 1069 3528 et
1087 3474 1154 3527 ad
1183 3491 1402 3528 sacrum
1425 3475 1822 3545 ministerium,
1847 3492 2018 3547 quam
2043 3480 2104 3530 ut

469 3569 617 3624 uades
639 3572 785 3622 sarta
813 3574 956 3623 tecta
983 3569 1274 3637 habeatur,
1305 3575 1358 3622 et
1395 3570 1462 3621 ad
1505 3570 1966 3624 sustentationem
2005 3589 2098 3624 eo-

467 3677 598 3718 rum
627 3663 723 3734 qui
767 3661 872 3716 illis
898 3665 1101 3715 vacent
1147 3667 1200 3715 et
1241 3661 1538 3728 assideant,
1582 3667 1802 3716 certum
1847 3664 2100 3734 pecunia:

468 3755 707 3810 modum
746 3755 973 3810 ﬁnierit.
1004 3759 1078 3810 Ac
1129 3755 1173 3808 si
1215 3755 1473 3809 sufﬁcere
1507 3757 1781 3822 videatur,
1835 3762 1900 3811 ut
1947 3757 2102 3829 prius

471 3864 668 3903 eorum
715 3865 839 3920 quas
881 3849 1198 3919 deputanda
1245 3853 1377 3903 sunt
1429 3850 1789 3904 donationem
1838 3851 2097 3918 celebret,

469 3945 596 3996 tum
618 3941 848 3995 demum
875 3958 1090 3996 sacram
1113 3942 1294 3996 aedem
1316 3947 1580 3998 exstruat.
1598 3945 1874 3998 Caeterum
1897 3944 1940 3998 si
1971 3961 2100 3998 cum

469 4033 599 4106 quis
617 4034 686 4089 ad
703 4035 757 4088 id
779 4051 892 4088 non
907 4034 1162 4104 sufﬁciat,
1185 4035 1325 4089 nihil
1347 4037 1540 4090 ominu
1553 4054 1573 4090 ξ
1593 4041 1778 4091 tamen
1796 4037 2100 4108 cupiditate

469 4133 527 4184 et
553 4145 745 4184 amore
774 4127 1140 4200 comparandi
1173 4129 1440 4197 nominis,
1470 4133 1534 4183 ut
1564 4129 1771 4185 scilicet
1792 4131 1909 4202 ipse
1933 4133 2102 4186 eccle-

465 4222 563 4279 sies
583 4224 844 4279 conditor
866 4223 1204 4295 appelletur,
1229 4223 1335 4277 hoc
1362 4223 1494 4277 velit
1520 4223 1729 4291 facere,
1759 4225 1892 4295 quia
1921 4225 2100 4279 multa

465 4324 599 4378 sunt
627 4318 760 4372 hinc
789 4317 940 4386 inde,
987 4322 1105 4372 tam
1146 4316 1201 4370 in
1251 4317 1355 4372 hac
1407 4317 1568 4388 regia
1620 4317 1780 4385 urbe,
1830 4335 2001 4389 quam
2041 4318 2098 4372 in

462 4413 762 4488 provinciis
788 4411 1056 4480 ecclesiae,
1088 4412 1144 4465 in
1175 4411 1382 4483 quibus
1414 4411 1647 4465 tametsi
1698 4412 2100 4467 convenienter

2122 3147 2177 3221 C

2205 1876 2443 1930 civitatis
2473 1877 2708 1949 ejusque
2739 1879 2906 1945 clero,
2939 1879 3037 1933 sed
3082 1879 3250 1933 etiam
3302 1881 3692 1951 metrolioleos
3733 1882 3852 1952 epi-

2206 1987 2393 2041 scopo,
2425 1987 2529 2025 nec
2561 1989 2674 2026 non
2706 1976 2762 2025 et
2790 1973 2928 2026 illud
2957 1972 3190 2044 insuper
3217 1980 3299 2027 est
3348 1974 3652 2042 sancitum,
3699 1980 3766 2028 ut
3805 1976 3850 2027 si

2207 2065 2584 2135 metrOpoleos
2611 2065 2996 2120 sanctissimus
3039 2067 3340 2138 epiSCOpus
3383 2068 3609 2123 futurus
3637 2073 3725 2122 est
3750 2085 3845 2123 ve-

2204 2159 2484 2227 nundare,
2517 2159 2632 2213 sive
2683 2160 2804 2230 ejus
2853 2161 3101 2215 ecclesias
3148 2161 3488 2215 sanctissimi
3533 2161 3846 2229 (economi,

2205 2252 2342 2323 quid
2365 2257 2619 2323 Oporteat
2645 2253 2788 2322 ﬁeri,
2817 2253 2988 2308 etiam
3025 2254 3128 2308 hoc
3158 2255 3477 2324 adjicimus,
3523 2261 3588 2310 ut
3623 2257 3739 2309 duo
3779 2273 3846 2310 ex

2205 2347 2417 2416 synodo
2443 2364 2572 2418 qua:
2599 2347 2702 2401 sub
2725 2363 2790 2402 eo
2815 2351 2899 2401 est
2927 2349 3040 2402 Deo
3069 2349 3399 2402 amabilium
3419 2349 3844 2420 episcoporum,

2203 2456 2572 2512 quoscunque
2585 2441 2840 2512 elegerit,
2860 2441 2964 2513 ipsi
2977 2441 3260 2512 intersint,
3281 2443 3460 2496 etalia
3479 2443 3634 2498 omni
3650 2444 3846 2498 obser-

2203 2534 2423 2588 vatione
2455 2534 2752 2602 custodita,
2770 2552 2894 2606 quae
2909 2537 3031 2606 jam
3043 2536 3254 2590 sancita
3270 2541 3370 2604 est,
3389 2537 3690 2608 praesentia
3707 2537 3847 2590 duo-

2203 2644 2331 2682 rum
2347 2629 2457 2682 Deo
2475 2628 2800 2682 amabilium
2817 2629 3213 2700 episcoporum
3239 2630 3536 2700 adjiciatur
3565 2636 3626 2684 ut
3650 2648 3848 2685 secun-

2203 2720 2341 2774 dum
2367 2738 2422 2775 se
2445 2721 2701 2776 videatur
2725 2739 2854 2777 cum
2877 2740 2975 2777 sua
3004 2723 3218 2794 synodo
3245 2741 3368 2777 rem
3398 2741 3569 2794 agere
3595 2730 3651 2778 et
3700 2725 3846 2779 sicut

2202 2814 2320 2885 ipse
2350 2832 2470 2869 rem
2498 2815 2628 2870 facit
2653 2816 2998 2883 credibilem,
3029 2820 3085 2871 et
3109 2817 3477 2872 sufﬁcientem
3509 2820 3562 2872 ei
3604 2820 3704 2890 qui
3741 2820 3846 2872 sub

2201 2925 2268 2962 eo
2291 2910 2630 2964 constitutus
2657 2914 2758 2976 est,
2799 2911 2935 2964 dum
2964 2927 3213 2982 praesens
3252 2916 3355 2974 est,
3389 2911 3464 2965 ita
3492 2919 3548 2966 et
3578 2914 3687 2984 ipsi
3716 2931 3844 2984 quze

2201 3003 2306 3056 sub
2346 3019 2410 3056 eo
2449 3008 2531 3057 est
2580 3003 2825 3074 synodus
2871 3021 3118 3075 prmsens
3162 3022 3263 3076 per
3296 3006 3436 3058 duos
3477 3007 3589 3060 Deo
3630 3009 3846 3061 amabi-

2203 3095 2340 3150 lium
2365 3097 2760 3167 episcoporum
2791 3097 3072 3152 videbitur
3101 3115 3222 3153 rem
3251 3100 3509 3170 przebere
3545 3103 3842 3155 sanctissi-

2202 3205 2355 3243 mam
2382 3195 2640 3246 sumente
2679 3208 2746 3244 ex
2778 3191 3103 3263 hujusmodi
3132 3193 3345 3263 synodo
3366 3194 3781 3248 testimonium.

2275 3285 2422 3338 Hanc
2451 3301 2578 3338 vero
2605 3291 2857 3339 nostram
2900 3286 3104 3355 legem,
3139 3291 3253 3340 tam
3276 3287 3343 3341 ad
3373 3288 3571 3342 sedem
3599 3290 3848 3343 beatitu-

2203 3377 2350 3431 diuis
2373 3383 2486 3432 tua:
2512 3395 2682 3450 quam
2702 3379 2770 3433 ad
2799 3385 3030 3434 czeteros
3057 3379 3440 3435 transmissam
3463 3383 3840 3453 patriarchas,

2202 3469 2303 3542 ipsi
2321 3473 2686 3542 perproprias
2701 3473 2911 3527 litteras
2935 3473 3038 3526 sub
3056 3473 3211 3526 vobis
3227 3475 3542 3529 constitutis
3561 3480 3843 3547 metrOpO-

2200 3564 2388 3619 litanis
2406 3567 2764 3620 manifestam
2792 3566 3025 3621 facietis.
3054 3567 3157 3631 Qui
3175 3585 3399 3622 rursum
3424 3571 3529 3624 sub
3555 3587 3614 3624 se
3641 3573 3842 3640 positis

2202 3659 2476 3730 episcopis
2507 3677 2630 3714 eam
2658 3660 3052 3732 divulgabuut,
3068 3677 3140 3715 ne
3155 3661 3474 3732 quidlateat
3493 3681 3695 3718 eorum
3713 3682 3841 3736 quae

2199 3769 2231 3805 a
2292 3753 2457 3807 nobis
2504 3753 2801 3808 constituta
2841 3759 2992 3808 sunt.
3047 3754 3145 3810 Dat
3188 3756 3250 3809 K.
3297 3755 3446 3810 Maii.
3478 3757 3838 3813 Constantia.

2200 3845 2338 3918 imp.
2369 3847 2466 3901 dn.
2489 3847 2687 3901 Justin.
2712 3848 2814 3901 PP.
2838 3851 2983 3918 Aug.
3009 3864 3144 3903 ann.
3173 3849 3504 3904 t2.Joanne.
3529 3867 3582 3905 v.
3606 3867 3660 3906 c.
3681 3869 3838 3907 cons.

2729 3985 3050 4042 NOMELLA
3100 3987 3286 4043 LXXV.

2198 4079 2324 4133 Haec
2349 4082 2652 4152 constitutio
2681 4083 3074 4150 interpretatur
3094 4085 3331 4152 priorem
3371 4088 3834 4146 constitutionem.

2271 4165 2390 4219 qua
2415 4151 2481 4204 de
2509 4152 2591 4205 his
2617 4153 2730 4206 lata
2753 4159 2849 4214 est,
2877 4156 2974 4222 qui
2996 4151 3381 4222 ingrediuntur
3405 4160 3764 4218 monasteria.
3787 4167 3838 4212 et

2271 4222 2605 4299 substantias
2623 4239 2750 4278 suas
2769 4231 3098 4286 consecrant,
3113 4230 3163 4279 et
3178 4242 3245 4280 ea:
3267 4242 3371 4296 quo
3399 4229 3573 4296 ipsam
3600 4233 3834 4299 tempore

2270 4293 2450 4348 valere
2476 4299 2739 4363 olim-teat.

2275 4410 2427 4464 Idem
2457 4410 2770 4481 imperator
2786 4411 2989 4464 Joanni
3017 4411 3420 4482 gloriosissimo
3453 4414 3832 4480 Orientalium

464 4510 653 4564 omnia
683 4508 960 4562 obeantur
989 4505 1320 4570 ministeria,
1353 4511 1544 4560 tamen
1572 4505 1888 4576 periculum
1921 4511 2004 4560 est
2027 4524 2097 4562 ne
2117 4525 2176 4596 D
2197 4503 2597 4574 praetoriorum
2615 4504 2906 4574 przefecto,
2935 4503 3142 4560 iterum
3159 4509 3460 4562 exconsule
3489 4516 3548 4563 et
3575 4512 3832 4580 patricio.

461 4619 582 4676 pra:
611 4606 888 4656 vetustate
931 4601 1247 4668 concidant,
1279 4605 1378 4653 aut
1399 4599 1568 4653 etiam
1612 4616 1798 4670 parva:
1827 4601 2093 4670 existant,

463 4703 562 4752 aut
589 4696 812 4751 minore
841 4698 1043 4748 ornatu
1075 4710 1245 4764 quam
1276 4694 1508 4764 cupiant
1536 4693 1596 4747 hi
1622 4694 1720 4764 qui
1748 4711 1905 4748 sacra
1931 4695 1988 4748 in
2033 4694 2098 4749 iis

461 4795 707 4848 tractant
730 4789 1008 4854 manibus,
1031 4787 1218 4841 licebit
1240 4805 1373 4840 sane
1401 4787 1453 4841 ei
1477 4803 1651 4841 unam
1673 4804 1740 4841 ex
1767 4788 2094 4858 hujusmodi

461 4885 710 4941 ecclesiis
735 4885 1050 4950 desumere,
1083 4885 1138 4936 et
1171 4881 1318 4934 hanc
1345 4881 1717 4950 exaediﬁcare,
1751 4881 1839 4934 hic
1869 4899 2094 4953 quoque

458 4997 589 5034 cum
642 4978 875 5033 scientia
918 4982 974 5031 et
1010 4991 1286 5030 consensu
1331 4975 1429 5029 Dei
1488 4975 1862 5029 amantissimi
1909 4976 2095 5030 ortho-

464 5068 742 5122 doxorum
763 5065 1004 5137 episcopi
1025 5082 1089 5120 ea
1114 5081 1174 5118 re
1189 5063 1648 5118 conﬁcienda.lta
1667 5065 1817 5118 enim
1833 5067 2092 5120 futurum

465 5166 549 5216 est
573 5165 638 5214 ut
665 5167 721 5214 et
745 5177 914 5214 sacrm
945 5160 1080 5214 mdis
1127 5159 1394 5213 conditor
1432 5158 1768 5230 appelletur,
1798 5176 1984 5230 neque
2025 5160 2093 5214 de

463 5271 566 5310 suo
600 5253 908 5325 quidquam
949 5259 1220 5324 prmterea
1248 5258 1506 5324 sumptus
1556 5252 1743 5320 addat,
1777 5253 2094 5324 sumptibus

461 5367 568 5424 pro
595 5363 751 5403 more
775 5347 895 5417 jam
920 5347 990 5400 ad
1015 5348 1118 5401 hoc
1151 5349 1428 5419 deputatis
1457 5346 1886 5419 suppeditandis
1910 5347 1980 5402 ab
2007 5347 2095 5402 his

461 5444 559 5517 qui
587 5442 748 5516 prius
772 5456 996 5510 quoque
1016 5457 1106 5493 eas
1137 5441 1494 5513 erogationes
1519 5440 1816 5495 faciebant.

531 5537 672 5593 lllud
696 5549 922 5607 quoque
953 5533 1252 5603 sancimus,
1276 5539 1555 5605 quatenus
1584 5534 1891 5588 secundum
1911 5535 2034 5605 jam
2061 5552 2093 5591 a

459 5632 620 5687 nobis
649 5630 926 5702 prolatam
953 5627 1161 5698 legem,
1185 5627 1296 5680 Deo
1321 5627 1591 5682 amabiles
1616 5628 1864 5704 episcopi
1887 5629 1944 5683 in
1977 5629 2092 5684 suis

460 5725 718 5782 Ecclesiis
744 5727 1009 5779 maneant
1029 5725 1085 5776 et
1111 5737 1226 5776 non
1253 5719 1576 5790 relinquant
1590 5722 1820 5792 quidem
1845 5740 1958 5792 eas,
1987 5740 2094 5794 per

465 5822 691 5893 tempus
715 5834 848 5875 vero
873 5817 1118 5874 multum
1168 5815 1257 5872 hic
1295 5818 1610 5884 morentur,
1655 5821 1711 5869 et
1750 5821 1954 5888 cogant
1991 5835 2094 5890 per

2268 4599 2440 4652 Causa
2471 4599 2596 4651 talis
2625 4598 2693 4651 ad
2737 4614 2840 4651 nos
2867 4599 3144 4669 pervenit,
3183 4619 3354 4672 quam
3380 4603 3836 4660 existimavimus

2196 4695 2458 4763 Oportere
2471 4690 2812 4764 competenti
2837 4691 2922 4745 uti
2938 4710 2968 4746 a
2995 4693 3154 4748 nobis
3173 4694 3646 4766 interpretatione
3667 4700 3833 4754 simul

2197 4789 2252 4839 et
2266 4786 2331 4839 ad
2331 4785 2353 4855 j
2363 4785 2566 4840 utorio.
2582 4787 2960 4857 Cognovimus
2977 4769 3185 4844 etenim
3202 4789 3333 4860 quia
3345 4791 3552 4845 mulier
3567 4795 3834 4864 quaedam

2195 4879 2411 4933 habens
2439 4878 2642 4948 ﬁlium,
2671 4881 2774 4935 sibi
2803 4899 2873 4936 ex
2898 4884 3112 4956 nuptiis
3137 4883 3406 4955 legitimis
3443 4892 3830 4956 procreatum,

2193 4972 2370 5025 voluit
2394 4973 2624 5042 quidem
2653 4991 2952 5048 segregare
2984 4993 3043 5030 se
3075 4994 3105 5030 a
3133 4978 3422 5031 communi
3461 4978 3568 5032 ista
3595 4997 3830 5035 conver-

2194 5066 2427 5132 satione,
2455 5067 2588 5121 etin
2619 5069 2863 5139 quodam
2884 5071 3195 5124 mulierum
3218 5072 3561 5126 monasterio
3584 5091 3834 5130 comma.

2193 5175 2350 5227 nere,
2373 5160 2616 5230 plurima
2643 5161 2793 5216 bona
2817 5164 3031 5218 faciens
3058 5165 3392 5220 mulieribus
3418 5171 3830 5224 reverendissi-

2193 5253 2300 5308 mis
2326 5254 2536 5309 ibidem
2563 5258 2944 5329 congregatis.
2976 5259 3044 5312 Et
3065 5259 3340 5330 quoniam
3371 5267 3580 5316 nostra:
3601 5264 3831 5334 pietatis

2193 5347 2283 5401 lex
2315 5349 2433 5403 vult
2461 5366 2555 5403 eos
2579 5352 2677 5421 qui
2707 5368 2765 5406 se
2787 5353 3140 5408 monasteriis
3167 5353 3498 5424 dedicarint,
3528 5372 3633 5411 seu
3659 5359 3828 5429 viros,

2193 5458 2292 5495 seu
2316 5443 2603 5511 mulieres,
2635 5451 2938 5517 antequam
2965 5446 3369 5518 ingrediantur
3392 5453 3828 5518 monasterium,

2192 5551 2260 5590 eo
2286 5553 2398 5607 quo
2424 5536 2705 5592 voluerint
2731 5540 2898 5594 modo
2923 5557 3051 5612 quo:
3076 5558 3175 5594 sua
3208 5548 3341 5597 sunt
3369 5542 3695 5614 disponere,
3727 5563 3830 5600 nec

2192 5637 2680 5703 posse,postquam
2695 5633 3098 5704 ingrediuntur
3113 5636 3555 5705 monasterium,
3587 5640 3829 5695 ulterius

2190 5739 2360 5794 agere
2385 5723 2698 5798 quidquam
2729 5727 2797 5782 de
2835 5728 3099 5801 propriis,
3129 5733 3192 5784 ut
3218 5736 3348 5802 pote
3375 5731 3592 5788 domini
3625 5750 3826 5789 rerum

2191 5833 2306 5874 non
2354 5819 2592 5876 ulterius
2629 5820 2950 5894 existentes,
2982 5839 3048 5878 eo
3075 5823 3230 5900 quod
3285 5825 3363 5882 sic
3410 5827 3828 5890 sanciverimns
