4076 6186
179 333 314 392 lOOl

997 323 1361 392 lUSTlNIANl
1397 329 1726 392 NOVELLE
1762 323 2098 390 SELECTE.
2137 329 2448 390 NOVELLA
2486 325 2709 387 LXXIX.

3402 335 3540 395 1002

172 448 279 518 huj
290 444 506 502 usmodi
535 445 686 500 viros
710 449 766 500 et
790 444 1054 501 mulieres
1087 461 1219 500 cum
1251 461 1486 518 corpore
1529 449 1586 500 et
1616 443 1808 500 anima
1828 456 1888 532 Α
1907 459 2081 516 quam
2101 448 2168 499 ut
2191 444 2291 517 qui
2319 444 2448 500 ﬁdei
2478 449 2689 501 nostra:
2726 459 2758 498 a
2801 442 3032 498 domino
3071 443 3182 500 Deo
3233 447 3540 504 concrediti

170 541 304 612 ipso
334 541 590 613 ingressu
620 540 690 594 ad
715 538 1121 594 monasterium
1165 537 1425 594 dedicare
1468 554 1528 593 se
1568 554 1808 610 suasque

170 633 539 703 substantias,
569 637 626 687 et
651 631 929 704 siquidem
955 632 1332 700 discesserint,
1360 647 1590 687 manere
1633 632 1808 687 etiam

171 729 257 782 sic
284 743 480 782 eorum
510 725 850 781 substantias
875 725 935 780 in
959 725 1385 794 monasterium,
1418 741 1486 780 eo
1512 726 1664 796 quod
1707 725 1808 779 do-

172 821 325 875 mini
355 821 560 874 harum
591 819 828 874 ulterius
854 835 971 874 non
996 819 1245 874 existunt
1270 835 1282 872 :
1310 819 1443 872 hinc
1471 822 1662 872 autem
1687 834 1808 872 me-

173 920 360 983 tuere,
409 930 482 967 ne
529 913 670 968 forte
707 913 982 984 (quamvis
1021 917 1212 966 nostra
1256 912 1579 966 constitutio
1628 912 1809 966 multo

175 1006 457 1078 posterior
485 1006 558 1060 sit
599 1021 771 1076 quam
812 1022 942 1060 cum
970 1005 1030 1059 in
1057 1004 1390 1076 praedictam
1433 1004 1810 1057 venerabilem

175 1100 415 1153 domum
445 1099 700 1169 ingressa
725 1104 809 1152 est
838 1098 1034 1169 (aliqui
1077 1097 1413 1169 prohibeant
1437 1111 1561 1151 eam
1589 1095 1809 1166 prospi-

176 1208 307 1247 cere
334 1208 436 1246 suo
463 1192 597 1261 filio,
616 1194 673 1246 et
701 1197 960 1263 oportere
980 1197 1212 1262 propter
1239 1190 1576 1261 prazdictum
1596 1191 1812 1246 metum

176 1285 303 1340 hac
327 1285 708 1356 interpretari,
731 1288 790 1340 et
808 1285 931 1356 lege
962 1289 1153 1339 nostra
1185 1283 1308 1338 fieri
1337 1283 1659 1349 manifesta,
1677 1282 1813 1354 quia

173 1378 322 1433 nihil
352 1379 488 1432 laesa
513 1377 604 1447 sit,
633 1383 731 1432 aut
776 1378 898 1449 ipsa
931 1388 1030 1433 aut
1063 1377 1212 1431 [ilius
1245 1377 1367 1447 ejus
1405 1377 1556 1430 circa
1596 1376 1720 1446 ejus
1747 1391 1812 1429 ex

173 1475 494 1527 memorata
554 1471 950 1526 constitutione
1010 1471 1441 1526 successionem.
1508 1471 1813 1540 Propterea

175 1565 484 1633 sancimus,
511 1564 558 1618 si
588 1563 716 1635 quis
754 1563 1160 1618 monasterium
1206 1562 1544 1617 habitaverit
1587 1561 1672 1615 vir
1715 1565 1816 1616 aut

173 1659 384 1713 mulier
411 1663 543 1712 ante
571 1657 906 1728 praedictam
936 1662 1190 1711 nostram
1217 1654 1696 1720 constitutionem,
1716 1657 1815 1707 aut

174 1751 452 1806 hactenus
478 1750 712 1819 habitat,
746 1753 803 1806 et
827 1750 1072 1805 maxime
1096 1749 1227 1804 ﬁliis
1251 1748 1616 1804 existentibus
1638 1789 1654 1815 ,
1680 1748 1810 1801 nul-

1908 544 2059 608 sunt,
2081 539 2317 594 honeste
2346 539 2554 608 vivant,
2600 543 2658 593 et
2703 537 2824 608 ejus
2867 537 3318 595 benevolentiam
3356 541 3542 596 deme-

1908 635 2160 700 reantur,
2184 633 2501 704 praesertim
2525 648 2654 686 cum
2680 631 2780 686 Dei
2806 647 2940 702 erga
2967 633 3228 687 homines
3250 649 3410 688 amor
3429 651 3542 688 non

1909 725 2222 793 interitum,
2253 726 2352 780 sed
2381 725 2802 780 conversionem
2825 742 2889 779 ac
2916 727 3154 780 salutem
3179 727 3332 795 velit;
3364 731 3420 782 et
3448 745 3544 782 eos

1909 819 2008 890 qui
2032 819 2238 873 alicubi
2270 819 2646 887 offenderunt,
2681 819 2823 872 Deus
2849 819 3016 873 simul
3044 827 3213 890 atque
3245 821 3544 891 eriguntur

1910 917 1966 966 et
1993 912 2051 966 in
2078 913 2227 966 viam
2255 913 2515 980 redeunt,
2550 911 2834 982 suscipiat.
2871 892 2990 976 Qua
3023 913 3192 966 etiam
3218 914 3285 966 de
3325 930 3384 967 re
3416 931 3541 968 om-

1911 1022 2010 1060 nes
2039 1006 2422 1073 cohortamur,
2444 1011 2505 1060 ut
2521 1005 2620 1058 Dei
2636 1004 2902 1059 timorem
2925 1005 2982 1058 in
3001 1005 3190 1058 animo
3203 1007 3541 1077 concipiant,

1912 1104 1969 1152 et
1993 1099 2114 1168 ejus
2137 1099 2439 1168 implorent
2465 1098 2893 1166 benignitatem.
2936 1100 3002 1152 Et
3027 1099 3238 1152 scimus
3261 1101 3416 1170 quod
3445 1103 3543 1171 qui

1912 1193 2090 1245 Deum
2117 1191 2376 1262 diligunt,
2408 1191 2620 1262 quique
2645 1191 2765 1262 ejus
2805 1192 3198 1261 prmstolantur
3220 1193 3542 1251 misericors

1913 1283 2093 1352 diam,
2123 1284 2229 1337 hoc
2257 1286 2450 1354 agant.
2481 1283 2620 1346 Quia
2655 1301 2785 1338 vero
2821 1283 3093 1338 diabolica
3131 1285 3362 1356 quidam
3390 1287 3546 1342 insti-

1915 1378 2138 1448 gatione
2167 1377 2404 1445 detenti,
2434 1376 2786 1446 gravioribus
2813 1377 3024 1447 seipsos
3052 1378 3288 1432 luxuriis
3316 1381 3546 1435 commi~

1913 1474 2128 1540 serunt,
2163 1475 2220 1524 et
2247 1469 2354 1540 ipsi
2381 1474 2599 1527 natura:
2622 1469 2902 1524 contraria
2919 1471 3153 1538 faciunt,
3176 1472 3545 1529 adhortamur

1915 1568 1970 1618 et
1989 1564 2175 1631 hosce,
2195 1569 2260 1618 ut
2281 1563 2377 1616 Dei
2407 1563 2667 1616 timorem
2686 1567 2742 1617 et
2759 1563 3016 1617 futurum
3029 1564 3311 1634 judicium
3336 1566 3393 1619 in
3418 1567 3543 1620 ani-

1912 1672 2007 1710 mo
2033 1656 2371 1728 concipiant,
2401 1662 2458 1710 et
2485 1655 2802 1710 istiusmodi
2833 1656 3126 1711 diabolicis
3159 1662 3214 1711 et
3232 1659 3436 1714 illicitis
3453 1659 3542 1714 lu-

1914 1749 2092 1804 xuriis
2121 1749 2460 1818 abstineant,
2491 1764 2562 1803 ne
2585 1765 2687 1820 per
2711 1755 2828 1803 tam
2855 1749 3030 1821 impia
3064 1751 3314 1806 facinora
3338 1769 3370 1806 a
3393 1753 3546 1823 justa

173 1846 290 1899 lam
332 1843 544 1900 habere
583 1843 977 1898 necessitatem
1008 1859 1159 1897 nunc
1206 1858 1405 1897 eorum
1440 1827 1890 1898 substantiamB
1915 1843 2011 1896 Dei
2037 1843 2125 1896 ira
2148 1842 2238 1896 vel
2276 1841 2447 1896 urbes
2488 1857 2619 1896 cum
2659 1843 2772 1895 suis
2811 1842 3006 1897 incolis
3035 1860 3261 1914 pessum
3287 1845 3370 1900 ire
3396 1845 3546 1900 inve-

173 1938 237 1992 in
260 1936 690 2004 monasterium,
723 1937 819 1991 sed
842 1935 958 1990 ﬁlio
986 1941 1088 1990 aut
1115 1935 1246 1990 lilia;
1275 1934 1685 2002 transmittere,
1717 1937 1816 1988 aut
1915 1935 2162 1990 niantur.
2213 1937 2317 1989 Per
2369 1940 2590 1989 sanctas
2645 1936 2798 1989 enim
2844 1936 3161 2006 Scripturas
3217 1938 3542 2008 edocemur,

175 2035 355 2086 totam
390 2036 489 2085 aut
522 2029 696 2085 etiam
728 2035 950 2100 partem
989 2046 1105 2084 suae
1135 2028 1492 2094 substantiae,
1521 2032 1622 2082 aut
1643 2027 1813 2081 etiam
1912 2027 2066 2099 quod
2098 2029 2170 2082 ob
2215 2034 2332 2082 tam
2375 2028 2550 2098 impia
2593 2028 2840 2082 facinora
2880 2029 3050 2082 etiam
3081 2031 3246 2085 urbes
3271 2047 3384 2085 una
3414 2049 3545 2087 cum

174 2140 290 2196 quo
321 2124 561 2178 voluerit
589 2123 758 2177 modo
799 2139 888 2178 res
927 2139 1055 2177 suas
1091 2123 1388 2192 disponere
1419 2137 1432 2175 :
1464 2125 1661 2192 utpote
1692 2120 1812 2190 pri-
1913 2122 2236 2176 hominibus
2264 2121 2555 2191 perierint.
2607 2124 2842 2193 Insuper
2886 2123 3020 2193 quia
3059 2124 3206 2178 ultra
3249 2125 3546 2194 praedictos

96 2227 108 2232 '
173 2233 334 2272 mam
359 2217 514 2270 illam
531 2217 718 2288 legem
738 2216 850 2270 alia
872 2221 1068 2270 nostra
1087 2215 1194 2269 hac
1216 2214 1616 2269 constitutione
1643 2213 1816 2266 inter—
1913 2215 2144 2286 quidam
2172 2214 2530 2268 exsecrabilia
2551 2215 2723 2269 etiam
2737 2215 2907 2268 verba
2926 2221 2982 2270 et
2999 2217 3318 2285 juramenta
3341 2219 3409 2271 de
3431 2221 3544 2274 Deo

173 2314 437 2381 pretante
454 2311 564 2379 (eos
584 2309 844 2380 enimqui
865 2309 1039 2364 semel
1054 2314 1184 2363 ante
1204 2310 1577 2362 memoratam
1597 2306 1814 2361 dudum
1913 2308 2228 2379 proferunt,
2260 2309 2438 2362 Deum
2471 2313 2837 2379 provocantes
2867 2309 2941 2363 ad
2971 2309 3341 2380 iracundiam,
3370 2314 3548 2366 consi-

173 2408 432 2457 nostram
451 2401 1358 2473 legemmonasteriaintraverint,
1382 2401 1612 2454 innullo
1633 2399 1815 2470 posita
1913 2401 2126 2456 militer
2174 2406 2230 2456 et
2279 2401 2384 2455 hos
2427 2401 2818 2470 admonemus,
2857 2408 2923 2456 ut
2963 2406 3076 2456 tam
3113 2405 3548 2460 exsecrabilibus

173 2500 370 2566 postea
395 2497 485 2550 lex
511 2495 926 2564 contristatura,
957 2499 1057 2548 aut
1084 2493 1342 2549 ablatura
1368 2498 1454 2548 est
1483 2493 1570 2547 his
1591 2509 1654 2547 ea
1683 2507 1812 2562 quae

171 2589 335 2660 prius
363 2589 463 2655 eis,
497 2594 559 2643 ut
598 2589 748 2654 licet,
784 2589 914 2642 data
957 2590 1128 2655 sunt),
1173 2603 1357 2658 neque
1402 2587 1562 2657 prius
1601 2590 1812 2639 nostra;

173 2683 320 2753 legis
347 2682 818 2752 impedimentum
835 2681 1059 2751 penitus
1083 2681 1341 2749 faciente,
1361 2695 1428 2733 eo
1448 2679 1600 2750 quod
1624 2693 1812 2749 neque

173 2774 441 2846 possibile
459 2775 531 2828 sit
553 2774 663 2828 hoc
689 2774 835 2844 fieri,
861 2778 924 2827 ut
943 2773 1288 2844 Oportuisset
1311 2773 1468 2843 prius
1489 2772 1807 2842 disponere,

175 2873 233 2922 et
255 2868 338 2921 ita
362 2867 585 2938 ingredi
621 2867 1046 2921 monasterium.
1077 2867 1136 2921 Si
1174 2882 1309 2920 vero
1337 2867 1496 2920 nulla
1531 2872 1667 2920 tunc
1712 2863 1826 2918 tali‘

172 2961 302 3032 lege
335 2961 520 3031 posita
545 2960 604 3014 in
629 2960 1037 3023 monasterium
1081 2960 1336 3030 ingressa
1375 2964 1495 3028 est,
1529 2958 1810 3029 quomodo

173 3054 302 3108 ﬁeri
326 3054 579 3126 potuerit
591 3054 837 3109 converti
860 3054 1119 3108 ordinem
1143 3053 1306 3124 legis,
1326 3057 1382 3106 et
1393 3051 1619 3123 exigere
1635 3057 1697 3105 ut
1711 3051 1810 3122 qui

170 3147 334 3219 prius
360 3148 601 3218 ingressi
629 3152 762 3202 sunt
802 3147 1240 3214 monasterium,
1291 3146 1388 3200 illa
1425 3145 1632 3200 faciant
1679 3161 1809 3216 quas

1913 2495 2116 2564 verbis,
2136 2499 2191 2549 et
2217 2494 2354 2549 item
2374 2511 2478 2566 per
2493 2495 2779 2566 capillum,
2803 2498 2860 2549 et
2877 2499 3047 2567 caput
3071 2497 3543 2567 adjurationibus,

1913 2593 1969 2643 et
2007 2587 2062 2642 id
2103 2605 2285 2659 genus
2309 2588 2432 2642 aliis
2469 2588 2653 2642 verbis
2691 2589 3030 2644 abstineant.
3059 2591 3199 2644 Nam
3225 2591 3270 2644 si
3295 2591 3545 2646 convicia

1911 2681 2241 2736 hominibus
2265 2682 2486 2752 ingesta
2531 2683 2730 2736 saltem
2761 2682 2938 2736 inulta
2965 2700 3076 2737 non
3118 2685 3542 2755 relinquuntur,

1911 2776 2092 2830 multo
2121 2775 2300 2845 magis
2325 2775 2423 2846 qui
2461 2774 2712 2829 divinum
2757 2791 2974 2830 numen
3015 2777 3276 2830 conviciis
3317 2777 3546 2834 incessit

1911 2869 2116 2940 dignus
2145 2873 2228 2922 est
2247 2868 2344 2939 qui
2374 2868 2715 2939 supplicium
2736 2869 3028 2924 sustineat.
3051 2871 3353 2940 Propterea
3373 2871 3548 2942 igitur

1909 2978 2104 3016 omnes
2146 2961 2474 3032 hujusmodi
2517 2961 2900 3028 cohortamur,
2935 2968 3000 3017 ut
3039 2963 3295 3033 praefatis
3331 2964 3546 3019 delictis

1910 3055 2243 3125 abstineant,
2273 3059 2329 3109 et
2355 3054 2454 3109 Dei
2481 3054 2747 3110 timorem
2793 3055 2851 3109 in
2899 3056 3152 3110 animum
3201 3063 3456 3128 sumant,
3489 3061 3548 3113 et

1909 3165 2000 3203 eos
2025 3149 2124 3220 qui
2148 3149 2381 3203 honeste
2403 3149 2575 3202 vitam
2602 3149 2942 3219 transigunt,
2974 3149 3291 3204 imitentur.
3313 3152 3547 3222 Propter

170 3201 200 3219 ς
278 3201 281 3202 7
425 3201 457 3218 υ
507 3201 542 3202 77
592 3201 597 3202 7
876 3201 881 3202 7
1227 3201 1239 3214 .
1694 3201 1715 3216 .
2036 3201 2314 3220 ιη
2367 3201 2512 3202 7
2611 3201 2722 3203 7
2781 3201 3538 3222 -----ν----“----ντη-

170 3239 332 3312 prius
355 3240 635 3313 ignorata,
665 3248 858 3312 postea
883 3258 986 3312 per
1012 3257 1228 3295 sacram
1251 3245 1509 3294 nostram
1537 3239 1806 3293 constitu-
1829 3201 1884 3276 C
1910 3242 2241 3313 hujusmodi
2267 3243 2421 3297 enim
2452 3242 2656 3296 delicta
2677 3248 2733 3296 et
2764 3243 2943 3296 fames
2959 3285 2972 3312 ,
3005 3247 3062 3298 et
3085 3250 3456 3313 terrtemotus,
3487 3250 3546 3300 et

171 3334 390 3389 tionem
416 3339 547 3389 sunt
587 3334 872 3389 innovate.
909 3333 1018 3389 Sed
1049 3349 1517 3404 unumquemque
1541 3332 1812 3402 competit

173 3428 489 3482 secundum
531 3444 634 3482 sua
673 3433 934 3498 tempora
969 3431 1292 3498 exspectare
1331 3442 1430 3495 ea;
1475 3429 1534 3478 et
1579 3424 1810 3495 quidem

172 3537 301 3592 quae
321 3524 450 3590 post
467 3521 652 3592 legem
671 3525 823 3589 sunt,
837 3521 914 3574 ita
933 3535 1187 3591 quaerere
1216 3519 1358 3587 ﬁeri,
1387 3517 1531 3572 sicut
1557 3517 1650 3570 lex
1668 3517 1807 3570 vult.

173 3613 232 3670 Si
258 3614 400 3684 quid
423 3619 612 3668 autem
637 3617 768 3668 ante
788 3613 978 3685 legem
1007 3613 1369 3668 subsecutum
1396 3615 1510 3677 est,
1539 3609 1647 3664 hoc
1691 3625 1810 3663 non

173 3722 552 3776 commovere,
580 3723 766 3779 neque
792 3707 1168 3778 perscrutari,
1209 3705 1305 3761 sed
1329 3705 1390 3759 in
1417 3702 1597 3776 priori
1626 3703 1810 3774 ﬁgura

173 3801 517 3872 relinquere.
550 3801 676 3855 Haec
706 3800 887 3872 igitur
928 3801 1020 3855 lex
1052 3816 1156 3871 pro
1188 3797 1654 3870 interpretatione
1683 3795 1810 3851 utili

173 3894 356 3966 posita
381 3894 454 3948 sit
479 3893 679 3965 prioris
707 3899 915 3949 nostrae
951 3893 1102 3948 illius
1151 3891 1594 3958 constitutionis,
1622 3894 1689 3945 ut
1712 3889 1810 3943 illa

171 3988 233 4042 in
262 3987 667 4058 posterioribus
694 3987 1068 4059 temporibus,
1091 4002 1157 4041 ex
1180 4003 1294 4058 quo
1316 3986 1463 4040 facta
1488 3990 1590 4053 est,
1618 3985 1806 4039 locum

171 4080 417 4146 habeat;
440 4085 497 4135 et
528 4081 617 4136 his
641 4081 739 4152 qui
761 4087 957 4152 postea
982 4084 1402 4146 convertentur,
1428 4078 1561 4133 viris
1585 4093 1652 4132 ac
1674 4093 1804 4132 mu-

171 4175 411 4229 lieribus
435 4175 615 4246 posita
643 4175 748 4245 sit,
787 4175 1004 4247 sibique
1029 4176 1364 4246 potestatem
1388 4172 1450 4226 in
1479 4172 1594 4226 illis
1619 4177 1805 4227 custo-

171 4268 308 4335 diat,
338 4268 496 4323 nullo
522 4268 731 4323 horum
757 4285 885 4340 quae
915 4273 1082 4324 antea
1113 4267 1326 4323 fuerint
1351 4265 1756 4339 perscrutando
1788 4281 1802 4320 :

171 4372 306 4416 cum
330 4361 558 4415 licentia
575 4361 648 4415 sit
673 4361 959 4433 prioribus
979 4361 1112 4416 viris
1129 4378 1194 4416 ac
1219 4360 1552 4415 mulieribus
1575 4359 1675 4431 qui
1701 4360 1803 4414 ha-

165 4453 510 4524 bitaverunt,
529 4457 629 4508 aut
664 4454 837 4510 etiam
858 4455 1128 4510 hactenus
1150 4453 1411 4508 habitant
1436 4453 1498 4506 in
1521 4456 1802 4506 monaste-

1909 3336 2245 3407 pestilentiaa
2272 3335 2630 3390 oboriuntur.
2661 3341 2840 3405 Atque
2879 3336 2983 3388 hoc
3014 3353 3194 3406 genus
3236 3337 3542 3394 hominum

1910 3433 2225 3500 propterea,
2243 3432 2304 3482 ut
2320 3428 2648 3482 memoratis
2669 3427 2870 3482 illicitis
2880 3428 3195 3482 actionibus
3205 3430 3540 3502 abstineant,

1908 3522 2301 3589 admonemus,
2346 3537 2419 3574 ne
2463 3537 2589 3575 suas
2626 3521 2881 3590 ipsorum
2915 3521 3130 3575 animas
3155 3523 3453 3593 conjiciaut
3479 3525 3541 3580 in

1909 3613 2222 3669 interitum.
2253 3615 2392 3668 Nam
2417 3613 2464 3667 si
2493 3617 2620 3684 post
2649 3613 2795 3668 hanc
2821 3619 3076 3668 nostram
3097 3616 3543 3673 admonitionem

1907 3707 2110 3762 iisdem
2171 3706 2448 3760 inhaerere
2509 3706 2724 3761 delictis
2772 3705 2948 3778 aliqui
3024 3707 3537 3779 deprehendantur,

1907 3799 2187 3873 principio
2221 3799 2449 3871 quidem
2488 3799 2753 3870 indignos
2796 3817 2854 3854 se
2894 3801 3230 3872 praebebunt
3277 3804 3371 3858 Dei
3406 3820 3542 3876 erga

1909 3894 2168 3949 homines
2193 3909 2406 3962 amore,
2447 3893 2650 3948 deinde
2674 3893 2957 3966 legitimas
2985 3895 3156 3951 etiam
3185 3897 3544 3953 sustinebunt

1906 4005 2121 4060 poenas.
2162 3987 2427 4043 Dedimus
2463 3987 2680 4042 etenim
2721 3988 3124 4060 gloriosissimo
3163 3991 3339 4062 regie
3384 3991 3541 4046 urbis

1906 4083 2173 4154 praefecto
2200 4081 2519 4153 negotium,
2538 4085 2601 4136 ut
2624 4099 2716 4137 eos
2736 4083 2835 4154 qui
2853 4089 2980 4156 post
3003 4083 3148 4138 hanc
3167 4091 3420 4140 nostram
3439 4085 3535 4140 ad-

1906 4175 2278 4231 monitionem
2321 4175 2605 4247 praedictis
2649 4176 2857 4231 illicitis
2893 4183 2949 4232 et
3001 4177 3193 4248 impiis
3228 4177 3539 4232 actionibus

1905 4269 2186 4325 inhaerere
2211 4285 2326 4324 non
2352 4268 2750 4337 dubitaverint,
2773 4273 2830 4323 et
2847 4271 3312 4340 comprehendat,
3337 4275 3392 4325 et
3414 4270 3539 4325 ulti-

1906 4379 2001 4418 mo
2030 4363 2322 4418 submittat
2345 4361 2620 4432 supplicio
2643 4377 2655 4416 :
2679 4377 2750 4416 ne
2777 4362 3002 4432 quando
3028 4379 3098 4416 ex
3123 4363 3320 4418 talium
3342 4380 3540 4434 pecca-

1905 4461 2096 4512 torum
2110 4458 2459 4526 contemptu,
2482 4471 2584 4526 per
2598 4459 2714 4509 tam
2731 4455 2906 4526 impia
2923 4455 3198 4526 facinora,
3213 4456 3536 4512 inveniatur

168 4548 291 4615 riis,
314 4554 371 4603 et
388 4547 635 4603 maxime
655 4548 785 4602 filiis
804 4549 1194 4618 existentibus,
1209 4563 1339 4602 suas
1355 4563 1445 4602 res
1478 4562 1593 4618 quo
1613 4545 1809 4601 volunt
1825 4575 1886 4647 D
1907 4556 2023 4606 tam
2042 4549 2164 4620 ipsa
2188 4551 2310 4604 haec
2324 4549 2536 4618 civitas,
2558 4565 2729 4620 quam
2748 4554 2866 4604 tota
2887 4549 3123 4605 civilitas
3143 4555 3200 4604 et
3224 4550 3536 4628 respublica

169 4642 475 4713 disponere
505 4642 692 4696 modo.
723 4643 842 4696 Tua
870 4643 1048 4714 igitur
1073 4641 1382 4696 eminentia
1409 4655 1539 4712 quas
1576 4640 1802 4712 placue-

170 4741 312 4790 runt
336 4736 515 4806 nobis,
551 4741 606 4791 et
624 4752 726 4807 per
751 4737 896 4792 hanc
915 4752 1130 4792 sacram
1148 4735 1424 4791 declarata
1445 4739 1578 4789 sunt
1597 4735 1801 4806 legem,

170 4829 500 4885 solemniter
546 4846 650 4902 per
699 4834 1122 4902 programmata
1169 4845 1270 4885 sua
1310 4829 1574 4885 omnibus
1619 4828 1805 4884 facere

171 4923 474 4978 manifesta
507 4924 752 4980 festinet.
797 4925 919 4979 Dat.
951 4925 1028 4980 ld.
1063 4925 1283 4994 Octob.,
1311 4924 1452 4996 imp.
1483 4924 1540 4980 d.
1571 4941 1630 4980 n.
1660 4925 1800 4980 Just.

167 5022 274 5076 PP.
305 5023 453 5092 Aug.
482 5036 616 5076 ann.
647 5023 733 5090 ll,
761 5021 974 5075 Joanne
999 5037 1052 5074 v.
1081 5036 1131 5074 c.
1160 5036 1337 5089 cons.,
1366 5019 1484 5074 ind.
1516 5023 1566 5074 2.

687 5147 999 5204 NOVELLA
1037 5147 1269 5202 LXXVII.

171 5240 239 5295 Ut
254 5239 365 5320 .qui
393 5245 582 5320 contra
610 5247 868 5320 natarunt
899 5243 1270 5320 lmﬁantyr,
1299 5245 1350 5296 et
1370 5257 1475 5320 per
1501 5244 1667 5320 Deum
1695 5240 1800 5320 ag-

227 5313 452 5385 jarant,
503 5315 628 5368 item
670 5315 1030 5385 blasphemas
1073 5317 1134 5368 in
1172 5313 1336 5368 Deum
1363 5316 1638 5381 ingerunt,
1683 5313 1799 5380 απε-

239 5383 461 5436 ciantur
483 5385 771 5455 supplicio.

239 5493 559 5564 imperator
592 5495 938 5552 Justinianus
965 5500 1252 5570 Augustus
1292 5497 1798 5570 Constantinopoli-

149 5585 334 5640 .tanis.

235 5686 511 5742 Omnibus
541 5686 664 5757 jam
687 5687 1010 5744 hominibus
1037 5689 1136 5762 qui
1160 5693 1311 5744 recte
1336 5689 1581 5761 sapiunt,
1612 5689 1798 5745 mani-

157 5785 371 5840 festum
394 5800 517 5839 esse
536 5787 825 5855 putamus,
854 5782 913 5838 in
934 5783 1146 5838 nullam
1170 5800 1272 5838 nos
1290 5799 1410 5838 rem
1430 5799 1590 5854 teque
1610 5784 1800 5838 omnia

159 5881 430 5937 conferre
454 5877 658 5947 studia,
682 5883 782 5933 aut
802 5877 1038 5950 perinde
1066 5877 1280 5950 aliquid
1311 5877 1369 5932 in
1397 5877 1543 5932 votis
1570 5877 1796 5944 habere,

534 5976 809 6041 Pnaor.
861 5975 1092 6040 LXXII.

1907 4643 2182 4699 sustinere
2212 4643 2500 4714 injuriam.
2549 4643 2603 4698 Si
2643 4643 2875 4713 quidem
2919 4648 2976 4697 et
3019 4643 3065 4697 si
3094 4649 3219 4715 post
3244 4644 3386 4700 hanc
3427 4661 3531 4700 no-

1905 4743 2076 4793 stram
2097 4737 2542 4792 cohortationem
2561 4736 2735 4808 aliqui
2754 4737 2894 4792 tales
2926 4737 3297 4808 invenientes,
3325 4755 3424 4794 eos
3447 4756 3538 4794 oc-

1905 4831 2257 4899 cultaverint,
2303 4830 2673 4886 consimiliter
2706 4835 2763 4885 et
2800 4831 2909 4903 ipsi
2934 4849 2967 4886 a
2995 4833 3230 4887 Domino
3256 4832 3370 4888 Deo
3395 4849 3531 4888 con-

1905 4925 2342 4983 damnabantur.
2371 4923 2480 4980 Sed
2509 4930 2566 4980 et
2589 4925 2710 4996 ipse
2731 4925 3166 4996 gloriosissimus
3209 4927 3528 4998 praefectus,

1905 5021 1953 5076 si
1971 5036 2116 5092 quos
2143 5019 2251 5074 tale
2275 5019 2490 5090 aliquid
2511 5017 2840 5090 delinquere
2860 5019 3314 5090 deprehenderit,
3349 5031 3535 5093 neque

1905 5116 2013 5172 illis
2054 5113 2367 5170 secundum
2412 5113 2566 5184 leges
2617 5118 2836 5168 nostras
2873 5112 3176 5167 vindictam
3221 5113 3528 5186 induxerit,

1903 5209 2183 5284 principio
2214 5210 2444 5280 quidem
2476 5207 2576 5262 Dei
2597 5206 2814 5279 judicio
2843 5205 3124 5261 obnoxius
3166 5207 3296 5278 erit,
3327 5208 3533 5266 deinde

1901 5322 2034 5361 vero
2063 5305 2230 5360 etiam
2260 5321 2294 5358 a
2315 5302 2477 5358 nobis
2504 5300 2957 5373 indignationem
2988 5300 3248 5372 excipiet.

2436 5405 2749 5462 NOVELLA
2789 5404 2997 5459 LXXIX.

1936 5497 2106 5568 Apud
2132 5509 2262 5566 quos
2295 5495 2536 5564 oporteat
2571 5491 2787 5558 litigare
2813 5489 3099 5544 monachos
3135 5495 3184 5546 et
3219 5495 3493 5548 ascetrt'as.

1976 5593 2286 5662 Imperator
2319 5585 2660 5641 Justinianus
2696 5587 2982 5655 Augustus
3005 5584 3222 5638 Mennae
3249 5584 3530 5657 archiepi-

1901 5701 2070 5757 scopo
2097 5678 2713 5752 Constantinopolitano
2737 5720 2752 5747 ,
2783 5682 2840 5734 et
2865 5675 3115 5732 universi
3161 5676 3285 5747 ejus
3323 5680 3532 5736 tractus

1901 5778 2256 5852 patriarcha.

1971 5874 2109 5928 Rem
2139 5874 2538 5943 cognoscentes
2577 5884 2692 5922 non
2728 5871 2941 5921 rectam
2985 5861 3106 5917 ﬁeri
3153 5863 3210 5919 in
3251 5866 3353 5920 hac
3381 5868 3536 5939 regia

3139 5967 3216 6026 3‘2
