4056 6184
501 315 522 372 l
533 317 633 372 003

1650 313 1901 368 SECULI
1943 311 2136 368 SEXTI
2174 307 2728 370 SUPPLEMENTUM.

3727 313 3860 368 1004

496 423 712 478 civitate
731 462 744 488 ,
777 415 1062 474 communi
1109 419 1234 490 lege
1263 417 1708 474 existimavimus
1747 421 1850 475 hoc
1875 421 2117 488 mederi,
2145 433 2202 506 Α
2222 421 2427 476 bilibus
2447 421 2807 476 monasteriis
2825 419 3204 476 habitantium
3219 420 3482 476 habuerit
3501 437 3752 476 causam.
3777 423 3857 475 De

493 516 822 570 inchoantes
865 513 1096 585 quidem
1135 512 1204 566 ab
1249 513 1354 566 hac
1391 513 1712 568 felicissima
1759 514 1982 568 civitate
2003 555 2018 581 ,
2061 514 2122 568 in

494 608 649 663 omni
675 625 804 663 vero
833 608 953 661 loco
993 623 1054 660 ea
1083 623 1211 677 quae
1255 605 1506 676 subjecta
1545 612 1678 662 sunt
1718 607 2118 662 distendentes.

491 703 730 767 Quidam
757 701 910 754 enim
948 701 1194 754 volentes
1232 715 1597 770 corrumpere
1633 701 1963 756 orthodoxae
1989 699 2123 755 ﬁdei

490 797 865 862 honestatem,
907 793 954 846 si
994 793 1226 864 quidem
1260 793 1416 847 litem
1457 793 1760 848 habuerint
1795 795 1952 864 quasi
1990 811 2120 848 cum

490 887 782 943 monachis
826 893 924 940 aut
962 885 1230 954 ascetriis,
1264 886 1450 940 civiles
1478 887 1697 957 judices
1737 887 2117 958 interpellant.

490 983 561 1036 At
605 981 685 1035 illi
727 979 964 1034 mittunt
1007 983 1362 1034 exsecutores
1409 983 1820 1050 praesumentes
1857 981 2119 1035 accedere

489 1075 638 1129 intra
675 1075 798 1128 loca
834 1079 1042 1142 sancta,
1084 1078 1140 1128 et
1177 1073 1482 1127 monachos
1521 1074 1765 1142 trahere,
1805 1077 1973 1145 atque
2003 1090 2120 1128 mo-

491 1173 748 1240 nastrias,
775 1173 864 1227 vel
888 1171 1150 1227 ascetrias
1175 1171 1492 1242 inquietare
1518 1173 1706 1226 forsan
1735 1189 1826 1227 eas
1850 1189 1974 1243 qua:
1999 1189 2118 1227 non

489 1267 770 1322 videntur.
800 1267 868 1320 Et
892 1267 1025 1320 hinc
1061 1265 1136 1336 inj
1147 1266 1328 1319 uriam
1349 1271 1404 1320 et
1429 1267 1817 1320 confusionem
1841 1283 1958 1320 non
1985 1283 2114 1337 par-

489 1377 620 1414 vam
644 1359 1026 1414 adorabilibus
1065 1360 1186 1413 fieri
1221 1359 1372 1413 locis.
1405 1361 1706 1430 Propterea
1737 1359 1914 1430 igitur
1945 1360 2118 1414 sanci-

489 1469 653 1524 mus,
706 1455 752 1507 si
798 1453 924 1524 quis
969 1467 1366 1524 quamcunque
1413 1453 1674 1506 habuerit
1724 1469 1949 1506 causam
1987 1469 2118 1507 cum

491 1547 770 1618 aliquibus
795 1546 1204 1600 venerabilibus
1230 1545 1765 1614 sanctimonialibus,
1795 1551 1910 1599 aut
1947 1546 2121 1600 sacris

487 1641 834 1712 virginibus,
874 1645 971 1694 aut
1019 1639 1348 1694 mulieribus
1387 1639 1620 1693 omnino
1665 1639 1726 1693 in
1762 1639 2120 1694 monasteriis

492 1733 943 1799 consistentibus,
977 1735 1088 1786 Deo
1113 1732 1412 1786 amabilem
1447 1732 1684 1786 civitatis
1723 1732 1870 1786 illius
1912 1733 2119 1803 episco-

2222 515 2436 570 clericis
2455 515 2668 570 etenim
2693 519 2750 570 et
2776 515 2972 570 ordine
2991 515 3385 570 conventionis
3405 531 3602 568 eorum
3625 517 3750 584 jam
3775 517 3851 569 le-

2223 625 2320 680 ges
2343 608 2815 679 conscripsimus,
2860 625 3004 680 quas
3033 609 3215 662 valere
3243 611 3300 662 et
3329 609 3520 662 ﬁrmas
3541 625 3664 662 esse
3695 609 3852 662 omni

2219 703 2477 756 volumus
2517 703 2708 757 modo.
2746 701 3032 773 Scriptum
3060 703 3358 772 exemplar
3391 702 3512 756 viro
3539 702 3852 756 clarissimo

2217 795 2420 850 Joanni
2447 797 2712 866 praefecto
2742 812 3032 850 sacrorum
3061 796 3292 851 orientis
3321 795 3608 867 praetorio,
3639 795 3850 850 iterum

2219 891 2521 944 exconsule
2549 890 2834 944 ordinario
2864 895 2920 944 et
2945 890 3197 960 patricio.
3243 889 3526 960 Scriptum
3557 890 3852 959 exemplar

2219 983 2442 1038 Basilidi
2473 983 2873 1054 gloriosissimo
2899 983 3171 1054 magistro
3189 999 3482 1036 sacrorum
3508 982 3848 1036 officiorum.

2217 1076 2502 1147 Scriptum
2530 1077 2820 1148 exemplar
2856 1076 3107 1148 Longino
3149 1067 3556 1147 gloriasissimo
3583 1075 3854 1146 praefecto

2216 1170 2364 1224 urbi.
2411 1170 2530 1223 Dat.
2565 1186 2618 1226 v1
2659 1169 2740 1224 Id.
2785 1171 2966 1238 Mart,
3007 1171 3224 1236 Const.,
3269 1169 3412 1240 imp.
3444 1169 3500 1224 d.
3553 1186 3614 1224 n.
3643 1170 3850 1224 Justin.

2215 1265 2317 1319 PP.
2349 1267 2494 1335 Aug.
2526 1281 2658 1320 ann.
2693 1269 2777 1334 15,
2804 1265 3010 1320 Arione
3035 1280 3090 1320 v.
3119 1280 3170 1318 c.
3199 1280 3354 1318 cons.

2747 1379 3056 1433 NOVELLA
3106 1380 3314 1437 LXXXI.

2255 1475 2594 1536 Constitutio,
2635 1487 2752 1542 qua
2771 1489 2874 1542 per
2903 1473 3199 1541 dignitates
3224 1477 3275 1526 et
3303 1471 3602 1542 episcopale
3623 1485 3820 1524 manus

2595 1545 2737 1612 ﬁlias
2765 1545 2956 1598 liberat
2977 1549 3245 1614 potestate
3266 1545 3472 1613 patria.

2287 1639 2598 1708 Imperator
2618 1637 2964 1692 Justinianus
2989 1639 3276 1708 Augustus
3301 1653 3462 1690 sacro
3492 1635 3670 1706 regia:
3699 1635 3856 1690 urbis

2217 1729 2454 1784 senatui.

489 1845 632 1900 pum
660 1827 996 1896 interpellet.
1031 1825 1123 1879 Ille
1150 1841 1280 1880 vero
1307 1825 1512 1894 mittat,
1533 1830 1588 1880 et
1613 1841 1745 1879 cum
1771 1825 1927 1879 omni
1945 1826 2118 1880 hone-
2137 1814 2194 1886 Β
2288 1823 2346 1878 Si
2382 1823 2520 1894 quid
2545 1823 2620 1878 ad
2643 1823 2950 1878 utilitatem
2972 1828 3028 1878 et
3052 1822 3224 1878 decus
3253 1823 3475 1879 traditae
3501 1822 3666 1878 nobis
3685 1839 3714 1876 a
3737 1823 3853 1878 Deo

492 1926 634 1976 state
659 1937 787 1992 quae
834 1923 964 1974 sunt
1008 1919 1076 1973 de
1107 1935 1475 1989 personarum
1509 1919 1806 1990 prteSentia
1839 1919 2116 1990 disponat,

493 2016 606 2069 sive
637 2018 858 2085 oportet
894 2029 997 2084 per
1035 2013 1282 2080 abbates,
1316 2013 1430 2067 sive
1459 2029 1561 2083 per
1589 2014 1937 2083 responsales
1959 2055 1972 2082 ,
2007 2013 2120 2068 sive

489 2129 594 2184 per
617 2113 756 2166 alios
775 2111 1054 2182 quoslibet
1077 2112 1182 2165 hoc
1217 2111 1364 2164 ﬁeri.
1397 2112 1516 2181 Ipse
1549 2127 1680 2165 vero
1701 2127 1833 2165 cum
1851 2111 2008 2164 omni
2031 2126 2121 2165 ve-

489 2205 788 2261 neratione
815 2205 1144 2260 sacerdotali
1171 2221 1396 2258 causam
1419 2205 1701 2259 examinet
1719 2209 1776 2258 et
1796 2204 2033 2274 judicet,
2065 2208 2122 2258 et

491 2300 677 2354 civiles
713 2315 828 2353 non
865 2299 979 2352 sint
1013 2299 1240 2369 penitus
1264 2298 1386 2368 ejus
1404 2298 1654 2368 judices,
1681 2314 1864 2368 neque
1890 2298 2121 2352 confun-

491 2393 626 2448 dant
644 2410 840 2447 eorum
869 2394 1241 2461 honestatem,
1269 2408 1400 2446 cum
1425 2391 1610 2446 idonei
1635 2392 1748 2445 sint
1775 2393 1886 2445 Deo
1913 2391 2122 2446 amabi-

488 2487 570 2542 les
613 2487 966 2557 singularum
1007 2487 1297 2540 civitatum
1336 2485 1604 2555 episcopi,
1654 2489 1711 2538 et
1751 2501 1878 2555 quae
1918 2485 1986 2539 de
2021 2485 2119 2539 lite

491 2584 644 2646 sunt,
669 2584 724 2633 et
750 2581 817 2634 de
835 2580 1055 2633 cautela
1069 2578 1417 2650 judiciorum
1435 2578 1752 2648 disponere,
1779 2583 1836 2630 et
1842 2579 2115 2648 judicare,

489 2675 726 2729 honeste
753 2679 920 2744 atque
947 2672 1382 2738 sacerdotaliter,
1419 2678 1474 2726 et
1494 2673 1802 2725 secundum
1831 2672 1983 2742 leges
2011 2687 2116 2725 no-

488 2772 632 2822 stras
652 2773 709 2821 et
724 2766 1122 2821 sacratissimas
1137 2767 1379 2836 regulas.
1395 2765 1484 2820 Sic
1497 2765 1649 2819 enim
1671 2769 1726 2818 et
1746 2763 1844 2836 qui
1871 2765 2118 2836 aliquam

487 2861 970 2915 ratiocinationem
1003 2859 1210 2913 habere
1235 2863 1526 2930 putantur,
1557 2859 1928 2913 merebuntur
1947 2857 2116 2928 justi-

487 2951 648 3018 tiam,
682 2955 739 3003 et
775 2950 1036 3003 honestas
1081 2953 1429 3002 sacratorum
1470 2948 1752 3016 inviolata,
1783 2949 2119 3019 integraque

489 3043 827 3096 servabitur.
844 3042 1174 3096 Communis
1193 3041 1368 3112 igitur
1382 3042 1452 3094 sit
1469 3042 1581 3110 lex,
1600 3041 1917 3111 habeatque
1943 3047 2119 3096 custo-

491 3135 641 3190 diam
671 3153 703 3189 a
731 3135 1144 3205 gloriosissimis
1169 3135 1464 3204 praefectis,
1497 3135 1594 3204 qui
1621 3151 1722 3204 per
1747 3141 1975 3188 cunctas
1994 3136 2113 3189 exi-

488 3234 646 3284 stunt
657 3227 921 3283 diaeceses
938 3229 1013 3297 (et
1028 3227 1229 3299 Illyrici
1245 3227 1502 3296 dicimus,
1519 3231 1576 3281 et
1599 3228 1784 3298 Libym
1811 3228 2113 3298 Italiaeque,

489 3329 546 3378 et
571 3323 810 3378 Orientis
830 3321 1013 3391 totius)
1036 3326 1092 3375 et
1121 3338 1154 3374 a
1177 3320 1589 3391 gloriosissimis
1609 3321 1888 3392 praefectis
1911 3322 2114 3392 utrius:

488 3433 598 3490 que
613 3419 826 3482 Romae,
842 3421 897 3470 et
907 3414 1462 3486 magniﬁcentissimo
1482 3417 1726 3484 praetore
1745 3415 2113 3486 populorum,

488 3517 544 3566 et
564 3511 852 3582 judicibus
883 3509 1159 3580 gentium,
1189 3525 1498 3579 eorumque
1526 3508 1744 3578 officiis,
1770 3515 1826 3562 et
1855 3509 2013 3562 nulla
2037 3508 2116 3563 eis

487 3605 586 3659 ﬁat
613 3604 846 3659 omnino
876 3603 1188 3672 corruptio,
1205 3601 1303 3656 sed
1332 3601 1551 3672 integra
1569 3602 1638 3656 ad
1665 3603 1944 3656 honorem
1965 3617 2118 3656 reve-

469 3683 952 3753 rendissimorum
972 3695 1385 3749 monachorum
1398 3695 1768 3749 custodiatur.
1787 3696 1911 3748 llaec
1925 3702 2118 3749 autem

489 3792 660 3847 etiam
687 3796 788 3844 tua
812 3789 1102 3843 beatitudo
1128 3804 1498 3860 cognoscens,
1530 3793 1586 3842 et
1610 3788 1730 3858 ipsa
1755 3788 2034 3844 custodiat
2057 3789 2118 3842 in

490 3884 594 3937 hac
615 3883 938 3936 felicissima
960 3881 1180 3936 civitate
1195 3887 1251 3936 et
1270 3883 1390 3952 ejus
1407 3883 1682 3936 confiniis.
1709 3883 1906 3936 Utatur
1923 3885 2116 3936 autem

489 3977 560 4030 ad
585 3977 700 4030 Deo
729 3975 1002 4029 amabiles
1039 3975 1326 4030 civitatum
1354 3975 1835 4046 metropolitanos,
1874 3991 2119 4046 quorum

487 4071 607 4142 ipse
634 4067 926 4139 suscepisti
949 4067 1387 4136 ordinationem,
1409 4085 1733 4139 preponens
1753 4069 1996 4139 propriis
2021 4069 2116 4124 lit-

487 4165 624 4220 teris
647 4165 796 4219 hanc
821 4167 1069 4216 nostram
1093 4177 1306 4216 sacram
1341 4161 1548 4232 legem.
1575 4163 1776 4216 Verum
1807 4161 1898 4216 ille
1923 4162 2026 4216 sub
2059 4179 2118 4217 se

488 4259 803 4314 constitutis
831 4257 1105 4328 episcopis
1131 4257 1254 4310 haec
1282 4256 1566 4319 nuntient,
1589 4262 1654 4310 ut
1673 4273 1742 4310 ex
1763 4255 1956 4327 paucis
1975 4256 2120 4311 litte-

487 4353 566 4408 ris
595 4369 710 4408 una
733 4351 1081 4406 continuatio
1105 4350 1244 4421 legis
1272 4351 1342 4404 ad
1372 4367 1602 4405 omnem
1627 4349 1920 4421 perveniat
1944 4349 2114 4404 ditio-

487 4463 644 4502 nem.
680 4447 789 4502 Sed
815 4447 988 4500 etiam
1013 4445 1322 4499 accelerare
1355 4444 1479 4498 lites
1515 4444 1794 4498 sancimus
1827 4443 2120 4499 monachis

2137 3181 2192 3255 C

2218 1920 2431 1986 spectat
2447 1916 2794 1988 reipublicae,
2815 1917 2876 1970 id
2895 1933 3120 1988 semper
3137 1933 3266 1971 cum
3285 1933 3512 1971 summa
3529 1917 3710 1970 animi
3742 1917 3858 1970 ala-

2220 2010 2415 2063 critate
2439 2011 2730 2065 studemus
2758 2010 2830 2064 ad
2857 2010 3122 2065 effectum
3154 2010 3454 2066 deducere.
3479 2011 3610 2064 Inde
3631 2010 3776 2064 adeo
3797 2015 3856 2064 et

2211 2103 2338 2174 jam
2363 2108 2528 2158 antea
2562 2103 2752 2174 legem
2802 2105 2870 2158 de
2913 2103 3331 2174 gloriosissimis
3357 2103 3566 2158 nostris
3601 2103 3856 2174 patriciis

2220 2196 2677 2268 conscripsimus,
2701 2214 2830 2268 qua:
2855 2197 3078 2252 datione
3095 2197 3382 2269 dignitatis
3405 2197 3736 2252 ostenderet
3755 2213 3856 2250 eos

2219 2291 2400 2361 patria
2417 2291 2680 2346 liberatos
2707 2307 2826 2346 esse
2862 2295 3156 2362 potestate.
3197 2291 3530 2346 Indecorum
3547 2291 3702 2345 enim
3729 2307 3856 2344 esse

2217 2384 2562 2455 putavimus,
2593 2387 2654 2438 ut
2674 2384 2734 2438 hi
2753 2385 2856 2438 sub
2887 2385 3116 2440 alterius
3145 2385 3358 2456 degant
3383 2389 3684 2456 potestate,
3705 2401 3856 2454 quos

2219 2477 2280 2530 in
2303 2477 2426 2532 loco
2450 2495 2551 2532 nos
2571 2482 2869 2548 parentum
2889 2478 3168 2532 ducimus.
3191 2479 3331 2532 Nam
3352 2477 3398 2532 si
3417 2481 3576 2532 actus
3595 2479 3854 2532 emanci-

2217 2571 2476 2642 pationis,
2500 2573 2598 2642 qui
2624 2572 2756 2626 olim
2787 2573 2886 2626 sub
2913 2572 3054 2643 legis
3080 2572 3327 2626 actiones
3365 2573 3448 2642 (ut
3471 2573 3690 2640 vocant}
3711 2587 3854 2624 con-

2217 2664 2570 2732 stituebatur,
2589 2667 2676 2720 vel
2695 2682 2828 2720 cum
2853 2665 3210 2720 contumeliis
3237 2670 3292 2720 et
3307 2665 3498 2736 alapis,
3521 2665 3858 2735 hujusmodi

2219 2775 2314 2812 eos
2339 2758 2574 2812 vinculis
2600 2759 2891 2824 liberabat,
2920 2759 3210 2830 quomodo
3245 2776 3358 2813 non
3401 2759 3538 2813 item
3573 2759 3852 2826 codicilli,

2218 2852 2315 2922 qui
2337 2853 2599 2907 omnibus
2623 2853 2948 2907 hominibus
2973 2853 3250 2925 dignitate
3277 2857 3562 2924 praestant,
3601 2852 3730 2906 dari
3761 2870 3852 2905 so-

2215 2945 2300 3000 liti
2347 2963 2381 2998 a
2423 2947 2718 3016 majestate
2770 2947 3154 3018 imperatoria,
3201 2963 3330 3018 quas
3366 2963 3608 3000 summae
3651 2963 3854 3000 rerum

2217 3039 2499 3108 praesidet,
2527 3040 2725 3110 patriae
2741 3041 3036 3111 potestatis
3057 3040 3188 3110 jure
3205 3040 3354 3110 ipsos
3371 3039 3620 3094 liberent
3633 3040 3662 3092 ‘l
3691 3040 3734 3092 Ν
3745 3056 3852 3094 unc

2215 3125 2346 3186 vero
2371 3149 2500 3187 cum
2527 3133 2923 3188 humaniorem
2951 3133 3258 3206 quamdam
3283 3138 3342 3187 et
3363 3133 3494 3204 plus
3517 3133 3852 3202 amplitudi-

2215 3227 2302 3280 nis
2352 3227 2650 3281 allaturam
2698 3228 3023 3298 reipublicae
3065 3227 3404 3282 sententiam
3453 3227 3736 3298 agitemus
3795 3229 3852 3281 in

2213 3319 2423 3388 animo,
2453 3321 2624 3375 etiam
2668 3321 2738 3375 de
2767 3319 3180 3391 gloriosissimis
3207 3319 3562 3386 consulibus,
3597 3323 3696 3391 qui
3723 3327 3852 3391 post

2215 3413 2568 3483 majestatem
2592 3414 3018 3484 imperatoriam
3038 3429 3250 3468 nomen
3281 3429 3448 3468 suum
3476 3413 3694 3468 addunt
3707 3421 3850 3468 tem-

2215 3506 2362 3576 pori,
2378 3523 2564 3577 neque
2583 3523 2696 3561 non
2716 3507 2786 3561 de
2809 3507 2894 3562 his
2924 3507 3022 3578 qui
3045 3507 3430 3561 consularibus
3451 3507 3850 3562 tantummodo

2215 3600 2572 3654 honorantur
2609 3600 2894 3667 codicillis,
2941 3605 3116 3671 atque
3159 3599 3580 3671 magistratibus
3615 3619 3652 3654 a
3697 3618 3848 3656 nexu

2216 3693 2384 3748 curias
2411 3693 2646 3748 liberare
2675 3693 3035 3765 queuntibus,
3066 3695 3172 3748 hoc
3213 3699 3298 3748 est
3323 3695 3664 3765 praefectura
3682 3695 3850 3764 juxta

2217 3795 2272 3845 et
2297 3790 2621 3861 magisterio
2649 3791 2893 3845 militum
2909 3791 3024 3862 (qui
3049 3795 3242 3846 tamen
3263 3792 3324 3846 in
3351 3793 3486 3864 ipsis
3505 3793 3732 3846 thronis
3759 3797 3846 3846 at-

2216 3901 2327 3955 que
2350 3889 2476 3938 actu
2495 3883 2708 3939 fuerint
2737 3885 2989 3956 cogniti),
3017 3885 3121 3939 hoc
3145 3885 3296 3940 idem
3323 3886 3628 3953 sancimus,
3643 3891 3708 3940 ut
3721 3903 3846 3940 om-

2215 3977 2304 4032 nis
2329 3977 2609 4048 ejusmodi
2627 3978 2875 4048 dignitas
2895 3977 3136 4050 talisque
3148 3979 3514 4050 magistratus
3531 3979 3844 4048 nonnullis,

2216 4087 2356 4143 quos
2381 4071 2491 4142 ipsi
2519 4087 2622 4125 nos
2646 4072 3092 4142 probaverimus,
3123 4071 3446 4143 acquisitus,
3477 4073 3576 4143 qui
3605 4079 3666 4126 et
3687 4091 3718 4126 a
3759 4091 3852 4126 eu-

2215 4165 2298 4218 ria
2324 4165 2476 4236 ipsos
2503 4165 2708 4220 liberos
2749 4165 2934 4220 reddit
2957 4207 2970 4236 ,
3003 4166 3052 4219 is
3089 4166 3271 4220 valeat
3297 4165 3468 4220 etiam
3490 4157 3625 4235 jure
3651 4167 3848 4237 patria:

2217 4261 2318 4313 aut
2354 4259 2516 4312 avitae
2543 4275 2638 4313 eos
2665 4259 2956 4330 potestatis
2983 4258 3241 4314 liberare.
3275 4259 3336 4313 Si
3359 4259 3516 4312 enim
3543 4260 3670 4330 lege
3697 4260 3844 4314 cavi-

2215 4369 2342 4407 mus
2371 4357 2433 4406 ut
2461 4353 2508 4406 si
2536 4367 2728 4406 servus
2767 4351 2970 4423 aliquis
3007 4352 3215 4406 sciente
3253 4352 3486 4406 domino
3523 4353 3722 4406 militia
3751 4359 3848 4406 aut

2214 4447 2402 4518 aliqua
2428 4447 2572 4501 forte
2598 4445 2872 4518 dignitate
2905 4463 2936 4499 a
2961 4446 3250 4516 majestate
3277 4446 3550 4516 dignatus
3579 4446 3654 4500 sit
3679 4447 3846 4517 impe-

487 4541 746 4610 illibatis,
782 4545 844 4594 ut
884 4557 1000 4594 non
1039 4555 1200 4592 mens
1235 4554 1430 4593 eorum
1473 4543 1780 4610 occupetur
1818 4539 1967 4592 circa
2003 4539 2116 4592 litis
2135 4555 2194 4626 D
2218 4540 2444 4608 ratoria,
2472 4541 2732 4611 protinus
2761 4539 3055 4609 liberetur,
3083 4545 3140 4594 et
3169 4539 3241 4593 ad
3269 4540 3456 4610 ipsam
3487 4540 3738 4610 rapiat—ur
3767 4541 3846 4592 in-

491 4633 949 4700 sollicitudinem,
981 4633 1076 4688 sed
1115 4632 1382 4686 velociter
1410 4632 1632 4687 liberati
1659 4633 1828 4686 sacris
1854 4633 2115 4703 operibus

488 4727 888 4783 obsecundent.
919 4727 1106 4782 Sciant
1144 4726 1320 4797 igitur
1360 4726 1457 4796 qui
1501 4731 1712 4796 praeter
1754 4727 1874 4780 haec
1903 4727 2117 4798 aliquid

489 4821 730 4892 egerint,
759 4819 804 4873 si
834 4819 1064 4890 quidem
1086 4819 1264 4889 judex
1294 4819 1364 4873 sit
1389 4819 1487 4890 qui
1509 4820 1680 4873 talem
1711 4821 1960 4890 proferre
1985 4837 2113 4876 sen-

487 4915 724 4970 tentiam
761 4913 1206 4985 praesumpserit,
1241 4913 1392 4983 quod
1414 4913 1484 4966 ab
1505 4911 1994 4970 administratione
2021 4933 2114 4970 re-

485 5009 729 5079 pelletur
769 5011 1036 5078 tanquam
1063 5006 1343 5060 Divinitati
1370 5007 1768 5062 contumeliam
1797 5007 2026 5074 faciens,
2059 5013 2118 5064 et

488 5114 657 5168 poena
683 5098 876 5153 decem
901 5097 1174 5151 librarum
1199 5095 1322 5150 auri
1349 5113 1460 5149 una
1488 5111 1620 5150 cum
1647 5097 1828 5150 officio
1854 5115 1953 5152 suo
1973 5099 2118 5154 mul-

489 5192 718 5258 tabitur,
743 5190 1120 5246 sacratissimo
1147 5195 1342 5244 nostro
1369 5191 1554 5244 danda
1574 5191 1792 5246 zerario.
1817 5193 2115 5248 Exsecuto-

487 5303 579 5342 res
608 5289 704 5340 aut
732 5289 1139 5356 praasumentes
1159 5283 1362 5338 offerre
1380 5283 1614 5338 omnino
1639 5285 2112 5356 admonitionem,

486 5381 557 5436 ab
586 5381 725 5452 ipsis
769 5380 884 5433 Deo
922 5378 1252 5433 amabilibns
1285 5377 1566 5450 episc0pis
1605 5379 2032 5450 prohibeantur,
2061 5385 2117 5436 et

487 5474 854 5530 retrudantur
873 5472 930 5526 in
950 5471 1084 5526 locis
1103 5488 1230 5544 qua:
1251 5471 1517 5526 decanica
1545 5476 1980 5544 nuncupantur:
2001 5491 2116 5546 poe-

485 5585 587 5624 nas
605 5571 994 5639 competentes
1023 5566 1264 5636 passuri,
1287 5565 1643 5620 exactionem
1670 5567 1888 5621 nullam
1908 5568 1976 5622 de
2002 5585 2111 5622 cae—

485 5665 608 5716 tero
627 5677 794 5732 agere
809 5659 1194 5731 permittendi.
1221 5659 1332 5711 Hac
1357 5659 1574 5713 valente
1595 5660 1738 5730 lege,
1767 5662 1810 5714 si
1831 5661 1956 5732 quis
1984 5678 2116 5717 cum

487 5755 678 5824 aliquo
713 5751 1314 5810 reverendissimorum
1351 5751 1786 5822 monachorum,
1816 5759 1916 5809 aut
1939 5755 2112 5827 virgi-

488 5861 649 5916 num,
679 5849 780 5900 aut
803 5845 1114 5900 mulierum
1138 5843 1372 5898 omnino
1391 5859 1700 5916 sacrarum,
1727 5848 1868 5904 etin
1888 5865 2118 5906 venera-

2218 4636 2588 4710 genuitatem,
2603 4633 2886 4706 quomodo
2905 4635 3252 4705 nonjustum
3269 4633 3444 4688 fuerit
3464 4649 3600 4688 eum
3621 4651 3842 4704 quoque

2216 4731 2448 4804 quitam
2483 4728 2688 4800 amplis
2719 4727 2986 4782 codicillis
3003 4727 3264 4799 dignatus
3295 4728 3384 4794 sit,
3419 4727 3490 4780 ab
3515 4727 3716 4782 alienae.
3745 4745 3842 4798 po-

2215 4824 2429 4880 testatis
2451 4823 2583 4893 jure
2621 4822 2866 4877 liberum
2907 4821 3072 4875 fieri?
3108 4823 3182 4875 Ea
3221 4827 3455 4892 propter
3502 4822 3842 4892 amplissima

2215 4917 2323 4974 hac
2353 4918 2479 4989 lege
2502 4917 2610 4986 usi,
2643 4915 2922 4970 sancimus
2955 4917 3020 4968 ut
3053 4914 3323 4970 ordinarii
3349 4915 3610 4968 consules
3631 4957 3646 4982 ,
3675 4915 3718 4968 si
3745 4915 3846 4968 sub

2217 5011 2446 5066 alterius
2475 5012 2746 5082 potestate
2776 5009 3005 5080 degant,
3035 5025 3151 5062 una
3179 5025 3308 5062 cum
3329 5007 3502 5076 dicto,
3521 5007 3678 5079 quod
3697 5009 3844 5062 hunc

2215 5104 2510 5176 dignitatis
2551 5104 2790 5174 gradum
2835 5102 2969 5174 ipsis
3014 5101 3272 5173 largitur,
3315 5102 3386 5156 ad
3415 5118 3530 5155 sua:
3561 5105 3842 5171 potestatis

2214 5197 2513 5254 arbitrium
2534 5197 2876 5252 deferantur.
2907 5197 3141 5268 Insuper
3155 5200 3220 5250 ut
3239 5195 3328 5250 his
3343 5211 3572 5267 quoque
3591 5195 3692 5266 qui
3707 5211 3840 5248 con-

2214 5292 2492 5347 sularibus
2511 5291 2778 5346 codicillis
2794 5307 2826 5344 a
2845 5291 3136 5360 majestate
3157 5290 3534 5344 honestantur
3551 5289 3844 5358 imperato-

2214 5386 2319 5452 ria,
2355 5385 2642 5456 siquidem
2661 5385 2764 5438 sub
2793 5399 2968 5437 manu
2993 5385 3226 5454 patrum
3252 5383 3544 5437 constituti
3569 5387 3722 5446 sunt,
3753 5398 3838 5434 co-

2215 5479 2434 5535 dicillus
2478 5477 2942 5548 emancipationis
2985 5477 3106 5531 loco
3145 5475 3238 5532 sit.
3285 5477 3457 5532 Porro
3489 5479 3544 5530 et
3589 5477 3636 5530 si
3677 5491 3838 5547 quem

2215 5575 2526 5644 cuicunque
2555 5573 2761 5626 harum
2785 5571 3360 5640 administrationum,
3395 5571 3604 5641 quibus
3635 5569 3838 5640 glorio-

2215 5666 2416 5722 sissimi
2453 5665 2704 5738 praefecti
2742 5681 3036 5720 sacrorum
3075 5669 3402 5719 nostrorum
3451 5664 3840 5734 prastat-iurum

2215 5765 2485 5832 praesunt,
2525 5759 2946 5831 praefecerimus
2970 5801 2984 5827 ,
3026 5762 3122 5813 aut
3159 5757 3230 5812 ad
3269 5757 3608 5812 urbicariam
3637 5755 3842 5828 prefe-

2215 5857 2434 5910 cturam
2444 5853 2738 5926 utriusque
2761 5854 2958 5908 Romae
2979 5850 3442 5928 produxerimus,
3455 5849 3846 5922 magisterium
