4076 6186
178 357 319 418 1003

951 355 1315 419 JUS’I‘INIANI
1351 353 1683 419 NOVELLE
1718 352 2052 418 SELEC’I‘E.
2092 353 2403 417 NOVELLA
2444 349 2724 416 LXXXIII.

172 487 242 524 ve
264 467 499 541 aliquod
545 465 814 536 militum,
839 471 903 522 ut
927 467 986 524 hi
1007 484 1238 542 quoque
1264 468 1528 542 protinus
1552 485 1672 526 suae
1697 485 1804 543 po-
1827 481 1887 556 Α

3395 359 3415 418 i
3427 365 3528 422 006

2405 485 2722 542 NOVELLA
2768 482 3024 540 LXXXIII.

171 563 403 617 testatis
425 563 768 616 efficiantur.
788 564 932 618 Nam
951 565 1016 617 ut
1030 562 1077 617 is
1094 563 1191 635 qui
1209 566 1294 618 tot
1314 563 1647 618 hominibus
1665 579 1805 636 prae-
1910 583 1974 636 m
1997 555 2180 636 defici
2202 581 2355 652 apud
2373 583 2625 651 proprios
2651 581 2919 652 episcopos
2943 581 3177 652 primum
3206 585 3530 636 convenian-

171 655 362 710 iturus
389 659 475 709 est
504 653 772 726 imperio,
813 658 1012 726 totque
1063 655 1395 710 hominibus
1437 656 1674 712 daturus
1720 660 1806 710 est

171 748 474 815 mandata,
509 749 613 802 sub
635 748 870 802 alterius
897 749 1219 804 etiamnum
1241 753 1525 821 potestate
1546 753 1801 816 maneat,

174 859 369 914 neque
388 841 541 896 inter
555 845 752 913 patres
775 841 1127 897 familiarum
1147 847 1466 910 censeatur,
1488 843 1711 912 legibus
1728 843 1800 896 si-

170 937 298 990 mul
334 939 392 989 et
421 935 649 988 sedibus
671 935 880 989 nostris
909 935 1215 1006 indignum
1246 935 1530 990 duximus.
1572 938 1716 990 Sane
1744 935 1800 989 in

171 1045 392 1100 genere
428 1027 621 1100 (prout
650 1027 867 1082 dictum
899 1031 1000 1099 est)
1032 1029 1318 1085 sancimus
1355 1031 1416 1082 ut
1445 1045 1801 1100 quazcunque

173 1120 782 1194 dignitas,quicunque
797 1121 1289 1195 magistratus,qui
1303 1138 1338 1177 a
1353 1121 1510 1176 curia
1522 1121 1801 1176 liberandi

168 1216 522 1287 potestatem
553 1213 746 1282 habet,
780 1213 827 1268 is
859 1216 918 1269 et
947 1231 1061 1270 sua:
1107 1214 1408 1288 potestatis
1429 1214 1524 1286 jus
1560 1213 1619 1268 in
1653 1230 1798 1286 pras-

171 1308 359 1363 mium
377 1307 500 1379 ipso
525 1307 823 1362 honoratis
840 1308 1115 1380 praebeat.
1141 1311 1256 1364 Hoc
1277 1311 1427 1363 certe
1459 1311 1650 1378 patres
1666 1324 1804 1379 quo-

171 1417 285 1472 que
305 1400 752 1456 venerabiliores
765 1400 978 1470 reddit,
995 1418 1126 1456 cum
1147 1403 1351 1457 talium
1371 1405 1562 1472 patres
1579 1400 1692 1455 sint
1703 1401 1800 1472 qui

169 1495 254 1549 ita
277 1495 352 1550 ab
376 1493 754 1566 imperatoria
779 1493 1085 1564 majestate
1113 1494 1443 1550 afﬁciuntur
1463 1493 1796 1549 honoribus.

169 1589 370 1659 Neque
397 1587 553 1642 enim
574 1589 874 1658 tantopere
895 1587 1104 1642 horum
1122 1588 1359 1643 nomine
1387 1587 1648 1658 precibus
1684 1603 1801 1641 ma-

162 1681 437 1751 jestatem
467 1679 808 1751 fatigassent
853 1680 1310 1752 imperatoriam,
1347 1679 1457 1735 nisi
1485 1679 1800 1751 conjunctis

169 1773 377 1828 studiis
402 1789 520 1828 una
547 1789 678 1828 eum
706 1773 836 1827 filiis
877 1773 934 1826 id
985 1774 1436 1829 contendissent.
1487 1772 1649 1828 Unde
1682 1773 1797 1828 sive

169 1867 284 1921 hoc
320 1869 584 1938 tempore
629 1865 834 1937 aliquis
863 1866 1255 1922 ﬁliusfamilias
1299 1867 1452 1921 hisce
1484 1845 1878 1922 honoribusB

170 1965 272 2016 aut
286 1958 716 2030 magistratibus
741 1958 967 2026 fruitur,
987 1975 1131 2031 quos
1150 1962 1284 2014 ante
1307 1959 1795 2028 enumeravimus,

168 2052 288 2108 sive
319 2052 498 2107 etiam
524 2055 724 2124 postea
759 2052 1035 2107 fruiturus
1061 2056 1166 2121 est,
1195 2052 1565 2124 consequitor
1596 2069 1800 2108 omnes

167 2147 344 2202 hosce
369 2146 670 2218 potestatis
696 2162 810 2200 sua:
818 2145 932 2216 jus,
961 2145 1117 2216 quod
1146 2145 1258 2201 illis
1283 2149 1341 2200 et
1365 2146 1652 2217 peculium
1681 2147 1795 2201 lar-

170 2239 382 2311 giatur,
399 2242 458 2294 et
473 2240 704 2310 plenam
727 2238 946 2294 arbitrii
969 2239 1294 2294 libertatem
1313 2239 1542 2308 tribuat,
1559 2243 1623 2294 ut
1636 2240 1800 2296 etho-

169 2349 339 2402 nore,
363 2337 422 2387 et
440 2331 726 2404 imperiali
753 2331 825 2386 de
853 2331 990 2404 ipsis
1012 2331 1232 2404 judicio
1265 2333 1444 2405 digna
1470 2332 1700 2388 faciant.
1718 2335 1800 2389 Ita

170 2426 330 2481 enim
359 2427 618 2497 patribus
643 2425 850 2496 majori
877 2441 946 2480 ea
971 2442 1064 2480 res
1088 2425 1242 2482 laudi
1273 2427 1400 2494 erit,
1435 2429 1494 2482 et
1521 2443 1794 2498 magnam

171 2519 254 2574 eis
284 2518 499 2574 laetitia:
522 2535 724 2574 ansam
753 2517 1056 2590 praebebit.

245 2612 361 2668 Sed
387 2615 445 2667 et
465 2611 856 2684 illudinsuper
879 2613 1008 2684 lege
1036 2612 1361 2681 statuimus,
1383 2629 1455 2668 ne
1479 2612 1799 2669 istiusmodi

167 2722 291 2761 suae
317 2705 617 2776 potestatis
630 2705 763 2776 jura
783 2705 1106 2760 consimilia
1131 2705 1472 2778 largiantur,
1496 2708 1670 2778 atque
1687 2707 1799 2762 alia

169 2815 302 2872 quae
333 2815 435 2870 per
450 2797 946 2870 emancipationes
960 2798 1308 2870 proveniunt
1322 2817 1339 2868 ;
1363 2799 1463 2853 sed
1495 2799 1801 2871 imperato-

167 2891 259 2948 ria
285 2892 558 2964 majestas
587 2908 693 2964 per
717 2891 1051 2964 hujusmodi
1079 2907 1193 2946 suae
1222 2891 1522 2964 potestatis
1537 2893 1672 2963 jura
1693 2895 1802 2948 exi-

166 2985 357 3042 mium
384 2985 678 3058 quoddam
703 3001 914 3040 munus
940 2985 1214 3057 praabeat.
1245 2985 1438 3056 Neque
1461 2985 1617 3040 enim
1647 2988 1801 3042 volu-

167 3095 302 3134 mus
332 3081 396 3133 ut
415 3079 514 3150 qui
537 3093 605 3133 eo
627 3079 802 3134 modo
828 3077 1244 3150 paterfamilias
1269 3078 1453 3134 factus
1472 3081 1576 3148 est,
1601 3082 1701 3134 aut
1715 3079 1798 3150 fit,

168 3171 395 3244 aliquid
419 3170 663 3243 legitimi
675 3169 823 3244 juris
839 3170 1087 3276 amittat,
1115 3169 1215 3226 sed
1232 3175 1349 3227 tam
1367 3172 1605 3228 familiae
1618 3172 1691 3228 ad
1710 3173 1797 3246 ip-
1821 3208 1876 3284 Ο

169 3281 266 3320 sos
293 3281 470 3336 quam
497 3264 634 3336 ipsis
663 3265 735 3320 ad
764 3263 1045 3320 familiam
1065 3265 1326 3336 legitima
1357 3265 1529 3321 simul
1555 3270 1612 3322 et
1632 3270 1799 3322 natu-

166 3357 314 3413 ralia
333 3358 467 3429 jura
494 3357 709 3414 intacta
739 3361 941 3428 sunto;
965 3361 1024 3413 et
1049 3357 1152 3412 ﬁlii
1179 3375 1381 3414 eorum
1401 3363 1531 3430 post
1559 3377 1799 3415 avorum

167 3454 424 3508 mortem
447 3452 506 3506 in
535 3451 793 3524 ipsorum
824 3453 1170 3524 potestatem
1202 3451 1502 3507 recidunto
1528 3453 1684 3508 haud
1705 3453 1802 3508 ali-

168 3551 264 3602 ter
293 3561 470 3617 quam
497 3545 545 3600 si
559 3545 766 3601 horum
783 3549 972 3617 patres
999 3548 1186 3600 morte
1209 3561 1441 3600 suorum
1471 3549 1798 3617 parentum,

2175 651 2284 714 tur,
2316 657 2369 706 et
2389 657 2518 722 post
2547 653 2641 705 hoc
2669 651 2822 719 apud
2844 651 3028 704 civiles
3043 651 3274 719 judices.

1975 748 2134 804 Idem
2151 752 2437 820 Augustus
2455 747 2662 804 Joanni
2681 747 3085 816 gloriosissimo
3106 765 3208 818 per
3233 748 3527 804 Orientem

1902 842 2304 913 praetoriorum
2337 842 2629 912 praefecto,
2664 840 2872 894 iterum
2904 843 3205 896 exeonsule
3239 841 3526 896 ordinario

1903 939 1961 989 et
1989 934 2246 1005 patricio.

1973 1028 2254 1082 Plurimas
2273 1045 2460 1082 sacras
2487 1029 2800 1083 scribentes
2828 1029 3002 1098 leges,
3029 1034 3085 1082 et
3115 1028 3184 1084 de
3218 1031 3333 1084 Deo
3364 1047 3519 1084 ama-

1900 1119 2112 1175 bilibus
2141 1121 2437 1192 episcOpis,
2469 1125 2522 1176 et
2568 1122 2790 1193 reliquo
2835 1123 2993 1176 omni
3031 1123 3370 1192 sacerdotio,
3418 1141 3523 1178 nec

1901 1230 2019 1268 non
2043 1213 2113 1268 de
2129 1215 2618 1268 reverendissimis
2647 1215 2943 1271 monachis
2960 1221 3017 1270 et
3033 1234 3220 1290 nuper
3233 1218 3340 1271 hoc
3353 1233 3526 1288 agen-

1901 1309 2007 1374 tes,
2049 1306 2106 1360 in
2139 1307 2345 1378 quibus
2370 1308 2632 1361 volumus
2667 1309 3176 1365 reverendissimos
3214 1309 3528 1365 monachos

1900 1399 2054 1470 apud
2083 1401 2233 1455 solos
2257 1399 2500 1454 civitatis
2529 1399 2846 1472 episcopos,
2874 1403 2977 1456 sub
3005 1402 3210 1474 quibus
3235 1407 3370 1458 sunt
3396 1389 3520 1458 mo-

1901 1493 2170 1560 nasteria,
2193 1493 2602 1548 conventiones
2618 1494 2903 1564 suscipere
2925 1495 3090 1566 petiti
3106 1513 3304 1550 sumus
3323 1513 3357 1550 a
3375 1497 3522 1552 Men-

1901 1601 1977 1640 na
2001 1587 2118 1641 Deo
2146 1586 2383 1641 amabili
2408 1586 2838 1659 archiepiscopo
2870 1589 3040 1660 hujus
3070 1589 3411 1647 felicissimus
3444 1596 3522 1649 ci-

1900 1679 2106 1746 vitatis,
2149 1684 2208 1733 et
2256 1679 2563 1736 universali
2613 1681 2970 1751 patriarcha,
3028 1686 3524 1745 reverendissimis

1899 1773 2119 1828 clericis
2156 1773 2263 1828 hoc
2295 1773 2434 1828 dare
2477 1773 2860 1845 privilegium,
2893 1780 2954 1830 ut
2983 1775 3030 1829 si
3059 1778 3186 1848 quis
3213 1779 3391 1836 habet
3419 1784 3523 1838 ad-

1898 1882 2093 1920 versus
2123 1883 2222 1922 eos
2239 1866 2557 1938 quemlibet
2578 1867 2971 1937 pecuniariam
2999 1888 3250 1940 causam,
3273 1876 3432 1944 prius
3451 1878 3523 1932 ad

1899 1959 2018 2014 Deo
2039 1959 2347 2014 amabilem
2368 1959 2862 2031 archiepiscopum
2886 1967 3108 2032 pergat,
3132 1965 3235 2018 sub
3257 1983 3370 2037 quo
3394 1986 3524 2024 con-

1898 2053 2128 2108 stitutus
2157 2056 2260 2121 est,
2281 2056 2336 2106 et
2362 2052 2691 2124 interpellet
2710 2070 2863 2120 eum,
2885 2058 2942 2108 et
2970 2072 3036 2110 ex
3064 2073 3179 2112 non
3211 2061 3420 2131 scripto
3435 2063 3522 2134 ju-

1901 2145 2112 2201 dicium
2145 2150 2457 2201 mereatur.
2492 2147 2558 2200 Et
2585 2146 2628 2200 si
2655 2147 2764 2202 hoc
2802 2148 2921 2217 fiat,
2952 2166 3023 2204 ne
3053 2167 3185 2205 eum
3217 2153 3520 2227 inquietet,

1901 2256 2006 2294 nec
2035 2239 2229 2294 trahat
2257 2239 2330 2293 ad
2367 2239 2652 2295 auditoria
2682 2240 2886 2309 civilia,
2916 2259 3104 2314 neque
3138 2262 3170 2298 a
3201 2263 3358 2301 sacro
3391 2265 3521 2303 eum

1899 2348 2101 2388 vacare
2128 2332 2301 2387 faciat
2327 2332 2664 2400 ministerio,
2697 2333 2795 2387 sed
2829 2351 2894 2388 ex
2926 2353 3038 2389 non
3068 2337 3276 2409 scripto
3304 2341 3520 2396 exami-

1901 2429 2071 2481 netur
2095 2425 2393 2498 negotium
2411 2427 2530 2481 sine
2555 2426 2800 2495 damnis,
2817 2431 2876 2482 et
2893 2428 3134 2500 accipiat
3148 2431 3392 2488 formam
3413 2436 3524 2491 for-

1901 2537 2002 2574 san
2019 2519 2190 2574 etiam
2207 2519 2498 2590 scriptam,
2514 2519 2558 2573 si
2574 2520 2681 2574 hoc
2699 2536 2927 2591 quoque
2941 2526 3129 2593 partes
3143 2525 3444 2598 voluerint,
3467 2533 3524 2584 et

1899 2612 2284 2684 poposcerint,
2313 2616 2372 2666 et
2392 2612 2708 2666 liberentur
2736 2617 2937 2668 mutuo
2960 2617 3294 2674 certamine.
3313 2619 3370 2674 Si
3392 2637 3524 2677 vero

1899 2709 2000 2760 aut
2028 2711 2264 2778 propter
2293 2722 2478 2760 causa:
2506 2709 2797 2776 naturam,
2831 2710 2928 2762 aut
2954 2713 3188 2780 propter
3209 2712 3521 2782 quamdam

1899 2799 2046 2854 forte
2077 2799 2475 2853 difﬁcultatem
2499 2815 2616 2853 non
2644 2800 2818 2854 fuerit
2843 2800 3112 2872 possibile
3144 2803 3256 2858 Deo
3288 2807 3522 2862 amabili

1901 2891 2167 2964 episcopo
2187 2891 2451 2946 decidere
2484 2891 2804 2962 negotium,
2833 2896 2966 2948 tunc
2993 2894 3287 2951 licentiam
3312 2915 3434 2953 esse
3467 2907 3525 2956 et

1899 2985 1972 3040 ad
2017 2985 2207 3040 civiles
2244 2985 2466 3056 judices
2513 3002 2774 3057 pergere,
2803 2989 2860 3039 et
2899 2985 3210 3058 privilegiis
3251 2992 3520 3048 omnibus

1901 3078 2216 3147 custoditis,
2251 3095 2379 3150 quas
2411 3077 2901 3133 reverendissimis
2927 3079 3146 3135 clericis
3172 3099 3346 3138 sacrae
3376 3101 3521 3156 pras-

1901 3174 2052 3226 stent
2091 3171 2546 3239 constitutiones,
2579 3175 2638 3226 et
2659 3171 2906 3243 litigare,
2952 3175 3010 3227 et
3034 3175 3522 3233 examinationem

1901 3265 2046 3331 fieri,
2072 3268 2131 3319 et
2160 3265 2474 3319 terminum
2510 3265 2732 3336 imponi
2767 3265 2870 3331 liti,
2905 3269 2964 3322 et
2995 3267 3075 3321 ita
3119 3267 3362 3323 liberam
3393 3271 3518 3326 fieri

1901 3374 2153 3424 causam,
2175 3357 2502 3412 clarissimis
2505 3357 2794 3428 judicibus
2806 3358 3118 3413 secundum
3137 3366 3361 3415 nostras
3383 3379 3520 3418 con-

1901 3449 2244 3517 stitutiones,
2265 3452 2351 3504 vel
2385 3452 2541 3520 leges
2570 3449 2949 3518 studentibus,
2977 3467 3107 3504 eum
3131 3455 3521 3524 magnanimi-

1901 3545 2018 3597 tate
2046 3547 2104 3596 et
2133 3542 2404 3598 velociter
2428 3542 2553 3596 lites
2583 3541 2871 3609 decidere,
2894 3545 2960 3597 ut
2987 3559 3101 3598 non
3141 3549 3378 3616 propter
3414 3547 3518 3604 hu-

141 3646 148 3654 '
170 3655 295 3695 non
315 3642 512 3694 autem
533 3655 598 3694 ex
614 3638 885 3711 praesenti
915 3639 1064 3694 forte
1083 3640 1212 3710 lege
1239 3641 1430 3710 patres
1447 3637 1798 3694 familiarum
1893 3635 2150 3707 jusmodi
2171 3653 2369 3690 causas
2385 3635 2558 3690 sacris
2579 3639 2956 3690 amoveantur
2975 3636 3294 3709 obsequiis;
3317 3645 3522 3697 etcum

171 3732 311 3790 facti
324 3735 534 3804 essent,
549 3736 608 3787 et
622 3731 829 3788 merito
846 3731 994 3788 filios
1011 3747 1144 3788 suos
1158 3734 1288 3804 post
1303 3735 1553 3788 mortem
1569 3749 1803 3789 suorum

170 3825 486 3894 parentum
505 3821 564 3876 in
594 3824 880 3892 potestate
905 3821 1208 3891 haberent,
1228 3824 1291 3876 ut
1314 3821 1374 3876 in
1403 3821 1560 3877 nullo
1589 3839 1656 3876 ea
1674 3839 1803 3894 quas

171 3932 210 3971 a
239 3915 544 3986 majestate
565 3913 914 3987 proveniunt
929 3913 1324 3987 imperatoria,
1341 3913 1558 3986 aliquid
1577 3914 1714 3986 ipsis
1728 3914 1804 3970 vi-

173 4009 424 4064 deantur
451 4007 730 4078 adimere,
767 4023 899 4063 cum
927 4006 1206 4079 quidquid
1232 4007 1346 4064 sive
1375 4025 1405 4062 a
1451 4009 1589 4076 Deo,
1623 4009 1738 4064 sive
1769 4025 1804 4064 a

174 4102 483 4172 majestate
499 4100 867 4173 imperatoria
883 4102 1062 4157 Deum
1084 4101 1347 4156 imitante
1367 4100 1697 4159 hominibus
1717 4118 1804 4159 ac-

173 4194 350 4260 cedit,
377 4194 596 4250 bonum
617 4195 708 4263 sit,
742 4197 800 4250 et
828 4195 1030 4250 deceat
1061 4209 1182 4249 esse
1213 4207 1570 4265 mansurum,
1600 4201 1658 4253 et
1677 4211 1800 4252 om-

173 4289 267 4343 nis
294 4287 532 4343 malitiaz
557 4291 616 4342 et
634 4287 1033 4342 diminutionis
1057 4291 1416 4344 extraneum.
1443 4289 1640 4344 Palam
1667 4307 1803 4346 vero

177 4385 266 4437 est
293 4381 587 4436 neminem
612 4380 851 4436 existere
884 4380 980 4452 qui
999 4379 1230 4453 ignoret
1247 4397 1368 4454 pra:
1397 4381 1664 4438 omnibus
1692 4384 1800 4438 uti-

179 4491 293 4547 que
321 4473 760 4547 religiosissimis
788 4475 962 4530 etiam
981 4473 1262 4547 episcopis
1280 4490 1395 4530 una
1421 4491 1550 4530 cum
1579 4476 1806 4532 ordina-

1903 3733 2168 3802 oporteat
2206 3729 2380 3784 Deum
2427 3728 2659 3800 placari,
2688 3731 2745 3784 et
2771 3727 3031 3784 decentia
3061 3749 3094 3784 a
3137 3733 3526 3791 sacerdotibus

1903 3822 2016 3894 agi,
2045 3821 2343 3877 auditoriis
2373 3826 2432 3877 et
2459 3822 2688 3877 illorum
2719 3821 2895 3876 turbis
2922 3823 3309 3898 detineantur,
3351 3835 3523 3902 atque

1901 3916 2154 3970 tumultu
2179 3915 2528 3987 litigantium
2549 3915 2900 3972 inhterentes
2929 3924 3179 3976 noceant
3199 3922 3522 3981 animabus.

1903 4009 1960 4066 Si
1993 4013 2186 4064 tamen
2212 4007 2282 4064 de
2315 4009 2651 4064 criminibus
2683 4010 3115 4082 conveniantur,
3139 4015 3424 4088 siquidem
3448 4019 3523 4074 ci-

1900 4099 2126 4170 vilibus,
2149 4102 2240 4158 hic
2267 4103 2500 4174 quidem
2525 4107 2918 4176 competentes
2937 4105 3182 4177 judices,
3215 4109 3274 4164 in
3304 4112 3529 4182 provin-

1902 4195 2002 4251 ciis
2031 4199 2225 4252 autem
2254 4213 2454 4251 earum
2484 4196 2756 4268 praesides
2785 4197 2899 4252 sint
2929 4199 3186 4270 judices:
3217 4218 3334 4256 non
3367 4206 3520 4258 tran-

1903 4289 2213 4344 scendente
2243 4289 2340 4344 lite
2369 4291 2657 4344 mensium
2679 4290 2927 4344 duorum
2959 4292 3224 4361 spatium,
3244 4310 3309 4348 ex
3325 4311 3439 4366 quo
3457 4296 3522 4350 li-

1902 4383 1976 4436 tis
2001 4383 2340 4438 contestatio
2367 4383 2450 4447 fit,
2474 4387 2756 4454 quatenus
2780 4381 2963 4436 brevis
2984 4383 3316 4453 imponatur
3339 4403 3527 4444 causa

1904 4474 2206 4530 terminus.
2248 4474 2390 4530 Illud
2423 4475 2612 4546 palam
2644 4478 2748 4541 est,
2791 4474 2836 4528 si
2866 4491 3030 4530 reum
3066 4493 3188 4531 esse
3221 4481 3527 4550 provincia:

175 4567 338 4624 tione
369 4584 485 4622 suae
514 4567 814 4640 potestatis
834 4568 928 4639 jus
949 4567 1237 4624 accedere.
1259 4570 1402 4624 Nam
1431 4569 1526 4641 qui
1543 4569 1801 4624 omnium
1822 4581 1882 4654 Ι)
1902 4583 2116 4642 praeses
2149 4567 2435 4640 putaverit
2465 4584 2596 4622 eum
2637 4567 2729 4640 qui
2762 4569 3117 4637 convenitur,
3151 4575 3208 4626 et
3241 4589 3411 4644 poena
3433 4575 3525 4647 ju-

177 4661 465 4733 spiritales
491 4664 687 4734 patres
711 4665 863 4729 sunt,
887 4661 1177 4733 quomodo
1205 4661 1449 4718 aliorum
1481 4662 1668 4718 adhuc
1697 4679 1800 4736 po-

173 4755 372 4810 testati
404 4754 616 4810 subditi
642 4753 794 4810 sint?
825 4754 939 4810 Sed
968 4754 1236 4810 convenit
1272 4756 1426 4828 ipsos
1456 4771 1686 4828 quoque
1706 4756 1808 4812 tali

179 4850 406 4904 honore
434 4847 672 4919 perfrui,
706 4853 876 4920 atque
905 4849 1059 4904 hunc
1076 4865 1142 4903 ex
1171 4849 1532 4921 legislatione
1563 4851 1671 4906 hac
1709 4867 1809 4908 no-

181 4945 302 4996 stra
331 4943 580 4997 fructum
607 4941 924 5013 percipere.
964 4941 1100 5006 Qum
1130 4940 1306 5014 igitur
1344 4943 1509 4999 nobis
1536 4943 1609 5000 ad
1646 4961 1806 5000 reve-

179 5035 433 5091 rentiam
477 5035 881 5106 honoremque
906 5038 1180 5104 vestrum,
1216 5036 1554 5108 amplissimi
1597 5041 1806 5110 patres,

177 5131 542 5202 placuerunt,
572 5128 717 5184 eain
734 5131 1076 5201 perpetuum
1092 5130 1376 5197 volumus,
1401 5134 1525 5186 tum
1549 5132 1621 5186 ad
1645 5147 1813 5188 orna-

179 5229 308 5278 tum
335 5227 607 5290 vestrum,
626 5227 752 5278 tum
777 5221 852 5278 ad
867 5223 1197 5295 largitatem
1219 5227 1498 5292 nostram,
1522 5241 1695 5296 quam
1717 5241 1814 5297 pa-

180 5316 370 5371 tribus
420 5315 646 5384 nostris,
689 5315 1016 5372 consulibus
1058 5320 1118 5371 et
1147 5317 1539 5374 sacerdotibus
1569 5320 1813 5376 contuli-

183 5425 340 5476 mus,
375 5408 908 5478 demonstrandam,
941 5414 1152 5466 nostras
1183 5410 1356 5466 decus
1381 5411 1593 5467 addere
1623 5413 1812 5484 reipu-

183 5503 371 5558 blicae.
395 5502 519 5557 Dat.
539 5517 608 5560 xv
629 5503 696 5558 K.
717 5503 918 5574 April.,
940 5504 1158 5572 Const.,
1177 5504 1316 5576 imp.
1343 5505 1399 5560 d.
1423 5506 1813 5564 n.1ustin.PP.

185 5599 362 5667 Aug.,
385 5595 597 5652 Arione
627 5613 681 5653 γ.
710 5611 761 5652 c.
793 5612 948 5652 cons.

353 5819 402 5874 ‘5-

1905 4660 2179 4726 dicaverit
2197 4661 2461 4732 dignum,
2481 4661 2638 4733 prius
2659 4661 2810 4716 hunc
2830 4662 3064 4734 spoliari
3092 4681 3126 4718 a
3154 4665 3271 4721 Deo
3295 4669 3528 4725 amabili

1907 4755 2174 4828 episcopo
2206 4755 2534 4811 sacerdotali
2553 4754 2854 4827 dignitate,
2873 4760 2931 4811 et
2959 4757 3040 4812 ita
3061 4757 3166 4813 sub
3197 4760 3390 4832 legum
3406 4763 3530 4818 ﬁeri

1908 4865 2107 4904 manu.
2139 4849 2197 4905 Si
2217 4865 2352 4904 vero
2380 4847 2825 4904 ecclesiasticum
2855 4847 2924 4904 sit
2945 4849 3236 4922 delictum,
3255 4870 3432 4926 egens
3446 4874 3532 4913 ca-

1910 4943 2219 5015 stigatione
2246 4941 2627 4997 ecclesiastica
2657 4945 2716 4997 et
2743 4943 2948 5010 multa,
2976 4944 3094 5000 Deo
3121 4946 3381 5003 amabilis
3409 4951 3528 5023 epi-

1911 5051 2116 5107 scopus
2131 5035 2239 5091 hoc
2257 5035 2562 5103 discernat,
2581 5033 2720 5089 nihil
2732 5035 3286 5093 communicantibus
3299 5041 3538 5100 clarissi-

1912 5129 2021 5184 mis
2051 5128 2674 5200 provinciiejudicibus.
2703 5128 2898 5199 Neque
2927 5130 3080 5184 enim
3112 5132 3372 5190 volumus
3398 5138 3537 5195 talia

1915 5222 2145 5294 negotia
2175 5223 2412 5278 omnino
2441 5222 2582 5278 scire
2621 5221 2841 5277 sciviles
2864 5222 3105 5292 judices,
3135 5242 3265 5281 cum
3308 5236 3538 5302 oportet

1913 5316 2051 5372 talia
2066 5317 2442 5372 ecclesiastice
2461 5314 2796 5382 examinari,
2817 5319 2875 5369 et
2889 5318 3189 5374 emendari
3202 5323 3425 5380 animas
3445 5326 3538 5382 de-

1915 5410 2300 5481 linquentium
2333 5426 2434 5482 per
2459 5408 2899 5464 ecclesiasticam
2943 5413 3180 5469 multam
3225 5419 3535 5474 secundum

1918 5520 2108 5560 sacras
2138 5509 2196 5560 et
2221 5503 2441 5558 divinas
2470 5503 2718 5574 regulas,
2752 5519 2896 5576 quas
2929 5505 3103 5562 etiam
3140 5513 3348 5564 nostrae
3375 5511 3538 5582 sequi

1917 5613 2035 5653 non
2070 5597 2458 5669 dedignantur
2483 5596 2662 5668 leges.
2693 5595 2751 5654 Si
2779 5615 2912 5655 vero
2939 5599 3201 5671 quaedam
3227 5601 3382 5672 prius
3410 5618 3542 5658 con-

1921 5694 2137 5748 testata!
2176 5693 2308 5745 sunt
2346 5690 2493 5759 lites,
2540 5691 2630 5746 has
2659 5696 2928 5748 maneant
2973 5692 3032 5746 in
3071 5692 3196 5763 ipso
3227 5693 3537 5767 schemate,

1922 5787 2174 5841 velocem
2218 5783 2562 5856 accipientes
2597 5786 2798 5856 ﬁnem,
2848 5782 3111 5840 omnibus
3159 5801 3286 5856 quae
3327 5787 3451 5859 jam
3510 5811 3543 5850 a
