4056 6184
449 314 584 376 10οἹ

1582 312 1839 368 SECULI
1855 341 1862 348 -
1877 309 2074 367 SEXTI
2111 305 2668 366 SUPPLEMENTUM.

3667 301 3806 366 l008

446 427 612 483 nobis
641 426 860 482 sancita
879 428 1030 491 sunt,
1056 423 1171 479 sive
1201 437 1373 494 super
1397 419 1775 477 sanctissimis
1795 419 2070 488 ecclesiis,
2095 435 2154 508 Α
2173 419 2272 474 cia
2297 417 2541 490 praside
2569 415 2926 471 audientiam
2954 415 3369 484 accommodet,
3393 422 3451 472 et
3469 416 3700 487 utrique
3715 417 3809 470 vel

449 526 566 581 sive
591 541 762 596 super
791 525 908 578 Deo
941 519 1284 576 amabilibus
1301 516 1601 590 episcopis,
1631 517 1747 572 sive
1775 533 1944 588 super
1968 517 2076 571 cle-

450 619 600 685 ricis,
635 619 748 672 sive
788 631 958 688 super
993 613 1292 669 monachis
1333 611 1628 684 propriam
1657 611 1926 666 virtutem
1972 609 2074 664 ha-

450 711 738 768 bentibus.

521 807 638 860 Tua
680 801 857 873 igitur
895 799 1219 855 eminentia
1256 815 1384 870 qua
1429 797 1770 870 placuerunt
1803 796 1988 864 nobis,
2023 801 2081 850 et

452 913 557 970 per
574 897 724 950 hanc
737 909 962 949 sacram
983 893 1274 948 declarata
1295 894 1430 946 sunt
1443 891 1654 962 legem,
1671 906 1774 960 per
1787 905 2082 960 program-

453 991 612 1045 mate
635 987 869 1060 propria
880 986 1188 1041 manifesta
1204 985 1379 1040 faciat
1397 983 1696 1050 universis,
1719 987 1778 1036 et
1795 981 1854 1036 in
1881 998 2083 1054 perpe-

453 1087 618 1138 tuum
660 1081 888 1136 studeat
929 1078 1222 1135 custodiri.
1261 1079 1387 1132 Dat.
1427 1093 1500 1132 xv
1536 1077 1658 1130 Kal.
1697 1075 1896 1146 April.,
1929 1077 2078 1130 Con-

455 1174 790 1246 stantinop.,
823 1173 963 1244 imp.
993 1172 1051 1228 d.
1082 1190 1138 1227 n.
1165 1171 1372 1228 Justin.
1393 1171 1497 1225 PP.
1523 1172 1693 1240 Aug.,
1721 1169 1932 1224 Arione
1957 1185 2010 1224 v.
2029 1184 2078 1223 c.

457 1283 614 1324 com“
970 1335 1288 1390 NOVELLA
1314 1327 1588 1389 Lxxxv1.‘

665 1432 1017 1475 IMPERATORIS
1048 1432 1351 1472 JUSTINIANI
1377 1430 1608 1470 AUGUSTI
1635 1427 1888 1470 EDICTUM.

466 1515 535 1569 Ut
557 1511 839 1583 prasidcs,
869 1513 968 1583 qui
990 1510 1390 1583 interpellantsz
1429 1509 1668 1583 attegata
1697 1505 1900 1583 audire
1912 1503 2080 1583 Δειίῄνιιεέ

531 1576 682 1644 runt,
713 1576 1104 1649 compellantur
1125 1576 1199 1634 “id
1223 1583 1406 1646 facere
1430 1580 1498 1633 ab
1537 1579 1812 1647 episcopis.
1855 1578 1924 1630 Et
1951 1581 2014 1649 ut
2038 1576 2088 1649 si

2177 511 2463 566 amicabili
2500 509 2895 565 conciliatione
2937 513 3307 564 controversa
3338 509 3684 580 transigant,
3717 509 3810 563 vel

2177 621 2282 676 per
2293 604 2733 659 annotationem
2752 603 2959 674 scripto
2974 603 3472 676 comprehensam,
3491 605 3592 656 aut
3612 601 3810 673 cogni-

2177 698 2470 752 tionaliter
2498 697 2820 767 disceptent
2848 712 2918 750 ea
2950 695 3019 750 de
3049 696 3255 767 quibus
3297 695 3445 750 inter
3483 695 3808 766 litigatores

2179 791 2469 846 contentio
2495 794 2598 858 est,
2625 793 2683 844 et
2709 805 2894 844 causa
2923 789 3173 843 formam
3201 789 3341 842 dent
3352 788 3472 859 juri
3501 792 3558 842 et
3579 787 3808 858 legibus

2180 883 2639 950 convenientem,
2677 899 2750 936 ne
2789 899 2894 954 per
2935 881 3270 952 hujusmodi
3318 897 3552 936 causam
3595 880 3814 936 subditi

2179 976 2361 1031 nostri
2411 993 2516 1030 sua
2553 978 2834 1046 cogantur
2863 973 3136 1029 excedere
3182 974 3386 1044 patria.
3421 974 3710 1029 Caeterum
3763 974 3816 1026 si

2183 1068 2310 1140 quis
2324 1071 2480 1123 ratus
2493 1069 2951 1140 qualemcunque
2963 1084 3022 1122 se
3037 1067 3308 1121 adversus
3324 1067 3578 1138 aliquem
3590 1066 3815 1120 habere

2183 1163 2494 1230 actionem,
2526 1177 2714 1232 neque
2745 1161 3130 1216 clarissimum
3163 1160 3462 1232 provincia
3497 1159 3818 1232 prasidem

2181 1255 2370 1322 adeat,
2420 1271 2615 1327 neque
2663 1255 2990 1326 alloquatur
3033 1253 3526 1325 religiosissimum
3571 1252 3821 1308 civitatis

2187 1348 2534 1420 episcopum,
2557 1351 2728 1419 atque
2771 1347 2844 1402 ita
2873 1347 3280 1418 progrediatur
3308 1347 3420 1402 huc
3451 1348 3573 1402 sine
3607 1347 3822 1401 litteris

2183 1441 2597 1512 religiosissimi
2623 1441 2895 1514 episcopi,
2920 1445 3110 1495 certus
3129 1445 3251 1496 esto
3269 1440 3500 1496 easdem
3527 1457 3587 1495 se
3613 1455 3824 1512 poenas

2183 1533 2507 1589 subiturum
2533 1550 2675 1604 quas
2695 1533 3055 1588 sustinuisset
3068 1550 3299 1604 prases,
3315 1535 3362 1588 si
3374 1533 3446 1588 ab
3463 1533 3587 1605 ipso
3599 1533 3821 1602 aditus,

973 1626 1478 1720 ,"wgeguggjgeg
1510 1626 1942 1724 ίητέδὸῆξάδηξῂι
1959 1626 2086 1724 ﬁt;sz
2178 1626 2274 1724 jus
2303 1627 2383 1681 illi
2411 1643 2578 1682 suum
2609 1627 2757 1682 tueri
2786 1643 2906 1682 non
2935 1626 3267 1682 studuisset.
3301 1627 3430 1682 Hac
3459 1630 3654 1680 autem
3683 1642 3822 1680 om-

532 1719 790 1780 szhibeat
811 1719 1075 1792 societque
1101 1724 1262 1775 etiam
1281 1723 1518 1775 civitatis
1537 1721 1860 1792 episcOpum.
1876 1719 2007 1792 item
2026 1719 2088 1770 ut

2186 1720 2284 1774 nia
2309 1720 2533 1775 sancire
2555 1720 2740 1775 visum
2769 1724 2857 1775 est
2878 1722 3118 1792 propter
3147 1736 3348 1776 eorum
3379 1719 3690 1774 utilitatem
3716 1719 3826 1789 qui

533 1795 630 1886 qqi
665 1811 700 1848 a
731 1789 1343 1886 prasjide'oﬂ'e‘nsionem
1375 1793 1677 1886 patiuntur
1711 1793 1762 1842 et
1804 1789 2084 1886 iniuriam,

2198 1813 2355 1869 urbes
2375 1817 2434 1868 et
2459 1830 2641 1886 pagos
2659 1789 2940 1884 incolunt,
2975 1789 3047 1868 ne
3065 1812 3111 1867 si
3131 1813 3346 1885 patrias
3370 1829 3500 1868 suas
3526 1811 3824 1878 deserant,

533 1860 752 1920 ἆάεαηῐ
763 1879 826 1917 ea
855 1863 920 1916 de
939 1877 996 1916 re
1022 1863 1345 1931 episcopum.
1367 1863 1544 1930 Deque
1573 1861 1688 1914 alia
1711 1860 1954 1931 cautela,
1971 1873 2091 1928 qua

533 1935 603 1990 ab
631 1935 891 2004 episcopis
925 1929 1138 1987 omnino
1173 1929 1530 1994 corroborari,
1565 1932 1685 2000 ﬁeri
1710 1945 1834 1984 vero
1867 1929 2022 1984 debet
2055 1944 2092 1983 a

527 2004 874 2077 praesidibus.

531 2098 608 2152 Ex
641 2113 754 2168 quo
787 2098 933 2152 Deus
964 2113 1069 2152 nos
1099 2097 1495 2165 Romanorum
1533 2093 1790 2166 prafecit
1822 2093 2089 2165 imperio,

466 2207 696 2262 semper
721 2207 949 2245 summo
964 2189 1332 2244 elaboramus
1346 2188 1557 2256 studio,
1577 2191 1640 2242 ut
1659 2187 1859 2243 omnia
1875 2203 2004 2258 qua
2019 2185 2094 2241 ad

464 2283 826 2340 subditorum
849 2300 883 2336 a
903 2283 1016 2338 Deo
1045 2282 1210 2338 nobis
1233 2281 1576 2338 concredita
1596 2279 1922 2351 reipublicae
1949 2279 2094 2334 utili-

463 2380 645 2431 tatem
658 2376 903 2431 tcndunt
919 2393 1176 2446 agamus,
1192 2391 1544 2447 agamusque
1563 2374 1662 2428 illa
1675 2391 1802 2445 qua
1816 2373 1972 2428 omni
1995 2390 2094 2428 eos

468 2467 826 2537 difﬁcultate,
844 2469 1077 2524 lasione
1097 2469 1462 2523 etattritione
1479 2467 1746 2536 liberent,
1770 2483 1842 2520 ne
1867 2467 2094 2536 quando

465 2578 572 2634 per
600 2578 828 2616 causam
849 2561 1036 2616 litium
1067 2565 1125 2615 et
1150 2562 1260 2616 alia
1285 2560 1618 2632 hujusmodi
1635 2577 1665 2614 e
1693 2577 1793 2614 sua
1817 2563 2097 2630 cogantur

464 2655 743 2726 proficisci
776 2655 984 2726 patria,
1009 2658 1066 2709 et
1086 2654 1144 2709 in
1168 2655 1477 2725 peregrino
1505 2655 1626 2708 solo
1652 2653 1894 2708 miseriis
1920 2652 2091 2707 affici.

466 2749 786 2820 Eapropter
813 2752 871 2802 et
899 2748 958 2802 in
989 2748 1295 2818 prasentia
1326 2747 1509 2801 visum
1539 2746 1707 2802 nobis
1735 2751 1821 2800 est
1844 2763 2096 2816 prasens

467 2841 718 2898 edictum
738 2841 796 2896 in
819 2841 1142 2895 universam
1171 2841 1397 2912 imperii
1428 2840 1608 2896 nostri
1637 2839 1914 2894 ditionem
1937 2839 2098 2894 emit-

465 2937 610 3002 tere,
645 2940 701 2988 et
729 2933 992 2990 omnium
1024 2935 1316 2988 civitatum
1345 2950 1411 2988 ac
1441 2949 1725 3004 pagorum
1754 2933 1955 2988 incolis
1981 2933 2093 2987 cla-

469 3043 600 3082 rum
616 3028 830 3082 facere:
855 3043 1064 3098 nempe
1090 3027 1137 3080 si
1155 3027 1280 3098 quis
1301 3043 1430 3081 cum
1449 3027 1631 3082 altero
1647 3027 1859 3080 habeat
1875 3030 2100 3081 contro-

469 3118 736 3184 versiam,
765 3119 879 3174 sive
909 3119 980 3173 de
1011 3119 1344 3190 pecuniaria
1371 3136 1560 3186 causa,
1584 3119 1697 3173 sive
1721 3119 1875 3190 quod
1900 3136 1990 3174 res
2017 3119 2098 3174 illi

471 3211 716 3268 mobiles
746 3212 996 3283 abrepta
1008 3212 1140 3279 sint,
1163 3213 1252 3266 vel
1274 3211 1350 3266 im
1361 3213 1623 3276 mobiles,
1645 3213 1731 3267 vel
1747 3213 1961 3284 seipsas
1979 3229 2099 3268 mo-

469 3308 688 3372 ventes,
725 3305 839 3360 sivc
871 3304 942 3360 de
972 3304 1384 3372 criminalibus,
1416 3309 1479 3360 ut
1504 3305 1660 3376 prius
1687 3323 1757 3360 ea
1782 3306 1853 3360 de
1889 3323 1952 3360 re
1979 3307 2096 3361 cla-

471 3397 764 3454 rissimum
796 3397 1104 3470 provincia
1133 3398 1440 3469 praesidem
1467 3398 1654 3466 adeat,
1695 3415 1808 3471 quo
1831 3400 2016 3472 magis
2043 3404 2101 3455 et

471 3491 560 3547 his
577 3508 704 3564 qua
731 3492 788 3547 in
811 3491 978 3546 litem
997 3492 1346 3559 referuntur,
1366 3491 1682 3546 secundum
1697 3493 1856 3564 leges
1877 3497 2101 3548 nostras

473 3580 958 3641 examinationem
975 3584 1326 3656 interponat,
1348 3589 1406 3639 et
1420 3585 1622 3657 cuique
1631 3585 1726 3656 jus
1743 3601 1910 3640 suum
1922 3603 2103 3641 reser-

469 3682 585 3734 vet.
627 3678 684 3734 Si
710 3694 841 3733 vero
869 3677 1074 3749 aliquis
1105 3694 1234 3733 cum
1265 3677 1572 3749 provincia
1600 3678 1906 3750 praesidem
1929 3680 2099 3735 adiis-

2191 1910 2250 1961 et
2271 1907 2379 1978 ipsi
2405 1906 2464 1960 in
2491 1907 2801 1979 peregrino
2827 1907 2947 1961 solo
2977 1906 3331 1977 afﬂigantur,
3360 1909 3419 1960 et
3454 1905 3692 1960 interim
3727 1921 3830 1960 res

2192 2017 2395 2055 eorum
2415 1999 2715 2054 familiaris
2748 2015 2977 2071 pessum
3003 2002 3114 2054 eat.
3144 2001 3456 2070 Propterea
3487 1999 3645 2053 enim
3685 2014 3822 2052 ma-

2193 2093 2462 2164 gistratus
2477 2093 2652 2164 gratis
2665 2093 3081 2160 constituimus,
3096 2096 3155 2147 et
3159 2093 3182 2163 j
3191 2092 3274 2162 usj
3283 2092 3568 2147 urandum
3580 2091 3836 2162 insuper

2192 2191 2345 2262 ipsos
2378 2187 2568 2243 subire
2587 2187 2876 2258 jubemus,
2900 2189 2961 2240 ut
2980 2185 3292 2256 unicuique
3308 2185 3464 2256 ipsos
3484 2185 3744 2248 adeunti,
3770 2184 3840 2238 id

2194 2282 2347 2355 quod
2366 2282 2586 2352 justum
2615 2283 2720 2342 est,
2748 2277 3064 2334 secundum
3088 2278 3246 2349 leges
3275 2283 3498 2332 nostras
3523 2283 3839 2332 tueantur.

2193 2379 2369 2432 Porro
2391 2374 2437 2429 si
2451 2373 2751 2444 contingat
2771 2371 3127 2426 subditorum
3142 2374 3474 2426 nostrorum
3496 2371 3766 2440 aliquem
3803 2386 3843 2423 a

2193 2468 2507 2524 clarissimo
2537 2465 2843 2538 provincia
2862 2465 3103 2536 praside
3125 2464 3338 2536 injuria
3361 2464 3535 2531 afﬁci,
3549 2463 3847 2533 jubemus

2192 2567 2260 2618 ut
2276 2559 2719 2632 religiosissima
2743 2557 2983 2613 civitatis
3003 2557 3152 2612 illius
3165 2557 3500 2629 episcopum
3513 2555 3708 2623 adeat,
3731 2557 3848 2627 qui

2195 2656 2344 2710 inter
2373 2653 2752 2709 clarissimum
2781 2651 3088 2723 prasidem
3125 2652 3392 2722 interque
3422 2667 3555 2706 eum
3582 2649 3686 2720 qui
3720 2649 3848 2703 sibi

2196 2749 2268 2804 ab
2287 2749 2414 2820 ipso
2433 2748 2650 2801 illatam
2663 2749 2824 2817 putat
2843 2745 2920 2816 inj
2929 2746 3114 2800 uriam
3130 2745 3426 2816 disceptet.
3440 2748 3520 2798 Ac
3535 2742 3848 2814 siquidem

2197 2843 2490 2912 contingat
2513 2839 2819 2911 prasidem
2847 2855 2882 2892 a
2916 2837 3348 2909 religiosissima
3375 2837 3648 2908 episcopo
3685 2835 3849 2906 legi-

2195 2935 2338 2990 time
2368 2937 2470 2988 aut
2477 2933 2632 3004 juste
2648 2931 3045 2999 condemnari,
3065 2931 3224 2986 omni
3245 2929 3422 2985 modo
3445 2930 3496 2984 ei
3517 2928 3616 3000 qui
3641 2928 3718 2982 de
3743 2929 3848 2982 in-

2190 3029 2344 3100 juria
2357 3027 2545 3098 ipsum
2558 3025 2879 3098 postulavit,
2899 3024 3227 3086 satisfaciat.
3247 3024 3304 3080 Si
3324 3023 3382 3077 id
3399 3023 3588 3077 facere
3613 3037 3852 3093 praeses

2196 3123 2441 3188 recuset,
2461 3136 2642 3191 eaque
2654 3135 2825 3174 causa
2835 3118 2908 3174 ad
2929 3135 3036 3173 nos
3051 3115 3663 3190 perveniat,siquidem
3675 3115 3850 3169 inve-

2198 3214 2454 3270 nerimus
2475 3213 2630 3284 juste
2651 3212 2836 3283 ipsum
2854 3212 3171 3267 secundum
3188 3211 3346 3282 leges
3373 3213 3600 3264 nostras
3628 3225 3665 3262 a
3693 3207 3846 3262 reli-

2199 3307 2522 3380 giosissimo
2553 3305 2820 3378 episcopo
2848 3306 3293 3360 condemnatum
3317 3303 3574 3398 judice/ta
3601 3318 3723 3356 non
3757 3301 3850 3355 fe-

2199 3401 2362 3468 cisse,
2379 3399 2576 3454 ultimo
2589 3399 2741 3453 hunc
2751 3398 3027 3470 supplicio
3047 3397 3211 3452 subdi
3221 3397 3572 3468 jubebimus,
3587 3398 3845 3466 propter

2201 3511 2271 3550 ea
2299 3492 2455 3564 quod
2492 3509 2624 3546 cum
2658 3491 2800 3546 alios
2835 3491 3046 3562 injuria
3089 3506 3392 3562 oppressos
3429 3488 3726 3542 vindicare
3780 3490 3844 3541 et

2202 3587 2514 3642 defendere
2536 3584 2844 3653 debuisset,
2872 3584 2994 3656 ipse
3017 3583 3228 3654 injuria
3253 3582 3605 3655 oppressisse
3627 3580 3846 3651 depre—

2201 3680 2415 3734 hensus
2435 3679 2526 3734 sit.
2547 3679 3059 3748 Obtemperantem
3080 3693 3310 3748 quoque
3331 3676 3416 3730 illi
3432 3675 3761 3741 cohortem,
3781 3677 3846 3727 et

474 3775 581 3837 set,
628 3772 724 3842 jus
773 3787 940 3826 suum
988 3787 1106 3826 non
1156 3771 1428 3840 obtinuit,
1458 3775 1595 3826 tunc
1618 3771 1892 3842 jubemus
1931 3776 1994 3827 ut
2027 3773 2102 3828 ad
2203 3773 2531 3844 quicunque
2551 3771 2878 3834 clarissimis
2897 3769 3236 3843 praesidibus
3253 3769 3313 3824 in
3330 3768 3660 3824 ministerio
3675 3770 3840 3832 sunt,

473 3862 971 3934 religiosissimum
1002 3864 1124 3934 ejus
1163 3863 1274 3919 loci
1313 3865 1642 3936 episcopum
1687 3865 1940 3934 accedat,
1973 3870 2032 3921 et
2057 3867 2104 3922 is
2197 3865 2468 3936 jubemus
2495 3868 2558 3919 ut
2575 3864 2784 3920 horum
2811 3864 2940 3918 lites
2971 3863 3069 3935 qui
3088 3863 3250 3918 illum
3276 3862 3496 3917 adeunt
3521 3859 3722 3914 dirimi
3747 3860 3837 3914 fa-

477 3955 551 4012 ad
572 4014 579 4021 ,
601 3956 982 4011 clarissimum
1031 3956 1340 4027 provincia
1385 3958 1693 4028 prasidem
1739 3959 1951 4029 mittat,
2007 3965 2106 4017 aut
2205 3959 2378 4028 ciant,
2408 3957 2552 4013 nihil
2583 3957 2929 4029 accipientes
2967 3958 3116 4012 ultra
3143 3972 3214 4011 ea
3240 3971 3370 4026 qua
3401 3954 3614 4010 nostris
3644 3953 3840 4008 conti-

477 4048 649 4104 etiam
691 4064 796 4120 per
831 4065 891 4103 se
923 4049 1043 4120 ipse
1093 4049 1516 4120 progrediatur,
1549 4053 1608 4105 et
1651 4056 1939 4123 procuret,
1991 4071 2105 4124 quo
2205 4055 2418 4107 nentur
2433 4051 2944 4107 constitutionibus.
2972 4050 3031 4106 Si
3051 4066 3184 4106 vero
3207 4049 3330 4104 hac
3347 4065 3468 4104 non
3486 4045 3840 4112 custodiant,

479 4141 669 4198 modis
692 4141 964 4197 omnibus
989 4141 1302 4197 adeuntem
1329 4143 1544 4212 audiat,
1576 4148 1634 4198 et
1641 4145 1793 4214 juste
1814 4162 1946 4200 eum
1962 4147 2102 4202 libe-

477 4239 568 4291 ret
593 4234 909 4290 secundum
940 4239 1166 4292 nostras
1193 4236 1368 4308 leges,
1392 4253 1465 4290 ne
1497 4242 1735 4309 cogatur
1762 4255 2002 4312 peregre
2033 4241 2104 4296 de

479 4347 583 4385 sua
603 4329 882 4402 proficisci
917 4328 1120 4401 patria.

549 4423 754 4479 Sivero
775 4423 948 4478 etiam
970 4423 1328 4479 sanctissimo
1349 4423 1616 4496 episcopo
1632 4424 1936 4497 prasidem
1956 4444 2108 4484 com-

479 4517 752 4588 pellente,
769 4515 1143 4571 nihilominus
1164 4533 1378 4589 prases
1397 4519 1713 4573 secundum
1721 4519 1817 4590 jus
1834 4520 2106 4576 dirimere

481 4609 818 4664 adeuntium
853 4609 1088 4681 negotia
1135 4610 1381 4679 differat,
1417 4615 1516 4666 aut
1555 4611 1833 4684 disceptet
1873 4615 2109 4686 quidem

481 4703 949 4772 controversiam,
981 4720 1099 4758 non
1128 4719 1260 4760 vero
1291 4704 1413 4774 ejus
1443 4722 1504 4760 se
1523 4704 1740 4776 judicio
1763 4707 2107 4778 permitten-

480 4795 633 4851 tibus
665 4799 897 4852 tueatur
917 4795 1013 4867 jus
1059 4813 1245 4865 suum,
1285 4798 1648 4870 pracipimus
1675 4800 2106 4872 religiosissima

479 4889 635 4945 illius
667 4889 908 4945 civitatis
950 4890 1214 4962 episcopo
1245 4895 1308 4945 ut
1336 4891 1387 4946 ei
1417 4891 1514 4964 qui
1535 4893 1632 4964 jus
1663 4911 1829 4950 suum
1860 4913 1978 4951 non
2005 4896 2107 4952 ob-

480 4981 654 5038 tinuit
697 4982 794 5038 det
821 4982 894 5037 ad
924 4999 1030 5038 nos
1056 4983 1296 5052 litteras,
1331 5001 1458 5055 qua
1497 4985 1789 5042 declarent
1813 4989 1968 5059 quod
1997 4989 2108 5044 im-

481 5075 679 5147 pulsus
699 5075 770 5130 ab
782 5075 908 5148 ipso
925 5093 1140 5148 prases
1153 5077 1467 5134 adeuntem
1483 5079 1702 5150 audire,
1723 5083 1780 5136 et
1798 5098 1923 5153 qua
1939 5082 2112 5138 inter-

483 5165 673 5240 ipsum
703 5171 761 5222 et
786 5169 1031 5224 alterum
1058 5169 1328 5226 adversus
1354 5188 1529 5243 quem
1555 5174 1978 5230 accusationem
2009 5177 2108 5232 ha-

483 5260 582 5316 bet
607 5265 1104 5317 controvertantur
1124 5263 1439 5336 disceptare
1463 5264 1707 5334 differat,
1725 5270 1787 5322 ut
1812 5285 1936 5338 nos,
1957 5269 2111 5326 hisce

485 5354 750 5426 cognitis,
777 5355 1081 5426 provincia
1111 5356 1340 5428 prasidi
1385 5359 1711 5430 irrogemus
1745 5363 2108 5436 supplicium,

485 5467 551 5504 eo
581 5447 736 5520 quod
765 5451 823 5502 et
848 5447 918 5502 ab
935 5445 1144 5520 injuria
1167 5450 1370 5506 affecto
1391 5452 1599 5520 aditus,
1620 5457 1679 5508 et
1703 5471 1737 5508 a
1763 5456 2113 5526 religiosissi-

485 5558 580 5597 mo
596 5542 862 5614 episcopo
875 5541 946 5594 ad
967 5541 1022 5595 id
1041 5540 1366 5612 inclinatus,
1382 5550 1747 5603 controversa
1768 5566 1881 5604 non
1901 5550 2114 5623 discep-

487 5634 706 5688 taverit.
737 5632 898 5698 Quod
921 5633 968 5687 si
984 5648 1088 5687 usu
1103 5631 1297 5688 veniat
1319 5639 1380 5688 ut
1401 5643 1729 5697 nostrorum
1751 5642 2112 5700 subditorum

485 5726 687 5794 aliquis
714 5725 1012 5795 prasidem
1040 5729 1365 5796 suspectum
1395 5728 1624 5800 habeat,
1647 5733 1918 5802 jubemus
1943 5741 2005 5792 ut
2030 5755 2114 5793 re-

487 5814 883 5886 ligiosissimus
909 5817 1208 5890 episcopus
1241 5835 1351 5872 una
1379 5836 1510 5876 cum
1536 5821 1848 5881 clarissimo
1878 5831 2109 5898 provin-

2206 4144 2372 4200 subdi
2390 4144 2665 4216 jubemus
2695 4143 3005 4216 suppliciis.

2275 4238 2438 4293 Certe
2459 4237 2504 4292 si
2521 4254 2696 4309 quem
2722 4235 3288 4308 religiosissimorum
3315 4234 3720 4306 episcoporum
3741 4233 3842 4288 de-

2205 4331 2706 4405 prehenderimus,
2735 4331 2793 4385 in
2823 4330 3072 4401 gratiam
3096 4329 3352 4400 alicujus,
3375 4332 3760 4383 contemnere
3777 4326 3839 4381 id

2209 4424 2365 4497 quod
2381 4425 2570 4480 facere
2579 4423 2802 4496 justum
2820 4427 2924 4494 est,
2940 4422 3278 4478 canonicam
3293 4422 3374 4476 illi
3389 4421 3835 4492 castigationem

2207 4519 2410 4574 inferri
2421 4519 2711 4590 jubemus,
2740 4534 2855 4590 quo
2878 4516 3066 4588 magis
3085 4533 3216 4572 cum
3242 4517 3452 4570 timore
3469 4516 3568 4570 Dei
3577 4515 3734 4585 juste
3748 4514 3839 4583 ju-

2209 4613 2400 4668 dicare
2427 4612 2708 4680 studeant,
2741 4629 2814 4666 ne
2845 4611 2890 4666 si
2921 4611 3016 4681 jus
3053 4626 3222 4665 suum
3249 4609 3520 4664 homines
3546 4624 3668 4663 non
3694 4607 3838 4662 obii.

2207 4709 2405 4776 neant,
2442 4709 2725 4778 cogantur
2753 4705 3020 4760 deserere
3045 4720 3175 4758 suas
3203 4703 3394 4771 urbes,
3425 4701 3754 4774 provincias
3773 4717 3838 4756 ac

2210 4801 2375 4856 sedes
2403 4803 2462 4854 et
2501 4801 2614 4855 huc
2643 4815 2960 4855 accurrere.
3000 4800 3064 4854 In
3102 4797 3308 4869 quibus
3335 4812 3474 4852 vero
3513 4795 3840 4850 civitatibus

2209 4893 2481 4967 prasides
2513 4897 2724 4966 praesto
2753 4910 2874 4948 non
2897 4895 3050 4961 sunt,
3075 4891 3368 4963 jubemus,
3407 4893 3470 4944 ut
3489 4888 3589 4960 qui
3617 4887 3837 4959 aliquid

2211 4988 2613 5044 controversia
2662 4987 2896 5055 habent,
2931 4986 2993 5040 hi
3019 4984 3230 5040 adeant
3265 4984 3668 5048 defensorem,
3695 4984 3755 5035 et
3796 4981 3841 5034 is

2213 5081 2490 5154 disceptet
2517 5099 2645 5154 qua
2673 5081 2824 5136 inter
2853 5081 3006 5153 ipsos
3041 5080 3568 5135 controvertantur.
3597 5073 3768 5140 Quod
3791 5075 3836 5128 si

2211 5175 2311 5247 qui
2333 5191 2468 5231 cum
2493 5176 2655 5231 litem
2679 5175 2916 5242 habent,
2937 5189 3054 5230 non
3079 5172 3470 5237 defensorem,
3491 5169 3592 5224 sed
3614 5168 3840 5238 religio-

2211 5269 2499 5325 sissimum
2517 5269 2780 5340 judicare
2798 5269 2979 5324 velint
2996 5267 3348 5340 episcopum,
3365 5264 3646 5336 jubemus
3662 5265 3720 5316 et
3732 5261 3837 5315 hoc

2211 5363 2356 5418 fieri.

2254 5436 2267 5447 1
2283 5455 2397 5512 Sed
2409 5471 2596 5528 neque
2611 5455 2984 5524 monachum,
3000 5471 3188 5526 neque
3201 5453 3496 5520 clericum,
3519 5467 3708 5522 neque
3726 5448 3837 5519 epi-

2211 5565 2451 5621 scopum
2487 5549 2760 5620 jubemus
2798 5550 2910 5604 huc
2958 5547 3230 5604 accedere
3263 5546 3387 5601 sine
3425 5541 3834 5616 religiosissimi

2211 5643 2553 5714 patriarcha
2572 5643 2656 5697 sui
2673 5642 2894 5710 litteris,
2910 5645 3010 5697 aut
3025 5639 3164 5696 certi
3181 5643 3353 5694 sunto
3371 5637 3528 5710 quod
3544 5634 3834 5707 religionis

2212 5735 2412 5790 habitu
2437 5752 2496 5790 se
2509 5735 2782 5808 indignos
2795 5735 3025 5792 facient.
3048 5735 3335 5789 Praterea
3359 5732 3406 5786 si
3427 5730 3554 5802 quis
3570 5727 3838 5798 magistc.L

2213 5829 2429 5902 rianus,
2460 5833 2559 5887 aut
2593 5830 3012 5907 praefectianus,
3045 5831 3144 5884 aut
3175 5826 3565 5899 cujuscunque
3606 5820 3838 5878 tandem
