4056 6184
223 256 352 324 4009

1075 257 1440 325 ΙυδΤΙΝΙΑΝΙ
1476 262 1809 326 ΝονειιιΕ
1848 270 2185 328 ΒΕΕΕΟΤιΕ.
2225 268 2535 333 NOVELLA
2573 271 2702 335 CIX.

3432 282 3568 342 i010

218 375 475 438 fortuna,
499 369 808 442 ampliores
821 372 1104 443 sportulas
1118 388 1292 444 quam
1315 374 1488 429 sacris
1518 376 1724 431 nostris
1739 376 1833 431 de-
1854 391 2022 464 Asos
2049 379 2120 433 ab
2147 381 2278 436 ovili
2303 383 2402 437 Dei
2449 391 2778 458 segregant,
2819 387 3046 459 quando
3084 387 3318 461 quidem
3342 386 3568 462 justum

216 465 384 521 ﬁnita
421 466 555 519 sunt
591 464 1094 520 constitutionibus
1126 467 1429 538 acceperit,
1462 468 1734 539 jubemus
1772 472 1836 525 ut

218 575 421 631 prases
455 557 764 630 provincia
791 575 891 613 suo
911 559 1166 630 periculo
1185 560 1500 615 secundum
1516 562 1708 634 legem
1731 579 1835 617 no-

216 655 389 707 stram
424 651 612 707 modis
624 651 889 705 omnibus
913 653 1022 707 hoc
1036 652 1305 723 vindicet,
1321 656 1379 708 et
1405 654 1837 725 castigationem

218 745 300 799 his
325 745 423 816 qui
454 744 589 799 talia
617 746 1089 816 prasumpserint
1113 745 1343 802 inferat.
1391 747 1448 802 Si
1477 764 1688 818 prases
1718 767 1836 804 non

216 837 595 906 vindicaverit,
649 837 941 893 licentiam
982 839 1188 893 damus
1220 839 1646 911 religiosissime
1688 842 1836 897 illius

218 930 455 986 civitatis
497 930 785 1002 episcopo,
827 931 1100 986 certiores
1124 949 1231 987 nos
1274 933 1343 987 de
1358 933 1446 987 his
1485 934 1751 1002 reddere,
1780 938 1839 990 et

218 1025 440 1096 qualem
475 1027 759 1094 praterea
783 1023 1046 1079 militiam
1077 1028 1176 1080 aut
1194 1026 1532 1096 dignitatem
1558 1027 1766 1082 habeat
1792 1028 1838 1083 is

155 1150 184 1187 ι
217 1116 309 1189 qui
329 1117 453 1171 hac
472 1117 857 1189 praesumpsit,
889 1118 1151 1189 adjicere,
1184 1122 1247 1174 ut
1275 1122 1331 1173 et
1355 1120 1582 1192 prasidi
1610 1121 1838 1193 pericu-

214 1210 325 1264 lum
350 1211 695 1282 irrogemus,
739 1211 838 1282 qui
877 1211 998 1265 hac
1035 1212 1390 1282 concesserit,
1438 1216 1495 1268 et
1525 1214 1841 1285 jussionem

215 1308 461 1358 nostram
490 1303 825 1374 despexerit,
857 1309 914 1359 et
931 1304 1119 1375 ipsum
1138 1306 1238 1378 qui
1259 1306 1392 1361 talia
1415 1309 1843 1380 praesumpserit

208 1396 504 1468 jubeamus
527 1396 679 1451 afﬁci
706 1397 1002 1468 supplicio.

788 1518 1096 1601 NOVELLA
1130 1546 1256 1603 (31x.

592 1642 665 1694 De
695 1640 1011 1695 mulieribus
1038 1640 1144 1709 ﬁde
1172 1641 1456 1697 haereticis.

275 1775 592 1844 Imperator
615 1772 959 1827 Justinianus
986 1774 1276 1844 Augustus
1309 1773 1508 1828 Joanni
1554 1774 1837 1846 gloriosis-
1860 1752 1917 1825 Β

210 1867 345 1921 sime
403 1865 775 1921 Orientalium
829 1867 1230 1937 pratoriorum
1265 1867 1533 1938 prafecto
1558 1909 1572 1937 ,
1630 1867 1841 1924 iterum

210 1959 509 2014 exconsule
532 1958 814 2014 ordinario
841 1964 897 2013 et
920 1959 1179 2030 patricio.

274 2052 517 2108 Unicum
560 2052 722 2106 nobis
762 2053 1040 2107 auxilium
1082 2069 1186 2123 per
1227 2070 1393 2109 omne
1435 2053 1843 2110 administrata

205 2145 537 2219 reipublica
565 2145 821 2217 gestique
850 2162 883 2199 a
926 2145 1089 2200 nobis
1124 2146 1349 2218 imperii
1390 2151 1634 2219 tempus,
1683 2165 1842 2219 spem

205 2246 263 2299 in
294 2246 477 2299 Deum
504 2260 623 2298 esse
648 2243 986 2298 conﬁdimus
1016 2260 1029 2297 :
1064 2243 1306 2298 scientes
1342 2245 1493 2316 quod
1532 2245 1640 2299 hoc
1680 2246 1843 2299 nobis

205 2338 381 2409 ipsius
410 2337 581 2391 etiam
607 2337 812 2391 anima
840 2338 1081 2391 salutem
1100 2337 1371 2408 praebeat.
1403 2338 1558 2393 Unde
1584 2339 1844 2394 convenit

204 2436 266 2486 ut
290 2437 349 2487 et
395 2430 775 2502 legislationes
817 2436 1041 2485 nostras
1083 2430 1288 2485 exinde
1324 2431 1629 2503 pendeant,
1676 2436 1733 2487 et
1775 2448 1840 2487 eo

205 2524 525 2597 respiciant,
556 2529 610 2579 et
637 2525 746 2579 hoc
787 2540 984 2579 eorum
1020 2524 1364 2596 principium
1393 2524 1595 2593 simul,
1626 2528 1683 2579 et
1716 2541 1838 2580 me-

205 2619 388 2686 dium,
425 2622 596 2689 atque
622 2617 752 2672 ﬁnis
781 2617 873 2673 sit.

273 2713 489 2768 Omnes
528 2713 707 2783 igitur
729 2714 1014 2767 noverunt
1042 2711 1193 2783 quod
1226 2710 1323 2783 qui
1355 2714 1486 2766 ante
1517 2728 1619 2767 nos
1650 2712 1838 2784 impe-

202 2808 355 2861 rium
386 2810 677 2874 rexerunt,
722 2809 777 2861 et
815 2805 1062 2859 maxime
1106 2805 1215 2859 Leo
1261 2805 1373 2875 pia
1415 2806 1738 2872 memoria,
1787 2810 1843 2861 et

204 2900 615 2956 sacratissimus
638 2899 900 2970 princeps
924 2898 1175 2953 Justinus
1198 2902 1359 2969 pater
1379 2900 1590 2966 noster,
1618 2899 1678 2953 in
1705 2916 1839 2954 con-

201 2994 591 3050 stitutionibus
634 2993 750 3047 suis
786 2992 847 3047 in
884 2992 1215 3046 universum
1259 2992 1522 3046 omnibus
1560 2993 1842 3047 hareticis

199 3087 622 3152 interdixerint,
648 3102 721 3141 ne
746 3102 921 3158 quam
947 3085 1053 3156 ipsi
1072 3086 1159 3139 vel
1187 3085 1448 3140 militiam
1464 3091 1837 3158 capesserent,

199 3182 283 3236 vel
304 3182 371 3235 in
395 3180 638 3251 publicis
668 3178 1137 3234 sollicitudinibus
1165 3179 1344 3233 ullam
1379 3180 1842 3234 communionem

202 3275 483 3330 haberent
511 3290 524 3327 :
553 3274 862 3344 quominus
888 3272 1174 3326 occasione
1191 3277 1313 3326 tum
1343 3272 1695 3341 militiarum,
1718 3277 1843 3327 tum

201 3367 539 3422 tractatione
563 3366 796 3437 insuper
821 3365 1181 3436 publicorum
1212 3364 1577 3435 negotiorum
1601 3407 1614 3433 ,
1638 3370 1844 3419 sancta

198 3461 495 3516 catholica
508 3462 564 3514 et
578 3460 902 3531 apostolicae
913 3459 1013 3513 Dei
1030 3458 1289 3512 Ecclesia
1309 3461 1497 3528 partes
1517 3457 1845 3512 viderentur

198 3569 594 3624 corrumpere.
619 3554 685 3608 Et
704 3569 806 3607 nos
824 3567 1048 3624 quoque
1073 3551 1179 3604 hoc
1201 3551 1389 3622 ipsum
1410 3550 1664 3619 fecimus,
1688 3550 1843 3604 hisce

198 3665 303 3719 per
331 3647 640 3702 constituta
668 3651 863 3701 nostra
891 3644 1283 3707 corroboratis.
1318 3644 1620 3698 Hareticos
1654 3647 1845 3699 autem

198 3742 279 3796 illi
305 3741 597 3807 dixerunt,
623 3744 681 3795 et
703 3754 811 3795 nos
840 3738 1078 3793 dicimus
1095 3780 1109 3805 ,
1138 3738 1463 3810 quicunque
1491 3737 1846 3791 diversarum

199 3838 488 3890 sectarum
499 3838 650 3888 sunt.
665 3832 878 3898 Quibus
889 3833 1278 3887 connectimus
1294 3838 1350 3887 et
1367 3847 1847 3887 connumeramus

199 3945 296 3983 eos
323 3943 556 3999 quoque
581 3927 681 3998 qui
719 3926 1008 3981 Iudaicam
1044 3925 1285 3981 Nestorii
1331 3930 1652 3996 sequuntur
1682 3940 1844 3979 vesa‘

201 4022 383 4088 niam,
412 4025 470 4076 et
494 4020 962 4091 Eutychianistas,
980 4024 1036 4075 et
1054 4019 1381 4090 Acephalos,
1397 4023 1454 4073 et
1467 4018 1566 4089 qui
1586 4033 1849 4090 perversa

203 4114 458 4170 Dioscori
470 4118 526 4168 et
536 4113 722 4168 Severi
736 4113 1002 4185 opinione
1016 4113 1395 4184 laborant,qui
1412 4112 1850 4168 Manichaorum

204 4214 260 4263 et
276 4207 624 4279 Apollinaris
642 4207 996 4279 impietatem
1017 4210 1387 4275 renovarunt;
1406 4209 1463 4261 et
1479 4206 1713 4278 insuper
1725 4205 1851 4277 qui-

200 4317 432 4373 cunque
448 4301 776 4355 membrum
798 4304 1008 4355 sancta
1034 4301 1127 4355 Dei
1148 4300 1438 4355 catholica
1459 4303 1515 4354 et
1526 4298 1851 4371 apostolica

202 4394 472 4449 Ecclesia
494 4410 610 4448 non
636 4394 862 4461 sunt,in
890 4409 1003 4465 qua
1030 4398 1085 4447 et
1110 4409 1307 4447 omnes
1328 4391 1664 4446 sanctissimi
1677 4393 1853 4446 totius

1934 487 2053 528 non
2081 476 2166 528 est
2191 478 2256 529 ut
2280 478 2591 547 aqualibus
2618 480 2929 551 privilegiis
2951 481 3246 537 hareticos
3262 483 3569 553 dignemur

1936 582 2066 619 cum
2091 567 2429 639 orthodoxis,
2464 577 2760 643 eapropter
2802 579 2858 628 et
2897 574 2967 628 ad
2996 581 3337 645 prasentem
3380 577 3571 649 legem

1936 660 2305 730 respeximus.
2334 664 2411 717 Ex
2439 680 2549 734 quo
2577 666 2730 720 enim
2766 668 3198 739 prarogativam
3229 670 3570 728 mulieribus

1936 751 2195 807 dedimus
2223 755 2281 809 in
2311 756 2535 811 dotibus
2564 758 2813 829 quidem,
2846 765 2911 814 ut
2945 761 3360 832 antiquioribus
3385 764 3571 819 credi-

1937 845 2152 899 toribus
2168 848 2560 921 praferantur,
2587 855 2644 906 et
2670 852 2903 907 meliore
2930 854 3053 909 loco
3082 855 3215 922 sint,
3236 872 3570 927 quanquam

1937 941 2195 1011 tempore
2239 941 2563 1013 vincantur;
2606 945 2665 999 in
2707 946 3108 1001 donationibus
3160 964 3294 1003 vero
3337 953 3575 1021 propter

1937 1032 2162 1102 nuptias
2180 1076 2193 1101 ,
2226 1040 2289 1089 ut
2316 1053 2419 1106 pro
2445 1037 2662 1093 ratione
2687 1043 3009 1111 temporum
3036 1041 3241 1112 quibus
3269 1042 3429 1097 facta
3459 1043 3576 1098 sint.

1937 1125 2387 1197 hypothecarum
2419 1130 2515 1200 jus
2559 1130 2841 1199 habeant;
2875 1133 3137 1188 omnibus
3177 1135 3238 1189 in
3272 1136 3576 1206 prasentia

1938 1234 2042 1289 per
2061 1219 2207 1275 hanc
2224 1237 2438 1277 sacram
2462 1224 2649 1295 legem
2670 1230 2922 1281 nostram
2941 1229 3139 1282 notum
3166 1228 3403 1283 facimus
3422 1228 3576 1301 quod

1940 1317 1997 1366 et
2051 1313 2197 1367 hanc
2250 1316 2703 1387 prarogativam,
2756 1324 2811 1373 et
2849 1319 3047 1374 tacitas
3094 1321 3461 1391 hypothecas,
3518 1326 3577 1378 et

1940 1406 2131 1460 omnia
2172 1406 2284 1461 alia
2312 1423 2439 1479 qua
2469 1410 2802 1465 mulieribus
2831 1412 2890 1465 in
2927 1412 3159 1467 diversis
3196 1414 3505 1485 privilegiis
3543 1432 3578 1470 a

1937 1499 2148 1553 nostris
2167 1516 2429 1556 concessa
2447 1506 2581 1558 sunt
2608 1504 2849 1574 legibus,
2880 1505 2967 1559 his
2991 1506 3124 1560 solis
3142 1507 3483 1577 prabemus,
3512 1510 3580 1564 ut

1942 1608 2013 1646 ex
2042 1591 2128 1647 his
2150 1592 2399 1649 fructum
2436 1597 2680 1667 capiant,
2712 1598 3057 1670 illorumque
3092 1604 3329 1655 utantur
3354 1598 3573 1656 beneﬁ-

1943 1684 2062 1751 ciis,
2091 1703 2219 1758 qua
2246 1686 2601 1758 diligentiam
2631 1690 2921 1758 adhibent,
2944 1708 3056 1763 quo
3075 1692 3259 1764 magis
3284 1698 3495 1748 rectam
3522 1695 3582 1750 et

1939 1780 2289 1835 adorandum
2314 1780 2485 1836 fidem
2509 1787 2761 1837 nostram
2790 1784 3016 1855 (nempe
3036 1786 3328 1841 catholica
3355 1791 3413 1841 et
3437 1804 3577 1859 apo-

1941 1874 2149 1927 stolica
2177 1874 2451 1943 Ecclesia)
2479 1875 2790 1945 retineant,
2812 1882 2869 1932 et
2888 1877 3225 1949 participent
3252 1880 3485 1934 salutari
3514 1880 3578 1936 in

1941 1982 2006 2021 ea
2042 1966 2464 2022 communione.
2520 1969 2654 2032 Qua
2703 1970 2857 2024 enim
2904 1987 2938 2024 a
2986 1973 3176 2024 sancta
3211 1972 3484 2027 catholica
3522 1976 3581 2028 et

1940 2061 2244 2130 apostolica
2264 2061 2361 2115 Dei
2386 2062 2629 2117 Ecclesia
2648 2063 2859 2134 seipsas
2888 2067 3149 2134 separant
3173 2080 3358 2136 neque
3377 2065 3576 2120 incen-

1942 2154 2215 2208 taminata
2243 2154 2302 2207 in
2330 2171 2395 2210 ca
2425 2156 2825 2210 communione
2868 2172 2994 2211 cum
3037 2158 3137 2212 Dei
3174 2158 3579 2213 amantissimis

1942 2247 2112 2317 hujus
2137 2248 2522 2303 sacerdotibus
2557 2250 2896 2322 participare
2925 2251 3233 2318 sustinent,
3267 2268 3357 2305 eas
3389 2255 3576 2309 neuti-

1941 2357 2112 2411 quam
2141 2341 2399 2395 volumus
2418 2342 2745 2414 hujusmodi
2770 2344 3085 2415 privilegiis
3106 2345 3341 2414 perfrui.
3373 2346 3509 2400 Nam
3533 2346 3579 2403 si

1943 2449 1977 2488 a
2002 2435 2103 2488 Dei
2129 2451 2186 2489 se
2209 2426 2540 2489 muneribus
2560 2441 2842 2507 separant,
2874 2440 2932 2491 et
2957 2454 2990 2491 a
3022 2443 3211 2493 sancta
3237 2444 3293 2493 et
3318 2438 3577 2495 inconta-

1941 2528 2160 2583 minata
2179 2546 2238 2583 se
2264 2530 2666 2584 communione
2694 2530 2905 2584 alienas
2931 2531 3166 2599 faciunt,
3187 2533 3369 2587 multo
3396 2533 3580 2605 magis

1941 2637 2126 2692 neque
2168 2638 2275 2675 nos
2312 2623 2756 2677 concesserimus
2797 2626 2862 2677 ut
2900 2624 3211 2696 privilegiis
3252 2624 3441 2696 digna
3470 2626 3574 2680 ha-

1940 2713 2200 2783 beantur,
2234 2718 2403 2786 atque
2429 2732 2497 2769 ex
2522 2716 2716 2786 legum
2745 2719 3063 2770 nostrarum
3096 2716 3373 2787 applausu
3399 2734 3463 2771 ac
3491 2717 3577 2772 fa-

1941 2823 2071 2861 vore
2096 2808 2346 2862 fructum
2370 2808 2709 2879 percipiant.
2736 2809 2881 2872 Quin
2908 2809 3096 2879 potius
3124 2809 3397 2865 beneﬁcia
3432 2826 3463 2864 e
3493 2810 3578 2866 le-

1944 2900 2106 2971 gibus
2130 2901 2384 2971 profecta
2409 2901 2637 2973 penitus
2667 2901 2801 2973 ipsis
2827 2901 3106 2956 inaccessa
3133 2907 3322 2971 sunto,
3345 2907 3401 2957 et
3421 2903 3581 2959 omni

1940 2994 2241 3065 privilegio
2270 3012 2304 3049 a
2347 2994 2845 3050 constitutionibus
2890 2996 3096 3049 nostris
3136 2995 3273 3067 ipsis
3317 3012 3580 3052 concesso

1942 3087 2336 3159 privabantur.
2369 3088 2581 3143 Licebit
2604 3092 2796 3142 autem
2824 3087 2934 3157 eis,
2985 3088 3080 3143 ubi
3118 3088 3419 3143 meliorem
3449 3106 3580 3145 sen-

1941 3181 2179 3236 tentiam
2198 3183 2496 3253 amplexa,
2521 3185 2580 3234 et
2600 3187 2811 3235 rectam
2831 3197 3137 3253 veramque
3154 3180 3325 3236 ﬁdem
3348 3197 3581 3237 exoscu-

1941 3273 2088 3343 lata,
2113 3291 2294 3344 neque
2312 3292 2426 3328 non
2446 3273 2734 3327 mordicus
2760 3290 3165 3344 usquequaque
3188 3290 3313 3328 eam
3334 3274 3581 3328 retinere

1941 3372 2156 3420 conata
2181 3367 2428 3434 fuerint,
2459 3366 2776 3419 istiusmodi
2817 3366 3148 3420 muneribus
3178 3370 3234 3421 et
3265 3365 3582 3438 privilegiis

1941 3458 2181 3531 perfrui.
2223 3459 2317 3513 llis
2346 3475 2447 3530 per
2475 3457 2796 3512 universam
2826 3458 3055 3528 imperii
3089 3458 3269 3513 nostri
3308 3459 3583 3514 ditionem

1944 3552 2330 3607 obtinentibus
2367 3557 2424 3606 et
2460 3550 2820 3606 observandis
2857 3551 3250 3622 principaliter
3277 3552 3514 3624 quidem
3545 3568 3581 3606 a

1945 3645 2042 3699 Dei
2072 3644 2477 3699 amantissimis
2509 3644 2911 3713 sacerdotibus,
2945 3644 3150 3699 deinde
3175 3662 3306 3699 vero
3333 3649 3392 3699 et
3415 3663 3449 3699 a
3476 3661 3581 3700 no-

1945 3738 2070 3793 stris
2098 3738 2524 3809 magistratibus
2563 3742 2620 3793 et
2650 3736 2961 3809 judicibus,
3002 3738 3119 3792 sive
3160 3738 3422 3809 majores,
3468 3738 3584 3793 sive

1945 3831 2196 3887 minores
2240 3832 2502 3897 existant,
2546 3835 2604 3885 et
2632 3830 2863 3902 insuper
2890 3831 2961 3885 ab
2991 3831 3323 3886 excellentia
3341 3897 3345 3901 θ
3363 3834 3481 3899 tua,
3513 3832 3586 3888 ad

1944 3942 2118 3998 quam
2146 3928 2203 3979 et
2226 3930 2569 3997 prasentem
2593 3924 2782 3996 legem
2806 3924 3171 3995 proferimus.
3200 3925 3357 3980 Unde
3388 3941 3587 3980 conve-

1946 4018 2110 4074 niens
2134 4022 2220 4073 est
2248 4022 2313 4073 ut
2346 4018 2567 4090 judices
2594 4018 2747 4090 apud
2773 4034 2914 4090 quos
2941 4019 3030 4072 vel
3057 4022 3252 4073 contra
3278 4018 3545 4073 mulieres
3568 4060 3583 4089 ,

1948 4113 2096 4168 vela
2126 4112 2463 4167 mulieribus
2505 4112 2767 4183 quadam
2810 4112 2915 4167 sibi
2960 4111 3254 4183 privilegia
3301 4110 3585 4165 vindicare

1948 4206 2281 4271 volentibus,
2311 4205 2514 4277 aliqua
2540 4208 2845 4259 moventur
2872 4205 3017 4272 lites,
3040 4204 3110 4257 ad
3130 4202 3424 4274 prasentis
3441 4202 3588 4273 legis

1952 4300 2258 4371 respiciant
2276 4298 2550 4369 vigorem,
2582 4303 2637 4352 et
2660 4296 2997 4368 potentiam.
3032 4297 3099 4349 Et
3121 4295 3169 4348 si
3206 4295 3590 4366 deprehende-

1952 4393 2068 4447 rint
2093 4408 2185 4447 eas
2210 4392 2539 4446 orthodoxa
2564 4390 2695 4445 ﬁdei
2721 4405 2839 4443 non
2865 4405 3007 4455 esse,
3037 4404 3223 4460 neque
3252 4388 3591 4443 incontami-

202 4487 446 4543 habitati
498 4486 648 4541 orbis
703 4487 1058 4561 patriarcha,
1092 4491 1210 4541 tam
1247 4474 1442 4541 Roma
1490 4484 1848 4540 occidentalis
1866 4492 1925 4563 D
1950 4491 2079 4541 nata
2099 4490 2157 4540 et
2182 4484 2471 4539 adoranda
2488 4484 2586 4538 illa
2606 4482 3015 4538 communione
3033 4482 3093 4536 in
3109 4486 3298 4536 sancta
3314 4480 3592 4536 catholica

200 4597 387 4653 quam
409 4580 581 4651 hujus
600 4579 772 4650 regia
792 4578 966 4647 urbis,
984 4584 1041 4633 et
1061 4579 1432 4647 Alexandria,
1451 4583 1507 4633 et
1524 4578 1847 4649 Theopolis,

200 4681 259 4731 et
286 4674 836 4745 Hierosolymorum,
868 4677 924 4728 et
952 4689 1148 4728 omnes
1177 4672 1281 4727 sub
1310 4672 1380 4727 iis
1409 4672 1698 4727 constituti
1727 4671 1852 4727 reli-

201 4767 516 4839 giosissimi
546 4767 811 4838 episcOpi,
833 4784 945 4821 uno
962 4783 1058 4822 ore
1085 4766 1451 4838 apostolicam
1476 4765 1647 4821 ﬁdem
1667 4770 1723 4820 et
1742 4770 1853 4820 tra-

199 4863 488 4917 ditionem
514 4861 839 4932 pradicant.
871 4860 976 4924 Qui
1003 4859 1178 4931 igitur
1201 4859 1648 4914 incontaminata
1688 4875 1850 4914 com-

201 4955 485 5011 munione
511 4955 571 5008 in
598 4954 872 5009 catholica
890 4940 1128 5009 ecclesia
1164 4970 1295 5007 cum
1320 4954 1420 5008 Dei
1448 4951 1854 5007 amantissimis

202 5049 389 5120 hujus
416 5048 799 5103 sacerdotibus
824 5063 939 5102 non
969 5046 1331 5118 participant,
1362 5047 1581 5119 optimo
1604 5046 1737 5117 jure
1762 5061 1854 5100 vo-

204 5158 415 5198 camus
443 5141 756 5197 hareticos.
791 5141 1038 5196 Tametsi
1073 5140 1226 5195 enim
1261 5140 1718 5195 Christianorum
1750 5138 1857 5194 sibi

202 5251 428 5292 nomen
447 5235 768 5306 imponunt,
787 5251 855 5290 eo
872 5238 1065 5290 tamen
1084 5234 1203 5305 ipso
1224 5234 1373 5305 quod
1389 5251 1422 5288 a
1438 5250 1567 5288 vera
1583 5233 1855 5288 Christia-

202 5345 428 5385 norum
454 5328 565 5383 ﬁde
593 5328 805 5400 pariter
825 5332 882 5382 et
906 5327 1306 5382 communione
1337 5327 1546 5397 seipsos
1572 5329 1856 5397 separant,

203 5423 316 5479 Dei
347 5438 404 5477 se
421 5421 636 5493 judicio
655 5421 818 5476 subdi
834 5425 1204 5492 cognoscunt.
1220 5424 1295 5476 Ac
1310 5421 1465 5492 leges
1477 5419 1709 5491 quidem
1730 5435 1860 5490 qua

206 5518 284 5573 de
297 5515 584 5573 hareticis
599 5515 979 5587 promulgata
991 5520 1144 5583 sunt,
1158 5513 1424 5568 omnibus
1434 5511 1732 5567 manifeste
1749 5512 1863 5568 exi-

206 5613 400 5668 stunt.
434 5610 543 5665 Nos
563 5625 697 5665 vero
726 5624 859 5664 cum
887 5624 980 5663 eos
1014 5608 1113 5679 qui
1141 5607 1514 5663 orthodoxam
1540 5607 1864 5662 exosculan-

208 5712 318 5762 tur
356 5703 547 5768 ﬂdem,
577 5707 635 5758 et
657 5702 943 5759 mordicus
977 5718 1103 5758 eam
1127 5700 1375 5757 retinere
1412 5702 1708 5769 conantur,
1738 5717 1863 5755 am-

215 5798 379 5874 plius
394 5798 761 5871 privilegium
781 5797 992 5853 habere
1019 5796 1276 5861 velimus,
1297 5810 1473 5869 quam
1492 5810 1591 5851 eos
1607 5793 1706 5867 qui
1725 5793 1868 5865 seip-

1948 4585 2004 4634 et
2028 4578 2330 4651 apostolica
2356 4578 2600 4633 Ecclesia
2632 4592 2763 4631 cum
2789 4575 3283 4630 venerandissimis
3308 4574 3476 4647 hujus
3501 4592 3590 4629 sa-

1950 4672 2272 4728 cerdotibus
2297 4670 2660 4743 participare,
2682 4687 2797 4725 non
2829 4669 3141 4724 concedant
3159 4669 3314 4723 hisce
3337 4673 3399 4723 ut
3427 4668 3594 4740 privi-

1950 4766 2114 4838 legiis
2133 4783 2163 4821 e
2182 4765 2389 4820 nostris
2417 4764 2910 4820 constitutionibus
2930 4762 3193 4835 profectis
3207 4761 3590 4834 perfruantur.

2021 4857 2156 4920 Qua
2181 4855 2358 4926 igitur
2387 4854 2549 4908 nobis
2582 4853 2952 4925 placuerunt,
2988 4857 3044 4906 et
3071 4867 3174 4922 per
3200 4851 3344 4904 hanc
3379 4866 3593 4905 sacram

1955 4949 2315 5004 declarantur
2354 4949 2561 5019 legem,
2602 4963 2669 5001 ea
2716 4960 3057 5016 cognoscens
3093 4943 3424 4998 excellentia
3473 4948 3590 5012 tua,

1955 5044 2121 5099 simul
2148 5058 2297 5097 cura
2311 5042 2538 5108 habeto,
2561 5045 2627 5095 ut
2640 5040 2699 5094 in
2718 5038 3012 5094 movendis
3030 5037 3182 5109 apud
3202 5037 3383 5109 ipsam
3403 5036 3597 5093 litibus

1956 5137 2229 5206 observet,
2258 5141 2314 5192 et
2341 5135 2561 5191 etfectui
2593 5151 2657 5189 ac
2682 5132 2784 5187 ﬁni
2826 5130 3011 5186 tradat
3035 5173 3049 5199 ,
3089 5130 3255 5186 simul
3302 5148 3405 5203 per
3435 5132 3598 5187 solita

1959 5230 2142 5286 edicta
2171 5234 2229 5285 et
2248 5229 2507 5302 proprias
2531 5227 2813 5300 jussiones
2841 5224 3106 5298 omnibus
3143 5225 3442 5281 manifesta
3467 5225 3600 5281 faci-

1960 5328 2039 5394 to,
2070 5328 2187 5378 tam
2216 5324 2275 5378 in
2301 5324 2449 5377 alma
2491 5322 2600 5377 hac
2642 5320 2808 5389 urbe,
2848 5335 3020 5391 quam
3064 5318 3125 5372 in
3163 5320 3462 5390 provinciis
3486 5361 3500 5385 ,
3535 5321 3598 5371 ut

1961 5434 2160 5474 omnes
2186 5420 2526 5488 cognoscant
2551 5418 2829 5486 quantum
2852 5413 3015 5467 nobis
3040 5428 3189 5467 cura
3210 5413 3303 5479 sit,
3326 5416 3449 5466 tum
3469 5427 3600 5464 vera

1961 5513 2022 5567 in
2049 5511 2353 5566 Dominum
2375 5508 2659 5564 Christum
2685 5524 2885 5563 verum
2911 5508 3090 5580 Deum
3117 5505 3278 5573 ﬁdes,
3313 5509 3434 5559 tum
3465 5503 3597 5558 sub-

1964 5606 2215 5661 ditorum
2242 5606 2568 5659 nostrorum
2593 5602 2762 5657 salus.
2793 5604 2913 5657 Dat.
2943 5618 2982 5656 u
3005 5598 3240 5655 Kalend.
3267 5597 3415 5668 Maii,
3457 5598 3601 5653 Con-

1966 5702 2160 5769 stant.,
2190 5698 2247 5755 d.
2267 5714 2335 5753 .n.
2364 5697 2505 5753 Just.
2532 5698 2592 5752 P.
2622 5697 2683 5751 P.
2715 5697 2887 5767 Aug.,
2916 5691 3081 5747 Basil.
3110 5706 3164 5744 τι.
3196 5706 3245 5744 c.
3274 5705 3427 5745 cons.
