4076 6186
499 281 624 337 1011

1069 387 1377 445 NOVELI.A
1413 387 1542 443 CX].

566 490 641 542 De
665 491 896 558 tempore
931 486 1201 538 actionum
1229 497 1349 552 qua
1371 485 1542 539 sacris
1571 483 1696 538 locis
1725 488 2048 566 competunt.

570 602 883 672 Imperator
899 595 1250 651 Justinianus
1277 598 1563 667 Augustus
1597 596 1890 652 Theodoto
1923 596 2121 652 Orien-

492 693 694 751 talium
722 691 1122 764 praatoriorum
1150 689 1435 762 praefecto.

563 785 720 852 Quod
747 784 1158 840 medicamenta
1182 782 1412 852 morbis,
1441 784 1548 839 hoc
1573 783 1844 838 exhibent
1859 783 1992 854 jura
2015 800 2121 838 ne-

497 879 677 953 gotiis.
708 877 863 934 Unde
889 876 1258 948 consequitur
1290 880 1354 930 ut
1391 892 1802 948 nonnunquam
1839 893 1872 931 a
1907 877 2124 947 judicio

496 967 772 1024 discordet
797 965 1044 1033 effectus,
1075 970 1130 1020 et
1157 965 1308 1037 quod
1336 965 1598 1020 credebat
1621 965 1949 1036 conjectura
1988 983 2121 1038 pro-

491 1061 666 1128 desse,
694 1059 1084 1131 experimento
1109 1057 1430 1113 inveniatur
1457 1057 1682 1114 inutile.
1717 1058 1920 1113 Probat
1948 1059 2126 1131 igitur

490 1157 597 1210 hoc
616 1152 910 1226 praesentis
925 1153 1096 1208 etiam
1121 1151 1418 1208 necessitas
1433 1151 1758 1219 sanctionis,
1793 1152 1854 1206 in
1872 1169 1984 1224 qua
2003 1153 2122 1222 pri-

487 1247 762 1320 vilegium
788 1263 856 1303 ex
887 1245 1147 1317 religioso
1172 1245 1458 1318 proposito
1481 1244 1846 1300 sacrosanctis
1877 1245 2125 1301 ecclesiis

490 1341 592 1399 Dei
617 1344 674 1396 et
697 1339 1077 1407 monasteriis,
1107 1339 1344 1410 aliisque
1373 1337 1651 1410 religiosis
1676 1337 1837 1406 locis,
1856 1338 2124 1393 constitu-

488 1435 642 1492 tione
667 1439 858 1489 nostra
889 1449 1076 1504 nuper
1099 1432 1408 1501 indultum,
1442 1431 1752 1487 necessaria
1777 1431 2124 1488 correctione

487 1527 912 1600 distinguimus.
938 1525 1163 1581 Dudum
1188 1525 1234 1579 si
1260 1525 1491 1596 quidem
1513 1525 1863 1595 jusseramus
1889 1525 1958 1579 ad
1987 1541 2121 1580 cen-

490 1627 612 1677 tum
640 1621 750 1675 illis
779 1636 958 1675 annos
983 1618 1328 1690 exceptionis
1369 1618 1672 1690 propagari
1716 1617 1997 1672 curribula
2021 1633 2124 1689 per

487 1719 647 1792 cujus
660 1718 948 1774 licentiam
961 1715 1261 1772 sanctionis
1276 1717 1509 1788 negotia
1523 1714 1753 1788 quidem
1774 1716 1953 1772 multa
1973 1732 2123 1771 com-

489 1817 640 1868 mota
677 1814 830 1879 sunt,
861 1815 917 1866 et
940 1811 1091 1865 velut
1121 1809 1485 1881 antiquorum
1521 1809 1822 1864 vulnerum
1863 1808 2123 1866 obductis

487 1908 794 1977 patuerunt
825 1903 1030 1959 iterum
1053 1901 1356 1958 cicatrices.
1389 1902 1494 1958 Sed
1521 1918 1720 1958 eorum
1752 1901 1960 1957 sanitas
1986 1919 2121 1973 pro-

489 1998 679 2054 venire
699 2014 816 2052 non
837 1996 1040 2069 potuit,
1056 1996 1458 2068 probationum
1474 1995 1682 2051 scilicet
1701 1994 2124 2051 difﬁcultatibus

485 2091 780 2164 impedita,
812 2091 1080 2163 quoniam
1115 2106 1220 2162 per
1245 2092 1468 2144 tantum
1507 2088 1697 2143 saeculi
1731 2089 1912 2160 magis
1952 2105 2126 2160 quam

487 2184 762 2258 temporis
807 2184 1078 2256 spatium,
1115 2199 1217 2238 nec
1265 2183 1619 2239 documentis
1658 2182 1976 2254 integritas,
2018 2199 2124 2237 nec

487 2278 624 2335 actis
646 2277 806 2346 ﬁdes,
831 2293 936 2332 nec
961 2282 1094 2332 aetas
1121 2276 1268 2331 valet
1295 2276 1532 2332 testibus
1563 2275 1882 2346 suffragari.
1914 2276 2123 2330 Verum

487 2372 622 2445 quia
638 2371 888 2444 largitati
908 2375 1114 2426 nostra:
1130 2385 1430 2426 causarum
1446 2386 1566 2425 non
1582 2369 1826 2424 occurrit
1841 2369 2122 2441 angustia,

489 2482 620 2520 cum
645 2465 863 2521 ratione
888 2464 1058 2520 simul
1085 2481 1148 2519 ac
1173 2463 1449 2535 religione
1467 2466 1770 2519 tractantes
1788 2461 2126 2534 pradictum

487 2557 852 2632 privilegium
877 2572 1060 2630 usque
1089 2557 1160 2612 ad
1203 2556 1526 2628 possibilem
1561 2557 1795 2612 modum
1824 2555 2122 2627 deducere,

487 2652 878 2725 experimento
903 2649 1262 2706 retraximus.
1285 2651 1350 2704 Et
1363 2649 1635 2721 jubemus
1653 2650 1715 2705 in
1737 2649 1983 2722 negotiis
1994 2665 2125 2721 qua:

487 2750 617 2801 ante
642 2745 747 2800 hac
773 2743 1010 2816 triginta
1027 2759 1310 2798 annorum
1331 2743 1660 2798 removebat
1675 2743 1949 2814 exceptio,
1971 2758 2125 2801 nunc

489 2837 904 2894 venerabilibus
927 2835 1194 2906 ecclesiis,
1224 2835 1582 2892 monasteriis
1601 2878 1614 2903 ,
1645 2842 1702 2891 et
1725 2835 2090 2892 xenodochiis
2107 2876 2122 2902 ,

489 2948 710 2988 necnon
735 2929 1238 3002 orphanotmphiis
1257 2971 1272 2997 ,
1301 2934 1357 2985 et
1382 2928 1850 3002 brephotrophiis
1873 2971 1887 2996 ,
1914 2934 1971 2984 et
1999 2932 2122 3002 pto-

488 3025 632 3080 chiis
673 3023 1052 3096 quadraginta
1104 3040 1390 3078 annorum
1433 3023 1740 3094 protelatio
1780 3023 2122 3090 conferatur,

489 3118 638 3172 salva
667 3116 881 3172 scilicet
907 3116 1056 3170 circa
1094 3117 1232 3170 alias
1278 3132 1542 3186 personas
1579 3121 1636 3172 et
1678 3133 1874 3170 causas
1918 3115 2124 3173 virtute

488 3227 662 3282 quam
688 3226 912 3280 semper
935 3208 1262 3264 tricennalis
1277 3208 1380 3263 sibi
1402 3208 1751 3281 praescriptio
1777 3209 2120 3280 vindicabat,

485 3303 759 3376 quoniam
789 3303 934 3358 hanc
958 3302 1153 3358 decem
1171 3317 1455 3366 annorum
1490 3302 1865 3374 adiectionem
1884 3302 2017 3358 solis
2042 3302 2126 3372 (ut

485 3397 701 3452 dictum
729 3396 830 3466 est)
861 3395 1142 3468 religiosis
1170 3395 1324 3464 locis,
1357 3411 1672 3468 eorumque
1705 3395 1846 3468 juri,
1876 3395 1965 3451 vel
1991 3412 2126 3452 con-

485 3490 756 3546 tractibus
781 3489 1168 3562 indulgemus,
1191 3491 1258 3544 ut
1276 3489 1473 3562 SOpitzn
1509 3490 1614 3544 hoc
1641 3488 1914 3560 temporis
1943 3489 2124 3561 spatio

488 3572 602 3640 tam
633 3584 956 3655 personales
982 3599 1156 3656 quam
1185 3582 1612 3654 hypothecariaa
1639 3583 1884 3638 actiones
1912 3583 1972 3638 in
2000 3599 2126 3655 per-

485 3675 722 3748 petuum
751 3676 1172 3748 conquiescant,
1203 3676 1350 3732 nihil
1373 3677 1599 3748 penitus
1627 3675 1753 3731 aliis
1781 3676 2126 3748 exceptioni-

485 3771 592 3825 bus
619 3771 978 3842 derogantes,
1007 3771 1106 3825 sed
1139 3774 1258 3826 tam
1287 3770 1348 3826 in
1367 3770 1491 3825 aliis
1521 3786 1694 3842 quam
1724 3769 1974 3826 triennio
2007 3769 2124 3826 vim

485 3864 771 3934 roburque
794 3851 1140 3920 tenentibus.
1169 3865 1232 3920 In
1257 3863 1366 3918 illis
1393 3879 1638 3936 namque
1668 3863 1752 3936 (ut
1775 3863 1990 3918 dictum
2019 3863 2122 3936 est)

485 3962 710 4012 tantum
728 3957 972 4029 negotiis
999 3959 1290 4030 religiosos
1317 3963 1636 4015 contractus
1656 3963 1974 4015 memorato
1990 3976 2124 4032 qua-

487 4049 750 4122 draginta
789 4067 1070 4105 annorum
1116 4051 1411 4124 privilegio
1463 4052 1723 4108 volumus
1767 4052 2014 4124 perfrui,
2061 4053 2122 4108 in

482 4143 692 4218 quibus
707 4144 788 4199 eis
803 4147 1032 4200 centum
1044 4161 1328 4200 annorum
1346 4145 1779 4218 prmrogativam
1796 4145 2122 4202 constitutio

481 4241 670 4294 nostra
697 4239 1028 4294 contulerat.
1069 4238 1126 4294 Si
1173 4255 1312 4310 quas
1358 4238 1523 4310 plane
1566 4255 1758 4294 causas
1799 4243 1932 4294 ante
1975 4239 2121 4296 hanc

481 4336 730 4387 nostram
755 4331 1218 4388 constitutionem
1242 4333 1312 4388 ab
1331 4332 1580 4388 ecclesiis
1598 4332 1928 4404 caaterisque
1948 4332 2121 4389 sacris

481 4425 615 4482 locis
656 4425 983 4498 ubicunque
1018 4431 1330 4482 commotas
1349 4469 1362 4496 ,
1401 4426 1688 4498 judicialis
1716 4427 1996 4482 sententia
2022 4431 2122 4483 aut

1627 278 1882 340 SECULI
1919 281 2106 338 SEXTI
2142 279 2701 338 SUPPLEMENTUM.

2147 400 2206 474 Α
2225 404 2314 444 em
2321 389 2711 461 phyteusibus,
2739 394 2797 445 et
2812 387 3202 458 locationibus,
3232 393 3291 444 et
3313 387 3530 461 reliqua
3555 401 3762 442 rerum
3784 401 3870 441 ec-

3711 279 3852 335 i012

2225 481 2662 538 clesiasticarum
2690 481 3178 538 administratione
3205 481 3578 554 promulgatae
3611 479 3751 544 sint,
3781 478 3866 533 vi-

2222 591 2346 630 sum
2375 575 2536 631 nobis
2568 579 2650 629 est
2687 575 2878 630 omnia
2902 577 3188 648 praesente
3213 575 3508 646 complecti
3541 575 3698 644 lege.
3721 573 3867 628 San-

2224 668 2406 724 cimus
2444 667 2622 740 igitur
2657 674 2722 723 ut
2748 668 2847 741 qui
2885 674 3260 724 sacrosancta;
3299 668 3356 722 in
3394 667 3538 722 urbe
3565 666 3726 737 regia
3751 681 3865 720 ma-

2216 761 2360 833 joris
2387 761 2658 827 ecclesias,
2710 766 2808 818 aut
2841 761 3310 834 orphanotrophii
3337 802 3352 830 ,
3378 765 3475 815 aut
3500 759 3863 826 xenodochii,

2223 860 2322 910 aut
2347 855 2791 927 ptochotrophii,
2821 859 2920 909 aut
2939 855 3271 924 nosocomii,
3297 858 3396 908 aut
3422 854 3655 908 alterius
3693 868 3865 906 vene-

2222 947 2416 1002 rabilis
2455 948 2658 1004 domus
2695 948 2755 1002 in
2793 947 2952 1020 regia
2986 948 3226 1017 civitate,
3269 952 3368 1002 aut
3413 947 3540 1018 ejus
3576 945 3870 1008 territorio

2223 1041 2539 1098 constitutae
2579 1041 2845 1114 (exceptis
2877 1041 3292 1096 venerabilibus
3337 1039 3723 1108 monasteriis)
3775 1055 3872 1094 res

2225 1134 2565 1206 gubernant,
2593 1135 2652 1190 hi
2677 1135 2894 1190 nullam
2919 1135 3204 1190 licentiam
3229 1135 3476 1190 habeant
3497 1133 3750 1188 vendere
3769 1135 3874 1187 ant
3904 1194 3914 1212 ⁸

2223 1228 2454 1298 donare,
2481 1231 2580 1284 aut
2601 1233 2948 1300 permutare,
2975 1232 3075 1283 aut
3097 1245 3212 1284 rem
3222 1226 3530 1283 onerandas
3545 1225 3872 1282 donationis

2223 1321 2405 1392 gratia
2441 1321 2594 1390 dare,
2625 1325 2725 1376 aut
2755 1337 3094 1394 quacunque
3134 1321 3245 1376 alia
3277 1321 3457 1376 forma
3495 1320 3750 1375 alienare
3781 1319 3871 1374 vel

2223 1430 2346 1469 rem
2373 1415 2746 1483 immobilem,
2772 1417 2857 1469 vel
2891 1415 3110 1470 civilem
3136 1431 3442 1481 annonam,
3465 1415 3550 1470 vel
3587 1413 3872 1468 rusticum

2221 1507 2594 1580 mancipium,
2614 1508 2724 1562 nisi
2751 1525 2880 1562 cum
2901 1507 3184 1580 imperiali
3202 1508 3374 1563 domo
3388 1507 3728 1562 instituatur
3743 1522 3876 1577 per-

2222 1601 2482 1670 mutatio,
2513 1605 2570 1655 et
2593 1601 2825 1673 quidem
2845 1601 3046 1656 solum.
3073 1601 3180 1656 Sed
3209 1617 3393 1672 neque
3427 1599 3716 1654 colonario
3733 1599 3873 1669 jure

2222 1693 2341 1748 dari
2363 1693 2576 1766 aliquid
2601 1693 3004 1766 permittimus.
3046 1695 3460 1767 Emphyteuses
3481 1709 3617 1748 vero
3649 1709 3682 1747 a
3714 1709 3874 1764 prae-

2141 1763 2198 1838 Β
2223 1786 2369 1842 dicta
2387 1789 2738 1842 sacrosancta
2759 1787 2936 1858 regias
2959 1787 3119 1842 urbis
3148 1788 3362 1859 majore
3391 1786 3627 1842 ecclesia
3656 1790 3716 1840 et
3754 1802 3875 1840 me-

2223 1880 2457 1936 moratis
2494 1880 2909 1936 venerabilibus
2946 1881 3211 1937 domibus
3253 1879 3532 1936 celebrari
3568 1879 3870 1950 jubemus,

2223 1984 2346 2033 tum
2371 1979 2431 2033 in
2458 1995 2695 2050 persona
2716 1979 2838 2050 ejus
2859 1980 2956 2052 qui
2987 1981 3222 2052 accepit,
3245 1983 3370 2035 tum
3400 1979 3460 2034 in
3482 1980 3616 2035 aliis
3641 1979 3871 2035 duobus

2224 2071 2420 2128 ordine
2459 2072 2778 2128 haeredibus
2797 2115 2810 2141 ,
2859 2078 2921 2128 ut
2959 2076 3150 2152 tamen
3191 2072 3342 2128 ultra
3380 2076 3602 2128 sextam
3645 2079 3874 2145 partem

2222 2165 2579 2221 subsistentia
2594 2165 2823 2220 canonis
2841 2165 2984 2220 nihil
2999 2167 3052 2221 ei
3071 2167 3169 2238 qui
3189 2167 3612 2238 emphyteusim
3633 2167 3877 2238 suscipit

2180 2253 2186 2258 ’
2223 2259 2608 2331 indulgeatur.
2644 2261 2718 2314 De
2748 2259 3087 2314 suburbanis
3107 2264 3300 2316 autem
3331 2277 3457 2332 quae
3477 2261 3552 2315 ad
3571 2277 3873 2316 sacrosan-

2224 2357 2374 2408 ctam
2417 2353 2696 2424 majorem
2745 2352 3040 2407 ecclesiam
3088 2358 3144 2408 et
3183 2354 3480 2425 priedictas
3518 2353 3876 2410 venerabiles

2224 2446 2422 2501 domos
2465 2445 2528 2500 in
2573 2445 2715 2502 urbe
2750 2445 2910 2517 regia
2949 2447 3038 2502 vel
3065 2447 3188 2518 ejus
3215 2447 3496 2503 territorio
3531 2447 3878 2503 constitutas

2223 2539 2532 2611 pertinent,
2547 2539 2818 2611 jubemus
2837 2543 2902 2594 ut
2926 2539 3206 2610 siquidem
3229 2541 3552 2596 suburbana
3570 2541 3876 2612 integrum

2225 2635 2282 2688 et
2307 2631 2551 2688 solidum
2581 2649 2859 2688 canonem
2885 2633 3131 2688 habeant
3153 2634 3212 2688 in
3241 2634 3450 2703 reditu,
3471 2634 3544 2689 ab
3569 2634 3664 2688 his
3681 2634 3788 2706 qui
3808 2651 3878 2690 ea

2225 2725 2345 2798 ipsa
2395 2726 2737 2781 venerabilia
2777 2727 2900 2781 loca
2944 2726 3284 2798 gubernant,
3330 2728 3539 2782 dentur
3585 2727 3874 2800 praedicto

2225 2819 2392 2874 modo
2417 2819 2477 2874 in
2508 2819 2928 2892 emphyteusim
2945 2862 2959 2890 ,
3000 2825 3122 2876 tam
3147 2820 3474 2893 suscipienti
3495 2863 3508 2890 ,
3536 2837 3714 2894 quam
3741 2821 3874 2875 aliis

2225 2912 2444 2968 duabus
2473 2913 2939 2984 successionibus,
2968 2930 3153 2986 neque
3182 2914 3371 2988 aliqua
3406 2915 3468 2969 in
3503 2930 3568 2969 re
3591 2914 3694 2970 fiat
3717 2915 3874 2970 rele-

2224 3005 2392 3075 vatio,
2434 3007 2531 3061 sed
2567 3007 2754 3078 potius
2777 3013 3172 3080 augmentum.
3215 3008 3270 3063 Si
3302 3024 3368 3063 ea
3394 3007 3720 3063 suburbana
3757 3008 3872 3064 ali-

2227 3116 2398 3172 quem
2429 3100 2662 3156 omnino
2692 3101 2940 3156 reditum
2969 3118 3085 3156 non
3111 3102 3377 3168 habeant,
3405 3101 3699 3156 licentiam
3719 3119 3875 3174 pras-

2225 3193 2425 3249 bemus
2461 3194 2869 3250 venerabilium
2920 3195 3172 3250 locorum
3227 3195 3709 3267 dispensatoribus
3761 3195 3873 3251 sub

2223 3292 2377 3344 certa
2401 3287 2712 3360 quantitate
2740 3287 2845 3359 (uti
2868 3288 3203 3360 pradictum
3231 3288 3334 3360 est)
3372 3289 3510 3344 dare
3553 3305 3619 3343 ea
3644 3291 3706 3344 in
3736 3306 3871 3345 em-

2221 3381 2567 3453 phyteusim.
2605 3383 2779 3436 Porro
2807 3382 2854 3436 si
2877 3382 3197 3454 quamlibet
3224 3398 3347 3438 rem
3385 3383 3458 3438 ab
3483 3383 3680 3455 aliquo
3709 3400 3870 3455 pra-

2224 3473 2505 3530 dictorum
2549 3474 2958 3529 venerabilium
3001 3476 3256 3530 locorum
3286 3476 3870 3548 emphyteuticojure

2224 3567 2365 3635 dari,
2386 3568 2474 3622 vel
2501 3567 2568 3623 ad
2591 3567 2830 3623 domum
2849 3568 3224 3640 imperialem,
3245 3575 3343 3624 aut
3364 3585 3588 3625 sacrum
3602 3573 3871 3627 nostrum

2224 3661 2510 3732 aerarium,
2557 3666 2656 3716 aut
2699 3661 2985 3716 civitatem
3029 3663 3299 3735 aliquam,
3331 3667 3435 3718 aut
3477 3664 3734 3732 curiam,
3768 3669 3871 3720 aut

2222 3753 2392 3810 aliam
2431 3771 2828 3827 quamcunque
2872 3756 3252 3811 venerabilem
3289 3757 3526 3812 domum
3564 3758 3872 3828 pervenire

2223 3847 2545 3920 contigerit,
2559 3848 2847 3903 licentiam
2859 3849 3180 3921 praebemus
3189 3851 3594 3906 venerabilium
3608 3851 3872 3908 locorum

2223 3941 2723 4014 dispensatoribus,
2737 3959 2769 3996 a
2785 3943 2989 4014 quibus
3011 3943 3172 3999 initio
3190 3945 3466 4000 celebrata
3482 3945 3596 4000 fuit
3619 3946 3867 4018 emphy-

2223 4035 2416 4105 teusis,
2439 4035 2666 4108 quando
2687 4035 2760 4091 ad
2775 4051 2950 4091 unam
2973 4037 3224 4109 aliquam
3251 4039 3656 4109 praedictarum
3677 4057 3870 4111 perso-

2224 4145 2428 4184 narum
2454 4128 2778 4200 hujusmodi
2803 4131 3060 4201 pervenit
3077 4131 3482 4204 emphyteusis,
3499 4138 3566 4188 ut
3582 4149 3752 4188 suam
3772 4134 3869 4189 de-

2177 4227 2182 4232 ’
2222 4222 2439 4277 clarent
2451 4222 2794 4278 sententiam
2809 4223 2958 4278 intra
2976 4223 3549 4290 biennium,velintne
3563 4228 3722 4299 apud
3734 4227 3866 4282 illos

2222 4331 2349 4370 eam
2387 4331 2508 4370 rem
2552 4315 2893 4388 relinquere,
2933 4317 3006 4373 ad
3028 4333 3170 4390 quos
3195 4319 3475 4390 pervenit,
3513 4325 3572 4375 et
3598 4336 3866 4376 annuum

2220 4409 2470 4465 reditum
2497 4409 2596 4482 qui
2624 4414 2788 4480 pacto
2815 4411 3260 4482 comprehensus
3283 4417 3369 4468 est
3395 4413 3647 4482 auferre,
3669 4431 3744 4470 an
3769 4432 3860 4469 re—

478 4519 924 4574 transactionum
959 4519 1260 4576 conventio
1289 4519 1644 4587 terminavit,
1671 4521 1938 4576 nolumus
1962 4502 2198 4576 refri-D
2219 4503 2402 4558 50mm
2428 4503 2785 4575 emphytemti
2803 4546 2817 4574 ν
2849 4505 2993 4559 hanc
3030 4505 3302 4576 NCiPel‘e:
3334 4507 3380 4561 εί
3411 4507 3724 4578 expediens
3759 4509 3863 4563 hoc

481 4611 614 4680 cari,
655 4613 753 4668 red
784 4613 841 4668 in
873 4612 1155 4684 reliquum
1197 4613 1309 4668 illis
1353 4615 1502 4668 hanc
1537 4613 1704 4685 objici
1745 4613 2116 4681 sanctionem,

479 4721 620 4778 quas
651 4706 886 4761 antehas
915 4707 1126 4778 sopitas
1155 4711 1279 4762 octo
1307 4708 1618 4763 lustrorum
1647 4707 1870 4762 silentio
1904 4707 2117 4762 moveri

479 4800 753 4856 hactenus
775 4803 872 4855 aut
896 4803 1075 4854 motas
1103 4799 1400 4855 terminari
1425 4817 1543 4856 non
1581 4801 1838 4872 contigit.
1878 4800 2116 4855 lllustris

475 4892 654 4964 igitur
679 4899 736 4949 et
761 4893 1062 4966 magniﬁca
1087 4894 1393 4950 auctoritas
1419 4899 1543 4963 tua,
1573 4911 1699 4966 qum
1725 4911 1828 4966 per
1855 4895 1999 4948 hanc
2027 4910 2116 4965 ge-

477 4989 729 5042 neralem
754 4989 942 5060 legem
970 4991 1164 5043 nostra
1189 4987 1388 5044 statuit
1413 4988 1697 5043 aeternitas
1719 5029 1732 5055 ,
1760 4987 1960 5043 edictis
1987 5004 2116 5060 pro-

476 5079 670 5149 positis
711 5081 782 5135 ad
827 5081 1086 5137 omnium
1127 5081 1386 5136 notitiam
1428 5081 1595 5136 faciat
1621 5080 1936 5153 pervenire.
1989 5081 2109 5136 Dat.

478 5173 670 5226 Kalen.
698 5173 1344 5248 Juniis,Constantinop.
1371 5174 1618 5248 imperii,
1635 5175 1693 5231 d.
1725 5191 1785 5230 n.
1811 5173 2112 5230 Justiniani

477 5269 538 5321 A.
576 5267 677 5321 PP.
705 5281 856 5321 anno
885 5271 968 5334 t5,
1005 5269 1205 5326 Basilio
1235 5285 1289 5324 v.
1317 5287 1368 5325 c.
1399 5286 1510 5325 cos.

1042 5417 1354 5476 NOVELLA
1387 5421 1532 5476 CXX.

472 5514 544 5566 De
585 5509 914 5564 alienatione
940 5512 991 5564 et
1028 5511 1362 5580 emphytcusi
1393 5529 1572 5570 rerum
1606 5513 2105 5570 ecclesiasticarum.

544 5629 857 5698 Imperator
894 5624 1245 5682 Justinianus
1281 5629 1568 5699 Augustus
1611 5631 1776 5686 Petro
1827 5629 2109 5703 gloriosis-

470 5721 612 5773 simo
639 5720 1010 5776 Orientalium
1037 5718 1433 5792 praetoriorum
1459 5722 1748 5794 prasfecto.

541 5813 682 5868 Cum
709 5815 902 5872 multa:
921 5815 1268 5888 diversaeque
1299 5814 1454 5887 leges
1475 5815 1543 5871 de
1568 5815 2019 5888 alienationibus,
2049 5821 2104 5873 et

2218 4595 2357 4669 ipsis
2386 4611 2505 4652 esse
2531 4596 2876 4668 putaverint.
2919 4598 2978 4654 Si
3005 4614 3117 4670 qua
3156 4614 3288 4655 vero
3327 4599 3451 4655 loca
3483 4607 3650 4670 sunt,
3681 4603 3768 4656 vel
3794 4603 3863 4657 ad

2219 4695 2626 4745 sacrosanctam
2668 4689 2941 4761 majorem
2994 4692 3311 4764 ecclesiam,
3345 4695 3428 4748 vel
3476 4693 3554 4748 ad
3605 4696 3862 4768 aliqum

2216 4783 2614 4854 predictarum
2643 4784 3058 4841 venerabilium
3095 4787 3369 4842 domuum
3395 4788 3782 4858 pertinentia,
3801 4790 3859 4844 in

2215 4877 2421 4948 quibus
2446 4877 2696 4950 antiquas
2723 4877 2925 4934 domus
2964 4879 3221 4952 collapsas
3251 4881 3512 4950 existant,
3547 4898 3619 4936 ex
3655 4883 3860 4954 quibus

2217 4971 2405 5026 nullus
2431 4971 2667 5026 omnino
2693 4971 2908 5028 reditus
2935 4974 3278 5044 praebeatur,
3305 4981 3639 5030 memoratae
3666 4981 3856 5032 autem

2213 5064 2565 5120 venerabiles
2590 5065 2812 5132 domus,
2843 5065 2914 5121 ad
2946 5083 3086 5138 quas
3119 5067 3242 5122 haec
3270 5068 3390 5123 loca
3417 5068 3735 5140 pertinent,
3767 5087 3859 5124 ex-

2214 5157 2492 5214 mdiﬁcare
2521 5175 2612 5214 eas
2642 5164 2956 5231 nequeant,
2995 5159 3284 5216 licentiam
3323 5162 3522 5218 damus
3552 5167 3614 5218 ut
3655 5165 3854 5219 harum

2211 5255 2498 5307 curatores
2545 5268 2612 5306 ea
2653 5253 2773 5308 loca
2810 5257 3085 5325 perpetuo
3105 5255 3238 5326 jure
3279 5256 3724 5328 emphyteuseos
3746 5261 3854 5313 tra-

2211 5346 2372 5402 dant.
2417 5347 2498 5401 lta
2523 5349 2736 5415 tamen,
2765 5350 2829 5402 ut
2855 5348 3243 5419 emphyteusis
3281 5354 3379 5406 aut
3403 5350 3464 5404 in
3495 5350 3670 5406 tertia
3696 5355 3851 5422 parte

2210 5439 2570 5511 pensionum,
2609 5455 2738 5512 quae
2765 5456 2834 5496 ex
2869 5441 3083 5496 aedibus
3105 5442 3290 5498 adhuc
3317 5443 3596 5499 stantibus
3616 5445 3846 5516 collige-

2209 5533 2434 5602 bantur,
2463 5549 2530 5588 ex
2555 5533 2885 5605 primordiis
2911 5535 3318 5607 emphyteutici
3349 5538 3618 5608 temporis
3647 5555 3842 5610 proce-

2207 5627 2332 5696 dat;
2361 5632 2460 5684 aut
2483 5627 2532 5682 si
2560 5627 2930 5700 emphyteuta
2963 5645 3028 5683 ea
3067 5629 3388 5686 conditione
3428 5631 3549 5686 loca
3587 5633 3846 5704 accipere

2205 5720 2492 5787 maluerit,
2521 5725 2585 5775 ut
2619 5721 2777 5790 prius
2803 5721 3060 5790 aediﬁcet,
3090 5726 3149 5778 et
3176 5723 3472 5780 dimidiam
3497 5727 3842 5797 pensionum

2204 5818 2426 5888 partem
2442 5829 2570 5887 qum
2589 5814 2793 5875 exinde
2813 5815 3192 5884 institutione
3207 5817 3350 5880 inita
3372 5819 3674 5891 accedunt,
3691 5835 3840 5894 pre-
