4076 6186
285 247 418 303 lOt3

1131 245 1492 300 JUSTINIANI
1530 246 1856 299 NOVELLi‘E
1894 245 2228 301 SELECTAS.
2272 244 2582 301 NOVELLA
2620 245 2773 301 CXX.

3499 246 3634 304 1014

274 360 388 410 stet
416 353 467 408 ei
495 351 801 408 venerabili
834 351 1026 408 domui
1064 369 1097 406 a
1124 368 1236 422 qua
1260 369 1324 407 ea
1349 353 1470 424 ipsa
1497 354 1617 408 loca
1656 353 1905 426 suscipit,
1931 365 1990 438 Α
2011 354 2293 426 conjuncti
2321 359 2612 425 sunt,post
2636 355 2888 425 ipsorum
2907 355 3151 408 mortem
3165 353 3234 408 ad
3252 353 3634 411 venerabilem

275 454 336 502 et
378 448 488 502 hoc
525 446 647 501 ﬁeri
689 447 1064 502 concedimus.
1105 449 1306 502 Utatur
1343 453 1536 502 autem
1585 447 1905 502 istiusmodi

273 542 646 612 emphyteuta
685 557 748 595 ex
787 541 986 595 dirutis
1035 541 1203 596 etiam
1250 541 1465 595 mdibus
1521 541 1634 595 illic
1663 540 1905 596 inventis

276 633 619 689 materiebus
647 651 709 688 ac
734 634 1054 689 ruderibus.
1099 636 1381 690 Caeterum
1418 635 1463 688 si
1507 634 1634 705 quis
1665 634 1906 689 voluerit

274 743 676 799 quamcunque
707 743 829 782 rem
859 727 1204 782 immobilem
1233 744 1369 782 usus
1397 727 1628 782 nomine
1658 745 1690 781 a
1714 744 1902 782 sacro-

277 825 472 876 sancta
496 821 666 891 regia:
695 820 850 875 urbis
875 821 1089 892 majore
1106 821 1355 890 ecclesia,
1375 824 1473 875 aut
1491 837 1602 875 una
1625 837 1906 876 memora-

277 916 465 968 tarum
477 914 883 968 venerabilium
896 915 1169 969 demuum
1180 914 1572 985 accipere,non
1583 914 1745 968 aliter
1757 915 1905 969 hanc

273 1008 552 1079 percipito
594 1008 705 1062 nisi
738 1007 996 1078 protinus
1036 1009 1274 1063 alteram
1314 1024 1436 1062 rem
1470 1008 1779 1062 venerabili
1810 1009 1906 1062 do-

275 1101 398 1156 mui
421 1118 453 1154 a
475 1118 734 1172 quadeam
754 1118 877 1155 rem
901 1101 1150 1172 suscipit,
1167 1102 1296 1171 jure
1317 1101 1556 1156 dominii
1575 1101 1902 1173 praebuerit,

273 1212 406 1267 quae
437 1200 494 1249 ct
517 1196 872 1250 tantumdem
911 1195 1123 1250 reditus
1167 1195 1388 1265 habeat,
1423 1199 1702 1266 quantum
1737 1194 1906 1250 habet

274 1305 367 1344 res
397 1306 524 1360 quae
551 1289 634 1342 illi
653 1289 838 1357 datur,
860 1305 1043 1360 neque
1072 1289 1383 1360 majoribus
1404 1288 1641 1360 publicis
1661 1305 1906 1360 praegra-

273 1385 404 1436 vata
429 1382 499 1436 sit
523 1382 992 1453 prtestationibus,
1014 1383 1090 1437 ita
1113 1388 1179 1437 ut
1197 1386 1323 1453 post
1350 1387 1617 1450 mortem,
1639 1386 1737 1437 aut
1762 1382 1906 1436 illud

273 1481 502 1547 tempus
532 1475 591 1530 in
614 1476 763 1546 quod
791 1492 926 1529 usus
953 1476 1102 1530 datio
1126 1478 1291 1548 pacto
1330 1475 1609 1542 convenit,
1641 1475 1793 1547 quod
1818 1479 1902 1530 ta-

276 1586 415 1624 men
440 1569 771 1640 accipientis
798 1569 974 1624 vitam
1002 1586 1117 1624 non
1144 1570 1520 1638 transcendat,
1545 1572 1786 1640 utraque
1816 1585 1906 1624 res

275 1664 339 1718 in
365 1663 633 1730 solidum,
654 1669 769 1718 tam
792 1664 1154 1734 proprietate,
1183 1680 1355 1734 quam
1375 1663 1666 1717 usufructu
1687 1663 1758 1717 ad
1778 1679 1904 1716 eam

276 1758 659 1812 venerabilem
703 1758 938 1811 domum
977 1757 1286 1827 perveniat.
1318 1757 1641 1811 Locationes
1682 1732 1986 1827 quoqueB

277 1853 347 1905 ab
378 1851 576 1906 iisdem
605 1851 1020 1905 venerabilibus
1051 1851 1316 1905 domibus
1360 1850 1617 1904 contrahi
1642 1850 1904 1905 concedi-

275 1963 424 2014 mus,
441 1945 514 1999 ad
540 1948 902 2016 quotcunque
918 1960 1095 1998 annos
1122 1944 1584 1998 contrahentibus
1603 1943 1905 2014 placuerit,

277 2038 376 2109 qui
403 2044 594 2093 tamen
621 2038 858 2108 triginta
886 2054 1166 2091 annorum
1196 2038 1441 2108 spatium
1467 2054 1585 2092 non
1615 2040 1904 2092 transcen-

276 2133 433 2186 dant.
463 2131 622 2196 Quod
647 2132 693 2184 si
717 2147 819 2184 usu
844 2130 1034 2185 veniat
1059 2134 1126 2184 ut
1153 2130 1342 2201 aliqua
1378 2131 1785 2201 praedictarum
1807 2147 1905 2185 ve-

278 2225 620 2279 nerabilium
641 2225 898 2279 locorum
923 2223 1152 2277 nomine
1173 2224 1530 2293 publicarum
1547 2225 1910 2279 contributio—

278 2335 440 2384 num,
473 2321 571 2372 aut
597 2319 667 2372 ob
694 2318 1004 2388 quamlibet
1033 2317 1198 2370 aliam
1224 2318 1526 2372 venerabili
1549 2319 1742 2372 domui
1763 2318 1906 2372 inci-

279 2413 509 2467 dentem
539 2411 928 2466 necessitatem
953 2411 1208 2481 indigeat
1238 2411 1513 2482 pecuniis,
1541 2411 1759 2466 licitum
1791 2416 1908 2466 esto

279 2508 451 2576 hujus
477 2503 958 2576 dispensatoribus
998 2504 1356 2558 immobilem
1396 2522 1520 2559 rem
1546 2506 1818 2576 obligare,
1853 2508 1911 2560 et

278 2601 338 2654 in
364 2599 598 2669 speciale
623 2598 830 2670 pignus
861 2581 1015 2666 dare,
1056 2603 1116 2652 ut
1146 2598 1392 2652 creditor
1419 2598 1598 2669 ipsam
1624 2615 1748 2653 rem
1775 2616 1904 2670 pos-

279 2693 478 2762 sideat,
509 2698 564 2748 et
603 2693 736 2746 inde
781 2693 997 2746 fructus
1036 2692 1276 2762 colligat,
1309 2707 1515 2762 eosque
1551 2692 1655 2746 sibi
1689 2696 1804 2746 tam
1848 2693 1908 2748 in

277 2789 460 2858 ipsam
494 2787 762 2841 creditam
803 2786 1104 2856 pecuniam
1146 2789 1390 2856 reputet,
1430 2802 1601 2856 quam
1641 2787 1814 2840 etiam
1848 2787 1908 2842 in

277 2898 482 2934 usuras
511 2897 628 2934 non
653 2879 956 2950 ampliores
983 2879 1393 2950 quadrantibus
1418 2879 1687 2950 legitimae
1714 2885 1905 2934 cente-

276 2975 460 3028 simae.
491 2974 544 3028 Si
563 2990 694 3027 vero
723 2990 798 3026 zes
825 2974 1075 3027 alienum
1094 2973 1215 3043 ejus
1229 2973 1564 3027 venerabilis
1585 2974 1787 3028 domus
1812 2990 1910 3028 an-

276 3068 439 3122 tistes
481 3067 853 3135 dissolverint,
898 3069 998 3120 aut
1040 3066 1307 3121 creditori
1348 3066 1691 3120 satisfactum
1727 3066 1800 3121 sit
1843 3084 1906 3152 ex
1931 3100 1986 3173 Ο

275 3161 573 3224 fructibus,
597 3160 875 3215 recurrito
903 3177 967 3215 ea
993 3176 1082 3214 res
1104 3160 1292 3214 denuo
1317 3161 1390 3214 ad
1409 3160 1789 3215 venerabilem
1817 3129 1910 3215 db-

276 3271 440 3309 mum
461 3254 612 3308 unde
636 3259 690 3307 et
716 3254 844 3308 data
858 3254 984 3307 fuit.
1012 3255 1221 3307 Verum
1243 3254 1397 3308 enim
1415 3270 1549 3308 vero
1578 3255 1912 3324 emphyteu-

274 3365 388 3417 ses,
412 3352 468 3401 et
493 3347 858 3418 hypothecas,
894 3351 949 3401 et
975 3347 1437 3417 quinquennium
1464 3348 1796 3402 excedentes
1821 3348 1908 3401 lo-

273 3443 528 3496 cationes
556 3441 812 3496 contrahi
831 3442 1109 3505 volumus,
1132 3458 1164 3493 a
1191 3445 1540 3495 sacrosancta
1567 3441 1797 3511 quidem
1828 3457 1912 3495 re-

277 3536 388 3608 gia;
428 3536 588 3589 urbis
634 3536 844 3605 majore
897 3535 1146 3602 ecclesia,
1200 3534 1479 3589 sententia
1531 3537 1588 3588 et
1634 3550 1910 3588 consensu

275 3629 588 3684 beatissimi
613 3628 1224 3699 hujus'archiepiscopi
1251 3633 1306 3682 et
1330 3629 1686 3699 patriarchas,
1711 3628 1910 3697 juran-

276 3724 430 3778 tibus
457 3724 576 3794 ipso
605 3725 884 3794 praesente
929 3724 985 3776 et
1015 3722 1390 3788 chartulariis,
1419 3725 1476 3776 et
1503 3722 1596 3776 Dei
1637 3722 1905 3776 amantis-

273 3817 438 3871 simis
482 3817 603 3886 ejus
647 3820 1010 3871 sacrosancta:
1051 3816 1281 3885 majoris
1311 3815 1557 3870 ecclesiae
1582 3815 1904 3882 (nconomis,

275 3928 420 3983 quos
441 3911 484 3964 is
510 3914 835 3965 contractus
852 3926 968 3964 non
987 3911 1059 3964 ad
1081 3909 1339 3964 fraudem
1366 3914 1422 3964 et
1445 3909 1910 3980 circumscriptio-

275 4021 410 4059 nem
460 4005 580 4074 ejus
612 4003 830 4074 jurium
872 4003 988 4057 ﬁat.
1022 4005 1079 4056 In
1119 4003 1244 4056 aliis
1275 4007 1467 4057 autem
1495 4002 1908 4057 venerabilibus

276 4095 539 4153 ddmibus
585 4097 868 4168 siquidem
912 4095 1238 4150 chartularii
1277 4096 1408 4164 sint,
1449 4096 1678 4166 juranto
1713 4099 1770 4150 et
1798 4095 1906 4167 ipsi

274 4190 554 4246 consimili
580 4191 748 4244 modo
767 4194 1044 4261 praesente
1061 4189 1396 4244 venerabilis
1416 4190 1616 4244 domus
1634 4190 1902 4245 antistite.

275 4286 331 4340 Si
361 4284 688 4338 chartularii
711 4300 828 4337 non
856 4283 989 4350 sint,
1023 4282 1126 4353 ipsi
1150 4283 1557 4338 venerabilium
1603 4283 1905 4338 domorum

275 4378 553 4432 antistites
580 4377 884 4448 propositis
914 4377 1281 4432 sacrosanctis
1321 4376 1635 4447 Evangeliis
1679 4380 1902 4430 contra-

2010 449 2242 504 domum
2269 449 2420 503 unde
2446 465 2566 503 rem
2593 450 2984 518 susceperunt,
3017 447 3316 517 pervenire
3339 447 3626 518 jubemus.

2005 544 2184 613 Atque
2210 543 2331 596 hare
2359 542 2586 614 quidem
2627 542 2694 595 de
2730 545 3080 595 sacrosancta
3120 541 3332 612 majore
3374 541 3626 610 ecclesia,

2004 641 2058 690 et
2087 636 2367 706 prmdictis
2396 635 2808 690 venerabilibus
2836 635 3098 689 domibus
3139 634 3196 688 in
3222 635 3380 704 regia
3403 634 3545 688 urbe
3576 638 3633 689 et

2005 730 2125 800 ejus
2165 709 2449 790 territorio
2499 729 2928 783 consistentibus
2965 728 3364 799 disposuimus.
3421 729 3630 784 Conse-

2004 826 2245 895 quenter
2281 828 2472 877 autem
2503 827 2557 876 et
2597 821 2654 876 in
2694 822 2815 876 aliis
2857 821 3219 876 sacrosanctis
3260 821 3526 892 ecclesiis,
3576 826 3634 878 et

2004 917 2376 982 monasteriis,
2408 921 2464 971 et
2484 916 2817 984 xenonibus,
2849 921 2904 970 et
2921 915 3282 982 nosocomiis,
3305 933 3368 970 ac
3396 916 3630 988 reliquis

2004 1011 2412 1065 venerabilibus
2442 1010 2702 1064 domibus
2725 1010 2784 1064 in
2805 1009 3067 1064 omnibus
3092 1009 3393 1081 provinciis
3418 1012 3629 1065 nostras

2004 1103 2331 1176 reipublicae
2351 1104 2566 1175 positis,
2593 1120 2778 1175 neque
2805 1120 2920 1158 non
2947 1102 3119 1158 etiam
3140 1104 3495 1158 monasteriis
3513 1108 3631 1158 tam

2004 1198 2063 1252 in
2095 1199 2232 1252 urbe
2259 1198 2418 1268 regia
2444 1214 2616 1270 quam
2637 1198 2920 1252 territorio
2937 1199 3058 1268 ejus
3081 1197 3515 1252 consistentibus
3540 1198 3636 1252 de-

2005 1291 2167 1346 ﬁnire
2192 1291 2352 1345 nobis
2382 1292 2563 1345 visum
2597 1296 2699 1345 est.
2733 1291 3044 1345 Licentiam
3093 1291 3271 1362 igitur
3309 1292 3633 1362 praebemus

2005 1385 2292 1456 praedictis
2311 1384 2720 1438 venerabilibus
2735 1385 3016 1452 domibus,
3035 1400 3150 1438 non
3165 1386 3348 1438 solum
3367 1387 3431 1437 ut
3443 1399 3634 1439 rerum

2004 1478 2384 1532 immobilium
2400 1479 2470 1532 ad
2487 1494 2544 1532 se
2561 1477 2968 1549 pertinentium
2979 1478 3384 1547 temporariam
3396 1479 3634 1550 emphy-

2003 1571 2211 1626 teusim
2234 1571 2588 1638 contrahant,
2624 1572 2718 1626 sed
2758 1571 2927 1624 etiam
2974 1574 3036 1624 ut
3071 1570 3131 1624 in
3162 1576 3502 1641 perpetuum
3542 1588 3634 1626 eas

2002 1666 2131 1736 jure
2159 1665 2580 1736 emphyteutico
2616 1665 2840 1719 tradant
2866 1664 3204 1719 volentibus.
3235 1665 3304 1718 Et
3332 1665 3560 1734 quidem
3590 1664 3637 1719 si

2009 1761 2375 1814 sacrosancta:
2413 1758 2525 1812 sint
2563 1758 2831 1824 ecclesiaa,
2879 1762 2976 1812 aut
3003 1758 3127 1812 alia:
3157 1758 3508 1812 venerabiles
3535 1759 3634 1812 do-

2008 1870 2154 1919 mus,
2185 1869 2426 1923 quarum
2457 1852 2928 1922 gubernationem
2949 1851 3206 1906 locorum
3227 1851 3527 1922 episcOpus
3551 1853 3639 1907 vel

2008 1964 2110 2018 per
2125 1963 2203 2012 se,
2235 1947 2321 1999 vel
2355 1962 2456 2016 per
2481 1945 2862 2000 venerabilem
2886 1945 3007 2014 ejus
3037 1945 3249 1999 clerum
3272 1950 3635 2016 exsequatur,

2009 2041 2289 2095 sententia
2312 2057 2375 2093 ac
2401 2055 2673 2094 consensu
2694 2039 2816 2109 ejus
2833 2039 3156 2108 hujusmodi
3174 2043 3490 2092 contractus
3516 2055 3640 2109 per-

2007 2135 2207 2200 ﬁcitor,
2235 2133 2563 2204 jurantibus
2592 2137 2871 2203 praesente
2901 2149 2968 2186 eo
2998 2133 3303 2186 oeconomis
3333 2138 3389 2187 et
3415 2132 3639 2202 dispen-

2007 2228 2303 2295 satoribus,
2337 2231 2392 2280 et
2411 2226 2765 2280 chartulariis
2796 2226 3128 2280 venerabilis
3154 2226 3274 2296 ejus
3301 2226 3454 2291 cleri,
3485 2227 3639 2296 quod

2008 2339 2077 2376 ex
2108 2338 2176 2375 ea
2211 2320 2573 2391 emphyteusi
2602 2320 2747 2374 nihil
2776 2319 2971 2374 damni
3017 2319 3318 2374 venerabili
3364 2319 3640 2374 inferatur

2009 2415 2219 2470 domui.
2240 2413 2397 2477 Quod
2425 2414 2472 2467 si
2492 2413 2736 2483 ptochia,
2759 2418 2855 2466 aut
2876 2429 3145 2479 xenones,
3168 2415 3265 2466 aut
3290 2412 3636 2481 nosocomia,

2008 2513 2105 2563 aut
2127 2508 2251 2562 aliae
2277 2507 2630 2561 venerabiles
2658 2507 2862 2560 domus
2900 2507 3030 2575 sint,
3059 2523 3186 2576 qua:
3216 2507 3506 2578 propriam
3533 2522 3640 2577 gu-

2006 2602 2399 2656 bernationem
2425 2601 2690 2665 habeant,
2724 2599 3007 2670 siquidem
3037 2605 3226 2654 sancta
3246 2600 3322 2654 ibi
3350 2599 3642 2670 contingat

2010 2711 2129 2750 esse
2181 2695 2441 2761 oratoria,
2488 2693 2764 2747 sententia
2805 2694 3034 2762 majoris
3077 2693 3255 2764 partis
3302 2693 3641 2748 clericorum

2008 2788 2121 2842 illic
2149 2779 2613 2854 ministrantium,
2646 2802 2832 2857 neque
2860 2802 2976 2840 non
3017 2786 3186 2840 etiam
3214 2788 3464 2840 locorum
3488 2786 3639 2840 anti-

2008 2883 2224 2936 stitum.
2254 2882 2307 2936 Si
2335 2880 2690 2935 solummodo
2719 2895 2927 2946 xenon,
2951 2885 3047 2934 aut
3075 2879 3387 2950 ptochium,
3417 2884 3513 2934 aut
3539 2896 3643 2934 no-

2009 2975 2348 3040 socomium,
2387 2979 2485 3028 aut
2523 2974 2630 3027 alia
2674 2973 3008 3028 venerabilis
3050 2974 3253 3027 domus
3283 2973 3370 3042 sit,
3413 2973 3642 3027 antistes

2010 3070 2264 3124 locorum
2282 3073 2631 3123 contractum
2654 3068 2953 3135 celebrato,
2977 3067 3304 3136 jurantibus
3330 3083 3531 3120 earum
3551 3083 3644 3123 ve-

2010 3164 2349 3218 nerabilium
2398 3163 2700 3216 domorum
2740 3161 3220 3232 dispensatoribus
3253 3161 3312 3214 in
3343 3161 3642 3231 praesentia

2012 3257 2108 3311 Dei
2136 3255 2504 3310 amantissimi
2555 3255 2822 3325 episcopi,
2867 3271 2900 3308 a
2943 3271 3054 3324 quo
3086 3255 3172 3307 vel
3209 3259 3637 3323 promoventur,

2010 3352 2095 3404 vel
2124 3350 2482 3414 ordinantur,
2514 3348 2667 3418 quod
2695 3348 2838 3400 nihil
2868 3347 2926 3400 in
2957 3363 3024 3400 eo
3053 3350 3341 3400 contractu
3361 3347 3422 3400 sd
3453 3347 3639 3401 laesio-

2010 3460 2143 3496 nem
2168 3447 2264 3496 aut
2288 3440 2864 3510 circumscriptionem
2893 3455 3089 3492 earum
3113 3439 3516 3492 venerabilium
3545 3439 3640 3493 do-

2012 3552 2210 3590 muum
2239 3535 2353 3589 fiat.
2379 3537 2438 3588 In
2462 3533 2876 3587 venerabilibus
2895 3537 3086 3586 autem
3112 3531 3467 3586 monasteriis
3492 3549 3636 3603 prai—

2009 3630 2158 3683 sules
2194 3645 2391 3682 eorum
2434 3643 2563 3681 cum
2604 3627 2817 3696 majore
2859 3628 3019 3696 parte
3072 3625 3484 3679 monachorum
3527 3625 3638 3680 illic

2008 3721 2320 3776 ministeria
2343 3720 2675 3774 obeuntium
2705 3723 3059 3773 contractum
3077 3719 3435 3791 perficiunto.
3455 3721 3636 3790 Atque

2009 3816 2066 3869 in
2097 3814 2378 3886 praedictis
2403 3830 2537 3868 sane
2567 3813 2830 3867 omnibus
2849 3813 3119 3882 jubemus
3159 3816 3222 3866 ut
3256 3829 3386 3867 cum
3422 3813 3641 3883 jureju-

2009 3909 2184 3962 rando
2210 3909 2558 3963 describatur
2598 3907 2658 3960 in
2702 3907 3080 3960 instrumento
3112 3906 3264 3977 quod
3305 3923 3419 3961 non
3445 3908 3515 3961 ad
3544 3907 3639 3960 lae-

2008 4003 2220 4056 sionem
2284 4005 2384 4055 aut
2449 4000 3029 4071 circumscriptionem
3083 4000 3487 4055 venerabilium
3537 3999 3637 4054 do-

2009 4113 2207 4149 muum
2252 4095 2545 4166 negotium
2582 4093 2925 4161 conﬁciatar,
2955 4099 3010 4148 et
3039 4110 3104 4148 ea
3144 4094 3528 4148 observatione
3559 4095 3637 4148 sic

2008 4189 2363 4259 procedente,
2395 4187 2660 4242 relevatio
2689 4203 2803 4240 non
2831 4187 2982 4240 ultra
3017 4191 3231 4240 sextam
3260 4186 3474 4239 reditus
3503 4202 3634 4255 par-

2006 4287 2124 4336 tem
2151 4281 2266 4349 tiat,
2299 4297 2467 4351 quem
2499 4296 2586 4333 res
2612 4280 2671 4332 in
2699 4279 3117 4348 emphyteusim
3143 4279 3269 4331 data
3297 4279 3487 4332 habet.

2076 4376 2209 4438 Quze
2235 4390 2367 4426 vero
2393 4373 2460 4426 de
2506 4371 2764 4442 collapsis
2795 4371 3010 4425 aedibus
3038 4371 3107 4424 ad
3150 4371 3497 4424 venerabiles
3544 4372 3640 4426 do-

271 4477 427 4526 ctum
458 4471 797 4537 celebranto,
844 4470 1223 4525 describentes
1253 4469 1311 4523 in
1357 4470 1488 4524 talia
1530 4470 1907 4524 instrumenta
1925 4468 1984 4540 D
2008 4485 2134 4521 mus
2160 4467 2217 4520 in
2247 4467 2353 4520 hac
2381 4465 2542 4536 regia
2561 4465 2700 4519 urbe
2715 4464 2922 4534 positas
2938 4464 3352 4535 pertinentibus
3376 4465 3635 4535 superius

273 4578 406 4615 cum
437 4560 836 4630 jurejurando,
864 4560 1017 4630 quod
1043 4563 1361 4614 contractus
1385 4559 1454 4612 ad
1497 4557 1783 4612 laesionem
1808 4563 1906 4613 aut

273 4654 854 4724 circumscriptionem
866 4652 1198 4708 venerabilis
1219 4653 1421 4707 domus
1446 4669 1558 4706 non
1585 4652 1702 4706 fiat.
1729 4651 1906 4706 ΟΕοο-

274 4749 460 4803 nomis
485 4751 656 4816 certe,
683 4753 740 4802 et
760 4746 1254 4817 orphanotrophis,
1284 4751 1341 4800 et
1366 4745 1711 4818 reliquarum
1743 4762 1906 4801 vene-

277 4841 540 4896 rabilium
555 4841 829 4894 domuum
844 4839 1342 4910 dispensatoribus,
1357 4844 1525 4910 atque
1539 4840 1771 4910 insuper
1780 4855 1903 4894 om-

276 4935 435 4988 nium
483 4932 861 4999 chartulariis,
914 4937 968 4987 et
1016 4933 1219 4987 horum
1264 4933 1590 5003 parentibus
1633 4933 1799 4987 simul
1851 4936 1908 4988 et

275 5027 484 5094 liberis,
514 5033 569 5081 et
595 5027 718 5081 aliis
759 5027 844 5082 vel
876 5042 1083 5098 genere
1122 5026 1277 5097 ipsis,
1321 5027 1409 5080 vel
1441 5027 1572 5096 jure
1615 5026 1902 5081 afﬁnitatis

273 5121 611 5196 conjunctis,
643 5121 1032 5175 interdicimus
1069 5137 1142 5175 ne
1174 5121 1594 5192 emphyteuses,
1627 5125 1726 5174 aut
1752 5121 1899 5174 loca-

273 5211 476 5281 tiones,
505 5219 603 5268 aut
637 5215 978 5285 hypothecas
1017 5231 1210 5269 rerum
1246 5214 1442 5268 iisdem
1489 5213 1905 5268 venerabilibus

273 5308 536 5364 domibus
564 5309 1032 5379 competentium,
1061 5308 1146 5362 vel
1170 5323 1273 5378 per
1302 5324 1380 5376 se,
1417 5308 1504 5361 vel
1533 5323 1635 5377 per
1661 5307 1907 5377 interpo-

275 5403 442 5457 sitam
485 5418 786 5472 personam
823 5401 1139 5473 percipiant
1175 5401 1446 5456 :’scituris
1487 5400 1620 5471 ipsis
1661 5401 1810 5471 quod
1859 5401 1904 5455 si

274 5495 412 5566 quid
443 5495 565 5565 ejus
595 5495 818 5566 generis
847 5495 1057 5549 factum
1084 5494 1175 5560 sit,
1211 5511 1324 5548 non
1354 5494 1535 5548 solum
1567 5493 1676 5547 hoc
1701 5492 1899 5547 invali-

273 5590 414 5644 dum
429 5587 655 5657 erit,sed
673 5589 846 5643 etiam
863 5588 1195 5643 universum
1209 5586 1612 5658 patrimonium
1628 5587 1900 5658 ipsorum,

274 5689 390 5736 tam
420 5683 820 5752 accipientium
850 5699 1020 5753 quam
1051 5697 1492 5749 (economorum,
1526 5685 1581 5735 et
1611 5682 1901 5736 chartula-

272 5776 513 5846 riorum,
546 5781 603 5832 et
630 5775 1098 5848 dispensatorem,
1127 5775 1333 5849 quibus
1362 5774 1423 5830 hi
1450 5774 1720 5847 praedicto
1739 5774 1905 5832 modo

2007 4559 2401 4631 disposuimus,
2449 4576 2515 4611 ea
2553 4563 2608 4613 et
2657 4558 2768 4612 illic
2819 4558 2876 4611 in
2914 4557 3330 4612 venerabilibus
3376 4559 3634 4614 domibus

2007 4654 2260 4708 obtinere
2299 4653 2578 4707 volumus.
2609 4652 2714 4706 Sed
2759 4655 2815 4705 et
2861 4651 2967 4706 hoc
3004 4652 3073 4706 de
3102 4651 3513 4706 venerabilibus
3539 4653 3636 4707 do-

2006 4748 2195 4802 minus
2220 4747 2514 4818 disponere
2543 4745 2705 4800 nobis
2731 4745 2914 4800 visum
2942 4748 3044 4813 est,
3091 4748 3156 4799 ut
3197 4745 3242 4799 si
3282 4761 3408 4816 quae
3447 4763 3515 4799 ex
3543 4746 3630 4816 ip-

2005 4842 2100 4909 sis,
2130 4841 2243 4896 sive
2265 4857 2368 4911 pro
2394 4840 2622 4894 tributis
2650 4839 2909 4909 publicis,
2943 4839 3057 4892 sive
3094 4856 3158 4892 ex
3189 4838 3296 4891 alia
3323 4840 3635 4893 necessaria

2007 4935 2059 4988 ei
2103 4935 2295 4989 domui
2327 4951 2512 5002 causa,
2543 4933 2745 4988 debitis
2790 4933 3100 4986 reddantur
3132 4931 3407 4998 obnoxite,
3448 4949 3633 5004 neque

2005 5029 2126 5083 fieri
2156 5029 2330 5099 possit
2357 5032 2422 5082 ut
2448 5045 2518 5082 ex
2558 5026 2858 5081 mobilibus
2893 5025 3062 5078 rebus
3099 5042 3164 5079 ea
3201 5024 3388 5079 debita
3432 5025 3632 5081 dissol-

2005 5126 2228 5191 vantur,
2260 5121 2446 5193 primo
2481 5120 2711 5191 quidem
2751 5121 2870 5172 loco
2909 5118 3172 5172 creditori
3199 5134 3286 5172 res
3325 5119 3634 5175 immobilis

2007 5216 2064 5270 in
2095 5215 2328 5287 speciale
2353 5215 2561 5285 pignus
2595 5213 2777 5276 dator,
2818 5216 2880 5266 ut
2905 5211 3151 5266 collectis
3186 5212 3307 5282 ejus
3333 5213 3628 5282 fructibus,

2007 5313 2233 5380 reputet
2257 5325 2348 5362 eos
2376 5308 2481 5361 sibi
2506 5306 2712 5376 partim
2736 5305 2794 5359 in
2821 5305 3000 5375 ipsam
3027 5306 3293 5360 creditam
3311 5308 3628 5377 pecuniam,

2008 5402 2213 5473 partim
2242 5402 2299 5455 in
2315 5417 2514 5455 usuras
2526 5417 2643 5454 non
2670 5399 2911 5469 majores
2935 5400 3345 5470 quadrantibus
3359 5399 3630 5469 legitimae

2005 5495 2349 5550 centesima).
2382 5493 2437 5549 Si
2454 5509 2521 5549 eo
2548 5493 2719 5549 modo
2735 5493 2990 5548 debitum
3006 5493 3305 5547 dissolvere
3324 5497 3626 5561 nequeant,

1999 5589 2266 5660 jubemus
2306 5593 2366 5642 ut
2403 5588 2474 5642 ab
2515 5588 2602 5642 his
2636 5588 2868 5660 quidem
2910 5588 3005 5658 qui
3042 5603 3075 5639 a
3125 5583 3486 5640 sanctissimis
3535 5601 3627 5638 or-

2007 5683 2274 5737 dinantur
2300 5681 2649 5753 patriarchis,
2681 5683 2794 5737 sive
2823 5678 3259 5749 metropolitani,
3289 5677 3402 5731 sive
3423 5677 3630 5748 episco-

2008 5777 2086 5848 pi,
2132 5777 2247 5834 sive
2295 5775 2754 5835 archimandrita:
2778 5773 3011 5841 fuerint,
3040 5771 3156 5830 sive
3181 5771 3632 5847 orphanotrophi
