4076 6186
442 253 578 314 ἰοίδ

1577 247 1829 313 ΒΕΟΠΗ
1866 256 2056 312 SEXTI
2094 251 2646 328 SUPPLEMENTUM.

3659 241 3788 304 me

435 365 552 420 sive
566 362 1469 436 ptochotrOphi,sivexenodochi,
1499 369 1598 418 aut
1623 363 1930 432 nosocomi,
1963 366 2061 418 aut
2079 367 2298 449 Atent,
2326 361 2434 417 nisi
2483 360 2642 433 prius
2681 357 3035 414 ostenderint
3069 357 3226 430 quod
3264 357 3324 412 in
3359 372 3496 412 usus
3540 354 3798 428 prmfaue

435 459 676 514 aliarum
701 457 1110 513 venerabilium
1137 457 1414 512 domuum
1440 458 1873 530 dispensatores,
1907 457 2059 528 apud

435 548 588 620 ipsos
611 546 993 603 sanctissimos
1031 546 1399 617 patriarchas,
1428 564 1462 602 a
1489 547 1694 619 quibus
1724 547 2060 602 ordinantur

435 648 533 698 aut
575 645 998 714 promoventur,
1041 644 1296 695 actorum
1342 644 1714 696 monumenta
1760 639 2056 694 conﬁcian-

434 743 549 804 tur,
575 735 786 802 et:cum
803 733 1178 805 jurejurando
1204 734 1655 805 dispensatorum
1691 739 1748 789 et
1786 749 2060 788 consensu

435 829 669 900 majoris
699 827 870 899 partis
906 844 1104 882 eorum
1135 828 1232 899 qui
1276 829 1336 882 in
1367 828 1456 882 his
1487 828 1698 882 obeunt
1748 827 2062 882 ministeria

433 923 690 978 debitum
719 921 1060 991 insinuetur,
1089 921 1351 992 quodque
1379 937 1448 976 ex
1475 937 1534 976 re
1562 921 1760 976 mobili
1783 920 1856 974 ad
1876 920 2063 991 ipsum

438 1015 661 1071 dissolvi
689 1021 957 1087 nequeat.
986 1015 1053 1070 Hi
1079 1031 1231 1084 vero,
1261 1014 1358 1086 qui
1399 1032 1431 1070 a
1455 1013 1903 1086 metropolitanis
1937 1014 2060 1085 epi-

439 1109 622 1180 scopis
652 1109 1004 1178 ordinantur,
1032 1109 1145 1164 sive
1172 1108 1418 1180 episcopi
1437 1111 1588 1176 sunt,
1609 1107 1724 1162 sive
1747 1107 2065 1162 archiman-

439 1204 623 1272 dritas,
675 1205 788 1258 sive
841 1202 1308 1274 orphanotrophi,
1367 1202 1480 1257 sive
1535 1201 1909 1274 ptocotrophi,
1967 1204 2065 1256 aut

447 1299 685 1354 aliarum
712 1297 1118 1352 venerabilium
1145 1297 1422 1352 domuum
1465 1295 1898 1366 dispensatores,
1927 1311 2059 1350 con-

438 1377 698 1448 Similiter
720 1391 871 1462 apud
895 1391 1046 1462 ipsos
1070 1389 1533 1461 metropolitanos
1558 1389 1844 1460 episcopos
1873 1389 2066 1460 hujus-

439 1486 596 1541 modi
643 1487 1014 1540 monumenta
1061 1483 1479 1538 conscribunto.
1544 1483 1708 1554 Apud
1771 1499 1866 1536 eos
1927 1482 2065 1537 item

439 1579 752 1650 episcOpos,
797 1578 896 1649 qui
924 1577 1070 1632 vela
1105 1575 1458 1648 patriarchis,
1497 1575 1584 1630 vel
1619 1575 2066 1646 metropolitanis

441 1672 714 1744 episcopis
741 1671 1094 1738 ordinantur,
1117 1674 1174 1725 et
1191 1670 1403 1725 habent
1427 1669 1530 1723 sub
1551 1668 1942 1740 jurisdictione
1965 1685 2066 1723 sua

2158 455 2496 511 venerabilis
2513 455 2714 509 domus
2743 453 2867 507 haec
2893 451 3302 522 processerint;
3331 466 3519 521 neque
3549 449 3799 504 creditor

2158 555 2256 605 aut
2279 548 2534 604 heredes
2555 548 2677 618 ejus
2693 547 2944 617 aliquam
2970 561 3071 616 pro
3091 545 3160 599 iis
3185 549 3384 599 contra
3411 543 3797 598 venerabilem

2159 643 2392 698 domum
2445 641 2725 696 actionem
2762 639 3028 708 habeant,
3082 638 3190 692 nisi
3245 637 3402 708 prius
3445 635 3800 691 ostenderint

2160 738 2312 809 quod
2337 735 2397 791 in
2418 751 2613 789 causas
2634 733 2942 788 venerabili
2962 732 3158 786 domui
3181 735 3568 802 competentes
3595 729 3688 784 hae
3711 745 3803 800 pe-

2160 829 2340 884 cunia:
2367 827 2743 900 profecerint;
2774 827 2870 881 sed
2895 826 3144 880 actiones
3163 841 3290 878 suas
3307 827 3504 878 contra
3526 839 3664 877 eum
3685 839 3806 877 mo-

2162 927 2326 978 veant
2351 921 2448 993 qui
2477 920 2744 992 pecunias
2764 923 2964 974 mutuo
2991 918 3250 988 sumpsit,
3275 921 3373 972 aut
3399 917 3644 971 heredes
3661 916 3802 986 ejus.

2231 1018 2348 1071 Hoc
2388 1030 2612 1087 quoque
2645 1013 2937 1084 jubemus,
2964 1017 3030 1066 ut
3060 1015 3296 1082 excepta
3321 1012 3684 1065 sacrosancta
3711 1025 3803 1064 rc-

2165 1111 2272 1182 gize
2301 1109 2454 1164 urbis
2479 1108 2690 1178 majore
2719 1106 2972 1172 ecclesia,
3005 1108 3063 1160 et
3087 1104 3394 1160 venerabili
3420 1103 3804 1174 orphanotro-

2163 1203 2317 1276 phio,
2350 1206 2406 1257 et
2441 1200 2773 1268 xenonibus,
2821 1203 2877 1255 et
2920 1199 3164 1270 ptochiis
3211 1198 3271 1252 in
3309 1197 3448 1252 urbe
3493 1196 3657 1268 regia
3709 1200 3813 1250 aut

2162 1296 2447 1352 territorio
2497 1295 2545 1367 ej
2556 1313 2619 1349 us
2672 1293 3062 1362 existentibus,
3103 1293 3272 1347 liceat
3319 1291 3585 1346 omnibus
3625 1306 3811 1344 sacro-

2164 1391 2370 1446 sanctis
2409 1389 2674 1457 ecclesiis,
2716 1392 2772 1442 et
2812 1386 3227 1443 venerabilibus
3285 1385 3565 1451 domibus,
3616 1399 3808 1454 neque

2166 1501 2280 1540 non
2306 1484 2477 1539 etiam
2505 1482 2878 1550 monasteriis,
2911 1484 3030 1535 tam
3067 1481 3130 1534 in
3172 1480 3311 1534 urbe
3354 1479 3511 1550 regia
3539 1494 3720 1549 quam
3747 1477 3810 1532 in

2164 1578 2398 1634 diversis
2447 1576 2746 1648 provinciis
2788 1575 3003 1647 positis,
3045 1573 3489 1645 permutationes
3539 1572 3698 1626 inter
3747 1586 3811 1625 se

2166 1688 2359 1728 rerum
2383 1671 2587 1738 facere,
2616 1685 2748 1724 cum
2793 1669 3020 1740 utrique
3061 1666 3368 1722 venerabili
3411 1665 3611 1721 domui
3664 1679 3808 1718 con-

441 1769 538 1820 aut
565 1764 925 1832 monasteria,
971 1768 1066 1818 aut
1107 1763 1352 1834 ptochia,
1385 1765 1485 1816 aut
1526 1777 1792 1829 xenonas,
1821 1767 1919 1816 aut
1960 1778 2063 1816 no-
2089 1746 2143 1818 Β
2165 1769 2420 1821 servatur
2445 1763 2784 1819 indemnitas
2804 1761 3286 1818 consentientibus
3315 1760 3373 1813 in
3400 1759 3556 1814 hunc
3589 1761 3814 1812 contra-

441 1858 688 1914 socomia
714 1862 812 1913 aut
837 1857 971 1912 alias
993 1856 1339 1911 venerabiles
1360 1856 1574 1923 domos,
1599 1855 1875 1910 consimili
1897 1855 2066 1910 modo

439 1956 808 2008 monumenta
837 1950 1226 2006 conﬁciuntor.
1254 1951 1329 2004 Ita
1352 1955 1562 2019 tamen,
1583 1953 1648 2004 ut
1665 1949 1777 2004 sive
1795 1949 1944 2020 apud
1971 1965 2070 2020 pa-

430 2045 732 2114 triarchas,
765 2044 877 2099 sive
904 2044 1054 2115 apud
1085 2043 1572 2114 metropolitanos,
1614 2043 1729 2097 sive
1756 2043 1906 2114 apud
1932 2043 2068 2096 alios

441 2139 732 2210 episcopos
758 2138 815 2192 id
847 2154 1023 2208 genus
1045 2142 1418 2192 monumenta
1440 2136 1826 2205 conficiantur,
1848 2135 2068 2190 nullum

439 2249 543 2304 pro
565 2233 634 2287 iis
662 2231 1022 2304 dispendium
1047 2236 1146 2286 aut
1174 2235 1467 2302 sumptum
1495 2230 1838 2284 venerabiles
1864 2230 2068 2283 domus

445 2327 780 2381 sustineant.
817 2327 1122 2397 Propterea
1159 2324 1311 2380 enim
1350 2324 1620 2380 nolumus
1661 2327 1727 2378 ut
1752 2323 1822 2379 de
1863 2327 2068 2378 caetero

441 2420 593 2491 apud
617 2419 1042 2490 provinciarum
1071 2419 1360 2491 praesides,
1393 2422 1491 2473 aut
1515 2418 1768 2472 locorum
1804 2416 2066 2472 defenso-

441 2525 533 2564 res
579 2526 612 2562 a
657 2507 988 2563 memoratis
1037 2507 1292 2579 personis
1340 2523 1440 2561 seu
1491 2507 1750 2562 domibus
1790 2505 2068 2577 ejusmodi

441 2605 813 2658 monumenta
837 2602 1226 2672 conﬁciantur,
1249 2617 1320 2656 ne
1345 2601 1496 2672 quod
1523 2601 1724 2655 exinde
1753 2600 2070 2654 sustineant

442 2695 824 2768 dispendium.
853 2695 1030 2750 Simul
1049 2699 1218 2766 atque
1249 2695 1530 2749 verohaec
1557 2694 1635 2749 ita
1659 2694 1814 2766 apud
1847 2709 2065 2748 memo-

442 2795 592 2846 ratos
635 2789 1018 2844 sanctissimos
1065 2788 1432 2860 patriarchas,
1477 2792 1533 2843 et
1582 2787 2066 2858 metropolitanos,

439 2888 539 2938 aut
578 2883 713 2938 alios
779 2883 1072 2956 episcopos
1120 2887 1309 2938 secuta
1359 2881 1591 2948 fuerint,
1630 2885 1766 2936 tunc
1813 2880 2070 2952 praedicti

443 2994 554 3032 aere
597 2977 780 3031 alieno
823 2993 1106 3048 oppressae
1145 2975 1483 3030 venerabilis
1531 2976 1732 3030 domus
1775 2974 2066 3045 dispensa-

445 3076 592 3124 tores
615 3085 718 3140 per
735 3069 936 3139 viginti
955 3069 1076 3123 dies
1103 3069 1379 3139 scriptum
1400 3068 1631 3140 aliquod
1657 3067 1716 3122 in
1737 3067 1965 3138 publico
1990 3065 2068 3120 ci-

443 3162 628 3217 vitatis
663 3163 783 3216 loco
820 3166 1198 3232 proponunto,
1235 3166 1290 3215 et
1327 3178 1391 3215 eo
1435 3161 1607 3216 modo
1648 3177 1769 3215 rem
1805 3159 2068 3214 immobi-

444 3257 560 3312 lem
599 3271 786 3310 emere
819 3255 1064 3310 volentes
1095 3259 1453 3326 provocanto,
1483 3259 1548 3309 ut
1585 3254 1684 3326 qui
1713 3255 1838 3326 plus
1864 3254 2068 3325 praebi-

444 3355 606 3406 turus
633 3355 732 3418 est,
764 3350 812 3404 is
859 3349 1078 3404 casteris
1117 3348 1470 3420 praeferatur.
1497 3349 1634 3413 Qua:
1667 3348 1713 3402 si
1757 3347 1948 3403 omnia
1994 3348 2073 3402 ita

441 3443 836 3516 processerint,
864 3443 1176 3508 celebrator
1200 3441 1467 3510 venditio,
1499 3441 1682 3514 pretio
1708 3442 1792 3496 rei
1811 3440 2072 3496 omnibus

443 3537 624 3593 modis
647 3553 750 3609 pro
790 3553 901 3592 aere
931 3536 1116 3592 alieno
1152 3535 1356 3604 dando,
1389 3539 1451 3590 ut
1493 3539 1715 3607 emptor
1757 3551 1872 3590 non
1909 3535 2073 3590 aliter

445 3648 572 3687 eam
617 3648 739 3686 rem
781 3630 1022 3685 ﬁrmiter
1051 3633 1245 3686 tenere
1293 3629 1483 3702 possit,
1526 3629 1632 3684 nisi
1675 3628 1923 3700 pretium
1968 3644 2071 3699 pro

444 3726 568 3796 ipso
597 3725 848 3780 solvatur
883 3724 1096 3794 debito,
1130 3728 1188 3778 et
1228 3724 1335 3778 hoc
1368 3739 1632 3796 expresse
1677 3739 1808 3778 cum
1843 3721 2068 3795 jureju-

445 3819 619 3873 rando
652 3819 709 3873 in
734 3819 1122 3890 syngrapham
1149 3817 1456 3890 emptionis
1483 3817 1856 3884 describatur,
1889 3815 2069 3888 quod-

445 3928 556 3982 que
584 3911 726 3965 nihil
749 3911 820 3966 ad
845 3911 1136 3966 laesionem
1154 3915 1252 3966 aut
1271 3911 1890 3982 circumpscriptionem
1909 3925 2073 3966 vene-

447 4003 643 4058 rabilis
671 4004 870 4058 domus
891 4003 1004 4058 liat.
1036 4004 1094 4059 Si
1119 4005 1391 4074 praedicto
1420 4005 1590 4059 modo
1615 4005 1662 4075 ej
1673 4021 1736 4059 us
1760 4005 1843 4059 rei
1871 4003 2070 4059 vendi-

443 4101 538 4153 tor
559 4113 677 4152 non
705 4096 877 4152 fuerit
912 4097 1193 4166 inventus,
1229 4097 1498 4168 jubemus
1540 4101 1602 4152 ut
1643 4097 1734 4152 cui
1779 4098 1847 4152 ab
1887 4097 2074 4169 aliqua

446 4187 842 4260 praedictarum
872 4187 1147 4242 domuum
1167 4185 1423 4253 debetur,
1451 4186 1497 4240 is
1531 4201 1598 4240 eo
1621 4185 1775 4257 jure,
1801 4186 1948 4257 quod
1971 4203 2073 4258 pro

445 4281 628 4336 soluto
643 4281 865 4350 dicitur,
896 4280 1040 4335 hanc
1060 4281 1238 4351 ipsam
1253 4278 1664 4352 possessionem
1688 4279 1894 4352 capiat,
1918 4281 2074 4352 justa

445 4379 501 4431 et
541 4374 820 4446 exquisita
866 4374 1239 4429 testimatione
1279 4373 1438 4442 inita,
1480 4373 1669 4428 addita
1710 4373 1847 4429 item
1893 4374 2072 4446 pretio

445 4469 661 4525 decima
690 4473 848 4540 parte
889 4468 1061 4523 totius
1087 4467 1475 4523 aestimationis
1503 4467 1575 4522 ad
1601 4467 1859 4523 eamdem
1889 4485 2071 4540 quan-

445 4563 662 4618 titatem
695 4581 708 4616 :
739 4563 1036 4634 capiatque
1087 4579 1208 4616 rem
1255 4561 1498 4617 creditor
1530 4577 1632 4632 pro
1675 4562 1875 4628 soluto,
1898 4561 2073 4632 :ﬁrmo

446 4673 571 4712 eam
601 4655 829 4711 domino
866 4671 1242 4727 possessurus.
1300 4656 1378 4710 Ita
1418 4658 1628 4721 tamen,
1671 4660 1736 4710 ut
1779 4654 2070 4727 dispensa-

443 4755 592 4806 tores
621 4749 807 4806 debito
857 4765 1136 4820 Oppressae
1161 4749 1498 4804 venerabilis
1529 4749 1750 4816 domus,
1797 4753 1853 4804 et
1889 4750 2076 4821 major

446 4862 577 4916 pars
615 4844 676 4899 in
709 4861 776 4900 ea
811 4842 1260 4898 ministrantium
1301 4842 1630 4913 hujusmodi
1657 4843 2074 4900 venditionibus

446 4937 817 4996 consentiant.
847 4939 982 5003 Quae
1019 4943 1150 4991 vero
1185 4935 1490 4990 immobilis
1531 4953 1622 4992 res
1655 4937 1714 4992 in
1765 4937 1870 4992 hoc
1899 4937 2071 4992 tradi-

449 5036 559 5100 tur,
588 5047 650 5086 ea
689 5049 804 5086 non
842 5032 912 5087 ad
963 5031 1256 5104 optionem
1303 5029 1620 5099 creditoris,
1665 5030 1758 5085 sed
1810 5031 2074 5102 aequabili

448 5123 830 5180 mediocritate
852 5125 1058 5197 partim
1084 5125 1234 5181 inter
1265 5124 1500 5194 fertiles,
1541 5123 1750 5196 partim
1776 5123 1925 5180 inter
1961 5130 2069 5180 ste-

448 5217 578 5272 riles
605 5217 937 5272 venerabilis
976 5220 1177 5275 domus
1214 5219 1614 5292 possessiones,
1644 5223 1700 5273 et
1741 5218 1948 5273 harum
1983 5235 2071 5274 re-

448 5312 618 5379 ditus,
660 5326 842 5382 neque
881 5327 994 5366 non
1028 5313 1389 5384 tributorum,
1431 5318 1488 5369 et
1532 5312 1734 5385 reliqui
1780 5317 1956 5368 status
2011 5331 2073 5368 ac

447 5404 734 5479 qualitatis
777 5404 960 5459 detur.
1007 5409 1075 5460 At
1123 5407 1168 5461 si
1197 5408 1324 5480 quis
1349 5407 1661 5480 episcopus,
1710 5412 1809 5463 aut
1855 5423 2074 5463 mcono-

443 5517 594 5568 mus,
637 5502 738 5554 aut
779 5497 1134 5570 dispensator
1157 5500 1560 5574 lcirjuscunque
1609 5501 1939 5558 venerabilis
1968 5501 2070 5557 do-

447 5611 592 5663 mus,
624 5593 740 5650 sive
778 5593 837 5649 in
875 5591 1033 5665 regia
1061 5591 1222 5662 urbe,
1255 5593 1369 5650 sive
1404 5593 1465 5649 in
1499 5595 1808 5667 provinciis
1851 5595 2068 5668 posite,

442 5689 711 5759 pecunias
739 5692 940 5744 mutuo
968 5685 1365 5758 desumpserit,
1398 5692 1498 5741 aut
1523 5689 1758 5758 posthac
1787 5690 2068 5756 desumet,

435 5781 706 5856 jubemus
727 5787 795 5841 ut
819 5798 1010 5856 neque
1034 5781 1144 5856 ipsi
1173 5778 1481 5840 venerabili
1506 5779 1613 5836 hoc
1657 5781 1849 5838 domui
1875 5783 2066 5855 impu-

2091 3114 2146 3188 C

2167 1863 2341 1927 ctum,
2371 1857 2484 1912 sive
2515 1856 2927 1912 interveniente
2955 1855 3254 1925 scriptura,
3283 1853 3397 1908 sive
3439 1868 3546 1924 per
3585 1851 3812 1906 confes-

2166 1952 2350 2006 siones
2377 1951 2528 2022 apud
2571 1955 2760 2005 sancta
2801 1949 2896 2004 Dei
2939 1949 3161 2019 eloquia
3187 1945 3524 2018 propositas,
3560 1961 3682 2000 non
3727 1960 3816 1998 so-

2166 2047 2286 2100 lum
2333 2045 2628 2116 utriusque
2665 2042 3004 2099 venerabilis
3055 2043 3257 2096 domus
3299 2038 3812 2110 dispensatoribus,

2167 2139 2266 2194 sed
2297 2138 2468 2193 etiam
2496 2138 2714 2208 majore
2761 2141 2922 2208 parte
2970 2151 3167 2190 eorum
3194 2134 3293 2205 qui
3321 2133 3397 2188 ibi
3421 2131 3818 2186 ministerium

2168 2233 2412 2288 habent.
2455 2232 2591 2296 Quae
2626 2247 2759 2286 vero
2797 2247 2830 2284 a
2867 2230 3034 2285 domo
3059 2227 3342 2300 imperiali
3367 2227 3437 2281 ad
3470 2241 3814 2298 quamcum-

2167 2343 2278 2398 que
2305 2325 2688 2380 venerabilem
2730 2325 2966 2379 domum
2994 2325 3397 2394 pervenerunt,
3425 2323 3528 2375 aut
3562 2319 3817 2391 posthac

2167 2425 2522 2491 perventurae
2561 2423 2712 2488 sunt,
2750 2435 2844 2474 eas
2883 2418 3042 2472 nullo
3084 2417 3254 2471 modo
3283 2415 3547 2482 vendere,
3584 2419 3688 2468 aut
3729 2412 3821 2483 pi-

2170 2513 2334 2584 gnori
2349 2529 2657 2585 opponere,
2676 2516 2776 2567 aut
2793 2517 3138 2584 permutare,
3156 2513 3256 2565 aut
3282 2508 3518 2564 omnino
3555 2507 3822 2562 alienare

2168 2607 2549 2674 concedimus,
2579 2623 2767 2677 neque
2794 2605 2840 2660 si
2879 2604 3225 2660 venerabiles
3261 2603 3318 2658 id
3343 2603 3546 2658 domus
3568 2601 3727 2656 inter
3753 2616 3819 2655 se

2167 2701 2395 2756 faciant.
2433 2700 2575 2766 Quia
2621 2715 2753 2754 vero
2790 2698 3156 2771 cognovimus
3200 2695 3355 2768 quod
3400 2695 3470 2750 ab
3519 2693 3821 2765 aliquibus

2169 2793 2642 2850 monasteriorum
2667 2810 2896 2864 quoque
2921 2791 3288 2847 alienationes
3317 2790 3458 2844 ﬁant
3480 2789 3540 2842 in
3564 2788 3698 2856 hoc,
3737 2790 3813 2842 ut

2169 2905 2202 2942 a
2227 2893 2436 2943 sacrata
2463 2888 2646 2942 forma
2671 2888 2742 2943 ad
2779 2887 3055 2958 privatam
3100 2888 3157 2939 et
3187 2884 3482 2956 profanam
3521 2881 3815 2937 transfor-

2170 2987 2398 3037 mentur
2414 2981 2916 3050 conversationem,
2946 2985 3004 3034 et
3029 2980 3136 3034 hoc
3156 2978 3421 3032 omnibus
3445 2977 3627 3031 modis
3669 2992 3817 3047 pro—

2171 3076 2452 3131 hibemus.
2487 3075 2645 3139 Quod
2693 3075 2740 3129 si
2781 3075 2892 3129 tale
2939 3072 3153 3145 aliquid
3197 3072 3410 3126 factum
3458 3070 3820 3138 inveniatur,

2171 3169 2488 3240 praebemus
2509 3168 2796 3222 licentiam
2827 3166 3252 3238 religiosissimo
3272 3165 3393 3236 ejus
3410 3164 3518 3218 loci
3539 3163 3821 3235 episc0po

2171 3268 2235 3317 ut
2257 3263 2315 3317 id
2343 3261 2752 3316 monasterium
2779 3261 3046 3330 vindicet,
3080 3265 3137 3314 et
3171 3259 3240 3314 ad
3271 3262 3522 3313 veterem
3553 3256 3817 3312 formam

2171 3355 2420 3410 reducat.
2459 3357 2630 3410 Porro
2671 3355 2718 3408 si
2768 3371 2879 3426 qua
2927 3353 3330 3424 praedictarum
3395 3349 3818 3406 venerabilium

2171 3449 2449 3504 domuum
2477 3453 2601 3504 tum
2630 3449 2690 3503 in
2715 3448 2875 3519 regia
2901 3446 3059 3514 urbe,
3098 3451 3224 3502 tum
3267 3446 3328 3500 in
3354 3443 3659 3518 provinciis
3693 3443 3818 3498 exi-

2171 3543 2460 3612 stentium,
2503 3548 2738 3614 excepta
2783 3545 3130 3596 sacrosancta
3178 3539 3350 3611 regiae
3393 3539 3551 3594 urbis
3585 3539 3816 3609 majore

2172 3635 2425 3703 ecclesia,
2454 3635 2862 3708 possessionem
2889 3634 3094 3690 habeat
3136 3633 3329 3688 multis
3351 3633 3818 3704 praestationibus

2171 3729 2410 3800 publicis
2437 3733 2746 3801 gravatam,
2776 3745 2846 3784 ex
2885 3745 2997 3800 qua
3035 3727 3224 3782 nullus
3269 3727 3484 3782 reditus
3527 3727 3817 3782 inferatur

2173 3823 2478 3878 venerabili
2505 3823 2719 3890 domui,
2748 3823 3035 3878 licentiam
3061 3822 3384 3894 praebemus
3409 3821 3534 3892 ejus
3565 3837 3812 3876 venera-

2171 3916 2299 3972 bilis
2325 3917 2525 3972 domus
2555 3916 3029 3989 dispensatoribus
3070 3921 3134 3970 ut
3169 3915 3343 3970 talem
3367 3913 3809 3986 possessionem,

2173 4027 2511 4082 quocunque
2533 4011 2708 4065 velint
2749 4010 2938 4078 moda,
2966 4010 3036 4064 ad
3066 4011 3188 4080 ejus
3229 4008 3564 4063 venerabilis
3607 4009 3816 4064 domus

2173 4104 2475 4159 utilitatem
2503 4103 2750 4159 alienent
2777 4120 2792 4158 :
2820 4103 3206 4158 monumentis
3231 4102 3488 4157 videlicet
3515 4107 3572 4156 et
3609 4103 3675 4156 in
3701 4103 3812 4158 hac

2172 4197 2508 4252 alienatione
2543 4196 2696 4269 apud
2733 4213 2828 4251 eos
2870 4196 3250 4266 conﬁciendis,
3280 4213 3315 4250 a
3351 4195 3560 4266 quibus
3598 4197 3808 4267 hujus-

2173 4290 2329 4346 modi
2358 4291 2612 4345 locorum
2655 4289 3068 4362 dispensatores
3108 4294 3536 4360 promoventur,
3575 4295 3679 4344 aut
3713 4306 3810 4344 or-

2173 4379 2478 4446 dinantur;
2507 4383 2564 4434 et
2585 4378 2658 4434 ad
2682 4384 2902 4434 sanctas
2930 4379 3243 4450 Scripturas
3271 4378 3597 4450 jurantibus
3617 4421 3632 4446 ,
3687 4383 3806 4434 tam

2090 4486 2151 4560 D
2175 4473 2454 4544 ejusmodi
2487 4471 2815 4528 venerabilis
2849 4473 3050 4558 domus
3084 4472 3446 4539 antistitibus,
3475 4487 3650 4544 quam
3681 4489 3806 4526 ma-

2167 4567 2292 4637 jore
2335 4570 2494 4638 parte
2530 4582 2731 4622 eorum
2767 4565 2868 4638 qui
2906 4566 2987 4621 ibi
3009 4551 3332 4621 ministeria
3367 4565 3610 4633 obeunt,
3655 4566 3812 4637 quod

2175 4676 2359 4732 neque
2403 4676 2507 4732 per
2545 4659 2948 4731 proditionem,
2991 4675 3176 4730 neque
3214 4659 3286 4714 ad
3325 4659 3585 4730 gratiam,
3621 4675 3812 4731 neque

2174 4753 2430 4825 qualibet
2470 4745 2993 4824 circumscriptione
3035 4752 3134 4808 ﬁat
3157 4751 3440 4819 alienatio,
3468 4752 3567 4808 sed
3615 4759 3682 4808 ut
3729 4753 3815 4807 in-

2174 4847 2458 4902 demnitas
2509 4847 2563 4901 ei
2612 4845 2914 4901 venerabili
2963 4845 3158 4901 domui
3202 4850 3582 4901 conservetur.
3635 4846 3810 4917 Atqui

2173 4941 2492 5008 oeconomis,
2543 4945 2600 4996 et
2648 4939 3144 5011 dispensatoribus,
3185 4944 3242 4994 et
3267 4939 3622 4994 chartulariis
3663 4956 3811 5012 qua-

2173 5051 2526 5106 rumcunque
2565 5033 2978 5090 venerabilium
3021 5033 3320 5101 domuum,
3347 5049 3534 5106 neque
3563 5049 3686 5088 non
3711 5050 3810 5088 eo-

2175 5143 2303 5182 rum
2329 5127 2676 5199 parentibus,
2726 5143 2790 5181 ac
2815 5127 3026 5195 liberis,
3055 5131 3112 5182 et
3136 5127 3278 5195 aliis,
3311 5128 3410 5200 qui
3445 5142 3681 5198 genere,
3710 5131 3814 5182 aut

2175 5221 2462 5276 affinitatis
2491 5222 2622 5292 jure
2666 5219 2774 5275 illis
2812 5220 3099 5290 conjuncti
3143 5226 3294 5290 sunt,
3340 5221 3672 5287 locationes,
3721 5223 3812 5278 vel

2173 5315 2589 5386 emphyteuses,
2617 5315 2702 5369 vel
2731 5314 3068 5384 emptiones,
3097 5314 3184 5368 vel
3224 5315 3570 5393 hypothecas
3611 5333 3808 5372 rerum

2175 5407 2550 5464 immobilium
2575 5408 2645 5464 ad
2673 5424 2769 5464 eas
2793 5407 3140 5464 venerabiles
3165 5408 3364 5464 domos
3389 5410 3808 5480 pertinentium

2172 5501 2362 5558 subire
2390 5501 2474 5557 vel
2512 5518 2618 5574 per
2663 5517 2744 5570 se,
2786 5501 2874 5557 vel
2910 5517 3012 5574 per
3050 5501 3442 5573 interpositam
3479 5519 3804 5574 personam,

2173 5595 2658 5668 quemadmodum
2681 5599 2738 5652 et
2762 5595 2822 5650 in
2847 5595 2918 5650 iis
2946 5595 3044 5668 qui
3065 5595 3130 5654 in
3155 5597 3319 5669 regia
3348 5597 3492 5654 urbe
3519 5603 3680 5666 sunt,
3709 5599 3806 5654 iis-

2169 5690 2300 5745 dem
2326 5689 2504 5760 pcenis
2523 5688 2932 5746 interdicimus.
3277 5712 3290 5718 ι

2240 5783 2296 5840 Si
2332 5783 2458 5856 quis
2501 5799 2634 5842 vero
2668 5785 2918 5853 colonus,
2965 5787 3063 5842 aut
3105 5786 3471 5858 emphyteuta
3514 5802 3589 5845 ex
3627 5787 3804 5846 rebus
