4056 6184
242 321 379 377 1017

1092 313 1463 375 JUSTINIANI
1499 313 1830 374 NOVELLE
1864 314 2202 374 SELECTE.
2241 315 2550 374 NOVELLA
2587 311 2736 374 CXX.

3456 309 3590 377 lOtS
3641 383 3644 386 ,

234 430 330 484 vel
355 428 426 484 ad
450 426 872 511 sacrosanctam
901 426 1187 496 majorem
1210 426 1533 496 ecclesiam,
1571 427 1660 481 vel
1689 425 1866 482 aliam
1887 436 1947 511 Α
1968 443 2099 498 quae
2125 429 2184 482 et
2203 426 2566 482 tantumdem
2593 425 2814 482 reditus
2835 423 3049 480 habeat
3076 428 3358 497 quantum
3384 443 3475 482 res
3493 428 3595 483 ha-

235 500 630 578 venerabileni
647 521 885 576 domum
899 519 1244 592 ubicumque
1258 521 1515 575 locorum
1537 526 1746 576 nostrae
1762 521 1870 575 rei-

239 616 486 688 publicm
505 616 752 686 positam
772 613 1195 686 pertinentibus
1213 613 1484 685 aliquam,
1510 630 1686 685 quam
1703 631 1864 669 acce-

237 711 346 781 pit,
388 713 488 764 aut
517 709 754 779 posthac
790 707 1093 778 acceperit,
1132 707 1481 762 deteriorem
1526 707 1745 776 fecerit,
1778 708 1866 762 vel

240 820 348 876 per
375 801 675 857 biennium
705 801 1033 856 confessum
1074 804 1132 855 et
1162 804 1327 872 pacto
1363 804 1707 856 conventum
1741 817 1862 855 em-

239 896 656 970 phyteuticum,
681 899 780 950 aut
802 895 1233 966 pcnsionarium
1257 911 1540 949 canonem
1569 911 1680 949 non
1712 894 1863 949 intu-

238 991 394 1055 lerit,
427 989 630 1044 damus
660 989 951 1043 licentiam
982 987 1294 1042 venerabili
1328 987 1546 1056 domui,
1574 1005 1608 1042 a
1645 1005 1758 1060 quo
1789 989 1868 1042 lo-

241 1083 391 1138 catio
418 1086 514 1136 aut
540 1081 933 1155 emphyteusis
953 1081 1242 1136 celebrata
1273 1081 1398 1148 fuit,
1428 1084 1491 1135 ut
1517 1087 1636 1136 tam
1657 1086 1864 1153 praete-

237 1176 337 1230 riti
357 1175 630 1247 temporis
647 1175 860 1242 debita,
881 1177 939 1228 et
953 1180 1206 1228 veterem
1223 1178 1436 1230 statum
1450 1191 1516 1229 ac
1528 1174 1866 1245 qualitatem

240 1271 442 1324 locatae
471 1286 569 1322 seu
609 1267 667 1322 in
707 1267 1135 1338 emphyteusim
1169 1267 1314 1322 datae
1341 1267 1426 1322 rei
1454 1268 1662 1339 exigat,
1693 1285 1867 1340 quam

240 1361 604 1434 emphyteusi
634 1367 732 1416 aut
759 1361 1044 1416 locatione
1085 1361 1334 1432 depellat
1365 1377 1497 1415 eum
1535 1362 1632 1432 qui
1677 1379 1866 1433 neque

240 1455 708 1510 meliorationum
757 1454 992 1508 nomine
1033 1460 1231 1508 contra
1266 1453 1623 1509 venerabiles
1665 1455 1867 1510 domos

241 1549 529 1604 actionem
549 1547 802 1618 aliquam
830 1563 1060 1602 movere
1084 1547 1281 1618 possit.
1304 1549 1587 1602 Caeterum
1613 1549 1660 1602 si
1680 1549 1868 1620 depel-

240 1645 360 1696 lere
389 1658 521 1696 eum
550 1641 1196 1712 dispensatoresharum
1225 1641 1429 1707 nolint,
1455 1641 1606 1712 exigi
1629 1642 1865 1712 quidem

241 1735 315 1790 ab
346 1751 413 1789 eo
442 1734 808 1805 praecipimus
839 1751 907 1788 ea
937 1750 1064 1804 qua:
1090 1751 1156 1788 ex
1187 1733 1565 1789 conductione
1607 1738 1707 1789 aut
1744 1751 1863 1790 em-

240 1803 505 1900 phyteusi
533 1803 744 1882 debere
767 1803 1148 1897 cognoscitur.
1171 1827 1468 1898 Tantisper
1495 1831 1710 1896 autem,
1729 1828 1866 1884 dum
1884 1803 1942 1875 B

238 1920 588 1992 praefinitum
634 1924 856 1990 tempus
892 1924 1074 1987 exeat,
1115 1919 1311 1974 datam
1344 1921 1450 1974 sibi
1486 1937 1609 1974 rem
1640 1923 1688 1976 is
1715 1921 1864 1976 obti-

243 2018 397 2082 neat,
427 2014 474 2067 si
511 2017 678 2084 pacto
710 2017 988 2068 conventa
1025 2017 1274 2085 praestet.
1307 2017 1378 2068 At
1408 2013 1453 2067 si
1481 2014 1763 2085 diffugiat,
1797 2016 1862 2070 li-

241 2108 490 2162 centiam
531 2107 854 2178 praebemus
893 2123 1095 2162 earum
1135 2106 1553 2162 venerabilium
1585 2108 1864 2163 domuum

244 2200 609 2267 antistitibus,
635 2203 696 2254 ut
715 2201 1136 2256 venerabilibus
1158 2199 1428 2255 domibus
1447 2217 1511 2255 ex
1533 2201 1681 2256 illius
1700 2202 1868 2256 bonis

242 2294 685 2350 indemnitatem
719 2299 994 2361 asserant,
1033 2297 1362 2366 nequeunte
1395 2311 1462 2348 eo
1491 2312 1562 2349 ne
1601 2295 1708 2350 hac
1737 2296 1863 2368 qui-

244 2388 376 2443 dem
397 2392 558 2459 parte
590 2388 802 2459 aliquid
827 2389 899 2442 de
928 2388 1425 2442 meliorationibus
1449 2405 1796 2460 proponere.

314 2477 697 2532 Sacrosanctis
729 2476 977 2530 ecclesiis
1023 2476 1220 2532 Odessi
1257 2482 1314 2531 et
1341 2477 1640 2532 Tomensis
1671 2478 1861 2532 civita-

243 2575 364 2626 tum
391 2571 798 2642 permittimus,
823 2569 996 2624 utres
1023 2569 1349 2625 immobiles
1372 2587 1478 2642 pro
1505 2571 1864 2643 captivorum

241 2664 638 2736 redemptione
665 2663 940 2731 alienent,
969 2663 1078 2718 nisi
1117 2680 1186 2718 ea
1217 2663 1549 2719 conditione
1577 2666 1864 2736 quaepiam

243 2758 377 2830 ipsis
403 2757 788 2829 possessiones
815 2757 964 2812 datae
995 2760 1146 2824 sunt,
1175 2774 1248 2811 ne
1281 2757 1396 2812 ullo
1425 2763 1589 2828 pacto
1616 2759 1867 2813 alienen-

240 2857 351 2907 tur.
381 2852 497 2906 Hoc
525 2867 754 2922 quoque
780 2850 1162 2916 concedimus,
1195 2855 1257 2905 ut
1283 2857 1642 2907 sacrosancta
1673 2853 1866 2906 Hiero-

243 2947 594 3016 solymorum
623 2944 869 2998 Ecclesia
897 2943 1188 2999 licentiam
1227 2944 1440 2999 habeat
1465 2944 1670 2999 domos
1705 2945 1778 3000 ad
1806 2962 1864 2999 se

241 3039 614 3111 pertinentes,
647 3042 703 3092 et
729 3037 786 3092 in
833 3037 956 3108 ipsa
1003 3043 1197 3092 sancta
1237 3037 1458 3092 civitate
1498 3038 1713 3109 positas
1737 3056 1865 3094 ven-

243 3133 408 3199 dere;
430 3132 530 3186 sed
554 3147 669 3186 non
697 3132 922 3186 minore
941 3131 1125 3202 pretio
1153 3147 1328 3202 quam
1352 3136 1632 3203 quantum
1655 3137 1712 3187 et
1731 3131 1866 3204 ipsis
1885 3169 1940 3244 Ο

386 3224 609 3244 ,μειμ
642 3241 744 3244 μμ
786 3223 1190 3244 W._“___,_,_
1355 3242 1403 3244 __
1436 3242 1460 3244 ᾼ
1486 3241 1525 3244 μ

241 3224 613 3298 pensionibus
641 3241 746 3296 per
777 3223 1201 3298 quinquaginta
1225 3242 1407 3280 annos
1435 3225 1613 3296 possit
1653 3226 1864 3297 colligi,

241 3323 306 3374 ut
343 3336 408 3373 ex
443 3319 649 3372 harum
680 3318 866 3389 pretio
893 3318 1163 3372 meliores
1183 3319 1402 3373 reditus
1432 3323 1864 3390 comparentur.

243 3411 548 3468 Enimvero
579 3412 622 3465 si
665 3411 762 3482 qui
799 3411 1118 3482 cuicunque
1149 3411 1458 3466 venerabili
1501 3413 1717 3480 domui,
1749 3413 1865 3468 sive

238 3508 301 3562 in
331 3506 491 3576 regia
517 3505 762 3571 civitate,
805 3505 920 3559 sive
960 3504 1018 3558 in
1048 3504 1358 3576 provinciis
1400 3505 1600 3576 positas
1645 3506 1867 3560 steriles

237 3599 629 3671 possessiones
665 3597 1026 3664 donaverint,
1070 3600 1168 3651 aut
1197 3597 1577 3664 vendiderint,
1617 3603 1714 3654 aut
1751 3599 1865 3654 alio

237 3692 414 3748 modo
436 3690 828 3763 praestiterint,
859 3696 957 3745 aut
983 3689 1341 3760 reliquerint,
1361 3691 1630 3761 jubemus
1659 3695 1720 3746 ut
1745 3694 1868 3746 nul-

237 3788 357 3840 lum
402 3801 508 3856 pro
536 3783 615 3855 iis
643 3783 812 3838 rebus
844 3783 1123 3838 damnum
1169 3784 1511 3840 venerabilis
1551 3785 1759 3840 domus
1794 3786 1868 3840 ad

239 3891 418 3948 quam
447 3873 577 3928 talis
606 3873 868 3944 pervenit
903 3871 1184 3944 possessio
1225 3873 1524 3943 sustineat,
1555 3877 1655 3928 aut
1682 3873 1865 3930 tribu-

235 3975 433 4024 torum
467 3967 723 4034 nomine,
755 3967 842 4020 vel
880 3981 1239 4038 quacumque
1272 3966 1384 4021 alia
1415 3966 1486 4037 de
1526 3984 1698 4022 causa
1726 3984 1868 4039 prea-

235 4066 528 4135 gravetur,
568 4060 669 4115 sed
709 4076 884 4114 omne
924 4059 982 4114 id
1019 4076 1164 4114 onus
1211 4059 1268 4114 in
1309 4076 1405 4114 eos
1440 4060 1538 4131 qui
1584 4060 1868 4117 dederunt

235 4154 569 4211 haeredesve
617 4170 818 4208 eorum
861 4152 1221 4220 devolvatur,
1274 4153 1562 4224 cogendos
1615 4155 1866 4226 recipere

234 4250 336 4320 huj
347 4247 571 4303 usmodi
601 4247 1085 4320 possessiones,et
1099 4247 1168 4302 de
1197 4247 1544 4318 patrimonio
1568 4265 1669 4304 suo
1691 4265 1867 4304 omne

236 4341 607 4414 dispendium
633 4340 944 4396 venerabili
973 4340 1169 4396 domui
1207 4357 1272 4394 ex
1301 4341 1408 4395 hac
1439 4341 1520 4396 illi
1545 4359 1717 4398 causa
1742 4360 1870 4414 pro-

233 4437 480 4492 veniens
503 4435 826 4490 restituere.
861 4433 975 4489 Sed
1007 4439 1064 4489 et
1086 4433 1130 4488 si
1165 4433 1494 4506 hujusmodi
1523 4435 1685 4490 dolus
1712 4436 1772 4491 in
1801 4453 1870 4492 ea

1966 523 2065 577 bet
2087 538 2214 594 qua:
2239 521 2346 592 ipsi
2377 521 2566 587 datur,
2600 537 2787 592 neque
2816 519 3170 591 gravioribus
3204 521 3589 590 praestationi—

1966 615 2072 670 bus
2108 614 2351 686 publicis
2380 617 2616 686 gravata
2643 614 2734 681 sit,
2764 618 2826 668 ut
2855 617 2984 684 post
3011 613 3160 667 illius
3191 618 3460 682 mortem,
3494 618 3614 670 aut-

1965 714 2194 780 tempus
2221 709 2294 763 ad
2325 709 2480 779 quod
2507 709 2705 763 datum
2737 723 2900 762 usum
2939 706 3148 761 durare
3201 707 3434 778 placuit,
3473 725 3592 763 non

1967 801 2382 857 transcendens
2425 801 2691 856 videlicet
2723 801 3056 872 accipientis
3091 801 3301 866 vitam,
3349 805 3594 874 utraque

1967 912 2059 950 res
2082 901 2202 952 tam
2232 895 2581 968 proprietate
2602 912 2777 966 quam
2799 895 3093 950 usufructu
3116 895 3190 949 ad
3218 895 3484 949 eamdem
3503 912 3595 951 ve-

1968 989 2285 1044 nerabilem
2304 989 2543 1044 domum
2565 988 2880 1060 perveniat.
2902 989 3090 1059 Atque
3117 989 3238 1043 haec
3263 987 3502 1060 quidem
3519 988 3590 1043 de

1968 1083 2360 1138 immobilibus
2381 1083 2552 1138 rebus
2573 1082 2965 1154 praecepimus.
2996 1083 3071 1136 De
3096 1082 3270 1136 sacris
3291 1099 3426 1137 vero
3448 1081 3593 1137 vasis

1969 1197 2096 1252 quae
2113 1181 2186 1236 ad
2206 1181 2471 1236 eamdem
2483 1185 2906 1236 sacrosanctam
2925 1181 3102 1252 regiae
3124 1181 3279 1236 urbis
3306 1181 3590 1252 majorem

1969 1280 2288 1346 ecclesiam,
2329 1284 2429 1334 aut
2455 1281 2526 1335 ad
2555 1280 2666 1335 alia
2698 1279 2948 1334 oratoria
2977 1280 3302 1352 ubicunque
3331 1281 3592 1336 locorum

1969 1386 2175 1436 nostrae
2201 1379 2526 1451 reipublicae
2554 1379 2742 1450 posita
2765 1379 3077 1449 pertinent,
3098 1379 3446 1450 generaliter
3475 1380 3592 1435 dis-

1966 1479 2234 1552 ponimus
2255 1483 2450 1532 utnon
2472 1477 2636 1532 aliter
2653 1477 2775 1530 haec
2793 1476 3136 1543 vendantur,
3157 1481 3594 1548 opponanturve

1964 1577 2216 1650 pignori,
2243 1592 2419 1648 quam
2449 1591 2552 1646 pro
2591 1575 2949 1645 captivorum
2977 1574 3399 1646 redemptione.
3442 1577 3594 1630 Sane

1965 1675 2009 1730 si
2030 1677 2341 1746 pluravasa
2368 1674 2426 1728 in
2456 1690 2572 1728 una
2598 1673 2791 1744 aliqua
2818 1677 3273 1728 memoratarum
3292 1673 3592 1728 venerabi-

1967 1772 2106 1827 lium
2151 1773 2428 1826 domuum
2459 1771 2592 1838 sint,
2622 1787 2750 1842 quae
2795 1771 3179 1825 necessarium
3211 1771 3281 1825 de
3326 1788 3384 1824 se
3429 1788 3596 1827 usum

1969 1883 2084 1921 non
2130 1865 2444 1937 praebeant,
2477 1867 2532 1919 et
2573 1881 2676 1918 usu
2703 1863 2914 1931 veniat,
2955 1869 3016 1918 ut
3053 1864 3332 1935 ejusmodi
3361 1881 3598 1920 venera-

1967 1959 2094 2014 bilis
2137 1959 2291 2013 locus
2339 1975 2451 2012 mre
2483 1957 2668 2012 alieno
2712 1964 3001 2028 gravetur,
3058 1973 3246 2028 neque
3291 1961 3596 2029 suppetant

1967 2057 2092 2112 alia:
2115 2073 2205 2110 res
2235 2056 2500 2123 mobiles,
2531 2072 2596 2108 ex
2625 2055 2832 2125 quibus
2861 2071 2936 2108 ωε
2966 2054 3218 2108 alienum
3249 2055 3474 2108 restitui
3502 2055 3596 2108 de-

1965 2155 2118 2222 beat,
2143 2153 2436 2209 licentiam
2471 2153 2552 2206 eis
2583 2153 2786 2207 damus
2813 2156 2876 2206 ut
2917 2152 3196 2206 confectis
3242 2151 3406 2221 (sicut
3433 2169 3596 2223 supe-

1966 2251 2085 2306 rius
2128 2251 2343 2306 dictum
2395 2252 2496 2319 est)
2536 2254 2797 2305 actorum
2842 2250 3251 2317 monumentis,
3291 2265 3417 2320 quae
3461 2265 3596 2304 vasa

1967 2365 2314 2420 supervacua
2354 2348 2744 2417 inveniuntur,
2787 2365 2853 2402 ea.
2897 2350 2997 2402 aut
3037 2347 3147 2402 iliis
3173 2347 3596 2402 venerabilibus

1965 2448 2106 2502 locis
2124 2463 2250 2518 quae
2266 2446 2354 2500 his
2375 2463 2518 2518 opus
2533 2445 2747 2500 habent
2760 2445 3029 2512 vendant,
3049 2450 3147 2500 aut
3163 2445 3436 2511 conflent,
3453 2449 3510 2499 et
3526 2445 3596 2499 si-

1967 2545 2181 2602 militer
2198 2544 2468 2612 vendant,
2484 2544 2844 2616 pretiumque
2863 2560 3064 2598 eorum
3076 2543 3150 2598 ad
3172 2542 3595 2598 dissolvendum

1965 2659 2042 2696 aes
2060 2641 2311 2697 alienum
2339 2641 2646 2709 conferant,
2673 2657 2746 2696 ne
2777 2658 2869 2696 res
2898 2641 3220 2696 immobiles
3253 2640 3589 2695 alienentur.

2035 2757 2094 2812 Si
2115 2762 2315 2812 contra
2335 2774 2403 2812 ea
2435 2773 2563 2829 quas
2591 2761 2922 2828 praesentea
2949 2756 3114 2812 nobis
3133 2757 3261 2825 lege
3287 2754 3594 2810 interdicta

1965 2855 2097 2905 sunt
2135 2853 2462 2906 contractus
2501 2849 2707 2921 aliquis
2733 2850 2792 2904 in
2821 2849 2993 2904 rebus
3021 2849 3331 2904 mobilibus
3363 2864 3492 2920 quae
3521 2847 3594 2902 ad

1967 2961 2139 2999 unam
2162 2943 2412 3016 aliquam
2442 2943 2847 3016 przedictarum
2873 2942 3289 2998 venerabilium
3310 2941 3592 2997 domuum

1964 3038 2259 3110 pertinent
2273 3037 2613 3104 celebretur,
2634 3053 2750 3092 non
2777 3041 3001 3092 tantum
3022 3037 3400 3092 sacrosancta:
3420 3035 3596 3090 eccle-

1966 3132 2083 3200 siae,
2113 3135 2211 3186 aut
2239 3130 2552 3186 venerabili
2588 3129 2788 3186 domui
2823 3147 2893 3185 ea
2917 3147 3030 3198 res,
3067 3130 3127 3184 in
3167 3147 3280 3202 qua
3306 3129 3421 3184 tale
3454 3127 3595 3200 quid

1968 3225 2335 3280 subsecutum
2363 3228 2467 3291 est,
2492 3241 2622 3280 cum
2646 3224 2821 3280 medii
2841 3225 3115 3297 temporis
3136 3223 3411 3278 fructibus
3435 3221 3597 3276 resti-

1966 3319 2159 3386 tuitor,
2193 3319 2292 3372 sed
2333 3317 2504 3372 etiam
2530 3318 2799 3388 pretium,
2835 3323 2933 3372 aut
2963 3317 3117 3388 quod
3147 3313 3593 3370 remunerandus

1966 3411 2313 3476 donationis,
2358 3413 2455 3464 aut
2497 3409 2957 3480 permutationis,
3002 3413 3101 3464 aut
3138 3408 3372 3464 alterius
3400 3407 3591 3478 cujus-

1965 3521 2188 3576 cunque
2215 3521 2396 3558 causae
2422 3502 2654 3557 nomine
2683 3503 2881 3557 datum
2907 3506 3012 3570 est,
3032 3503 3184 3574 apud
3203 3502 3388 3574 ipsam
3409 3516 3595 3556 rema-

1967 3602 2119 3654 neto.
2151 3597 2314 3662 Quod
2346 3597 2390 3651 si
2419 3596 2809 3668 emphyteusis
2840 3602 3036 3652 contra
3067 3595 3374 3652 interdicta
3401 3597 3593 3648 nostra

1965 3695 2196 3764 peracta
2227 3691 2317 3760 sit,
2339 3690 2610 3761 jubemus
2643 3693 2706 3744 ut
2732 3693 2789 3744 et
2813 3693 3186 3746 sacrosanctae
3213 3688 3464 3744 ecclesiae
3495 3689 3594 3742 aut

1967 3784 2382 3840 venerabilibus
2401 3783 2538 3838 locis
2563 3799 2633 3838 ea
2665 3800 2754 3838 res
2775 3782 3068 3851 reddatur,
3088 3787 3148 3838 et
3165 3786 3447 3855 prteterea
3476 3797 3595 3836 em-

1965 3878 2381 3951 phyteuticum,
2405 3876 2722 3932 secundum
2750 3878 2904 3950 quod
2931 3878 3207 3949 placitum
3225 3879 3329 3945 est,
3359 3879 3596 3948 praeste-

1967 3976 2081 4040 tur,
2110 3971 2456 4044 ﬁniaturque
2484 3974 2712 4042 pactum
2736 3971 3052 4027 secundum
3070 3971 3341 4026 virtutem
3356 3969 3596 4042 emphy-

1969 4065 2323 4122 teuticalium
2338 4066 2868 4121 instrumentorum.
2893 4065 2954 4122 Si
2974 4082 3064 4122 res
3080 4064 3483 4134 ecclesiastica,
3495 4065 3598 4118 aut

1967 4160 2200 4215 alterius
2228 4159 2569 4214 venerabilis
2599 4160 2807 4216 domus
2845 4159 3062 4215 donata
3090 4160 3181 4227 sit,
3213 4161 3334 4213 tam
3360 4157 3481 4228 ipsa
3511 4155 3591 4210 ei-
3640 4169 3643 4171 '

1968 4254 2099 4310 dem
2126 4259 2498 4308 sacrosanctae
2527 4253 2738 4324 majori
2767 4253 3039 4320 ecclesiae,
3067 4255 3168 4306 aut
3197 4251 3321 4306 aliis
3352 4265 3590 4304 venera-

1967 4347 2175 4402 bilibus
2203 4347 2472 4401 domibus
2497 4363 2627 4400 cum
2659 4345 2838 4400 medii
2865 4344 3144 4416 temporis
3170 4343 3446 4399 fructibus
3470 4341 3594 4397 red-

1971 4440 2158 4510 datur,
2187 4455 2361 4512 quam
2388 4438 2562 4494 etiam
2590 4439 2832 4494 alterum
2865 4441 3110 4505 tantum,
3156 4437 3310 4508 quod
3343 4435 3592 4490 aestima-

235 4548 303 4586 re
342 4530 745 4600 subsequatur,
786 4530 850 4582 ut
877 4544 979 4600 pro
1011 4545 1078 4582 eo
1115 4528 1431 4583 venerabili
1477 4528 1676 4584 domui
1712 4535 1946 4613 certaD
1968 4533 2122 4588 tione
2151 4549 2278 4587 eam
2307 4548 2428 4587 rem
2457 4537 2664 4604 aequet.
2699 4532 2754 4587 Si
2783 4532 2902 4586 haec
2931 4535 3134 4586 contra
3156 4530 3368 4603 pignus
3395 4529 3594 4584 datum

233 4625 412 4679 detur
433 4622 692 4695 pecuniae
723 4638 970 4688 summa,
1000 4622 1272 4693 jubemus
1297 4625 1360 4676 ut
1385 4625 1443 4676 et
1478 4622 1626 4677 hanc
1657 4622 1762 4677 sibi
1801 4640 1870 4678 ea

229 4717 584 4773 venerabilis
601 4716 810 4771 domus
827 4716 986 4771 lucro
1005 4715 1230 4770 habeat.
1249 4715 1482 4771 Steriles
1499 4721 1691 4772 autem
1706 4733 1798 4772 res
1815 4717 1871 4773 ei

228 4813 336 4886 qui
356 4811 519 4866 dedit
547 4812 645 4864 aut
665 4809 824 4865 omni
845 4809 1018 4864 modo
1052 4809 1379 4868 haeredibus
1399 4809 1519 4882 ejus
1541 4811 1867 4866 restituant.

227 4906 324 4962 Ad
345 4904 759 4976 hiecjubemus
778 4906 839 4958 ut
865 4903 1020 4958 nulla
1049 4903 1424 4958 sacrosanctis
1461 4905 1735 4972 ecclesiis,
1771 4909 1872 4960 aut

229 4999 368 5055 aliis
389 4996 809 5052 venerabilibus
829 4995 988 5064 locis,
1012 4999 1130 5051 tam
1159 4995 1217 5050 in
1251 4997 1410 5068 regia
1433 4998 1574 5052 urbe
1604 5014 1780 5070 quam
1811 4999 1870 5052 in

228 5092 512 5149 omnibus
530 5090 859 5162 reipublicae
877 5093 1086 5145 nostra:
1107 5090 1414 5161 provinciis
1430 5091 1649 5162 positis,
1677 5107 1872 5146 neces-

229 5187 378 5242 sitas
411 5185 718 5240 inducatur
751 5187 812 5238 ut
840 5183 1062 5239 steriles
1099 5187 1198 5239 aut
1233 5183 1450 5238 fertiles
1484 5184 1871 5255 possessiones

225 5280 569 5350 ubicunque
585 5280 842 5334 locorum
866 5277 1002 5332 sitas
1021 5280 1240 5345 emant,
1256 5295 1327 5332 ne
1347 5295 1450 5349 per
1467 5278 1614 5333 hanc
1627 5279 1872 5334 occasio-

228 5391 377 5429 nem
405 5373 491 5427 vel
512 5389 608 5428 eas
629 5389 771 5444 quas
788 5371 1025 5439 habent,
1056 5371 1311 5443 obligare
1337 5371 1868 5443 deprehendantur.

225 5471 483 5538 Insuper
504 5466 552 5521 si
589 5467 716 5538 quis
742 5483 866 5520 rem
899 5465 1262 5520 immobilem
1291 5465 1429 5520 velit
1473 5483 1606 5520 usus
1637 5466 1870 5522 nomine

223 5561 304 5616 ab
319 5559 519 5632 aliqua
533 5559 939 5632 praedictarum
951 5575 1016 5613 ve
1024 5557 1364 5614 nerabilium
1379 5558 1655 5614 domuum
1676 5559 1869 5631 (quem

223 5653 558 5710 admodum
593 5657 651 5709 et
671 5654 932 5726 superius
959 5653 1030 5708 de
1065 5652 1488 5708 venerabilibus
1519 5652 1784 5709 domibus
1809 5653 1871 5709 in

220 5748 396 5819 regia
435 5747 576 5802 urbe
621 5747 816 5820 positis
855 5746 1259 5819 disposuimus)
1290 5762 1514 5817 capere,
1550 5763 1662 5801 non
1704 5748 1872 5802 aliter

213 5843 392 5898 hanc
426 5842 636 5913 capite,
671 5841 780 5897 nisi
819 5841 1080 5914 protinus
1120 5841 1362 5896 alteram
1408 5857 1530 5895 rem
1557 5840 1870 5896 venerabili

214 5936 442 5993 domui
469 5953 502 5990 a
531 5953 644 6008 qua
665 5953 793 5993 eam
818 5953 943 5994 rem
969 5935 1139 6009 capit,
1164 5935 1296 6007 jure
1330 5934 1570 5990 dominii
1594 5934 1864 6007 prmbeat.

1968 4626 2158 4695 fuerit,
2191 4627 2441 4681 creditor
2485 4629 2542 4681 et
2581 4625 2836 4681 debitum
2884 4625 3152 4694 amittito,
3197 4629 3255 4680 et
3301 4641 3429 4679 eam
3469 4639 3596 4679 rem

1967 4720 2278 4776 venerabili
2297 4719 2496 4775 domui
2518 4719 2821 4789 restituito,
2851 4718 3250 4775 tabellionibus
3275 4717 3372 4790 qui
3399 4721 3598 4773 contra

1968 4815 2117 4870 hanc
2141 4819 2396 4870 nostram
2423 4815 2614 4886 legem
2649 4813 2858 4870 talibus
2898 4814 3169 4869 inservire
3200 4812 3593 4868 instrumentis

1969 4907 2455 4980 praesumpserint,
2484 4911 2762 4980 perpetuo
2791 4907 3247 4963 condemnandis
3267 4905 3596 4962 exsilio.Po—

1971 5002 2184 5052 stremo
2215 4997 2261 5052 si
2291 4997 2428 5068 quid
2453 5001 2587 5052 ante
2630 4997 2778 5052 hanc
2805 4998 2994 5069 legem
3030 4995 3344 5050 secundum
3373 4987 3596 5051 veteres

1971 5090 2411 5146 constitutiones
2445 5091 2659 5145 factum
2689 5093 2792 5157 est,
2817 5089 3086 5161 jubemus
3117 5093 3182 5144 ut
3203 5088 3312 5144 hoc
3331 5088 3598 5146 omnibus

1970 5184 2157 5239 modis
2177 5201 2343 5238 suum
2365 5183 2540 5238 robur
2559 5182 2834 5238 obtineat.
2857 5183 3060 5238 Omnia
3081 5199 3216 5237 vero
3241 5199 3370 5254 quae
3397 5187 3598 5238 contra

1971 5280 2190 5334 veteres
2225 5278 2376 5333 facta
2411 5281 2543 5332 sunt
2568 5277 2744 5347 leges,
2782 5275 3027 5331 subverti
3057 5275 3379 5347 sancimus;
3414 5280 3471 5331 et
3505 5293 3597 5330 res

1972 5387 2100 5442 quae
2125 5373 2324 5426 contra
2355 5386 2555 5424 earum
2582 5372 2844 5424 tenorem
2881 5369 3029 5425 data:
3069 5371 3319 5438 fuerunt,
3354 5385 3594 5424 venera-

1970 5464 2177 5520 bilibus
2221 5463 2484 5518 domibus
2525 5462 2767 5518 restitui.
2818 5465 2896 5520 De
2928 5467 3135 5520 caetero
3181 5469 3373 5519 autem
3404 5460 3596 5516 omnia

1973 5557 2287 5612 secundum
2315 5560 2656 5628 praesentem
2701 5557 2827 5612 fieri
2865 5559 3058 5630 legem
3091 5556 3474 5620 decernimus,
3506 5569 3598 5608 va-

1972 5651 2230 5708 cantibus
2246 5651 2485 5723 posthac
2503 5651 2768 5706 omnibus
2789 5651 2915 5707 aliis
2929 5647 3447 5716 constitutionibus,
3468 5664 3596 5719 quae

1969 5747 2028 5800 in
2059 5744 2388 5817 hujusmodi
2417 5743 2640 5800 casibus
2667 5748 2839 5800 antea
2864 5743 3245 5817 promulgatae
3271 5742 3423 5796 sunt.
3463 5743 3596 5807 Quae

1968 5839 2145 5912 igitur
2169 5855 2270 5912 per
2287 5843 2630 5912 praesentem
2650 5839 2710 5894 in
2726 5842 3068 5911 perpetuum
3085 5835 3386 5891 valituram
3400 5836 3592 5907 legem

1971 5937 2162 5990 nostra
2207 5935 2388 5993 sanxit
2435 5933 2834 6006 tranquillitas,
2877 5947 2942 5986 ea
2987 5931 3216 5987 studeto
3263 5932 3595 5988 excellentia
