4056 6184
481 247 612 307 1019

1527 201 1546 210 χ
1612 247 1867 305 SECULI
1902 247 2094 306 SEXTI
2130 249 2686 307 SUPPLEMENTUM.

3697 241 3830 304 i020

473 361 570 413 tua
597 356 854 414 insaucia
897 359 956 413 et
984 355 1312 412 inconvulsa
1341 370 1700 423 conservare,
1737 355 1938 412 edictis
1961 372 2097 412 con-
2121 368 2181 443 Α
2201 357 2430 429 placare
2452 357 2634 412 Deum
2649 355 2966 428 poterunt?
2981 355 3141 420 Quod
3168 369 3302 410 vero
3321 353 3719 443 ordinationes
3739 370 3827 410 sa-

475 450 652 506 suetis
687 456 744 506 et
782 449 1133 506 solemnibus
1172 447 1308 505 locis
1347 465 1452 520 per
1494 448 1692 506 decem
1733 448 1854 504 dies
1885 465 2098 521 propo-

474 543 698 612 nendis,
732 543 900 600 nullis
925 548 1117 598 tamen
1149 542 1503 613 jussionibus
1531 559 1634 614 per
1673 543 1822 598 hanc
1872 559 2098 598 causam

476 639 534 694 in
561 637 879 710 provincias
911 635 1282 691 destinandis.
1328 637 1439 691 Nos
1483 636 1634 690 enim
1674 635 2103 707 providebimus

475 731 764 804 quomodo
781 731 994 801 absque
1013 729 1372 786 subditorum
1391 731 1848 802 collatorumque
1870 729 2101 785 laesione

475 824 740 880 omnibus
764 839 1015 894 praesens
1052 827 1246 878 nostra
1286 823 1568 893 generalis
1600 823 1930 879 constitutio
1961 823 2100 878 insi-

477 920 703 973 nuetur.
737 918 862 972 Dat.
891 933 965 972 vn
992 917 1072 972 Id.
1107 917 1256 984 Maii,
1283 917 1739 988 Constantinop.,
1773 916 1827 973 d.
1862 934 1920 972 n.
1952 917 2096 972 Just.

473 1012 576 1067 PP.
599 1012 769 1083 Aug.,
799 1011 1006 1067 Basilio
1036 1029 1089 1066 ν.
1117 1028 1166 1066 c.
1195 1027 1350 1067 cons.

996 1111 1313 1170 NOVELLA
1355 1112 1574 1169 CXXIII.

781 1200 852 1252 De
872 1197 1243 1252 ecclesiasticis
1269 1197 1494 1252 diversis
1522 1197 1798 1267 capitulis.

545 1293 868 1362 Imperator
895 1289 1242 1346 Justinianus
1260 1292 1550 1362 Augustus
1574 1291 1740 1346 Petro
1771 1288 2104 1362 gloriosissi-

474 1397 568 1436 mo
591 1381 869 1452 magistro
893 1396 1185 1434 sacrorum
1213 1385 1540 1434 nostrorum
1569 1379 1912 1434 ofﬁciorum.

546 1475 625 1528 De
653 1473 1096 1546 dispensatione,
1126 1477 1184 1527 et
1221 1473 1549 1545 privilegiis,
1583 1472 1825 1544 aliisque
1870 1471 2104 1528 diversis

475 1567 734 1639 capitulis
756 1583 955 1621 earum
972 1583 1165 1621 rerum
1191 1583 1317 1638 quae
1336 1567 1403 1622 ad
1427 1570 1814 1621 sacrosanctas
1839 1564 2104 1621 ecclesias

473 1663 530 1714 et
551 1660 690 1716 alias
703 1659 1057 1714 venerabiles
1073 1659 1278 1714 domos
1294 1659 1768 1730 pertinent,nonn
1777 1659 1887 1712 ulla
1897 1658 2017 1728 jam
2031 1659 2104 1714 ad

2200 451 2501 506 cerdotum
2530 449 2836 505 conveniat
2855 465 2985 504 cum
3009 437 3235 504 summa
3254 447 3380 503 ﬁeri
3396 431 3716 518 diligentia,
3740 446 3834 502 do-

2201 547 2292 599 cet
2319 561 2424 600 nos
2464 544 2616 599 inter
2645 545 2868 598 sanctos
2901 543 3127 598 habitus
3153 541 3464 614 Gregorius
3480 541 3830 612 Theologus,

2202 641 2428 693 sanctos
2446 638 2731 708 apostolos
2748 640 2805 691 et
2821 652 3009 691 sacros
3027 641 3252 692 secutus
3273 650 3542 690 canones.
3564 637 3648 689 Ita
3673 635 3832 689 enim

2204 730 2340 788 dicit
2355 731 2412 786 in
2437 747 2648 801 magno
2663 729 3058 802 Apologetico:
3079 729 3260 794 «Quis
3279 732 3478 782 autem
3498 727 3574 782 ad
3593 727 3752 782 Pauli
3767 743 3832 782 se

2203 826 2430 896 regulas
2455 827 2512 878 et
2534 823 2863 895 praescripta
2887 823 3195 878 dimetiens
3227 838 3357 892 quae
3381 821 3454 876 de
3475 820 3757 892 episcopis
3773 823 3836 874 et

2202 917 2547 990 presbyteris
2565 916 2720 984 fecit,
2742 919 2806 971 ut
2817 915 2989 971 sobrii
3010 916 3142 982 sint,
3157 915 3424 982 modesti,
3439 930 3557 969 non
3573 914 3831 969 vinolen-

2203 1013 2268 1079 ti,
2286 1028 2404 1066 non
2423 1027 2806 1082 percussores,
2826 1009 3088 1066 instructi
3106 1008 3182 1064 ad
3204 1009 3549 1074 docendum,
3572 1007 3829 1079 irrepre—

2205 1104 2514 1160 hensibiles
2534 1103 2594 1158 in
2610 1103 2894 1170 omnibus,
2919 1108 2978 1158 et
2993 1103 3138 1158 nihil
3157 1119 3291 1158 cum
3311 1101 3589 1173 improbis
3609 1101 3834 1156 haben-

2207 1203 2292 1254 tes
2317 1197 2669 1264 commercii,
2701 1214 2816 1253 non
2846 1196 3245 1269 deprehendat
3271 1195 3518 1250 multum
3539 1211 3600 1249 se
3625 1195 3697 1248 ab
3724 1195 3837 1249 hac

2204 1293 2540 1363 regularum
2559 1289 2902 1346 rectitudine
2935 1289 3346 1360 discrepare?»
3367 1291 3433 1344 Et
3456 1305 3649 1342 rursus
3675 1287 3836 1342 idem

2205 1385 2283 1440 sic
2295 1384 2460 1440 dicit:
2489 1405 2517 1432 ‹‹
2535 1383 2808 1438 Mundum
2827 1383 2986 1455 prius
3005 1399 3129 1437 esse
3157 1367 3404 1454 oportet,
3430 1381 3636 1436 deinde
3667 1397 3836 1436 mun-

2205 1479 2342 1534 dare
2359 1495 2372 1546 ;
2389 1478 2729 1532 instructum
2749 1475 3055 1549 sapientia,
3087 1479 3259 1547 atque
3281 1475 3360 1530 ita
3385 1475 3460 1529 ad
3485 1474 3836 1545 sapientiam

2205 1572 2519 1640 instruere;
2542 1571 2730 1626 lucem
2749 1570 2896 1637 fieri,
2918 1573 2976 1626 et
2991 1569 3344 1638 illuminare;
3368 1567 3838 1640 appropinquare

2205 1667 2344 1736 Deo,
2378 1668 2436 1720 et
2465 1665 2606 1720 alios
2634 1664 2707 1720 ad
2735 1666 2916 1720 Deum
2944 1663 3265 1728 adducere;
3308 1665 3571 1717 sanctum
3597 1678 3747 1728 esse,
3779 1665 3843 1716 et

473 1759 692 1809 certam
711 1753 1039 1824 redegimus
1055 1747 1300 1807 formam.
1328 1755 1390 1808 In
1412 1752 1716 1824 praesentia
1734 1756 1870 1807 vero
1886 1768 1955 1806 ea
1976 1768 2104 1824 quae
2122 1735 2180 1808 B
2203 1759 2554 1814 sanctiﬁcare
2578 1775 2592 1824 ;
2613 1758 2927 1825 deducere,
2947 1757 3049 1812 sed
3060 1773 3192 1810 cum
3213 1755 3517 1821 manibus;
3538 1755 3678 1810 dare
3709 1771 3843 1809 con-

474 1847 930 1919 religiosissimos
946 1850 1299 1900 concernunt
1312 1846 1630 1918 episcopos,
1647 1845 1903 1912 clericos,
1919 1849 1974 1900 et
1986 1861 2104 1900 mo-

473 1941 704 2006 nachos,
733 1940 791 1995 in
829 1939 1065 1994 diversis
1097 1939 1328 2011 pridem
1367 1939 1643 2012 disposita
1685 1938 2104 1994 constitutioni-

471 2035 596 2101 bus,
613 2034 718 2090 hac
735 2034 860 2104 lege
881 2050 1010 2088 cum
1024 2036 1393 2104 competente
1407 2033 1572 2088 nobis
1585 2031 1939 2088 correctione
1951 2048 2105 2086 com-

472 2127 641 2200 plecti
671 2127 854 2182 visum
878 2130 984 2182 est.
1006 2129 1150 2183 Nam
1179 2126 1223 2180 si
1252 2127 1406 2197 leges
1427 2126 1636 2194 civiles,
1657 2141 1903 2197 quarum
1922 2128 2104 2196 potes-

470 2223 650 2276 tatem
670 2221 804 2276 ﬁdei
823 2225 1030 2275 nostrae
1051 2221 1196 2275 Deus
1221 2237 1324 2292 pro
1341 2236 1443 2275 suo
1465 2235 1606 2291 erga
1625 2219 1886 2274 homines
1905 2234 2102 2274 amore

472 2314 844 2382 concredidit,
869 2331 974 2386 per
1000 2314 1194 2368 omnia
1213 2313 1408 2368 ﬁrmas
1429 2326 1494 2368 ac
1521 2313 1754 2368 stabiles
1773 2311 2101 2368 conservari

471 2413 544 2468 ad
570 2413 923 2468 subditorum
969 2413 1332 2468 securitatem
1376 2411 1694 2482 studemus,
1726 2416 1943 2483 quanto
1976 2411 2104 2482 plus

472 2506 644 2562 studii
669 2507 944 2562 debemus
961 2507 1109 2561 circa
1129 2523 1416 2561 sacrarum
1445 2505 1777 2577 regularum
1803 2509 1860 2560 et
1887 2504 2104 2559 divina-

469 2617 602 2655 rum
632 2601 828 2672 legum
850 2599 1308 2656 observationem
1331 2615 1630 2672 reponere,
1654 2615 1784 2672 quae
1799 2615 1903 2670 pro
1921 2598 2101 2653 salute

473 2694 798 2750 animarum
827 2698 1153 2749 nostrarum
1180 2693 1430 2749 deﬁnitae
1468 2697 1526 2748 et
1561 2692 1885 2748 constitutas
1934 2691 2103 2746 sunt?

473 2788 583 2853 Qui
615 2788 772 2842 enim
809 2803 998 2843 sacros
1033 2787 1333 2842 observant
1360 2802 1628 2856 canones,
1654 2785 1712 2840 hi
1742 2785 1974 2842 Domini
2005 2784 2104 2840 Dei

470 2880 771 2952 potiuntur
801 2880 1050 2936 auxilio:
1083 2885 1140 2935 et
1163 2880 1262 2952 qui
1285 2880 1342 2934 in
1375 2880 1548 2934 hosce
1575 2879 2038 2950 praevaricantur,
2063 2877 2104 2934 ii

471 2973 690 3044 seipsos
709 2973 1517 3043 condemnationisubjiciunt.
1542 2972 1736 3043 Majori
1754 2976 1947 3026 autem
1972 2987 2106 3026 con-

472 3066 544 3120 de
551 3065 831 3120 mnationi
845 3065 1074 3120 obnoxii
1086 3068 1255 3120 erunt
1266 3065 1677 3136 religiosissimi
1691 3063 2105 3136 episcopi,quo—

472 3175 600 3214 rum
621 3157 756 3214 ﬁdei
777 3158 1077 3214 commissa
1098 3161 1184 3213 est
1211 3173 1498 3213 canonum
1524 3157 1819 3228 inquisitio
1839 3163 1896 3212 et
1911 3161 2102 3212 custo-

471 3253 584 3321 dia,
602 3253 649 3307 si
671 3251 808 3324 quid
830 3252 890 3306 in
918 3253 1006 3306 his
1031 3257 1453 3324 transgressum
1474 3251 1719 3306 inultum
1742 3250 2097 3322 reliquerint.

470 3346 658 3402 Sacris
683 3361 820 3402 sane
842 3346 1159 3402 canonibus
1180 3361 1300 3401 non
1331 3344 1665 3414 observatis,
1688 3343 1877 3400 varias
1901 3348 2099 3400 contra

469 3441 726 3508 clericos,
751 3444 811 3495 et
838 3440 1175 3507 monachos,
1196 3455 1262 3495 ac
1280 3439 1586 3495 nonnullos
1607 3439 1906 3511 episcopos
1920 3437 2099 3494 inter-

469 3535 812 3605 pellationes
833 3534 1209 3606 suscepimus,
1227 3532 1384 3606 quod
1399 3533 1713 3588 secundum
1732 3548 1921 3588 sacros
1937 3547 2104 3587 cano—

469 3644 576 3682 nes
590 3628 765 3683 vitam
789 3644 906 3683 non
925 3627 1246 3682 instituant.
1269 3627 1376 3682 Alii
1399 3627 1576 3682 etiam
1599 3641 1672 3681 ne
1689 3626 1841 3697 ipsas
1862 3625 2102 3696 quidem

470 3737 640 3776 sacrae
674 3720 980 3776 oblationis
1001 3726 1057 3775 et
1081 3722 1227 3775 sacri
1248 3720 1604 3792 baptismatis
1633 3735 1828 3790 preces
1853 3719 1996 3774 scire
2014 3717 2099 3772 di-

471 3817 700 3868 cuntur.
717 3813 814 3870 Dei
831 3814 1028 3885 itaque
1045 3813 1330 3884 judicium
1350 3814 1702 3868 revolventes
1717 3813 1779 3868 in
1802 3811 2018 3880 animo,
2040 3811 2101 3867 in

469 3922 822 3978 unoquoque
843 3907 1048 3961 horum
1076 3923 1204 3977 quae
1233 3906 1560 3962 renuntiata
1581 3905 1748 3961 nobis
1773 3909 1928 3975 sunt,
1951 3922 2103 3977 quaa-

469 3999 717 4055 stionem
737 4002 794 4055 et
835 3999 1249 4055 correctionem
1285 3999 1558 4054 canonice
1588 3999 1864 4070 jussimus
1897 4015 2100 4070 proce-

469 4094 623 4150 dere.
639 4095 782 4149 Nam
799 4093 844 4148 si
863 4095 1161 4166 generales
1175 4092 1334 4165 leges
1350 4109 1416 4147 ea
1435 4109 1561 4164 quin
1579 4109 1882 4164 perperam
1901 4093 2104 4147 admit-

471 4192 670 4242 tuntur
691 4205 725 4242 a
741 4187 896 4242 laicis
909 4204 1026 4242 non
1049 4186 1371 4242 concedunt
1385 4186 1506 4240 sine
1531 4187 1846 4258 qumstione
1859 4185 2102 4241 etvindi—

469 4287 560 4336 ct‘a
593 4281 856 4354 relinqui,
880 4281 1171 4353 quomodo
1195 4297 1264 4336 ea
1299 4297 1425 4352 quae
1452 4296 1485 4334 a
1505 4279 1716 4335 sanctis
1745 4279 2014 4351 apostolis
2045 4283 2104 4335 et

466 4375 726 4447 patribus
747 4375 820 4430 ad
850 4375 1106 4431 ﬁdelium
1129 4373 1433 4429 hominum
1475 4374 1718 4428 salutem
1758 4373 2102 4445 regulariter

2203 1853 2413 1919 silium,
2437 1852 2536 1907 sed
2555 1868 2684 1906 cum
2697 1850 3024 1922 prudentia.
3043 1873 3072 1900 »
3095 1851 3164 1906 Et
3176 1865 3372 1904 rursus
3383 1848 3536 1904 idem
3548 1848 3611 1902 in
3625 1848 3844 1902 sanctis

2201 1947 2430 2002 habitus
2445 1945 2752 2017 Gregorius
2789 1945 2858 1999 de
2891 1943 3096 1999 iisdem
3117 1943 3176 1998 in
3203 1943 3406 1998 eadem
3431 1941 3693 1996 oratione
3721 1942 3836 1996 hoc

2203 2039 2423 2094 scribit:
2451 2060 2479 2090 «
2495 2039 2652 2106 Quis,
2680 2038 2940 2106 obsecro,
2960 2037 3124 2109 quasi
3143 2036 3346 2108 ﬁglina
3363 2052 3479 2091 uno
3503 2035 3839 2106 eodemque

2203 2134 2294 2189 die
2316 2134 2500 2206 ﬁngat
2512 2133 2633 2188 veri
2651 2131 2954 2187 ministerii
2973 2129 3308 2197 antistitem,
3322 2129 3420 2200 qui
3438 2145 3569 2184 cum
3590 2129 3723 2184 aliis
3739 2145 3849 2183 an-

2205 2227 2343 2299 gelis
2370 2227 2649 2282 stationes
2672 2225 2910 2293 habeat,
2927 2241 3058 2279 cum
3089 2223 3451 2296 archangelis
3485 2223 3693 2278 laudes
3722 2223 3845 2278 Deo

2203 2321 2375 2388 dicat,
2389 2336 2519 2376 cum
2533 2319 2755 2376 Christo
2767 2318 3102 2374 sacerdotali
3125 2318 3399 2388 fungatur
3424 2333 3670 2372 munere
3683 2316 3713 2372 ?
3727 2339 3755 2365 ››
3773 2318 3849 2372 Et

2203 2431 2308 2487 per
2324 2415 2446 2469 haec
2473 2413 2709 2485 quidem
2731 2412 2983 2468 ostendit
2995 2413 3318 2482 Theologus
3335 2410 3537 2482 quales
3556 2410 3630 2464 ad
3655 2426 3849 2464 sacer-

2203 2508 2424 2564 dotium
2442 2507 2773 2580 promoveri
2803 2509 3086 2577 oporteat.
3115 2506 3194 2560 De
3217 2505 3304 2558 his
3322 2520 3457 2558 vero
3477 2503 3577 2575 qui
3593 2503 3846 2574 indigne

2205 2602 2565 2670 ordinantur,
2582 2601 2736 2655 idem
2756 2600 2877 2654 haec
2899 2599 3038 2654 dicit
3053 2598 3110 2652 in
3126 2599 3335 2653 eadem
3357 2597 3657 2653 oratione:
3682 2618 3712 2644 σι
3731 2597 3848 2660 Qui

2203 2712 2334 2750 cum
2357 2694 2499 2748 nihil
2513 2697 2686 2748 antea
2707 2693 2767 2747 in
2794 2709 3018 2747 sacrum
3039 2693 3141 2746 Dei
3164 2692 3385 2746 alveare
3406 2690 3734 2758 intulerint,
3760 2689 3846 2744 ni-

2205 2789 2284 2843 hil
2312 2791 2482 2842 antea
2497 2785 2707 2841 laboris
2733 2786 2808 2841 ad
2826 2785 2883 2840 id
2909 2785 3065 2856 quod
3095 2785 3400 2856 pulchrum
3424 2787 3512 2839 est
3533 2799 3848 2854 assequen-

2207 2882 2345 2936 dum
2365 2879 2760 2947 sustinuerint,
2783 2879 2949 2934 simul
2977 2878 3240 2950 discipuli
3259 2881 3318 2932 et
3333 2877 3594 2949 magistri
3615 2877 3848 2948 pietatis

2207 2975 2604 3046 designantur,
2621 2977 2680 3027 et
2698 2973 2856 3044 prius
2873 2988 3046 3044 quam
3063 2975 3383 3043 purgentur
3407 2971 3534 3041 ipsi,
3551 2975 3845 3041 purgant:

2203 3067 2329 3122 heri
2341 3083 2632 3122 sacrorum
2651 3066 2986 3137 direptores,
3001 3065 3173 3120 hodie
3188 3063 3546 3129 sacerdotes;
3569 3063 3696 3117 heri
3709 3080 3743 3116 a
3761 3080 3852 3118 sa-

2203 3161 2312 3216 cris
2323 3161 2514 3227 alieni,
2531 3159 2702 3214 hodie
2718 3175 3008 3214 sacrorum
3031 3157 3346 3229 principes:
3377 3157 3640 3211 veterani
3667 3157 3846 3211 mali-

2201 3255 2301 3322 tia,
2328 3259 2560 3325 tyrones
2579 3253 2816 3324 pietate,
2848 3252 3128 3307 beneﬁcio
3155 3253 3430 3307 humana:
3461 3250 3692 3322 gratia),
3715 3267 3846 3306 non

2200 3347 2450 3420 spiritus.
2468 3368 2498 3396 »
2515 3346 2682 3410 Quod
2696 3351 2888 3401 autem
2903 3362 2998 3401 eos
3021 3345 3120 3416 qui
3133 3346 3376 3400 alteram
3395 3345 3686 3400 duxerunt
3696 3361 3845 3400 uxo—

2201 3457 2326 3496 rem
2345 3439 2490 3496 sacri
2507 3455 2754 3494 canones
2768 3439 3002 3495 clericos
3015 3455 3138 3493 esse
3159 3439 3527 3509 prohibeant,
3544 3438 3604 3492 in
3620 3439 3840 3492 sanctis

2203 3533 2379 3588 etiam
2404 3531 2636 3588 habitus
2666 3531 2906 3587 Basilius
2937 3532 3168 3599 docens,
3198 3532 3276 3586 ita
3297 3531 3526 3602 inquit:
3553 3552 3583 3579 «ε
3597 3532 3710 3586 Eos
3737 3530 3843 3602 qui

2203 3627 2428 3699 nuptias
2456 3626 2756 3692 iterarunt,
2775 3641 2961 3680 canon
2983 3624 3221 3680 exclusit
3242 3624 3586 3679 ministerio.
3601 3645 3630 3672 »
3648 3626 3840 3694 Atque

2201 3721 2322 3776 hac
2338 3719 2574 3792 quidem
2594 3719 2745 3773 inter
2756 3722 2983 3774 sanctos
2997 3719 3228 3773 habitus
3251 3717 3506 3772 Basilius.
3532 3719 3594 3771 In
3609 3721 3840 3771 tantum

2200 3816 2395 3868 autem
2413 3811 2596 3868 sancti
2611 3813 2806 3867 Patres
2830 3828 2935 3883 pro
2959 3811 3277 3866 sacerdotio
3295 3813 3598 3882 gesserunt
3617 3826 3842 3874 curam,

2202 3911 2264 3962 ut
2272 3907 2332 3962 hi
2347 3907 2636 3978 quiNiceaa
2647 3909 3040 3960 convenerunt
3057 3905 3137 3959 ita
3151 3921 3210 3958 se
3224 3905 3538 3959 habentem
3552 3919 3840 3959 canonem

2200 4000 2520 4056 ediderint:
2541 4021 2569 4051 «
2583 3999 2950 4054 [nterdixitin
2979 3998 3308 4053 universum
3321 4014 3536 4068 magna
3557 3997 3839 4068 synodus,

2201 4109 2275 4148 ne
2300 4093 2390 4148 cui
2415 4094 2500 4148 vel
2531 4092 2818 4164 episcopo,
2842 4092 2928 4146 vel
2953 4091 3310 4162 presbytero,
3335 4091 3425 4146 vel
3455 4090 3726 4155 diacono,
3749 4090 3840 4144 vel

2199 4187 2298 4258 qui
2318 4179 2554 4240 omnino
2583 4185 2643 4240 in
2674 4187 2826 4240 clero
2853 4185 3196 4240 constitutus
3216 4185 3307 4250 sit,
3333 4183 3506 4238 liceat
3525 4183 3835 4238 ascititiam

2201 4296 2396 4334 secum
2413 4295 2648 4334 uxorem
2676 4279 2911 4344 habere,
2939 4281 3146 4350 praeter
3160 4281 3429 4343 matrem,
3446 4281 3552 4331 aut
3569 4278 3838 4341 amitam,

2201 4376 2662 4440 materteramve,
2693 4374 2791 4426 aut
2817 4388 2946 4443 quae
2979 4373 3110 4426 solae
3143 4384 3400 4442 personae
3446 4371 3838 4442 suspicionem

469 4469 745 4539 disposita
760 4473 912 4536 sunt,
929 4467 1146 4544 despici
1163 4467 1548 4522 sustineamus
1559 4467 1587 4522 ?
1602 4467 1803 4522 Multos
1816 4469 2099 4538 praeterea
2118 4472 2178 4544 Ι)
2201 4466 2505 4538 effugiunt.
2535 4485 2564 4517 »

469 4579 535 4616 ex
556 4562 664 4616 hoc
687 4561 1171 4634 deprehendimus
1192 4561 1252 4616 in
1268 4564 1502 4632 peccata
1523 4561 1807 4628 incidiSse,
1831 4560 1984 4631 quod
2007 4577 2098 4632 sy-

467 4655 603 4710 nodi
645 4655 1210 4726 religiosissimorum
1257 4655 1622 4710 sacerdotum
1667 4653 1986 4709 secundum
2030 4670 2101 4708 ea

467 4766 596 4820 qua:
621 4767 654 4804 a
674 4749 884 4803 sanctis
910 4749 1180 4820 apostolis
1200 4751 1256 4802 et
1276 4748 1485 4802 sanctis
1519 4747 1779 4802 Patribus
1813 4747 2101 4818 praeﬁnita

467 4846 599 4897 sunt
622 4859 736 4898 non
765 4843 1146 4898 celebrentur.
1161 4843 1422 4912 Namque
1445 4841 1489 4896 si
1508 4841 1566 4896 id
1583 4841 1950 4896 observatum
1966 4840 2100 4895 fuis-

464 4940 570 5002 set,
596 4937 987 5008 unusquisque
1005 4935 1282 4990 reveritus
1302 4935 1658 4990 subeundam
1673 4952 1706 4990 a
1726 4951 1785 4989 se
1805 4935 1864 4989 in
1879 4933 2099 5006 synodo

463 5029 952 5100 redargutionem,
982 5029 1287 5084 studuisset
1324 5028 1520 5100 utique
1556 5032 1612 5082 et
1650 5044 1806 5082 sacra
1845 5027 2096 5083 ediscere

465 5121 802 5190 ministeria,
820 5129 876 5178 et
893 5124 1128 5178 honeste
1143 5122 1346 5188 vivere,
1367 5125 1425 5176 et
1444 5121 1910 5177 condemnationi
1931 5121 2099 5192 subji-

462 5219 690 5270 cerctur
707 5233 1000 5272 sacrorum
1015 5233 1300 5272 canonum
1311 5215 1440 5271 .Sed
1454 5218 1511 5269 et
1522 5215 1663 5269 illud
1677 5215 1964 5286 plerisque
1978 5232 2098 5270 non

463 5325 693 5380 parvam
721 5309 1092 5380 delinquendi
1121 5309 1480 5366 occasionem
1501 5308 1765 5380 praebuit,
1791 5308 1943 5380 Quod
1974 5308 2096 5379 epi-

463 5403 621 5474 scOpi
657 5419 720 5456 ac
756 5403 1096 5475 presbyteri,
1141 5420 1326 5476 neque
1354 5419 1473 5458 non
1505 5401 1753 5468 diaconi,
1795 5407 1852 5457 et
1891 5401 2098 5474 reliqui

467 5495 652 5550 clerici
675 5496 797 5550 sine
821 5496 1246 5551 examinatione
1269 5501 1326 5550 et
1345 5497 1586 5551 derecta
1611 5495 1725 5550 ﬁde
1755 5498 1814 5550 et
1831 5495 1961 5552 vitae
1993 5495 2098 5548 ho-

463 5592 684 5644 nestate
705 5589 1040 5644 testimonio
1063 5589 1423 5643 ordinentur.
1439 5590 1580 5642 Nam
1602 5589 1646 5643 si
1673 5589 1757 5642 illi
1774 5588 1981 5660 quibus
2003 5603 2099 5643 ne-

467 5679 682 5747 gotium
707 5681 902 5734 datum
926 5684 1010 5734 est
1028 5679 1232 5734 orandi
1267 5695 1370 5749 pro
1393 5681 1620 5749 populo,
1649 5681 1871 5748 indigni
1891 5680 2093 5736 minis-

469 5769 616 5825 terio
631 5770 732 5827 Dei
752 5771 972 5830 inventi
988 5773 1222 5843 fuerint,
1238 5771 1529 5843 quomodo
1546 5787 1650 5844 pro
1667 5774 1864 5846 populi
1875 5774 2094 5832 delictis

2271 4561 2588 4632 Sequentes
2608 4558 2788 4630 igitur
2803 4575 2872 4614 ea
2895 4574 3025 4630 quae
3043 4559 3218 4613 sacris
3247 4559 3488 4614 deﬁnita
3509 4563 3650 4614 sunt
3667 4575 3838 4615 eano-

2201 4655 2390 4723 nibus,
2412 4653 2832 4725 pragmaticam
2847 4653 3032 4723 legem
3047 4651 3309 4719 facimus,
3337 4669 3445 4724 per
3464 4670 3645 4724 quam
3659 4652 3840 4708 sanci-

2200 4764 2328 4803 mus
2339 4747 2635 4818 utquoties
2651 4763 2794 4818 opus
2806 4745 2978 4800 fuerit
2989 4745 3257 4800 ordinare
3269 4747 3603 4818 episcopum
3613 4749 3844 4806 .coeant

2199 4841 2259 4896 in
2273 4859 2306 4895 u
2315 4857 2453 4895 num
2465 4840 2655 4895 clerici
2671 4843 2730 4895 et
2742 4839 3015 4912 primates
3031 4839 3291 4908 civitatis,
3305 4840 3396 4895 cui
3417 4840 3726 4913 episcopus
3740 4856 3838 4895 or-

2199 4933 2486 4990 dinandus
2511 4937 2616 5000 est,
2631 4936 2690 4988 et
2709 4931 3014 5005 pmpositis
3032 4932 3374 5004 Evangeliis,
3405 4933 3479 4988 de
3501 4935 3692 4988 tribus
3713 4951 3844 5004 per-

2199 5027 2354 5084 sonis
2363 5028 2592 5084 decreta
2603 5026 2816 5082 faciant
2829 5043 2842 5093 ;
2857 5029 3164 5101 etquisque
3176 5043 3376 5083 eorum
3382 5028 3842 5098 juretpersacra

2199 5121 2448 5202 eloquia,
2464 5121 2637 5192 idque
2651 5119 2786 5192 ipsis
2801 5121 3046 5176 decretis
3057 5123 3334 5188 inserant,
3353 5121 3510 5192 quod
3527 5139 3720 5194 neque
3729 5137 3844 5192 per

2197 5215 2586 5286 largitionem,
2605 5230 2790 5286 neque
2807 5216 3271 5286 promissionem,
3291 5218 3389 5270 aut
3401 5215 3718 5270 amicitiam
3733 5217 3844 5270 aut

2197 5309 2568 5381 gratiam,aut
2575 5323 2979 5380 quamcunque
2991 5309 3166 5364 aliam
3185 5308 3553 5364 affectionem
3565 5309 3667 5364 sed
3681 5309 3842 5381 quod

2197 5402 2376 5457 sciant
2397 5402 2550 5474 ipsos
2571 5404 2734 5456 rectae
2755 5404 2812 5456 et
2825 5402 3118 5463 catholicae
3134 5402 3290 5470 ﬁdei,
3311 5418 3376 5456 ac
3399 5403 3660 5458 honesta:
3684 5403 3842 5464 vita.

2199 5512 2320 5550 esse
2338 5498 2396 5550 et
2411 5510 2586 5566 supra
2601 5493 2954 5550 tricesimum
2970 5495 3239 5566 quintum
3260 5495 3442 5550 aetatis
3464 5511 3712 5562 annum,
3728 5497 3842 5550 hoc

2197 5587 2507 5658 elegerint;
2527 5591 2586 5642 et
2605 5589 2756 5659 quod
2783 5605 2969 5660 neque
2983 5605 3240 5657 uxorem,
3259 5605 3450 5660 neque
3461 5589 3840 5661 ﬁliosquem-

2193 5681 2347 5752 piam
2363 5681 2616 5753 ipsorum
2631 5681 2840 5736 habere
2855 5682 3055 5750 sciant,
3072 5687 3172 5737 aut
3183 5682 3594 5746 concubinam,
3612 5687 3708 5736 aut
3739 5700 3850 5737 na-

2193 5775 2408 5834 turales
2427 5774 2638 5834 liberos
2665 5775 2934 5834 noverint
2950 5775 3102 5851 ipsos
3135 5775 3424 5847 habuisse,
3439 5781 3546 5834 aut
3569 5775 3846 5850 haben;
