2038 3093
10 2891 88 3039 Α

162 120 227 148 1021

159 173 208 201 sed
219 177 247 201 et
262 174 284 201 si
297 175 360 210 quis
374 176 500 211 ipsorum
507 176 587 212 prius
598 183 716 205 uxorem
730 177 872 211 habuerit,
882 179 977 205 tamen

159 229 223 247 eam
233 221 330 256 solam,
341 224 368 249 et
378 231 470 258 neque
480 223 606 257 viduam,
613 232 706 259 neque
715 224 870 259 sejunctam
880 232 896 251 a
904 224 972 258 viro,

159 272 251 301 neque
261 266 346 293 sacris
355 267 508 294 canonibus
519 267 697 296 interdictam
707 269 854 302 habuerit;
863 269 911 296 sed
922 277 972 296 ne-

157 320 215 347 que
234 313 320 339 curias
335 314 500 341 muneribus
513 314 655 342 addictum
667 336 674 347 ,
689 324 782 351 neque
801 316 973 342 cohortalem

158 366 218 385 esse
233 359 355 394 aliquem
366 368 401 387 ex
415 360 458 387 his
466 361 597 388 noverint
609 362 659 397 qui
673 362 790 389 decretis
799 362 903 390 electus
911 364 952 389 est
963 371 970 389 :

157 410 349 443 prieterquam
360 409 381 435 si
392 409 478 436 curia:
492 410 657 438 muneribus
666 411 804 445 addictus,
819 414 869 438 aut
877 412 973 439 cohor-

154 457 230 491 talis,
244 466 300 484 non
316 457 412 485 minus
428 459 509 486 annis
528 460 687 495 quindecim
700 482 706 494 ,
727 461 923 488 monachicam
942 462 972 489 in

155 504 326 532 monasterio
336 505 420 533 vitam
433 508 512 533 extra
526 515 640 534 omnem
650 507 819 535 calumniam
829 510 972 543 transege-

155 550 193 576 rit
208 551 337 578 videlicet
352 560 358 578 ί
374 552 566 581 observatione
579 562 642 589 quae
664 554 742 589 prius
758 563 775 581 a
796 555 877 582 nobis
898 555 971 593 dicta

154 600 206 630 est,
222 606 273 632 per
286 598 412 625 facienda
425 599 459 626 de
475 600 541 634 ipsis
557 600 682 635 decreta,
698 603 726 628 et
738 601 767 628 in
781 601 824 628 his
842 602 970 637 personis

153 644 343 679 custodienda,
361 647 393 672 ut
407 654 440 673 ex
454 646 544 673 tribus
562 647 617 673 illis
633 648 761 683 personis
774 657 838 684 quas
851 648 970 676 decretis

153 690 206 717 hoc
222 692 306 719 modo
319 692 473 727 eliguntur,
492 694 593 721 melior
613 695 769 729 ordinetur,
792 695 926 722 electione
941 697 969 722 et

148 737 256 772 judicio
263 738 378 774 ejusqui
389 739 537 767 ordinandi
546 741 593 775 jus
604 741 698 768 habet.
711 742 830 769 Curialis
843 751 910 770 vero
925 743 967 770 vel

151 784 277 811 ofﬁcialis
299 785 348 820 qui
366 785 449 821 (sicut
465 787 572 814 dictum
592 789 642 821 est)
663 788 824 823 quindecim
842 789 923 816 annis
938 790 967 817 in

152 831 322 858 monasterio
336 835 515 860 conversatus
529 835 581 868 est,
597 836 625 861 et
642 835 677 861 ad
690 835 880 870 episcopatum
899 845 964 871 pro-

149 879 274 911 vocatus,
289 878 359 905 liber
372 887 389 905 a
402 880 514 914 propria
528 880 641 907 fortuna
654 881 689 908 sit
703 889 710 908 :
726 881 762 908 ita
776 883 880 916 tamen,
892 885 923 909 ut
935 883 966 910 li-

150 924 285 951 beratusa
299 925 385 959 curia,
402 928 531 961 quartam
543 928 706 955 substantiae
717 937 775 955 sure
788 932 898 964 partem
912 929 965 957 sibi

149 971 279 1005 retineat,
290 972 406 1007 reliquis
412 973 471 1007 ejus
482 974 564 1000 rebus
574 975 728 1002 secundum
740 978 864 1003 nostram
872 977 964 1012 legem

147 1017 235 1044 curia
248 1020 275 1044 et
288 1019 401 1053 publico
412 1019 593 1048 vindicandis.
607 1021 708 1049 Damus
718 1024 813 1050 autem
822 1023 963 1051 licentiam

146 1064 259 1091 decreta
282 1065 448 1093 facientibus
459 1088 465 1100 ,
481 1067 503 1093 si
518 1068 679 1103 quempiam
697 1069 831 1096 laicorum
844 1069 963 1105 dignum

146 1114 303 1138 memorata
318 1113 452 1140 electione
467 1122 526 1141 esse
542 1117 656 1149 putant,
676 1117 707 1142 ut
727 1116 803 1143 hunc
824 1125 887 1143 cum
903 1117 963 1144 aliis

144 1157 256 1185 duobus
270 1159 377 1186 clericis
391 1162 440 1187 aut
454 1162 599 1188 monachis
612 1162 734 1197 eligant,
751 1171 807 1199 quo
826 1164 917 1200 magis
940 1164 962 1191 si

144 1202 232 1229 laicus
245 1203 297 1230 hoc
318 1204 401 1231 modo
419 1205 453 1232 ad
471 1206 663 1241 episcopatum
680 1207 811 1242 eligatur,
835 1217 892 1235 non
916 1217 960 1236 re-

145 1251 229 1284 pente
244 1250 391 1286 episcopus
412 1252 571 1287 ordinetur;
594 1254 641 1280 sed
665 1254 756 1289 primo
778 1255 885 1282 clericis
904 1265 960 1283 nou

145 1296 239 1323 minus
253 1297 342 1324 tribus
355 1299 496 1325 mensibus
510 1302 741 1335 connumeretur,
760 1303 789 1328 et
801 1302 839 1328 ita
852 1305 960 1329 sanctas

144 1343 257 1378 regulas
267 1346 295 1370 et.
304 1344 499 1379 quotidianum
505 1346 627 1373 ecclesiam
634 1348 823 1375 ministerium
833 1349 957 1384 edoctus,

142 1389 290 1425 episcopus
305 1391 459 1419 ordinetur.
481 1393 532 1424 Qui
552 1394 628 1420 enim
649 1394 718 1421 alios
739 1395 822 1422 debet
847 1396 957 1429 docere,

143 1439 208 1471 post
222 1437 428 1465 ordinationem
440 1439 475 1466 ab
487 1439 548 1466 aliis
565 1440 656 1467 doceri
677 1450 735 1468 non
748 1442 839 1470 debet.
856 1443 881 1470 Si
893 1451 958 1470 vero

141 1483 183 1515 (ut
196 1484 296 1518 evenit)
314 1484 342 1511 in
357 1485 526 1521 quibusdam
541 1487 607 1513 locis
629 1496 684 1515 non
703 1489 883 1516 inveniantur
903 1492 958 1516 tres

139 1538 269 1565 personae
284 1531 320 1558 ad
335 1532 419 1559 talem
436 1533 602 1561 electionem
615 1537 792 1570 opportunae,
810 1536 892 1563 liceat
907 1537 955 1564 de-

139 1579 215 1603 creta
228 1577 392 1605 facientibus
404 1579 432 1606 in
447 1580 554 1608 duabus
567 1583 595 1608 et
608 1582 636 1608 in
652 1591 708 1609 una
723 1591 843 1617 persona
859 1584 955 1611 decre-

139 1622 202 1648 tum
214 1621 315 1656 facere,
333 1631 431 1650 omnes
446 1626 540 1652 tamen
551 1626 623 1652 dicta
641 1635 657 1652 a
673 1627 752 1653 nobis
765 1627 900 1655 habentes
913 1631 955 1656 te-

137 1667 280 1696 stimonia.
301 1669 329 1696 Si
342 1678 407 1697 vero
420 1671 469 1706 qui
485 1671 588 1699 debent
606 1673 770 1708 episcopum
783 1674 887 1709 eligere
900 1675 955 1702 cito

139 1714 197 1749 ipsa
214 1715 325 1742 decreta
339 1716 411 1744 intra
427 1726 538 1745 menses
552 1727 598 1746 sex
616 1719 644 1746 id
657 1719 748 1755 ipsum
764 1729 821 1748 non
834 1721 952 1755 faciant,

136 1763 206 1788 tunc
217 1762 342 1797 periculo
351 1764 472 1799 propriae
485 1765 589 1792 anima?
598 1766 643 1793 ille
652 1775 738 1802 quem
747 1767 878 1794 ordinare
889 1777 955 1796 con-

137 1808 212 1834 venit
224 1809 386 1844 episcopum
397 1811 517 1845 ordinet,
530 1812 661 1840 omnibus
672 1813 733 1840 aliis
742 1822 806 1849 quas
817 1815 952 1850 pi‘mdixi—

136 1862 200 1881 mus
214 1855 400 1884 observandis.
418 1858 553 1892 Exigatur
561 1861 658 1887 autem
668 1860 746 1896 prius
757 1861 792 1888 ab
809 1870 842 1889 eo
851 1863 900 1898 qui
910 1871 953 1890 or-

135 1901 277 1929 dinandus
287 1905 338 1936 est,
351 1911 401 1938 per
414 1912 479 1932 eum
492 1905 540 1941 qui
556 1907 676 1941 ordinat,
686 1907 796 1935 libellus
809 1917 873 1936 cum
884 1918 951 1945 pro-

134 1948 197 1983 pria
206 1948 280 1976 illius
289 1950 570 1987 subscriptione,quaa
579 1953 715 1981 rationem
724 1957 807 1982 rectae
818 1956 879 1991 ejus
886 1956 950 1984 ﬁdei

133 1996 365 2030 comprehendat.
390 1998 556 2026 Pronuntiet
578 2003 673 2028 autem
692 2001 715 2028 is
735 2010 841 2029 sacram
864 2003 950 2031 etiam

132 2041 305 2070 oblationem
319 2052 383 2079 quae
400 2044 427 2071 in
441 2048 535 2073 sancta
550 2047 586 2074 sit
604 2048 803 2076 communione
813 2071 819 2083 ,
843 2053 871 2078 et
884 2059 949 2079 cum

131 2089 241 2116 czeteris
256 2090 383 2124 precibus
394 2100 439 2118 eas
448 2100 561 2128 quoque
570 2102 634 2129 quae
641 2094 669 2122 in
678 2103 757 2123 sacro
766 2097 950 2132 proferuntur

131 2134 309 2170 baptismate.
321 2137 423 2165 Subeat
432 2139 548 2174 insuper
558 2140 580 2167 is
588 2141 636 2176 qui
650 2142 797 2170 ordinatur
800 2144 948 2179 jusjuran-

132 2181 200 2208 dum
216 2191 267 2217 per
279 2186 388 2211 sanctas
403 2185 568 2221 Scripturas,
578 2188 652 2223 quod
665 2197 757 2224 neque
772 2198 823 2225 per
840 2199 880 2224 se,
895 2199 946 2218 ne-

132 2236 189 2263 que
202 2237 254 2264 per
264 2230 348 2258 aliam
362 2239 510 2266 personam
524 2233 680 2270 quidquam
693 2235 811 2271 dederit,
822 2240 871 2265 aut
881 2247 947 2273 pro-

133 2275 250 2310 miserit,
259 2279 307 2304 aut
314 2279 408 2312 postea
414 2279 532 2307 daturus
538 2281 628 2314 sit,vel
635 2282 659 2309 ei
668 2283 716 2318 qui
725 2282 816 2318 ipsum
825 2284 947 2321 ordinat,

132 2322 174 2348 vel
190 2322 298 2359 his,qui
309 2333 360 2359 pro
374 2325 434 2360 ipso
447 2326 558 2354 decreta
565 2328 755 2364 confecerunt,
764 2330 807 2357 vel
815 2331 948 2367 cuiquam

129 2368 177 2395 alii
193 2370 335 2405 omnium,
351 2372 528 2400 conferenda:
542 2374 571 2404 in
587 2374 680 2410 ipsum
695 2376 879 2406 ordinationis
894 2388 945 2406 no-

131 2416 216 2443 mine.
238 2417 264 2444 Si
276 2418 338 2453 quis
351 2421 444 2446 contra
457 2425 639 2448 memoratam
651 2423 873 2452 (ὼςιιιιγιιῐίυιμξιιι
890 2427 945 2461 cpi-

127 2471 227 2498 scopus
258 2464 402 2492 ordinatus
421 2466 515 2501 fuerit,
535 2471 591 2495 tam
615 2470 672 2503 ipso
693 2472 823 2498 ul’nnilllh‘
857 2474 944 2499 mmlis

125 2510 285 2546 episcopatu
301 2512 438 2547 ejiciatur,
454 2522 538 2549 quam
554 2516 636 2542 etiam
664 2517 683 2543 is
700 2518 748 2552 qui
775 2519 832 2545 tum:
848 2522 945 2547 multa

125 2557 255 2585 ordinare
268 2561 490 2596 praesumpserit.
502 2565 669 2597 scgregetur
681 2572 755 2591 anno
767 2574 821 2591 uno
835 2575 849 2591 a
866 2575 942 2593 san-in

125 2603 291 2638 ministerio,
307 2608 336 2633 et
355 2607 447 2634 omnis
466 2608 526 2643 ejus
546 2610 716 2641 substantia,
734 2620 797 2646 qum
818 2614 942 2647 quom-vt

122 2651 252 2686 tempore
273 2654 322 2679 aut
343 2653 428 2680 modo
450 2654 480 2681 in
495 2655 556 2690 ejus
576 2656 731 2684 dominium
749 2659 866 2685 deducta
888 2663 938 2695 est,

120 2699 239 2733 propter
253 2698 376 2734 culpam,
391 2708 478 2735 quam
494 2702 566 2735 fecit,
582 2703 707 2730 dominio
720 2706 940 2741 ccclesi:v,rujus

119 2742 270 2781 episcopus
291 2748 345 2779 est,
358 2746 527 2776 vindicetur.
551 2750 688 2777 Castorum
713 2751 735 2778 si
756 2752 818 2787 quis
844 2756 939 2780 contra

116 2790 408 2829 um'qniepiucopus
424 2797 473 2821 aut
488 2796 643 2831 presbyter,
659 2801 705 2824 aut
728 2798 873 2829 diaconus,
890 2804 939 2827 :mt

111 2835 472 2874 ,aﬁmdnvicnsmntetiam
485 2844 586 2877 praesul
597 2845 757 2871 monasterii
767 2847 937 2874 owliuamlus

297 2885 402 2914 "ﬁnem
419 2887 548 2924 aliquam
568 2890 696 2919 instituat
715 2901 882 2928 quacunque
902 2895 936 2922 de

368 2933 394 2962 sit
409 2935 564 2964 secundum
585 2938 659 2973 leges
680 2942 725 2965 aut
740 2948 859 2967 caunno:
874 2942 934 2976 nju<

573 120 755 152 IUSTINIANI
773 122 937 151 NOVELLJS
957 122 1124 152 SELECTE.
1146 123 1299 152 NOVELLA
1318 121 1432 151 CXXIII.

1774 119 1841 149 i022

987 182 1017 219 Α
1027 177 1165 213 impedire
1182 177 1398 211 ordinationem,
1415 175 1541 205 diﬁ‘ertor
1555 175 1720 211 hujusmodi
1731 175 1841 203 ordina-

1025 224 1075 258 tio,
1097 227 1126 252 et
1146 224 1333 260 interponitor
1355 224 1433 260 prius
1455 223 1623 251 examinatio
1645 222 1839 253 accusationis,

1023 273 1164 306 praisente
1174 271 1260 298 etiam
1275 273 1444 304 accusatore,
1459 273 1487 297 et
1501 278 1533 297 ea
1552 278 1614 305 quae
1628 269 1663 296 ab
1676 269 1736 304 ipso
1749 269 1779 295 in
1789 268 1840 295 cri-

1023 326 1089 345 men
1103 318 1194 345 delata
1215 321 1281 345 sunt
1303 318 1338 345 ad
1356 317 1510 345 terminum
1533 325 1621 352 usque
1642 317 1837 351 persequente.

1025 365 1081 391 lmo
1088 356 1216 400 quamvis
1226 367 1369 392 accusator
1383 373 1412 391 se
1421 364 1557 398 absentet,
1572 365 1621 390 aut
1634 371 1726 390 moras
1734 364 1837 395 nectat,

1022 411 1209 439 nihilominus
1221 412 1259 439 sic
1273 420 1385 447 quoque
1398 411 1421 438 is
1431 411 1479 447 qui
1491 410 1699 438 ordinationem
1713 409 1838 437 facturus

1021 460 1071 492 est,
1088 458 1161 485 intra
1182 467 1293 486 menses
1316 460 1381 492 tres,
1397 458 1600 485 exactissimam
1621 465 1653 484 ea
1667 456 1701 483 de
1714 464 1744 483 re
1758 463 1836 491 quae-

1021 505 1140 532 stionem
1153 505 1264 532 habeto.
1283 506 1313 532 Et
1327 505 1465 540 siquidem
1481 512 1546 531 eum
1562 504 1610 539 qui
1622 502 1798 530 accusatione
1808 502 1838 529 in

1020 551 1127 578 crimen
1143 554 1255 579 vocatus
1269 552 1331 586 fuit,
1347 552 1403 578 sive
1421 551 1576 578 secundum
1592 559 1682 577 sacros
1697 557 1817 576 canones
1828 569 1835 582 ,

1019 598 1076 625 sive
1083 598 1239 625 secundum
1248 601 1358 625 nostras
1366 598 1444 634 leges
1452 598 1606 625 obnoxium
1618 597 1764 631 invenerit,
1774 604 1839 630 pro-

1019 645 1130 672 hibetor
1142 645 1289 672 ordinatio.
1305 645 1334 672 Si
1349 653 1414 672 vero
1428 644 1560 671 innoxius
1577 644 1749 679 apparuerit,
1763 644 1834 671 cele-

1017 692 1113 719 brator
1126 691 1265 719 ordinatio
1276 712 1282 724 ,
1299 691 1355 718 sive
1369 694 1521 726 praesente,
1541 691 1598 718 sive
1619 691 1735 718 absente
1751 698 1834 717 accu-

1017 741 1118 765 satore.
1135 739 1287 765 Accusator
1300 740 1404 771 autem,
1414 738 1470 765 sive
1487 746 1611 772 praesens
1625 745 1684 764 non
1698 737 1833 772 probave-

1017 784 1063 818 rit,
1071 785 1127 812 sive
1141 785 1297 811 institutam
1307 785 1512 812 accusationem
1520 784 1684 816 deseruerit,
1695 783 1834 818 siquidem

1016 831 1134 858 clericus
1144 831 1188 865 sit,
1201 831 1315 866 proprio
1330 831 1418 866 gradu
1429 830 1590 865 depellitor;
1605 830 1627 856 si
1642 830 1738 861 laicus,
1755 837 1833 855 com-

976 876 1003 912 B
1017 881 1159 913 petentem
1174 878 1370 904 coercitionem
1384 877 1531 904 sustinete.
1553 878 1584 904 At
1598 877 1620 903 si
1636 876 1698 912 quis
1720 884 1832 903 accusa-

1016 926 1077 951 tum
1095 927 1159 951 alite
1173 924 1411 951 examinationem
1424 923 1605 957 ordinaverit,
1620 925 1679 950 tam
1696 922 1745 958 qui
1757 922 1832 949 ordi-

1015 971 1092 998 navit
1114 979 1201 1007 quam
1223 971 1273 1006 qui
1292 971 1439 998 ordinatus
1457 972 1508 1003 est,
1534 972 1652 1006 uterque
1678 969 1832 997 sacerdotio

1014 1018 1174 1053 depellitor.

1049 1089 1108 1115 Praa
1123 1088 1254 1115 omnibus
1267 1090 1362 1115 autem
1384 1087 1453 1114 illud
1471 1087 1603 1114 custodiri
1626 1086 1766 1113 sancimus
1778 1106 1785 1118 ,
1798 1087 1832 1113 ut

1013 1142 1097 1161 nemo
1112 1143 1162 1170 per
1173 1134 1352 1170 largitionem
1372 1134 1433 1161 auri
1446 1136 1495 1160 aut
1513 1133 1633 1160 aliarum
1648 1141 1745 1160 rerum
1758 1132 1831 1159 ordi-

1012 1181 1095 1206 netur
1108 1179 1263 1214 episcopus.
1281 1179 1309 1206 Si
1325 1178 1392 1214 quid
1412 1178 1465 1205 tale
1484 1178 1674 1213 delinquatur,
1699 1179 1756 1203 tam
1779 1177 1828 1212 qui

1011 1229 1075 1255 dant
1091 1236 1176 1263 quam
1190 1228 1238 1263 qui
1251 1227 1408 1263 accipiunt,
1425 1229 1452 1254 et
1465 1227 1634 1254 mediatores
1648 1234 1759 1259 eorum,
1776 1225 1829 1261 ipsi

1011 1277 1117 1312 seipsos
1132 1276 1360 1304 condemnationi
1376 1276 1532 1303 secundum
1545 1275 1653 1303 divinas
1672 1276 1828 1310 Scripturas

1010 1326 1037 1351 et
1051 1332 1141 1351 sacros
1155 1332 1274 1350 canones
1289 1323 1449 1358 subjiciunt.
1460 1324 1498 1349 Ac
1514 1325 1662 1358 propterea
1674 1325 1734 1349 tam
1748 1322 1769 1349 is
1777 1321 1827 1357 qui

1009 1370 1056 1397 dat
1071 1379 1156 1406 quam
1170 1370 1344 1405 qui‘accipit,
1358 1372 1385 1397 et
1400 1369 1538 1396 mediator
1551 1369 1691 1403 existens,
1707 1377 1723 1395 a
1738 1377 1827 1395 sacer-

1008 1416 1083 1443 dotio
1097 1419 1145 1444 aut
1159 1416 1279 1443 clericali
1298 1417 1406 1443 honore
1422 1418 1589 1443 removetor.
1604 1415 1683 1448 Quod
1697 1424 1761 1442 vero
1777 1423 1828 1450 per

1008 1464 1079 1490 hanc
1093 1472 1205 1490 causam
1224 1463 1321 1490 datum
1343 1463 1439 1496 fuerit,
1462 1463 1503 1489 illi
1525 1463 1649 1490 ccclesize
1672 1462 1827 1489 vindicator

1007 1510 1086 1546 cujus
1103 1510 1287 1544 sacerdotium
1300 1510 1386 1537 voluit
1396 1510 1545 1537 redimere.
1562 1509 1589 1537 Si
1602 1509 1764 1536 mundanus
1779 1509 1824 1544 sit,

967 1561 994 1597 ρ
1008 1557 1055 1592 qui
1071 1565 1121 1593 per
1135 1557 1207 1584 hanc
1222 1565 1335 1584 causam
1345 1557 1456 1592 accipit,
1468 1559 1515 1583 aut
1525 1556 1663 1583 mediator
1674 1557 1702 1583 in
1711 1556 1825 1591 negotio

1007 1604 1094 1631 factus
1108 1606 1159 1638 est,
1173 1604 1250 1631 datas
1264 1612 1308 1630 res
1322 1604 1350 1630 in
1364 1604 1482 1639 duplum
1497 1603 1532 1630 ab
1545 1612 1578 1631 eo
1594 1603 1823 1638 exigijubemus,

1007 1650 1186 1678 vindicandas
1200 1650 1304 1677 scilicet
1318 1650 1452 1677 ecclesim.
1472 1651 1532 1677 Non
1547 1650 1639 1676 solum
1653 1652 1747 1677 autem
1761 1657 1824 1685 quas

1005 1698 1057 1724 hoc
1072 1697 1155 1723 modo
1169 1697 1232 1724 data
1246 1698 1312 1723 sunt
1326 1696 1460 1723 vindicari
1474 1696 1663 1732 prazcipimus,
1675 1696 1723 1723 sed
1737 1696 1824 1723 etiam

1005 1752 1119 1771 omnem
1130 1743 1291 1771 cautionem
1307 1752 1357 1778 pro
1372 1744 1423 1769 hoc
1437 1751 1606 1778 quocunque
1619 1743 1705 1769 modo
1716 1742 1823 1778 exposi-

1005 1793 1071 1825 tam,
1088 1793 1115 1817 et
1131 1790 1285 1825 pignorum
1300 1798 1331 1816 ac
1346 1789 1518 1824 ﬁdejussoris
1531 1789 1745 1825 obligationem,
1760 1797 1821 1815 om-

1003 1846 1070 1864 nem
1080 1837 1203 1872 denique
1210 1837 1292 1863 aliam
1302 1845 1501 1872 quamcunque
1508 1836 1647 1863 actionem
1656 1844 1753 1863 vacare
1762 1844 1822 1863 san-

1002 1884 1102 1911 cimus.
1119 1885 1209 1919 Atque
1223 1884 1339 1919 insuper
1357 1883 1405 1919 qui
1423 1883 1636 1918 promissionem
1648 1883 1801 1919 acceptavit
1813 1904 1820 1917 ,

1001 1939 1058 1957 non
1071 1931 1163 1957 solum
1178 1930 1382 1958 confessionem
1401 1930 1520 1964 reddito,
1535 1930 1584 1957 sed
1599 1930 1683 1958 etiam
1700 1930 1821 1958 alterum

1001 1979 1111 2005 tantum
1137 1978 1277 2013 quantum
1302 1977 1476 2005 confessione
1501 1977 1662 2005 continetur
1688 1977 1819 2014 exigitor,

1000 2027 1075 2062 quod
1089 2027 1183 2062 ipsum
1206 2027 1266 2054 dari
1287 2027 1370 2055 debet
1384 2027 1519 2055 ecclesiae.
1543 2027 1571 2055 Si
1592 2027 1655 2063 quis
1670 2029 1764 2054 tamen
1784 2035 1820 2054 ex

1000 2073 1148 2109 episcopis,
1163 2074 1220 2101 sive
1236 2076 1300 2102 ante
1311 2074 1519 2101 ordinationem
1532 2082 1622 2108 suam,
1634 2073 1690 2100 sive
1701 2076 1764 2109 post
1777 2081 1820 2100 or-

999 2120 1184 2154 dinationem,
1196 2121 1314 2148 voluerit
1327 2121 1455 2156 proprias
1468 2129 1511 2148 res
1524 2129 1587 2147 suas
1602 2123 1651 2147 aut
1665 2129 1699 2147 ex
1713 2120 1746 2147 iis
1757 2128 1818 2156 par-

999 2169 1056 2194 tem
1073 2167 1194 2194 ecclesia:
1208 2167 1288 2202 cujus
1304 2167 1490 2194 sacerdotium
1506 2167 1628 2203 suscepit
1642 2167 1818 2201 otl'erre,non

1000 2214 1091 2240 solum
1104 2214 1133 2240 id
1146 2221 1202 2240 non
1216 2213 1408 2249 prohibemus,
1426 2215 1455 2241 et
1470 2213 1547 2241 omni
1563 2222 1628 2241 eum
1642 2214 1815 2241 condemna-

958 2245 987 2282 D
999 2261 1075 2288 tione
1083 2269 1113 2287 ac
1126 2269 1208 2296 poena
1222 2260 1368 2295 praesentis
1381 2261 1452 2297 legis
1461 2260 1584 2288 liberum
1593 2270 1652 2289 esse
1663 2261 1813 2295 sancimus,

999 2307 1048 2334 sed
1061 2307 1146 2335 etiam
1163 2307 1240 2335 omni
1262 2308 1345 2335 laude
1361 2308 1479 2344 dignum
1491 2308 1669 2344 judicamus,
1685 2309 1813 2345 quando-

997 2354 1112 2390 quidem
1127 2354 1156 2381 id
1168 2363 1224 2382 non
1238 2354 1356 2391 emptio,
1372 2355 1420 2382 sed
1433 2355 1535 2383 oblatio
1549 2359 1600 2384 est.

1032 2427 1084 2453 Pro
1099 2427 1352 2454 consuetudinibus
1373 2435 1438 2455 vero
1460 2428 1507 2454 illa
1531 2427 1623 2455 solum
1642 2427 1677 2455 ab
1698 2428 1742 2455 his
1764 2428 1814 2464 qui

996 2473 1118 2509 episcopi
1133 2473 1302 2501 ordinantur
1314 2474 1435 2509 praeberi
1444 2474 1630 2509 concedimus,
1640 2483 1705 2511 qua:
1713 2475 1813 2503 ordine

995 2520 1127 2555 deinceps
1142 2523 1282 2556 praesente
1293 2521 1573 2556 comprehenduntur
1584 2521 1657 2557 lege.
1676 2522 1813 2550 .lubemus

994 2567 1082 2602 igitur
1094 2569 1127 2594 ut
1140 2567 1291 2595 beatissimi
1305 2568 1420 2603 quidem
1438 2568 1641 2604 archiepiscopi
1654 2572 1681 2596 et
1694 2570 1812 2605 patriar-

992 2614 1063 2648 cluc,
1103 2615 1156 2641 hoc
1189 2617 1230 2641 est
1259 2614 1375 2641 senioris
1402 2616 1507 2650 Romae,
1546 2616 1809 2652 Constantinopolis,

991 2661 1180 2694 Alexandriae,
1195 2661 1354 2696 Theopolis,
1371 2663 1400 2688 et
1414 2662 1682 2698 Hierosolymorum,
1703 2664 1726 2690 si
1747 2671 1811 2689 con-

991 2708 1111 2734 suetudo
1121 2708 1227 2735 habeat
1240 2710 1270 2735 ut
1280 2708 1418 2744 episcopis
1431 2712 1480 2736 aut
1493 2710 1601 2737 clericis
1613 2710 1643 2737 in
1657 2718 1755 2737 eorum
1765 2717 1810 2735 or-

990 2754 1134 2781 dinatione
1150 2755 1243 2781 minus
1257 2763 1342 2790 quam
1366 2756 1464 2791 viginti
1479 2756 1558 2783 libra:
1573 2756 1632 2783 auri
1649 2756 1761 2789 dentur,
1776 2763 1810 2783 ea

990 2801 1046 2827 sola
1061 2801 1206 2836 praebeant
1218 2810 1282 2837 quae
1293 2803 1467 2830 consuetudo
1479 2803 1615 2836 agnoscit.
1629 2802 1655 2829 Si
1669 2802 1732 2837 plus
1742 2804 1808 2829 ante

990 2848 1061 2874 hanc
1077 2847 1257 2883 praebebatur
1270 2849 1372 2883 legem,
1387 2858 1422 2876 ne
1437 2849 1503 2884 quid
1519 2849 1591 2875 ultra
1605 2849 1705 2881 viginti
1721 2850 1807 2877 libras

988 2894 1049 2921 auri
1063 2894 1232 2930 praebeatur.
1246 2896 1450 2932 Mctropolitani
1466 2903 1531 2922 vero
1546 2895 1595 2931 qui
1608 2904 1625 2923 a
1637 2896 1743 2932 synodo
1756 2905 1807 2925 sua

988 2942 1030 2969 vel
1045 2950 1061 2970 a
1075 2942 1241 2972 beatissimis
1255 2943 1421 2971 ordinantur
1436 2941 1619 2978 patriarcliis,
1634 2951 1727 2980 neque
1750 2954 1806 2973 non
