4076 6186
435 299 572 366 1023

1567 299 1820 365 SECULI
1857 304 2050 363 SEXTI
2087 257 2652 366 SUPPLEliENTUM.

3670 295 3811 362 lost

428 431 626 472 omnes
643 411 764 487 alii,
779 413 879 488 qui
894 417 1037 473 auta
1063 414 1414 488 patriarchis,
1432 419 1533 472 aut
1553 431 1586 470 a
1610 415 2062 488 metropolitanis
2081 424 2142 500 Α
2160 417 2377 488 fecerit,
2405 419 2629 476 nullum
2648 435 2719 476 ex
2744 417 2856 474 hoc
2880 415 3272 490 prajudicium
3294 414 3444 472 circa
3461 412 3632 470 aliam
3655 416 3814 470 tute—

428 509 786 578 ordinantur,
807 511 852 564 si
867 509 1095 582 quidem
1117 509 1238 581 ejus
1257 511 1490 566 ecclesia
1508 509 1607 581 qui
1627 509 1927 565 ordinatur
1949 527 2068 567 non

429 604 620 658 minus
664 605 726 658 in
769 604 955 659 reditu
1004 603 1208 658 habeat
1231 620 1406 675 quam
1443 603 1681 675 triginta
1713 603 1884 658 libras
1921 605 2065 675 auri,

431 697 570 752 dent
594 713 698 768 pro
727 695 1164 751 enthroniastico
1185 697 1418 768 quidem
1451 697 1654 751 solidos
1669 701 1896 751 centum
1919 715 1936 766 ;
1969 713 2070 752 no-

431 789 587 844 tariis
629 805 761 843 vero
789 788 1100 843 ordinantis
1127 795 1183 844 et
1211 789 1334 844 aliis
1381 790 1478 861 qui
1519 789 1600 843 illi
1646 789 1706 842 in
1751 789 2068 845 ministerio

431 886 582 948 sunt,
607 885 662 936 et
681 897 750 936 ex
784 897 945 936 more
973 881 1222 953 capiunt,
1250 883 1412 936 solid.
1436 898 1550 938 ccc.
1579 881 1635 936 Si
1663 898 1794 936 vero
1822 883 2069 938 ecclesia

429 974 641 1030 reditus
660 973 851 1029 minus
882 975 1112 1046 quidem
1133 977 1192 1030 in
1209 992 1424 1030 annum
1451 977 1750 1031 conferunt
1769 992 1940 1047 quam
1967 977 2064 1030 tri-

431 1067 585 1138 ginta
614 1067 782 1122 libras
807 1067 951 1135 auri,
981 1085 1097 1123 non
1127 1068 1317 1122 minus
1335 1072 1527 1124 autem
1549 1069 1704 1124 libris
1723 1065 1947 1138 decem,
1963 1086 2070 1140 pro

428 1160 880 1215 enthroniasticis
913 1162 1147 1232 quidem
1189 1162 1348 1216 solid.
1380 1179 1470 1231 cc;
1503 1162 1626 1216 aliis
1660 1167 1849 1217 autem
1877 1162 2067 1217 omni-

427 1249 533 1304 bus
559 1251 659 1321 qui
685 1267 751 1306 ex
782 1267 939 1306 more
964 1253 1234 1323 capiunt,
1266 1251 1424 1307 solid.
1459 1268 1510 1308 c.
1547 1252 1645 1308 Sin
1683 1251 1872 1307 minus
1895 1269 2069 1324 quam

429 1344 644 1412 decem,
671 1361 785 1399 non
820 1345 1012 1400 minus
1035 1350 1230 1400 autem
1261 1345 1513 1417 quinque
1549 1346 1672 1400 auri
1705 1345 1864 1400 libris
1898 1345 2070 1401 eccle-

427 1437 524 1492 sia
559 1436 774 1492 reditus
806 1454 926 1492 esse
952 1438 1274 1510 contingat,
1317 1439 1452 1494 dent
1484 1455 1589 1510 pro
1620 1439 2070 1495 enthroniasticis

427 1531 664 1602 quidem
694 1531 855 1591 solid.
884 1547 946 1601 L;
977 1531 1239 1586 omnibus
1273 1537 1469 1587 autem
1507 1532 1632 1586 aliis
1661 1533 1758 1604 qui
1801 1549 1872 1587 ex
1907 1548 2068 1588 more

429 1623 678 1695 capiunt,
709 1625 868 1680 solid.
898 1641 1057 1680 Lxxv.
1087 1625 1142 1680 Si
1174 1625 1366 1680 minus
1409 1641 1582 1698 quam
1621 1625 1873 1697 quinque
1892 1667 1907 1695 ,
1948 1641 2070 1681 non

429 1717 620 1772 minus
639 1723 830 1772 autem
848 1718 1026 1773 tribus
1050 1717 1210 1772 libris
1229 1718 1352 1772 auri
1372 1718 1431 1773 in
1446 1719 1634 1774 reditu
1660 1718 1885 1789 habeat,
1917 1735 2065 1791 pra-

431 1810 602 1865 beant
639 1811 870 1882 quidem
896 1828 1002 1883 pro
1029 1811 1482 1866 enthroniasticis
1503 1812 1662 1867 solid.
1693 1829 1850 1880 xvm;
1880 1811 2067 1867 omni-
2089 1794 2145 1866 Β

429 1903 535 1957 bus
562 1908 754 1958 autem
788 1904 914 1958 aliis
943 1904 1041 1976 qui
1071 1921 1142 1959 ex
1167 1920 1326 1959 more
1357 1905 1606 1976 capiunt,
1646 1905 1805 1960 solid.
1835 1921 1986 1961 xx1v.
2013 1905 2070 1960 Si

429 1996 620 2050 minus
639 1997 840 2066 tribus,
857 2013 972 2052 non
986 1997 1174 2052 minus
1195 2001 1386 2053 autem
1409 1997 1629 2053 duabus
1653 1999 1812 2053 libris
1825 1999 1883 2053 in
1896 2015 2070 2070 quan-

428 2089 588 2144 titate
605 2091 894 2145 redituum
925 2091 1174 2146 ecclesia
1197 2091 1538 2159 inveniatur,
1556 2091 1694 2147 dent
1718 2109 1820 2163 pro
1842 2093 2070 2147 enthro—

428 2183 658 2238 niastico
683 2184 936 2255 quidem,
981 2184 1142 2239 solid.
1173 2201 1278 2251 xu;
1308 2202 1410 2256 pro
1447 2185 1604 2240 omni
1640 2202 1773 2240 vero
1807 2186 1920 2241 alia
1944 2202 2072 2240 con-

429 2277 748 2344 suetudine,
781 2277 944 2333 solid.
976 2295 1052 2334 v1.
1092 2277 1428 2350 Episcopum
1453 2279 1610 2333 enim
1650 2278 1898 2334 ecclesia
1941 2295 2070 2350 qua

430 2369 622 2424 minus
645 2369 705 2424 in
744 2371 933 2426 reditu
961 2371 1134 2426 habet
1158 2387 1335 2443 quam
1375 2371 1514 2426 duas
1539 2370 1662 2426 auri
1689 2372 1858 2426 libras
1882 2387 2071 2442 neque

430 2477 538 2535 pro
571 2463 1050 2533 enthroniasticis,
1083 2480 1269 2535 neque
1295 2480 1399 2536 pro
1431 2480 1768 2536 quacunque
1795 2464 1907 2518 alia
1934 2480 2069 2518 con-

431 2556 732 2612 suetudine
759 2556 894 2611 dare
921 2555 1133 2630 aliquid
1154 2557 1537 2614 concedimus.
1573 2559 1702 2612 Hac
1725 2562 1917 2613 autem
1943 2574 2073 2630 qua

430 2648 678 2721 praberi
731 2649 1130 2722 disposuimus,
1162 2649 1384 2723 primus
1423 2651 1724 2722 presbyter
1761 2651 2072 2706 ordinantis

435 2742 684 2814 episcopi
712 2748 768 2798 et
794 2743 1220 2799 archidiaconus
1245 2744 1638 2815 suscipientes,
1677 2745 1826 2800 inter
1858 2761 1951 2799 eos
1974 2743 2072 2816 qui

431 2851 502 2892 ex
520 2853 678 2892 more
703 2838 938 2908 capiunt
963 2837 1273 2894 dividunto.
1305 2839 1434 2892 Hac
1463 2837 1640 2910 igitur
1661 2838 1931 2909 jubemus
1956 2854 2074 2893 om-

431 2930 597 2985 nibus
626 2931 914 2986 observari
943 2931 1144 2999 modis,
1174 2948 1244 2986 ne
1271 2947 1374 3002 per
1399 2931 1727 3002 hujusmodi
1757 2933 2073 2986 occasiones

433 3023 680 3078 ecclesia
705 3031 1137 3096 pragraventur
1156 3025 1380 3093 debitis,
1407 3029 1464 3079 et
1483 3025 1789 3080 sacerdotia
1811 3025 1950 3080 ﬁant
1975 3041 2071 3080 ve-

433 3116 602 3174 nalia.
631 3119 796 3173 Certe
822 3118 868 3172 si
897 3118 1023 3189 quis
1048 3119 1198 3172 ultra
1234 3118 1608 3188 quantitatem
1631 3135 1664 3172 a
1683 3118 1844 3172 nobis
1868 3118 2069 3173 deﬁni-

432 3211 572 3276 tam,
597 3210 1162 3265 enthroniasticorum
1183 3215 1283 3265 aut
1308 3211 1786 3266 consuetudinum
1816 3211 2066 3275 nomine,

432 3319 772 3374 quocunque
793 3304 964 3359 modo
983 3320 1186 3376 capere
1208 3303 1423 3376 aliquid
1445 3304 1892 3376 prasumpserit,
1909 3305 2072 3376 jube-

431 3413 558 3453 mus
583 3402 644 3452 ut
661 3397 814 3468 quod
829 3398 1074 3470 ammius
1091 3397 1389 3469 acceperit,
1413 3397 1469 3451 id
1489 3397 1548 3452 in
1570 3397 1808 3471 triplum
1825 3415 1894 3452 ex
1908 3397 2071 3453 bonis

433 3491 554 3561 ejus
579 3490 898 3546 vindicetur
922 3491 1171 3547 ecclesia
1198 3489 1350 3546 illius
1385 3491 1482 3562 qui
1524 3491 1698 3546 dedit.
1733 3495 1916 3564 Atque
1947 3491 2072 3546 hac

433 3584 666 3656 quidem
698 3584 766 3639 de
793 3585 1146 3640 ordinatione
1171 3584 1566 3657 episcoporum
1593 3585 1740 3640 dicta
1764 3589 1912 3639 sunt.
1936 3586 2070 3639 Post

434 3677 848 3734 ordinationem
861 3695 993 3734 vero
1005 3681 1122 3734 tam
1139 3678 1324 3734 servili
1337 3695 1510 3750 quam
1522 3677 1834 3750 ascriptitia
1845 3678 2072 3733 fortuna

433 3772 720 3844 episcopos
747 3772 953 3828 liberos
983 3788 1105 3828 esse
1129 3772 1420 3844 jubemus,
1453 3771 1562 3826 nisi
1593 3771 1821 3826 decurio
1853 3775 1951 3826 aut
1975 3788 2070 3826 co-

433 3864 666 3920 hortalis
709 3868 918 3935 prater
943 3866 1272 3936 praedictam
1299 3864 1750 3920 observationem
1778 3865 2072 3920 ordinatus

433 3957 524 4012 sit.
551 3957 842 4028 Ejusmodi
872 3958 1025 4012 enim
1044 3962 1300 4014 remotos
1327 3960 1396 4014 ab
1417 3959 1764 4031 episcopatu,
1785 3959 1958 4014 curia
1977 3963 2075 4014 aut

433 4051 652 4108 cohorti
681 4067 798 4104 sua
825 4051 1046 4106 restitui
1070 4051 1340 4122 jubemus
1358 4093 1371 4119 ,
1399 4068 1471 4106 ne
1494 4068 1606 4123 qua
1631 4068 1698 4106 ex
1721 4052 1817 4106 tali
1847 4052 2072 4107 fortuna

433 4143 746 4200 sacerdotio
765 4143 1056 4200 oboriatur
1074 4144 1435 4200 contumelia.
1469 4145 1599 4200 Illos
1619 4149 1810 4199 autem
1825 4145 1925 4216 qui
1944 4149 2074 4200 ante

435 4239 580 4294 hanc
606 4244 861 4293 nostram
879 4238 1064 4310 legem
1088 4255 1158 4293 ex
1179 4237 1376 4292 curiali
1396 4239 1625 4293 fortuna
1639 4237 1888 4292 ordinati
1912 4237 2072 4292 inve-

431 4333 672 4388 niuntur
696 4331 966 4404 episcopi,
985 4333 1268 4387 sancimus
1289 4331 1520 4404 quidem
1533 4335 1599 4386 ut
1618 4330 1946 4402 hujusmodi
1967 4331 2076 4386 for-

431 4431 570 4482 tuna
591 4425 754 4480 liberi
794 4426 925 4492 sint,
956 4426 1054 4481 sed
1090 4425 1404 4497 legitimam
1433 4429 1653 4497 partem
1679 4441 1745 4480 ex
1769 4423 1934 4480 bonis
1963 4424 2076 4480 suis

2093 3160 2148 3235 C

2168 515 2283 569 lam
2311 517 2411 568 aut
2429 530 2624 568 curam
2643 513 2942 568 sustineto.
2955 511 3063 567 Sed
3079 525 3266 582 neque
3281 513 3690 582 susceptorem,
3704 513 3812 564 aut

2168 611 2486 662 exactorem
2517 606 2876 678 publicarum
2919 604 3432 670 contributionum,
3457 607 3554 656 aut
3585 603 3811 657 condu-

2167 703 2379 754 ctorem
2407 698 2789 770 vectigalium,
2806 699 2896 752 vel
2915 698 3225 752 alienarum
3243 696 3681 768 possessionum,
3697 697 3810 750 aut

2168 797 2488 848 curatorem
2514 793 2764 859 familia,
2797 795 2896 846 aut
2919 791 3386 862 dispensatorem,
3408 793 3508 844 aut
3532 804 3812 860 procura-

2166 891 2350 942 torem
2379 887 2512 956 litis,
2535 890 2634 940 aut
2662 885 3057 956 fidejussorem
3090 901 3192 955 pro
3221 883 3310 938 his
3331 883 3511 938 causis
3531 898 3650 937 esse
3678 881 3812 954 epi-

2167 997 2398 1051 scopum
2425 1021 2439 1046 ,
2482 984 2581 1034 aut
2615 995 2993 1045 aconomum,
3035 981 3135 1032 aut
3171 977 3558 1048 cujuscunque
3595 976 3812 1047 gradus

2169 1074 2345 1129 alium
2363 1073 2633 1129 clericum
2651 1075 2751 1128 aut
2764 1072 3129 1140 monachum,
3144 1069 3525 1137 concedimus,
3542 1069 3657 1125 sive
3677 1085 3810 1138 suo,

2167 1166 2282 1222 sive
2306 1167 2576 1234 ecclesia,
2609 1169 2709 1220 aut
2731 1164 3061 1220 monasterii
3102 1163 3335 1218 nomine
3370 1162 3429 1217 id
3471 1162 3689 1229 subeat,
3728 1177 3812 1216 ne

2167 1276 2270 1332 per
2295 1261 2440 1314 hanc
2457 1276 2685 1314 causam
2703 1259 2874 1314 sacris
2886 1258 3100 1314 adibus
3117 1255 3413 1328 inﬂigatur
3430 1255 3699 1310 damnum
3710 1298 3725 1322 ,
3751 1258 3817 1310 et

2168 1355 2357 1410 divina
2385 1353 2770 1426 impediantur
2813 1351 3144 1408 ministeria.
3176 1352 3456 1407 Caterum
3481 1349 3530 1403 si
3557 1348 3816 1404 ecclesiis

2169 1453 2269 1504 aut
2292 1447 2648 1503 monasteriis
2671 1445 2874 1518 aliqua
2903 1445 3160 1516 adjacere
3195 1444 3560 1498 inveniantur
3582 1458 3812 1513 posses-

2169 1541 2372 1610 siones,
2412 1541 2692 1612 velintque
2729 1539 3137 1594 venerabilium
3185 1538 3464 1592 domuum
3511 1535 3814 1607 dispensa-

2167 1639 2321 1691 tores
2346 1633 2403 1688 in
2421 1633 2852 1689 conductionem
2866 1637 2966 1687 aut
2977 1631 3400 1704 emphyteusim
3420 1646 3512 1684 eas
3529 1629 3814 1700 accipere,

2169 1731 2304 1783 tunc
2325 1727 2371 1782 si
2387 1743 2584 1782 omnes
2603 1727 2790 1782 clerici
2809 1727 2864 1781 et
2881 1725 3152 1781 monachi
3169 1725 3238 1781 de
3258 1722 3582 1795 hujusmodi
3602 1723 3814 1792 causis,

2167 1826 2266 1876 aut
2285 1822 2346 1876 in
2375 1821 2497 1892 ipso
2513 1821 2910 1889 instrumento,
2929 1823 3029 1875 aut
3041 1819 3145 1874 sub
3161 1823 3418 1874 actorum
3430 1815 3814 1886 confectione,

2167 1919 2224 1970 et
2246 1914 2626 1982 consentiant,
2660 1917 2718 1968 et
2747 1913 3053 1982 declarent,
3083 1912 3156 1966 ad
3183 1912 3486 1967 utilitatem
3507 1909 3815 1965 venerabi-

2165 2009 2308 2063 lium
2333 2008 2611 2063 domuum
2634 2007 2741 2062 hoc
2767 2005 2910 2076 ﬁeri,
2940 2005 3245 2078 procedere
3273 2009 3330 2060 et
3367 2003 3426 2058 id
3457 2021 3643 2075 genus
3671 2020 3820 2058 con-

2167 2100 2446 2156 ductionis
2466 2117 2564 2156 seu
2590 2100 3028 2172 emphyteuseos
3051 2099 3434 2154 concedimus.
3466 2097 3571 2153 Sed
3593 2101 3656 2151 et
3675 2097 3822 2168 ipsis

2170 2195 2536 2250 sacrosanctis
2563 2192 2810 2250 ecclesiis
2829 2197 2886 2248 et
2911 2192 3144 2264 reliquis
3173 2191 3593 2248 venerabilibus
3620 2189 3819 2245 domi-

2169 2289 2275 2343 bus
2292 2288 2580 2343 licentiam
2601 2288 2802 2342 damus
2827 2292 2890 2341 ut
2908 2285 3308 2341 conductiones
3327 2289 3385 2340 et
3404 2285 3823 2356 emphyteuses

2171 2382 2320 2438 inter
2346 2398 2404 2436 se
2423 2381 2711 2436 celebrent
2731 2397 2746 2435 :
2771 2380 3141 2435 consimiliter
3159 2382 3216 2434 et
3239 2378 3477 2447 clericis,
3491 2383 3557 2432 ut
3571 2395 3820 2432 suarum

2171 2471 2536 2527 ecclesiarum
2575 2469 2962 2542 possessiones
3004 2469 3322 2524 conducant
3360 2473 3418 2523 et
3461 2467 3820 2539 gubernent,

2171 2565 2452 2620 sententia
2491 2569 2684 2620 tamen
2715 2563 2962 2636 episcopi
2999 2566 3057 2618 et
3096 2561 3380 2618 aconomi
3424 2561 3822 2628 concedimus,

2172 2658 2419 2730 exceptis
2441 2657 2695 2729 personis
2721 2674 2860 2728 quas
2885 2672 2989 2728 per
3011 2657 3246 2711 alteram
3273 2656 3464 2726 legem
3486 2655 3596 2710 hoc
3625 2655 3824 2710 facere

2169 2751 2586 2824 prohibuimus.
2615 2751 2671 2806 Si
2698 2751 2824 2823 quis
2851 2755 3046 2806 contra
3070 2749 3345 2821 praedicta
3369 2748 3586 2820 aliquid
3605 2749 3822 2820 egerit,

2171 2846 2218 2900 si
2246 2846 2476 2918 quidem
2501 2845 2798 2918 episcopus
2829 2844 2918 2912 sit,
2942 2859 3140 2899 omnes
3165 2859 3254 2896 res
3277 2842 3398 2914 ejus
3417 2858 3548 2913 qua
3577 2859 3648 2896 ex
3668 2859 3821 2913 qua-

2171 2956 2394 3011 cunque
2425 2955 2594 2994 causa
2640 2942 2738 2992 aut
2768 2954 3029 3009 persona,
3077 2937 3192 2991 sive
3221 2941 3353 2991 ante
3390 2937 3821 3008 episcopatum,

2171 3033 2285 3088 sive
2315 3037 2444 3104 post
2469 3032 2858 3104 episcopatum
2889 3031 2960 3085 ad
2993 3031 3180 3102 ipsum
3205 3034 3611 3101 pervenerunt,
3627 3029 3822 3084 eccle-

2172 3127 2270 3180 sia
2297 3126 2418 3198 ejus
2445 3124 2719 3180 vindicari
2739 3125 3042 3179 sancimus.
3057 3123 3114 3179 Si
3131 3139 3262 3178 vero
3281 3122 3578 3188 aconomi,
3591 3127 3694 3177 aut
3713 3122 3822 3176 alii

2171 3219 2364 3274 clerici
2393 3219 2525 3288 sint,
2548 3218 2646 3289 qui
2666 3218 2722 3272 in
2742 3218 2849 3272 hoc
2869 3217 3252 3288 deliquerunt,
3269 3231 3435 3288 pana
3453 3215 3523 3272 ab
3545 3215 3683 3286 ipsis
3707 3232 3822 3286 pe-

2167 3311 2440 3378 cuniaria,
2460 3328 2631 3384 quam
2654 3311 2950 3382 episcopus
2966 3327 3166 3365 eorum
3183 3309 3524 3382 probaverit,
3539 3309 3815 3380 exigitor,

2169 3405 2504 3462 vindicanda
2521 3404 2792 3474 ecclesia,
2803 3404 3038 3476 quando
3058 3409 3113 3458 et
3127 3403 3188 3458 hi
3208 3403 3306 3476 qui
3324 3403 3700 3474 vectigalium
3711 3407 3822 3458 aut

2173 3499 2557 3572 cujuscunque
2575 3498 2944 3570 possessionis
2961 3497 3412 3567 conductionem,
3432 3501 3532 3551 aut
3552 3496 3816 3568 publico-

2170 3610 2302 3648 rum
2328 3593 2679 3648 tributorum
2705 3591 3118 3662 susceptionem
3137 3590 3688 3662 proﬂigationemve,
3717 3593 3822 3644 aut

2170 3703 2364 3742 curam
2392 3686 2622 3741 familia
2643 3686 2874 3741 illorum
2891 3685 3022 3740 ﬁdei
3044 3685 3432 3750 crediderunt,
3453 3689 3552 3738 aut
3570 3701 3678 3755 pro
3698 3699 3822 3738 me-

2169 3779 2405 3835 moratis
2433 3779 2616 3835 causis
2646 3779 3010 3850 ﬁdejussores
3052 3794 3146 3833 eos
3175 3783 3513 3848 acceperunt
3534 3819 3548 3846 ,
3593 3776 3822 3832 nullam

2172 3877 2365 3928 contra
2386 3873 2700 3938 ecclesiam,
2725 3877 2824 3926 aut
2842 3871 3276 3939 monasterium,
3305 3875 3404 3925 aut
3422 3887 3514 3925 res
3543 3871 3690 3941 ejus,
3719 3875 3824 3925 aut

2173 3967 2602 4040 dispensatores,
2629 3969 2730 4020 aut
2748 3965 2920 4021 etiam
2945 3969 3146 4020 contra
3177 3981 3273 4020 eas
3290 3981 3560 4037 personas
3569 3981 3820 4036 quarum

2171 4060 2344 4116 tidem
2375 4061 2580 4115 secuta
2623 4063 2776 4128 sunt,
2812 4063 2910 4113 aut
2953 4059 3264 4127 facultates,
3310 4062 3411 4112 aut
3453 4057 3821 4127 ﬁdejussores

2175 4169 2374 4208 earum
2403 4154 2683 4208 actionem
2711 4152 2960 4208 habituri
2991 4152 3124 4208 sint.
3153 4151 3300 4217 Quin
3337 4151 3383 4205 si
3413 4150 3551 4222 quid
3589 4150 3822 4222 publico

2175 4246 2364 4302 damni
2391 4245 2798 4314 obvenerit,illi
2817 4246 2917 4318 qui
2939 4245 3296 4317 publicarum
3321 4243 3813 4300 contributionum

2173 4346 2272 4396 aut
2313 4339 2674 4411 vectigalium
2717 4339 3156 4410 susceptionem,
3201 4343 3300 4393 aut
3353 4337 3813 4406 conductionem,

2174 4435 2272 4485 aut
2297 4428 2760 4502 profligationem
2785 4428 3112 4483 memoratis
3143 4427 3396 4499 personis
3426 4426 3812 4494 crediderunt,

430 4519 724 4592 assignent
749 4519 921 4574 curia
947 4525 1003 4574 et
1027 4519 1276 4592 publico.
1304 4521 1382 4574 Ita
1408 4535 1561 4586 sane,
1579 4524 1643 4573 ut
1657 4518 1882 4573 nullum
1903 4518 2074 4574 eccle-
2090 4531 2150 4602 Β
2171 4527 2270 4579 aut
2298 4523 2652 4594 ﬁdejussores
2677 4538 2770 4577 eos
2797 4526 3188 4592 susceperunt,
3220 4521 3327 4576 hoc
3351 4521 3542 4592 ipsum
3571 4537 3638 4576 ex
3681 4536 3818 4592 pro-

431 4612 649 4666 siastica
676 4613 811 4683 jura
837 4611 1246 4667 detrimentum
1283 4611 1598 4666 sustineant
1627 4611 1686 4665 in
1710 4610 1902 4678 rebus,
1932 4627 2072 4682 quas

429 4709 560 4778 post
589 4705 973 4776 episcopatum
1003 4705 1236 4779 insuper
1265 4705 1528 4776 quasitas
1565 4705 1638 4760 ad
1664 4720 1863 4759 eorum
1891 4704 2070 4759 eccle-

429 4799 569 4854 siam
600 4799 884 4870 pertinere
913 4798 1318 4871 disposuimus.
1349 4799 1513 4862 Quod
1551 4798 1598 4852 si
1625 4797 1915 4870 contingat
1938 4809 2002 4852 ut
2027 4797 2074 4852 is

361 4919 370 4926 -
429 4893 529 4963 qui
561 4893 858 4948 ordinatur
884 4892 1187 4964 episcopus
1217 4892 1320 4946 sub
1349 4892 1528 4963 patris
1567 4891 1652 4947 sui
1678 4896 1956 4965 potestate
1982 4891 2071 4961 sit,

430 5001 496 5040 ex
530 4985 646 5056 ipsa
674 4987 1028 5042 ordinatione
1061 4985 1146 5040 sui
1169 4984 1318 5057 juris
1344 4990 1486 5040 esto.

505 5079 682 5133 Porro
726 5080 820 5134 Dei
864 5080 1286 5136 amantissimos
1333 5079 1622 5152 episcOpos
1667 5085 1723 5134 et
1764 5079 2076 5134 monachos

433 5171 590 5226 nulla
610 5171 735 5241 lege
757 5176 970 5229 tutores
994 5177 1093 5229 aut
1104 5176 1396 5229 curatores
1412 5173 1802 5244 cujuscunque
1820 5189 2076 5244 persona

430 5263 557 5320 ﬁeri
579 5264 961 5322 concedimus.
994 5268 1351 5340 Presbyteros
1379 5271 1596 5334 autem,
1625 5271 1684 5321 et
1709 5267 1990 5335 diaconos,
2023 5271 2079 5322 et

433 5357 824 5421 subdiaconos,
847 5357 890 5411 si
903 5357 1034 5427 jure
1047 5377 1110 5414 ac
1119 5361 1246 5432 lege
1268 5359 1620 5432 cognationis
1638 5359 1708 5415 ad
1729 5359 1966 5414 tutelam
1979 5361 2081 5414 aut

433 5468 630 5508 curam
656 5455 946 5517 vocentur,
971 5451 1250 5521 ejusmodi
1279 5469 1490 5509 munus
1511 5453 1797 5525 suscipere
1813 5452 2076 5508 concedi-

435 5563 584 5613 mus,
606 5545 652 5600 si
675 5549 868 5600 tamen
889 5543 1041 5599 intra
1060 5560 1284 5599 menses
1299 5552 1542 5617 quatuor
1555 5547 1759 5602 exinde
1776 5562 2080 5602 numeran-

439 5640 540 5695 dos
571 5656 638 5694 ex
670 5655 785 5710 quo
811 5638 990 5693 vocati
1019 5643 1186 5706 sunt,
1214 5639 1364 5709 apud
1390 5645 1809 5712 competentem
1825 5639 2079 5712 judicem

437 5733 647 5804 scripto
675 5733 1084 5788 declaraverint
1120 5731 1178 5788 id
1206 5747 1264 5785 se
1294 5732 1502 5786 munus
1525 5733 1758 5803 pr0pria
1791 5735 2081 5789 voluntate

457 5824 760 5895 uscepisse.
797 5828 860 5881 Et
887 5827 932 5882 si
963 5827 1044 5896 (ut
1075 5825 1367 5898 probabile
1390 5827 1492 5894 est)
1522 5841 1721 5880 eorum
1739 5827 1944 5898 aliquis
1970 5827 2079 5882 hoc

2172 4617 2297 4689 pria
2321 4615 2631 4672 substantia
2656 4615 2950 4670 restituam
2977 4614 3408 4686 compellentur.

2243 4713 2522 4765 Praterea
2550 4708 2692 4763 nulli
2723 4707 3163 4780 magistratuum
3192 4707 3385 4762 licebit
3408 4707 3505 4762 Dei
3551 4707 3822 4762 amantis-

2175 4805 2349 4859 simos
2385 4803 2675 4874 episcopos
2713 4819 2949 4874 cogere,
2999 4806 3062 4858 ut
3113 4801 3451 4872 perhibendi
3505 4800 3820 4855 testimonii

2175 4914 2340 4952 causa
2364 4897 2426 4952 in
2447 4896 2570 4967 ejus
2595 4896 2897 4968 prodeant;
2927 4895 3026 4950 sed
3038 4895 3216 4966 judex
3249 4895 3460 4950 mittito
3493 4894 3566 4950 ad
3587 4911 3691 4949 eos
3719 4894 3822 4948 ali-

2177 4991 2328 5062 quod
2347 5006 2415 5046 ex
2436 4989 2690 5061 personis
2708 4989 2815 5061 ipsi
2833 4987 3260 5062 apparentibus,
3280 4993 3346 5042 ut
3374 4988 3684 5060 propositis
3703 5004 3826 5043 san-

2177 5085 2278 5139 ctis
2307 5083 2640 5155 Evangeliis,
2677 5088 2846 5155 prout
2883 5083 3196 5138 sacerdotes
3227 5081 3416 5151 decet,
3459 5081 3656 5136 dicant
3696 5097 3824 5152 qua

2178 5183 2478 5234 noverunt.
2504 5177 2612 5233 Sed
2633 5193 2821 5248 neque
2842 5180 2906 5231 ut
2923 5176 3216 5248 episcopus
3242 5193 3348 5248 pro
3369 5175 3708 5247 pecuniaria
3733 5175 3827 5228 ali-

2178 5288 2291 5344 qua
2316 5276 2414 5326 aut
2439 5270 2722 5325 criminali
2747 5286 2914 5325 causa
2944 5269 3017 5324 ad
3041 5269 3267 5324 civilem
3293 5268 3676 5323 militaremve
3702 5284 3824 5322 ma-

2183 5365 2488 5437 gistratum
2497 5363 2706 5419 invitus
2720 5364 3086 5436 perducatur,
3101 5363 3396 5418 sistaturve
3409 5361 3529 5416 sine
3543 5361 3826 5432 imperiali

2173 5458 2428 5530 jussione
2465 5456 2872 5512 concedimus:
2917 5457 3012 5512 sed
3049 5455 3422 5528 magistratus
3458 5455 3559 5527 qui
3589 5455 3702 5510 hoc
3741 5455 3828 5510 vel

2182 5551 2391 5623 scripto
2416 5551 2504 5607 vel
2530 5550 2652 5606 sine
2681 5550 2889 5622 scripto
2910 5551 3180 5606 mandare
3198 5549 3628 5621 praesumpserit
3654 5590 3670 5616 ,
3701 5552 3826 5621 post

2180 5645 2398 5717 cinguli
2423 5643 2832 5700 detractionem
2864 5643 3067 5716 viginti
3114 5643 3391 5698 librarum
3429 5642 3559 5696 auri
3598 5657 3828 5714 panem

2179 5733 2505 5805 persolvito,
2533 5734 2780 5790 dandam
2807 5731 3057 5789 ecclesia
3085 5732 3247 5804 cujus
3283 5730 3582 5804 episc0pus
3608 5730 3824 5802 perdu-

2182 5831 2325 5898 ctus,
2347 5829 2446 5884 aut
2464 5827 2584 5884 sisti
2595 5828 2788 5900 jussus
2805 5833 2892 5884 est
2912 5842 2926 5884 :
2949 5825 3323 5883 consimiliter
3345 5829 3676 5883 exsecutore
3695 5839 3830 5896 quo-
