4076 6186
244 281 388 338 1025

1063 274 1430 336 IUSTINIANI
1468 269 1796 336 NOVELLIE
1834 277 2170 337 SELECTA'].
2212 279 2520 338 NOVELLA
2559 274 2784 338 CXXIII.

3478 279 3496 338 l
3508 285 3611 340 026

243 407 360 462 que
387 391 521 462 post
537 388 751 461 cinguli
781 389 1202 445 detractionem
1228 394 1350 446 tam
1371 390 1678 446 tormentis
1705 389 1874 462 subji-
1895 405 1956 478 Α
1973 393 2099 448 Non
2138 396 2367 447 tantum
2405 395 2602 446 autem
2651 391 2774 445 haec
2805 391 3137 461 quaerantur
3163 387 3224 444 in
3254 389 3486 461 synodis
3511 407 3618 461 per

240 483 473 551 ciendo,
497 498 674 554 quam
693 483 754 536 in
781 481 1045 537 exislium
1069 483 1376 538 mittendo.

319 575 720 630 lnterdicimus
730 579 925 631 autem
937 576 1038 631 Dei
1051 577 1462 632 amantissimis
1487 577 1788 650 episcOpis,
1802 593 1875 631 ne

239 670 508 742 proprias
534 668 806 724 deserant
820 669 1106 737 ecclesias,
1130 673 1188 724 et
1207 671 1268 724 in
1289 671 1430 726 alias
1445 670 1880 742 proficiscantur

240 763 587 836 provincias.
618 763 732 818 Sed
759 765 817 816 et
845 763 893 817 si
922 763 1092 834 hujus
1123 763 1336 834 agendi
1367 763 1878 835 necessitasaliqua
1910 836 1918 842 ι

240 855 506 924 incidiat,
535 871 652 910 non
677 856 864 924 aliter,
897 855 1011 910 nisi
1038 873 1168 911 cum
1200 856 1406 910 litteris
1431 856 1748 912 beatissimi
1779 873 1876 911 eo-

242 965 378 1004 rum
393 949 734 1020 patriarchm
761 951 861 1003 aut
886 949 1336 1020 metropolitani,
1360 955 1459 1005 aut
1487 949 1772 1022 imperiali
1796 949 1876 1003 vi-

245 1041 730 1113 delicetjussione
755 1042 865 1096 hoc
891 1042 1133 1098 faciant:
1165 1042 1244 1096 ita
1262 1059 1422 1110 sane,
1448 1046 1512 1097 ut
1531 1059 1606 1097 ne
1631 1042 1742 1096 illis
1761 1042 1880 1114 qui-

247 1136 383 1192 dem
405 1137 686 1208 episcopis
703 1137 802 1208 qui
818 1137 921 1190 sub
943 1136 1275 1192 beatissimo
1295 1137 1724 1209 archiepiscopo
1737 1137 1882 1192 Con-

245 1229 760 1301 stantinopolitano
794 1233 853 1284 et
889 1229 1215 1301 patriarcha
1244 1231 1541 1286 constituti
1567 1233 1720 1299 sunt,
1757 1230 1880 1284 sine

247 1323 298 1394 ej
308 1340 374 1378 us
400 1323 702 1392 mandatu,
723 1325 822 1377 aut
836 1327 1034 1378 nostra
1053 1323 1311 1394 jussione
1333 1323 1407 1378 ad
1437 1323 1660 1394 regiam
1683 1323 1880 1378 venire

246 1416 454 1471 urbem
477 1417 664 1471 liceat.
691 1415 856 1481 Quod
876 1416 922 1470 si
938 1433 1006 1470 eo
1031 1417 1210 1472 modo
1227 1417 1527 1489 episcopus
1537 1433 1881 1490 quocunque

243 1509 360 1565 loci
377 1509 802 1581 peregrinetur,
826 1525 956 1595 'non
983 1510 1230 1582 amplius
1249 1527 1366 1566 uno
1397 1527 1552 1566 anno
1585 1509 1882 1564 ecclesiam

246 1619 414 1657 suam
442 1602 774 1674 relinquito.
812 1602 1074 1674 Episcopi
1107 1616 1266 1672 vero,
1306 1603 1404 1675 qui
1444 1603 1518 1658 ad
1548 1603 1770 1674 regiam
1804 1603 1885 1673 (ut

246 1696 468 1751 dictum
489 1698 592 1765 est)
626 1695 830 1750 urbem
857 1696 1222 1764 accesserint,
1251 1697 1643 1768 cujuscunque
1671 1696 1881 1751 dicace-

1976 485 2229 555 singulos
2255 500 2434 539 annos
2465 482 2826 538 celebrandis
2857 499 2871 538 :
2905 483 3007 537 sed
3038 481 3214 537 etiam
3247 481 3611 554 quotiescun-

1980 594 2090 650 que
2118 577 2324 648 aliquis
2340 579 2427 632 vel
2450 577 2838 644 sacerdotum,
2869 576 2956 630 vel
2973 575 3336 643 clericorum,
3368 575 3459 629 vel
3479 591 3617 646 pra:-

1978 672 2186 740 sulum,
2232 671 2320 725 vel
2362 671 2805 736 monachornm,
2839 669 2924 723 vel
2967 668 3036 722 de
3065 668 3200 736 ﬁde,
3233 668 3322 722 vel
3358 667 3430 722 de
3461 668 3613 740 turpi

1976 764 2106 832 vita,
2133 765 2222 818 vel
2243 763 2398 835 quod
2418 768 2619 819 contra
2639 779 2830 816 sacros
2850 761 3066 834 aliquid
3093 777 3342 816 canones
3367 777 3609 833 perege-

1977 857 2070 925 rit,
2102 860 2399 912 accusatus
2427 857 2620 912 fuerit.
2656 857 2724 910 Et
2753 855 2800 909 si
2825 855 3062 926 quidem
3103 855 3150 908 is
3185 855 3281 926 qui
3315 859 3614 909 accusatur

1979 951 2279 1024 episcopus
2297 951 2470 1006 fuerit
2489 950 2657 1021 hujus
2673 948 3166 1020 metropolitanus,
3187 965 3256 1002 ea
3269 965 3396 1019 qua:
3416 949 3611 1020 profe-

1979 1048 2180 1100 rentur
2211 1039 2566 1110 e'xaminato;
2603 1043 2647 1096 si
2678 1060 2812 1098 vero
2837 1041 3314 1113 metropolitanus
3343 1041 3606 1096 beatissi-

1979 1155 2108 1192 mus
2133 1137 2592 1208 archiepiscopus
2612 1136 2714 1190 sub
2740 1153 2854 1207 quo
2887 1139 3182 1202 censetur;
3215 1135 3261 1188 si
3291 1135 3612 1206 presbyter,

1981 1234 2081 1286 aut
2127 1229 2422 1300 diaconus,
2457 1233 2556 1284 aut
2582 1229 2726 1284 alius
2748 1229 3008 1296 clericus,
3043 1233 3142 1282 aut
3169 1228 3375 1299 praesul
3405 1244 3610 1282 mona-

1981 1323 2158 1394 sterii,
2177 1327 2278 1378 aut
2301 1323 2637 1390 monachus,
2666 1322 3128 1393 religiosissimus
3154 1323 3472 1392 episcopus,
3507 1321 3610 1375 sub

1982 1433 2097 1472 uno
2128 1416 2187 1472 hi
2206 1420 2490 1484 censetur,
2514 1415 2702 1469 delata
2721 1415 2781 1469 in
2812 1415 3238 1470 accusationem
3261 1414 3609 1469 examinato.

1982 1513 2051 1566 Et
2078 1511 2318 1566 veritate
2339 1509 2735 1581 comprobata,
2760 1508 3151 1579 unusquisque
3179 1524 3282 1578 pro
3311 1507 3486 1562 modo
3511 1507 3614 1560 de-

1981 1603 2119 1672 licti,
2152 1603 2442 1658 canonicis
2479 1601 2732 1658 censuris
2770 1601 3064 1671 subjicitor
3092 1599 3311 1671 judicio
3361 1599 3483 1670 ejus
3519 1599 3620 1671 qui

1984 1713 2170 1752 causae
2196 1695 2691 1751 exanimationem
2711 1693 3130 1749 accommodat.
3146 1696 3332 1764 Atque
3355 1693 3477 1748 haec
3493 1709 3616 1748 om-

247 1805 378 1844 seos
410 1789 543 1858 sint,
567 1791 703 1844 ante
731 1788 930 1844 omnia
962 1788 1360 1844 beatissimum
1390 1789 1886 1862 archiepiscopum
1907 1775 1962 1848 Β
1987 1790 2082 1846 nia
2111 1807 2228 1844 non
2253 1793 2477 1844 tantum
2503 1788 2804 1844 obtinento
2826 1787 2886 1841 in
2903 1786 2972 1840 iis
2993 1785 3272 1858 episcopis
3293 1790 3351 1840 et
3377 1785 3616 1854 clericis,

245 1884 498 1939 Constan
505 1881 952 1954 tinopolitanum
964 1885 1022 1936 et
1031 1882 1420 1954 patriarcham
1432 1883 1884 1953 adeunto,atque

247 1975 331 2030 ita
353 1992 459 2047 per
486 1975 677 2047 ipsum
703 1975 777 2030 ad
802 1979 1061 2031 nostram
1082 1975 1488 2046 ingrediuntor
1507 1975 1887 2048 tranquillita-

246 2072 389 2123 tem.
419 2069 528 2133 Qui
547 2085 682 2123 vero
703 2073 905 2124 contra
931 2072 1188 2124 nostram
1210 2069 1646 2141 dispositionem
1670 2071 1760 2124 vel
1789 2085 1887 2140 pe-

246 2161 643 2233 regrinantur,
665 2164 765 2216 aut
787 2162 937 2217 ultra
946 2163 1296 2234 praefinitum
1311 2161 1451 2218 anni
1477 2165 1886 2234 tempus'extra

249 2255 552 2310 ecclesiam
608 2271 773 2310 suam
824 2255 959 2310 alibi
1011 2260 1466 2324 commorantur,
1511 2256 1602 2310 his
1634 2257 1884 2328 primum

251 2348 489 2420 quidem
505 2365 624 2403 non
645 2348 1151 2404 subministrantor
1164 2350 1236 2404 ab
1259 2349 1510 2404 ecclesiae
1532 2365 1649 2404 suae
1659 2366 1886 2405 oecono-

249 2442 362 2496 mis
401 2445 692 2513 sumptus:
736 2441 948 2496 deinde
993 2442 1240 2498 citantor
1264 2442 1627 2498 sacerdotum
1658 2443 1880 2510 litteris,

251 2535 357 2590 sub
388 2535 593 2606 quibus
618 2538 942 2602 censentur,
967 2537 1029 2589 ut
1053 2535 1126 2590 ad
1149 2535 1420 2590 ecclesias
1447 2553 1577 2590 suas
1593 2540 1884 2591 revertan-

250 2631 365 2682 tur.
401 2628 453 2683 Si
477 2628 687 2682 reverti
709 2628 996 2696 differant,
1021 2629 1338 2684 secundum
1360 2646 1550 2684 sacros
1577 2632 1886 2684 evocantor

252 2737 524 2776 canones.
560 2723 630 2775 Et
653 2721 761 2776 nisi
788 2721 937 2776 intra
966 2725 1196 2793 tempus
1217 2739 1252 2777 a
1281 2722 1674 2778 sacerdotibus
1688 2723 1880 2794 practi-

253 2813 442 2868 nitum
465 2814 539 2869 ad
572 2814 837 2870 ecclesias
869 2832 998 2870 suas
1028 2819 1409 2884 revertantur,
1429 2815 1537 2887 ipsi
1551 2816 1788 2886 quidem
1811 2817 1882 2870 ab

254 2908 588 2979 episcopatu
609 2907 992 2979 depelluntor,
1028 2908 1124 2962 alii
1147 2913 1339 2964 autem
1355 2909 1628 2964 meliores
1643 2908 1702 2963 in
1729 2909 1882 2980 ipso-

253 3017 387 3054 rum
417 3001 606 3056 locum
635 3001 974 3056 ordinantor
1005 3018 1110 3073 pro
1147 3005 1350 3058 tenore
1377 3002 1679 3074 praesentis
1718 3003 1880 3073 legis.

251 3093 474 3150 Eodem
513 3095 621 3148 hoc
662 3095 968 3150 obtenturo
1013 3099 1071 3150 et
1108 3095 1168 3150 in
1213 3080 1455 3164 clericis,
1497 3096 1884 3168 cujuscunque

253 3187 472 3258 gradus
492 3187 710 3242 fuerint
733 3205 833 3243 seu
855 3188 1181 3244 ministerii.
1211 3189 1356 3253 Quia
1384 3206 1518 3244 vero
1552 3190 1707 3260 quod
1739 3207 1772 3244 a
1802 3206 1888 3244 sa-

254 3279 365 3335 cris
384 3281 602 3336 dictum
619 3284 706 3336 est
719 3282 966 3337 canonib
975 3299 1036 3336 us
1053 3281 1124 3336 de
1152 3282 1645 3338 sanctissimorum
1665 3283 1882 3354 episco-

251 3390 465 3446 porum
497 3375 746 3446 synodis,
787 3391 915 3446 quas
946 3392 1049 3448 per
1082 3375 1334 3446 singulas
1363 3375 1643 3431 celebrari
1671 3375 1890 3430 debent

251 3467 594 3539 provincias,
626 3467 922 3540 hucusque
957 3469 1323 3524 observatum
1353 3485 1470 3524 non
1503 3471 1610 3537 est,
1635 3469 1886 3523 maxime

253 3561 641 3616 necessarium
669 3561 844 3616 fuerit
872 3562 945 3616 ad
973 3565 1190 3617 rectam
1225 3563 1286 3617 id
1315 3563 1505 3618 denuo
1531 3562 1684 3617 viam
1712 3561 1883 3616 redu-

253 3669 412 3710 cere.
445 3657 523 3709 Ac
553 3655 734 3710 sancti
762 3655 1007 3726 quidem,
1032 3657 1276 3728 apostoli
1323 3659 1382 3710 et
1416 3658 1613 3710 Patres
1653 3655 1890 3710 deﬁnie-

251 3751 394 3803 runt
424 3751 486 3802 ut
502 3748 588 3802 bis
609 3765 713 3820 per
733 3749 990 3820 singulos
1005 3765 1190 3805 annos
1207 3748 1770 3821 religiosissimorum
1796 3765 1885 3802 sa-

254 3841 557 3897 cerdotum
577 3858 676 3896 seu
697 3843 1097 3914 episcoporum
1117 3843 1177 3897 in
1191 3859 1418 3915 quaque
1433 3842 1728 3914 provincia
1746 3843 1890 3896 cele-

253 3935 564 3990 brarentur
591 3936 816 4008 synodi,
854 3940 913 3990 et
935 3953 1063 4008 quae
1093 3936 1567 4008 suppullularent,
1599 3935 1890 3990 examina-

255 4031 479 4097 rentur,
511 4029 948 4102 potirenturque
974 4029 1329 4102 competenti
1358 4030 1712 4086 correctione
1739 4047 1752 4084 :
1781 4029 1889 4084 hoc

257 4125 348 4178 est
387 4124 568 4178 altera
591 4123 828 4195 quidem
867 4127 1066 4196 quarta
1107 4123 1246 4179 feria
1277 4130 1481 4180 sanctae
1516 4126 1885 4193 Pentecostes,

255 4217 438 4271 altera
457 4232 608 4282 _vero
637 4217 697 4272 in
723 4234 925 4272 mense
960 4217 1308 4290 Septembri.
1343 4220 1454 4274 Nos
1478 4221 1673 4273 autem
1695 4234 1761 4272 ex
1787 4217 1890 4272 hu-

249 4308 511 4381 jusmodi
523 4310 878 4382 negligentia
895 4311 1109 4366 multos
1127 4312 1298 4367 variis
1319 4311 1626 4382 implicitos
1643 4309 1890 4382 peccatis

255 4402 667 4470 invenerimus,
681 4404 952 4476 jubemus
980 4408 1044 4460 ut
1069 4405 1334 4461 omnibus
1357 4403 1547 4460 modis
1574 4403 1632 4457 in
1660 4419 1889 4474 quaque

1906 3143 1961 3218 C

1985 1900 2174 1956 neque
2203 1881 2704 1954 non-praesulibus,
2752 1881 2849 1952 qui
2893 1880 3132 1952 posthac
3171 1879 3614 1947 ordinabuntur,

1986 1977 2088 2032 sed
2108 1977 2283 2032 etiam
2309 1976 2370 2030 in
2400 1975 2469 2030 iis
2499 1975 2598 2046 qui
2627 1974 2800 2030 modo
2831 1977 2981 2042 sunt,
3015 1973 3062 2028 si
3107 1973 3235 2044 quis
3277 1973 3452 2044 (quod
3483 1972 3619 2026 licet

1983 2070 2287 2148 conjicere)
2322 2069 2393 2124 de
2424 2069 2594 2123 certis
2623 2067 2809 2122 causis
2837 2083 2942 2138 per
2990 2083 3178 2122 sacros
3221 2083 3470 2122 canones
3509 2081 3616 2120 no-

1985 2167 2246 2236 strasque
2267 2165 2426 2234 leges
2443 2161 2748 2234 prohibitis
2769 2163 3083 2216 accusetur.
3109 2160 3202 2214 His
3230 2159 3388 2214 enim
3411 2159 3492 2214 ita
3512 2159 3612 2213 ob-

1985 2257 2238 2325 servatis,
2253 2257 2383 2311 laici
2404 2271 2634 2327 quoque
2651 2271 2930 2327 magnum
2951 2254 3101 2308 circa
3121 2257 3337 2308 rectam
3359 2251 3534 2307 ﬁdem
3560 2254 3618 2306 et

1985 2351 2288 2406 honestam
2315 2350 2492 2405 vitam
2511 2349 2856 2420 profectum,
2890 2352 3062 2419 atque
3093 2347 3151 2402 in
3182 2347 3391 2401 melius
3424 2361 3620 2400 emen-

1985 2444 2279 2500 dationem
2300 2443 2800 2515 promerebuntur.
2815 2441 2902 2496 Ad
2919 2441 3322 2512 haecjubemus
3333 2443 3396 2494 ut
3411 2455 3616 2495 omnes

1985 2538 2238 2610 episcopi
2259 2537 2476 2608 pariter
2507 2539 2566 2591 et
2593 2534 2913 2607 presbyteri
2943 2551 3061 2589 non
3077 2534 3252 2589 tacito
3285 2533 3484 2599 modo,
3514 2530 3618 2586 sed

1983 2633 2138 2686 clara
2165 2646 2322 2698 voce,
2357 2646 2485 2702 qua:
2515 2647 2550 2683 a
2585 2628 2742 2683 fideli
2767 2629 2982 2700 populo
3015 2627 3368 2693 exaudiatur,
3393 2641 3617 2680 sacram

1985 2723 2340 2779 oblationem
2368 2726 2435 2776 et.
2454 2739 2654 2793 preces
2673 2721 2733 2774 in
2751 2724 2948 2775 sancto
2969 2721 3310 2790 baptismate
3334 2717 3618 2773 adhibitas

1985 2817 2293 2884 celebrent,
2329 2833 2442 2886 quo
2469 2815 2692 2886 majore
2731 2813 2934 2868 exinde
2969 2812 3270 2868 devotione
3313 2812 3372 2866 in
3411 2811 3620 2882 depro-

1985 2910 2213 2965 mendis
2239 2909 2467 2965 Domini
2493 2908 2592 2963 Dei
2613 2907 2878 2962 laudibus
2899 2905 3258 2960 audientium
3279 2904 3460 2959 animi
3479 2903 3614 2958 eﬁ‘e-

1983 3006 2203 3059 rantur.
2235 3005 2320 3058 Ita
2349 3002 2508 3057 enim
2539 3004 2597 3056 et
2627 3000 2788 3054 divus
2815 3000 3114 3071 Apostolus
3135 2999 3320 3065 docet,
3341 2998 3536 3052 dicens
3556 2997 3617 3050 in

1985 3097 2175 3168 prima
2193 3097 2267 3152 ad
2301 3095 2628 3153 Corinthios
2653 3093 2938 3166 Epistola:
2973 3092 3139 3148 Enim
3159 3108 3292 3147 vero
3324 3091 3370 3145 si
3411 3091 3619 3146 solum-

1985 3190 2160 3246 modo
2194 3189 2503 3246 benedicas
2543 3187 3068 3260 spiritu,quomodo
3087 3185 3183 3257 qui
3203 3184 3408 3257 privati
3429 3185 3616 3238 locum

1985 3285 2189 3356 implet
2203 3283 2356 3338 dicet
2373 3283 2447 3338 ad
2465 3281 2784 3354 gratiarum
2801 3281 3088 3336 actionem
3109 3282 3269 3333 tuam
3290 3279 3408 3332 Deo
3427 3277 3616 3347 ipsum

1986 3381 2190 3444 Amen,
2217 3373 2691 3448 quandoquidem
2715 3373 2853 3444 quid
2873 3373 3027 3428 dicas
3047 3388 3166 3426 non
3185 3369 3378 3425 videt?
3400 3370 3478 3424 Tu
3497 3369 3620 3440 qui~

1989 3471 2123 3526 dem
2144 3469 2381 3542 pulchre
2415 3467 2630 3539 gratias
2655 3465 2799 3538 agis,
2829 3467 2975 3521 alter
2993 3467 3186 3520 autem
3213 3480 3330 3518 non
3363 3461 3612 3516 aediﬁca-

1986 3567 2098 3617 tur.
2137 3563 2214 3616 Et
2241 3578 2438 3616 rursus
2468 3559 2527 3614 in
2561 3559 2806 3631 epistola
2832 3558 2904 3614 ad
2937 3559 3228 3614 Romanos
3258 3555 3338 3610 sic
3375 3554 3567 3626 inquit
3601 3571 3615 3610 :

1987 3657 2172 3714 Corde
2203 3655 2441 3728 quidem
2473 3653 2725 3709 creditur
2753 3651 2828 3707 ad
2847 3651 3148 3723 justitiam,
3181 3667 3279 3706 ore
3317 3651 3510 3704 autem
3555 3648 3621 3702 fit

1988 3750 2270 3806 confessio
2303 3749 2378 3803 ad
2406 3748 2670 3803 salutem.
2710 3747 2804 3800 His
2832 3745 3008 3817 igitur
3034 3745 3106 3799 de
3137 3743 3323 3799 causis
3350 3742 3621 3798 convenit

1989 3843 2219 3898 utinter
2236 3845 2471 3898 caeteras
2487 3856 2686 3912 preces
2711 3843 2770 3894 et
2794 3857 2861 3894 ea
2883 3855 3010 3911 quae
3029 3837 3089 3892 in
3111 3840 3308 3892 sancta
3329 3836 3620 3892 oblatione

1988 3937 2274 4003 dicuntur,
2312 3936 2466 3991 clara
2507 3951 2641 3990 voce
2681 3950 2716 3988 a
2754 3931 3196 4004 religiosissimis
3239 3929 3520 4002 episcopis
3565 3931 3624 3984 et

1988 4029 2337 4104 presbyteris
2358 4028 2601 4086 Domino
2640 4030 2835 4084 nostro
2855 4029 2988 4083 Jesu
3019 4027 3243 4084 Christo
3272 4025 3392 4079 Deo
3424 4027 3620 4078 nostro

1989 4142 2120 4180 cum
2148 4127 2311 4180 Patre
2355 4127 2415 4178 et
2451 4125 2648 4177 sancto
2693 4121 2908 4192 Spiritu
2941 4119 3312 4191 proferantur
3343 4133 3357 4171 :
3399 4115 3622 4170 scituris

1987 4217 2434 4290 religiosissimis
2463 4214 2853 4270 sacerdotibus
2869 4213 3020 4284 quod
3050 4212 3096 4266 si
3118 4211 3257 4282 quid
3282 4210 3488 4264 horum
3513 4225 3616 4263 ne-

1989 4311 2287 4383 glexerint,
2321 4313 2378 4363 et
2406 4309 2465 4362 in
2495 4306 2786 4363 horrendo
2799 4305 3019 4376 judicio
3041 4303 3243 4374 magni
3271 4303 3373 4358 Dei
3401 4306 3459 4357 et
3488 4301 3618 4358 Sers

1988 4404 2202 4460 vatoris
2225 4402 2404 4458 nostri
2432 4403 2564 4457 Iesu
2596 4399 2806 4454 Christi
2823 4398 2895 4452 de
2927 4397 3016 4452 his
3045 4396 3330 4452 rationem
3353 4395 3620 4463 reddent,

257 4497 552 4569 provincia
589 4514 693 4569 per
730 4498 987 4570 singulos
1025 4516 1230 4566 annos,
1275 4498 1365 4552 vel
1408 4498 1469 4552 in
1500 4513 1702 4552 mense
1723 4496 1890 4562 Julio,
1911 4507 1972 4582 D
1995 4513 2183 4568 neque
2215 4513 2320 4552 nos
2346 4496 2470 4550 haec
2497 4494 2914 4566 cognoscentes
2929 4489 3422 4562 conquiescemus,
3448 4488 3623 4543 relin-

259 4591 351 4644 vel
373 4590 859 4667 Septembri,‘una
890 4593 1138 4664 synodus
1193 4591 1532 4658 celebretur,
1573 4592 1890 4660 coeantque

259 4683 322 4739 in
335 4700 515 4739 unum
529 4685 683 4757 apud
692 4686 1057 4742 beatissimos
1079 4685 1314 4758 quidem
1323 4684 1676 4758 patriarchas
1693 4683 1772 4738 illi
1793 4681 1890 4754 qui

262 4777 336 4832 ab
374 4777 444 4832 iis
483 4779 844 4848 ordinantur,
873 4797 1063 4853 neque
1087 4780 1184 4851 jus
1211 4780 1428 4835 habent
1459 4779 1600 4834 alios
1629 4777 1894 4834 ordinare

263 4862 596 4944 episcopos;
631 4874 786 4945 apud
809 4874 1275 4946 religiosissimos
1297 4890 1432 4930 vero
1465 4874 1739 4946 cujusque
1769 4887 1897 4944 pro-

263 4964 465 5022 vincia:
507 4967 987 5039 metropolitanos
1021 4968 1079 5022 hi
1111 4969 1209 5040 qui
1243 4967 1316 5023 ab
1344 4967 1480 5038 ipsis
1509 4967 1852 5022 ordinantur
1878 4982 1892 5020 :

266 5073 383 5129 quo
403 5059 585 5130 magis
612 5062 783 5116 motas
809 5076 1016 5130 causa),
1039 5063 1246 5134 etque
1276 5061 1348 5116 ab
1368 5059 1652 5132 aliquibus
1672 5058 1894 5113 denun~

264 5150 484 5206 tiantur
501 5153 590 5207 vel
606 5155 904 5210 occasione
919 5154 1074 5222 ﬁdei,
1096 5155 1185 5210 vel
1205 5154 1611 5210 canonicarum
1629 5151 1896 5224 quaestio-

271 5246 506 5300 numvel
519 5246 1035 5304 administrationis
1053 5265 1250 5303 rerum
1269 5245 1900 5312 ecclesiasticarum,vel

269 5336 342 5393 de
366 5338 666 5412 episcopis,
695 5344 794 5396 aut
820 5341 1188 5414 presbyteris,
1218 5347 1317 5398 aut
1341 5339 1618 5407 diaconis,
1650 5343 1750 5394 aut
1775 5338 1902 5394 aliis

267 5431 508 5501 clericis,
539 5435 631 5488 vel
656 5433 727 5489 de
755 5435 1241 5491 monasteriorum
1270 5433 1628 5506 praesulibus,
1651 5437 1751 5488 aut
1774 5447 1900 5486 mo-

267 5525 486 5594 nachis,
503 5527 592 5582 vel
623 5527 695 5582 de
727 5528 1160 5602 reprehensibili
1187 5527 1322 5596 vita,
1346 5531 1446 5582 aut
1473 5526 1600 5582 aliis
1620 5542 1749 5597 qua:
1777 5541 1900 5580 cor-

263 5618 586 5675 rectionem
613 5620 964 5693 desiderant,
985 5621 1450 5694 agitenturjuxta
1471 5625 1530 5676 et
1555 5618 1906 5675 convenien-

263 5717 357 5771 ter
380 5717 802 5790 examinentur,
820 5736 1010 5792 neque
1027 5736 1145 5776 non
1165 5717 1444 5776 correctio
1465 5717 1536 5773 iis
1561 5716 1906 5774 adhibeatur

267 5823 400 5890 qua
447 5811 622 5870 sacris
657 5813 974 5873 canonibus
1003 5817 1062 5871 et
1089 5813 1298 5872 nostris
1325 5811 1632 5871 conveniat
1660 5810 1904 5886 legibus.

1990 4605 2345 4664 quemusque
2365 4589 2566 4643 inulta.
2597 4586 2875 4644 Jubemus
2901 4589 3095 4640 autem
3117 4586 3176 4638 et
3203 4582 3625 4654 provinciarum

1991 4685 2281 4758 prmsides,
2315 4682 2360 4737 si
2381 4681 2519 4754 quid
2539 4697 2741 4737 eorum
2761 4696 2889 4752 quae
2906 4677 3118 4734 anobis
3136 4677 3356 4732 sancita
3377 4678 3511 4730 sunt
3525 4691 3626 4730 ne-

1995 4779 2282 4852 gligenter
2299 4776 2499 4831 haberi
2518 4775 2786 4842 viderint,
2805 4777 2870 4828 ut
2887 4771 3141 4845 primum
3165 4771 3396 4843 quidem
3413 4771 3633 4824 metro-

1995 4871 2277 4945 politanos
2314 4872 2373 4924 et
2399 4869 2542 4924 alios
2571 4867 2866 4940 episcopos
2893 4867 3136 4936 urgeant
3154 4863 3230 4918 ad
3257 4861 3628 4918 celebrandas

1996 4964 2300 5038 praedictas
2333 4962 2604 5036 synodos,
2635 4965 2694 5016 et
2723 4964 2784 5016 ut
2819 4958 3015 5014 omnia
3044 4957 3331 5028 impleant
3366 4971 3494 5026 qua).
3524 4971 3630 5026 per

1997 5057 2247 5132 synodos
2262 5061 2544 5130 praesente
2563 5056 2692 5127 lege
2713 5051 3099 5126 praecipimus.
3136 5049 3302 5115 Quod
3323 5048 3369 5103 si
3385 5065 3483 5104 eos
3508 5065 3630 5104 mo.

1998 5169 2123 5208 ram
2161 5155 2388 5208 nectere
2421 5155 2478 5206 et
2509 5147 2743 5220 segnius
2771 5163 2842 5202 ea
2866 5160 3143 5217 peragere
3189 5141 3462 5210 viderint,
3493 5145 3634 5198 tunc

2000 5263 2105 5319 per
2151 5244 2581 5317 suggestionem
2626 5258 2732 5296 nos
2771 5256 2840 5294 ea
2881 5237 2951 5293 de
2976 5254 3038 5292 re
3061 5236 3332 5292 certiores
3359 5235 3630 5302 reddant,

2001 5357 2116 5413 quo
2144 5339 2332 5410 magis
2363 5338 2564 5391 contra
2590 5351 2688 5388 eos
2715 5332 2812 5404 qui
2837 5331 3089 5404 synodos
3134 5329 3422 5386 celebrare
3463 5327 3629 5382 diﬁ'e-

2003 5437 2157 5501 runt,
2180 5429 2528 5488 conveniens
2547 5445 2581 5482 a
2599 5426 2765 5482 nobis
2783 5425 3060 5498 procedat
3078 5423 3356 5480 correctio
3375 5439 3388 5476 :
3412 5419 3634 5474 scituris

2003 5533 2120 5584 tam
2165 5525 2305 5598 ipsis
2347 5521 2685 5596 praesidibus
2715 5535 2891 5592 quam
2919 5517 3246 5574 cohortibus
3274 5513 3373 5586 qui
3402 5512 3513 5568 illis
3542 5511 3642 5567 οδε

2004 5622 2354 5691 temperant,
2379 5614 2534 5688 quod
2556 5614 2602 5669 si
2620 5615 2744 5670 haec
2758 5613 2949 5669 minus
2965 5606 3412 5674 observaverint,
3447 5608 3635 5661 extre-

2006 5713 2116 5771 mis
2135 5711 2509 5786 subjicientur
2529 5707 2836 5781 suppliciis.
2860 5708 3098 5775 Insuper
3119 5697 3518 5755 interdicimus
3545 5714 3640 5756 re-

2008 5805 2387 5883 ligiosissimis
2409 5802 2692 5880 episcOpis
2711 5804 2770 5858 et
2789 5793 3154 5872 presbyteris,
3169 5809 3359 5870 neque
3371 5809 3489 5852 non
3517 5792 3642 5859 dia.
