4076 6186
458 327 596 388 i027

1586 317 1843 382 SAECULI
1882 321 2074 382 SEXTI
2113 318 2671 384 SUPPLEMENTUM.

3583 320 3590 328 ’
3680 325 3819 384 {028

455 439 633 507 conis,
666 440 724 492 et
761 433 1141 504 subdiaconis,
1181 449 1246 488 ac
1289 433 1616 502 lectoribus,
1655 439 1712 488 et
1761 435 2082 506 cuicunque
2103 449 2420 521 Auxorem
2467 434 2984 506 (quemadmodum
3029 432 3290 506 superius
3325 434 3536 489 dictum
3577 438 3682 505 est)
3712 436 3824 490 sibi

449 533 544 588 alii
562 527 1208 604 cujuslibetvenerabilis
1228 527 1446 582 ordinis
1467 531 1524 582 et
1541 528 1754 599 gradus
1777 529 2082 583 constituto

451 626 677 694 clerico,
699 641 772 678 ne
792 623 864 678 ad
879 622 1130 677 tabulam
1147 621 1348 676 ludant
1375 624 1476 676 aut
1499 621 1598 675 tali
1625 621 1760 676 ludo
1792 621 2084 676 utentibus

452 737 512 774 se
549 717 848 783 associent,
890 719 989 770 aut
1012 718 1362 786 spectatores
1393 714 1526 781 sint,
1561 717 1661 768 aut
1687 713 1762 768 ad
1788 714 2086 785 quodcun-

451 830 562 885 que
589 810 978 882 spectaculum
1010 807 1307 880 spectandi
1333 807 1517 879 gratia
1548 807 1844 862 accedant.
1869 807 1926 862 Si
1955 807 2082 878 quis

449 911 641 960 autem
671 920 872 959 eorum
894 905 952 956 in
966 902 1076 957 hoc
1097 901 1426 972 deliquerit,
1453 900 1748 971 jubemus,
1780 904 1842 954 ut
1873 899 1932 954 in
1966 903 2081 954 tres

449 1014 632 1053 annos
652 996 724 1068 ab
745 996 902 1052 omni
925 1011 1085 1050 sacro
1110 993 1430 1049 ministerio
1457 993 1856 1066 prohibeatur,
1889 993 2082 1048 mitta-

445 1097 651 1163 turque
675 1091 736 1144 in
763 1088 1200 1144 monasterium.
1231 1087 1395 1152 Quod
1422 1087 1466 1141 si
1493 1086 1844 1158 condignam
1869 1086 2078 1142 erroris

447 1184 530 1240 sui
557 1183 952 1256 paenitentiam
983 1182 1172 1236 medio
1195 1186 1455 1252 tempore
1487 1180 1817 1247 ostenderit,
1847 1181 2078 1235 licentia

445 1282 566 1334 esto
585 1277 870 1332 sacerdoti
900 1275 1003 1330 sub
1028 1291 1142 1346 quo
1164 1276 1472 1330 collocatus
1491 1276 1596 1342 est,
1629 1276 1686 1328 et
1706 1276 1940 1344 tempus
1967 1273 2073 1328 mi-

446 1387 645 1440 nuere,
675 1373 735 1424 et
757 1369 991 1441 proprio
1019 1367 1171 1422 hunc
1196 1367 1389 1422 denuo
1403 1366 1702 1420 restituere
1719 1365 2071 1421 ministerio:

441 1463 662 1520 scitaris
687 1461 828 1516 item
853 1460 1298 1532 religiosissimis
1327 1459 1606 1531 episcopis
1633 1458 1730 1530 qui
1771 1474 1840 1513 ea
1890 1457 2070 1513 vindi-

439 1573 570 1614 care
601 1557 831 1624 debent,
857 1555 1008 1626 quod
1043 1555 1088 1608 si
1131 1552 1459 1624 huiusmodi
1493 1551 1706 1623 aliquid
1745 1551 1925 1606 edocti
1956 1567 2074 1606 non

439 1649 714 1716 caverint,
741 1647 850 1720 ipsi
874 1648 1158 1702 rationem
1176 1647 1293 1700 Deo
1319 1661 1423 1716 pro
1453 1645 1562 1699 hac
1592 1660 1764 1698 causa
1791 1642 2074 1698 reddituri

2179 529 2441 598 junctam
2470 545 2586 583 non
2607 528 2840 594 habeat,
2867 544 2983 582 non
3011 527 3180 582 aliter
3204 528 3520 594 ordinator,
3535 527 3644 582 nisi
3659 528 3824 599 prius

2185 621 2256 674 ab
2279 637 2348 675 eo
2381 621 2482 692 qui
2511 621 2701 692 ipsum
2746 619 2978 675 ordinat
3022 621 3432 692 interrogatus,
3477 621 3825 690 proﬁteatur

2183 729 2348 784 posse
2375 731 2434 768 se
2463 716 2591 784 post
2616 713 3045 768 ordinationem
3085 715 3174 767 vel
3202 713 3325 768 sine
3355 713 3614 784 legitima
3640 731 3817 769 uxore

2181 811 2334 861 caste
2349 807 2539 860 vivere
2563 823 2576 861 :
2605 810 2937 878 nequeunte
2955 823 3025 862 eo
3046 807 3146 878 qui
3164 806 3414 872 ordinat,
3434 807 3820 862 ordinationis

2180 902 2466 972 tempore,
2495 899 2736 954 diacono
2763 901 3096 971 permittere
3125 904 3186 954 ut
3214 903 3344 970 post
3387 899 3816 955 ordinationem

2179 1009 2417 1048 uxorem
2451 993 2637 1048 ducat.
2666 993 2763 1048 Sin
2785 1009 2921 1048 vero
2955 993 3064 1048 hoc
3102 994 3222 1059 ﬁat,
3264 993 3564 1064 episcopus
3604 994 3700 1064 qui
3751 994 3814 1048 id

2178 1085 2458 1156 permisit,
2479 1087 2813 1158 episcopatu
2837 1085 3078 1157 ejicitor.
3099 1086 3262 1150 Quod
3283 1086 3329 1140 si
3353 1089 3484 1158 post
3499 1085 3818 1141 ordinatio-

2178 1195 2313 1234 nem
2337 1179 2652 1251 presbyter,
2687 1183 2787 1234 aut
2811 1179 3106 1246 diaconus,
3135 1183 3238 1234 aut
3265 1179 3644 1234 subdiaconus
3669 1197 3810 1236 uxo-

2175 1288 2299 1328 rem
2329 1272 2577 1342 duxerit,
2620 1272 2842 1343 ejicitor
2885 1289 2917 1328 e
2956 1273 3129 1340 clero,
3171 1276 3230 1326 et
3273 1272 3448 1327 curias
3475 1272 3718 1328 civitatis
3746 1273 3814 1327 in

2177 1381 2292 1437 qua
2335 1365 2574 1419 clericus
2607 1370 2731 1420 erat
2776 1381 2907 1420 cum
2949 1365 3116 1420 bonis
3155 1364 3272 1420 suis
3295 1365 3558 1420 traditor.
3589 1368 3730 1420 item
3757 1367 3813 1420 si

2174 1458 2354 1512 lector
2379 1457 2684 1512 secundam
2707 1473 2942 1513 uxorem
2974 1456 3215 1525 duxerit,
3249 1460 3350 1511 aut
3385 1456 3632 1528 primam
3676 1458 3808 1529 qui-

2155 1549 2328 1618 dem,
2351 1551 2452 1605 sed
2465 1550 2718 1618 viduam,
2735 1554 2836 1605 aut
2855 1550 3100 1606 divortio
3121 1556 3447 1622 separatam
3475 1567 3509 1605 a
3539 1551 3683 1619 viro,
3704 1557 3812 1606 aut

2173 1643 2416 1715 legibus,
2443 1646 2544 1698 aut
2569 1644 2742 1698 sacris
2769 1643 3134 1699 interdictam
3159 1645 3496 1712 canonibus,
3527 1661 3646 1700 non
3677 1662 3808 1700 am-

440 1749 592 1799 sunt.
641 1743 820 1798 Nemo
865 1747 1064 1796 tamen
1108 1739 1408 1811 episcopus
1445 1736 1808 1809 compellitur
1862 1736 2070 1792 invitus
2169 1735 2318 1808 plius
2345 1736 2420 1791 ad
2445 1737 2623 1792 alium
2656 1737 3104 1792 ecclesiasticum
3134 1737 3377 1809 gradum
3401 1738 3812 1810 procedito.Et

441 1837 900 1910 qualemcunque
949 1833 1219 1889 clericum
1260 1831 1364 1887 sub
1406 1831 1530 1902 ipso
1561 1831 1934 1886 constitutum
1965 1847 2068 1886 suo
2087 1811 2146 1883 B
2169 1829 2214 1884 si
2246 1845 2590 1913 quocunque
2621 1830 2800 1886 modo
2837 1830 2912 1884 ad
2943 1831 3228 1901 majorem
3250 1831 3497 1903 gradum
3516 1833 3806 1904 proveha-

440 1929 729 1984 dimittere
757 1929 929 1983 clero.

508 2021 789 2077 Omnibus
819 2037 952 2075 vero
979 2019 1260 2090 episcopis
1290 2021 1348 2073 et
1385 2016 1735 2088 presbyteris
1774 2015 2065 2071 interdici-

437 2131 566 2170 mus
587 2132 658 2170 ne
685 2110 1017 2186 quenipiam
1038 2129 1072 2167 a
1087 2128 1250 2167 sacra
1269 2109 1682 2166 communione
1702 2111 1861 2182 prius
1878 2124 2068 2180 segre-

438 2211 582 2281 gent
609 2225 784 2280 quam
815 2223 986 2262 causa
1014 2209 1370 2261 monstretur
1399 2203 1778 2275 quamobrem
1811 2202 2067 2258 ecclesia-

437 2301 562 2356 stici
605 2303 715 2356 hoc
761 2317 1012 2356 canones
1058 2299 1184 2354 ﬁeri
1219 2299 1446 2370 jubent.
1477 2297 1532 2352 Si
1562 2297 1690 2367 quis
1722 2299 1916 2350 autem
1945 2296 2066 2350 haec

437 2398 638 2452 contra
667 2411 700 2450 a
729 2397 928 2448 sancta
958 2391 1370 2448 communione
1399 2390 1654 2461 aliquem
1693 2389 2061 2460 separaverit,

369 2557 380 2564 υ
433 2487 528 2542 ille
547 2487 780 2559 quidem
793 2486 890 2558 qui
910 2486 1118 2557 injuste
1136 2502 1170 2539 a
1185 2483 1594 2539 communione
1618 2485 1915 2553 separatus
1933 2481 2060 2547 fuit,

431 2581 687 2636 resoluta
718 2579 1078 2651 separatione
1104 2594 1210 2650 per
1227 2577 1510 2648 majorem
1532 2575 1910 2644 sacerdotem,
1938 2591 2065 2630 san-

433 2679 522 2730 cta
547 2673 754 2744 dignus
773 2672 1049 2727 habeatur
1068 2670 1497 2726 communione.
1517 2673 1568 2725 Is
1587 2685 1721 2723 vero
1743 2668 1837 2739 qui
1856 2668 2063 2738 injuste

433 2767 682 2838 aliquem
701 2783 735 2820 a
751 2769 946 2821 sancta
961 2780 1226 2836 separare
1248 2763 1662 2819 communione
1677 2777 1846 2816 ausus
1866 2761 2058 2828 fuerit,

433 2859 701 2916 omnibus
731 2858 920 2914 modis
951 2875 1056 2930 per
1081 2857 1440 2913 sacerdotem
1481 2856 1584 2910 sub
1614 2871 1728 2926 quo
1755 2855 2062 2910 collocatus

431 2957 518 3008 est
547 2971 580 3008 a
602 2951 1006 3008 communione
1035 2951 1410 3022 separabitur,
1435 2952 1878 3020 quantocunque
1909 2951 2056 3002 tem-

427 3061 570 3117 pore
596 3045 680 3099 illi
717 3045 898 3098 visum
930 3044 1056 3112 erit,
1097 3047 1159 3098 ut
1189 3043 1346 3114 quod
1385 3043 1594 3114 injuste
1623 3041 1720 3096 alii
1752 3041 1906 3108 fecit,
1937 3041 2058 3111 ipse

422 3134 577 3204 juste
609 3131 902 3187 sustineat.
931 3135 1010 3186 Ac
1037 3147 1224 3202 neque
1252 3130 1498 3202 propriis
1515 3130 1766 3200 aliquem
1793 3129 2059 3184 manibus

430 3225 695 3298 episcopo
717 3225 1017 3280 verberare
1037 3223 1188 3292 licet,
1210 3223 1491 3296 siquidem
1519 3223 1627 3278 hoc
1655 3222 1951 3277 alienuma
1967 3239 2053 3278 sa-

429 3319 756 3376 cerdotibus
787 3322 892 3374 est.
923 3320 1087 3375 Certe
1119 3317 1164 3372 si
1191 3317 1318 3389 quis
1355 3317 1674 3389 episcopus,
1703 3333 1832 3370 cum
1854 3332 2052 3371 secun-

427 3413 566 3470 dum
609 3411 1018 3468 ecclesiasticos
1063 3427 1310 3466 canones
1349 3409 1670 3465 sacerdotio
1704 3409 1919 3480 ejectus
1947 3413 2052 3478 est,

424 3506 652 3577 ingredi
672 3507 957 3562 civitatem
983 3505 1130 3560 ausit
1150 3521 1220 3559 ex
1238 3521 1351 3576 qua
1371 3505 1606 3575 ejectus,
1627 3507 1730 3558 aut
1752 3503 1942 3558 locum
1961 3503 2056 3557 de-

424 3601 752 3672 relinquere
785 3599 844 3653 in
879 3615 991 3670 quo
1021 3599 1232 3669 degere
1243 3598 1436 3669 jussus
1465 3601 1569 3664 est;
1603 3596 1874 3667 jubemus
1903 3596 2052 3650 hunc

421 3693 484 3748 in
512 3693 928 3748 monasterium
954 3693 1016 3746 in
1035 3691 1146 3746 alia
1171 3691 1465 3763 provincia
1491 3690 1864 3746 constitutum
1881 3689 2049 3757 tradi,

421 3789 490 3840 ut
519 3802 646 3857 quas
673 3786 734 3840 in
760 3785 1072 3841 sacerdotio
1103 3785 1365 3856 deliquit,
1396 3801 1463 3840 ea
1493 3783 1712 3855 degens
1747 3782 1805 3837 in
1845 3799 2048 3838 mona-

425 3878 600 3934 sterio
627 3877 896 3948 corrigat.

493 3970 741 4025 Clericos
765 3973 959 4023 autem
997 3985 1114 4024 non
1157 3969 1324 4024 aliter
1367 3969 1619 4024 ordinari
1659 3968 2048 4038 concedimus,

421 4063 532 4122 nisi
559 4063 777 4118 litteras
797 4061 997 4130 sciant,
1027 4065 1087 4116 et
1105 4065 1264 4116 recta
1288 4062 1398 4116 fide
1418 4079 1489 4124 ac
1511 4063 1753 4118 honesta
1777 4062 1891 4116 vita
1913 4061 2046 4129 sint,

422 4160 481 4214 et
495 4173 684 4229 neque
701 4155 1099 4220 concubinam,
1117 4171 1306 4226 neque
1324 4156 1615 4210 naturales
1627 4155 1937 4210 habuerint
1949 4158 2049 4210 aut

419 4251 668 4308 habeant
683 4249 910 4316 liberos,
931 4248 1032 4304 sed
1052 4249 1148 4321 qui
1169 4250 1256 4304 vel
1269 4247 1532 4304 cmlibem
1544 4248 1720 4302 vitam
1731 4251 1929 4319 agunt,
1960 4249 2048 4303 vel

418 4359 659 4402 uxorem
696 4344 1023 4399 habuerunt
1050 4345 1149 4398 aut
1181 4341 1396 4398 habent
1433 4341 1770 4413 legitimam,
1815 4345 1873 4396 et
1915 4358 2045 4396 eam

417 4455 592 4496 unam
617 4441 675 4494 et
709 4437 978 4510 primam,
1030 4452 1220 4508 neque
1261 4435 1516 4502 viduam,
1563 4451 1750 4508 neque
1800 4435 2043 4491 divortio

2167 1925 2278 1991 tur,
2311 1923 2612 1978 deiiciatur
2636 1923 2709 1979 ab
2741 1940 2832 1992 eo,
2865 1929 2924 1979 et
2951 1923 3131 1996 priori
3158 1924 3510 1980 restituatur.

2237 2015 2350 2072 Sed
2383 2032 2572 2087 neque
2606 2015 2950 2085 cohortales,
2995 2033 3184 2088 neque
3231 2017 3574 2073 decuriones
3605 2019 3809 2074 clerici

2164 2109 2366 2177 ﬁunto,
2402 2126 2476 2164 ne
2516 2125 2632 2180 qua
2661 2109 2866 2164 exinde
2913 2111 3228 2165 venerabili
3277 2111 3476 2166 domui
3518 2111 3810 2167 inferatur

2165 2203 2532 2258 contumelia.
2568 2202 2628 2258 Si
2657 2219 2793 2258 vero
2820 2204 2964 2258 tales
2989 2219 3249 2275 personae
3286 2205 3611 2260 referantur
3648 2203 3809 2260 inter

2165 2295 2420 2363 clericos,
2442 2295 2685 2367 perinde
2710 2296 2875 2368 quasi
2899 2295 3184 2352 ordinatio
3214 2297 3366 2352 facta
3387 2314 3500 2352 non
3525 2302 3697 2365 esset,
3715 2299 3808 2354 ita

2163 2388 2413 2460 propriae
2447 2390 2696 2444 fortunas
2734 2389 3131 2460 restituuntor,
3167 2389 3423 2462 dempto,
3469 2391 3516 2445 si
3553 2393 3637 2462 (ut
3665 2392 3808 2446 licet

2163 2481 2468 2552 conjicere)
2523 2483 2928 2538 monachicam
2979 2483 3187 2554 aliquis
3217 2499 3283 2538 ex
3304 2483 3441 2554 ipsis
3464 2485 3643 2539 vitam
3677 2501 3804 2540 non

2163 2574 2356 2629 minus
2380 2575 2712 2646 quindecim
2733 2575 2902 2630 annis
2928 2576 3292 2646 transegerit.
3333 2577 3497 2632 Tales
3517 2578 3676 2632 enim
3705 2595 3810 2633 or-

2163 2672 2348 2728 dinari
2366 2673 2659 2744 jubemus,
2687 2673 2950 2744 legitima
2973 2673 3240 2728 videlicet
3265 2675 3532 2744 portione
3553 2692 3588 2729 a
3620 2675 3802 2730 decu—

2160 2765 2325 2822 rione
2345 2766 2690 2838 assignanda
2709 2766 2881 2821 curiae
2909 2769 2968 2820 et
2995 2766 3338 2838 reipublicae.
3374 2767 3487 2823 Sed
3511 2772 3570 2822 et
3593 2769 3652 2822 in
3674 2770 3801 2824 cle-

2159 2875 2289 2914 rum
2308 2859 2516 2928 allecti,
2559 2859 2844 2914 monacho
2876 2859 3176 2914 decentem
3195 2861 3370 2915 vitam
3399 2862 3471 2916 ad
3501 2862 3682 2918 ﬁnem
3705 2880 3805 2916 us-

2161 2969 2271 3025 que
2298 2958 2625 3025 praastanto.
2657 2953 2801 3008 Nam
2823 2953 2869 3007 si
2892 2957 3024 3024 post
3048 2953 3185 3008 cleri
3206 2954 3486 3010 honorem
3510 2955 3802 3028 adeptum

2157 3063 2398 3101 uxorem
2425 3046 2632 3118 aliquis
2653 3062 2854 3101 eorum
2883 3045 3130 3116 duxerit,
3160 3049 3258 3100 aut
3287 3049 3664 3105 concubinam
3691 3052 3804 3106 ha-

2077 3179 2132 3256 c
2156 3139 2364 3208 buerit,
2399 3139 2591 3209 curias,
2621 3143 2723 3194 aut
2745 3139 2988 3208 cohorti,
3011 3143 3111 3194 aut
3134 3140 3399 3207 fortunae,
3423 3141 3512 3196 cui
3537 3147 3666 3198 erat
3684 3144 3798 3199 ob-

2157 3233 2352 3256 _.__:---
2405 3232 2663 3256 _-.‘I.I:L....
2716 3235 2776 3256 --.1.
2796 3233 3045 3256 ..-..ε...-
3079 3232 3137 3256 2-
3165 3249 3289 3256 ---μ
3325 3250 3417 3256 ..-Α
3434 3235 3561 3256 λη...
3621 3253 3636 3256 4
3656 3239 3756 3256 ᾼκιγ

2157 3233 2374 3300 noxius,
2405 3232 2682 3303 redditor,
2716 3235 2780 3287 ut
2796 3233 3048 3288 maxime
3079 3232 3139 3287 in
3161 3249 3294 3288 eum
3321 3235 3567 3306 gradum
3613 3239 3799 3292 eccle-

2155 3327 2445 3380 siasticum
2472 3326 2708 3380 allectus
2735 3325 2929 3393 fuerit,
2965 3323 3023 3380 in
3038 3342 3150 3397 quo
3163 3327 3503 3382 constitutus
3514 3329 3720 3400 aliquis
3754 3348 3794 3386 a

2155 3419 2329 3474 sacris
2349 3418 2662 3474 canonibus
2689 3422 2746 3474 et
2773 3419 2996 3490 legibus
3017 3435 3258 3475 uxorem
3283 3419 3493 3475 ducere
3515 3438 3630 3476 non
3653 3439 3790 3494 pro-

2153 3511 2402 3568 hibetur.
2439 3511 2768 3584 Eademque
2797 3512 2919 3567 haec
2951 3516 3008 3566 et
3035 3512 3094 3566 in
3116 3513 3241 3567 aliis
3278 3513 3548 3568 omnibus
3573 3531 3786 3572 mona-

2152 3605 2274 3660 chis
2296 3606 2490 3660 valere
2501 3605 2806 3672 sancimus,
2825 3605 2922 3677 qui
2955 3622 2984 3660 e
3004 3605 3359 3662 monasterio
3380 3607 3454 3662 ad
3469 3624 3792 3680 quemcun-

2153 3715 2265 3772 que
2285 3698 2530 3770 gradum
2552 3699 2992 3755 ecclesiasticum
3016 3700 3462 3769 transferuntur,
3486 3706 3547 3756 et
3567 3702 3615 3756 si
3637 3704 3784 3760 nulli

2150 3793 2400 3848 fortunae
2421 3792 2648 3848 obnoxii
2671 3792 2900 3848 fuerint.
2920 3793 2989 3847 Et
3002 3793 3354 3864 generaliter
3369 3795 3499 3866 lege
3522 3799 3784 3866 promul~

2151 3902 2376 3959 gamus,
2397 3901 2469 3940 ne
2483 3886 2573 3941 cui
2583 3885 2754 3941 liceat
2765 3887 2823 3941 in
2843 3902 3186 3958 quocunque
3199 3887 3582 3944 ecclesiastico
3594 3891 3786 3961 gradu

2149 3971 2457 4034 constituto
2480 3979 2551 4034 ab
2573 3995 2642 4034 eo
2673 3978 2974 4049 decedere,
3000 3984 3058 4034 et
3083 3981 3415 4035 smcularem
3427 3981 3588 4036 ﬁeri:
3613 3983 3785 4039 scitu-

2146 4071 2226 4127 ris
2249 4072 2339 4127 his
2359 4072 2458 4144 qui
2488 4071 2566 4127 ita
2587 4073 2830 4144 egerint,
2856 4073 3012 4144 quod
3033 4075 3090 4126 et
3125 4072 3355 4145 cingulo
3383 4073 3449 4144 (si
3479 4075 3637 4146 quod
3669 4077 3784 4132 illis

2148 4160 2488 4216 attributum
2521 4160 2648 4233 erit)
2687 4165 2786 4216 aut
2823 4161 3121 4233 dignitate,
3152 4166 3250 4216 aut
3277 4162 3483 4219 militia
3514 4163 3774 4221 denuda-

2146 4253 2380 4321 buntur,
2407 4256 2468 4308 et
2498 4253 2717 4310 cohorti
2736 4254 2977 4310 civitatis
3007 4271 3122 4311 suae
3146 4256 3466 4312 tradentur.
3497 4257 3607 4322 Qui
3638 4275 3776 4316 vero

2147 4350 2280 4402 ante
2313 4348 2462 4402 hanc
2495 4351 2748 4402 nostram
2780 4349 2972 4420 legem
3003 4365 3035 4404 e
3059 4349 3256 4404 curiali
3277 4350 3513 4406 fortuna
3525 4353 3776 4409 ordinati

2146 4444 2278 4495 sunt
2315 4440 2523 4506 clerici,
2557 4441 2980 4511 patrimonialia
3015 4457 3260 4498 munera
3291 4459 3398 4514 per
3439 4445 3775 4502 substitutas

416 4535 738 4605 separatam
767 4548 800 4585 a
827 4531 968 4598 viro,
1003 4546 1190 4602 neque
1226 4529 1442 4601 alioqui
1486 4529 1708 4600 legibus
1741 4532 1841 4583 aut
1875 4529 2045 4584 sacris
2061 4548 2122 4622 D
2145 4550 2422 4605 personas
2435 4533 2738 4604 implento,
2764 4551 2798 4588 a
2820 4535 3218 4606 personalibus
3241 4535 3404 4592 liberi
3426 4554 3770 4594 conservan-

413 4625 782 4682 interdictam
797 4623 1128 4679 canonibus.
1161 4623 1563 4694 Presbyterum
1589 4638 1724 4677 vero
1751 4623 2042 4678 minorem
2142 4626 2373 4682 tor.Sed
2391 4642 2578 4697 neque
2593 4625 2864 4682 clericum
2877 4627 3264 4699 cujuscunque
3281 4630 3496 4700 gradus
3516 4631 3659 4687 dare
3674 4633 3772 4688 ali-

415 4719 584 4776 annis
621 4717 856 4789 triginta
893 4717 1147 4788 quinque
1185 4716 1310 4770 fieri
1353 4732 1470 4772 non
1509 4715 1896 4771 concedimus.
1929 4715 2043 4771 Sed

411 4829 603 4886 neque
629 4811 932 4867 diaconum
953 4813 1053 4865 aut
1079 4809 1492 4864 subdiaconum
1525 4809 1814 4864 minorem
1839 4808 2041 4880 viginti

415 4907 701 4980 quinque;
735 4921 922 4978 neque
943 4905 1083 4960 item
1112 4904 1392 4958 lectorem
1420 4903 1711 4958 minorem
1740 4902 1907 4957 annis
1935 4902 2036 4957 de-

412 5015 540 5058 cem
569 5003 626 5055 et
661 5003 808 5054 octo.
839 4997 1172 5054 Diaconissa
1197 4999 1388 5052 autem
1436 4995 1498 5050 in
1547 4999 1744 5050 sancta
1791 4995 2041 5052 Ecclesia

412 5111 530 5150 non
563 5091 874 5160 ordinator,
909 5108 1038 5163 quae
1073 5090 1266 5146 minor
1297 5089 1686 5162 quadraginta
1725 5089 1891 5144 annis
1944 5088 2035 5159 sit,

411 5189 514 5243 aut
539 5185 612 5240 ad
643 5184 918 5240 secundas
945 5183 1208 5256 pervenit
1235 5181 1482 5255 nuptias.

479 5282 760 5337 Caeterum
779 5277 823 5331 si
849 5281 1111 5350 tempore
1131 5275 1512 5334 ordinationis
1541 5277 1744 5330 contra
1767 5274 2036 5332 clericum

409 5373 800 5446 cujuscunque
829 5370 1045 5425 ordinis
1089 5374 1188 5425 aut
1219 5371 1432 5442 gradus
1479 5373 1776 5424 accusator
1831 5369 2037 5441 aliquis

405 5470 636 5525 exortus
663 5462 858 5532 fuerit,
881 5463 982 5534 qui
1003 5463 1153 5517 dicat
1177 5463 1482 5534 indignum
1502 5478 1636 5518 eum
1658 5479 1779 5518 esse
1797 5462 2032 5518 ordina-

404 5562 586 5630 tione,
618 5557 880 5614 diﬂ'ertor
902 5555 1028 5627 ipsa
1050 5553 1355 5621 ordinatio,
1377 5559 1437 5610 et
1455 5555 1670 5623 omnia,
1693 5559 1814 5610 tam
1837 5555 1895 5610 in
1910 5573 2036 5613 exa-

403 5655 728 5710 minatione
758 5665 933 5724 quam
958 5649 1020 5704 in
1047 5647 1318 5715 censuris,
1352 5649 1731 5718 procedunto,
1755 5665 1882 5721 quin
1914 5650 2034 5722 qui-

406 5747 542 5802 dem
569 5746 630 5800 in
660 5745 1060 5817 episcoporum
1081 5739 1540 5796 ordinationibus
1562 5743 1824 5812 superius
1851 5743 2036 5799 sanxi-

403 5851 555 5896 mus.
597 5837 901 5894 Enimvero
937 5837 983 5892 si
1011 5836 1060 5892 is
1090 5835 1188 5906 qui
1231 5830 1586 5889 ordinandus
1625 5836 1712 5888 est
1755 5835 2033 5892 diaconus

2141 4719 2280 4792 quid
2305 4719 2385 4774 illi
2415 4736 2450 4774 a
2475 4735 2588 4790 quo
2623 4719 2938 4788 ordinatur,
2963 4722 3062 4775 aut
3097 4722 3426 4794 quicunque
3457 4723 3555 4779 alii
3580 4742 3774 4797 perso-

2139 4829 2230 4868 nae
2255 4811 2644 4881 concedimus,
2672 4813 2773 4868 sed
2802 4814 2950 4868 solas
2976 4813 3234 4885 praebere
3248 4815 3438 4888 ipsum
3467 4823 3774 4876 consuetu-

2141 4906 2324 4974 dines,
2345 4923 2410 4962 ex
2437 4923 2600 4962 more
2621 4906 3016 4978 percipiendas
3049 4908 3122 4963 ab
3144 4908 3232 4964 his
3257 4910 3356 4981 qui
3385 4911 3682 4969 ordinanti
3709 4916 3772 4970 in

2140 4999 2460 5055 ministerio
2497 5004 2648 5068 sunt,
2687 5017 2816 5071 qua:
2839 5005 3036 5057 tamen
3066 5001 3234 5058 unius
3265 5003 3408 5068 anni,
3435 5003 3620 5060 diaria
3654 5025 3771 5063 non

2139 5092 2436 5148 excedant.
2470 5093 2635 5150 Certe
2666 5093 2726 5148 in
2753 5099 3110 5151 sacrosancta
3142 5096 3379 5152 ecclesia
3410 5097 3466 5152 in
3489 5115 3605 5170 qua
3630 5117 3766 5157 cou-

2138 5186 2406 5257 stituitur,
2437 5189 2500 5241 ut
2541 5187 2800 5242 divinum
2831 5188 3068 5260 impleat
3087 5189 3494 5260 ministerium,
3524 5195 3770 5250 omnino

2138 5297 2208 5336 ne
2232 5279 2520 5335 tantillum
2549 5279 2784 5352 quidem
2815 5281 3050 5352 collegis
3080 5281 3194 5337 suis
3229 5300 3335 5355 pro
3377 5282 3768 5344 insinuatione

2136 5389 2236 5428 sua
2263 5373 2420 5442 dato,
2461 5388 2650 5446 neque
2677 5378 2914 5446 pr0pter
2944 5375 3090 5430 hanc
3127 5391 3361 5432 causam
3384 5378 3602 5435 solatii:
3629 5381 3766 5449 suis,

2133 5470 2232 5521 aut
2252 5466 2376 5521 aliis
2397 5465 2893 5524 distributionibus
2909 5469 3300 5526 defraudatur.
3323 5471 3439 5528 Sed
3460 5489 3660 5545 neque
3681 5491 3770 5530 xo-

2135 5559 2452 5630 nodochus,
2485 5564 2586 5616 aut
2618 5562 3096 5634 prochotrophus,
3133 5567 3233 5618 aut
3268 5581 3636 5636 nosocomus,
3670 5573 3770 5626 aut

2133 5653 2521 5726 cujuscunque
2532 5654 2766 5711 alterius
2782 5655 3127 5712 venerabilis
3139 5656 3354 5714 domus
3385 5659 3764 5734 dispensator,

2134 5745 2234 5818 qui
2246 5746 2704 5820 qualemcunque
2723 5748 3166 5805 ecclesiasticam
3179 5751 3630 5810 sollicitudinem
3645 5761 3763 5811 tra-

2133 5842 2270 5909 ctat,
2295 5838 2426 5898 dato
2438 5840 2657 5912 aliquid
2688 5841 2828 5898 illia
2859 5859 2974 5915 quo
2995 5848 3388 5920 promovetur,
3414 5849 3515 5902 aut
3535 5848 3768 5905 cuicun-
