4076 6186
274 310 411 365 1029

1090 305 1451 366 JUSTINIANI
1492 307 1821 366 NOVELLXE
1859 308 2189 367 SELECT/E.
2232 309 2539 367 NOVELLA
2576 307 2798 367 CXXIII.

3490 313 3624 372 {030

262 433 377 487 que
403 415 496 470 alii
527 432 785 487 personae
811 433 915 488 pro
945 416 1161 471 credita
1188 418 1293 472 sibi
1320 419 1760 490 dispensatione.
1791 421 1893 485 Qui
1916 440 1968 509 Α
1996 420 2554 491 comprehendimus.
2619 422 2677 473 In
2730 419 2996 473 omnibus
3061 425 3253 475 autem
3314 421 3627 478 forensibus

261 513 460 564 autem
489 515 683 564 contra
705 512 822 564 haec
849 527 977 581 qua:
1008 511 1410 582 disposuimus,
1445 513 1532 567 vel
1555 513 1766 584 aliquid
1794 514 1892 568 de-

262 603 430 672 derit,
468 604 554 657 vel
594 605 891 675 acceperit,
924 604 1012 658 vel
1061 605 1343 659 mediator
1371 606 1549 660 factus
1589 607 1780 676 fuerit,
1813 625 1893 661 sa-

261 697 532 763 cerdotio,
585 698 698 751 sive
745 699 911 763 clero,
951 699 1067 751 sive
1101 699 1315 753 credita
1363 699 1470 752 sibi
1513 700 1891 771 qualicunque

261 789 752 844 administratione
776 791 1171 861 denudabitur,
1202 792 1288 846 his
1309 809 1434 863 quae
1461 793 1591 848 data
1614 797 1747 847 sunt
1765 794 1887 848 vin-

257 882 511 937 dicandis
540 884 848 938 venerabili
887 885 1082 938 domui
1113 886 1273 955 cujus
1319 885 1754 956 ordinationem,
1793 891 1892 940 aut

257 976 719 1044 sollicitudinem,
749 982 848 1032 aut
885 977 1357 1049 dispensationem
1387 980 1511 1034 talis
1538 996 1777 1050 persona
1805 997 1892 1034 ac-

256 1069 492 1140 ceperit.
533 1070 586 1124 Si
626 1071 912 1124 saecularis
954 1072 1025 1126 sit
1073 1071 1171 1142 qui
1211 1072 1443 1143 accepit,
1472 1078 1570 1127 aut
1611 1073 1890 1129 mediator

255 1163 465 1229 exsitit,
496 1163 652 1234 quod
683 1165 883 1219 datum
910 1168 994 1219 est
1036 1165 1095 1219 in
1122 1166 1362 1236 duplum
1393 1167 1672 1238 exigetur,
1707 1173 1763 1222 et
1789 1184 1885 1222 ve-

254 1256 496 1313 nerabili
524 1258 716 1312 domui
743 1259 803 1312 in
839 1274 951 1329 qua
978 1259 1410 1330 ordinationem,
1439 1264 1538 1315 aut
1559 1260 1886 1316 sollicitudi-

255 1366 410 1419 nem,
444 1355 543 1404 aut
573 1351 1050 1421 dispensationem
1075 1353 1312 1424 accepit,
1345 1354 1647 1424 prmbetor.

329 1443 389 1497 Si
419 1443 544 1514 quis
571 1460 702 1498 vero
730 1445 1117 1517 cujuscunque
1147 1447 1356 1517 gradus
1375 1447 1631 1516 clericus,
1660 1451 1758 1502 aut
1786 1465 1884 1502 cu-

247 1536 575 1607 juscunque
616 1538 947 1593 venerabilis
986 1539 1188 1593 domus
1231 1539 1603 1611 dispensator,
1633 1542 1724 1595 vel
1755 1545 1886 1596 ante

255 1630 678 1686 ordinationem
703 1631 1042 1687 creditamve
1064 1633 1168 1687 sibi
1183 1634 1632 1706 qualemcunque
1663 1634 1888 1706 dispen-

253 1724 554 1791 sationem,
597 1730 696 1779 aut
747 1725 1205 1794 sollicitudinem,
1239 1728 1326 1781 vel
1376 1731 1587 1798 postea,
1646 1728 1887 1783 voluerit

1993 514 2126 568 locis
2154 514 2434 568 sancimus
2459 517 2524 568 ut
2549 514 2828 584 siquidem
2857 514 2904 566 is
2935 514 3032 583 qui
3074 513 3231 568 initio
3252 513 3493 569 instituit
3523 533 3619 571 ex-

1993 607 2402 678 aedificavitque
2470 607 2784 675 ecclesiam,
2837 605 3114 660 deﬁnierit
3175 607 3620 663 ordinandorum

1991 701 2247 769 modum,
2276 700 2550 754 nimirum
2575 701 2645 754 ad
2674 716 2808 754 eum
2837 700 3004 753 etiam
3029 704 3288 770 sumptus
3311 717 3621 756 accommo-

1992 793 2148 860 dans,
2181 810 2292 847 non
2318 794 2474 863 prius
2500 793 2703 864 aliquis
2739 793 2797 846 in
2830 809 2953 846 eam
2982 793 3270 847 ecclesiam
3301 795 3615 863 ordinetur,

1991 903 2162 957 quam
2186 888 2257 941 ad
2286 903 2590 940 numerum
2615 886 2774 940 initio
2802 885 3100 940 deﬁnitum
3126 903 3321 940 eorum
3352 905 3618 943 mensura

1987 981 2210 1035 redacta
2234 981 2322 1034 sit.
2353 980 2445 1034 Sin
2474 979 2663 1033 minus
2683 980 2892 1033 factum
2920 979 3008 1047 sit,
3033 977 3154 1050 ipsa
3174 985 3366 1035 autem
3382 981 3618 1037 civitatis

1989 1073 2222 1128 ecclesia
2240 1090 2492 1128 annonas
2515 1073 2617 1126 sibi
2649 1073 2978 1143 caeterisque
3005 1073 3248 1127 ecclesiis
3277 1076 3613 1146 suppeditet,

1987 1171 2122 1222 tunc
2151 1184 2263 1221 non
2294 1173 2505 1221 temere
2535 1166 2864 1221 clericorum
2895 1166 3004 1220 illic
3036 1183 3340 1221 numerum
3387 1176 3609 1241 augeat,

1986 1277 2170 1331 neque
2201 1265 2430 1331 propter
2476 1260 2690 1330 aliquas
2727 1260 2870 1313 forte
2916 1260 3236 1314 affectiones
3278 1262 3478 1330 animi,
3516 1270 3615 1318 aut

1989 1355 2247 1425 gratiam,
2269 1354 2589 1423 sumptibus
2616 1354 2797 1423 ipsam
2827 1353 2961 1406 inde
2992 1355 3450 1423 provenientibus
3481 1373 3613 1412 one-

1986 1453 2091 1502 ret.
2121 1449 2309 1518 Neque
2334 1447 2485 1500 enim
2519 1446 2652 1500 talia
2681 1446 2878 1516 pietati
2919 1451 3294 1501 consentanea
3329 1456 3481 1518 sunt,
3511 1455 3612 1505 aut

1987 1542 2269 1595 sacerdote
2297 1541 2490 1612 digna,
2516 1540 2613 1594 sed
2634 1556 2702 1594 ex
2732 1539 2800 1592 iis
2821 1555 2947 1609 quae
2977 1539 3243 1594 Dominus
3273 1543 3421 1595 Deus
3447 1544 3614 1598 dede-

1985 1634 2078 1702 rit,
2111 1650 2211 1704 pro
2237 1634 2593 1688 facultatibus
2626 1633 2979 1702 erogationes
3017 1633 3204 1702 faciat,
3236 1639 3334 1688 aut
3359 1641 3616 1713 veterem.

1986 1729 2185 1782 saltem
2210 1727 2677 1783 consuetudinem
2709 1726 2988 1796 observet,
3018 1727 3160 1781 nihil
3184 1728 3408 1797 penitus
3441 1729 3606 1784 inno-

252 1817 470 1889 aliquid
494 1834 688 1872 rerum
715 1836 947 1874 suarum
968 1820 1172 1875 oﬂ'erre
1195 1821 1440 1876 ecclesiae
1460 1821 1518 1875 in
1539 1838 1652 1892 qua
1667 1821 1887 1880 ordina-
1905 1811 1962 1882 B
1987 1838 2141 1876 vans.

252 1915 367 1978 tur,
396 1917 492 1966 aut
508 1911 633 1966 loco
658 1913 817 1984 cujus
831 1913 1310 1985 dispensationem
1331 1919 1430 1969 aut
1451 1915 1882 1970 sollicitudinem

251 2005 510 2076 suscipit,
553 2021 668 2060 non
713 2006 901 2061 solum
942 2006 998 2062 id
1041 2007 1168 2061 ﬁeri
1203 2024 1319 2062 non
1359 2009 1752 2078 prohibemus,
1787 2010 1884 2064 sed

252 2099 424 2152 etiam
456 2100 822 2155 cohortamur
841 2116 935 2154 cos
956 2104 1021 2154 ut
1038 2117 1142 2172 pro
1173 2102 1349 2156 salute
1374 2102 1580 2156 anima:
1610 2118 1726 2157 suae
1751 2104 1883 2157 talia

247 2191 481 2247 faciant.
515 2194 621 2247 Nos
652 2194 806 2248 enim
835 2211 898 2248 ea
925 2195 1041 2248 sola
1072 2195 1192 2249 dari
1214 2195 1582 2266 prohibemus
1610 2212 1739 2266 quae
1764 2213 1883 2267 spe-

252 2285 490 2340 cialibus
517 2287 799 2358 aliquibus
825 2289 1155 2358 praebentur
1171 2281 1447 2360 personis,
1473 2307 1586 2344 non
1609 2307 1736 2360 quae
1762 2307 1883 2344 san-

251 2379 354 2433 ctis
385 2380 652 2449 ecclesiis,
681 2387 780 2435 aut
805 2381 923 2435 aliis
947 2383 1362 2437 venerabilibus
1386 2383 1522 2437 locis
1545 2383 1877 2438 offeruntur.

324 2472 378 2527 Si
407 2489 615 2542 servus,
646 2474 857 2529 sciente
886 2475 1116 2529 domino
1143 2481 1198 2530 et
1227 2493 1341 2530 non
1367 2477 1784 2531 contradicente
1821 2477 1878 2530 in

252 2566 466 2620 clerum
489 2567 785 2637 allegatur,
810 2584 873 2621 ex
895 2567 1013 2638 ipsa
1032 2568 1324 2623 allectione
1349 2569 1492 2623 liber
1517 2574 1574 2623 et
1601 2569 1882 2640 ingenuus

249 2663 388 2712 esto.
423 2660 562 2712 Nam
577 2660 621 2713 si
642 2660 936 2730 ignorante
965 2661 1194 2715 domino
1223 2662 1540 2716 celebretur
1573 2662 1874 2732 ordinatio,

248 2751 540 2805 licentiam
589 2753 793 2807 habeto
835 2753 1098 2807 dominus
1137 2754 1284 2808 intra
1321 2755 1456 2808 anni
1504 2756 1775 2826 spatium,
1822 2761 1879 2811 et

249 2845 480 2916 quidem
537 2846 705 2900 unius
752 2851 992 2915 tantum,
1037 2847 1327 2902 fortunam
1377 2849 1765 2919 comprobare,
1823 2854 1880 2903 et

251 2954 481 2992 servum
513 2955 680 2993 suum
711 2940 984 3011 recipere.
1015 2941 1173 3004 Quod
1202 2941 1246 2994 si
1269 2958 1479 3008 servus,
1507 2942 1620 2996 sive
1648 2942 1877 3008 sciente,

251 3032 367 3086 sive
419 3031 713 3103 ignorante
756 3033 838 3102 (ut
876 3034 1139 3104 diximus)
1189 3035 1438 3104 domino,
1485 3035 1780 3090 allectione
1824 3037 1881 3090 in

249 3126 465 3179 clerum
498 3127 640 3180 liber
672 3128 868 3196 factus,
902 3127 1338 3182 ecclesiasticum
1377 3129 1754 3184 ministerium
1782 3146 1874 3184 re-

2057 1915 2210 1970 Unde
2248 1915 2508 1970 convenit
2549 1917 2612 1969 ut
2643 1913 2745 1968 Dei
2775 1913 3148 1968 amantissimi
3186 1914 3519 1985 patriarchte
3559 1921 3616 1972 et

1981 2009 2403 2079 metropolitani
2430 2009 2488 2062 in
2509 2025 2633 2062 eam
2655 2025 2776 2062 rem
2797 2008 3211 2078 providentiam
3238 2009 3530 2075 collocent,
3553 2016 3610 2064 et

1981 2106 2094 2156 tam
2124 2118 2220 2157 eos
2248 2102 2482 2156 clericos
2512 2101 2796 2173 quimodo
2824 2105 2956 2155 sunt
2984 2117 3051 2155 ea
3077 2101 3261 2154 forma
3281 2100 3608 2172 relinquant

1981 2211 2092 2266 qua
2119 2201 2270 2264 sunt,
2302 2212 2475 2266 quam
2501 2195 2671 2250 etiam
2691 2196 2964 2265 cujusque
2993 2195 3141 2248 inter
3170 2211 3228 2248 se
3252 2195 3498 2249 ecclesiae
3527 2196 3607 2249 vi-

1979 2305 2069 2342 res
2097 2288 2423 2342 metiantur.
2456 2290 2637 2359 Atque
2667 2288 2744 2341 ita
2771 2292 2894 2342 tum
2932 2287 3040 2358 ipsi
3068 2287 3477 2358 religiosissimi
3504 2305 3606 2358 pa—

1979 2381 2239 2436 triarchae
2269 2381 2373 2435 sub
2399 2398 2456 2435 se
2484 2381 2689 2451 positas
2715 2381 2977 2436 ecclesias
3003 2381 3062 2434 in
3100 2380 3362 2435 ordinem
3384 2387 3610 2452 cogant,

1979 2479 2101 2528 tum
2128 2475 2551 2546 metropolitani
2583 2475 2652 2530 de
2687 2475 2798 2529 hoc
2833 2493 2865 2528 a
2893 2473 3327 2545 religiosissimis
3368 2474 3608 2544 patriar-

1980 2568 2100 2622 chis
2120 2567 2416 2635 admoniti,
2450 2573 2507 2622 et
2531 2568 2683 2622 idem
2707 2567 2933 2637 faciant,
2966 2571 3021 2621 et
3046 2583 3243 2622 omnes
3268 2567 3403 2621 alios
3429 2567 3532 2621 sub
3553 2585 3610 2624 se

1979 2662 2305 2716 constitutos
2354 2661 2642 2732 episcopos
2688 2661 2760 2714 ad
2798 2661 2945 2715 hanc
2988 2658 3604 2716 commensurationem

1981 2754 2231 2824 adigant,
2264 2770 2375 2824 quo
2404 2754 2588 2824 magis
2631 2770 2859 2824 operam
2896 2754 3032 2809 dent
3065 2770 3135 2808 ne
3180 2751 3328 2808 ultra
3373 2755 3607 2808 modum

1980 2864 2178 2902 census
2233 2847 2568 2902 clericorum
2605 2847 2989 2901 ordinationes
3046 2846 3349 2902 celebrent.
3393 2848 3608 2902 Scimus

1981 2941 2135 2995 enim
2159 2957 2333 3011 quam
2360 2941 2554 2994 multae
2574 2957 2642 2994 ex
2669 2941 2773 2994 hac
2794 2940 3239 2994 ordinandorum
3267 2945 3322 2995 et
3349 2946 3608 3012 sumptus

1981 3033 2154 3088 effusa
2182 3034 2561 3089 immensitate
2586 3038 2948 3088 sacrosanctae
2994 3033 3242 3089 ecclesia:
3283 3034 3473 3105 inopia
3512 3052 3610 3105 ορο

1980 3143 2190 3198 pressae.
2219 3128 2349 3195 sint,
2374 3127 2640 3198 quodque
2668 3128 2967 3181 nonnullas
2993 3143 3063 3181 ex
3087 3127 3244 3198 ipsis,
3275 3127 3402 3182 licet
3430 3144 3602 3199 aegre,

245 3218 488 3290 linquat,
537 3222 594 3272 et
627 3220 696 3272 ad
741 3221 1072 3274 saecularem
1117 3221 1287 3276 vitam
1327 3225 1592 3292 transeat,
1645 3224 1876 3278 domino
1898 3181 1951 3255 Ο
1976 3220 2316 3275 servarimus
2344 3223 2563 3287 tamen;
2587 3220 2852 3291 quaedam
2877 3236 3010 3274 vero
3037 3221 3354 3274 etiamnum
3385 3228 3603 3276 onustae

249 3329 354 3366 suo
387 3312 444 3366 in
485 3313 815 3367 servitutem
857 3314 1115 3369 traditor.
1148 3315 1500 3386 Ascriptitios
1529 3333 1658 3370 vero
1696 3317 1756 3371 in
1789 3317 1876 3372 his

253 3405 387 3459 solis
417 3406 865 3476 possessionibus
895 3424 1138 3478 quarum
1167 3409 1443 3478 ascriptiti
1468 3415 1619 3478 sunt,
1649 3409 1877 3464 clericos

245 3498 388 3552 citra
410 3500 752 3554 voluntatem
779 3500 1146 3555 dominorum
1168 3501 1287 3555 fieri
1307 3502 1683 3568 concedimus,
1710 3519 1774 3556 ea
1800 3508 1903 3557 ta-‘

244 3607 378 3646 men
407 3592 751 3661 conditione,
778 3599 844 3646 ut
869 3594 1055 3648 clerici
1082 3593 1212 3648 facti
1239 3594 1612 3650 nihilominus
1637 3595 1872 3666 imposi-

244 3689 367 3739 tam
393 3685 496 3739 sibi
518 3686 982 3757 agricolationem
1009 3687 1381 3758 adimpleant.

317 3779 374 3834 Si
423 3780 549 3850 quis
587 3780 896 3834 oratorium
927 3782 1284 3849 exstruxerit,
1317 3767 1667 3852 volueritqlie
1696 3782 1754 3836 in
1805 3799 1872 3837 eo

242 3872 571 3945 promoveri
619 3873 873 3942 clericos,
921 3874 1004 3928 vel
1033 3875 1172 3945 ipse,
1217 3875 1304 3929 vel
1353 3875 1604 3929 haeredes
1648 3876 1789 3946 ejus,
1829 3877 1873 3930 si

244 3971 477 4036 sumptu
503 3966 613 4038 ipsi
642 3966 857 4021 clericis
893 3967 1339 4034 subministrant,
1370 3973 1426 4022 et
1461 3969 1662 4040 dignos
1689 3971 1872 4024 nomi-

242 4059 522 4128 naverint,
562 4059 838 4114 nominati
880 4061 1233 4116 ordinantor.
1277 4061 1335 4116 Si
1363 4079 1493 4116 vero
1522 4062 1619 4133 qui
1646 4064 1715 4117 ab
1741 4063 1874 4134 ipsis

246 4153 406 4208 electi
434 4159 566 4208 sunt
596 4170 692 4208 eos
719 4156 992 4226 tanquam
1021 4155 1288 4226 indignos
1317 4157 1568 4210 ordinari
1588 4158 1728 4212 sacri
1751 4175 1874 4228 pro-

242 4247 524 4302 hibebunt
548 4264 813 4316 canones,
843 4254 976 4302 tunc
1019 4249 1272 4304 locorum
1305 4250 1724 4305 sacratissimus.
1761 4252 1875 4322 epi-

245 4358 447 4411 scopus
478 4357 569 4395 eos
597 4358 742 4412 quos
770 4343 1186 4411 praestantiores
1239 4344 1519 4414 putaverit
1552 4346 1874 4413 promoveri

244 4451 439 4489 curam
465 4435 637 4505 agito.
670 4435 960 4489 Sancimus
985 4441 1176 4490 autem
1206 4442 1267 4490 ut
1287 4436 1744 4491 reverendissimi
1769 4439 1874 4492 cle-

1968 3314 2210 3384 jaceant,
2241 3316 2596 3384 nequeuntes
2623 3330 2692 3366 ex
2719 3318 2875 3367 tanta
2903 3329 2960 3367 se
2985 3329 3179 3366 rerum
3224 3313 3491 3382 angustia
3517 3315 3600 3367 ef-

1976 3407 2142 3460 ferre.
2183 3407 2535 3476 Quapropter
2559 3405 2972 3476 providentiam
3021 3404 3078 3458 in
3109 3405 3256 3458 hanc
3285 3421 3409 3458 rem
3436 3405 3596 3460 adhi-

1974 3499 2188 3553 bebunt
2212 3498 2545 3552 sanctissimi
2572 3498 2928 3569 patriarchae,
2959 3502 3014 3552 et
3037 3499 3474 3568 metropolitani,
3509 3517 3604 3555 nc-

1975 3609 2085 3663 que
2107 3609 2225 3646 non
2248 3591 2451 3662 reliqui
2480 3591 2579 3645 Dei
2606 3591 2979 3646 amantissimi
3010 3591 3275 3662 episcopi,
3300 3597 3363 3645 ut
3390 3609 3503 3646 non
3532 3593 3601 3648 de

1974 3686 2062 3739 his
2086 3703 2212 3757 qua:
2239 3685 2308 3739 ab
2339 3685 2472 3756 ipsis
2504 3686 2650 3739 facta
2687 3689 2819 3738 sunt
2846 3685 3028 3739 edocti
3056 3701 3148 3739 eos
3183 3685 3596 3756 amplexemur,

1973 3781 2123 3852 quod
2153 3781 2338 3851 legem
2365 3780 2528 3834 nudis
2566 3780 3032 3851 comprehensam
3059 3779 3258 3835 litteris
3287 3780 3420 3851 ipsis
3447 3781 3604 3836 factis

1973 3873 2423 3928 administratam
2451 3872 2821 3928 ostenderint.

2044 3966 2360 4039 Presbyteri
2394 3973 2606 4033 autem,
2637 3972 2692 4022 et
2731 3966 2972 4036 diaconi,
3005 3983 3188 4039 neque
3232 3984 3348 4022 non
3375 3968 3601 4023 subdia-

1975 4061 2122 4129 coni,
2161 4065 2218 4116 et
2253 4061 2510 4130 lectores,
2541 4077 2604 4114 ac
2647 4065 2922 4130 cantores,
2955 4077 3096 4132 quos
3142 4078 3338 4116 omnes
3378 4061 3604 4116 clericos

1972 4155 2340 4226 appellamus,
2367 4160 2433 4209 ut
2459 4171 2548 4210 res
2574 4170 2912 4226 quocunque
2942 4155 3109 4209 modo
3133 4155 3202 4208 ad
3221 4155 3477 4224 ipsorum
3509 4156 3604 4210 dm

1959 4249 2214 4302 minium
2240 4249 2528 4303 devolutas
2563 4248 2666 4301 sub
2691 4251 2964 4318 potestate
2996 4264 3098 4301 sua
3136 4247 3382 4301 habeant
3414 4249 3482 4302 ad
3512 4249 3600 4303 in-

1974 4347 2088 4397 star
2114 4342 2480 4396 castrensium
2513 4341 2884 4411 peculiorum,
2909 4340 3274 4410 praecipimus
3301 4346 3363 4394 ut
3408 4345 3465 4394 et
3507 4343 3603 4396 do-

1973 4452 2107 4489 nare
2133 4452 2225 4489 eas
2253 4434 2492 4506 possint,
2524 4438 2579 4487 et
2606 4433 2674 4486 de
2705 4433 2792 4486 his
2814 4430 3024 4501 testari,
3055 4433 3276 4488 tametsi
3307 4434 3409 4488 sub
3439 4439 3598 4506 pote-

243 4527 349 4583 rici
379 4545 508 4583 suas
551 4529 758 4584 obeant
798 4530 1076 4596 ecclesias,
1125 4535 1181 4583 et
1221 4547 1388 4584 omne
1437 4531 1870 4585 ecclesiasticum
1892 4549 1950 4620 D
1975 4531 2113 4582 state
2140 4533 2439 4599 parentum
2471 4531 2618 4581 sunt.
2651 4529 2728 4581 Ita
2754 4532 2966 4594 tamen,
2999 4530 3064 4580 ut
3092 4527 3298 4581 horum
3339 4527 3467 4594 ﬁlii,
3503 4534 3602 4583 aut

243 4622 624 4677 ministerium
644 4622 780 4694 ipsis
800 4628 1125 4694 competens
1146 4623 1440 4694 impleant,
1459 4624 1564 4678 hoc
1584 4625 1873 4696 requiren-

243 4716 393 4770 tibus
416 4719 532 4770 tam
558 4715 999 4788 uniuscujusque
1028 4717 1265 4772 civitatis
1307 4717 1727 4788 religiosissimo
1751 4719 1870 4790 epi-

248 4826 434 4880 scopo,
473 4827 645 4880 quam
700 4810 1099 4879 ecclesiasticis,
1154 4812 1253 4882 qui
1311 4811 1369 4865 in
1414 4828 1640 4883 quoque
1695 4813 1873 4882 gradu

248 4903 562 4974 primatum
602 4904 830 4973 habent,
873 4908 1042 4976 atque
1070 4904 1189 4959 haec
1227 4923 1343 4959 non
1384 4905 1741 4966 observantes
1771 4907 1873 4960 sub

244 4997 575 5051 canonicam
606 4991 989 5068 redigentibus
1017 5015 1331 5053 censuram.
1361 4999 1660 5053 Enimvero
1690 5017 1873 5070 neque

245 5089 446 5144 effusas
472 5090 539 5144 de
559 5093 763 5144 caztero
775 5089 899 5144 ﬁeri
915 5090 1521 5146 reverendissimorum
1542 5092 1873 5146 clericorum

244 5183 625 5238 ordinationes
652 5185 934 5239 convenit.
964 5185 1102 5239 Nam
1128 5186 1277 5256 quod
1308 5200 1486 5257 usque
1517 5185 1701 5240 adhuc
1724 5186 1870 5240 obti-

247 5275 392 5342 nuit,
427 5277 648 5331 tametsi
696 5278 1060 5334 emendatum
1104 5279 1372 5350 oportuit,
1414 5285 1601 5333 tamen
1641 5285 1874 5349 propter

243 5373 469 5441 tempus
489 5370 885 5441 relinquimus.
912 5373 989 5426 De
1011 5375 1216 5427 caetero
1234 5375 1423 5427 autem
1450 5389 1564 5426 non
1583 5377 1793 5427 temere
1816 5372 1874 5426 id

242 5459 386 5529 ﬁeri,
419 5479 606 5534 neque
633 5463 690 5517 in
714 5464 988 5518 damnum
1005 5470 1489 5520 sacrosanctarum
1511 5465 1873 5520 ecclesiarum

243 5556 442 5611 cedere
474 5557 777 5612 sancimus.
811 5560 942 5622 Quae
982 5559 1162 5629 igitur
1210 5559 1268 5612 in
1295 5558 1621 5630 hujusmodi
1653 5559 1872 5614 casibus

244 5649 395 5706 circa
422 5657 830 5706 sacrosanctam
859 5652 1032 5723 regia:
1071 5652 1239 5723 hujus
1265 5658 1471 5707 nostrae
1500 5652 1654 5706 urbis
1694 5651 1870 5707 eccle-

244 5743 411 5814 siam,
441 5750 497 5799 et
519 5748 895 5801 sacrosanctas
929 5746 1188 5802 ecclesias
1227 5745 1333 5801 sub
1374 5747 1514 5818 ipsa,
1544 5762 1728 5818 neque
1756 5763 1872 5812 non

244 5837 386 5894 alias
439 5838 530 5894 hic
586 5839 815 5914 positas,
863 5839 987 5896 ﬁeri
1037 5845 1313 5914 oporteat,
1355 5855 1420 5896 ea
1468 5840 1700 5914 speciali
1747 5841 1873 5912 lege

1973 4622 2060 4676 his
2092 4639 2207 4676 non
2252 4621 2704 4689 subsistentibus,
2735 4624 2996 4691 parentes
3034 4635 3231 4675 eorum
3278 4617 3596 4692 legitimam

1973 4716 2289 4787 portionem
2319 4715 2521 4770 ferant.

2046 4808 2543 4865 Reverendissimis
2586 4807 2947 4880 presbyteris,
2994 4811 3050 4861 et
3093 4807 3360 4878 diaconis,
3406 4809 3450 4863 si
3497 4827 3601 4881 pro

1973 4901 2296 4974 pecuniaria
2333 4918 2496 4956 causa
2520 4902 2726 4956 falsum
2754 4900 2959 4955 dixisse
2986 4901 3373 4956 testimonium
3399 4903 3600 4974 depre-

1973 4996 2314 5064 hendantur,
2355 4995 2485 5050 satis
2514 4996 2621 5051 erit
2648 4996 2694 5049 si
2744 4999 3159 5049 tormentarum
3189 4995 3307 5050 loco
3349 5012 3451 5066 per
3488 5002 3602 5052 tres

1973 5107 2150 5144 annos
2178 5107 2211 5143 a
2238 5106 2392 5144 sacro
2415 5089 2729 5144 ministerio
2742 5093 3090 5159 separentur,
3105 5087 3230 5142 etin
3259 5091 3602 5145 monasteria

1973 5184 2284 5238 tradantur.
2339 5185 2446 5238 Pro
2491 5181 2882 5237 criminalibus
2921 5185 3116 5236 autem
3149 5183 3352 5252 causis,
3383 5183 3428 5238 si
3473 5185 3598 5256 quis

1972 5278 2178 5332 falsum
2203 5276 2594 5332 testimonium
2623 5275 2849 5344 dixerit,
2884 5275 3243 5347 praecipimus
3271 5282 3336 5332 ut
3360 5275 3600 5332 clericali

1975 5371 2247 5443 dignitate
2279 5371 2615 5437 denudatus,
2647 5369 2913 5439 legitimis
2944 5369 3124 5440 poenis
3149 5369 3440 5426 subdatur.
3475 5371 3596 5425 Cae-

1973 5465 2078 5519 teri
2108 5481 2261 5531 vero,
2294 5463 2392 5534 qui
2433 5464 2491 5516 in
2535 5463 2657 5516 aliis
2691 5463 3080 5518 ecclesiasticis
3120 5467 3488 5519 recensentur
3513 5480 3599 5518 or-

1973 5558 2216 5624 dinibus,
2239 5557 2285 5611 si
2314 5555 2517 5610 falsum
2544 5556 2935 5612 testimonium
2961 5558 3021 5611 in
3051 5571 3390 5628 quocunque
3416 5571 3596 5627 nego-

1972 5651 2071 5718 tio,
2124 5651 2238 5706 sive
2279 5649 2577 5718 criminali,
2607 5651 2720 5705 sive
2756 5649 3107 5722 pecuniaria,
3149 5649 3352 5702 dixisse
3397 5649 3598 5720 depre-

1976 5745 2316 5814 hendantur,
2342 5760 2459 5799 non
2485 5744 2671 5800 solum
2709 5743 2861 5800 clero
2892 5747 2949 5798 et
2991 5740 3188 5796 ordine
3231 5741 3602 5800 ecclesiastico

1975 5838 2332 5914 dejiciantur,
2366 5841 2462 5896 sed
2494 5838 2666 5896 etiam
2693 5837 3065 5913 subjiciantur
3090 5836 3405 5893 tormentis.
