4076 6186
445 265 574 324 1031

1576 261 1830 320 S/ECULI
1867 262 2060 320 SEXTI
2102 255 2658 321 SUPPLEMENTUM.

2149 126 2179 143 Α

3663 262 3808 316 1032

515 375 571 430 Si
595 373 724 446 quis
754 377 948 429 contra
976 370 1308 444 quempiam
1331 371 1420 427 vel
1445 371 1734 444 clericum,
1761 372 1848 427 vel
1881 389 2075 427 mona-
2093 388 2154 461 Α
2175 374 2330 445 prius
2359 371 2828 444 metropolitanus
2871 369 3129 441 ipsorum
3169 383 3300 423 cum
3333 366 3457 422 aliis
3481 366 3703 422 duobus
3735 367 3810 419 de

443 469 639 536 chum,
672 468 760 522 vel
803 467 1190 532 diaconissam,
1217 466 1302 520 vel
1345 466 1729 534 monastriam,
1783 465 1873 520 vel
1918 483 2070 520 asce-

444 558 613 612 triam
637 557 840 612 habeat
865 555 1117 626 aliquam
1141 554 1442 622 actionem,
1471 554 1736 609 instruito
1759 553 1918 626 prius
1947 555 2075 609 reli-

448 651 822 722 giosissimum
862 665 927 702 ea
965 648 1034 702 de
1072 664 1134 703 re
1167 648 1512 720 episeopum,
1558 648 1651 702 cui
1687 647 2072 719 unusquisque

447 746 655 800 horum
683 741 938 802 subditus
965 746 1066 796 est.
1096 741 1193 799 Hic
1222 746 1412 796 autem
1438 742 1734 812 negotium
1753 741 2073 812 interipsos

448 838 774 908 disceptato.
802 836 869 890 Et
896 834 1128 906 quidem
1171 835 1216 889 si
1252 838 1488 906 utraque
1527 851 1655 906 pars
1687 834 1954 905 judicatis
1977 851 2070 888 ac-

447 930 700 1002 quiescit,
720 928 988 999 jubemus
1014 932 1080 982 ut
1103 945 1207 1000 per
1235 929 1340 982 loci
1369 929 1773 1000 magistratum
1799 943 1864 982 ea
1887 928 2075 998 plena-

447 1025 546 1078 rize
576 1023 870 1077 tradantur
895 1021 1264 1077 exsecutioni.
1293 1021 1347 1076 Si
1389 1022 1515 1092 quis
1545 1038 1677 1077 vero
1719 1020 2074 1092 litigatorum

447 1116 596 1170 intra
613 1115 941 1170 decemdies
959 1115 1224 1185 judicatis
1263 1115 1636 1184 contradicat,
1655 1118 1786 1169 tunc
1823 1114 2072 1168 locorum

445 1209 810 1281 magistratus
841 1209 1133 1279 negotium
1169 1208 1510 1264 examinato.
1551 1209 1620 1262 Et
1657 1208 1706 1261 si
1737 1207 2076 1280 compererit

445 1307 594 1358 recte
613 1301 1022 1374 judicationcm
1049 1301 1460 1373 interpositam,
1488 1318 1587 1356 sua
1604 1301 1774 1356 etiam
1796 1299 2075 1356 sententia

446 1398 591 1452 hanc
616 1397 858 1464 tirmato,
889 1398 947 1448 et
963 1394 1213 1465 judicata
1236 1394 1580 1449 exsecutioni
1603 1395 1809 1449 tradito
1839 1411 1852 1448 :
1885 1409 2073 1464 neque

447 1491 664 1546 licitum
693 1492 808 1543 esto
837 1487 889 1542 ei
915 1487 1014 1559 qui
1040 1487 1218 1542 victus
1237 1488 1570 1542 fuititerum
1595 1487 1655 1542 in
1680 1487 1960 1557 ejusmodi
1981 1503 2076 1541 ne-

451 1584 603 1657 gotio
632 1598 956 1654 provocare.
985 1581 1142 1645 Quod
1175 1581 1221 1634 si
1241 1581 1602 1651 magistratus
1633 1579 1909 1635 sententia
1937 1596 2070 1634 con-

448 1677 619 1734 traria
645 1677 714 1731 sit
739 1675 826 1730 his
854 1691 981 1746 quas
1005 1692 1039 1728 a
1066 1674 1160 1728 Dei
1187 1672 1588 1728 amantissimis
1613 1672 1884 1744 episcopis
1915 1673 2072 1744 judi—

451 1774 736 1838 catasunt,
758 1774 892 1827 tunc
912 1771 1106 1822 contra
1129 1767 1497 1838 magistratus
1525 1767 1863 1822 sententiam
1887 1767 2076 1821 locum
2092 1752 2152 1824 Β

447 1865 654 1934 habeto
665 1861 1004 1935 provocatio,
1018 1865 1185 1932 atque
1200 1877 1266 1916 ea
1276 1861 1588 1915 secundum
1599 1860 1854 1914 ordinem
1881 1860 2074 1930 legum

449 1958 690 2012 refertor
715 1961 772 2010 et
793 1960 1102 2010 exercetor.
1129 1956 1412 2010 Caeterum
1446 1955 1492 2008 si
1525 1953 1818 2024 episcOpus
1855 1970 1920 2008 ex
1959 1953 2077 2024 jus-

449 2051 605 2106 sione
641 2047 944 2120 imperiali,
984 2048 1072 2102 vel
1092 2047 1393 2117 judiciario
1431 2047 1692 2101 mandato
1720 2046 1870 2100 inter
1916 2063 2076 2118 quas-

451 2158 677 2214 cunque
706 2158 977 2214 personas
1008 2141 1244 2212 judicet,
1271 2139 1572 2212 appellatio
1608 2140 1678 2194 ad
1723 2141 2074 2210 majestatem

448 2236 893 2308 imperatoriam,
921 2237 1020 2289 aut
1043 2249 1176 2288 eum
1205 2233 1305 2304 qui
1331 2249 1554 2288 causam
1581 2233 1870 2304 deligavit,
1895 2233 2071 2288 refer-

446 2337 559 2386 tor.
586 2333 656 2384 At
680 2329 726 2383 si
751 2333 944 2383 contra
971 2342 1333 2399 quascunque
1358 2331 1697 2381 memoratas
1722 2327 2072 2382 rcverendis-

449 2424 620 2478 simas
668 2438 933 2494 personas
982 2421 1196 2475 crimen
1241 2420 1536 2490 inferatur,
1586 2420 1872 2490 siquidem
1925 2419 2076 2490 apud

453 2517 780 2588 episcopum
820 2514 1024 2586 aliquis
1061 2517 1384 2568 acccusatus
1408 2513 1602 2579 fuerit,
1633 2519 1688 2567 et
1707 2512 1754 2566 is
1782 2513 2101 2567 veritatem.

448 2610 699 2682 potuerit
735 2607 1177 2678 deprehendere,
1211 2607 1426 2661 honore
1457 2605 1569 2661 sive
1599 2606 1778 2677 gradu
1804 2607 1959 2660 hunc
1985 2622 2072 2660 se-

448 2704 702 2758 cundum
753 2700 1152 2755 ecclesiasticos
1202 2715 1448 2754 canones
1509 2699 1764 2770 dejicito,
1828 2705 2078 2770 tuncque

451 2801 774 2868 competens
793 2793 968 2865 judex
995 2793 1147 2848 hunc
1175 2792 1663 2864 comprehendito,
1687 2801 1744 2847 et
1767 2792 2076 2848 secundum

449 2890 606 2960 leges
633 2905 860 2943 causam
903 2886 1242 2952 examinato,
1280 2891 1336 2940 et
1375 2886 1548 2940 tinem
1582 2885 1633 2940 ei
1674 2885 1971 2956 imponito.
2022 2885 2078 2940 Si

450 2998 584 3037 vero
613 2985 902 3036 accusator
927 2980 1084 3050 prius
1109 2979 1331 3034 civilem
1365 2979 1617 3050 judicem
1658 2979 1840 3047 adeat,
1867 2983 1924 3034 et
1967 2979 2074 3033 cri-

451 3091 588 3130 men
611 3073 866 3144 legitima
882 3073 1286 3142 disceptatione
1307 3073 1664 3142 comprobari
1683 3071 1910 3144 poterit,
1943 3076 2077 3126 tunc

452 3167 706 3222 locorum
735 3165 996 3236 episcolio
1027 3169 1284 3219 actorum
1324 3171 1692 3219 monumenta
1719 3165 2072 3219 intimantor.

453 3262 522 3318 Et
546 3260 592 3314 si
631 3277 696 3314 ex
725 3259 794 3313 iis
829 3257 1142 3312 innotuerit
1171 3258 1456 3328 proposita
1489 3274 1622 3312 eum
1663 3257 1900 3312 crimina
1932 3257 2072 3312 deli-

453 3355 660 3428 quisse,
683 3358 816 3408 tunc
840 3352 1134 3424 episcopus
1149 3351 1268 3422 ejus
1293 3352 1446 3406 hunc
1469 3351 1538 3405 ab
1565 3352 1781 3406 honore
1811 3351 1925 3405 sive
1955 3368 2080 3422 gra-

457 3448 536 3502 du
565 3462 736 3518 quem
763 3451 919 3500 tenet
961 3445 1276 3499 secundum
1314 3461 1555 3499 canones
1597 3448 1872 3516 separato,
1899 3444 2078 3514 judex

453 3547 644 3596 autem
674 3539 976 3594 vindictam
1006 3539 1058 3592 ei
1084 3537 1289 3593 inferto
1314 3537 1537 3608 legibus
1561 3542 2003 3608 competentem.

524 3635 732 3689 Verum
776 3632 821 3686 si
848 3632 1146 3703 episcopus
1171 3631 1450 3702 putaverit
1474 3636 1595 3686 acta
1619 3647 1733 3685 non
1756 3630 1908 3702 juste
1938 3647 2075 3684 con-

453 3726 678 3795 stitisse,
701 3729 833 3779 tunc
858 3724 1075 3779 licitum
1104 3725 1154 3778 ei
1175 3728 1312 3792 esto,
1335 3724 1406 3779 ad
1432 3727 1751 3778 accusatam
1778 3739 2076 3794 personam

453 3819 674 3874 honore
702 3834 801 3871 seu
829 3819 1006 3889 gradu
1027 3817 1443 3884 denudandam,
1474 3834 1694 3873 moram
1716 3817 2078 3888 interponere

456 3910 536 3966 sic
560 3915 772 3972 tamen,
813 3915 876 3963 ut
905 3926 967 3963 ea
996 3927 1240 3981 persona
1269 3911 1372 3964 sub
1405 3911 1660 3982 legitima
1703 3910 2082 3966 constituatur

454 4003 838 4074 ﬁdejussione,
867 4005 1055 4074 Latque
1097 4003 1176 4056 ita
1222 4019 1390 4058 causa
1439 4007 1553 4057 tam
1606 4021 1708 4074 per
1749 4004 2080 4074 episcopum

453 4113 626 4170 quam
654 4095 823 4151 etiam
862 4112 966 4167 per
993 4095 1245 4167 judicem
1289 4095 1361 4150 ad
1390 4112 1492 4150 nos
1521 4095 1816 4165 referatur,
1849 4101 1910 4150 ut
1933 4097 2080 4150 hanc

454 4194 852 4264 cognoscentes
891 4205 1014 4256 nos,
1053 4206 1182 4260 qua:
1218 4189 1382 4244 nobis
1420 4189 1715 4244 videantur
1749 4189 2076 4260 jubeamus.

451 4287 612 4344 Certe
651 4285 697 4338 si
741 4283 868 4356 quis
900 4299 1004 4355 pro
1030 4283 1354 4354 pecuniaria
1393 4299 1557 4338 causa
1593 4287 1788 4338 contra
1831 4283 2080 4354 aliquam

2097 3117 2152 3190 C

2175 472 2363 522 sancta
2388 466 2602 539 synodo
2623 464 2899 536 episcopis
2917 480 3042 518 rem
3067 463 3393 534 dijudicato.
3429 463 3492 516 Et
3517 461 3625 515 nisi
3655 467 3811 514 utra-

2173 576 2283 632 que
2309 577 2440 631 pars
2462 558 2728 630 judicatis
2751 557 2990 626 insistat,
3020 561 3156 612 tunc
3181 555 3536 610 beatissimus
3563 554 3809 625 patriar-

2173 655 2279 708 cha
2312 653 2464 708 illius
2484 653 2782 708 dioeceseos
2808 649 3154 706 audientiam
3181 648 3314 720 ipsis
3340 647 3764 702 accommodato
3789 663 3804 710 ;

2173 752 2229 801 et
2253 747 2350 800 illa
2377 745 2626 815 deﬁnito,
2656 762 2783 816 quae
2813 743 3195 798 ecclesiasticis
3223 741 3533 796 canonibus
3563 745 3620 794 et
3663 739 3808 808 legi-

2171 841 2278 895 bus
2315 839 2640 908 concinunt,
2687 843 2887 892 neutra
2916 841 3074 908 parte
3106 835 3397 890 sententiae
3435 834 3558 904 ejus
3581 837 3808 887 contra-

2173 934 2360 988 dicere
2397 936 2669 1003 queunte.
2698 931 2802 986 Sed
2831 936 2888 984 et
2915 931 2961 983 si
2996 947 3029 983 a
3071 928 3294 996 clerico,
3322 932 3420 981 aut
3462 941 3808 997 quocunque

2174 1025 2282 1080 alio
2307 1029 2502 1079 contra
2531 1023 2860 1095 episcopum
2898 1037 3237 1093 quacunque
3265 1020 3334 1074 de
3375 1035 3543 1072 causa
3579 1018 3684 1071 ﬁat
3709 1017 3806 1070 in-

2172 1117 2514 1189 terpellatio,
2547 1117 2797 1188 primum
2845 1113 3302 1186 religiosissimus
3337 1111 3810 1182 metropolitanus

2175 1210 2489 1266 secundum
2515 1226 2700 1264 sacros
2725 1225 2970 1264 canones
2995 1213 3053 1262 et
3079 1210 3300 1261 nostras
3325 1206 3478 1277 leges
3503 1203 3810 1275 negotium

2174 1305 2498 1375 dijudicato.
2526 1303 2580 1358 Si
2618 1303 2746 1374 quis
2762 1301 3030 1373 judicatis
3058 1299 3348 1368 reclamet,
3371 1314 3538 1352 causa
3559 1297 3631 1350 ad
3657 1298 3802 1350 bea-

2173 1397 2454 1453 tissimum
2487 1396 2636 1450 illius
2662 1395 2959 1450 dimceseos
2999 1392 3487 1463 archiepiscopum
3527 1395 3584 1444 et
3621 1390 3804 1460 patri-

2173 1491 2404 1546 archam
2433 1489 2700 1558 defertor,
2731 1494 2788 1544 et
2819 1489 2916 1542 ille
2954 1486 3269 1542 secundum
3292 1499 3538 1540 canones
3561 1487 3618 1538 et
3645 1482 3809 1553 leges

2173 1583 2306 1639 huic
2325 1583 2498 1639 tinem
2516 1582 2801 1638 adhibeto.
2822 1581 2982 1646 Quod
3004 1579 3050 1634 si
3070 1583 3271 1634 contra
3295 1575 3808 1648 metropolitanum

2174 1677 2490 1732 istiusmodi
2525 1675 2904 1747 interpellatio
2924 1673 3209 1746 procedat,
3238 1673 3356 1726 sive
3398 1671 3468 1724 ab
3513 1669 3805 1741 episcopo,

2174 1771 2288 1826 sive
2321 1787 2355 1824 a
2399 1769 2621 1836 clerico,
2649 1773 2748 1822 aut
2773 1783 3114 1840 quacunque
3139 1765 3255 1820 alia
3295 1779 3556 1836 persona,
3584 1762 3798 1817 dioece-

2173 1881 2292 1920 seos
2311 1864 2462 1918 illius
2478 1861 2832 1918 beatissimus
2857 1859 3186 1932 patriarcha
3209 1856 3488 1913 consimili
3509 1855 3680 1910 modo
3711 1871 3806 1910 ne-

2175 1959 2392 2030 gotium
2417 1957 2741 2028 disceptato.
2775 1956 2878 2009 Pro
2903 1953 3334 2025 quibuscunque
3353 1950 3537 2006 causis
3560 1949 3812 2020 denique

2174 2051 2419 2123 episcOpi
2445 2043 2876 2116 conveniuntur,
2909 2047 3023 2102 sive
3046 2046 3198 2118 apud
3227 2061 3396 2099 suum
3425 2042 3812 2114 metrOpolita-

2173 2162 2334 2215 num,
2375 2145 2491 2199 sive
2530 2143 2680 2215 apud
2709 2141 3106 2214 patriarcham,
3134 2139 3248 2194 sive
3275 2137 3426 2210 apud
3460 2136 3600 2191 alios
3644 2151 3813 2206 quos-

2175 2255 2396 2310 cunque
2413 2237 2652 2308 judices,
2681 2236 2835 2290 nulla
2863 2235 2932 2289 ab
2977 2233 3046 2288 iis
3069 2232 3356 2304 lidejussio
3397 2235 3496 2284 aut
3525 2229 3810 2284 confessio

2176 2332 2245 2387 de
2271 2331 2368 2385 lite
2395 2330 2658 2401 exigitor.
2686 2332 2766 2385 Ita
2789 2333 2981 2383 tamen
3008 2331 3075 2382 ut
3099 2330 3156 2380 et
3196 2325 3302 2397 ipsi
3345 2323 3608 2378 studeant
3637 2322 3814 2376 illatis

2178 2425 2282 2480 sibi
2307 2422 2757 2479 accusationibus
2783 2439 2842 2476 se
2873 2420 3149 2476 eximere.

2243 2519 2594 2572 (Economos
2612 2532 2765 2584 vero,
2791 2519 2889 2570 aut
2912 2511 3380 2586 ptochotrOphos,
3409 2514 3508 2564 aut
3547 2507 3810 2563 xenodoo

2177 2613 2334 2678 chos,
2364 2616 2464 2666 aut
2493 2625 2842 2678 nosocomos,
2876 2612 2932 2662 et
2971 2607 3209 2660 aliarum
3258 2603 3666 2658 venerabilium
3705 2603 3811 2655 do-

2176 2721 2377 2760 muum
2398 2703 2830 2774 dispensatores,
2851 2716 3038 2771 neque
3058 2715 3173 2754 non
3199 2714 3399 2753 omnes
3423 2697 3558 2752 alios
3577 2695 3814 2750 clericos

2168 2799 2457 2870 jubemus,
2487 2801 2551 2850 ut
2576 2813 2681 2868 pro
2709 2793 3289 2850 administrationibus
3315 2791 3448 2862 ipsis
3473 2791 3815 2846 concreditis

2175 2892 2326 2964 apud
2349 2891 2676 2962 episcopum
2704 2905 2892 2956 suum,
2922 2887 3014 2942 cui
3041 2888 3297 2954 subsunt,
3327 2884 3728 2955 respondeant,
3755 2890 3815 2939 et

2179 2984 2678 3040 administrationis
2707 2998 2822 3036 sua:
2848 2981 3098 3036 rationes
3124 2979 3386 3044 reddant,
3419 2984 3473 3032 et
3503 2977 3818 3048 exigantur

2177 3079 2326 3150 quod
2355 3094 2423 3132 ex
2447 3077 2582 3149 ipsis
2611 3076 2817 3131 debere
2837 3073 3181 3146 comprobati
3204 3071 3436 3138 fuerint,
3468 3070 3550 3125 illi
3577 3087 3820 3124 venera-

2175 3172 2277 3227 bili
2295 3169 2709 3226 restituendum
2747 3168 2962 3234 domui,
2994 3167 3086 3222 cui
3111 3183 3179 3221 ex
3206 3164 3697 3220 administratione
3717 3164 3818 3218 de-

2174 3265 2358 3320 bitum
2388 3261 2733 3335 apparuerit.
2758 3262 2814 3317 Si
2827 3278 2884 3316 se
2904 3261 2964 3316 in
2990 3259 3272 3332 exigendo
3293 3262 3550 3330 gravatos
3575 3260 3818 3328 putave-

2174 3358 2309 3427 rint,
2331 3355 2800 3428 motropolitanus
2823 3354 3120 3426 negotium
3140 3351 3484 3408 examinato.
3509 3349 3570 3405 Si
3594 3355 3816 3404 metro-

2177 3451 2458 3523 politanus
2483 3450 2556 3504 sit
2579 3449 2677 3520 qui
2705 3453 2904 3503 contra
2943 3447 3194 3518 aliquam
3233 3444 3640 3518 praedictarum
3674 3461 3813 3515 per-

2177 3561 2446 3599 sonarum
2495 3542 2814 3598 istiusmodi
2853 3557 3045 3596 causas
3075 3538 3436 3604 examinavit,
3466 3541 3523 3590 et
3552 3535 3820 3592 debitum

2180 3638 2390 3709 exegit,
2418 3643 2474 3692 et
2498 3655 2530 3692 a
2555 3652 2668 3708 quo
2694 3639 2955 3691 exactum
2987 3639 3092 3702 est,
3119 3633 3166 3687 is
3190 3635 3355 3704 putet
3383 3647 3441 3685 se
3487 3637 3815 3702 gravatum,

2178 3731 2476 3786 dimceseos
2503 3730 2655 3784 illius
2682 3727 3036 3783 beatissimus
3057 3725 3377 3798 patriarcha
3395 3724 3696 3796 negotium
3724 3725 3816 3778 di-

2177 3829 2447 3900 sceptato.
2497 3824 2686 3894 Neque
2721 3822 2876 3876 enim
2920 3820 3206 3893 praedictis
3247 3818 3504 3892 personis
3547 3817 3818 3872 concedi-

2177 3934 2308 3972 mus
2328 3922 2389 3971 ut
2415 3916 2484 3971 de
2511 3915 2836 3971 memoratis
2862 3915 3043 3969 causis
3091 3918 3222 3969 ante
3251 3911 3730 3968 examinationem
3759 3915 3818 3966 et

2178 4010 2531 4066 exactionem
2580 4009 2756 4064 debiti
2795 4024 2927 4063 suos
2965 4007 3254 4078 refugiant
3295 4007 3603 4077 episcopos,
3648 4009 3703 4060 et
3741 4004 3818 4059 ad

2177 4105 2284 4160 alia
2320 4119 2378 4158 se
2405 4103 2695 4158 conferant
2710 4101 2945 4173 judicia.
2972 4101 3133 4164 Quod
3158 4099 3203 4154 si
3230 4099 3358 4170 quis
3382 4115 3452 4153 ex
3475 4098 3814 4153 ecclesiasti-

2179 4197 2256 4252 cis
2295 4195 2385 4251 cui
2416 4195 2693 4266 ejusmodi
2721 4195 2909 4266 aliqua
2933 4191 3351 4248 administratio
3377 4189 3703 4246 concredita
3726 4197 3815 4244 est

2177 4294 2306 4345 ante
2332 4288 2614 4360 expositas
2641 4287 2888 4342 rationes
2913 4291 2969 4341 et
2986 4285 3175 4341 debita
3195 4285 3474 4356 persoluta
3504 4282 3810 4350 moriatur,

451 4383 903 4436 memoratarum
932 4394 1302 4450 personarum
1330 4376 1658 4449 quampiam
1686 4377 1968 4432 actionem
1987 4377 2082 4431 ha—
2171 4383 2440 4454 jubemus
2469 4387 2534 4436 ut
2558 4383 2678 4454 ejus
2703 4380 2961 4436 haredes
2987 4377 3266 4434 consimili
3291 4377 3460 4432 modo
3490 4382 3548 4431 et
3575 4375 3814 4430 redden-

451 4475 605 4542 beat,
625 4478 681 4528 et
704 4472 996 4544 episcopus
1016 4471 1168 4527 inter
1190 4471 1339 4542 ipsos
1355 4471 1612 4542 judicare
1638 4469 1879 4538 differat,
1910 4469 2079 4525 licen-
2097 4485 2156 4558 D
2178 4475 2264 4530 dis
2289 4475 2620 4544 rationibus,
2649 4479 2706 4530 et
2729 4473 3115 4530 exactionibus
3144 4470 3373 4526 obnoxii
3402 4469 3532 4524 sint.

453 4567 598 4622 tiam
627 4565 831 4622 habeto
883 4571 1036 4620 actor
1067 4571 1132 4620 ut
1167 4564 1387 4619 civilem
1406 4563 1841 4635 judicetadeat.
1875 4565 1957 4618 lta
1991 4568 2075 4618 ta-

453 4676 610 4729 men,
637 4664 700 4715 ut
743 4663 998 4714 accusata
1035 4673 1277 4730 persona
1301 4658 1454 4711 nullo
1479 4657 1651 4712 modo
1679 4663 1912 4730 cogatur
1939 4656 2079 4712 tide-

447 4757 733 4827 jussorem
760 4753 912 4820 dare,
932 4751 1030 4806 sed
1052 4752 1234 4805 solum
1258 4750 1659 4806 confessionem
1687 4751 1898 4822 absque
1927 4751 2082 4821 jura-

453 4851 648 4904 mento
667 4863 797 4902 cum
823 4844 1288 4918 oppigneratione
1309 4861 1500 4900 rerum
1521 4861 1750 4900 suarum
1775 4860 2078 4916 exponere.

455 4941 512 4998 Si
528 4957 630 5011 pro
651 4940 934 4996 criminati
959 4955 1124 4994 causa
1149 4939 1428 4993 accusatio
1453 4943 1651 4993 contra
1679 4938 1927 5009 aliquam
1955 4953 2078 4992 me-

455 5039 806 5089 moratarum
845 5049 1219 5106 personarum
1249 5036 1622 5104 proponatur,
1667 5047 1910 5102 persona
1954 5047 2081 5102 quas

450 5125 750 5180 'accusatur
773 5127 874 5181 sub
899 5127 1216 5200 legitimam
1239 5125 1369 5196 tidej
1379 5125 1664 5181 ussionem
1685 5125 2077 5180 constituatur.

458 5219 514 5277 Si
527 5218 958 5274 ecclesiasticum
970 5221 1266 5292 negotium
1281 5220 1372 5289 sit,
1391 5219 1606 5274 nullam
1621 5217 2081 5274 communionem

453 5313 702 5370 habento
729 5311 918 5366 civiles
965 5313 1324 5386 magistratus
1367 5329 1499 5368 cum
1545 5329 1612 5367 ea
1653 5311 2077 5383 disceptatione,

455 5408 551 5464 sed
579 5402 985 5478 religiosissimi
1009 5405 1255 5478 episc0pi
1280 5406 1596 5463 secundum
1625 5421 1811 5461 sacros
1836 5420 2082 5460 canones

456 5499 690 5572 negotio
711 5498 883 5554 tinem
907 5497 1269 5569 imponunto.

526 5599 806 5653 Prwterea
823 5596 868 5650 si
893 5595 991 5668 qui
1019 5595 1276 5667 ejusdem
1297 5597 1494 5666 synodi
1522 5597 1927 5670 religiosissimi
1952 5597 2074 5669 epi-

456 5689 614 5762 scOpi
641 5689 888 5762 aliquam
927 5689 1077 5746 inter
1117 5705 1176 5746 se
1201 5689 1642 5745 controversiam
1667 5691 1930 5760 habeant,
1962 5691 2078 5748 sive

458 5788 528 5852 de
549 5788 680 5860 jure
707 5784 1101 5853 ecclesiastico,
1129 5783 1245 5842 sive
1274 5783 1346 5838 de
1367 5781 1708 5854 quibusdam
1734 5783 1860 5840 aliis
1884 5783 2073 5851 rebus,

2249 4569 2304 4625 Si
2332 4570 2461 4641 quis
2489 4568 2804 4640 episcopus,
2831 4572 2930 4622 aut
2955 4565 3193 4622 clericus
3221 4581 3291 4619 ex
3321 4578 3658 4635 quacunque
3683 4578 3815 4634 pro-

2180 4663 2361 4717 vincia
2387 4661 2875 4734 Constantinopoli
2901 4659 3241 4732 reperiatur,
3261 4664 3318 4713 et
3336 4657 3578 4712 voluerit
3605 4655 3814 4728 aliquis

2180 4759 2376 4811 contra
2426 4756 2612 4828 ipsum
2650 4755 2929 4812 actionem
2981 4767 3320 4826 proponam,
3371 4749 3653 4822 siquidem
3698 4749 3814 4804 litis

2181 4851 2509 4905 contestatio
2529 4851 2591 4904 in
2620 4849 2905 4920 provincia
2925 4849 2994 4904 de
3022 4865 3091 4902 ea
3124 4843 3500 4902 controversia
3523 4843 3671 4897 facta
3703 4846 3810 4910 est,

2180 4943 2298 4999 illic
2339 4943 2408 4998 lis
2443 4943 2730 5014 irnpletor.
2771 4942 2827 4999 Si
2862 4943 2930 4997 lis
2970 4957 3103 4996 vero
3142 4939 3398 4994 nondum
3441 4935 3630 5008 ccepit,
3659 4935 3816 5007 apud

2181 5037 2326 5092 solos
2352 5035 2776 5108 gloriosissimos
2799 5035 3091 5106 praefectos
3111 5033 3508 5105 praetoriorum
3539 5029 3814 5098 Orientis,

2181 5136 2280 5186 aut
2307 5145 2490 5185 sacros
2510 5129 2753 5200 judices,
2775 5127 2873 5200 qui
2901 5145 2935 5182 a
2960 5127 3122 5182 nobis
3145 5125 3403 5198 deputati
3440 5123 3678 5189 fuerint,
3724 5123 3814 5177 his

2181 5224 2281 5297 qui
2301 5241 2432 5280 eum
2458 5221 2802 5279 conveniunt
2825 5221 3180 5294 respondeto.
3209 5216 3685 5274 Reverendissimi
3713 5233 3812 5271 au-

2180 5323 2297 5374 tem
2321 5316 2664 5389 apocrisiarii
2713 5315 3100 5387 cujusclmque
3142 5316 3506 5368 sacrosanctae
3546 5309 3808 5365 Ecclesiae

2181 5411 2279 5483 qui
2293 5410 2352 5464 in
2363 5409 2520 5482 regia
2544 5409 2681 5464 urbe
2691 5410 3112 5474 versantur,aut
3123 5407 3192 5463 ad
3203 5404 3558 5462 beatissimos
3571 5403 3812 5475 patriar-

2181 5505 2312 5560 chas
2333 5503 2446 5559 sive
2479 5501 2941 5574 metropolitanos
2964 5518 2999 5556 a
3024 5501 3138 5555 suis
3173 5499 3480 5555 mittuntur
3507 5496 3806 5571 episc0pis,

2179 5612 2364 5668 neque
2388 5612 2492 5668 pro
2517 5595 2630 5651 suis
2651 5594 2946 5667 episcopis,
2971 5609 3157 5666 neque
3175 5609 3280 5665 pro
3301 5592 3531 5664 negotio
3549 5589 3806 5646 Ecclesia

2180 5693 2420 5758 surgant
2431 5689 2618 5745 debito
2636 5688 2862 5760 publico
2873 5703 2974 5744 seu
2987 5687 3225 5760 privato,
3237 5687 3525 5742 actionem
3535 5689 3633 5739 aut
3648 5699 3808 5760 exacf

2177 5757 2392 5840 tionem
2409 5757 2658 5856 aliquam
2671 5757 3009 5852 sustinente,
3022 5780 3129 5838 nisi
3147 5779 3483 5838 mandatum
3503 5776 3760 5834 habeant
3771 5757 3826 5832 ι’
