4076 6186
221 230 356 288 1033

1037 222 1399 284 JUSTINIANI
1448 224 1776 281 NOVELLE
1811 216 2145 280 SELEC'I‘E.
2184 220 2496 279 NOVELLA
2530 216 2758 279 CXXIII.

3451 217 3586 276 4034

214 339 334 393 suis
359 335 659 409 episcopis,
678 337 776 390 aut
798 334 1129 404 mconomis,
1154 338 1218 389 ut
1235 334 1457 407 aliquos
1482 333 1847 390 conveniant.
1873 357 1932 430 Α
1952 331 2319 387 commissum
2354 335 2458 385 est.
2496 330 2604 395 Qui
2628 345 2761 385 vero
2788 328 2911 384 haec
2937 331 3137 384 contra
3162 326 3388 399 exigere
3419 346 3587 400 spor-

213 434 372 487 Tunc
401 430 557 486 enim
591 429 724 485 solis
746 428 834 483 his
855 427 955 500 qui
971 428 1043 483 ab
1067 428 1204 500 ipsis
1225 428 1665 497 conveniuntur,
1681 428 1853 482 licen-

217 526 363 579 tiam
393 524 617 590 damus,
654 526 716 577 ut
739 522 785 576 si
814 538 989 593 quam
1013 522 1302 577 actionem
1322 524 1523 577 contra
1549 521 1853 576 Ecclesium

218 621 321 672 aut
339 617 674 688 episcopum
699 615 965 683 habeant,
984 618 1186 670 contra
1206 614 1360 686 ipsos
1375 617 1723 686 proponant.
1739 612 1853 668 Sed

221 714 282 765 et
308 710 359 764 si
383 709 453 764 de
482 709 651 764 certis
683 708 855 762 rebus
878 712 977 762 aut
995 707 1318 762 actionibus
1350 707 1564 778 seipsos
1593 706 1856 761 reddide—

217 803 339 858 rint
357 803 635 858 obnoxios
665 818 734 856 eo
756 806 1019 872 tempore
1046 817 1161 871 quo
1192 800 1586 872 respondendi
1613 815 1854 854 munere

222 900 282 950 et
308 896 599 967 legatione
627 894 982 965 defungitur,
1007 911 1103 949 eas
1121 894 1294 949 etiam
1320 893 1575 949 actiones
1594 910 1723 965 quas
1753 909 1856 963 pro

223 989 294 1043 iis
320 989 687 1044 intentantur
711 988 1057 1059 excipiunto.
1088 990 1234 1043 Item
1270 991 1330 1042 et
1370 988 1417 1041 si
1465 987 1717 1058 episcopi
1761 989 1860 1040 aut

223 1082 415 1137 clerici
440 1098 544 1153 pro
570 1081 798 1136 civitate
825 1098 931 1153 per
956 1097 1186 1136 causam
1212 1080 1533 1151 legationis,
1576 1083 1675 1134 aut
1711 1079 1860 1134 ordi-

226 1176 407 1230 nandi
425 1175 676 1246 episcopi
696 1174 755 1228 in
774 1174 933 1245 regia
952 1175 1113 1240 urbe,
1136 1177 1236 1228 aut
1261 1173 1584 1244 ubicunque
1603 1174 1879 1227 locorum-

225 1268 694 1340 peregrinantur,
710 1266 911 1338 jubem
920 1284 982 1321 us
997 1271 1059 1321 ut
1079 1266 1411 1337 nullamipsi
1428 1266 1745 1321 molestiam
1762 1269 1862 1321 aut

228 1360 689 1433 inquietudinem
718 1378 752 1415 a
777 1377 1119 1432 quacunque
1147 1376 1395 1431 persona
1420 1360 1760 1425 sustineant,
1790 1359 1855 1413 li-

228 1455 419 1510 centia
450 1454 728 1509 existente
758 1454 847 1508 his
873 1454 971 1523 qui
1000 1470 1058 1507 se
1079 1453 1427 1525 putantillos
1444 1452 1657 1507 habere
1680 1452 1858 1507 obno-

224 1548 363 1615 xios,
402 1552 711 1618 postquam
756 1547 969 1601 reversi
1011 1550 1144 1602 sunt
1185 1547 1244 1600 in
1291 1547 1663 1617 provinciam,
1710 1546 1864 1617 ipsos

228 1640 630 1708 conveniendi,
669 1641 824 1695 nullo
875 1641 964 1694 his
1001 1641 1100 1711 qui
1138 1656 1196 1694 se
1244 1644 1448 1710 putant
1479 1639 1607 1693 illos
1635 1632 1864 1693 habere

1952 426 2101 481 tulas
2125 423 2572 497 presumpserit,
2594 424 2655 477 in
2684 423 2925 494 duplum
2953 422 3011 476 id
3043 422 3199 493 quod
3222 422 3439 493 accepit
3461 439 3590 492 per-

1951 534 2105 574 sonae
2132 535 2166 572 a
2200 535 2311 590 qua
2352 522 2615 573 exactum
2642 520 2729 571 est
2754 516 2991 570 reddere
3019 516 3388 586 compellitor.
3420 517 3488 569 Et
3510 516 3584 569 si-

1954 609 2185 680 quidem
2209 608 2474 664 militiam
2501 608 2690 678 habet,
2722 608 2894 662 etiam
2919 606 3215 678 cingulum
3243 606 3484 662 amittito
3498 624 3515 676 ;
3540 606 3587 661 si

1953 702 2189 757 clericus
2218 702 2411 771 fuerit,
2439 718 2471 756 e
2500 692 2651 756 clero
2677 700 2913 771 ejicitor.

2025 795 2372 866 Presbyteris
2406 811 2561 861 sane,
2613 800 2671 850 et
2713 793 2985 859 diaconis,
3019 798 3076 848 et
3109 792 3502 860 subdiaconis,
3534 799 3592 848 et

1955 889 2221 944 omnibus
2247 889 2372 944 aliis
2397 889 2494 959 qui
2524 889 2584 943 in
2613 889 2764 943 clero
2795 887 3048 941 collocati
3076 891 3227 956 sunt,
3257 886 3356 957 qui
3387 903 3591 941 uxores

1956 983 2267 1037 secundum
2296 998 2479 1036 sacros
2503 998 2748 1036 canones
2776 996 2889 1034 non
2932 980 3162 1047 habent,
3202 979 3592 1034 interdicimus

1958 1078 2014 1129 et
2035 1091 2140 1131 nos
2166 1091 2270 1146 pro
2294 1080 2490 1130 tenore
2531 1091 2824 1130 sacrorum
2853 1089 3143 1128 canonum
3178 1089 3250 1127 ne
3290 1072 3592 1127 mulierem

1959 1170 2213 1239 aliquam
2242 1169 2399 1223 domi
2427 1185 2545 1223 suae
2575 1168 2914 1222 adscititiam
2941 1167 3208 1235 habeant,
3240 1170 3475 1237 excepta
3501 1172 3590 1221 ta-

1961 1279 2094 1316 men
2134 1266 2333 1331 matre,
2363 1267 2420 1317 et
2450 1262 2582 1326 ﬁlia,
2615 1267 2672 1315 et
2691 1277 2907 1329 sorore,
2938 1266 2995 1315 et
3024 1260 3149 1314 aliis
3178 1259 3436 1331 personis
3463 1276 3591 1331 qua:

1959 1372 2188 1411 omnem
2220 1356 2599 1427 suspicionem
2626 1354 2924 1426 eﬁ‘ugiunt.
2958 1354 3013 1409 Si
3062 1353 3190 1425 quis
3229 1369 3361 1407 vero
3398 1359 3595 1408 contra

1960 1451 2107 1505 hanc
2140 1450 2588 1505 observationem
2620 1448 2922 1503 mulierem
2970 1447 3122 1502 domi
3171 1463 3288 1501 suae
3337 1446 3598 1502 habuerit

1961 1560 2089 1614 quas
2117 1542 2291 1614 possit
2333 1543 2711 1613 suspicionem
2748 1547 2947 1596 contra
2989 1541 3175 1612 ipsum
3214 1538 3500 1603 inducere,
3540 1543 3598 1594 et

1963 1635 2136 1691 semel
2162 1640 2330 1706 atque
2352 1636 2561 1690 iterum
2586 1636 2675 1689 vel
2705 1652 2738 1689 a
2765 1651 2868 1689 suo
2888 1634 3171 1705 episcopo,
3190 1633 3276 1687 vel
3307 1650 3339 1685 a
3370 1633 3598 1703 collegis

230 1734 513 1789 obnoxios
540 1733 870 1804 praejudicio
908 1733 1239 1805 generando
1260 1732 1409 1786 circa
1422 1733 1578 1803 longi
1595 1733 1868 1803 temporis
1888 1728 1945 1799 B
1968 1728 2081 1782 suis
2103 1728 2424 1783 admonitus
2458 1745 2529 1783 ne
2559 1745 2689 1783 cum
2718 1729 2815 1782 tali
2849 1728 3090 1782 muliere
3137 1726 3371 1792 habitet,
3428 1727 3600 1780 domo

230 1827 724 1898 praescriptionem
744 1831 980 1897 propter
997 1826 1058 1880 id
1079 1830 1305 1897 tempus
1325 1826 1479 1896 quod
1500 1825 1559 1879 in
1577 1825 1866 1895 hujusmo-

232 1920 290 1975 di
302 1920 771 1992 peregrinatione
783 1919 1238 1990 produxerint.Si
1256 1918 1488 1990 quando
1502 1935 1673 1973 causa
1686 1936 1868 1972 emer-

233 2015 374 2069 serit
403 2014 776 2084 quamobrem
811 2012 1038 2080 clerico,
1069 2017 1169 2067 aut
1199 2013 1502 2079 monacho,
1534 2016 1633 2066 aut
1665 2029 1862 2067 mona-

234 2108 411 2175 strias,
445 2110 544 2161 aut
568 2106 826 2161 ascetriae
849 2106 1235 2176 cujuscunque
1253 2105 1484 2160 tandem
1507 2106 1865 2173 monasterii,

236 2205 295 2254 et
310 2200 561 2255 maxime
577 2200 889 2254 mulierum
918 2215 1022 2269 pro
1043 2215 1384 2270 quacunque
1406 2199 1733 2270 pecuniaria
1745 2216 1870 2253 cau-

237 2311 318 2361 sa,
356 2294 470 2347 sive
511 2293 756 2363 publica,
797 2292 911 2346 sive
941 2292 1183 2363 privata,
1236 2292 1430 2346 citatio
1469 2293 1554 2347 vel
1587 2292 1870 2347 exsecutio

236 2387 537 2450 inferatur,
553 2386 826 2456 jubemus
850 2391 915 2440 ut
939 2385 1082 2439 citra
1105 2385 1511 2440 contumeliam
1532 2388 1739 2440 etcum
1763 2386 1867 2441 ho-

240 2496 383 2535 nore
430 2496 544 2550 quo
590 2479 755 2534 decet
793 2478 986 2533 citatio
1032 2480 1117 2534 vel
1166 2479 1450 2534 exsecutio
1503 2479 1868 2549 expediatur,

242 2574 398 2627 nulla
424 2578 624 2627 tamen
657 2571 974 2627 monastria
1016 2574 1114 2627 aut
1144 2572 1385 2627 ascetria
1435 2588 1465 2626 e
1518 2573 1870 2627 monasterio

242 2666 628 2733 abstrahatur,
654 2665 757 2720 sed
793 2669 1132 2736 procurator
1157 2666 1228 2720 ab
1259 2666 1326 2719 iis
1350 2665 1750 2734 constituatur,
1774 2666 1871 2738 qui

242 2759 314 2813 de
357 2775 426 2814 eo
465 2758 695 2828 negotio
734 2757 1104 2830 respondeat.
1155 2758 1441 2812 Monachis
1486 2774 1620 2812 vero
1658 2758 1871 2813 licitum

243 2850 369 2907 esto
426 2850 686 2922 proprias
728 2854 829 2904 aut
864 2851 1196 2905 monasterii
1238 2867 1459 2917 causas,
1502 2850 1616 2905 sive
1651 2868 1757 2922 per
1789 2867 1871 2918 se,

240 2945 358 2999 sive
381 2960 484 3016 per
508 2947 943 3014 procuratorem
970 2960 1165 3014 agere.
1206 2943 1428 2999 Scituro
1445 2943 1638 3015 judice
1665 2948 1765 2998 aut
1787 2960 1875 2998 ex-

244 3041 506 3093 secutore
523 3037 621 3108 qui
638 3037 697 3091 in
719 3036 839 3092 haec
857 3038 1257 3108 praevaricatus
1276 3036 1468 3104 fuerit,
1498 3036 1654 3109 quod
1672 3040 1730 3091 et
1753 3037 1873 3091 cin-

244 3132 380 3201 gulo
398 3094 801 3200 denudabitur,
829 3094 889 3184 et
914 3147 1018 3201 per
1038 3094 1671 3202 magniﬁcentissimum
1694 3130 1873 3185 comi-
1897 3094 1952 3168 Ο

245 3228 365 3279 tem
398 3240 588 3283 rerum
615 3223 963 3295 privatarum
990 3223 1061 3278 ab
1089 3240 1158 3278 eo
1185 3223 1438 3296 quinque
1465 3224 1738 3279 librarum
1753 3223 1879 3279 auri

247 3334 419 3389 pcena
442 3317 721 3387 exigetur,
740 3322 1069 3372 exsecutore
1096 3316 1361 3371 videlicet
1388 3319 1518 3371 utra
1540 3317 1665 3372 haec
1688 3322 1744 3373 et
1768 3321 1879 3371 tor-

248 3413 452 3464 menta
480 3409 756 3476 subiture,
780 3412 838 3464 et
860 3409 921 3463 in
948 3409 1203 3465 exsilium
1231 3410 1531 3464 mittendo.
1548 3410 1875 3480 Religiosis-

247 3503 409 3557 simis
426 3503 685 3558 locorum
711 3502 986 3574 episcopis
1012 3503 1432 3573 providentiam
1456 3503 1799 3557 adhibituris
1814 3506 1882 3558 ut

248 3596 396 3651 nihil
417 3596 506 3650 his
531 3595 886 3651 contrarium
912 3596 1042 3663 fiat;
1070 3602 1168 3651 aut
1194 3596 1240 3651 si
1259 3596 1401 3668 quid
1422 3596 1804 3667 delinquatur,
1817 3599 1882 3650 ut

248 3689 527 3762 praedicta
559 3689 700 3743 ultio
741 3688 1035 3759 procedat.
1068 3689 1179 3745 Sed
1220 3690 1265 3743 si
1303 3689 1669 3761 magistratus
1707 3690 1877 3743 ultio-

253 3800 389 3838 nem
413 3783 669 3854 irrogare
700 3781 949 3850 diﬂ‘crat,
990 3782 1291 3854 episcopus
1328 3799 1457 3838 eam
1493 3799 1617 3837 rem
1664 3782 1739 3837 ad
1783 3798 1882 3838 no-

251 3882 431 3931 stram
460 3874 753 3931 scientiam
777 3876 1010 3930 referto.

327 3970 728 4041 Sportularum
740 3972 935 4023 autem
948 3968 1182 4023 nomine
1196 3969 1415 4024 nullam
1425 3986 1735 4041 personam
1751 3987 1879 4041 quae

251 4064 312 4119 in
328 4079 672 4134 quocunque
694 4062 1076 4118 ecclesiastico
1090 4066 1456 4118 recenseatur
1473 4064 1697 4130 ordine,
1723 4064 1879 4123 insu-

253 4174 361 4230 per
392 4173 581 4227 neque
619 4156 1017 4223 diaconissam,
1058 4173 1247 4228 neque
1282 4158 1652 4225 monachum,
1694 4174 1882 4229 neque

254 4250 578 4317 ascetriam,
608 4266 796 4321 neque
829 4249 1227 4317 monastriam,
1269 4250 1329 4305 in
1371 4252 1488 4305 ulla
1517 4250 1796 4305 criminali
1826 4255 1885 4306 et

252 4343 589 4415 pecuniaria
601 4360 789 4410 causa,
818 4342 1203 4414 cujuscunque
1223 4343 1559 4414 quantitatis
1570 4344 1883 4411 fuerit,sive

254 4454 288 4490 a
300 4436 651 4502 clerico,sive
669 4437 739 4490 ab
756 4435 949 4506 aliquo
971 4435 1029 4489 in
1042 4434 1311 4491 militiam
1330 4436 1531 4491 allecto
1548 4436 1881 4492 citationem
1902 4462 1962 4534 D

252 4529 583 4600 suscipiant,
616 4529 732 4583 sive
772 4528 830 4583 in
861 4528 1020 4600 regia
1049 4528 1207 4595 urbe,
1236 4528 1350 4584 sive
1374 4529 1433 4583 in
1464 4530 1788 4601 provinciis,
1823 4530 1881 4585 in

253 4622 461 4694 quibus
481 4622 718 4693 degunt,
745 4623 892 4677 ultra
923 4625 1168 4693 quatuor
1196 4622 1430 4695 siliquas
1457 4624 1595 4679 dare
1627 4625 1886 4679 concedi-

254 4731 406 4769 nius.
437 4714 547 4771 Sed
573 4714 617 4769 si
644 4714 771 4786 quis
787 4717 1083 4770 exsecutor
1110 4719 1307 4771 nostra
1327 4716 1602 4787 jussione,
1635 4721 1736 4772 aut
1763 4734 1881 4772 ma-

190 4792 193 4799 ’
263 4809 557 4879 gistratus,
586 4811 687 4862 aut
712 4808 1028 4862 beatissimi
1048 4808 1383 4879 patriarcha!
1408 4811 1616 4866 missus
1643 4810 1701 4866 in
1745 4812 1886 4867 alias

257 4901 605 4973 provincias,
622 4901 793 4956 alicui
808 4906 1255 4958 memoratarum
1277 4921 1646 4975 personarum
1670 4894 1889 4961 citatio-

258 5010 393 5048 nem
421 4994 649 5062 inferat,
669 5011 786 5049 non
808 4995 957 5050 ultra
972 5012 1149 5051 unum
1167 4988 1417 5053 solidum
1431 4999 1704 5054 aufertor.
1726 4999 1888 5065 Quod

259 5087 304 5141 si
330 5087 389 5141 in
406 5105 522 5142 una
549 5091 608 5142 et
632 5087 839 5143 eadem
871 5104 1039 5144 causa
1063 5092 1273 5145 multos
1303 5108 1373 5146 ex
1402 5093 1730 5148 memoratis
1756 5110 1886 5163 per-

258 5181 415 5236 sonis
442 5181 605 5236 citari
631 5182 951 5254 contingat,
982 5183 1168 5239 unica
1206 5186 1603 5242 tantummodo
1630 5202 1888 5257 personae

259 5275 540 5345 sportulas
565 5291 670 5346 pro
692 5275 962 5330 omnibus
987 5277 1197 5333 auferri
1224 5279 1527 5333 sancimus.
1579 5280 1890 5351 Episcopus

262 5372 459 5423 autem
486 5384 591 5439 pro
617 5368 788 5423 rebus
818 5370 1067 5426 ecclesiae
1086 5387 1201 5427 suae
1224 5372 1437 5426 nullam
1456 5373 1887 5444 aggressionem

262 5463 364 5516 aut
387 5460 848 5533 inquietudinem
879 5463 1174 5519 sustineto.
1213 5464 1492 5535 Sportula;
1530 5481 1663 5521 vero
1693 5467 1764 5521 ab
1796 5483 1887 5535 eo,

266 5570 455 5625 neque
488 5554 532 5609 si
563 5571 759 5609 rerum
785 5572 1019 5611 suarum
1050 5556 1284 5613 nomine
1312 5558 1534 5626 citetur,
1563 5559 1885 5629 exiguntor,

264 5648 520 5704 actiones
542 5648 756 5703 scilicet
788 5654 1116 5720 quecontra
1136 5651 1437 5706 Ecclesiam
1466 5638 1886 5724 proponuntur,

269 5740 683 5814 excipientibus
710 5743 1045 5811 osconomis,
1073 5746 1174 5799 aut
1210 5743 1315 5801 illis
1340 5743 1547 5817 quibus
1576 5745 1637 5802 id
1674 5750 1892 5822 negotii

590 5834 868 5909 PATROL.
912 5838 1148 5906 LXXII.

1967 1838 2090 1876 eam
2127 1839 2228 1875 sua
2258 1822 2458 1892 ejicere
2488 1823 2754 1887 noluerit,
2785 1827 2885 1876 aut
2909 1824 3238 1891 enlergente
3274 1825 3597 1874 accusatore

1966 1915 2238 1986 probatus
2256 1915 2427 1970 fuerit
2444 1916 2739 1970 inhoneste
2760 1931 2889 1969 cum
2913 1916 3012 1968 tali
3049 1916 3285 1969 muliere
3311 1931 3598 1970 conversa-

1967 2009 2035 2075 ri,
2076 2012 2212 2063 tunc
2236 2009 2536 2081 episcopus
2569 2010 2690 2078 ejus
2737 2008 3051 2062 secundum
3078 2009 3474 2063 ecclesiasticos
3502 2026 3595 2063 ca-

1967 2122 2143 2161 nones
2171 2107 2318 2159 clero
2348 2104 2535 2176 ipsum
2569 2106 2776 2176 ejicito,
2797 2106 2965 2159 curiae
2992 2106 3113 2176 ejus
3141 2106 3474 2174 civitatis,in
3486 2124 3596 2179 qua

1968 2199 2202 2254 clericus
2227 2199 2357 2268 fuit,
2393 2199 2747 2253 tradendum.
2790 2199 3125 2271 Episcopum
3157 2203 3349 2255 autem
3379 2200 3597 2256 nullam

1969 2292 2202 2346 omnino
2230 2292 2533 2347 mulierem
2558 2292 2785 2361 habere,
2815 2297 2913 2347 aut
2936 2308 3065 2346 cum
3090 2309 3158 2346 ea
3188 2292 3441 2348 habitare
3467 2310 3600 2349 con-

1969 2384 2240 2440 cedimus.
2284 2385 2391 2440 Sed
2426 2384 2473 2438 si
2512 2385 2570 2439 id
2607 2385 2799 2439 minus
2841 2385 3159 2440 observasse
3203 2387 3601 2458 comprobatus

1970 2479 2159 2547 fuerit,
2193 2478 2524 2550 episcopatu
2548 2478 2821 2549 dejicitor.
2856 2481 2975 2550 Ipse
3005 2480 3156 2533 enim
3184 2480 3431 2551 seipsum
3475 2480 3595 2553 epi-

1972 2576 2200 2642 scopatu
2214 2571 2516 2642 indignum
2528 2576 2954 2626 commonstrat.
2973 2572 3353 2627 Diaconissam
3374 2589 3599 2645 quoque

1973 2665 2126 2719 nulla
2161 2664 2378 2719 ratione
2418 2681 2547 2730 cum
2574 2665 2696 2719 viro
2722 2682 2790 2719 ex
2817 2681 2931 2736 quo
2964 2665 3276 2719 inhonestae
3306 2666 3436 2721 vitm.
3464 2667 3598 2721 sub-

1973 2758 2107 2811 oriri
2135 2761 2319 2828 potest
2344 2757 2584 2828 suspicio
2632 2758 2887 2812 habitare
2928 2758 3314 2813 concedimus.
3351 2759 3514 2823 Quod
3553 2760 3600 2814 si

1974 2851 2097 2904 haec
2123 2867 2240 2905 non
2261 2850 2661 2917 observaverit,
2693 2851 2953 2906 sacerdos
2974 2850 3063 2905 cui
3089 2851 3313 2906 subdita
3338 2858 3424 2906 est
3453 2853 3599 2907 hanc

1973 2944 2294 3011 admonete,
2318 2950 2380 2999 ut
2407 2944 2671 2999 omnibus
2696 2945 2882 2999 modis
2910 2945 3077 2999 talem
3101 2935 3287 2999 virum
3310 2946 3477 3000 domo
3497 2962 3603 3001 sua

1977 3037 2181 3108 ejiciat.
2208 3038 2265 3093 Si
2292 3038 2398 3093 hoc
2423 3038 2607 3093 facere
2634 3038 2871 3107 differat,
2891 3038 3267 3093 ecclesiastico
3286 3040 3602 3096 ministerio

1977 3134 2035 3185 et
2061 3132 2176 3186 suis
2203 3131 2445 3203 spoliata
2483 3132 2694 3200 diariis,
2726 3132 2789 3186 in
2813 3133 3229 3186 monasterium
3258 3134 3512 3203 iraditor,
3546 3140 3604 3188 et

1976 3224 2091 3279 illic
2117 3240 2285 3279 omne
2303 3224 2429 3278 vitae
2457 3240 2574 3278 suae
2600 3227 2828 3295 tempus
2848 3225 2919 3279 ad
2934 3226 3106 3279 linem
3135 3242 3314 3296 usque
3336 3226 3600 3297 transigi-

1979 3322 2057 3383 to,
2097 3317 2257 3371 bonis
2284 3318 2427 3387 ejus,
2456 3317 2503 3370 si
2531 3316 2675 3370 ﬁlios
2694 3312 2921 3384 habeat,
2968 3317 3116 3372 inter
3152 3318 3330 3389 ipsam
3370 3324 3426 3373 et
3475 3319 3604 3374 illos

1979 3425 2084 3480 pro
2112 3425 2487 3480 personarum
2524 3424 2762 3464 numero
2800 3408 3137 3476 dividendis,
3180 3396 3241 3465 ut
3277 3412 3604 3482 portionem

1978 3519 2106 3575 quae
2124 3502 2230 3574 ipsi
2257 3503 2477 3557 mulieri
2503 3503 2779 3573 competit
2796 3503 3202 3557 monasterium
3224 3505 3518 3577 percipiat,
3550 3513 3607 3561 et

1980 3613 2106 3652 eam
2136 3597 2265 3652 alat.
2298 3596 2352 3651 Si
2377 3596 2523 3651 lilios
2549 3612 2664 3650 non
2690 3596 2912 3662 habeat,
2935 3596 3119 3651 omnis
3148 3598 3268 3667 ejus
3294 3599 3606 3655 substantia

1979 3690 2128 3745 inter
2150 3689 2558 3744 monasterium
2578 3689 2638 3744 in
2655 3690 2805 3761 quod
2832 3689 3133 3760 coniicitur
3156 3696 3213 3744 et
3232 3692 3520 3747 ecclesiam
3546 3694 3606 3749 in

1980 3800 2155 3855 quam
2176 3784 2331 3854 prius
2349 3782 2607 3838 ordinata
2627 3783 2735 3838 fuit
2754 3783 2930 3855 aequis
2949 3784 3302 3855 portionibus
3321 3786 3603 3844 dividitur.

1981 3877 2033 3932 Si
2058 3877 2186 3948 quis
2203 3893 2334 3931 cum
2359 3877 2551 3932 divina
2575 3877 2844 3948 mysteria
2858 3881 2957 3932 aut
2979 3878 3088 3932 alia
3108 3896 3269 3935 sacra
3295 3880 3611 3937 ministeria

1981 3970 2357 4040 celebrantur,
2387 3976 2638 4026 sanctam
2664 3971 2953 4043 ingressus
2996 3973 3309 4044 ecclesiam,
3355 3975 3442 4029 vel
3486 3976 3605 4047 epi-

1981 4080 2170 4136 scopo,
2208 4065 2295 4119 vel
2324 4064 2557 4133 clericis,
2590 4065 2679 4120 vel
2709 4065 2833 4119 aliis
2858 4066 3135 4121 ministris
3159 4068 3428 4134 ecclesia,
3469 4083 3604 4123 con-

1980 4158 2227 4213 tumelias
2237 4157 2452 4229 aliquid
2471 4158 2745 4224 intulerit,
2761 4159 2783 4229 j
2794 4159 2900 4211 ube
2907 4175 3032 4212 mus
3048 4163 3112 4212 ut
3140 4159 3185 4212 is
3197 4162 3480 4213 tormenta
3491 4176 3608 4215 sus.

1982 4251 2178 4321 tineat,
2227 4257 2285 4305 et
2319 4252 2379 4305 in
2411 4250 2674 4305 exsilium
2699 4251 2977 4305 mittatur.
3004 4252 3160 4315 Quod
3188 4252 3233 4304 si
3259 4251 3383 4322 ipsa
3429 4253 3606 4309 etiam

1983 4344 2169 4398 divina
2197 4343 2483 4415 mysteria,
2511 4349 2611 4398 aut
2632 4359 2790 4397 sacra
2822 4343 3130 4398 ministeria
3160 4344 3492 4414 turbaverit,
3510 4354 3610 4403 aut

1984 4436 2258 4492 celebrari
2286 4437 2659 4508 prohibuerit,
2686 4436 2908 4507 capitali
2934 4437 3210 4508 supplicio
3228 4438 3606 4497 afticitor.Eo-

1983 4530 2112 4586 dem
2149 4531 2256 4585 hoc
2281 4535 2338 4585 et
2380 4530 2440 4585 in
2481 4530 2984 4602 supplicationibus
3022 4531 3262 4602 publicis
3304 4532 3363 4586 in
3406 4534 3613 4606 quibus

1983 4623 2229 4696 episcopi
2248 4628 2348 4678 aut
2371 4622 2558 4679 clerici
2586 4623 2956 4679 inveniuntur
2980 4625 3363 4695 custodiendo,
3394 4633 3455 4682 ut
3490 4628 3613 4700 qui-

1984 4717 2134 4787 dem,
2165 4717 2211 4771 si
2238 4717 2512 4772 dnntaxat
2543 4718 2946 4772 contumeliam
2972 4718 3193 4789 fecerit,
3225 4722 3528 4777 tormentis
3555 4728 3613 4778 et

1985 4811 2179 4867 exsilio
2196 4812 2485 4881 tradatur;
2515 4811 2561 4865 si
2585 4811 3057 4884 supplicationem
3081 4814 3362 4884 publicam
3384 4815 3614 4887 dissipa-

1987 4905 2133 4959 verit
2160 4904 2477 4976 periculum
2508 4904 2707 4976 capitis
2740 4905 3036 4960 sustineat.
3070 4908 3252 4977 Atque
3275 4907 3398 4962 haec
3427 4909 3610 4965 vindi-

1987 5014 2113 5053 care
2128 4998 2417 5069 jubemus,
2442 5015 2556 5053 non
2576 5002 2802 5053 tantum
2823 4998 3036 5065 civiles,
3065 4999 3166 5054 sed
3200 5000 3376 5057 etiam
3402 5002 3610 5059 milita-

1988 5108 2080 5146 res
2104 5091 2484 5162 magistratus.
2503 5092 2783 5147 Omnibus
2805 5096 2999 5146 eutem
3027 5093 3184 5148 laicis
3210 5095 3611 5154 interdicimus

1990 5202 2063 5240 ne
2078 5184 2522 5257 supplicationes
2538 5186 2791 5257 publicas
2808 5190 3097 5258 peragant
3116 5187 3239 5243 sine
3260 5190 3621 5262 religiosissio

1991 5279 2100 5333 mis
2125 5279 2422 5351 episcopis,
2455 5283 2513 5333 et
2533 5280 2631 5351 qui
2675 5279 2779 5334 sub
2826 5279 2908 5333 eis
2947 5284 3081 5335 sunt
3120 5284 3613 5339 reverendissimis

1989 5372 2227 5427 clericis.
2245 5373 2544 5437 Quomodo
2561 5373 2713 5427 enim
2744 5372 3080 5445 supplicatio
3107 5376 3333 5448 publica
3350 5394 3471 5432 esse
3493 5381 3616 5449 pot-

1991 5468 2095 5535 est,
2118 5467 2178 5521 in
2197 5483 2303 5537 qua
2319 5465 2642 5520 sacerdotes
2662 5483 2777 5522 non
2801 5467 3192 5538 inveniuntur,
3213 5471 3307 5541 qui
3327 5471 3614 5525 solemnes

1990 5575 2185 5632 preces
2206 5560 2520 5631 peragant?
2541 5559 2654 5615 Sed
2671 5564 2729 5615 et
2744 5562 3101 5619 venerabiles
3112 5578 3327 5630 cruces,
3347 5579 3474 5616 cum
3494 5563 3617 5634 qui-

1990 5654 2096 5708 bus
2109 5652 2435 5708 sacerdotes
2450 5652 2508 5706 in
2529 5654 3473 5726 supplicationibusingrediuntur,
3496 5673 3616 5715 non

1992 5746 2127 5803 alibi
2147 5763 2321 5820 quam
2350 5747 2407 5801 in
2438 5748 2859 5805 venerabilibus
2890 5748 3023 5802 locis
3050 5756 3439 5817 reponuntor;
3476 5755 3536 5807 et
3570 5753 3621 5820 si

3222 5849 3301 5915 33
