4076 6186
486 216 622 282 1035

1592 221 1846 282 διιΕΩυιι
1883 223 2072 282 SEXTI
2110 222 2662 285 SUPPLEMENTUM.

3709 229 3838 287 £036

484 332 716 404 quando
737 347 874 387 usus
888 329 1256 403 postulaverit
1273 329 1343 384 ad
1365 330 1725 386 celebrandas
1749 333 2112 404 supplicatio-
2134 346 2192 420 Α
2213 336 2466 406 quandiu
2509 343 2699 390 tamen
2742 337 2797 390 in
2829 338 3168 393 monasterio
3207 337 3380 408 degit.
3411 339 3518 393 Res
3543 353 3676 392 vero
3703 355 3840 409 quas

483 442 606 494 nes,
629 431 764 482 tunc
791 426 972 480 solum
996 425 1146 496 ipsas
1168 439 1364 480 cruces
1380 423 1444 479 hi
1465 423 1566 496 qui
1591 441 1662 480 ex
1685 441 1848 482 more
1876 443 1968 482 eas
1986 443 2114 499 por-

489 523 612 576 tare
657 520 840 575 solent
867 517 1208 589 accipiunto,
1237 522 1294 573 et
1321 533 1453 572 cum
1497 518 1773 591 episcopis
1801 537 1867 575 ac
1896 521 2112 576 clericis

487 612 921 686 supplicationes
934 610 1274 681 celebrante,
1289 611 1411 668 haec
1424 613 1870 668 custodientibus
1882 615 2116 670 sanctis-

489 707 646 775 simis
668 706 922 760 locorum
943 704 1219 776 episcopis
1237 705 1406 760 simul
1433 709 1490 762 et
1512 705 1648 778 ipsis
1667 707 1902 776 clericis,
1924 723 2112 779 neque

491 817 605 854 non
641 797 721 852 ibi
746 799 998 853 locorum
1029 799 1472 869 magistratibus.
1503 799 1562 856 Si
1587 800 1715 872 quis
1737 816 1872 856 vero
1901 800 1963 856 in
2000 801 2108 857 hoc

482 891 664 964 capite
693 891 990 962 praesentis
1016 895 1224 946 nostras
1248 891 1392 964 legis
1416 893 1674 965 vigorem
1694 894 1782 950 vel
1801 898 2112 966 transgres-

479 1002 574 1041 sus
615 985 808 1055 fuerit,
855 985 943 1041 vel
985 1001 1100 1040 non
1152 985 1530 1056 vindicaverit,
1573 987 1869 1058 praedictas
1916 1004 2110 1060 poenas

481 1078 799 1136 sustinebit.
845 1079 1147 1151 Reliquum
1181 1084 1266 1134 est
1306 1079 1468 1134 nobis
1498 1082 1556 1135 et
1592 1081 1662 1136 de
1689 1081 2108 1137 venerabilibus

479 1169 838 1228 monasteriis
863 1177 920 1227 et
947 1171 1018 1227 de
1044 1172 1525 1228 reverendissimis
1565 1174 1854 1229 monachis
1893 1177 2107 1233 certam

478 1266 784 1322 formulam
797 1265 1186 1337 praescribere.
1206 1266 1345 1320 Illud
1361 1265 1539 1338 igitur
1549 1271 1681 1322 ante
1699 1273 1903 1322 caetera
1921 1268 2111 1324 dicen-

479 1360 637 1428 dum,
665 1364 732 1414 ut
760 1375 861 1430 per
887 1375 1058 1414 omne
1085 1375 1290 1428 sevum,
1320 1365 1376 1414 et
1394 1359 1606 1432 ubique
1625 1365 1906 1416 terrarum
1929 1362 2110 1418 nostri

479 1452 726 1525 imperii,
763 1453 812 1506 si
837 1469 1094 1524 unquam
1119 1452 1324 1524 aliquis
1347 1453 1665 1510 venerabile
1695 1455 2110 1511 monasterium

479 1547 756 1604 aediﬁcare
778 1546 1038 1615 voluerit,
1073 1563 1186 1600 non
1211 1546 1368 1618 prius
1395 1547 1517 1618 ejus
1544 1547 1746 1619 agendi
1770 1547 1996 1604 licentia
2013 1549 2104 1618 sit,

479 1656 654 1712 quam
682 1639 779 1694 Dei
807 1639 1259 1694 amantissimum
1285 1640 1536 1695 locorum
1565 1641 1897 1712 episcopum
1918 1657 2105 1697 accer-

2212 427 2272 484 in
2299 429 2709 486 monasterium
2734 429 2994 486 intulisse
3025 431 3329 497 videbitur,
3361 430 3624 502 probanti
3651 431 3714 485 id
3733 431 3836 486 do-

2209 521 2382 578 mino'
2397 523 2786 594 restituuntor.
2819 529 2890 579 At
2908 523 2954 578 si
2984 524 3110 596 quis
3135 524 3546 596 praedictarum
3567 539 3840 596 persona-

2211 631 2342 671 rum
2375 617 2674 688 reliquerit
2691 617 3120 687 monasterium,
3141 621 3199 671 et
3223 617 3296 672 ad
3311 617 3640 672 sweularem
3668 617 3836 671 vitam

2207 709 2514 779 transierit,
2545 709 2659 764 sive
2684 709 2744 765 in
2775 710 3033 780 urbibus,
3063 711 3180 766 sive
3217 726 3324 782 per
3350 726 3518 781 agros
3544 710 3834 774 oberrans,

2209 819 2325 857 suae
2337 802 2579 858 fortuna:
2593 819 2657 858 ac
2673 803 2984 858 conditioni
2998 803 3279 859 redditor.
3299 805 3478 858 Porro
3493 804 3553 857 in
3573 803 3836 858 omnibus

2209 895 2569 952 monasteriis
2588 897 2953 968 quaequidem
2983 897 3240 952 cmnobia
3257 896 3640 968 appellantur,
3659 897 3831 967 jube-

2207 1005 2336 1044 mus
2351 993 2416 1044 ut
2436 989 2750 1045 secundum
2775 991 3110 1062 prinscripta
3132 995 3191 1046 et
3209 990 3479 1045 formulas
3495 989 3839 1044 monasticas

2207 1099 2409 1138 omnes
2449 1083 2507 1138 in
2532 1099 2649 1138 una
2681 1083 2856 1139 domo
2892 1083 3169 1154 habitent,
3203 1099 3407 1138 omnes
3443 1083 3502 1138 in
3530 1099 3839 1138 commune

2209 1177 2452 1244 alantur,
2469 1192 2668 1231 omnes
2689 1177 2749 1232 in
2773 1193 2894 1232 una
2913 1177 3084 1232 domo
3099 1176 3378 1232 consimili
3391 1176 3566 1232 modo
3590 1175 3834 1248 separati

2208 1269 2436 1334 cubent,
2450 1272 2517 1324 ut
2543 1269 2785 1325 vicissim
2805 1271 2951 1326 alter
2975 1271 3137 1325 alteri
3171 1270 3426 1326 honestae
3451 1269 3832 1325 conversatio-

2209 1363 2294 1417 nis
2312 1361 2700 1418 testimonium
2720 1364 2998 1434 praebeat.
3029 1363 3144 1418 Nisi
3173 1365 3406 1435 quidam
3433 1370 3622 1419 tamen
3655 1379 3726 1419 ex
3755 1363 3836 1418 eis

2206 1461 2304 1511 aut
2338 1463 2576 1528 propter
2613 1458 2936 1528 longzevam
2969 1457 3032 1512 in
3067 1457 3414 1512 monasterio
3451 1457 3834 1512 conversatio-

2205 1565 2360 1619 nem,
2411 1549 2599 1620 quiete
2635 1550 2884 1606 volentes
2919 1549 3128 1620 vivere,
3172 1555 3272 1604 aut
3310 1550 3616 1605 senectutis
3663 1553 3836 1622 atque

2207 1642 2458 1714 corporis
2484 1641 2833 1698 infirmitatis
2860 1659 3026 1698 causa
3054 1644 3114 1698 in
3157 1643 3389 1698 remotis
3433 1643 3648 1698 cellulis
3689 1643 3836 1698 intra

481 1739 587 1804 sat,
616 1733 714 1805 qui
741 1737 1014 1789 etmanns
1041 1732 1101 1787 in
1123 1732 1332 1788 cmlum
1361 1733 1686 1806 protendat,
1715 1738 1771 1790 et
1800 1751 1968 1805 prece
2008 1752 2108 1790 sua
2126 1714 2184 1788 Β
2201 1734 2614 1791 monasterium
2625 1735 2949 1812 constitutis
2961 1735 3192 1807 degant,
3209 1741 3265 1792 et
3277 1736 3386 1790 hoc
3401 1753 3533 1790 cum
3547 1737 3836 1792 conscien-

477 1827 666 1882 locum
698 1828 808 1881 Deo
825 1829 1134 1893 consecret,
1162 1826 1276 1881 ﬁxo
1305 1827 1365 1882 in
1393 1843 1460 1882 eo
1489 1827 1690 1882 salutis
1719 1830 1924 1883 nostrae
1944 1827 2109 1900 signo

483 1920 706 1990 (nempe
731 1919 1079 1974 adorandam
1103 1919 1262 1974 illam
1289 1921 1345 1974 et
1372 1935 1504 1976 vere
1537 1920 1853 1992 preciosam
1880 1936 2108 1976 crucem

481 2011 768 2083 dicimus),
783 2012 974 2084 sicque
993 2012 1352 2068 aediﬁcationi
1371 2013 1536 2068 detur
1547 2013 1796 2083 initium,
1811 2029 1941 2068 cum
1965 2029 2107 2085 prse-

477 2107 694 2163 clarum
718 2105 858 2160 illud
886 2109 944 2160 et
959 2105 1270 2162 condecens
1294 2107 1732 2162 fundamentum
1753 2107 1974 2178 jecerit.
2002 2109 2104 2161 At-

477 2217 590 2273 que
606 2201 710 2255 hoc
727 2199 955 2272 quidem
979 2199 1322 2272 principium
1347 2200 1458 2271 piae
1486 2200 1892 2256 venerabilium
1912 2216 2108 2257 mona-

477 2293 784 2349 steriorum
809 2292 1204 2348 exstructionis
1226 2298 1362 2348 esto.

557 2387 828 2442 Jubemus
855 2391 1046 2442 autem
1074 2391 1136 2440 ut
1163 2385 1335 2441 abbas
1361 2386 1478 2442 sive
1511 2386 1976 2456 archimandrita,
2004 2385 2106 2458 qui

477 2478 536 2536 in
563 2479 801 2551 singulis
829 2479 1077 2535 existunt
1105 2479 1484 2548 monasteriis,
1517 2497 1634 2535 non
1667 2497 1769 2552 per
1791 2480 1984 2536 omnia
2011 2495 2102 2536 se—

477 2573 726 2629 cundum
744 2573 955 2645 gradus’
963 2573 1395 2644 monachorum,
1409 2573 1509 2629 sed
1527 2574 1840 2630 secundum
1855 2573 2104 2630 actiones

477 2668 604 2723 vitte
632 2669 929 2722 creentur:
953 2666 1050 2721 sed
1077 2671 1134 2722 et
1161 2682 1336 2737 quem
1364 2683 1562 2723 omnes
1581 2666 1844 2722 monachi
1869 2667 1968 2739 qui
1986 2683 2102 2723 me-

475 2761 616 2816 liore
667 2759 936 2832 opinione
993 2765 1124 2815 sunt
1173 2759 1480 2832 elegerint,
1539 2759 1842 2833 propositis
1897 2759 2102 2816 sanctis

472 2852 792 2924 Evangeliis
809 2853 1025 2924 aientes
1043 2853 1196 2924 quod
1215 2870 1330 2908 non
1347 2869 1450 2924 per
1467 2853 1774 2909 amicitiam
1795 2858 1896 2908 aut
1907 2869 2103 2925 quam-

475 2962 702 3018 cunque
715 2945 889 3000 aliam
905 2946 1147 3016 gratiam
1164 2945 1352 3016 ipsum
1365 2946 1664 3017 elegerint,
1687 2947 1785 3001 sed
1801 2946 1952 3017 quod
1967 2962 2101 3002 eum

2205 1829 2284 1884 tia
2327 1834 2384 1884 et
2419 1829 2706 1884 voluntate
2735 1829 2954 1883 abbatis
2994 1829 3112 1884 ﬁat.
3144 1829 3242 1884 His
3281 1829 3546 1884 omnibus
3573 1831 3636 1884 et
3690 1830 3835 1885 circa

2206 1921 2552 1978 monasteria
2583 1925 2641 1977 et
2663 1922 2936 1977 asceteria
2967 1921 3274 1978 mulierum
3317 1923 3742 1978 conservandis.
3775 1925 3833 1978 In

2204 2015 2360 2070 nullo
2387 2013 2713 2087 reipublicae
2737 2020 2946 2070 nostrae
2986 2015 3108 2070 loco
3137 2014 3501 2070 concedimus
3529 2020 3596 2070 ut
3629 2016 3693 2070 in
3721 2033 3836 2071 uno

2205 2107 2548 2164 monasterio
2570 2106 2834 2162 monachi
2861 2107 3030 2162 simul
3057 2111 3115 2163 et
3130 2108 3463 2162 monastriaz
3481 2107 3832 2177 cohabitent,

2205 2206 2264 2256 et
2285 2203 2374 2272 (ut
2397 2197 2770 2272 appellantur)
2784 2199 3033 2271 duplicia
3060 2199 3173 2255 sint
3199 2201 3570 2256 monasteria.
3589 2200 3744 2266 Quin
3769 2201 3836 2256 si-

2203 2293 2462 2350 cubitale
2486 2292 2896 2348 monasterium
2927 2293 3225 2348 inventum
3249 2293 3445 2362 fuerit,
3467 2293 3746 2364 jubemus
3775 2299 3836 2348 ut

2202 2387 2356 2443 viria
2379 2385 2712 2442 mulieribus
2738 2388 3089 2458 separentur,
3115 2386 3530 2458 ethzequidem
3557 2391 3832 2460 tanquam

2203 2479 2601 2536 imbecilliores
2621 2479 2680 2533 in
2700 2495 2768 2534 eo
2791 2479 3134 2533 monasterio
3160 2481 3435 2534 maneant
3451 2479 3513 2534 in
3535 2496 3652 2550 quo
3679 2485 3832 2548 sunt,

2201 2574 2306 2629 viri
2325 2575 2518 2628 autem
2543 2572 2697 2627 aliud
2723 2571 2831 2626 sibi
2855 2571 3270 2628 monasterium
3296 2577 3608 2628 exstruant.
3647 2573 3708 2627 Si
3738 2589 3832 2627 ve-

2201 2684 2265 2722 ro
2283 2668 2447 2740 plura
2469 2665 2745 2736 ejusmodi
2773 2664 3115 2720 monasteria
3139 2665 3402 2732 existant,
3435 2681 3624 2737 neque
3644 2683 3835 2720 neces-

2202 2778 2261 2816 se
2294 2760 2366 2815 sit
2411 2775 2558 2816 nova
2588 2757 2942 2814 exaediﬁcare
2971 2757 3333 2826 monasteria,
3365 2757 3833 2830 religiosissimus

2201 2855 2459 2910 locorum
2483 2851 2781 2924 episcopus
2809 2851 3120 2906 monachos
3141 2867 3272 2906 cum
3291 2851 3609 2919 monachis,
3633 2853 3838 2906 mulie-

2201 2964 2292 3004 res
2315 2964 2447 3002 cum
2475 2945 2808 3002 mulieribus
2828 2944 3131 3016 separatim
3150 2944 3208 3000 in
3235 2943 3359 3000 aliis
3373 2951 3542 3016 atque
3567 2945 3696 2999 aliis
3716 2962 3836 3000 mo-

476 3043 535 3095 et
559 3038 669 3093 ﬁde
694 3042 915 3092 rectum
941 3038 1220 3104 noverint,
1255 3043 1312 3094 et
1337 3039 1448 3094 vita
1476 3039 1799 3106 honestum,
1834 3045 1892 3094 et
1915 3039 2098 3093 admi-
2123 3077 2180 3151 Ο
2202 3039 2465 3096 nasteriis
2497 3038 2767 3110 colligere
2792 3054 2944 3094 cura:
2965 3037 3198 3093 habeto.
3225 3037 3377 3102 Quas
3402 3053 3532 3092 vero
3563 3055 3658 3094 res
3684 3055 3836 3093 com-

476 3129 798 3151 __S_a_.-11__-
825 3129 1054 3151 .1:__-_._-
1107 3131 1782 3151 .___-_l_-_-_.._..-_‘li_“____
1813 3131 2092 3151 __2A_AE-._A
2323 3149 2398 3151 ,i,
2432 3133 2460 3151 εκ
2493 3135 2575 3151 an“
2613 3148 2658 3151 μ-
2695 3131 2900 3151 L_1_A_A
2954 3131 3037 3151 ι...
3071 3147 3168 3151 Δ--
3209 3147 3262 3151 --
3317 3136 3580 3151 __-_n,-__
3629 3132 3826 3151 _A_f#_-

473 3129 802 3188 nistratione
819 3129 1082 3202 dignum,
1101 3131 1364 3202 quodque
1381 3132 1790 3186 monachorum
1807 3131 2102 3188 scientiam
2126 3129 2180 3151 ν
2203 3149 2403 3190 munes
2428 3133 2578 3188 inter
2607 3148 2667 3188 se
2692 3131 2924 3200 habent,
2953 3131 3046 3186 hee
3069 3147 3175 3202 pro
3201 3147 3292 3201 eo,
3309 3136 3588 3203 quantum
3618 3132 3832 3203 cuique

472 3228 532 3281 et
561 3239 793 3280 omnem
813 3224 1141 3280 monasterii
1171 3223 1530 3296 disciplinam
1558 3242 1624 3280 ac
1649 3231 1858 3280 statum
1883 3224 2103 3280 utiliter
2193 3227 2340 3298 juris
2361 3225 2652 3298 competit,
2667 3224 3011 3281 dividuntor.
3039 3224 3370 3281 Muneribus
3397 3231 3611 3294 autem,
3636 3242 3837 3298 quem-

472 3334 802 3376 conservare
831 3317 1025 3390 possit,
1060 3315 1486 3390 religiosissltno
1531 3318 1795 3390 episcopo
1837 3318 1943 3374 sub
1985 3335 2102 3390 quo

475 3411 881 3468 monasterium
907 3411 1280 3467 constitutum
1305 3416 1388 3466 est
1413 3411 1676 3467 omnibus
1694 3411 1878 3468 modis
1892 3427 2104 3484 praesu-

473 3506 590 3561 lem
613 3505 796 3578 quieo
814 3505 984 3560 modo
1000 3505 1212 3560 electus
1231 3506 1317 3560 est
1331 3509 1686 3577 promoturo.
1704 3507 1890 3578 Atque
1912 3507 2102 3562 omnia

473 3599 614 3666 hac,
631 3615 761 3672 quas
782 3599 854 3654 de
877 3597 1188 3670 pressulqu
1207 3598 1562 3669 promotione
1591 3615 1626 3653 a
1648 3598 1810 3654 nobis
1837 3598 2104 3670 disposita

472 3695 606 3748 sunt
622 3691 984 3764 praacipimus
1009 3691 1146 3747 item
1165 3691 1351 3746 valere
1379 3691 1442 3748 in
1469 3691 1882 3747 venerabilibus
1907 3708 2102 3748 mona-

473 3785 657 3842 steriis
681 3791 736 3840 et
753 3779 1040 3840 asceteriis
1065 3784 1394 3840 mulierum.

547 3879 834 3934 Caeterum
863 3877 909 3931 si
935 3878 1062 3948 quis
1084 3877 1158 3932 ad
1187 3877 1556 3934 monasticam
1583 3877 1773 3935 venire
1797 3877 1969 3936 vitam
1994 3896 2098 3936 vo-

471 3971 663 4042 luerit,
674 3970 946 4042 jubemus
964 3973 1029 4025 ut
1044 3970 1090 4025 si
1103 3970 1336 4042 quidem
1361 3971 1433 4026 de
1461 3988 1528 4027 eo
1548 3977 1762 4028 constet
1779 3973 1932 4044 quod
1955 3973 2102 4030 nulli

474 4065 662 4123 servili
711 4063 1015 4120 conditioni
1060 4063 1335 4120 obnoxius
1383 4064 1453 4120 sit
1497 4066 1704 4136 praesul
1747 4066 2096 4137 monasterii,

473 4159 732 4222 habitum
755 4157 860 4222 illi,
889 4158 1116 4228 quando
1147 4156 1253 4212 sibi
1285 4157 1465 4213 visum
1495 4158 1687 4228 fuerit,
1719 4159 2006 4216 adhibeat.
2040 4159 2100 4216 Si

477 4254 548 4310 de
573 4269 640 4309 eo
665 4269 784 4308 non
812 4255 1026 4308 constet
1069 4251 1295 4308 cuinam
1337 4252 1650 4308 conditioni
1687 4251 1965 4309 obnoxius
2003 4253 2096 4326 sit,

471 4349 621 4404 intra
634 4352 750 4403 tres
768 4363 950 4402 annos
966 4345 1223 4402 habitum
1237 4345 1286 4400 is
1300 4346 1678 4402 monasticum
1695 4363 1808 4402 non
1825 4353 2095 4417 assumat,

2200 3337 2427 3392 cunque
2455 3319 2592 3391 ipsas
2623 3318 2919 3390 elegerint,
2959 3319 3075 3374 sive
3113 3319 3539 3391 presbyterum,
3567 3319 3687 3373 sive
3712 3320 3832 3374 dia-

2199 3431 2427 3482 conum,
2470 3418 2532 3468 ut
2569 3429 2674 3486 pro
2721 3411 2858 3483 ipsis
2901 3413 3256 3484 respondeat,
3303 3417 3404 3467 aut
3442 3417 3700 3468 sanctam
3753 3415 3834 3469 eis

2200 3506 2662 3562 communionem
2698 3505 2975 3577 deportet,
3010 3504 3468 3576 religiosissimus
3504 3507 3828 3578 episcopus,

2200 3600 2304 3656 sub
2320 3617 2434 3671 quo
2454 3604 2604 3670 sunt,
2627 3599 2788 3671 quasi
2803 3598 2984 3654 ductis
2997 3598 3246 3654 sortibus
3256 3598 3570 3668 attribuito,
3591 3599 3642 3652 si
3663 3603 3832 3654 rectae

2201 3692 2334 3748 fidei
2361 3696 2419 3748 et
2445 3693 2695 3748 honestae
2720 3692 2850 3748 vita:
2881 3692 3033 3746 hunc
3067 3707 3189 3746 esse
3215 3691 3561 3762 cognoverit.
3591 3692 3758 3756 Quod
3789 3694 3834 3746 si

2201 3786 2494 3858 presbyter
2512 3789 2612 3840 aut
2630 3785 2898 3841 diaconus
2917 3801 3034 3841 non
3046 3785 3119 3839 sit
3136 3784 3237 3856 qui
3260 3783 3329 3838 ab
3340 3784 3474 3856 ipsis
3485 3784 3706 3840 electus
3723 3791 3830 3851 est,

2200 3882 2443 3953 dignum
2475 3882 2668 3934 autem
2697 3879 2796 3934 tali
2826 3879 3142 3934 ministerio
3172 3877 3467 3950 episcopus
3484 3877 3833 3949 judicet,or~

2200 3974 2492 4032 dinatione
2539 3969 2592 4026 ei
2637 3972 2918 4044 imposita,
2953 3986 3067 4042 qua
3107 3971 3314 4043 dignus
3355 3987 3477 4026 esse
3524 3971 3828 4036 videbitur,

2198 4066 2576 4140 respondendi
2595 4065 2682 4138 (ut
2709 4065 2924 4120 dictum
2947 4064 3050 4136 est)
3079 4063 3306 4120 muneri
3336 4080 3469 4119 eum
3499 4081 3603 4136 pro
3624 4081 3827 4119 mona-

2197 4161 2366 4217 sterio
2384 4158 2698 4216 attribuito.
2717 4160 2800 4213 Ita
2815 4163 3025 4228 tamen,
3047 4161 3111 4212 ut
3135 4173 3322 4228 neque
3341 4157 3441 4228 qui
3461 4173 3532 4211 eo
3550 4157 3730 4213 modo
3752 4157 3826 4212 ad

2199 4273 2268 4310 ea
2285 4269 2412 4328 quae
2436 4269 2542 4326 pro
2565 4252 2904 4308 mulieribus
2915 4251 3314 4324 respondenda
3331 4255 3464 4306 sunt
3489 4251 3702 4306 electus
3721 4257 3824 4320 est,

2199 4350 2258 4406 in
2290 4346 2640 4404 monasterio
2655 4349 3031 4402 commoneat.

475 4442 578 4498 sed
597 4442 746 4496 intra
762 4440 1096 4512 prmdictum
1117 4443 1342 4512 tempus
1361 4437 1695 4496 monasterii
1721 4441 1929 4513 praesul
1953 4442 2096 4513 peri-
2118 4445 2180 4518 Ι)
2271 4443 2332 4500 Si
2353 4441 2478 4516 quis
2493 4441 2598 4497 sub
2619 4439 2944 4496 conditione
2962 4438 3292 4511 nuptiarum
3319 4441 3830 4511 autsusceptorum

474 4535 668 4591 culum
691 4533 877 4603 facito,
908 4533 956 4588 si
981 4533 1186 4606 pedem
1207 4533 1418 4589 referre
1437 4532 1589 4590 velit.
1610 4533 1726 4588 Etsi
1752 4533 1904 4590 intra
1928 4535 2101 4591 trien-

475 4629 640 4685 nium
658 4631 912 4698 emergat
935 4627 1142 4698 aliquis
1170 4627 1270 4699 qui
1293 4627 1448 4682 hunc
1473 4627 1558 4682 vel
1575 4643 1820 4698 servum,
1840 4629 1926 4684 vel
1954 4629 2104 4686 colo-

475 4739 638 4793 num,
665 4722 755 4777 vel
770 4719 1145 4792 ascriptitium
1175 4736 1345 4776 suum
1371 4737 1494 4776 esse
1523 4720 1688 4790 dicat,
1723 4722 1990 4794 quodque
2014 4723 2102 4780 vel

478 4814 904 4890 agricolationis
929 4813 1187 4869 laborem
1217 4813 1464 4885 fugiens,
1493 4814 1577 4870 vel
1607 4813 1821 4886 aliquid
1859 4816 2100 4887 furatus,

475 4910 564 4966 vel
581 4913 814 4982 propter
830 4907 1064 4981 aliquod
1091 4907 1360 4962 delictum
1381 4907 1440 4962 in
1460 4907 1868 4964 monasterium
1887 4909 1944 4964 in
1953 4925 2105 4981 gres-

479 5019 572 5059 sus
615 5003 706 5072 sit,
745 5006 803 5058 et
847 5002 970 5058 haec
1015 5001 1386 5072 comprobata
1431 5001 1664 5072 fuerint,
1709 5001 2021 5057 restituitor
2057 5002 2105 5057 is

483 5096 719 5152 domino
735 5111 836 5152 suo
855 5113 988 5152 cum
1003 5095 1172 5152 rebus
1187 5111 1328 5168 quas
1349 5095 1410 5150 in
1430 5095 1834 5151 monasterium
1848 5095 2105 5151 intulisse

479 5189 749 5264 probatus
776 5189 967 5260 fuerit,
992 5189 1128 5246 data
1151 5189 1310 5262 prius
1335 5194 1394 5245 et
1415 5191 1648 5261 accepta
1664 5187 1775 5244 ﬁde
1790 5189 1944 5260 quod
1958 5187 2105 5245 nihil

479 5303 512 5341 a
539 5283 774 5342 domino
806 5300 910 5338 suo
927 5283 1064 5338 mali
1089 5283 1462 5356 perpetietur.
1491 5282 1547 5340 Si
1567 5298 1735 5338 nemo
1756 5281 1904 5338 intra
1924 5281 2102 5340 trien-

478 5379 643 5437 nium
654 5381 850 5433 contra
866 5375 1114 5448 aliquam
1133 5376 1532 5448 praedictarum
1546 5391 1914 5448 personarum
1928 5376 2102 5432 actio-

479 5491 615 5532 nem
626 5477 684 5530 et
696 5470 1136 5528 controversiam
1149 5487 1203 5524 m
1211 5470 1362 5526 overi
1370 5473 1553 5539 t,mon
1559 5469 1750 5525 asterii
1762 5470 1970 5542 praesul
1981 5473 2107 5541 post

477 5567 712 5627 triennii
725 5567 1024 5621 decursum
1039 5567 1172 5648 tun’c
1191 5563 1273 5618 illi
1291 5562 1548 5618 habitum
1563 5563 1828 5634 praebew,
1851 5563 1898 5618 si
1910 5563 2104 5618 istius-

477 5661 634 5720 modi
643 5658 938 5716 hom'mem
948 5657 1003 5712 di
1009 5673 1187 5730 gnum
1191 5657 1214 5730 j
1223 5657 1668 5728 udicaverit,neq
1675 5673 1742 5713 ue
1753 5659 1946 5728 postea
1956 5657 2109 5730 quis-

481 5771 654 5840 quam
669 5753 716 5810 ei
730 5753 1023 5830 negotium
1037 5751 1108 5810 de
1122 5756 1267 5810 statu
1283 5769 1346 5811 ac
1362 5750 1690 5809 conditione
1703 5767 1808 5808 sua
1824 5750 2104 5830 facessite,

2200 4537 2472 4606 filiorum,
2504 4535 2592 4590 vel
2623 4533 2790 4604 dotis,
2821 4538 2922 4588 aut
2963 4532 3234 4606 nuptialis
3263 4531 3582 4588 donationis
3615 4533 3828 4605 gratia,

2200 4632 2288 4687 vel
2316 4629 2630 4696 donaverit,
2659 4627 2746 4683 vel
2765 4627 3057 4698 reliquerit
3074 4625 3207 4680 ﬁliis
3227 4626 3361 4696 suis,
3384 4626 3482 4680 aut
3504 4625 3832 4699 cuicunque

2201 4725 2295 4782 alii
2339 4738 2622 4797 personas,
2653 4721 2740 4776 vel
2779 4719 3190 4788 haereditatem,
3223 4719 3308 4774 vel
3349 4719 3626 4790 legatum,
3658 4727 3762 4774 aut
3789 4720 3836 4774 si

2203 4815 2362 4871 initio
2400 4827 2542 4884 pure
2585 4810 2722 4882 ipsis
2769 4807 3075 4880 relinquat,
3119 4811 3316 4880 postea
3342 4808 3445 4862 sub
3492 4823 3608 4862 una
3637 4807 3837 4880 aliqua

2203 4897 2652 4963 memoratarum
2669 4901 3066 4958 conditionum
3080 4899 3364 4956 substituti
3371 4916 3478 4956 one
3489 4905 3588 4955 aut
3598 4902 3834 4956 restitn-

2203 5000 2356 5056 tione
2375 5015 2474 5054 eos
2500 4999 2835 5070 praegravet,
2857 4995 3130 5066 jubemus
3145 4997 3213 5050 ut
3237 4993 3286 5048 si
3315 5009 3505 5048 mares
3531 4999 3634 5048 aut
3663 4995 3834 5050 femis

2202 5110 2293 5149 nae
2319 5091 2417 5166 qui
2443 5091 2646 5146 talibus
2674 5087 3096 5144 conditionibus
3121 5087 3352 5143 obnoxii
3381 5092 3513 5142 sunt
3540 5091 3832 5142 monaste-

2203 5187 2352 5242 rium
2383 5183 2801 5258 ingrediantur,
2824 5187 2922 5237 aut
2944 5180 3152 5248 clerici,
3179 5178 3600 5247 diaconissazve,
3626 5185 3732 5236 aut
3755 5198 3840 5236 as-

2202 5279 2390 5337 cetrise
2409 5280 2570 5348 fiant,
2597 5275 2918 5332 istiusmodi
2945 5275 3297 5330 conditiones
3325 5273 3610 5342 invalidae,
3635 5279 3696 5328 et
3725 5291 3835 5346 pro

2204 5392 2318 5431 non
2363 5366 2586 5444 scriptis
2632 5370 2764 5426 sint.
2821 5371 2935 5424 Hoc
2976 5371 3172 5424 autem
3213 5367 3424 5422 auxilio
3470 5371 3594 5422 tam
3645 5367 3843 5423 clerici

2203 5485 2376 5540 quam
2401 5463 2730 5522 diaconissae
2757 5461 3121 5518 ecclesiarum
3145 5459 3536 5533 perfruuntur,
3567 5460 3618 5515 si
3650 5477 3844 5532 usque

2203 5563 2276 5617 ad
2299 5561 2472 5616 tinem
2500 5557 2632 5616 vita
2655 5573 2774 5613 sum
2799 5555 2868 5611 iis
2897 5554 3182 5622 insistant,
3209 5557 3269 5609 et
3294 5569 3384 5608 res
3414 5570 3480 5608 ea
3504 5553 3846 5609 conditione

2207 5655 2446 5710 donatas
2469 5657 2570 5709 aut
2593 5650 2815 5707 relictas
2843 5647 2903 5704 in
2941 5648 3068 5720 pios
3110 5663 3245 5701 usus
3279 5645 3702 5717 insumpserim
3741 5651 3852 5702 aut

2206 5746 2560 5830 reliquerint.
2596 5745 2742 5804 Nam
2766 5743 2828 5802 in
2861 5740 3123 5822 personis
3159 5755 3288 5820 quis
3315 5739 3378 5798 in
3417 5738 3852 5801 monasterium
