  <div class='ocr_page' id='page_1' title='image "/cluster/home/n/w/nwhite01/storage/ocr_20150623/72/hvd.32044054758768/524.png"; bbox 0 0 4076 6186; ppageno 0'>
   <div class='ocr_carea' id='block_1_1' title="bbox 253 209 387 265">
    <p class='ocr_par' dir='ltr' id='par_1_1' title="bbox 253 209 387 265">
     <span class='ocr_line' id='line_1_1' title="bbox 253 209 387 265; baseline 0 -2"><span class='ocrx_word' id='word_1_1' title='bbox 253 209 387 265; x_wconf 83' lang='lat' dir='ltr'><strong>i037</strong></span> 
     </span>
    </p>
   </div>
   <div class='ocr_carea' id='block_1_2' title="bbox 1078 207 2786 272">
    <p class='ocr_par' dir='ltr' id='par_1_2' title="bbox 1078 207 2786 272">
     <span class='ocr_line' id='line_1_2' title="bbox 1078 207 2786 272; baseline 0.003 -8"><span class='ocrx_word' id='word_1_2' title='bbox 1078 207 1446 267; x_wconf 84' lang='lat' dir='ltr'><strong>JUSTINIANI</strong></span> <span class='ocrx_word' id='word_1_3' title='bbox 1481 209 1810 269; x_wconf 69' lang='lat' dir='ltr'><strong>NOVELLE</strong></span> <span class='ocrx_word' id='word_1_4' title='bbox 1845 207 2178 270; x_wconf 66' lang='lat' dir='ltr'><strong>SELECTE.</strong></span> <span class='ocrx_word' id='word_1_5' title='bbox 2218 210 2525 270; x_wconf 82' lang='lat' dir='ltr'><strong>NOVELLA</strong></span> <span class='ocrx_word' id='word_1_6' title='bbox 2561 209 2786 272; x_wconf 83' lang='lat' dir='ltr'><strong>CXX-III.</strong></span> 
     </span>
    </p>
   </div>
   <div class='ocr_carea' id='block_1_3' title="bbox 3473 215 3608 273">
    <p class='ocr_par' dir='ltr' id='par_1_3' title="bbox 3473 215 3608 273">
     <span class='ocr_line' id='line_1_3' title="bbox 3473 215 3608 273; baseline 0.007 -1"><span class='ocrx_word' id='word_1_7' title='bbox 3473 215 3608 273; x_wconf 81' lang='lat' dir='ltr'><strong>i038</strong></span> 
     </span>
    </p>
   </div>
   <div class='ocr_carea' id='block_1_4' title="bbox 245 313 3608 408">
    <p class='ocr_par' dir='ltr' id='par_1_4' title="bbox 245 313 3608 408">
     <span class='ocr_line' id='line_1_4' title="bbox 245 313 3608 408; baseline 0.004 -40"><span class='ocrx_word' id='word_1_8' title='bbox 245 318 346 369; x_wconf 90' lang='lat' dir='ltr'><strong>aut</strong></span> <span class='ocrx_word' id='word_1_9' title='bbox 369 313 713 370; x_wconf 89' lang='lat' dir='ltr'><strong>asceterium</strong></span> <span class='ocrx_word' id='word_1_10' title='bbox 741 315 1164 388; x_wconf 88' lang='lat' dir='ltr'><strong>ingrediuntur,</strong></span> <span class='ocrx_word' id='word_1_11' title='bbox 1205 320 1265 374; x_wconf 91' lang='lat' dir='ltr'><strong>et</strong></span> <span class='ocrx_word' id='word_1_12' title='bbox 1305 319 1634 390; x_wconf 90' lang='lat' dir='ltr'><strong>hujusmodi</strong></span> <span class='ocrx_word' id='word_1_13' title='bbox 1663 323 1880 376; x_wconf 88' lang='lat' dir='ltr'><strong>castam</strong></span> <span class='ocrx_word' id='word_1_14' title='bbox 1897 321 2200 408; x_wconf 72' lang='lat' dir='ltr'><strong>Aliberos,</strong></span> <span class='ocrx_word' id='word_1_15' title='bbox 2232 327 2331 378; x_wconf 91' lang='lat' dir='ltr'><strong>aut</strong></span> <span class='ocrx_word' id='word_1_16' title='bbox 2356 323 2550 379; x_wconf 89' lang='lat' dir='ltr'><strong>liberis</strong></span> <span class='ocrx_word' id='word_1_17' title='bbox 2577 327 2642 378; x_wconf 91' lang='lat' dir='ltr'><strong>ut</strong></span> <span class='ocrx_word' id='word_1_18' title='bbox 2667 325 2930 394; x_wconf 88' lang='lat' dir='ltr'><strong>parentes</strong></span> <span class='ocrx_word' id='word_1_19' title='bbox 2971 319 3070 394; x_wconf 92' lang='lat' dir='ltr'><strong>qui</strong></span> <span class='ocrx_word' id='word_1_20' title='bbox 3107 319 3442 378; x_wconf 63' lang='lat' dir='ltr'><strong>saecularem</strong></span> <span class='ocrx_word' id='word_1_21' title='bbox 3473 340 3608 380; x_wconf 90' lang='lat' dir='ltr'><strong>con-</strong></span> 
     </span>
    </p>
   </div>
   <div class='ocr_carea' id='block_1_5' title="bbox 245 408 1880 486">
    <p class='ocr_par' dir='ltr' id='par_1_5' title="bbox 245 408 1880 486">
     <span class='ocr_line' id='line_1_5' title="bbox 245 408 1880 486; baseline 0.005 -24"><span class='ocrx_word' id='word_1_22' title='bbox 245 408 736 464; x_wconf 87' lang='lat' dir='ltr'><strong>conversationem</strong></span> <span class='ocrx_word' id='word_1_23' title='bbox 767 409 1124 481; x_wconf 89' lang='lat' dir='ltr'><strong>relinquunt,</strong></span> <span class='ocrx_word' id='word_1_24' title='bbox 1150 411 1421 482; x_wconf 90' lang='lat' dir='ltr'><strong>jubemus</strong></span> <span class='ocrx_word' id='word_1_25' title='bbox 1451 415 1513 466; x_wconf 92' lang='lat' dir='ltr'><strong>ut</strong></span> <span class='ocrx_word' id='word_1_26' title='bbox 1540 429 1632 468; x_wconf 89' lang='lat' dir='ltr'><strong>res</strong></span> <span class='ocrx_word' id='word_1_27' title='bbox 1661 431 1788 486; x_wconf 70' lang='lat' dir='ltr'><strong>quae</strong></span> <span class='ocrx_word' id='word_1_28' title='bbox 1813 431 1880 470; x_wconf 89' lang='lat' dir='ltr'><strong>ea</strong></span> 
     </span>
    </p>
   </div>
   <div class='ocr_carea' id='block_1_6' title="bbox 244 505 1878 578">
    <p class='ocr_par' dir='ltr' id='par_1_6' title="bbox 244 505 1878 578">
     <span class='ocr_line' id='line_1_6' title="bbox 244 505 1878 578; baseline 0.005 -19"><span class='ocrx_word' id='word_1_29' title='bbox 244 505 571 561; x_wconf 88' lang='lat' dir='ltr'><strong>conditione</strong></span> <span class='ocrx_word' id='word_1_30' title='bbox 591 506 817 562; x_wconf 67' lang='lat' dir='ltr'><strong>donata:</strong></span> <span class='ocrx_word' id='word_1_31' title='bbox 845 511 944 562; x_wconf 89' lang='lat' dir='ltr'><strong>aut</strong></span> <span class='ocrx_word' id='word_1_32' title='bbox 965 509 1178 565; x_wconf 57' lang='lat' dir='ltr'><strong>relictae</strong></span> <span class='ocrx_word' id='word_1_33' title='bbox 1201 515 1352 578; x_wconf 88' lang='lat' dir='ltr'><strong>sunt,</strong></span> <span class='ocrx_word' id='word_1_34' title='bbox 1385 527 1516 566; x_wconf 91' lang='lat' dir='ltr'><strong>cum</strong></span> <span class='ocrx_word' id='word_1_35' title='bbox 1540 511 1653 566; x_wconf 89' lang='lat' dir='ltr'><strong>alia</strong></span> <span class='ocrx_word' id='word_1_36' title='bbox 1679 527 1878 568; x_wconf 91' lang='lat' dir='ltr'><strong>eorum</strong></span> 
     </span>
    </p>
   </div>
   <div class='ocr_carea' id='block_1_7' title="bbox 245 603 1878 683">
    <p class='ocr_par' dir='ltr' id='par_1_7' title="bbox 245 603 1878 683">
     <span class='ocr_line' id='line_1_7' title="bbox 245 603 1878 683; baseline 0.006 -26"><span class='ocrx_word' id='word_1_37' title='bbox 245 603 567 660; x_wconf 81' lang='lat' dir='ltr'><strong>substantia</strong></span> <span class='ocrx_word' id='word_1_38' title='bbox 594 604 667 659; x_wconf 87' lang='lat' dir='ltr'><strong>ad</strong></span> <span class='ocrx_word' id='word_1_39' title='bbox 697 605 1106 662; x_wconf 79' lang='lat' dir='ltr'><strong>monasterium</strong></span> <span class='ocrx_word' id='word_1_40' title='bbox 1139 611 1240 662; x_wconf 87' lang='lat' dir='ltr'><strong>aut</strong></span> <span class='ocrx_word' id='word_1_41' title='bbox 1272 609 1614 664; x_wconf 90' lang='lat' dir='ltr'><strong>asceterium</strong></span> <span class='ocrx_word' id='word_1_42' title='bbox 1633 653 1647 680; x_wconf 95' lang='lat'><strong>,</strong></span> <span class='ocrx_word' id='word_1_43' title='bbox 1681 609 1738 664; x_wconf 92' lang='lat' dir='ltr'><strong>in</strong></span> <span class='ocrx_word' id='word_1_44' title='bbox 1765 627 1878 683; x_wconf 92' lang='lat' dir='ltr'><strong>quo</strong></span> 
     </span>
    </p>
   </div>
   <div class='ocr_carea' id='block_1_8' title="bbox 244 694 1876 772">
    <p class='ocr_par' dir='ltr' id='par_1_8' title="bbox 244 694 1876 772">
     <span class='ocr_line' id='line_1_8' title="bbox 244 694 1876 772; baseline 0.006 -23"><span class='ocrx_word' id='word_1_45' title='bbox 244 694 408 750; x_wconf 89' lang='lat' dir='ltr'><strong>initio</strong></span> <span class='ocrx_word' id='word_1_46' title='bbox 437 700 627 764; x_wconf 89' lang='lat' dir='ltr'><strong>erant,</strong></span> <span class='ocrx_word' id='word_1_47' title='bbox 660 713 792 752; x_wconf 91' lang='lat' dir='ltr'><strong>cum</strong></span> <span class='ocrx_word' id='word_1_48' title='bbox 822 697 1285 770; x_wconf 79' lang='lat' dir='ltr'><strong>ingrederentur,</strong></span> <span class='ocrx_word' id='word_1_49' title='bbox 1324 701 1667 772; x_wconf 83' lang='lat' dir='ltr'><strong>pertineant.</strong></span> <span class='ocrx_word' id='word_1_50' title='bbox 1701 703 1758 759; x_wconf 92' lang='lat' dir='ltr'><strong>Si</strong></span> <span class='ocrx_word' id='word_1_51' title='bbox 1788 707 1876 760; x_wconf 86' lang='lat' dir='ltr'><strong>ta-</strong></span> 
     </span>
    </p>
   </div>
   <div class='ocr_carea' id='block_1_9' title="bbox 243 789 1876 864">
    <p class='ocr_par' dir='ltr' id='par_1_9' title="bbox 243 789 1876 864">
     <span class='ocr_line' id='line_1_9' title="bbox 243 789 1876 864; baseline 0.006 -21"><span class='ocrx_word' id='word_1_52' title='bbox 243 803 380 844; x_wconf 86' lang='lat' dir='ltr'><strong>men</strong></span> <span class='ocrx_word' id='word_1_53' title='bbox 399 789 470 844; x_wconf 91' lang='lat' dir='ltr'><strong>ad</strong></span> <span class='ocrx_word' id='word_1_54' title='bbox 489 789 946 862; x_wconf 84' lang='lat' dir='ltr'><strong>redemptionem</strong></span> <span class='ocrx_word' id='word_1_55' title='bbox 967 793 1338 864; x_wconf 88' lang='lat' dir='ltr'><strong>captivorum,</strong></span> <span class='ocrx_word' id='word_1_56' title='bbox 1355 797 1453 849; x_wconf 90' lang='lat' dir='ltr'><strong>aut</strong></span> <span class='ocrx_word' id='word_1_57' title='bbox 1469 795 1876 853; x_wconf 85' lang='lat' dir='ltr'><strong>exhibitionem</strong></span> 
     </span>
    </p>
   </div>
   <div class='ocr_carea' id='block_1_10' title="bbox 244 881 1880 954">
    <p class='ocr_par' dir='ltr' id='par_1_10' title="bbox 244 881 1880 954">
     <span class='ocr_line' id='line_1_10' title="bbox 244 881 1880 954; baseline 0.007 -19"><span class='ocrx_word' id='word_1_58' title='bbox 244 897 562 953; x_wconf 80' lang='lat' dir='ltr'><strong>pauperum</strong></span> <span class='ocrx_word' id='word_1_59' title='bbox 608 881 900 954; x_wconf 64' lang='lat' dir='ltr'><strong>praedictis</strong></span> <span class='ocrx_word' id='word_1_60' title='bbox 939 885 1360 942; x_wconf 91' lang='lat' dir='ltr'><strong>conditionibus</strong></span> <span class='ocrx_word' id='word_1_61' title='bbox 1415 888 1735 946; x_wconf 85' lang='lat' dir='ltr'><strong>substitutio</strong></span> <span class='ocrx_word' id='word_1_62' title='bbox 1783 896 1880 946; x_wconf 91' lang='lat' dir='ltr'><strong>aut</strong></span> 
     </span>
    </p>
   </div>
   <div class='ocr_carea' id='block_1_11' title="bbox 243 975 1879 1052">
    <p class='ocr_par' dir='ltr' id='par_1_11' title="bbox 243 975 1879 1052">
     <span class='ocr_line' id='line_1_11' title="bbox 243 975 1879 1052; baseline 0.007 -24"><span class='ocrx_word' id='word_1_63' title='bbox 243 975 528 1030; x_wconf 79' lang='lat' dir='ltr'><strong>restitutio</strong></span> <span class='ocrx_word' id='word_1_64' title='bbox 568 976 684 1044; x_wconf 90' lang='lat' dir='ltr'><strong>ﬁat,</strong></span> <span class='ocrx_word' id='word_1_65' title='bbox 732 977 890 1033; x_wconf 89' lang='lat' dir='ltr'><strong>nullo</strong></span> <span class='ocrx_word' id='word_1_66' title='bbox 933 979 1342 1052; x_wconf 69' lang='lat' dir='ltr'><strong>praadictorum</strong></span> <span class='ocrx_word' id='word_1_67' title='bbox 1384 982 1690 1038; x_wconf 89' lang='lat' dir='ltr'><strong>modorum</strong></span> <span class='ocrx_word' id='word_1_68' title='bbox 1732 984 1879 1040; x_wconf 89' lang='lat' dir='ltr'><strong>hanc</strong></span> 
     </span>
    </p>
   </div>
   <div class='ocr_carea' id='block_1_12' title="bbox 244 1068 885 1126">
    <p class='ocr_par' dir='ltr' id='par_1_12' title="bbox 244 1068 885 1126">
     <span class='ocr_line' id='line_1_12' title="bbox 244 1068 885 1126; baseline 0.008 -5"><span class='ocrx_word' id='word_1_69' title='bbox 244 1068 470 1123; x_wconf 84' lang='lat' dir='ltr'><strong>excludi</strong></span> <span class='ocrx_word' id='word_1_70' title='bbox 497 1069 885 1126; x_wconf 86' lang='lat' dir='ltr'><strong>concedimus.</strong></span> 
     </span>
    </p>
   </div>
   <div class='ocr_carea' id='block_1_13' title="bbox 315 1161 1881 1241">
    <p class='ocr_par' dir='ltr' id='par_1_13' title="bbox 315 1161 1881 1241">
     <span class='ocr_line' id='line_1_13' title="bbox 315 1161 1881 1241; baseline 0.007 -26"><span class='ocrx_word' id='word_1_71' title='bbox 315 1161 370 1216; x_wconf 89' lang='lat' dir='ltr'><strong>Si</strong></span> <span class='ocrx_word' id='word_1_72' title='bbox 420 1163 627 1218; x_wconf 84' lang='lat' dir='ltr'><strong>mulier</strong></span> <span class='ocrx_word' id='word_1_73' title='bbox 659 1167 760 1218; x_wconf 90' lang='lat' dir='ltr'><strong>aut</strong></span> <span class='ocrx_word' id='word_1_74' title='bbox 784 1165 868 1219; x_wconf 88' lang='lat' dir='ltr'><strong>vir</strong></span> <span class='ocrx_word' id='word_1_75' title='bbox 906 1167 1282 1222; x_wconf 81' lang='lat' dir='ltr'><strong>monasticam</strong></span> <span class='ocrx_word' id='word_1_76' title='bbox 1312 1169 1487 1223; x_wconf 90' lang='lat' dir='ltr'><strong>vitam</strong></span> <span class='ocrx_word' id='word_1_77' title='bbox 1536 1169 1794 1241; x_wconf 85' lang='lat' dir='ltr'><strong>elegerit,</strong></span> <span class='ocrx_word' id='word_1_78' title='bbox 1825 1176 1881 1227; x_wconf 89' lang='lat' dir='ltr'><strong>et</strong></span> 
     </span>
    </p>
   </div>
   <div class='ocr_carea' id='block_1_14' title="bbox 244 1255 1876 1336">
    <p class='ocr_par' dir='ltr' id='par_1_14' title="bbox 244 1255 1876 1336">
     <span class='ocr_line' id='line_1_14' title="bbox 244 1255 1876 1336; baseline 0.007 -28"><span class='ocrx_word' id='word_1_79' title='bbox 244 1255 664 1311; x_wconf 86' lang='lat' dir='ltr'><strong>monasterium</strong></span> <span class='ocrx_word' id='word_1_80' title='bbox 711 1257 1084 1336; x_wconf 66' lang='lat' dir='ltr'><strong>ingrediatur,</strong></span> <span class='ocrx_word' id='word_1_81' title='bbox 1139 1261 1270 1314; x_wconf 91' lang='lat' dir='ltr'><strong>ﬁliis</strong></span> <span class='ocrx_word' id='word_1_82' title='bbox 1319 1278 1436 1318; x_wconf 92' lang='lat' dir='ltr'><strong>non</strong></span> <span class='ocrx_word' id='word_1_83' title='bbox 1483 1263 1876 1336; x_wconf 80' lang='lat' dir='ltr'><strong>existentibus,</strong></span> 
     </span>
    </p>
   </div>
   <div class='ocr_carea' id='block_1_15' title="bbox 241 1333 1877 1429">
    <p class='ocr_par' dir='ltr' id='par_1_15' title="bbox 241 1333 1877 1429">
     <span class='ocr_line' id='line_1_15' title="bbox 241 1333 1877 1429; baseline 0.007 -27"><span class='ocrx_word' id='word_1_84' title='bbox 241 1347 400 1403; x_wconf 90' lang='lat' dir='ltr'><strong>bona</strong></span> <span class='ocrx_word' id='word_1_85' title='bbox 419 1348 541 1419; x_wconf 87' lang='lat' dir='ltr'><strong>ejus</strong></span> <span class='ocrx_word' id='word_1_86' title='bbox 557 1350 627 1404; x_wconf 90' lang='lat' dir='ltr'><strong>ad</strong></span> <span class='ocrx_word' id='word_1_87' title='bbox 649 1333 1081 1422; x_wconf 76' lang='lat' dir='ltr'><strong>monasterium,</strong></span> <span class='ocrx_word' id='word_1_88' title='bbox 1112 1355 1265 1424; x_wconf 87' lang='lat' dir='ltr'><strong>quod</strong></span> <span class='ocrx_word' id='word_1_89' title='bbox 1297 1355 1590 1427; x_wconf 89' lang='lat' dir='ltr'><strong>ingressus</strong></span> <span class='ocrx_word' id='word_1_90' title='bbox 1617 1362 1722 1424; x_wconf 91' lang='lat' dir='ltr'><strong>est,</strong></span> <span class='ocrx_word' id='word_1_91' title='bbox 1745 1374 1877 1429; x_wconf 84' lang='lat' dir='ltr'><strong>per-</strong></span> 
     </span>
    </p>
   </div>
   <div class='ocr_carea' id='block_1_16' title="bbox 241 1440 1876 1520">
    <p class='ocr_par' dir='ltr' id='par_1_16' title="bbox 241 1440 1876 1520">
     <span class='ocr_line' id='line_1_16' title="bbox 241 1440 1876 1520; baseline 0.006 -25"><span class='ocrx_word' id='word_1_92' title='bbox 241 1440 428 1496; x_wconf 90' lang='lat' dir='ltr'><strong>tinere</strong></span> <span class='ocrx_word' id='word_1_93' title='bbox 444 1442 738 1514; x_wconf 88' lang='lat' dir='ltr'><strong>jubemus.</strong></span> <span class='ocrx_word' id='word_1_94' title='bbox 774 1444 829 1500; x_wconf 89' lang='lat' dir='ltr'><strong>Si</strong></span> <span class='ocrx_word' id='word_1_95' title='bbox 859 1445 1190 1516; x_wconf 88' lang='lat' dir='ltr'><strong>hujusmodi</strong></span> <span class='ocrx_word' id='word_1_96' title='bbox 1221 1464 1467 1520; x_wconf 85' lang='lat' dir='ltr'><strong>persona</strong></span> <span class='ocrx_word' id='word_1_97' title='bbox 1487 1449 1630 1504; x_wconf 88' lang='lat' dir='ltr'><strong>ﬁlios</strong></span> <span class='ocrx_word' id='word_1_98' title='bbox 1650 1450 1876 1520; x_wconf 88' lang='lat' dir='ltr'><strong>habeat,</strong></span> 
     </span>
    </p>
   </div>
   <div class='ocr_carea' id='block_1_17' title="bbox 239 1536 1880 1611">
    <p class='ocr_par' dir='ltr' id='par_1_17' title="bbox 239 1536 1880 1611">
     <span class='ocr_line' id='line_1_17' title="bbox 239 1536 1880 1611; baseline 0.005 -23"><span class='ocrx_word' id='word_1_99' title='bbox 239 1549 429 1605; x_wconf 86' lang='lat' dir='ltr'><strong>neque</strong></span> <span class='ocrx_word' id='word_1_100' title='bbox 458 1536 617 1606; x_wconf 89' lang='lat' dir='ltr'><strong>prius</strong></span> <span class='ocrx_word' id='word_1_101' title='bbox 645 1553 816 1608; x_wconf 85' lang='lat' dir='ltr'><strong>quam</strong></span> <span class='ocrx_word' id='word_1_102' title='bbox 839 1540 1252 1594; x_wconf 85' lang='lat' dir='ltr'><strong>monasterium</strong></span> <span class='ocrx_word' id='word_1_103' title='bbox 1276 1541 1636 1611; x_wconf 88' lang='lat' dir='ltr'><strong>ingrediatur</strong></span> <span class='ocrx_word' id='word_1_104' title='bbox 1661 1544 1730 1598; x_wconf 92' lang='lat' dir='ltr'><strong>de</strong></span> <span class='ocrx_word' id='word_1_105' title='bbox 1752 1543 1880 1597; x_wconf 90' lang='lat' dir='ltr'><strong>ﬁliis</strong></span> 
     </span>
    </p>
   </div>
   <div class='ocr_carea' id='block_1_18' title="bbox 243 1625 1877 1708">
    <p class='ocr_par' dir='ltr' id='par_1_18' title="bbox 243 1625 1877 1708">
     <span class='ocr_line' id='line_1_18' title="bbox 243 1625 1877 1708; baseline 0.006 -28"><span class='ocrx_word' id='word_1_106' title='bbox 243 1625 360 1680; x_wconf 85' lang='lat' dir='ltr'><strong>suis</strong></span> <span class='ocrx_word' id='word_1_107' title='bbox 389 1629 740 1684; x_wconf 87' lang='lat' dir='ltr'><strong>voluntatem</strong></span> <span class='ocrx_word' id='word_1_108' title='bbox 783 1647 942 1685; x_wconf 87' lang='lat' dir='ltr'><strong>suam</strong></span> <span class='ocrx_word' id='word_1_109' title='bbox 970 1632 1272 1703; x_wconf 85' lang='lat' dir='ltr'><strong>exprimat,</strong></span> <span class='ocrx_word' id='word_1_110' title='bbox 1307 1638 1366 1688; x_wconf 92' lang='lat' dir='ltr'><strong>et</strong></span> <span class='ocrx_word' id='word_1_111' title='bbox 1395 1635 1715 1706; x_wconf 83' lang='lat' dir='ltr'><strong>legitimam</strong></span> <span class='ocrx_word' id='word_1_112' title='bbox 1744 1653 1877 1708; x_wconf 89' lang='lat' dir='ltr'><strong>por-</strong></span> 
     </span>
    </p>
   </div>
   <div class='ocr_carea' id='block_1_19' title="bbox 1975 415 3612 489">
    <p class='ocr_par' dir='ltr' id='par_1_19' title="bbox 1975 415 3612 489">
     <span class='ocr_line' id='line_1_19' title="bbox 1975 415 3612 489; baseline 0 -17"><span class='ocrx_word' id='word_1_113' title='bbox 1975 416 2352 472; x_wconf 84' lang='lat' dir='ltr'><strong>versationem</strong></span> <span class='ocrx_word' id='word_1_114' title='bbox 2362 417 3000 489; x_wconf 90' lang='lat' dir='ltr'><strong>relinquunt,tanquam</strong></span> <span class='ocrx_word' id='word_1_115' title='bbox 3013 416 3071 470; x_wconf 91' lang='lat' dir='ltr'><strong>in</strong></span> <span class='ocrx_word' id='word_1_116' title='bbox 3079 420 3266 488; x_wconf 87' lang='lat' dir='ltr'><strong>gratos</strong></span> <span class='ocrx_word' id='word_1_117' title='bbox 3278 415 3612 472; x_wconf 68' lang='lat' dir='ltr'><strong>haereditate</strong></span> 
     </span>
    </p>
   </div>
   <div class='ocr_carea' id='block_1_20' title="bbox 1976 509 3614 582">
    <p class='ocr_par' dir='ltr' id='par_1_20' title="bbox 1976 509 3614 582">
     <span class='ocr_line' id='line_1_20' title="bbox 1976 509 3614 582; baseline 0 -18"><span class='ocrx_word' id='word_1_118' title='bbox 1976 526 2082 565; x_wconf 89' lang='lat' dir='ltr'><strong>sua</strong></span> <span class='ocrx_word' id='word_1_119' title='bbox 2109 509 2418 565; x_wconf 82' lang='lat' dir='ltr'><strong>excludant</strong></span> <span class='ocrx_word' id='word_1_120' title='bbox 2443 522 2548 582; x_wconf 89' lang='lat' dir='ltr'><strong>per</strong></span> <span class='ocrx_word' id='word_1_121' title='bbox 2561 526 2790 565; x_wconf 87' lang='lat' dir='ltr'><strong>causam</strong></span> <span class='ocrx_word' id='word_1_122' title='bbox 2811 509 3062 582; x_wconf 82' lang='lat' dir='ltr'><strong>aliquam</strong></span> <span class='ocrx_word' id='word_1_123' title='bbox 3087 525 3217 582; x_wconf 60' lang='lat' dir='ltr'><strong>qua</strong></span> <span class='ocrx_word' id='word_1_124' title='bbox 3244 509 3614 564; x_wconf 88' lang='lat' dir='ltr'><strong>monasticam</strong></span> 
     </span>
    </p>
   </div>
   <div class='ocr_carea' id='block_1_21' title="bbox 1976 603 3614 676">
    <p class='ocr_par' dir='ltr' id='par_1_21' title="bbox 1976 603 3614 676">
     <span class='ocr_line' id='line_1_21' title="bbox 1976 603 3614 676; baseline 0 -18"><span class='ocrx_word' id='word_1_125' title='bbox 1976 603 2152 658; x_wconf 84' lang='lat' dir='ltr'><strong>vitam</strong></span> <span class='ocrx_word' id='word_1_126' title='bbox 2181 603 2551 676; x_wconf 68' lang='lat' dir='ltr'><strong>praecesserit.</strong></span> <span class='ocrx_word' id='word_1_127' title='bbox 2585 603 2983 659; x_wconf 88' lang='lat' dir='ltr'><strong>Interdicimus</strong></span> <span class='ocrx_word' id='word_1_128' title='bbox 3010 603 3149 659; x_wconf 89' lang='lat' dir='ltr'><strong>item</strong></span> <span class='ocrx_word' id='word_1_129' title='bbox 3181 603 3512 675; x_wconf 87' lang='lat' dir='ltr'><strong>parentibus</strong></span> <span class='ocrx_word' id='word_1_130' title='bbox 3539 619 3614 658; x_wconf 91' lang='lat' dir='ltr'><strong>ne</strong></span> 
     </span>
    </p>
   </div>
   <div class='ocr_carea' id='block_1_22' title="bbox 1976 696 3612 770">
    <p class='ocr_par' dir='ltr' id='par_1_22' title="bbox 1976 696 3612 770">
     <span class='ocr_line' id='line_1_22' title="bbox 1976 696 3612 770; baseline 0.001 -19"><span class='ocrx_word' id='word_1_131' title='bbox 1976 697 2122 752; x_wconf 88' lang='lat' dir='ltr'><strong>ﬁlios</strong></span> <span class='ocrx_word' id='word_1_132' title='bbox 2147 715 2295 768; x_wconf 91' lang='lat' dir='ltr'><strong>suos,</strong></span> <span class='ocrx_word' id='word_1_133' title='bbox 2325 697 2494 752; x_wconf 90' lang='lat' dir='ltr'><strong>simul</strong></span> <span class='ocrx_word' id='word_1_134' title='bbox 2523 701 2692 770; x_wconf 85' lang='lat' dir='ltr'><strong>atque</strong></span> <span class='ocrx_word' id='word_1_135' title='bbox 2719 698 3086 753; x_wconf 86' lang='lat' dir='ltr'><strong>monasticam</strong></span> <span class='ocrx_word' id='word_1_136' title='bbox 3111 697 3286 752; x_wconf 86' lang='lat' dir='ltr'><strong>vitam</strong></span> <span class='ocrx_word' id='word_1_137' title='bbox 3313 696 3612 769; x_wconf 88' lang='lat' dir='ltr'><strong>elegerint,</strong></span> 
     </span>
    </p>
   </div>
   <div class='ocr_carea' id='block_1_23' title="bbox 1977 791 3196 848">
    <p class='ocr_par' dir='ltr' id='par_1_23' title="bbox 1977 791 3196 848">
     <span class='ocr_line' id='line_1_23' title="bbox 1977 791 3196 848; baseline 0 -2"><span class='ocrx_word' id='word_1_138' title='bbox 1977 807 2008 846; x_wconf 93' lang='lat' dir='ltr'><strong>c</strong></span> <span class='ocrx_word' id='word_1_139' title='bbox 2033 791 2446 846; x_wconf 85' lang='lat' dir='ltr'><strong>venerabilibus</strong></span> <span class='ocrx_word' id='word_1_140' title='bbox 2465 791 2822 848; x_wconf 84' lang='lat' dir='ltr'><strong>monasteriis</strong></span> <span class='ocrx_word' id='word_1_141' title='bbox 2849 791 3196 846; x_wconf 89' lang='lat' dir='ltr'><strong>abstrahant.</strong></span> 
     </span>
    </p>
   </div>
   <div class='ocr_carea' id='block_1_24' title="bbox 2049 883 3614 956">
    <p class='ocr_par' dir='ltr' id='par_1_24' title="bbox 2049 883 3614 956">
     <span class='ocr_line' id='line_1_24' title="bbox 2049 883 3614 956; baseline -0.001 -17"><span class='ocrx_word' id='word_1_142' title='bbox 2049 884 2110 939; x_wconf 94' lang='lat' dir='ltr'><strong>Si</strong></span> <span class='ocrx_word' id='word_1_143' title='bbox 2122 885 2432 941; x_wconf 88' lang='lat' dir='ltr'><strong>monachus</strong></span> <span class='ocrx_word' id='word_1_144' title='bbox 2444 885 2857 940; x_wconf 78' lang='lat' dir='ltr'><strong>monasterium</strong></span> <span class='ocrx_word' id='word_1_145' title='bbox 2873 901 3043 940; x_wconf 88' lang='lat' dir='ltr'><strong>suum</strong></span> <span class='ocrx_word' id='word_1_146' title='bbox 3065 883 3377 956; x_wconf 84' lang='lat' dir='ltr'><strong>reliquerit,</strong></span> <span class='ocrx_word' id='word_1_147' title='bbox 3391 886 3447 939; x_wconf 93' lang='lat' dir='ltr'><strong>et</strong></span> <span class='ocrx_word' id='word_1_148' title='bbox 3459 883 3614 939; x_wconf 90' lang='lat' dir='ltr'><strong>aliud</strong></span> 
     </span>
    </p>
   </div>
   <div class='ocr_carea' id='block_1_25' title="bbox 1977 977 3612 1050">
    <p class='ocr_par' dir='ltr' id='par_1_25' title="bbox 1977 977 3612 1050">
     <span class='ocr_line' id='line_1_25' title="bbox 1977 977 3612 1050; baseline 0 -18"><span class='ocrx_word' id='word_1_149' title='bbox 1977 977 2264 1049; x_wconf 88' lang='lat' dir='ltr'><strong>ingressus</strong></span> <span class='ocrx_word' id='word_1_150' title='bbox 2291 978 2484 1049; x_wconf 90' lang='lat' dir='ltr'><strong>fuerit,</strong></span> <span class='ocrx_word' id='word_1_151' title='bbox 2511 984 2611 1034; x_wconf 88' lang='lat' dir='ltr'><strong>aut</strong></span> <span class='ocrx_word' id='word_1_152' title='bbox 2634 995 2725 1034; x_wconf 87' lang='lat' dir='ltr'><strong>res</strong></span> <span class='ocrx_word' id='word_1_153' title='bbox 2748 977 2967 1050; x_wconf 89' lang='lat' dir='ltr'><strong>aliquas</strong></span> <span class='ocrx_word' id='word_1_154' title='bbox 2993 995 3096 1050; x_wconf 91' lang='lat' dir='ltr'><strong>per</strong></span> <span class='ocrx_word' id='word_1_155' title='bbox 3121 978 3178 1033; x_wconf 93' lang='lat' dir='ltr'><strong>id</strong></span> <span class='ocrx_word' id='word_1_156' title='bbox 3205 977 3612 1050; x_wconf 91' lang='lat' dir='ltr'><strong>tempus,dum</strong></span> 
     </span>
    </p>
   </div>
   <div class='ocr_carea' id='block_1_26' title="bbox 1977 1071 3606 1144">
    <p class='ocr_par' dir='ltr' id='par_1_26' title="bbox 1977 1071 3606 1144">
     <span class='ocr_line' id='line_1_26' title="bbox 1977 1071 3606 1144; baseline 0 -18"><span class='ocrx_word' id='word_1_157' title='bbox 1977 1071 2385 1126; x_wconf 89' lang='lat' dir='ltr'><strong>monasterium</strong></span> <span class='ocrx_word' id='word_1_158' title='bbox 2415 1072 2676 1144; x_wconf 85' lang='lat' dir='ltr'><strong>reliquit,</strong></span> <span class='ocrx_word' id='word_1_159' title='bbox 2718 1072 2926 1126; x_wconf 87' lang='lat' dir='ltr'><strong>habere</strong></span> <span class='ocrx_word' id='word_1_160' title='bbox 2953 1072 3229 1142; x_wconf 86' lang='lat' dir='ltr'><strong>videatur,</strong></span> <span class='ocrx_word' id='word_1_161' title='bbox 3259 1071 3328 1126; x_wconf 91' lang='lat' dir='ltr'><strong>ad</strong></span> <span class='ocrx_word' id='word_1_162' title='bbox 3356 1071 3606 1142; x_wconf 90' lang='lat' dir='ltr'><strong>primum</strong></span> 
     </span>
    </p>
   </div>
   <div class='ocr_carea' id='block_1_27' title="bbox 1977 1165 3606 1236">
    <p class='ocr_par' dir='ltr' id='par_1_27' title="bbox 1977 1165 3606 1236">
     <span class='ocr_line' id='line_1_27' title="bbox 1977 1165 3606 1236; baseline 0 -18"><span class='ocrx_word' id='word_1_163' title='bbox 1977 1165 2404 1232; x_wconf 86' lang='lat' dir='ltr'><strong>monasterium,</strong></span> <span class='ocrx_word' id='word_1_164' title='bbox 2436 1165 2494 1219; x_wconf 88' lang='lat' dir='ltr'><strong>in</strong></span> <span class='ocrx_word' id='word_1_165' title='bbox 2525 1165 2679 1236; x_wconf 89' lang='lat' dir='ltr'><strong>quod</strong></span> <span class='ocrx_word' id='word_1_166' title='bbox 2708 1165 2870 1219; x_wconf 80' lang='lat' dir='ltr'><strong>initio</strong></span> <span class='ocrx_word' id='word_1_167' title='bbox 2900 1165 3188 1236; x_wconf 85' lang='lat' dir='ltr'><strong>ingressus</strong></span> <span class='ocrx_word' id='word_1_168' title='bbox 3217 1165 3344 1234; x_wconf 90' lang='lat' dir='ltr'><strong>fuit,</strong></span> <span class='ocrx_word' id='word_1_169' title='bbox 3365 1165 3464 1218; x_wconf 88' lang='lat' dir='ltr'><strong>has</strong></span> <span class='ocrx_word' id='word_1_170' title='bbox 3479 1181 3606 1236; x_wconf 91' lang='lat' dir='ltr'><strong>per-</strong></span> 
     </span>
    </p>
   </div>
   <div class='ocr_carea' id='block_1_28' title="bbox 1977 1257 3610 1330">
    <p class='ocr_par' dir='ltr' id='par_1_28' title="bbox 1977 1257 3610 1330">
     <span class='ocr_line' id='line_1_28' title="bbox 1977 1257 3610 1330; baseline 0 -18"><span class='ocrx_word' id='word_1_171' title='bbox 1977 1257 2160 1312; x_wconf 84' lang='lat' dir='ltr'><strong>tinere</strong></span> <span class='ocrx_word' id='word_1_172' title='bbox 2171 1257 2460 1329; x_wconf 89' lang='lat' dir='ltr'><strong>jubemus.</strong></span> <span class='ocrx_word' id='word_1_173' title='bbox 2474 1260 2646 1312; x_wconf 88' lang='lat' dir='ltr'><strong>Porro</strong></span> <span class='ocrx_word' id='word_1_174' title='bbox 2663 1257 3336 1330; x_wconf 89' lang='lat' dir='ltr'><strong>religiosissimilocorum</strong></span> <span class='ocrx_word' id='word_1_175' title='bbox 3357 1257 3610 1330; x_wconf 89' lang='lat' dir='ltr'><strong>episcopi</strong></span> 
     </span>
    </p>
   </div>
   <div class='ocr_carea' id='block_1_29' title="bbox 1978 1350 3610 1422">
    <p class='ocr_par' dir='ltr' id='par_1_29' title="bbox 1978 1350 3610 1422">
     <span class='ocr_line' id='line_1_29' title="bbox 1978 1350 3610 1422; baseline 0.001 -17"><span class='ocrx_word' id='word_1_176' title='bbox 1978 1350 2388 1422; x_wconf 87' lang='lat' dir='ltr'><strong>providentiam</strong></span> <span class='ocrx_word' id='word_1_177' title='bbox 2411 1350 2719 1406; x_wconf 86' lang='lat' dir='ltr'><strong>adhibento</strong></span> <span class='ocrx_word' id='word_1_178' title='bbox 2738 1366 2810 1405; x_wconf 90' lang='lat' dir='ltr'><strong>ne</strong></span> <span class='ocrx_word' id='word_1_179' title='bbox 2829 1350 3094 1405; x_wconf 84' lang='lat' dir='ltr'><strong>monachi</strong></span> <span class='ocrx_word' id='word_1_180' title='bbox 3125 1367 3266 1405; x_wconf 88' lang='lat' dir='ltr'><strong>neve</strong></span> <span class='ocrx_word' id='word_1_181' title='bbox 3288 1351 3610 1406; x_wconf 73' lang='lat' dir='ltr'><strong>monastriaa</strong></span> 
     </span>
    </p>
   </div>
   <div class='ocr_carea' id='block_1_30' title="bbox 1977 1447 3606 1520">
    <p class='ocr_par' dir='ltr' id='par_1_30' title="bbox 1977 1447 3606 1520">
     <span class='ocr_line' id='line_1_30' title="bbox 1977 1447 3606 1520; baseline -0.001 -17"><span class='ocrx_word' id='word_1_182' title='bbox 1977 1465 2082 1520; x_wconf 91' lang='lat' dir='ltr'><strong>per</strong></span> <span class='ocrx_word' id='word_1_183' title='bbox 2105 1449 2272 1503; x_wconf 89' lang='lat' dir='ltr'><strong>urbes</strong></span> <span class='ocrx_word' id='word_1_184' title='bbox 2297 1449 2590 1518; x_wconf 81' lang='lat' dir='ltr'><strong>aberrent;</strong></span> <span class='ocrx_word' id='word_1_185' title='bbox 2622 1448 2718 1503; x_wconf 91' lang='lat' dir='ltr'><strong>sed</strong></span> <span class='ocrx_word' id='word_1_186' title='bbox 2757 1447 2804 1502; x_wconf 91' lang='lat' dir='ltr'><strong>si</strong></span> <span class='ocrx_word' id='word_1_187' title='bbox 2833 1447 2969 1519; x_wconf 90' lang='lat' dir='ltr'><strong>quid</strong></span> <span class='ocrx_word' id='word_1_188' title='bbox 3007 1447 3253 1502; x_wconf 89' lang='lat' dir='ltr'><strong>habeant</strong></span> <span class='ocrx_word' id='word_1_189' title='bbox 3281 1447 3350 1502; x_wconf 84' lang='lat' dir='ltr'><strong>de</strong></span> <span class='ocrx_word' id='word_1_190' title='bbox 3375 1465 3488 1520; x_wconf 91' lang='lat' dir='ltr'><strong>quo</strong></span> <span class='ocrx_word' id='word_1_191' title='bbox 3513 1465 3606 1502; x_wconf 93' lang='lat' dir='ltr'><strong>co-</strong></span> 
     </span>
    </p>
   </div>
   <div class='ocr_carea' id='block_1_31' title="bbox 1980 1539 3608 1614">
    <p class='ocr_par' dir='ltr' id='par_1_31' title="bbox 1980 1539 3608 1614">
     <span class='ocr_line' id='line_1_31' title="bbox 1980 1539 3608 1614; baseline 0 -18"><span class='ocrx_word' id='word_1_192' title='bbox 1980 1547 2189 1614; x_wconf 87' lang='lat' dir='ltr'><strong>gantur</strong></span> <span class='ocrx_word' id='word_1_193' title='bbox 2235 1542 2602 1614; x_wconf 85' lang='lat' dir='ltr'><strong>respondere,</strong></span> <span class='ocrx_word' id='word_1_194' title='bbox 2655 1557 2760 1613; x_wconf 88' lang='lat' dir='ltr'><strong>per</strong></span> <span class='ocrx_word' id='word_1_195' title='bbox 2805 1539 3192 1612; x_wconf 83' lang='lat' dir='ltr'><strong>apocrisiarius</strong></span> <span class='ocrx_word' id='word_1_196' title='bbox 3221 1541 3278 1594; x_wconf 92' lang='lat' dir='ltr'><strong>id</strong></span> <span class='ocrx_word' id='word_1_197' title='bbox 3317 1557 3448 1595; x_wconf 92' lang='lat' dir='ltr'><strong>suos</strong></span> <span class='ocrx_word' id='word_1_198' title='bbox 3471 1557 3608 1612; x_wconf 89' lang='lat' dir='ltr'><strong>per-</strong></span> 
     </span>
    </p>
   </div>
   <div class='ocr_carea' id='block_1_32' title="bbox 1977 1633 3608 1708">
    <p class='ocr_par' dir='ltr' id='par_1_32' title="bbox 1977 1633 3608 1708">
     <span class='ocr_line' id='line_1_32' title="bbox 1977 1633 3608 1708; baseline -0.001 -18"><span class='ocrx_word' id='word_1_199' title='bbox 1977 1639 2211 1708; x_wconf 89' lang='lat' dir='ltr'><strong>agunto,</strong></span> <span class='ocrx_word' id='word_1_200' title='bbox 2241 1639 2306 1689; x_wconf 91' lang='lat' dir='ltr'><strong>ut</strong></span> <span class='ocrx_word' id='word_1_201' title='bbox 2328 1635 2431 1706; x_wconf 89' lang='lat' dir='ltr'><strong>ipsi</strong></span> <span class='ocrx_word' id='word_1_202' title='bbox 2453 1635 2510 1688; x_wconf 90' lang='lat' dir='ltr'><strong>in</strong></span> <span class='ocrx_word' id='word_1_203' title='bbox 2533 1634 2649 1688; x_wconf 91' lang='lat' dir='ltr'><strong>suis</strong></span> <span class='ocrx_word' id='word_1_204' title='bbox 2665 1638 3038 1706; x_wconf 85' lang='lat' dir='ltr'><strong>permaneant</strong></span> <span class='ocrx_word' id='word_1_205' title='bbox 3057 1633 3435 1688; x_wconf 87' lang='lat' dir='ltr'><strong>monasteriis.</strong></span> <span class='ocrx_word' id='word_1_206' title='bbox 3449 1634 3608 1698; x_wconf 87' lang='lat' dir='ltr'><strong>Quod</strong></span> 
     </span>
    </p>
   </div>
   <div class='ocr_carea' id='block_1_33' title="bbox 241 1719 3603 1802">
    <p class='ocr_par' dir='ltr' id='par_1_33' title="bbox 241 1719 3603 1802">
     <span class='ocr_line' id='line_1_33' title="bbox 241 1719 3603 1802; baseline 0.002 -28"><span class='ocrx_word' id='word_1_207' title='bbox 241 1719 461 1792; x_wconf 78' lang='lat' dir='ltr'><strong>tionem</strong></span> <span class='ocrx_word' id='word_1_208' title='bbox 488 1721 599 1776; x_wconf 86' lang='lat' dir='ltr'><strong>illis</strong></span> <span class='ocrx_word' id='word_1_209' title='bbox 633 1721 899 1794; x_wconf 88' lang='lat' dir='ltr'><strong>deputet,</strong></span> <span class='ocrx_word' id='word_1_210' title='bbox 931 1725 1008 1780; x_wconf 90' lang='lat' dir='ltr'><strong>sic</strong></span> <span class='ocrx_word' id='word_1_211' title='bbox 1037 1741 1266 1797; x_wconf 80' lang='lat' dir='ltr'><strong>quoque</strong></span> <span class='ocrx_word' id='word_1_212' title='bbox 1291 1727 1512 1782; x_wconf 88' lang='lat' dir='ltr'><strong>licitum</strong></span> <span class='ocrx_word' id='word_1_213' title='bbox 1545 1729 1596 1783; x_wconf 91' lang='lat' dir='ltr'><strong>ei</strong></span> <span class='ocrx_word' id='word_1_214' title='bbox 1625 1733 1764 1796; x_wconf 83' lang='lat' dir='ltr'><strong>esto,</strong></span> <span class='ocrx_word' id='word_1_215' title='bbox 1790 1730 1874 1784; x_wconf 88' lang='lat' dir='ltr'><strong>vel</strong></span> <span class='ocrx_word' id='word_1_216' title='bbox 1898 1731 1952 1802; x_wconf 83' lang='grc' dir='ltr'><strong>Β</strong></span> <span class='ocrx_word' id='word_1_217' title='bbox 1976 1729 2020 1784; x_wconf 89' lang='lat' dir='ltr'><strong>si</strong></span> <span class='ocrx_word' id='word_1_218' title='bbox 2047 1727 2358 1782; x_wconf 82' lang='lat' dir='ltr'><strong>monachus</strong></span> <span class='ocrx_word' id='word_1_219' title='bbox 2387 1728 2800 1781; x_wconf 86' lang='lat' dir='ltr'><strong>monasterium</strong></span> <span class='ocrx_word' id='word_1_220' title='bbox 2837 1725 3151 1796; x_wconf 89' lang='lat' dir='ltr'><strong>reliquerit,</strong></span> <span class='ocrx_word' id='word_1_221' title='bbox 3180 1731 3238 1780; x_wconf 91' lang='lat' dir='ltr'><strong>et</strong></span> <span class='ocrx_word' id='word_1_222' title='bbox 3275 1725 3346 1779; x_wconf 89' lang='lat' dir='ltr'><strong>ad</strong></span> <span class='ocrx_word' id='word_1_223' title='bbox 3371 1726 3603 1780; x_wconf 73' lang='lat' dir='ltr'><strong>saecula-</strong></span> 
     </span>
    </p>
   </div>
   <div class='ocr_carea' id='block_1_34' title="bbox 241 1815 1874 1890">
    <p class='ocr_par' dir='ltr' id='par_1_34' title="bbox 241 1815 1874 1890">
     <span class='ocr_line' id='line_1_34' title="bbox 241 1815 1874 1890; baseline 0.006 -23"><span class='ocrx_word' id='word_1_224' title='bbox 241 1821 372 1884; x_wconf 89' lang='lat' dir='ltr'><strong>post</strong></span> <span class='ocrx_word' id='word_1_225' title='bbox 389 1815 719 1870; x_wconf 87' lang='lat' dir='ltr'><strong>monasterii</strong></span> <span class='ocrx_word' id='word_1_226' title='bbox 739 1816 1082 1888; x_wconf 86' lang='lat' dir='ltr'><strong>ingressum,</strong></span> <span class='ocrx_word' id='word_1_227' title='bbox 1106 1824 1170 1874; x_wconf 91' lang='lat' dir='ltr'><strong>ut</strong></span> <span class='ocrx_word' id='word_1_228' title='bbox 1193 1819 1610 1890; x_wconf 87' lang='lat' dir='ltr'><strong>patrimonium</strong></span> <span class='ocrx_word' id='word_1_229' title='bbox 1630 1839 1794 1876; x_wconf 90' lang='lat' dir='ltr'><strong>suum</strong></span> <span class='ocrx_word' id='word_1_230' title='bbox 1815 1823 1874 1877; x_wconf 91' lang='lat' dir='ltr'><strong>in</strong></span> 
     </span>
    </p>
   </div>
   <div class='ocr_carea' id='block_1_35' title="bbox 241 1905 1876 1986">
    <p class='ocr_par' dir='ltr' id='par_1_35' title="bbox 241 1905 1876 1986">
     <span class='ocr_line' id='line_1_35' title="bbox 241 1905 1876 1986; baseline 0.006 -26"><span class='ocrx_word' id='word_1_231' title='bbox 241 1905 390 1962; x_wconf 88' lang='lat' dir='ltr'><strong>ﬁlios</strong></span> <span class='ocrx_word' id='word_1_232' title='bbox 415 1924 544 1960; x_wconf 86' lang='lat' dir='ltr'><strong>suos</strong></span> <span class='ocrx_word' id='word_1_233' title='bbox 582 1907 813 1962; x_wconf 87' lang='lat' dir='ltr'><strong>dividat.</strong></span> <span class='ocrx_word' id='word_1_234' title='bbox 863 1911 945 1964; x_wconf 87' lang='lat' dir='ltr'><strong>lta</strong></span> <span class='ocrx_word' id='word_1_235' title='bbox 973 1913 1164 1966; x_wconf 85' lang='lat' dir='ltr'><strong>tamen</strong></span> <span class='ocrx_word' id='word_1_236' title='bbox 1191 1955 1204 1980; x_wconf 94' lang='lat'><strong>,</strong></span> <span class='ocrx_word' id='word_1_237' title='bbox 1238 1917 1300 1967; x_wconf 91' lang='lat' dir='ltr'><strong>ut</strong></span> <span class='ocrx_word' id='word_1_238' title='bbox 1330 1913 1468 1968; x_wconf 87' lang='lat' dir='ltr'><strong>nulli</strong></span> <span class='ocrx_word' id='word_1_239' title='bbox 1503 1931 1568 1969; x_wconf 82' lang='lat' dir='ltr'><strong>ex</strong></span> <span class='ocrx_word' id='word_1_240' title='bbox 1603 1916 1723 1986; x_wconf 85' lang='lat' dir='ltr'><strong>ejus</strong></span> <span class='ocrx_word' id='word_1_241' title='bbox 1747 1914 1876 1970; x_wconf 89' lang='lat' dir='ltr'><strong>ﬁliis</strong></span> 
     </span>
    </p>
   </div>
   <div class='ocr_carea' id='block_1_36' title="bbox 241 1999 1875 2079">
    <p class='ocr_par' dir='ltr' id='par_1_36' title="bbox 241 1999 1875 2079">
     <span class='ocr_line' id='line_1_36' title="bbox 241 1999 1875 2079; baseline 0.006 -25"><span class='ocrx_word' id='word_1_242' title='bbox 241 1999 566 2070; x_wconf 77' lang='lat' dir='ltr'><strong>legitimam</strong></span> <span class='ocrx_word' id='word_1_243' title='bbox 600 2001 920 2072; x_wconf 85' lang='lat' dir='ltr'><strong>portionem</strong></span> <span class='ocrx_word' id='word_1_244' title='bbox 963 2004 1208 2060; x_wconf 85' lang='lat' dir='ltr'><strong>minuat.</strong></span> <span class='ocrx_word' id='word_1_245' title='bbox 1254 2007 1389 2070; x_wconf 69' lang='lat' dir='ltr'><strong>Qum</strong></span> <span class='ocrx_word' id='word_1_246' title='bbox 1419 2023 1552 2062; x_wconf 85' lang='lat' dir='ltr'><strong>vero</strong></span> <span class='ocrx_word' id='word_1_247' title='bbox 1580 2025 1710 2079; x_wconf 89' lang='lat' dir='ltr'><strong>pars</strong></span> <span class='ocrx_word' id='word_1_248' title='bbox 1747 2009 1875 2063; x_wconf 92' lang='lat' dir='ltr'><strong>ﬁliis</strong></span> 
     </span>
    </p>
   </div>
   <div class='ocr_carea' id='block_1_37' title="bbox 246 2092 1875 2171">
    <p class='ocr_par' dir='ltr' id='par_1_37' title="bbox 246 2092 1875 2171">
     <span class='ocr_line' id='line_1_37' title="bbox 246 2092 1875 2171; baseline 0.006 -23"><span class='ocrx_word' id='word_1_249' title='bbox 246 2092 380 2148; x_wconf 88' lang='lat' dir='ltr'><strong>data</strong></span> <span class='ocrx_word' id='word_1_250' title='bbox 400 2110 513 2148; x_wconf 90' lang='lat' dir='ltr'><strong>nou</strong></span> <span class='ocrx_word' id='word_1_251' title='bbox 535 2095 663 2163; x_wconf 88' lang='lat' dir='ltr'><strong>erit,</strong></span> <span class='ocrx_word' id='word_1_252' title='bbox 696 2111 761 2150; x_wconf 90' lang='lat' dir='ltr'><strong>ea</strong></span> <span class='ocrx_word' id='word_1_253' title='bbox 785 2096 859 2150; x_wconf 92' lang='lat' dir='ltr'><strong>ad</strong></span> <span class='ocrx_word' id='word_1_254' title='bbox 880 2098 1296 2152; x_wconf 86' lang='lat' dir='ltr'><strong>monasterium</strong></span> <span class='ocrx_word' id='word_1_255' title='bbox 1316 2101 1619 2171; x_wconf 88' lang='lat' dir='ltr'><strong>pertineto.</strong></span> <span class='ocrx_word' id='word_1_256' title='bbox 1643 2101 1806 2166; x_wconf 89' lang='lat' dir='ltr'><strong>Quod</strong></span> <span class='ocrx_word' id='word_1_257' title='bbox 1829 2102 1875 2156; x_wconf 89' lang='lat' dir='ltr'><strong>si</strong></span> 
     </span>
    </p>
   </div>
   <div class='ocr_carea' id='block_1_38' title="bbox 242 2188 1870 2262">
    <p class='ocr_par' dir='ltr' id='par_1_38' title="bbox 242 2188 1870 2262">
     <span class='ocr_line' id='line_1_38' title="bbox 242 2188 1870 2262; baseline 0.005 -21"><span class='ocrx_word' id='word_1_258' title='bbox 242 2202 480 2241; x_wconf 89' lang='lat' dir='ltr'><strong>omnem</strong></span> <span class='ocrx_word' id='word_1_259' title='bbox 520 2188 898 2243; x_wconf 85' lang='lat' dir='ltr'><strong>substantiam</strong></span> <span class='ocrx_word' id='word_1_260' title='bbox 943 2189 1098 2246; x_wconf 90' lang='lat' dir='ltr'><strong>inter</strong></span> <span class='ocrx_word' id='word_1_261' title='bbox 1132 2191 1280 2246; x_wconf 89' lang='lat' dir='ltr'><strong>ﬁlios</strong></span> <span class='ocrx_word' id='word_1_262' title='bbox 1325 2193 1572 2249; x_wconf 86' lang='lat' dir='ltr'><strong>dividere</strong></span> <span class='ocrx_word' id='word_1_263' title='bbox 1610 2194 1870 2262; x_wconf 87' lang='lat' dir='ltr'><strong>voluerit,</strong></span> 
     </span>
    </p>
   </div>
   <div class='ocr_carea' id='block_1_39' title="bbox 241 2280 1876 2358">
    <p class='ocr_par' dir='ltr' id='par_1_39' title="bbox 241 2280 1876 2358">
     <span class='ocr_line' id='line_1_39' title="bbox 241 2280 1876 2358; baseline 0.006 -25"><span class='ocrx_word' id='word_1_264' title='bbox 241 2280 478 2352; x_wconf 86' lang='lat' dir='ltr'><strong>propria</strong></span> <span class='ocrx_word' id='word_1_265' title='bbox 503 2281 626 2352; x_wconf 89' lang='lat' dir='ltr'><strong>ejus</strong></span> <span class='ocrx_word' id='word_1_266' title='bbox 651 2297 896 2352; x_wconf 90' lang='lat' dir='ltr'><strong>persona</strong></span> <span class='ocrx_word' id='word_1_267' title='bbox 925 2283 1059 2337; x_wconf 87' lang='lat' dir='ltr'><strong>ﬁliis</strong></span> <span class='ocrx_word' id='word_1_268' title='bbox 1093 2291 1521 2358; x_wconf 88' lang='lat' dir='ltr'><strong>connumerata,</strong></span> <span class='ocrx_word' id='word_1_269' title='bbox 1561 2303 1742 2342; x_wconf 88' lang='lat' dir='ltr'><strong>unam</strong></span> <span class='ocrx_word' id='word_1_270' title='bbox 1770 2287 1876 2342; x_wconf 89' lang='lat' dir='ltr'><strong>sibi</strong></span> 
     </span>
    </p>
   </div>
   <div class='ocr_carea' id='block_1_40' title="bbox 242 2373 1872 2452">
    <p class='ocr_par' dir='ltr' id='par_1_40' title="bbox 242 2373 1872 2452">
     <span class='ocr_line' id='line_1_40' title="bbox 242 2373 1872 2452; baseline 0.007 -26"><span class='ocrx_word' id='word_1_271' title='bbox 242 2379 465 2444; x_wconf 87' lang='lat' dir='ltr'><strong>partem</strong></span> <span class='ocrx_word' id='word_1_272' title='bbox 497 2373 764 2429; x_wconf 89' lang='lat' dir='ltr'><strong>omnibus</strong></span> <span class='ocrx_word' id='word_1_273' title='bbox 799 2375 986 2430; x_wconf 90' lang='lat' dir='ltr'><strong>modis</strong></span> <span class='ocrx_word' id='word_1_274' title='bbox 1019 2383 1325 2449; x_wconf 90' lang='lat' dir='ltr'><strong>reservato,</strong></span> <span class='ocrx_word' id='word_1_275' title='bbox 1365 2395 1493 2451; x_wconf 65' lang='lat' dir='ltr'><strong>quae</strong></span> <span class='ocrx_word' id='word_1_276' title='bbox 1531 2381 1605 2436; x_wconf 90' lang='lat' dir='ltr'><strong>ad</strong></span> <span class='ocrx_word' id='word_1_277' title='bbox 1621 2381 1718 2452; x_wconf 89' lang='lat' dir='ltr'><strong>jus</strong></span> <span class='ocrx_word' id='word_1_278' title='bbox 1747 2398 1872 2436; x_wconf 90' lang='lat' dir='ltr'><strong>mo-</strong></span> 
     </span>
    </p>
   </div>
   <div class='ocr_carea' id='block_1_41' title="bbox 240 2465 1871 2538">
    <p class='ocr_par' dir='ltr' id='par_1_41' title="bbox 240 2465 1871 2538">
     <span class='ocr_line' id='line_1_41' title="bbox 240 2465 1871 2538; baseline 0.006 -18"><span class='ocrx_word' id='word_1_279' title='bbox 240 2466 472 2521; x_wconf 88' lang='lat' dir='ltr'><strong>nasterii</strong></span> <span class='ocrx_word' id='word_1_280' title='bbox 497 2465 782 2538; x_wconf 86' lang='lat' dir='ltr'><strong>pertinere</strong></span> <span class='ocrx_word' id='word_1_281' title='bbox 807 2468 1029 2524; x_wconf 89' lang='lat' dir='ltr'><strong>debeat.</strong></span> <span class='ocrx_word' id='word_1_282' title='bbox 1059 2470 1115 2526; x_wconf 91' lang='lat' dir='ltr'><strong>Si</strong></span> <span class='ocrx_word' id='word_1_283' title='bbox 1145 2487 1276 2526; x_wconf 92' lang='lat' dir='ltr'><strong>cum</strong></span> <span class='ocrx_word' id='word_1_284' title='bbox 1309 2472 1366 2527; x_wconf 94' lang='lat' dir='ltr'><strong>in</strong></span> <span class='ocrx_word' id='word_1_285' title='bbox 1392 2475 1740 2530; x_wconf 91' lang='lat' dir='ltr'><strong>monasterio</strong></span> <span class='ocrx_word' id='word_1_286' title='bbox 1773 2475 1871 2530; x_wconf 65' lang='lat' dir='ltr'><strong>deo</strong></span> 
     </span>
    </p>
   </div>
   <div class='ocr_carea' id='block_1_42' title="bbox 244 2560 1872 2637">
    <p class='ocr_par' dir='ltr' id='par_1_42' title="bbox 244 2560 1872 2637">
     <span class='ocr_line' id='line_1_42' title="bbox 244 2560 1872 2637; baseline 0.007 -25"><span class='ocrx_word' id='word_1_287' title='bbox 244 2563 360 2631; x_wconf 88' lang='lat' dir='ltr'><strong>gat,</strong></span> <span class='ocrx_word' id='word_1_288' title='bbox 388 2561 693 2632; x_wconf 89' lang='lat' dir='ltr'><strong>antequam</strong></span> <span class='ocrx_word' id='word_1_289' title='bbox 721 2560 872 2616; x_wconf 91' lang='lat' dir='ltr'><strong>inter</strong></span> <span class='ocrx_word' id='word_1_290' title='bbox 895 2562 1038 2617; x_wconf 91' lang='lat' dir='ltr'><strong>ﬁlios</strong></span> <span class='ocrx_word' id='word_1_291' title='bbox 1066 2563 1220 2618; x_wconf 89' lang='lat' dir='ltr'><strong>bona</strong></span> <span class='ocrx_word' id='word_1_292' title='bbox 1245 2581 1349 2619; x_wconf 89' lang='lat' dir='ltr'><strong>sua</strong></span> <span class='ocrx_word' id='word_1_293' title='bbox 1391 2566 1712 2637; x_wconf 86' lang='lat' dir='ltr'><strong>distribuat,</strong></span> <span class='ocrx_word' id='word_1_294' title='bbox 1747 2584 1872 2623; x_wconf 82' lang='lat' dir='ltr'><strong>mo-</strong></span> 
     </span>
    </p>
   </div>
   <div class='ocr_carea' id='block_1_43' title="bbox 241 2644 1872 2732">
    <p class='ocr_par' dir='ltr' id='par_1_43' title="bbox 241 2644 1872 2732">
     <span class='ocr_line' id='line_1_43' title="bbox 241 2644 1872 2732; baseline 0.005 -24"><span class='ocrx_word' id='word_1_295' title='bbox 241 2652 440 2720; x_wconf 86' lang='lat' dir='ltr'><strong>riatur,</strong></span> <span class='ocrx_word' id='word_1_296' title='bbox 485 2653 804 2724; x_wconf 90' lang='lat' dir='ltr'><strong>legitimam</strong></span> <span class='ocrx_word' id='word_1_297' title='bbox 863 2659 1083 2726; x_wconf 81' lang='lat' dir='ltr'><strong>partem</strong></span> <span class='ocrx_word' id='word_1_298' title='bbox 1138 2656 1239 2712; x_wconf 90' lang='lat' dir='ltr'><strong>ﬁlii</strong></span> <span class='ocrx_word' id='word_1_299' title='bbox 1287 2658 1534 2730; x_wconf 90' lang='lat' dir='ltr'><strong>capient,</strong></span> <span class='ocrx_word' id='word_1_300' title='bbox 1588 2644 1872 2732; x_wconf 88' lang='lat' dir='ltr'><strong>reliquum</strong></span> 
     </span>
    </p>
   </div>
   <div class='ocr_carea' id='block_1_44' title="bbox 243 2745 1525 2822">
    <p class='ocr_par' dir='ltr' id='par_1_44' title="bbox 243 2745 1525 2822">
     <span class='ocr_line' id='line_1_44' title="bbox 243 2745 1525 2822; baseline 0.007 -24"><span class='ocrx_word' id='word_1_301' title='bbox 243 2745 651 2816; x_wconf 85' lang='lat' dir='ltr'><strong>patrimonium</strong></span> <span class='ocrx_word' id='word_1_302' title='bbox 683 2748 755 2802; x_wconf 91' lang='lat' dir='ltr'><strong>ad</strong></span> <span class='ocrx_word' id='word_1_303' title='bbox 775 2749 1188 2804; x_wconf 87' lang='lat' dir='ltr'><strong>monasterium</strong></span> <span class='ocrx_word' id='word_1_304' title='bbox 1223 2751 1525 2822; x_wconf 87' lang='lat' dir='ltr'><strong>pertineto.</strong></span> 
     </span>
    </p>
   </div>
   <div class='ocr_carea' id='block_1_45' title="bbox 314 2838 1872 2924">
    <p class='ocr_par' dir='ltr' id='par_1_45' title="bbox 314 2838 1872 2924">
     <span class='ocr_line' id='line_1_45' title="bbox 314 2838 1872 2924; baseline 0.006 -31"><span class='ocrx_word' id='word_1_305' title='bbox 314 2840 487 2893; x_wconf 90' lang='lat' dir='ltr'><strong>Porro</strong></span> <span class='ocrx_word' id='word_1_306' title='bbox 527 2838 796 2911; x_wconf 88' lang='lat' dir='ltr'><strong>legitimis</strong></span> <span class='ocrx_word' id='word_1_307' title='bbox 831 2840 982 2896; x_wconf 87' lang='lat' dir='ltr'><strong>inter</strong></span> <span class='ocrx_word' id='word_1_308' title='bbox 1007 2843 1225 2914; x_wconf 87' lang='lat' dir='ltr'><strong>aliquos</strong></span> <span class='ocrx_word' id='word_1_309' title='bbox 1259 2845 1617 2924; x_wconf 82' lang='lat' dir='ltr'><strong>sponsalibus</strong></span> <span class='ocrx_word' id='word_1_310' title='bbox 1647 2849 1872 2902; x_wconf 88' lang='lat' dir='ltr'><strong>contra-</strong></span> 
     </span>
    </p>
   </div>
   <div class='ocr_carea' id='block_1_46' title="bbox 243 2932 1876 3008">
    <p class='ocr_par' dir='ltr' id='par_1_46' title="bbox 243 2932 1876 3008">
     <span class='ocr_line' id='line_1_46' title="bbox 243 2932 1876 3008; baseline 0.006 -22"><span class='ocrx_word' id='word_1_311' title='bbox 243 2932 366 2998; x_wconf 88' lang='lat' dir='ltr'><strong>ctis,</strong></span> <span class='ocrx_word' id='word_1_312' title='bbox 399 2933 516 2987; x_wconf 89' lang='lat' dir='ltr'><strong>sive</strong></span> <span class='ocrx_word' id='word_1_313' title='bbox 537 2949 777 3005; x_wconf 90' lang='lat' dir='ltr'><strong>sponsus</strong></span> <span class='ocrx_word' id='word_1_314' title='bbox 804 2934 866 2988; x_wconf 93' lang='lat' dir='ltr'><strong>in</strong></span> <span class='ocrx_word' id='word_1_315' title='bbox 895 2935 1300 2992; x_wconf 87' lang='lat' dir='ltr'><strong>monasterium</strong></span> <span class='ocrx_word' id='word_1_316' title='bbox 1323 2937 1705 3008; x_wconf 86' lang='lat' dir='ltr'><strong>ingrediatur,</strong></span> <span class='ocrx_word' id='word_1_317' title='bbox 1738 2941 1876 2995; x_wconf 83' lang='lat' dir='ltr'><strong>reci-</strong></span> 
     </span>
    </p>
   </div>
   <div class='ocr_carea' id='block_1_47' title="bbox 240 3025 1875 3099">
    <p class='ocr_par' dir='ltr' id='par_1_47' title="bbox 240 3025 1875 3099">
     <span class='ocr_line' id='line_1_47' title="bbox 240 3025 1875 3099; baseline 0.005 -19"><span class='ocrx_word' id='word_1_318' title='bbox 240 3025 360 3097; x_wconf 89' lang='lat' dir='ltr'><strong>pito</strong></span> <span class='ocrx_word' id='word_1_319' title='bbox 401 3042 468 3080; x_wconf 83' lang='lat' dir='ltr'><strong>ea</strong></span> <span class='ocrx_word' id='word_1_320' title='bbox 512 3042 640 3097; x_wconf 46' lang='lat' dir='ltr'><strong>quas.</strong></span> <span class='ocrx_word' id='word_1_321' title='bbox 678 3042 783 3098; x_wconf 92' lang='lat' dir='ltr'><strong>pro</strong></span> <span class='ocrx_word' id='word_1_322' title='bbox 825 3029 1184 3099; x_wconf 88' lang='lat' dir='ltr'><strong>sponsalibus</strong></span> <span class='ocrx_word' id='word_1_323' title='bbox 1234 3031 1422 3085; x_wconf 76' lang='lat' dir='ltr'><strong>arrhse</strong></span> <span class='ocrx_word' id='word_1_324' title='bbox 1470 3032 1703 3088; x_wconf 89' lang='lat' dir='ltr'><strong>nomine</strong></span> <span class='ocrx_word' id='word_1_325' title='bbox 1741 3033 1875 3089; x_wconf 89' lang='lat' dir='ltr'><strong>data</strong></span> 
     </span>
    </p>
   </div>
   <div class='ocr_carea' id='block_1_48' title="bbox 1974 1818 3605 1890">
    <p class='ocr_par' dir='ltr' id='par_1_48' title="bbox 1974 1818 3605 1890">
     <span class='ocr_line' id='line_1_48' title="bbox 1974 1818 3605 1890; baseline -0.001 -15"><span class='ocrx_word' id='word_1_326' title='bbox 1974 1838 2098 1877; x_wconf 90' lang='lat' dir='ltr'><strong>rem</strong></span> <span class='ocrx_word' id='word_1_327' title='bbox 2126 1822 2300 1875; x_wconf 87' lang='lat' dir='ltr'><strong>vitam</strong></span> <span class='ocrx_word' id='word_1_328' title='bbox 2331 1820 2640 1887; x_wconf 83' lang='lat' dir='ltr'><strong>transierit,</strong></span> <span class='ocrx_word' id='word_1_329' title='bbox 2673 1820 2766 1874; x_wconf 90' lang='lat' dir='ltr'><strong>hic</strong></span> <span class='ocrx_word' id='word_1_330' title='bbox 2789 1819 2994 1873; x_wconf 89' lang='lat' dir='ltr'><strong>militia</strong></span> <span class='ocrx_word' id='word_1_331' title='bbox 3018 1819 3272 1890; x_wconf 88' lang='lat' dir='ltr'><strong>primum</strong></span> <span class='ocrx_word' id='word_1_332' title='bbox 3300 1825 3354 1872; x_wconf 87' lang='lat' dir='ltr'><strong>et</strong></span> <span class='ocrx_word' id='word_1_333' title='bbox 3373 1818 3605 1888; x_wconf 84' lang='lat' dir='ltr'><strong>honore,</strong></span> 
     </span>
    </p>
   </div>
   <div class='ocr_carea' id='block_1_49' title="bbox 1975 1910 3608 1986">
    <p class='ocr_par' dir='ltr' id='par_1_49' title="bbox 1975 1910 3608 1986">
     <span class='ocr_line' id='line_1_49' title="bbox 1975 1910 3608 1986; baseline -0.002 -17"><span class='ocrx_word' id='word_1_334' title='bbox 1975 1915 2022 1969; x_wconf 90' lang='lat' dir='ltr'><strong>si</strong></span> <span class='ocrx_word' id='word_1_335' title='bbox 2059 1931 2229 1986; x_wconf 89' lang='lat' dir='ltr'><strong>quem</strong></span> <span class='ocrx_word' id='word_1_336' title='bbox 2273 1914 2460 1980; x_wconf 85' lang='lat' dir='ltr'><strong>habet,</strong></span> <span class='ocrx_word' id='word_1_337' title='bbox 2495 1913 2814 1968; x_wconf 86' lang='lat' dir='ltr'><strong>denudatus</strong></span> <span class='ocrx_word' id='word_1_338' title='bbox 2855 1928 2958 1982; x_wconf 92' lang='lat' dir='ltr'><strong>per</strong></span> <span class='ocrx_word' id='word_1_339' title='bbox 2999 1913 3253 1966; x_wconf 91' lang='lat' dir='ltr'><strong>locorum</strong></span> <span class='ocrx_word' id='word_1_340' title='bbox 3279 1910 3608 1982; x_wconf 91' lang='lat' dir='ltr'><strong>episcopum</strong></span> 
     </span>
    </p>
   </div>
   <div class='ocr_carea' id='block_1_50' title="bbox 1974 2003 3606 2078">
    <p class='ocr_par' dir='ltr' id='par_1_50' title="bbox 1974 2003 3606 2078">
     <span class='ocr_line' id='line_1_50' title="bbox 1974 2003 3606 2078; baseline -0.002 -16"><span class='ocrx_word' id='word_1_341' title='bbox 1974 2010 2032 2062; x_wconf 89' lang='lat' dir='ltr'><strong>et</strong></span> <span class='ocrx_word' id='word_1_342' title='bbox 2060 2006 2362 2078; x_wconf 64' lang='lat' dir='ltr'><strong>provincia:</strong></span> <span class='ocrx_word' id='word_1_343' title='bbox 2388 2004 2690 2077; x_wconf 69' lang='lat' dir='ltr'><strong>praesidem</strong></span> <span class='ocrx_word' id='word_1_344' title='bbox 2712 2047 2726 2074; x_wconf 93' lang='lat'><strong>,</strong></span> <span class='ocrx_word' id='word_1_345' title='bbox 2757 2005 2817 2058; x_wconf 92' lang='lat' dir='ltr'><strong>in</strong></span> <span class='ocrx_word' id='word_1_346' title='bbox 2847 2003 3254 2059; x_wconf 88' lang='lat' dir='ltr'><strong>monasterium</strong></span> <span class='ocrx_word' id='word_1_347' title='bbox 3281 2003 3606 2072; x_wconf 88' lang='lat' dir='ltr'><strong>remittitor,</strong></span> 
     </span>
    </p>
   </div>
   <div class='ocr_carea' id='block_1_51' title="bbox 1973 2097 3603 2173">
    <p class='ocr_par' dir='ltr' id='par_1_51' title="bbox 1973 2097 3603 2173">
     <span class='ocr_line' id='line_1_51' title="bbox 1973 2097 3603 2173; baseline -0.002 -17"><span class='ocrx_word' id='word_1_348' title='bbox 1973 2104 2032 2156; x_wconf 88' lang='lat' dir='ltr'><strong>et</strong></span> <span class='ocrx_word' id='word_1_349' title='bbox 2047 2115 2139 2156; x_wconf 90' lang='lat' dir='ltr'><strong>res</strong></span> <span class='ocrx_word' id='word_1_350' title='bbox 2155 2117 2296 2173; x_wconf 88' lang='lat' dir='ltr'><strong>quas</strong></span> <span class='ocrx_word' id='word_1_351' title='bbox 2320 2108 2512 2171; x_wconf 88' lang='lat' dir='ltr'><strong>postea</strong></span> <span class='ocrx_word' id='word_1_352' title='bbox 2549 2098 2758 2154; x_wconf 88' lang='lat' dir='ltr'><strong>habere</strong></span> <span class='ocrx_word' id='word_1_353' title='bbox 2790 2101 3134 2152; x_wconf 88' lang='lat' dir='ltr'><strong>monstratus</strong></span> <span class='ocrx_word' id='word_1_354' title='bbox 3166 2097 3356 2165; x_wconf 85' lang='lat' dir='ltr'><strong>fuerit,</strong></span> <span class='ocrx_word' id='word_1_355' title='bbox 3380 2097 3450 2152; x_wconf 89' lang='lat' dir='ltr'><strong>ad</strong></span> <span class='ocrx_word' id='word_1_356' title='bbox 3479 2114 3603 2152; x_wconf 88' lang='lat' dir='ltr'><strong>mo-</strong></span> 
     </span>
    </p>
   </div>
   <div class='ocr_carea' id='block_1_52' title="bbox 1972 2189 3606 2263">
    <p class='ocr_par' dir='ltr' id='par_1_52' title="bbox 1972 2189 3606 2263">
     <span class='ocr_line' id='line_1_52' title="bbox 1972 2189 3606 2263; baseline -0.002 -14"><span class='ocrx_word' id='word_1_357' title='bbox 1972 2193 2286 2249; x_wconf 90' lang='lat' dir='ltr'><strong>nasterium</strong></span> <span class='ocrx_word' id='word_1_358' title='bbox 2315 2193 2372 2247; x_wconf 89' lang='lat' dir='ltr'><strong>in</strong></span> <span class='ocrx_word' id='word_1_359' title='bbox 2398 2192 2552 2263; x_wconf 88' lang='lat' dir='ltr'><strong>quod</strong></span> <span class='ocrx_word' id='word_1_360' title='bbox 2578 2191 2912 2246; x_wconf 87' lang='lat' dir='ltr'><strong>immittitur</strong></span> <span class='ocrx_word' id='word_1_361' title='bbox 2946 2190 3291 2262; x_wconf 85' lang='lat' dir='ltr'><strong>pertinento.</strong></span> <span class='ocrx_word' id='word_1_362' title='bbox 3325 2189 3384 2245; x_wconf 93' lang='lat' dir='ltr'><strong>Si</strong></span> <span class='ocrx_word' id='word_1_363' title='bbox 3417 2191 3606 2246; x_wconf 90' lang='lat' dir='ltr'><strong>denuo</strong></span> 
     </span>
    </p>
   </div>
   <div class='ocr_carea' id='block_1_53' title="bbox 1973 2285 3607 2360">
    <p class='ocr_par' dir='ltr' id='par_1_53' title="bbox 1973 2285 3607 2360">
     <span class='ocr_line' id='line_1_53' title="bbox 1973 2285 3607 2360; baseline -0.003 -18"><span class='ocrx_word' id='word_1_364' title='bbox 1973 2303 2200 2360; x_wconf 91' lang='lat' dir='ltr'><strong>quoque</strong></span> <span class='ocrx_word' id='word_1_365' title='bbox 2239 2285 2646 2341; x_wconf 90' lang='lat' dir='ltr'><strong>monasterium</strong></span> <span class='ocrx_word' id='word_1_366' title='bbox 2687 2285 2988 2356; x_wconf 88' lang='lat' dir='ltr'><strong>relinquat,</strong></span> <span class='ocrx_word' id='word_1_367' title='bbox 3035 2289 3172 2338; x_wconf 91' lang='lat' dir='ltr'><strong>tunc</strong></span> <span class='ocrx_word' id='word_1_368' title='bbox 3217 2299 3427 2355; x_wconf 81' lang='lat' dir='ltr'><strong>praeses</strong></span> <span class='ocrx_word' id='word_1_369' title='bbox 3473 2299 3607 2338; x_wconf 90' lang='lat' dir='ltr'><strong>eum</strong></span> 
     </span>
    </p>
   </div>
   <div class='ocr_carea' id='block_1_54' title="bbox 1973 2377 3606 2453">
    <p class='ocr_par' dir='ltr' id='par_1_54' title="bbox 1973 2377 3606 2453">
     <span class='ocr_line' id='line_1_54' title="bbox 1973 2377 3606 2453; baseline -0.002 -17"><span class='ocrx_word' id='word_1_370' title='bbox 1973 2379 2276 2453; x_wconf 75' lang='lat' dir='ltr'><strong>provincia:</strong></span> <span class='ocrx_word' id='word_1_371' title='bbox 2322 2379 2383 2434; x_wconf 91' lang='lat' dir='ltr'><strong>in</strong></span> <span class='ocrx_word' id='word_1_372' title='bbox 2421 2395 2537 2452; x_wconf 88' lang='lat' dir='ltr'><strong>qua</strong></span> <span class='ocrx_word' id='word_1_373' title='bbox 2579 2379 2844 2434; x_wconf 88' lang='lat' dir='ltr'><strong>inventus</strong></span> <span class='ocrx_word' id='word_1_374' title='bbox 2885 2377 3060 2432; x_wconf 88' lang='lat' dir='ltr'><strong>fuerit</strong></span> <span class='ocrx_word' id='word_1_375' title='bbox 3083 2377 3353 2446; x_wconf 81' lang='lat' dir='ltr'><strong>detineto,</strong></span> <span class='ocrx_word' id='word_1_376' title='bbox 3387 2381 3445 2432; x_wconf 91' lang='lat' dir='ltr'><strong>et</strong></span> <span class='ocrx_word' id='word_1_377' title='bbox 3473 2377 3606 2432; x_wconf 88' lang='lat' dir='ltr'><strong>sub-</strong></span> 
     </span>
    </p>
   </div>
   <div class='ocr_carea' id='block_1_55' title="bbox 1968 2471 2964 2546">
    <p class='ocr_par' dir='ltr' id='par_1_55' title="bbox 1968 2471 2964 2546">
     <span class='ocr_line' id='line_1_55' title="bbox 1968 2471 2964 2546; baseline -0.004 -17"><span class='ocrx_word' id='word_1_378' title='bbox 1968 2474 2135 2546; x_wconf 76' lang='lat' dir='ltr'><strong>jectae</strong></span> <span class='ocrx_word' id='word_1_379' title='bbox 2163 2473 2268 2528; x_wconf 88' lang='lat' dir='ltr'><strong>sibi</strong></span> <span class='ocrx_word' id='word_1_380' title='bbox 2293 2471 2513 2528; x_wconf 91' lang='lat' dir='ltr'><strong>cohorti</strong></span> <span class='ocrx_word' id='word_1_381' title='bbox 2539 2475 2964 2526; x_wconf 88' lang='lat' dir='ltr'><strong>connumerato.</strong></span> 
     </span>
    </p>
   </div>
   <div class='ocr_carea' id='block_1_56' title="bbox 2046 2562 3604 2638">
    <p class='ocr_par' dir='ltr' id='par_1_56' title="bbox 2046 2562 3604 2638">
     <span class='ocr_line' id='line_1_56' title="bbox 2046 2562 3604 2638; baseline -0.004 -17"><span class='ocrx_word' id='word_1_382' title='bbox 2046 2567 2105 2622; x_wconf 93' lang='lat' dir='ltr'><strong>Si</strong></span> <span class='ocrx_word' id='word_1_383' title='bbox 2133 2566 2260 2638; x_wconf 89' lang='lat' dir='ltr'><strong>quis</strong></span> <span class='ocrx_word' id='word_1_384' title='bbox 2304 2565 2620 2632; x_wconf 84' lang='lat' dir='ltr'><strong>ascetriam,</strong></span> <span class='ocrx_word' id='word_1_385' title='bbox 2664 2569 2762 2619; x_wconf 87' lang='lat' dir='ltr'><strong>aut</strong></span> <span class='ocrx_word' id='word_1_386' title='bbox 2804 2562 3178 2619; x_wconf 88' lang='lat' dir='ltr'><strong>diaconissam</strong></span> <span class='ocrx_word' id='word_1_387' title='bbox 3203 2604 3217 2630; x_wconf 93' lang='lat'><strong>,</strong></span> <span class='ocrx_word' id='word_1_388' title='bbox 3263 2564 3361 2616; x_wconf 89' lang='lat' dir='ltr'><strong>aut</strong></span> <span class='ocrx_word' id='word_1_389' title='bbox 3404 2577 3604 2616; x_wconf 88' lang='lat' dir='ltr'><strong>mona-</strong></span> 
     </span>
    </p>
   </div>
   <div class='ocr_carea' id='block_1_57' title="bbox 1973 2655 3607 2728">
    <p class='ocr_par' dir='ltr' id='par_1_57' title="bbox 1973 2655 3607 2728">
     <span class='ocr_line' id='line_1_57' title="bbox 1973 2655 3607 2728; baseline -0.002 -14"><span class='ocrx_word' id='word_1_390' title='bbox 1973 2659 2188 2725; x_wconf 89' lang='lat' dir='ltr'><strong>striam,</strong></span> <span class='ocrx_word' id='word_1_391' title='bbox 2231 2663 2332 2713; x_wconf 89' lang='lat' dir='ltr'><strong>aut</strong></span> <span class='ocrx_word' id='word_1_392' title='bbox 2373 2658 2542 2726; x_wconf 85' lang='lat' dir='ltr'><strong>aliam</strong></span> <span class='ocrx_word' id='word_1_393' title='bbox 2584 2657 2906 2726; x_wconf 88' lang='lat' dir='ltr'><strong>mulierem,</strong></span> <span class='ocrx_word' id='word_1_394' title='bbox 2946 2672 3077 2728; x_wconf 59' lang='lat' dir='ltr'><strong>quae</strong></span> <span class='ocrx_word' id='word_1_395' title='bbox 3120 2655 3607 2710; x_wconf 87' lang='lat' dir='ltr'><strong>sanctimonialem</strong></span> 
     </span>
    </p>
   </div>
   <div class='ocr_carea' id='block_1_58' title="bbox 1975 2747 3604 2822">
    <p class='ocr_par' dir='ltr' id='par_1_58' title="bbox 1975 2747 3604 2822">
     <span class='ocr_line' id='line_1_58' title="bbox 1975 2747 3604 2822; baseline -0.002 -16"><span class='ocrx_word' id='word_1_396' title='bbox 1975 2751 2142 2808; x_wconf 78' lang='lat' dir='ltr'><strong>vitam</strong></span> <span class='ocrx_word' id='word_1_397' title='bbox 2166 2752 2295 2806; x_wconf 88' lang='lat' dir='ltr'><strong>colit</strong></span> <span class='ocrx_word' id='word_1_398' title='bbox 2311 2751 2679 2822; x_wconf 85' lang='lat' dir='ltr'><strong>habitumque</strong></span> <span class='ocrx_word' id='word_1_399' title='bbox 2705 2755 2884 2822; x_wconf 82' lang='lat' dir='ltr'><strong>gestat</strong></span> <span class='ocrx_word' id='word_1_400' title='bbox 2905 2748 3178 2820; x_wconf 88' lang='lat' dir='ltr'><strong>rapuerit,</strong></span> <span class='ocrx_word' id='word_1_401' title='bbox 3211 2752 3312 2802; x_wconf 90' lang='lat' dir='ltr'><strong>aut</strong></span> <span class='ocrx_word' id='word_1_402' title='bbox 3341 2747 3604 2802; x_wconf 91' lang='lat' dir='ltr'><strong>sollicita-</strong></span> 
     </span>
    </p>
   </div>
   <div class='ocr_carea' id='block_1_59' title="bbox 1973 2841 3607 2916">
    <p class='ocr_par' dir='ltr' id='par_1_59' title="bbox 1973 2841 3607 2916">
     <span class='ocr_line' id='line_1_59' title="bbox 1973 2841 3607 2916; baseline -0.002 -16"><span class='ocrx_word' id='word_1_403' title='bbox 1973 2845 2136 2912; x_wconf 91' lang='lat' dir='ltr'><strong>verit,</strong></span> <span class='ocrx_word' id='word_1_404' title='bbox 2165 2850 2264 2900; x_wconf 90' lang='lat' dir='ltr'><strong>aut</strong></span> <span class='ocrx_word' id='word_1_405' title='bbox 2283 2843 2752 2916; x_wconf 85' lang='lat' dir='ltr'><strong>constupraverit,</strong></span> <span class='ocrx_word' id='word_1_406' title='bbox 2774 2843 3046 2914; x_wconf 87' lang='lat' dir='ltr'><strong>jubemus</strong></span> <span class='ocrx_word' id='word_1_407' title='bbox 3083 2846 3147 2896; x_wconf 90' lang='lat' dir='ltr'><strong>ut</strong></span> <span class='ocrx_word' id='word_1_408' title='bbox 3177 2844 3295 2895; x_wconf 89' lang='lat' dir='ltr'><strong>tam</strong></span> <span class='ocrx_word' id='word_1_409' title='bbox 3321 2841 3492 2913; x_wconf 85' lang='lat' dir='ltr'><strong>hujus</strong></span> <span class='ocrx_word' id='word_1_410' title='bbox 3517 2858 3607 2897; x_wconf 85' lang='lat' dir='ltr'><strong>res</strong></span> 
     </span>
    </p>
   </div>
   <div class='ocr_carea' id='block_1_60' title="bbox 1973 2933 3606 3011">
    <p class='ocr_par' dir='ltr' id='par_1_60' title="bbox 1973 2933 3606 3011">
     <span class='ocr_line' id='line_1_60' title="bbox 1973 2933 3606 3011; baseline -0.002 -17"><span class='ocrx_word' id='word_1_411' title='bbox 1973 2955 2144 3011; x_wconf 89' lang='lat' dir='ltr'><strong>quam</strong></span> <span class='ocrx_word' id='word_1_412' title='bbox 2163 2955 2358 2994; x_wconf 88' lang='lat' dir='ltr'><strong>eorum</strong></span> <span class='ocrx_word' id='word_1_413' title='bbox 2387 2938 2486 3010; x_wconf 90' lang='lat' dir='ltr'><strong>qui</strong></span> <span class='ocrx_word' id='word_1_414' title='bbox 2515 2937 2576 2992; x_wconf 89' lang='lat' dir='ltr'><strong>in</strong></span> <span class='ocrx_word' id='word_1_415' title='bbox 2605 2935 2930 3008; x_wconf 87' lang='lat' dir='ltr'><strong>hujusmodi</strong></span> <span class='ocrx_word' id='word_1_416' title='bbox 2967 2951 3026 2990; x_wconf 91' lang='lat' dir='ltr'><strong>se</strong></span> <span class='ocrx_word' id='word_1_417' title='bbox 3047 2935 3254 2990; x_wconf 90' lang='lat' dir='ltr'><strong>scelere</strong></span> <span class='ocrx_word' id='word_1_418' title='bbox 3276 2933 3408 2988; x_wconf 91' lang='lat' dir='ltr'><strong>huic</strong></span> <span class='ocrx_word' id='word_1_419' title='bbox 3429 2934 3606 2990; x_wconf 87' lang='lat' dir='ltr'><strong>socia-</strong></span> 
     </span>
    </p>
   </div>
   <div class='ocr_carea' id='block_1_61' title="bbox 1972 3027 3610 3102">
    <p class='ocr_par' dir='ltr' id='par_1_61' title="bbox 1972 3027 3610 3102">
     <span class='ocr_line' id='line_1_61' title="bbox 1972 3027 3610 3102; baseline -0.002 -15"><span class='ocrx_word' id='word_1_420' title='bbox 1972 3036 2129 3102; x_wconf 90' lang='lat' dir='ltr'><strong>runt,</strong></span> <span class='ocrx_word' id='word_1_421' title='bbox 2160 3031 2468 3086; x_wconf 80' lang='lat' dir='ltr'><strong>venerabili</strong></span> <span class='ocrx_word' id='word_1_422' title='bbox 2505 3031 2625 3084; x_wconf 92' lang='lat' dir='ltr'><strong>loco</strong></span> <span class='ocrx_word' id='word_1_423' title='bbox 2671 3030 2730 3084; x_wconf 92' lang='lat' dir='ltr'><strong>in</strong></span> <span class='ocrx_word' id='word_1_424' title='bbox 2770 3045 2884 3102; x_wconf 88' lang='lat' dir='ltr'><strong>quo</strong></span> <span class='ocrx_word' id='word_1_425' title='bbox 2927 3027 3054 3084; x_wconf 90' lang='lat' dir='ltr'><strong>talis</strong></span> <span class='ocrx_word' id='word_1_426' title='bbox 3083 3027 3291 3083; x_wconf 87' lang='lat' dir='ltr'><strong>mulier</strong></span> <span class='ocrx_word' id='word_1_427' title='bbox 3319 3027 3610 3084; x_wconf 83' lang='lat' dir='ltr'><strong>habitabat</strong></span> 
     </span>
    </p>
   </div>
   <div class='ocr_carea' id='block_1_62' title="bbox 241 3094 3602 3198">
    <p class='ocr_par' dir='ltr' id='par_1_62' title="bbox 241 3094 3602 3198">
     <span class='ocr_line' id='line_1_62' title="bbox 241 3094 3602 3198; baseline 0.001 -26"><span class='ocrx_word' id='word_1_428' title='bbox 241 3117 374 3184; x_wconf 88' lang='lat' dir='ltr'><strong>sint,</strong></span> <span class='ocrx_word' id='word_1_429' title='bbox 405 3119 521 3173; x_wconf 87' lang='lat' dir='ltr'><strong>sive</strong></span> <span class='ocrx_word' id='word_1_430' title='bbox 554 3135 758 3191; x_wconf 89' lang='lat' dir='ltr'><strong>sponsa</strong></span> <span class='ocrx_word' id='word_1_431' title='bbox 793 3122 1166 3177; x_wconf 87' lang='lat' dir='ltr'><strong>monasticam</strong></span> <span class='ocrx_word' id='word_1_432' title='bbox 1201 3123 1374 3178; x_wconf 88' lang='lat' dir='ltr'><strong>vitam</strong></span> <span class='ocrx_word' id='word_1_433' title='bbox 1405 3125 1598 3197; x_wconf 85' lang='lat' dir='ltr'><strong>eligat,</strong></span> <span class='ocrx_word' id='word_1_434' title='bbox 1627 3125 1726 3182; x_wconf 87' lang='lat' dir='ltr'><strong>illa</strong></span> <span class='ocrx_word' id='word_1_435' title='bbox 1753 3127 1874 3183; x_wconf 89' lang='lat' dir='ltr'><strong>sola</strong></span> <span class='ocrx_word' id='word_1_436' title='bbox 1892 3094 1948 3169; x_wconf 67' lang='grc' dir='ltr'>Ο</span> <span class='ocrx_word' id='word_1_437' title='bbox 1972 3142 2076 3198; x_wconf 89' lang='lat' dir='ltr'><strong>per</strong></span> <span class='ocrx_word' id='word_1_438' title='bbox 2089 3124 2537 3198; x_wconf 85' lang='lat' dir='ltr'><strong>religiosissimos</strong></span> <span class='ocrx_word' id='word_1_439' title='bbox 2560 3123 2818 3178; x_wconf 89' lang='lat' dir='ltr'><strong>locorum</strong></span> <span class='ocrx_word' id='word_1_440' title='bbox 2838 3122 3134 3194; x_wconf 86' lang='lat' dir='ltr'><strong>episcOpos</strong></span> <span class='ocrx_word' id='word_1_441' title='bbox 3154 3125 3432 3176; x_wconf 85' lang='lat' dir='ltr'><strong>eteorum</strong></span> <span class='ocrx_word' id='word_1_442' title='bbox 3451 3137 3602 3176; x_wconf 84' lang='lat' dir='ltr'><strong>oeco-</strong></span> 
     </span>
    </p>
   </div>
   <div class='ocr_carea' id='block_1_63' title="bbox 239 3212 1874 3291">
    <p class='ocr_par' dir='ltr' id='par_1_63' title="bbox 239 3212 1874 3291">
     <span class='ocr_line' id='line_1_63' title="bbox 239 3212 1874 3291; baseline 0.006 -26"><span class='ocrx_word' id='word_1_443' title='bbox 239 3212 484 3280; x_wconf 88' lang='lat' dir='ltr'><strong>reddito,</strong></span> <span class='ocrx_word' id='word_1_444' title='bbox 517 3228 646 3284; x_wconf 67' lang='lat' dir='ltr'><strong>qua:</strong></span> <span class='ocrx_word' id='word_1_445' title='bbox 679 3212 942 3269; x_wconf 88' lang='lat' dir='ltr'><strong>similiter</strong></span> <span class='ocrx_word' id='word_1_446' title='bbox 965 3215 1152 3270; x_wconf 73' lang='lat' dir='ltr'><strong>arrhse</strong></span> <span class='ocrx_word' id='word_1_447' title='bbox 1180 3216 1412 3272; x_wconf 90' lang='lat' dir='ltr'><strong>nomine</strong></span> <span class='ocrx_word' id='word_1_448' title='bbox 1437 3218 1676 3291; x_wconf 89' lang='lat' dir='ltr'><strong>accepit.</strong></span> <span class='ocrx_word' id='word_1_449' title='bbox 1704 3221 1874 3276; x_wconf 77' lang='lat' dir='ltr'><strong>Poma</strong></span> 
     </span>
    </p>
   </div>
   <div class='ocr_carea' id='block_1_64' title="bbox 240 3305 1872 3380">
    <p class='ocr_par' dir='ltr' id='par_1_64' title="bbox 240 3305 1872 3380">
     <span class='ocr_line' id='line_1_64' title="bbox 240 3305 1872 3380; baseline 0.006 -21"><span class='ocrx_word' id='word_1_450' title='bbox 240 3305 472 3376; x_wconf 85' lang='lat' dir='ltr'><strong>utrique</strong></span> <span class='ocrx_word' id='word_1_451' title='bbox 501 3321 760 3377; x_wconf 59' lang='lat' dir='ltr'><strong>persona</strong></span> <span class='ocrx_word' id='word_1_452' title='bbox 789 3323 892 3377; x_wconf 91' lang='lat' dir='ltr'><strong>per</strong></span> <span class='ocrx_word' id='word_1_453' title='bbox 909 3307 1324 3380; x_wconf 87' lang='lat' dir='ltr'><strong>indulgentiam</strong></span> <span class='ocrx_word' id='word_1_454' title='bbox 1353 3311 1610 3366; x_wconf 88' lang='lat' dir='ltr'><strong>remissa.</strong></span> <span class='ocrx_word' id='word_1_455' title='bbox 1641 3313 1802 3377; x_wconf 87' lang='lat' dir='ltr'><strong>Quod</strong></span> <span class='ocrx_word' id='word_1_456' title='bbox 1827 3313 1872 3368; x_wconf 90' lang='lat' dir='ltr'><strong>si</strong></span> 
     </span>
    </p>
   </div>
   <div class='ocr_carea' id='block_1_65' title="bbox 239 3398 1873 3473">
    <p class='ocr_par' dir='ltr' id='par_1_65' title="bbox 239 3398 1873 3473">
     <span class='ocr_line' id='line_1_65' title="bbox 239 3398 1873 3473; baseline 0.006 -21"><span class='ocrx_word' id='word_1_457' title='bbox 239 3403 533 3453; x_wconf 83' lang='lat' dir='ltr'><strong>constante</strong></span> <span class='ocrx_word' id='word_1_458' title='bbox 573 3398 760 3454; x_wconf 89' lang='lat' dir='ltr'><strong>adhuc</strong></span> <span class='ocrx_word' id='word_1_459' title='bbox 804 3400 1177 3456; x_wconf 86' lang='lat' dir='ltr'><strong>matrimonio</strong></span> <span class='ocrx_word' id='word_1_460' title='bbox 1207 3403 1294 3457; x_wconf 85' lang='lat' dir='ltr'><strong>vel</strong></span> <span class='ocrx_word' id='word_1_461' title='bbox 1318 3404 1558 3458; x_wconf 90' lang='lat' dir='ltr'><strong>maritus</strong></span> <span class='ocrx_word' id='word_1_462' title='bbox 1583 3406 1752 3473; x_wconf 85' lang='lat' dir='ltr'><strong>solus,</strong></span> <span class='ocrx_word' id='word_1_463' title='bbox 1784 3406 1873 3461; x_wconf 89' lang='lat' dir='ltr'><strong>vel</strong></span> 
     </span>
    </p>
   </div>
   <div class='ocr_carea' id='block_1_66' title="bbox 241 3491 1870 3566">
    <p class='ocr_par' dir='ltr' id='par_1_66' title="bbox 241 3491 1870 3566">
     <span class='ocr_line' id='line_1_66' title="bbox 241 3491 1870 3566; baseline 0.006 -21"><span class='ocrx_word' id='word_1_464' title='bbox 241 3507 390 3547; x_wconf 85' lang='lat' dir='ltr'><strong>uxor</strong></span> <span class='ocrx_word' id='word_1_465' title='bbox 415 3491 536 3546; x_wconf 88' lang='lat' dir='ltr'><strong>sola</strong></span> <span class='ocrx_word' id='word_1_466' title='bbox 561 3492 972 3548; x_wconf 88' lang='lat' dir='ltr'><strong>monasterium</strong></span> <span class='ocrx_word' id='word_1_467' title='bbox 994 3493 1374 3566; x_wconf 87' lang='lat' dir='ltr'><strong>ingrediatur,</strong></span> <span class='ocrx_word' id='word_1_468' title='bbox 1405 3497 1722 3554; x_wconf 88' lang='lat' dir='ltr'><strong>dissolvitor</strong></span> <span class='ocrx_word' id='word_1_469' title='bbox 1747 3515 1870 3554; x_wconf 88' lang='lat' dir='ltr'><strong>ma-</strong></span> 
     </span>
    </p>
   </div>
   <div class='ocr_carea' id='block_1_67' title="bbox 237 3584 1869 3664">
    <p class='ocr_par' dir='ltr' id='par_1_67' title="bbox 237 3584 1869 3664">
     <span class='ocr_line' id='line_1_67' title="bbox 237 3584 1869 3664; baseline 0.004 -23"><span class='ocrx_word' id='word_1_470' title='bbox 237 3584 574 3641; x_wconf 89' lang='lat' dir='ltr'><strong>trimonium</strong></span> <span class='ocrx_word' id='word_1_471' title='bbox 600 3587 685 3640; x_wconf 92' lang='lat' dir='ltr'><strong>vel</strong></span> <span class='ocrx_word' id='word_1_472' title='bbox 727 3585 850 3641; x_wconf 90' lang='lat' dir='ltr'><strong>sine</strong></span> <span class='ocrx_word' id='word_1_473' title='bbox 887 3586 1080 3642; x_wconf 90' lang='lat' dir='ltr'><strong>libello</strong></span> <span class='ocrx_word' id='word_1_474' title='bbox 1105 3588 1362 3660; x_wconf 89' lang='lat' dir='ltr'><strong>repudii,</strong></span> <span class='ocrx_word' id='word_1_475' title='bbox 1396 3589 1565 3645; x_wconf 90' lang='lat' dir='ltr'><strong>simul</strong></span> <span class='ocrx_word' id='word_1_476' title='bbox 1589 3595 1758 3664; x_wconf 89' lang='lat' dir='ltr'><strong>atque</strong></span> <span class='ocrx_word' id='word_1_477' title='bbox 1784 3598 1869 3648; x_wconf 90' lang='lat' dir='ltr'><strong>ta-</strong></span> 
     </span>
    </p>
   </div>
   <div class='ocr_carea' id='block_1_68' title="bbox 239 3679 1872 3754">
    <p class='ocr_par' dir='ltr' id='par_1_68' title="bbox 239 3679 1872 3754">
     <span class='ocr_line' id='line_1_68' title="bbox 239 3679 1872 3754; baseline 0.007 -23"><span class='ocrx_word' id='word_1_478' title='bbox 239 3694 378 3733; x_wconf 89' lang='lat' dir='ltr'><strong>men</strong></span> <span class='ocrx_word' id='word_1_479' title='bbox 407 3694 650 3749; x_wconf 90' lang='lat' dir='ltr'><strong>persona</strong></span> <span class='ocrx_word' id='word_1_480' title='bbox 668 3693 795 3750; x_wconf 68' lang='lat' dir='ltr'><strong>quae</strong></span> <span class='ocrx_word' id='word_1_481' title='bbox 821 3679 1232 3736; x_wconf 87' lang='lat' dir='ltr'><strong>monasterium</strong></span> <span class='ocrx_word' id='word_1_482' title='bbox 1257 3682 1582 3754; x_wconf 89' lang='lat' dir='ltr'><strong>ingreditur</strong></span> <span class='ocrx_word' id='word_1_483' title='bbox 1609 3687 1872 3742; x_wconf 87' lang='lat' dir='ltr'><strong>monasti-</strong></span> 
     </span>
    </p>
   </div>
   <div class='ocr_carea' id='block_1_69' title="bbox 238 3771 1867 3846">
    <p class='ocr_par' dir='ltr' id='par_1_69' title="bbox 238 3771 1867 3846">
     <span class='ocr_line' id='line_1_69' title="bbox 238 3771 1867 3846; baseline 0.006 -20"><span class='ocrx_word' id='word_1_484' title='bbox 238 3785 372 3826; x_wconf 89' lang='lat' dir='ltr'><strong>cum</strong></span> <span class='ocrx_word' id='word_1_485' title='bbox 398 3771 656 3826; x_wconf 89' lang='lat' dir='ltr'><strong>habitum</strong></span> <span class='ocrx_word' id='word_1_486' title='bbox 687 3773 1019 3844; x_wconf 90' lang='lat' dir='ltr'><strong>susceperit.</strong></span> <span class='ocrx_word' id='word_1_487' title='bbox 1048 3775 1116 3830; x_wconf 89' lang='lat' dir='ltr'><strong>Et</strong></span> <span class='ocrx_word' id='word_1_488' title='bbox 1139 3775 1374 3846; x_wconf 90' lang='lat' dir='ltr'><strong>quidem</strong></span> <span class='ocrx_word' id='word_1_489' title='bbox 1401 3775 1450 3830; x_wconf 91' lang='lat' dir='ltr'><strong>si</strong></span> <span class='ocrx_word' id='word_1_490' title='bbox 1479 3777 1718 3834; x_wconf 89' lang='lat' dir='ltr'><strong>maritus</strong></span> <span class='ocrx_word' id='word_1_491' title='bbox 1743 3797 1867 3835; x_wconf 89' lang='lat' dir='ltr'><strong>mo-</strong></span> 
     </span>
    </p>
   </div>
   <div class='ocr_carea' id='block_1_70' title="bbox 237 3864 1868 3937">
    <p class='ocr_par' dir='ltr' id='par_1_70' title="bbox 237 3864 1868 3937">
     <span class='ocr_line' id='line_1_70' title="bbox 237 3864 1868 3937; baseline 0.006 -17"><span class='ocrx_word' id='word_1_492' title='bbox 237 3865 512 3920; x_wconf 89' lang='lat' dir='ltr'><strong>nasticam</strong></span> <span class='ocrx_word' id='word_1_493' title='bbox 537 3864 714 3920; x_wconf 89' lang='lat' dir='ltr'><strong>vitam</strong></span> <span class='ocrx_word' id='word_1_494' title='bbox 741 3865 1032 3937; x_wconf 90' lang='lat' dir='ltr'><strong>delegerit,</strong></span> <span class='ocrx_word' id='word_1_495' title='bbox 1065 3867 1346 3923; x_wconf 89' lang='lat' dir='ltr'><strong>restituito</strong></span> <span class='ocrx_word' id='word_1_496' title='bbox 1367 3869 1598 3926; x_wconf 91' lang='lat' dir='ltr'><strong>mulieri</strong></span> <span class='ocrx_word' id='word_1_497' title='bbox 1625 3875 1739 3928; x_wconf 89' lang='lat' dir='ltr'><strong>tam</strong></span> <span class='ocrx_word' id='word_1_498' title='bbox 1767 3873 1868 3928; x_wconf 92' lang='lat' dir='ltr'><strong>d0-</strong></span> 
     </span>
    </p>
   </div>
   <div class='ocr_carea' id='block_1_71' title="bbox 237 3956 1870 4037">
    <p class='ocr_par' dir='ltr' id='par_1_71' title="bbox 237 3956 1870 4037">
     <span class='ocr_line' id='line_1_71' title="bbox 237 3956 1870 4037; baseline 0.006 -24"><span class='ocrx_word' id='word_1_499' title='bbox 237 3962 376 4026; x_wconf 89' lang='lat' dir='ltr'><strong>tem,</strong></span> <span class='ocrx_word' id='word_1_500' title='bbox 403 3962 460 4012; x_wconf 89' lang='lat' dir='ltr'><strong>et</strong></span> <span class='ocrx_word' id='word_1_501' title='bbox 485 3956 532 4011; x_wconf 89' lang='lat' dir='ltr'><strong>si</strong></span> <span class='ocrx_word' id='word_1_502' title='bbox 553 3957 694 4028; x_wconf 90' lang='lat' dir='ltr'><strong>quid</strong></span> <span class='ocrx_word' id='word_1_503' title='bbox 731 3958 884 4013; x_wconf 89' lang='lat' dir='ltr'><strong>aliud</strong></span> <span class='ocrx_word' id='word_1_504' title='bbox 900 3959 971 4013; x_wconf 89' lang='lat' dir='ltr'><strong>ab</strong></span> <span class='ocrx_word' id='word_1_505' title='bbox 993 3975 1060 4014; x_wconf 88' lang='lat' dir='ltr'><strong>ea</strong></span> <span class='ocrx_word' id='word_1_506' title='bbox 1079 3959 1333 4032; x_wconf 89' lang='lat' dir='ltr'><strong>percepit</strong></span> <span class='ocrx_word' id='word_1_507' title='bbox 1349 3977 1520 4034; x_wconf 88' lang='lat' dir='ltr'><strong>quam</strong></span> <span class='ocrx_word' id='word_1_508' title='bbox 1537 3963 1776 4037; x_wconf 89' lang='lat' dir='ltr'><strong>insuper</strong></span> <span class='ocrx_word' id='word_1_509' title='bbox 1801 3983 1870 4022; x_wconf 85' lang='lat' dir='ltr'><strong>ex</strong></span> 
     </span>
    </p>
   </div>
   <div class='ocr_carea' id='block_1_72' title="bbox 237 4049 1867 4130">
    <p class='ocr_par' dir='ltr' id='par_1_72' title="bbox 237 4049 1867 4130">
     <span class='ocr_line' id='line_1_72' title="bbox 237 4049 1867 4130; baseline 0.006 -24"><span class='ocrx_word' id='word_1_510' title='bbox 237 4049 483 4122; x_wconf 87' lang='lat' dir='ltr'><strong>nuptiali</strong></span> <span class='ocrx_word' id='word_1_511' title='bbox 507 4051 810 4106; x_wconf 86' lang='lat' dir='ltr'><strong>donatione</strong></span> <span class='ocrx_word' id='word_1_512' title='bbox 829 4056 946 4107; x_wconf 87' lang='lat' dir='ltr'><strong>tam</strong></span> <span class='ocrx_word' id='word_1_513' title='bbox 975 4068 1241 4126; x_wconf 89' lang='lat' dir='ltr'><strong>magnam</strong></span> <span class='ocrx_word' id='word_1_514' title='bbox 1259 4058 1480 4126; x_wconf 88' lang='lat' dir='ltr'><strong>partem</strong></span> <span class='ocrx_word' id='word_1_515' title='bbox 1507 4061 1721 4130; x_wconf 89' lang='lat' dir='ltr'><strong>quanta</strong></span> <span class='ocrx_word' id='word_1_516' title='bbox 1741 4075 1867 4115; x_wconf 87' lang='lat' dir='ltr'><strong>mu-</strong></span> 
     </span>
    </p>
   </div>
   <div class='ocr_carea' id='block_1_73' title="bbox 239 4143 1870 4224">
    <p class='ocr_par' dir='ltr' id='par_1_73' title="bbox 239 4143 1870 4224">
     <span class='ocr_line' id='line_1_73' title="bbox 239 4143 1870 4224; baseline 0.006 -24"><span class='ocrx_word' id='word_1_517' title='bbox 239 4143 369 4200; x_wconf 86' lang='lat' dir='ltr'><strong>lieri</strong></span> <span class='ocrx_word' id='word_1_518' title='bbox 398 4143 759 4214; x_wconf 89' lang='lat' dir='ltr'><strong>competisset</strong></span> <span class='ocrx_word' id='word_1_519' title='bbox 789 4160 855 4200; x_wconf 89' lang='lat' dir='ltr'><strong>ex</strong></span> <span class='ocrx_word' id='word_1_520' title='bbox 881 4149 1067 4200; x_wconf 90' lang='lat' dir='ltr'><strong>morte</strong></span> <span class='ocrx_word' id='word_1_521' title='bbox 1095 4147 1288 4204; x_wconf 86' lang='lat' dir='ltr'><strong>mariti</strong></span> <span class='ocrx_word' id='word_1_522' title='bbox 1306 4150 1621 4206; x_wconf 88' lang='lat' dir='ltr'><strong>secundum</strong></span> <span class='ocrx_word' id='word_1_523' title='bbox 1641 4159 1870 4224; x_wconf 89' lang='lat' dir='ltr'><strong>pactum</strong></span> 
     </span>
    </p>
   </div>
   <div class='ocr_carea' id='block_1_74' title="bbox 241 4237 1867 4310">
    <p class='ocr_par' dir='ltr' id='par_1_74' title="bbox 241 4237 1867 4310">
     <span class='ocr_line' id='line_1_74' title="bbox 241 4237 1867 4310; baseline 0.005 -16"><span class='ocrx_word' id='word_1_524' title='bbox 241 4243 587 4294; x_wconf 90' lang='lat' dir='ltr'><strong>conventum</strong></span> <span class='ocrx_word' id='word_1_525' title='bbox 605 4237 759 4310; x_wconf 90' lang='lat' dir='ltr'><strong>quod</strong></span> <span class='ocrx_word' id='word_1_526' title='bbox 775 4239 1056 4294; x_wconf 88' lang='lat' dir='ltr'><strong>dotalibus</strong></span> <span class='ocrx_word' id='word_1_527' title='bbox 1070 4239 1462 4298; x_wconf 87' lang='lat' dir='ltr'><strong>instrumentis</strong></span> <span class='ocrx_word' id='word_1_528' title='bbox 1477 4243 1750 4302; x_wconf 88' lang='lat' dir='ltr'><strong>insertum</strong></span> <span class='ocrx_word' id='word_1_529' title='bbox 1763 4251 1867 4302; x_wconf 89' lang='lat' dir='ltr'><strong>est.</strong></span> 
     </span>
    </p>
   </div>
   <div class='ocr_carea' id='block_1_75' title="bbox 243 4330 1869 4408">
    <p class='ocr_par' dir='ltr' id='par_1_75' title="bbox 243 4330 1869 4408">
     <span class='ocr_line' id='line_1_75' title="bbox 243 4330 1869 4408; baseline 0.005 -21"><span class='ocrx_word' id='word_1_530' title='bbox 243 4331 340 4387; x_wconf 87' lang='lat' dir='ltr'><strong>Sin</strong></span> <span class='ocrx_word' id='word_1_531' title='bbox 393 4330 599 4386; x_wconf 90' lang='lat' dir='ltr'><strong>mulier</strong></span> <span class='ocrx_word' id='word_1_532' title='bbox 645 4332 1053 4388; x_wconf 85' lang='lat' dir='ltr'><strong>monasterium</strong></span> <span class='ocrx_word' id='word_1_533' title='bbox 1115 4334 1375 4407; x_wconf 89' lang='lat' dir='ltr'><strong>ingressa</strong></span> <span class='ocrx_word' id='word_1_534' title='bbox 1438 4335 1528 4408; x_wconf 91' lang='lat' dir='ltr'><strong>sit,</strong></span> <span class='ocrx_word' id='word_1_535' title='bbox 1593 4339 1869 4394; x_wconf 90' lang='lat' dir='ltr'><strong>consimili</strong></span> 
     </span>
    </p>
   </div>
   <div class='ocr_carea' id='block_1_76' title="bbox 1973 3213 3606 3290">
    <p class='ocr_par' dir='ltr' id='par_1_76' title="bbox 1973 3213 3606 3290">
     <span class='ocr_line' id='line_1_76' title="bbox 1973 3213 3606 3290; baseline -0.004 -16"><span class='ocrx_word' id='word_1_536' title='bbox 1973 3235 2192 3287; x_wconf 90' lang='lat' dir='ltr'><strong>nomos,</strong></span> <span class='ocrx_word' id='word_1_537' title='bbox 2225 3233 2412 3290; x_wconf 88' lang='lat' dir='ltr'><strong>neque</strong></span> <span class='ocrx_word' id='word_1_538' title='bbox 2437 3233 2555 3272; x_wconf 93' lang='lat' dir='ltr'><strong>non</strong></span> <span class='ocrx_word' id='word_1_539' title='bbox 2593 3219 2651 3270; x_wconf 91' lang='lat' dir='ltr'><strong>et</strong></span> <span class='ocrx_word' id='word_1_540' title='bbox 2684 3217 2956 3287; x_wconf 90' lang='lat' dir='ltr'><strong>cujusque</strong></span> <span class='ocrx_word' id='word_1_541' title='bbox 3001 3213 3300 3286; x_wconf 74' lang='lat' dir='ltr'><strong>provinciae</strong></span> <span class='ocrx_word' id='word_1_542' title='bbox 3337 3213 3606 3284; x_wconf 71' lang='lat' dir='ltr'><strong>praesides</strong></span> 
     </span>
    </p>
   </div>
   <div class='ocr_carea' id='block_1_77' title="bbox 1971 3306 3598 3371">
    <p class='ocr_par' dir='ltr' id='par_1_77' title="bbox 1971 3306 3598 3371">
     <span class='ocr_line' id='line_1_77' title="bbox 1971 3306 3598 3371; baseline -0.004 -5"><span class='ocrx_word' id='word_1_543' title='bbox 1971 3329 2035 3366; x_wconf 89' lang='lat' dir='ltr'><strong>ac</strong></span> <span class='ocrx_word' id='word_1_544' title='bbox 2063 3312 2318 3366; x_wconf 89' lang='lat' dir='ltr'><strong>cohortes</strong></span> <span class='ocrx_word' id='word_1_545' title='bbox 2355 3325 2552 3366; x_wconf 89' lang='lat' dir='ltr'><strong>eorum</strong></span> <span class='ocrx_word' id='word_1_546' title='bbox 2582 3308 2956 3364; x_wconf 89' lang='lat' dir='ltr'><strong>vindicentur.</strong></span> <span class='ocrx_word' id='word_1_547' title='bbox 2987 3307 3092 3371; x_wconf 89' lang='lat' dir='ltr'><strong>Qui</strong></span> <span class='ocrx_word' id='word_1_548' title='bbox 3133 3323 3265 3361; x_wconf 88' lang='lat' dir='ltr'><strong>vero</strong></span> <span class='ocrx_word' id='word_1_549' title='bbox 3294 3307 3422 3360; x_wconf 89' lang='lat' dir='ltr'><strong>talia</strong></span> <span class='ocrx_word' id='word_1_550' title='bbox 3455 3306 3598 3361; x_wconf 90' lang='lat' dir='ltr'><strong>deli-</strong></span> 
     </span>
    </p>
   </div>
   <div class='ocr_carea' id='block_1_78' title="bbox 1973 3399 3600 3476">
    <p class='ocr_par' dir='ltr' id='par_1_78' title="bbox 1973 3399 3600 3476">
     <span class='ocr_line' id='line_1_78' title="bbox 1973 3399 3600 3476; baseline -0.004 -17"><span class='ocrx_word' id='word_1_551' title='bbox 1973 3407 2239 3476; x_wconf 88' lang='lat' dir='ltr'><strong>querunt,</strong></span> <span class='ocrx_word' id='word_1_552' title='bbox 2281 3408 2381 3458; x_wconf 88' lang='lat' dir='ltr'><strong>aut</strong></span> <span class='ocrx_word' id='word_1_553' title='bbox 2421 3401 2644 3457; x_wconf 89' lang='lat' dir='ltr'><strong>sceleris</strong></span> <span class='ocrx_word' id='word_1_554' title='bbox 2673 3417 2804 3455; x_wconf 91' lang='lat' dir='ltr'><strong>cum</strong></span> <span class='ocrx_word' id='word_1_555' title='bbox 2849 3400 2986 3472; x_wconf 89' lang='lat' dir='ltr'><strong>ipsis</strong></span> <span class='ocrx_word' id='word_1_556' title='bbox 3025 3399 3350 3454; x_wconf 87' lang='lat' dir='ltr'><strong>societatem</strong></span> <span class='ocrx_word' id='word_1_557' title='bbox 3386 3399 3600 3454; x_wconf 88' lang='lat' dir='ltr'><strong>habue-</strong></span> 
     </span>
    </p>
   </div>
   <div class='ocr_carea' id='block_1_79' title="bbox 1969 3492 3601 3569">
    <p class='ocr_par' dir='ltr' id='par_1_79' title="bbox 1969 3492 3601 3569">
     <span class='ocr_line' id='line_1_79' title="bbox 1969 3492 3601 3569; baseline -0.003 -16"><span class='ocrx_word' id='word_1_558' title='bbox 1969 3502 2124 3566; x_wconf 90' lang='lat' dir='ltr'><strong>runt,</strong></span> <span class='ocrx_word' id='word_1_559' title='bbox 2155 3497 2470 3569; x_wconf 91' lang='lat' dir='ltr'><strong>periculum</strong></span> <span class='ocrx_word' id='word_1_560' title='bbox 2497 3495 2648 3568; x_wconf 91' lang='lat' dir='ltr'><strong>quod</strong></span> <span class='ocrx_word' id='word_1_561' title='bbox 2691 3511 2761 3550; x_wconf 87' lang='lat' dir='ltr'><strong>ex</strong></span> <span class='ocrx_word' id='word_1_562' title='bbox 2799 3495 2927 3566; x_wconf 90' lang='lat' dir='ltr'><strong>lege</strong></span> <span class='ocrx_word' id='word_1_563' title='bbox 2955 3492 3244 3564; x_wconf 88' lang='lat' dir='ltr'><strong>irrogatur</strong></span> <span class='ocrx_word' id='word_1_564' title='bbox 3267 3492 3601 3548; x_wconf 88' lang='lat' dir='ltr'><strong>sustineant.</strong></span> 
     </span>
    </p>
   </div>
   <div class='ocr_carea' id='block_1_80' title="bbox 1971 3586 3604 3663">
    <p class='ocr_par' dir='ltr' id='par_1_80' title="bbox 1971 3586 3604 3663">
     <span class='ocr_line' id='line_1_80' title="bbox 1971 3586 3604 3663; baseline -0.004 -17"><span class='ocrx_word' id='word_1_565' title='bbox 1971 3591 2259 3663; x_wconf 71' lang='lat' dir='ltr'><strong>Ejusmodi</strong></span> <span class='ocrx_word' id='word_1_566' title='bbox 2290 3606 2515 3663; x_wconf 89' lang='lat' dir='ltr'><strong>quoque</strong></span> <span class='ocrx_word' id='word_1_567' title='bbox 2541 3589 2752 3644; x_wconf 90' lang='lat' dir='ltr'><strong>mulier</strong></span> <span class='ocrx_word' id='word_1_568' title='bbox 2783 3587 2991 3659; x_wconf 88' lang='lat' dir='ltr'><strong>ubique</strong></span> <span class='ocrx_word' id='word_1_569' title='bbox 3016 3586 3358 3659; x_wconf 88' lang='lat' dir='ltr'><strong>requiratur,</strong></span> <span class='ocrx_word' id='word_1_570' title='bbox 3387 3589 3444 3640; x_wconf 88' lang='lat' dir='ltr'><strong>et</strong></span> <span class='ocrx_word' id='word_1_571' title='bbox 3471 3601 3604 3640; x_wconf 89' lang='lat' dir='ltr'><strong>cum</strong></span> 
     </span>
    </p>
   </div>
   <div class='ocr_carea' id='block_1_81' title="bbox 1969 3679 3601 3755">
    <p class='ocr_par' dir='ltr' id='par_1_81' title="bbox 1969 3679 3601 3755">
     <span class='ocr_line' id='line_1_81' title="bbox 1969 3679 3601 3755; baseline -0.004 -15"><span class='ocrx_word' id='word_1_572' title='bbox 1969 3685 2138 3740; x_wconf 90' lang='lat' dir='ltr'><strong>rebus</strong></span> <span class='ocrx_word' id='word_1_573' title='bbox 2168 3685 2282 3740; x_wconf 89' lang='lat' dir='ltr'><strong>suis</strong></span> <span class='ocrx_word' id='word_1_574' title='bbox 2309 3683 2643 3755; x_wconf 88' lang='lat' dir='ltr'><strong>conjiciatur</strong></span> <span class='ocrx_word' id='word_1_575' title='bbox 2671 3683 2730 3737; x_wconf 91' lang='lat' dir='ltr'><strong>in</strong></span> <span class='ocrx_word' id='word_1_576' title='bbox 2764 3681 3188 3750; x_wconf 71' lang='lat' dir='ltr'><strong>monasterium,</strong></span> <span class='ocrx_word' id='word_1_577' title='bbox 3233 3679 3293 3734; x_wconf 91' lang='lat' dir='ltr'><strong>in</strong></span> <span class='ocrx_word' id='word_1_578' title='bbox 3321 3694 3434 3752; x_wconf 91' lang='lat' dir='ltr'><strong>quo</strong></span> <span class='ocrx_word' id='word_1_579' title='bbox 3463 3695 3601 3735; x_wconf 86' lang='lat' dir='ltr'><strong>cau-</strong></span> 
     </span>
    </p>
   </div>
   <div class='ocr_carea' id='block_1_82' title="bbox 1969 3773 3606 3850">
    <p class='ocr_par' dir='ltr' id='par_1_82' title="bbox 1969 3773 3606 3850">
     <span class='ocr_line' id='line_1_82' title="bbox 1969 3773 3606 3850; baseline -0.002 -16"><span class='ocrx_word' id='word_1_580' title='bbox 1969 3779 2081 3834; x_wconf 92' lang='lat' dir='ltr'><strong>tius</strong></span> <span class='ocrx_word' id='word_1_581' title='bbox 2107 3777 2376 3834; x_wconf 85' lang='lat' dir='ltr'><strong>asservari</strong></span> <span class='ocrx_word' id='word_1_582' title='bbox 2403 3779 2603 3850; x_wconf 87' lang='lat' dir='ltr'><strong>possit,</strong></span> <span class='ocrx_word' id='word_1_583' title='bbox 2645 3793 2717 3832; x_wconf 87' lang='lat' dir='ltr'><strong>ne</strong></span> <span class='ocrx_word' id='word_1_584' title='bbox 2742 3792 2938 3831; x_wconf 89' lang='lat' dir='ltr'><strong>rursus</strong></span> <span class='ocrx_word' id='word_1_585' title='bbox 2967 3775 3026 3830; x_wconf 90' lang='lat' dir='ltr'><strong>in</strong></span> <span class='ocrx_word' id='word_1_586' title='bbox 3059 3773 3262 3831; x_wconf 85' lang='lat' dir='ltr'><strong>eodem</strong></span> <span class='ocrx_word' id='word_1_587' title='bbox 3291 3773 3606 3846; x_wconf 89' lang='lat' dir='ltr'><strong>deprehen-</strong></span> 
     </span>
    </p>
   </div>
   <div class='ocr_carea' id='block_1_83' title="bbox 1971 3866 3601 3934">
    <p class='ocr_par' dir='ltr' id='par_1_83' title="bbox 1971 3866 3601 3934">
     <span class='ocr_line' id='line_1_83' title="bbox 1971 3866 3601 3934; baseline -0.002 -8"><span class='ocrx_word' id='word_1_588' title='bbox 1971 3872 2138 3926; x_wconf 88' lang='lat' dir='ltr'><strong>datur</strong></span> <span class='ocrx_word' id='word_1_589' title='bbox 2159 3870 2416 3926; x_wconf 91' lang='lat' dir='ltr'><strong>crimine.</strong></span> <span class='ocrx_word' id='word_1_590' title='bbox 2451 3871 2616 3927; x_wconf 88' lang='lat' dir='ltr'><strong>Plane</strong></span> <span class='ocrx_word' id='word_1_591' title='bbox 2646 3870 2694 3924; x_wconf 89' lang='lat' dir='ltr'><strong>si</strong></span> <span class='ocrx_word' id='word_1_592' title='bbox 2720 3868 3030 3924; x_wconf 87' lang='lat' dir='ltr'><strong>diaconissa</strong></span> <span class='ocrx_word' id='word_1_593' title='bbox 3068 3866 3160 3934; x_wconf 91' lang='lat' dir='ltr'><strong>sit,</strong></span> <span class='ocrx_word' id='word_1_594' title='bbox 3206 3872 3262 3924; x_wconf 91' lang='lat' dir='ltr'><strong>et</strong></span> <span class='ocrx_word' id='word_1_595' title='bbox 3302 3866 3452 3923; x_wconf 87' lang='lat' dir='ltr'><strong>ﬁlios</strong></span> <span class='ocrx_word' id='word_1_596' title='bbox 3498 3867 3601 3922; x_wconf 85' lang='lat' dir='ltr'><strong>ha-</strong></span> 
     </span>
    </p>
   </div>
   <div class='ocr_carea' id='block_1_84' title="bbox 1966 3961 3604 4038">
    <p class='ocr_par' dir='ltr' id='par_1_84' title="bbox 1966 3961 3604 4038">
     <span class='ocr_line' id='line_1_84' title="bbox 1966 3961 3604 4038; baseline -0.002 -18"><span class='ocrx_word' id='word_1_597' title='bbox 1966 3965 2100 4021; x_wconf 90' lang='lat' dir='ltr'><strong>beat</strong></span> <span class='ocrx_word' id='word_1_598' title='bbox 2125 3965 2427 4038; x_wconf 86' lang='lat' dir='ltr'><strong>legitimos,</strong></span> <span class='ocrx_word' id='word_1_599' title='bbox 2453 3964 2710 4036; x_wconf 87' lang='lat' dir='ltr'><strong>legitima</strong></span> <span class='ocrx_word' id='word_1_600' title='bbox 2738 3979 2868 4036; x_wconf 86' lang='lat' dir='ltr'><strong>pars</strong></span> <span class='ocrx_word' id='word_1_601' title='bbox 2897 3963 3059 4018; x_wconf 87' lang='lat' dir='ltr'><strong>dator</strong></span> <span class='ocrx_word' id='word_1_602' title='bbox 3080 3961 3234 4016; x_wconf 88' lang='lat' dir='ltr'><strong>ﬁliis.</strong></span> <span class='ocrx_word' id='word_1_603' title='bbox 3256 3961 3311 4018; x_wconf 91' lang='lat' dir='ltr'><strong>Si</strong></span> <span class='ocrx_word' id='word_1_604' title='bbox 3337 3961 3488 4016; x_wconf 89' lang='lat' dir='ltr'><strong>intra</strong></span> <span class='ocrx_word' id='word_1_605' title='bbox 3505 3977 3604 4016; x_wconf 87' lang='lat' dir='ltr'><strong>an-</strong></span> 
     </span>
    </p>
   </div>
   <div class='ocr_carea' id='block_1_85' title="bbox 1969 4053 3603 4132">
    <p class='ocr_par' dir='ltr' id='par_1_85' title="bbox 1969 4053 3603 4132">
     <span class='ocr_line' id='line_1_85' title="bbox 1969 4053 3603 4132; baseline -0.004 -18"><span class='ocrx_word' id='word_1_606' title='bbox 1969 4075 2300 4132; x_wconf 73' lang='lat' dir='ltr'><strong>num&#39;quam</strong></span> <span class='ocrx_word' id='word_1_607' title='bbox 2328 4057 2608 4130; x_wconf 88' lang='lat' dir='ltr'><strong>ejusmodi</strong></span> <span class='ocrx_word' id='word_1_608' title='bbox 2628 4057 2806 4112; x_wconf 91' lang='lat' dir='ltr'><strong>scelus</strong></span> <span class='ocrx_word' id='word_1_609' title='bbox 2825 4055 3090 4122; x_wconf 89' lang='lat' dir='ltr'><strong>innotuit,</strong></span> <span class='ocrx_word' id='word_1_610' title='bbox 3111 4053 3430 4108; x_wconf 89' lang='lat' dir='ltr'><strong>istiusmodi</strong></span> <span class='ocrx_word' id='word_1_611' title='bbox 3449 4069 3540 4108; x_wconf 90' lang='lat' dir='ltr'><strong>res</strong></span> <span class='ocrx_word' id='word_1_612' title='bbox 3567 4070 3603 4108; x_wconf 88' lang='lat' dir='ltr'><strong>a</strong></span> 
     </span>
    </p>
   </div>
   <div class='ocr_carea' id='block_1_86' title="bbox 1969 4145 3598 4217">
    <p class='ocr_par' dir='ltr' id='par_1_86' title="bbox 1969 4145 3598 4217">
     <span class='ocr_line' id='line_1_86' title="bbox 1969 4145 3598 4217; baseline -0.004 -10"><span class='ocrx_word' id='word_1_613' title='bbox 1969 4153 2378 4210; x_wconf 89' lang='lat' dir='ltr'><strong>venerabilibus</strong></span> <span class='ocrx_word' id='word_1_614' title='bbox 2403 4151 2664 4208; x_wconf 91' lang='lat' dir='ltr'><strong>domibus</strong></span> <span class='ocrx_word' id='word_1_615' title='bbox 2707 4149 2998 4204; x_wconf 79' lang='lat' dir='ltr'><strong>vindicatae</strong></span> <span class='ocrx_word' id='word_1_616' title='bbox 3033 4163 3149 4202; x_wconf 91' lang='lat' dir='ltr'><strong>non</strong></span> <span class='ocrx_word' id='word_1_617' title='bbox 3191 4153 3388 4214; x_wconf 88' lang='lat' dir='ltr'><strong>erunt,</strong></span> <span class='ocrx_word' id='word_1_618' title='bbox 3427 4145 3598 4217; x_wconf 85' lang='lat' dir='ltr'><strong>jube-</strong></span> 
     </span>
    </p>
   </div>
   <div class='ocr_carea' id='block_1_87' title="bbox 1968 4239 3603 4310">
    <p class='ocr_par' dir='ltr' id='par_1_87' title="bbox 1968 4239 3603 4310">
     <span class='ocr_line' id='line_1_87' title="bbox 1968 4239 3603 4310; baseline -0.004 -9"><span class='ocrx_word' id='word_1_619' title='bbox 1968 4263 2096 4301; x_wconf 89' lang='lat' dir='ltr'><strong>mus</strong></span> <span class='ocrx_word' id='word_1_620' title='bbox 2121 4249 2186 4301; x_wconf 93' lang='lat' dir='ltr'><strong>ut</strong></span> <span class='ocrx_word' id='word_1_621' title='bbox 2206 4245 2470 4302; x_wconf 91' lang='lat' dir='ltr'><strong>omnibus</strong></span> <span class='ocrx_word' id='word_1_622' title='bbox 2495 4243 2680 4298; x_wconf 90' lang='lat' dir='ltr'><strong>modis</strong></span> <span class='ocrx_word' id='word_1_623' title='bbox 2704 4258 2890 4297; x_wconf 87' lang='lat' dir='ltr'><strong>comes</strong></span> <span class='ocrx_word' id='word_1_624' title='bbox 2915 4255 3103 4296; x_wconf 88' lang='lat' dir='ltr'><strong>rerum</strong></span> <span class='ocrx_word' id='word_1_625' title='bbox 3135 4239 3482 4310; x_wconf 86' lang='lat' dir='ltr'><strong>privatarum</strong></span> <span class='ocrx_word' id='word_1_626' title='bbox 3499 4254 3603 4294; x_wconf 89' lang='lat' dir='ltr'><strong>no-</strong></span> 
     </span>
    </p>
   </div>
   <div class='ocr_carea' id='block_1_88' title="bbox 1965 4331 3599 4407">
    <p class='ocr_par' dir='ltr' id='par_1_88' title="bbox 1965 4331 3599 4407">
     <span class='ocr_line' id='line_1_88' title="bbox 1965 4331 3599 4407; baseline -0.005 -13"><span class='ocrx_word' id='word_1_627' title='bbox 1965 4343 2082 4394; x_wconf 89' lang='lat' dir='ltr'><strong>stro</strong></span> <span class='ocrx_word' id='word_1_628' title='bbox 2108 4355 2201 4394; x_wconf 86' lang='lat' dir='ltr'><strong>eas</strong></span> <span class='ocrx_word' id='word_1_629' title='bbox 2235 4339 2371 4393; x_wconf 90' lang='lat' dir='ltr'><strong>ﬁsco</strong></span> <span class='ocrx_word' id='word_1_630' title='bbox 2415 4337 2678 4404; x_wconf 90' lang='lat' dir='ltr'><strong>addicat,</strong></span> <span class='ocrx_word' id='word_1_631' title='bbox 2725 4333 2969 4407; x_wconf 64' lang='lat' dir='ltr'><strong>praeside</strong></span> <span class='ocrx_word' id='word_1_632' title='bbox 3007 4333 3260 4388; x_wconf 90' lang='lat' dir='ltr'><strong>locorum</strong></span> <span class='ocrx_word' id='word_1_633' title='bbox 3288 4331 3388 4404; x_wconf 83' lang='lat' dir='ltr'><strong>qui</strong></span> <span class='ocrx_word' id='word_1_634' title='bbox 3413 4335 3480 4387; x_wconf 89' lang='lat' dir='ltr'><strong>ut</strong></span> <span class='ocrx_word' id='word_1_635' title='bbox 3505 4347 3599 4388; x_wconf 86' lang='lat' dir='ltr'><strong>eas</strong></span> 
     </span>
    </p>
   </div>
   <div class='ocr_carea' id='block_1_89' title="bbox 240 4422 3596 4534">
    <p class='ocr_par' dir='ltr' id='par_1_89' title="bbox 240 4422 3596 4534">
     <span class='ocr_line' id='line_1_89' title="bbox 240 4422 3596 4534; baseline 0 -55"><span class='ocrx_word' id='word_1_636' title='bbox 240 4422 416 4480; x_wconf 88' lang='lat' dir='ltr'><strong>modo</strong></span> <span class='ocrx_word' id='word_1_637' title='bbox 447 4423 686 4480; x_wconf 88' lang='lat' dir='ltr'><strong>maritus</strong></span> <span class='ocrx_word' id='word_1_638' title='bbox 719 4425 1036 4496; x_wconf 88' lang='lat' dir='ltr'><strong>nuptialem</strong></span> <span class='ocrx_word' id='word_1_639' title='bbox 1060 4426 1166 4482; x_wconf 91' lang='lat' dir='ltr'><strong>sibi</strong></span> <span class='ocrx_word' id='word_1_640' title='bbox 1190 4429 1557 4486; x_wconf 86' lang='lat' dir='ltr'><strong>donationem</strong></span> <span class='ocrx_word' id='word_1_641' title='bbox 1585 4432 1831 4490; x_wconf 87' lang='lat' dir='ltr'><strong>retineto</strong></span> <span class='ocrx_word' id='word_1_642' title='bbox 1849 4475 1864 4505; x_wconf 93' lang='lat'><strong>,</strong></span> <span class='ocrx_word' id='word_1_643' title='bbox 1887 4460 1948 4534; x_wconf 85' lang='lat' dir='ltr'><strong>D</strong></span> <span class='ocrx_word' id='word_1_644' title='bbox 1967 4449 2059 4488; x_wconf 85' lang='lat' dir='ltr'><strong>res</strong></span> <span class='ocrx_word' id='word_1_645' title='bbox 2087 4431 2400 4488; x_wconf 89' lang='lat' dir='ltr'><strong>vindicaret</strong></span> <span class='ocrx_word' id='word_1_646' title='bbox 2431 4431 2502 4486; x_wconf 87' lang='lat' dir='ltr'><strong>ad</strong></span> <span class='ocrx_word' id='word_1_647' title='bbox 2533 4427 2974 4485; x_wconf 90' lang='lat' dir='ltr'><strong>sollicitudinem</strong></span> <span class='ocrx_word' id='word_1_648' title='bbox 3017 4442 3177 4482; x_wconf 90' lang='lat' dir='ltr'><strong>suam</strong></span> <span class='ocrx_word' id='word_1_649' title='bbox 3221 4441 3337 4480; x_wconf 92' lang='lat' dir='ltr'><strong>non</strong></span> <span class='ocrx_word' id='word_1_650' title='bbox 3367 4440 3596 4481; x_wconf 88' lang='lat' dir='ltr'><strong>revoca-</strong></span> 
     </span>
    </p>
   </div>
   <div class='ocr_carea' id='block_1_90' title="bbox 243 4516 1867 4597">
    <p class='ocr_par' dir='ltr' id='par_1_90' title="bbox 243 4516 1867 4597">
     <span class='ocr_line' id='line_1_90' title="bbox 243 4516 1867 4597; baseline 0.006 -24"><span class='ocrx_word' id='word_1_651' title='bbox 243 4523 301 4573; x_wconf 90' lang='lat' dir='ltr'><strong>et</strong></span> <span class='ocrx_word' id='word_1_652' title='bbox 318 4534 512 4574; x_wconf 87' lang='lat' dir='ltr'><strong>casum</strong></span> <span class='ocrx_word' id='word_1_653' title='bbox 543 4516 686 4572; x_wconf 89' lang='lat' dir='ltr'><strong>dotis</strong></span> <span class='ocrx_word' id='word_1_654' title='bbox 706 4519 804 4590; x_wconf 90' lang='lat' dir='ltr'><strong>qui</strong></span> <span class='ocrx_word' id='word_1_655' title='bbox 825 4535 894 4574; x_wconf 85' lang='lat' dir='ltr'><strong>ex</strong></span> <span class='ocrx_word' id='word_1_656' title='bbox 915 4525 1100 4576; x_wconf 91' lang='lat' dir='ltr'><strong>morte</strong></span> <span class='ocrx_word' id='word_1_657' title='bbox 1120 4521 1376 4578; x_wconf 90' lang='lat' dir='ltr'><strong>mulieris</strong></span> <span class='ocrx_word' id='word_1_658' title='bbox 1398 4530 1562 4597; x_wconf 90' lang='lat' dir='ltr'><strong>pacto</strong></span> <span class='ocrx_word' id='word_1_659' title='bbox 1585 4543 1867 4582; x_wconf 82' lang='lat' dir='ltr'><strong>convene-</strong></span> 
     </span>
    </p>
   </div>
   <div class='ocr_carea' id='block_1_91' title="bbox 241 4608 1872 4692">
    <p class='ocr_par' dir='ltr' id='par_1_91' title="bbox 241 4608 1872 4692">
     <span class='ocr_line' id='line_1_91' title="bbox 241 4608 1872 4692; baseline 0.007 -26"><span class='ocrx_word' id='word_1_660' title='bbox 241 4616 328 4666; x_wconf 86' lang='lat' dir='ltr'><strong>rat</strong></span> <span class='ocrx_word' id='word_1_661' title='bbox 353 4611 636 4683; x_wconf 89' lang='lat' dir='ltr'><strong>reliquum</strong></span> <span class='ocrx_word' id='word_1_662' title='bbox 665 4608 813 4668; x_wconf 88' lang='lat' dir='ltr'><strong>dotis</strong></span> <span class='ocrx_word' id='word_1_663' title='bbox 836 4613 1066 4669; x_wconf 87' lang='lat' dir='ltr'><strong>mulieri</strong></span> <span class='ocrx_word' id='word_1_664' title='bbox 1091 4615 1386 4674; x_wconf 89' lang='lat' dir='ltr'><strong>restituere</strong></span> <span class='ocrx_word' id='word_1_665' title='bbox 1411 4619 1790 4692; x_wconf 59' lang='lat' dir='ltr'><strong>praecipimus,</strong></span> <span class='ocrx_word' id='word_1_666' title='bbox 1815 4625 1872 4677; x_wconf 92' lang='lat' dir='ltr'><strong>et</strong></span> 
     </span>
    </p>
   </div>
   <div class='ocr_carea' id='block_1_92' title="bbox 239 4703 1870 4782">
    <p class='ocr_par' dir='ltr' id='par_1_92' title="bbox 239 4703 1870 4782">
     <span class='ocr_line' id='line_1_92' title="bbox 239 4703 1870 4782; baseline 0.009 -25"><span class='ocrx_word' id='word_1_667' title='bbox 239 4705 288 4759; x_wconf 91' lang='lat' dir='ltr'><strong>si</strong></span> <span class='ocrx_word' id='word_1_668' title='bbox 311 4704 452 4781; x_wconf 83' lang='lat' dir='ltr'><strong>quid</strong></span> <span class='ocrx_word' id='word_1_669' title='bbox 477 4703 632 4759; x_wconf 88' lang='lat' dir='ltr'><strong>aliud</strong></span> <span class='ocrx_word' id='word_1_670' title='bbox 659 4720 729 4760; x_wconf 86' lang='lat' dir='ltr'><strong>ex</strong></span> <span class='ocrx_word' id='word_1_671' title='bbox 758 4705 926 4761; x_wconf 91' lang='lat' dir='ltr'><strong>rebus</strong></span> <span class='ocrx_word' id='word_1_672' title='bbox 959 4708 1146 4763; x_wconf 90' lang='lat' dir='ltr'><strong>uxoris</strong></span> <span class='ocrx_word' id='word_1_673' title='bbox 1175 4710 1328 4781; x_wconf 88' lang='lat' dir='ltr'><strong>apud</strong></span> <span class='ocrx_word' id='word_1_674' title='bbox 1355 4711 1544 4782; x_wconf 90' lang='lat' dir='ltr'><strong>ipsum</strong></span> <span class='ocrx_word' id='word_1_675' title='bbox 1573 4713 1870 4770; x_wconf 90' lang='lat' dir='ltr'><strong>inventum</strong></span> 
     </span>
    </p>
   </div>
   <div class='ocr_carea' id='block_1_93' title="bbox 241 4797 1865 4880">
    <p class='ocr_par' dir='ltr' id='par_1_93' title="bbox 241 4797 1865 4880">
     <span class='ocr_line' id='line_1_93' title="bbox 241 4797 1865 4880; baseline 0.007 -28"><span class='ocrx_word' id='word_1_676' title='bbox 241 4797 365 4854; x_wconf 90' lang='lat' dir='ltr'><strong>erit.</strong></span> <span class='ocrx_word' id='word_1_677' title='bbox 419 4797 480 4852; x_wconf 92' lang='lat' dir='ltr'><strong>Si</strong></span> <span class='ocrx_word' id='word_1_678' title='bbox 523 4797 750 4870; x_wconf 88' lang='lat' dir='ltr'><strong>utrique</strong></span> <span class='ocrx_word' id='word_1_679' title='bbox 789 4815 923 4854; x_wconf 86' lang='lat' dir='ltr'><strong>vero</strong></span> <span class='ocrx_word' id='word_1_680' title='bbox 971 4802 1337 4859; x_wconf 86' lang='lat' dir='ltr'><strong>monasticam</strong></span> <span class='ocrx_word' id='word_1_681' title='bbox 1376 4805 1548 4861; x_wconf 88' lang='lat' dir='ltr'><strong>vitam</strong></span> <span class='ocrx_word' id='word_1_682' title='bbox 1599 4807 1865 4880; x_wconf 89' lang='lat' dir='ltr'><strong>deligant,</strong></span> 
     </span>
    </p>
   </div>
   <div class='ocr_carea' id='block_1_94' title="bbox 233 4890 1866 4970">
    <p class='ocr_par' dir='ltr' id='par_1_94' title="bbox 233 4890 1866 4970">
     <span class='ocr_line' id='line_1_94' title="bbox 233 4890 1866 4970; baseline 0.008 -26"><span class='ocrx_word' id='word_1_683' title='bbox 233 4890 507 4962; x_wconf 87' lang='lat' dir='ltr'><strong>jubemus</strong></span> <span class='ocrx_word' id='word_1_684' title='bbox 524 4895 590 4945; x_wconf 90' lang='lat' dir='ltr'><strong>ut</strong></span> <span class='ocrx_word' id='word_1_685' title='bbox 605 4891 882 4948; x_wconf 86' lang='lat' dir='ltr'><strong>dotalibus</strong></span> <span class='ocrx_word' id='word_1_686' title='bbox 909 4891 1298 4952; x_wconf 89' lang='lat' dir='ltr'><strong>instrumentis</strong></span> <span class='ocrx_word' id='word_1_687' title='bbox 1325 4899 1670 4970; x_wconf 87' lang='lat' dir='ltr'><strong>vacantibus,</strong></span> <span class='ocrx_word' id='word_1_688' title='bbox 1697 4902 1866 4957; x_wconf 88' lang='lat' dir='ltr'><strong>mari-</strong></span> 
     </span>
    </p>
   </div>
   <div class='ocr_carea' id='block_1_95' title="bbox 240 4984 1868 5060">
    <p class='ocr_par' dir='ltr' id='par_1_95' title="bbox 240 4984 1868 5060">
     <span class='ocr_line' id='line_1_95' title="bbox 240 4984 1868 5060; baseline 0.007 -20"><span class='ocrx_word' id='word_1_689' title='bbox 240 4989 332 5040; x_wconf 89' lang='lat' dir='ltr'><strong>tus</strong></span> <span class='ocrx_word' id='word_1_690' title='bbox 357 4984 670 5056; x_wconf 89' lang='lat' dir='ltr'><strong>nuptialem</strong></span> <span class='ocrx_word' id='word_1_691' title='bbox 699 4985 1066 5043; x_wconf 85' lang='lat' dir='ltr'><strong>donationem</strong></span> <span class='ocrx_word' id='word_1_692' title='bbox 1108 4991 1374 5060; x_wconf 87' lang='lat' dir='ltr'><strong>retineat,</strong></span> <span class='ocrx_word' id='word_1_693' title='bbox 1407 4997 1466 5048; x_wconf 91' lang='lat' dir='ltr'><strong>et</strong></span> <span class='ocrx_word' id='word_1_694' title='bbox 1504 5009 1650 5049; x_wconf 84' lang='lat' dir='ltr'><strong>uxor</strong></span> <span class='ocrx_word' id='word_1_695' title='bbox 1677 4995 1868 5050; x_wconf 92' lang='lat' dir='ltr'><strong>dotem</strong></span> 
     </span>
    </p>
   </div>
   <div class='ocr_carea' id='block_1_96' title="bbox 242 5075 1868 5160">
    <p class='ocr_par' dir='ltr' id='par_1_96' title="bbox 242 5075 1868 5160">
     <span class='ocr_line' id='line_1_96' title="bbox 242 5075 1868 5160; baseline 0.008 -29"><span class='ocrx_word' id='word_1_696' title='bbox 242 5091 425 5146; x_wconf 84' lang='lat' dir='ltr'><strong>suam,</strong></span> <span class='ocrx_word' id='word_1_697' title='bbox 446 5081 503 5133; x_wconf 87' lang='lat' dir='ltr'><strong>et</strong></span> <span class='ocrx_word' id='word_1_698' title='bbox 521 5075 567 5132; x_wconf 90' lang='lat' dir='ltr'><strong>si</strong></span> <span class='ocrx_word' id='word_1_699' title='bbox 601 5078 741 5150; x_wconf 87' lang='lat' dir='ltr'><strong>quid</strong></span> <span class='ocrx_word' id='word_1_700' title='bbox 760 5079 913 5136; x_wconf 91' lang='lat' dir='ltr'><strong>aliud</strong></span> <span class='ocrx_word' id='word_1_701' title='bbox 941 5085 1219 5151; x_wconf 68' lang='lat' dir='ltr'><strong>praeterea</strong></span> <span class='ocrx_word' id='word_1_702' title='bbox 1248 5081 1456 5141; x_wconf 90' lang='lat' dir='ltr'><strong>marito</strong></span> <span class='ocrx_word' id='word_1_703' title='bbox 1485 5086 1704 5142; x_wconf 88' lang='lat' dir='ltr'><strong>dedisse</strong></span> <span class='ocrx_word' id='word_1_704' title='bbox 1735 5105 1868 5160; x_wconf 88' lang='lat' dir='ltr'><strong>pro-</strong></span> 
     </span>
    </p>
   </div>
   <div class='ocr_carea' id='block_1_97' title="bbox 240 5167 1869 5248">
    <p class='ocr_par' dir='ltr' id='par_1_97' title="bbox 240 5167 1869 5248">
     <span class='ocr_line' id='line_1_97' title="bbox 240 5167 1869 5248; baseline 0.007 -22"><span class='ocrx_word' id='word_1_705' title='bbox 240 5170 486 5239; x_wconf 88' lang='lat' dir='ltr'><strong>babitur,</strong></span> <span class='ocrx_word' id='word_1_706' title='bbox 533 5170 786 5244; x_wconf 80' lang='lat' dir='ltr'><strong>recipiat,</strong></span> <span class='ocrx_word' id='word_1_707' title='bbox 847 5179 910 5229; x_wconf 93' lang='lat' dir='ltr'><strong>ut</strong></span> <span class='ocrx_word' id='word_1_708' title='bbox 966 5176 1353 5248; x_wconf 87' lang='lat' dir='ltr'><strong>unusquisque</strong></span> <span class='ocrx_word' id='word_1_709' title='bbox 1396 5167 1568 5234; x_wconf 12' lang='lat' dir='ltr'><strong>rebus.</strong></span> <span class='ocrx_word' id='word_1_710' title='bbox 1607 5180 1721 5235; x_wconf 87' lang='lat' dir='ltr'><strong>suis</strong></span> <span class='ocrx_word' id='word_1_711' title='bbox 1749 5182 1869 5238; x_wconf 91' lang='lat' dir='ltr'><strong>sine</strong></span> 
     </span>
    </p>
   </div>
   <div class='ocr_carea' id='block_1_98' title="bbox 243 5263 1871 5345">
    <p class='ocr_par' dir='ltr' id='par_1_98' title="bbox 243 5263 1871 5345">
     <span class='ocr_line' id='line_1_98' title="bbox 243 5263 1871 5345; baseline 0.008 -28"><span class='ocrx_word' id='word_1_712' title='bbox 243 5263 452 5318; x_wconf 84' lang='lat' dir='ltr'><strong>damno</strong></span> <span class='ocrx_word' id='word_1_713' title='bbox 482 5264 807 5335; x_wconf 85' lang='lat' dir='ltr'><strong>perfruatur</strong></span> <span class='ocrx_word' id='word_1_714' title='bbox 834 5284 848 5321; x_wconf 91' lang='lat'><strong>:</strong></span> <span class='ocrx_word' id='word_1_715' title='bbox 883 5266 990 5322; x_wconf 88' lang='lat' dir='ltr'><strong>nisi</strong></span> <span class='ocrx_word' id='word_1_716' title='bbox 1016 5285 1255 5340; x_wconf 90' lang='lat' dir='ltr'><strong>sponsus</strong></span> <span class='ocrx_word' id='word_1_717' title='bbox 1280 5287 1519 5343; x_wconf 64' lang='lat' dir='ltr'><strong>sponsae,</strong></span> <span class='ocrx_word' id='word_1_718' title='bbox 1546 5278 1646 5328; x_wconf 89' lang='lat' dir='ltr'><strong>aut</strong></span> <span class='ocrx_word' id='word_1_719' title='bbox 1663 5289 1871 5345; x_wconf 85' lang='lat' dir='ltr'><strong>sponsa</strong></span> 
     </span>
    </p>
   </div>
   <div class='ocr_carea' id='block_1_99' title="bbox 242 5359 1870 5440">
    <p class='ocr_par' dir='ltr' id='par_1_99' title="bbox 242 5359 1870 5440">
     <span class='ocr_line' id='line_1_99' title="bbox 242 5359 1870 5440; baseline 0.007 -29"><span class='ocrx_word' id='word_1_720' title='bbox 242 5373 469 5430; x_wconf 85' lang='lat' dir='ltr'><strong>sponso,</strong></span> <span class='ocrx_word' id='word_1_721' title='bbox 512 5363 612 5414; x_wconf 86' lang='lat' dir='ltr'><strong>aut</strong></span> <span class='ocrx_word' id='word_1_722' title='bbox 647 5359 886 5416; x_wconf 89' lang='lat' dir='ltr'><strong>maritus</strong></span> <span class='ocrx_word' id='word_1_723' title='bbox 927 5363 1109 5433; x_wconf 86' lang='lat' dir='ltr'><strong>uxori,</strong></span> <span class='ocrx_word' id='word_1_724' title='bbox 1153 5380 1364 5420; x_wconf 84' lang='lat' dir='ltr'><strong>uxorve</strong></span> <span class='ocrx_word' id='word_1_725' title='bbox 1413 5366 1619 5422; x_wconf 88' lang='lat' dir='ltr'><strong>marito</strong></span> <span class='ocrx_word' id='word_1_726' title='bbox 1659 5368 1870 5440; x_wconf 88' lang='lat' dir='ltr'><strong>aliquid</strong></span> 
     </span>
    </p>
   </div>
   <div class='ocr_carea' id='block_1_100' title="bbox 243 5454 1870 5537">
    <p class='ocr_par' dir='ltr' id='par_1_100' title="bbox 243 5454 1870 5537">
     <span class='ocr_line' id='line_1_100' title="bbox 243 5454 1870 5537; baseline 0.006 -26"><span class='ocrx_word' id='word_1_727' title='bbox 243 5454 462 5511; x_wconf 82' lang='lat' dir='ltr'><strong>donare</strong></span> <span class='ocrx_word' id='word_1_728' title='bbox 515 5461 614 5512; x_wconf 89' lang='lat' dir='ltr'><strong>aut</strong></span> <span class='ocrx_word' id='word_1_729' title='bbox 661 5457 951 5515; x_wconf 83' lang='lat' dir='ltr'><strong>remittere</strong></span> <span class='ocrx_word' id='word_1_730' title='bbox 995 5461 1271 5530; x_wconf 90' lang='lat' dir='ltr'><strong>voluerit,</strong></span> <span class='ocrx_word' id='word_1_731' title='bbox 1318 5464 1542 5535; x_wconf 86' lang='lat' dir='ltr'><strong>quando</strong></span> <span class='ocrx_word' id='word_1_732' title='bbox 1575 5481 1759 5537; x_wconf 87' lang='lat' dir='ltr'><strong>neque</strong></span> <span class='ocrx_word' id='word_1_733' title='bbox 1800 5482 1870 5521; x_wconf 87' lang='lat' dir='ltr'><strong>ex</strong></span> 
     </span>
    </p>
   </div>
   <div class='ocr_carea' id='block_1_101' title="bbox 240 5548 1871 5630">
    <p class='ocr_par' dir='ltr' id='par_1_101' title="bbox 240 5548 1871 5630">
     <span class='ocr_line' id='line_1_101' title="bbox 240 5548 1871 5630; baseline 0.007 -27"><span class='ocrx_word' id='word_1_734' title='bbox 240 5548 420 5622; x_wconf 86' lang='lat' dir='ltr'><strong>pactis</strong></span> <span class='ocrx_word' id='word_1_735' title='bbox 447 5549 796 5621; x_wconf 89' lang='lat' dir='ltr'><strong>nuptialibus</strong></span> <span class='ocrx_word' id='word_1_736' title='bbox 819 5551 938 5608; x_wconf 89' lang='lat' dir='ltr'><strong>viro</strong></span> <span class='ocrx_word' id='word_1_737' title='bbox 958 5559 1058 5610; x_wconf 90' lang='lat' dir='ltr'><strong>aut</strong></span> <span class='ocrx_word' id='word_1_738' title='bbox 1082 5555 1308 5611; x_wconf 89' lang='lat' dir='ltr'><strong>mulieri</strong></span> <span class='ocrx_word' id='word_1_739' title='bbox 1329 5556 1641 5630; x_wconf 85' lang='lat' dir='ltr'><strong>quidquam</strong></span> <span class='ocrx_word' id='word_1_740' title='bbox 1664 5559 1871 5615; x_wconf 86' lang='lat' dir='ltr'><strong>lucrari</strong></span> 
     </span>
    </p>
   </div>
   <div class='ocr_carea' id='block_1_102' title="bbox 241 5641 590 5700">
    <p class='ocr_par' dir='ltr' id='par_1_102' title="bbox 241 5641 590 5700">
     <span class='ocr_line' id='line_1_102' title="bbox 241 5641 590 5700; baseline -0.003 0"><span class='ocrx_word' id='word_1_741' title='bbox 241 5641 590 5700; x_wconf 89' lang='lat' dir='ltr'><strong>conceditur.</strong></span> 
     </span>
    </p>
   </div>
   <div class='ocr_carea' id='block_1_103' title="bbox 313 5735 1875 5818">
    <p class='ocr_par' dir='ltr' id='par_1_103' title="bbox 313 5735 1875 5818">
     <span class='ocr_line' id='line_1_103' title="bbox 313 5735 1875 5818; baseline 0.007 -25"><span class='ocrx_word' id='word_1_742' title='bbox 313 5735 540 5794; x_wconf 81' lang='lat' dir='ltr'><strong>Nullam</strong></span> <span class='ocrx_word' id='word_1_743' title='bbox 567 5739 760 5795; x_wconf 79' lang='lat' dir='ltr'><strong>autem</strong></span> <span class='ocrx_word' id='word_1_744' title='bbox 788 5736 1074 5796; x_wconf 87' lang='lat' dir='ltr'><strong>licentiam</strong></span> <span class='ocrx_word' id='word_1_745' title='bbox 1098 5740 1304 5800; x_wconf 84' lang='lat' dir='ltr'><strong>damus</strong></span> <span class='ocrx_word' id='word_1_746' title='bbox 1330 5748 1428 5800; x_wconf 85' lang='lat' dir='ltr'><strong>aut</strong></span> <span class='ocrx_word' id='word_1_747' title='bbox 1457 5746 1786 5818; x_wconf 85' lang='lat' dir='ltr'><strong>parentibus</strong></span> <span class='ocrx_word' id='word_1_748' title='bbox 1813 5751 1875 5805; x_wconf 88' lang='lat' dir='ltr'><strong>ut</strong></span> 
     </span>
    </p>
   </div>
   <div class='ocr_carea' id='block_1_104' title="bbox 1968 4518 3600 4598">
    <p class='ocr_par' dir='ltr' id='par_1_104' title="bbox 1968 4518 3600 4598">
     <span class='ocr_line' id='line_1_104' title="bbox 1968 4518 3600 4598; baseline -0.004 -16"><span class='ocrx_word' id='word_1_749' title='bbox 1968 4525 2111 4582; x_wconf 86' lang='lat' dir='ltr'><strong>verit</strong></span> <span class='ocrx_word' id='word_1_750' title='bbox 2149 4518 2379 4598; x_wconf 80' lang='lat' dir='ltr'><strong>cingulo</strong></span> <span class='ocrx_word' id='word_1_751' title='bbox 2423 4522 2736 4596; x_wconf 86' lang='lat' dir='ltr'><strong>spoliando,</strong></span> <span class='ocrx_word' id='word_1_752' title='bbox 2785 4521 3076 4592; x_wconf 86' lang='lat' dir='ltr'><strong>multaque</strong></span> <span class='ocrx_word' id='word_1_753' title='bbox 3117 4519 3188 4574; x_wconf 89' lang='lat' dir='ltr'><strong>ab</strong></span> <span class='ocrx_word' id='word_1_754' title='bbox 3235 4535 3302 4575; x_wconf 92' lang='lat' dir='ltr'><strong>eo</strong></span> <span class='ocrx_word' id='word_1_755' title='bbox 3343 4518 3600 4591; x_wconf 85' lang='lat' dir='ltr'><strong>quinque</strong></span> 
     </span>
    </p>
   </div>
   <div class='ocr_carea' id='block_1_105' title="bbox 1968 4612 3597 4690">
    <p class='ocr_par' dir='ltr' id='par_1_105' title="bbox 1968 4612 3597 4690">
     <span class='ocr_line' id='line_1_105' title="bbox 1968 4612 3597 4690; baseline -0.006 -14"><span class='ocrx_word' id='word_1_756' title='bbox 1968 4620 2244 4676; x_wconf 86' lang='lat' dir='ltr'><strong>librarum</strong></span> <span class='ocrx_word' id='word_1_757' title='bbox 2271 4618 2396 4674; x_wconf 90' lang='lat' dir='ltr'><strong>auri</strong></span> <span class='ocrx_word' id='word_1_758' title='bbox 2423 4634 2529 4690; x_wconf 91' lang='lat' dir='ltr'><strong>per</strong></span> <span class='ocrx_word' id='word_1_759' title='bbox 2571 4615 2838 4671; x_wconf 87' lang='lat' dir='ltr'><strong>comitem</strong></span> <span class='ocrx_word' id='word_1_760' title='bbox 2873 4629 3070 4670; x_wconf 86' lang='lat' dir='ltr'><strong>rerum</strong></span> <span class='ocrx_word' id='word_1_761' title='bbox 3103 4613 3451 4684; x_wconf 88' lang='lat' dir='ltr'><strong>privatarum</strong></span> <span class='ocrx_word' id='word_1_762' title='bbox 3475 4612 3597 4668; x_wconf 84' lang='lat' dir='ltr'><strong>exi-</strong></span> 
     </span>
    </p>
   </div>
   <div class='ocr_carea' id='block_1_106' title="bbox 1970 4703 3599 4786">
    <p class='ocr_par' dir='ltr' id='par_1_106' title="bbox 1970 4703 3599 4786">
     <span class='ocr_line' id='line_1_106' title="bbox 1970 4703 3599 4786; baseline -0.006 -16"><span class='ocrx_word' id='word_1_763' title='bbox 1970 4714 2174 4786; x_wconf 89' lang='lat' dir='ltr'><strong>genda.</strong></span> <span class='ocrx_word' id='word_1_764' title='bbox 2203 4715 2265 4768; x_wconf 92' lang='lat' dir='ltr'><strong>In</strong></span> <span class='ocrx_word' id='word_1_765' title='bbox 2291 4711 2624 4768; x_wconf 87' lang='lat' dir='ltr'><strong>universum</strong></span> <span class='ocrx_word' id='word_1_766' title='bbox 2656 4713 2848 4765; x_wconf 91' lang='lat' dir='ltr'><strong>autem</strong></span> <span class='ocrx_word' id='word_1_767' title='bbox 2873 4708 3138 4764; x_wconf 87' lang='lat' dir='ltr'><strong>omnibus</strong></span> <span class='ocrx_word' id='word_1_768' title='bbox 3152 4707 3248 4779; x_wconf 91' lang='lat' dir='ltr'><strong>qui</strong></span> <span class='ocrx_word' id='word_1_769' title='bbox 3265 4706 3324 4762; x_wconf 89' lang='lat' dir='ltr'><strong>in</strong></span> <span class='ocrx_word' id='word_1_770' title='bbox 3343 4703 3599 4761; x_wconf 67' lang='lat' dir='ltr'><strong>saeculari</strong></span> 
     </span>
    </p>
   </div>
   <div class='ocr_carea' id='block_1_107' title="bbox 1968 4799 3598 4874">
    <p class='ocr_par' dir='ltr' id='par_1_107' title="bbox 1968 4799 3598 4874">
     <span class='ocr_line' id='line_1_107' title="bbox 1968 4799 3598 4874; baseline -0.007 -10"><span class='ocrx_word' id='word_1_771' title='bbox 1968 4807 2083 4864; x_wconf 88' lang='lat' dir='ltr'><strong>vita</strong></span> <span class='ocrx_word' id='word_1_772' title='bbox 2109 4811 2534 4873; x_wconf 87' lang='lat' dir='ltr'><strong>conversantur,</strong></span> <span class='ocrx_word' id='word_1_773' title='bbox 2572 4809 2630 4860; x_wconf 89' lang='lat' dir='ltr'><strong>et</strong></span> <span class='ocrx_word' id='word_1_774' title='bbox 2672 4802 2920 4859; x_wconf 87' lang='lat' dir='ltr'><strong>maxime</strong></span> <span class='ocrx_word' id='word_1_775' title='bbox 2968 4801 3057 4856; x_wconf 90' lang='lat' dir='ltr'><strong>his</strong></span> <span class='ocrx_word' id='word_1_776' title='bbox 3103 4801 3204 4874; x_wconf 91' lang='lat' dir='ltr'><strong>qui</strong></span> <span class='ocrx_word' id='word_1_777' title='bbox 3255 4799 3317 4855; x_wconf 91' lang='lat' dir='ltr'><strong>in</strong></span> <span class='ocrx_word' id='word_1_778' title='bbox 3369 4815 3598 4854; x_wconf 89' lang='lat' dir='ltr'><strong>scenam</strong></span> 
     </span>
    </p>
   </div>
   <div class='ocr_carea' id='block_1_108' title="bbox 1969 4892 3599 4974">
    <p class='ocr_par' dir='ltr' id='par_1_108' title="bbox 1969 4892 3599 4974">
     <span class='ocr_line' id='line_1_108' title="bbox 1969 4892 3599 4974; baseline -0.005 -18"><span class='ocrx_word' id='word_1_779' title='bbox 1969 4902 2267 4974; x_wconf 91' lang='lat' dir='ltr'><strong>prodeunt,</strong></span> <span class='ocrx_word' id='word_1_780' title='bbox 2297 4899 2430 4955; x_wconf 88' lang='lat' dir='ltr'><strong>viris</strong></span> <span class='ocrx_word' id='word_1_781' title='bbox 2447 4900 2612 4972; x_wconf 83' lang='lat' dir='ltr'><strong>juxta</strong></span> <span class='ocrx_word' id='word_1_782' title='bbox 2637 4902 2693 4953; x_wconf 91' lang='lat' dir='ltr'><strong>et</strong></span> <span class='ocrx_word' id='word_1_783' title='bbox 2717 4895 3072 4966; x_wconf 90' lang='lat' dir='ltr'><strong>mulieribus,</strong></span> <span class='ocrx_word' id='word_1_784' title='bbox 3087 4910 3272 4966; x_wconf 89' lang='lat' dir='ltr'><strong>neque</strong></span> <span class='ocrx_word' id='word_1_785' title='bbox 3287 4910 3407 4950; x_wconf 92' lang='lat' dir='ltr'><strong>non</strong></span> <span class='ocrx_word' id='word_1_786' title='bbox 3427 4892 3599 4949; x_wconf 89' lang='lat' dir='ltr'><strong>etiam</strong></span> 
     </span>
    </p>
   </div>
   <div class='ocr_carea' id='block_1_109' title="bbox 1968 4985 3600 5068">
    <p class='ocr_par' dir='ltr' id='par_1_109' title="bbox 1968 4985 3600 5068">
     <span class='ocr_line' id='line_1_109' title="bbox 1968 4985 3600 5068; baseline -0.007 -16"><span class='ocrx_word' id='word_1_787' title='bbox 1968 4995 2284 5068; x_wconf 86' lang='lat' dir='ltr'><strong>prostitutis</strong></span> <span class='ocrx_word' id='word_1_788' title='bbox 2331 4992 2749 5061; x_wconf 88' lang='lat' dir='ltr'><strong>interdicimus,</strong></span> <span class='ocrx_word' id='word_1_789' title='bbox 2800 5006 2874 5046; x_wconf 88' lang='lat' dir='ltr'><strong>ne</strong></span> <span class='ocrx_word' id='word_1_790' title='bbox 2925 4989 3121 5044; x_wconf 87' lang='lat' dir='ltr'><strong>habitu</strong></span> <span class='ocrx_word' id='word_1_791' title='bbox 3169 4987 3452 5055; x_wconf 90' lang='lat' dir='ltr'><strong>monachi,</strong></span> <span class='ocrx_word' id='word_1_792' title='bbox 3509 4985 3600 5041; x_wconf 90' lang='lat' dir='ltr'><strong>vel</strong></span> 
     </span>
    </p>
   </div>
   <div class='ocr_carea' id='block_1_110' title="bbox 1969 5085 3600 5158">
    <p class='ocr_par' dir='ltr' id='par_1_110' title="bbox 1969 5085 3600 5158">
     <span class='ocr_line' id='line_1_110' title="bbox 1969 5085 3600 5158; baseline -0.007 -12"><span class='ocrx_word' id='word_1_793' title='bbox 1969 5089 2312 5158; x_wconf 70' lang='lat' dir='ltr'><strong>monastriie,</strong></span> <span class='ocrx_word' id='word_1_794' title='bbox 2369 5089 2458 5143; x_wconf 83' lang='lat' dir='ltr'><strong>vel</strong></span> <span class='ocrx_word' id='word_1_795' title='bbox 2511 5085 2765 5142; x_wconf 81' lang='lat' dir='ltr'><strong>ascetriae</strong></span> <span class='ocrx_word' id='word_1_796' title='bbox 2813 5087 3066 5151; x_wconf 87' lang='lat' dir='ltr'><strong>utantur,</strong></span> <span class='ocrx_word' id='word_1_797' title='bbox 3115 5085 3216 5137; x_wconf 88' lang='lat' dir='ltr'><strong>aut</strong></span> <span class='ocrx_word' id='word_1_798' title='bbox 3259 5096 3600 5154; x_wconf 89' lang='lat' dir='ltr'><strong>quocunque</strong></span> 
     </span>
    </p>
   </div>
   <div class='ocr_carea' id='block_1_111' title="bbox 1971 5174 3602 5250">
    <p class='ocr_par' dir='ltr' id='par_1_111' title="bbox 1971 5174 3602 5250">
     <span class='ocr_line' id='line_1_111' title="bbox 1971 5174 3602 5250; baseline -0.007 -10"><span class='ocrx_word' id='word_1_799' title='bbox 1971 5184 2138 5250; x_wconf 84' lang='lat' dir='ltr'><strong>modo</strong></span> <span class='ocrx_word' id='word_1_800' title='bbox 2166 5199 2300 5238; x_wconf 90' lang='lat' dir='ltr'><strong>eum</strong></span> <span class='ocrx_word' id='word_1_801' title='bbox 2329 5183 2624 5238; x_wconf 89' lang='lat' dir='ltr'><strong>imitentur</strong></span> <span class='ocrx_word' id='word_1_802' title='bbox 2653 5197 2667 5234; x_wconf 86' lang='lat'><strong>:</strong></span> <span class='ocrx_word' id='word_1_803' title='bbox 2697 5177 2918 5234; x_wconf 79' lang='lat' dir='ltr'><strong>scitaris</strong></span> <span class='ocrx_word' id='word_1_804' title='bbox 2958 5176 3225 5232; x_wconf 88' lang='lat' dir='ltr'><strong>omnibus</strong></span> <span class='ocrx_word' id='word_1_805' title='bbox 3256 5174 3355 5248; x_wconf 89' lang='lat' dir='ltr'><strong>qui</strong></span> <span class='ocrx_word' id='word_1_806' title='bbox 3388 5175 3476 5230; x_wconf 86' lang='lat' dir='ltr'><strong>vel</strong></span> <span class='ocrx_word' id='word_1_807' title='bbox 3503 5174 3602 5230; x_wconf 87' lang='lat' dir='ltr'><strong>tali</strong></span> 
     </span>
    </p>
   </div>
   <div class='ocr_carea' id='block_1_112' title="bbox 1969 5271 3601 5344">
    <p class='ocr_par' dir='ltr' id='par_1_112' title="bbox 1969 5271 3601 5344">
     <span class='ocr_line' id='line_1_112' title="bbox 1969 5271 3601 5344; baseline -0.007 -12"><span class='ocrx_word' id='word_1_808' title='bbox 1969 5277 2168 5334; x_wconf 89' lang='lat' dir='ltr'><strong>habitu</strong></span> <span class='ocrx_word' id='word_1_809' title='bbox 2199 5276 2300 5344; x_wconf 90' lang='lat' dir='ltr'><strong>uti,</strong></span> <span class='ocrx_word' id='word_1_810' title='bbox 2329 5277 2414 5332; x_wconf 90' lang='lat' dir='ltr'><strong>vel</strong></span> <span class='ocrx_word' id='word_1_811' title='bbox 2441 5291 2572 5331; x_wconf 87' lang='lat' dir='ltr'><strong>eum</strong></span> <span class='ocrx_word' id='word_1_812' title='bbox 2610 5271 2853 5339; x_wconf 82' lang='lat' dir='ltr'><strong>imitari,</strong></span> <span class='ocrx_word' id='word_1_813' title='bbox 2887 5271 2974 5326; x_wconf 87' lang='lat' dir='ltr'><strong>vel</strong></span> <span class='ocrx_word' id='word_1_814' title='bbox 3005 5271 3066 5326; x_wconf 84' lang='lat' dir='ltr'><strong>in</strong></span> <span class='ocrx_word' id='word_1_815' title='bbox 3091 5285 3489 5344; x_wconf 87' lang='lat' dir='ltr'><strong>quemcunque</strong></span> <span class='ocrx_word' id='word_1_816' title='bbox 3516 5283 3601 5323; x_wconf 49' lang='lat' dir='ltr'><strong>ec.</strong></span> 
     </span>
    </p>
   </div>
   <div class='ocr_carea' id='block_1_113' title="bbox 1971 5358 3602 5438">
    <p class='ocr_par' dir='ltr' id='par_1_113' title="bbox 1971 5358 3602 5438">
     <span class='ocr_line' id='line_1_113' title="bbox 1971 5358 3602 5438; baseline -0.006 -12"><span class='ocrx_word' id='word_1_817' title='bbox 1971 5369 2342 5426; x_wconf 88' lang='lat' dir='ltr'><strong>clesiasticum</strong></span> <span class='ocrx_word' id='word_1_818' title='bbox 2387 5373 2596 5425; x_wconf 88' lang='lat' dir='ltr'><strong>statum</strong></span> <span class='ocrx_word' id='word_1_819' title='bbox 2641 5365 2881 5422; x_wconf 91' lang='lat' dir='ltr'><strong>illudere</strong></span> <span class='ocrx_word' id='word_1_820' title='bbox 2923 5362 3407 5438; x_wconf 70' lang='lat' dir='ltr'><strong>praesumpserint,</strong></span> <span class='ocrx_word' id='word_1_821' title='bbox 3449 5358 3602 5431; x_wconf 90' lang='lat' dir='ltr'><strong>quod</strong></span> 
     </span>
    </p>
   </div>
   <div class='ocr_carea' id='block_1_114' title="bbox 1972 5455 3605 5536">
    <p class='ocr_par' dir='ltr' id='par_1_114' title="bbox 1972 5455 3605 5536">
     <span class='ocr_line' id='line_1_114' title="bbox 1972 5455 3605 5536; baseline -0.009 -16"><span class='ocrx_word' id='word_1_822' title='bbox 1972 5469 2028 5520; x_wconf 90' lang='lat' dir='ltr'><strong>et</strong></span> <span class='ocrx_word' id='word_1_823' title='bbox 2059 5464 2311 5536; x_wconf 88' lang='lat' dir='ltr'><strong>corporis</strong></span> <span class='ocrx_word' id='word_1_824' title='bbox 2339 5463 2614 5534; x_wconf 86' lang='lat' dir='ltr'><strong>supplicia</strong></span> <span class='ocrx_word' id='word_1_825' title='bbox 2638 5459 3028 5527; x_wconf 87' lang='lat' dir='ltr'><strong>sustinebunt,</strong></span> <span class='ocrx_word' id='word_1_826' title='bbox 3061 5461 3120 5512; x_wconf 91' lang='lat' dir='ltr'><strong>et</strong></span> <span class='ocrx_word' id='word_1_827' title='bbox 3142 5458 3202 5512; x_wconf 91' lang='lat' dir='ltr'><strong>in</strong></span> <span class='ocrx_word' id='word_1_828' title='bbox 3230 5455 3463 5511; x_wconf 87' lang='lat' dir='ltr'><strong>exilium</strong></span> <span class='ocrx_word' id='word_1_829' title='bbox 3491 5457 3605 5507; x_wconf 81' lang='lat' dir='ltr'><strong>tra-</strong></span> 
     </span>
    </p>
   </div>
   <div class='ocr_carea' id='block_1_115' title="bbox 1973 5550 3602 5630">
    <p class='ocr_par' dir='ltr' id='par_1_115' title="bbox 1973 5550 3602 5630">
     <span class='ocr_line' id='line_1_115' title="bbox 1973 5550 3602 5630; baseline -0.009 -17"><span class='ocrx_word' id='word_1_830' title='bbox 1973 5559 2200 5626; x_wconf 88' lang='lat' dir='ltr'><strong>dentur,</strong></span> <span class='ocrx_word' id='word_1_831' title='bbox 2234 5556 2646 5630; x_wconf 84' lang='lat' dir='ltr'><strong>providentiam</strong></span> <span class='ocrx_word' id='word_1_832' title='bbox 2673 5555 2732 5610; x_wconf 90' lang='lat' dir='ltr'><strong>in</strong></span> <span class='ocrx_word' id='word_1_833' title='bbox 2773 5550 3103 5626; x_wconf 86' lang='lat' dir='ltr'><strong>hujusmodi</strong></span> <span class='ocrx_word' id='word_1_834' title='bbox 3128 5565 3248 5605; x_wconf 89' lang='lat' dir='ltr'><strong>rem</strong></span> <span class='ocrx_word' id='word_1_835' title='bbox 3279 5561 3602 5602; x_wconf 80' lang='lat' dir='ltr'><strong>accommo-</strong></span> 
     </span>
    </p>
   </div>
   <div class='ocr_carea' id='block_1_116' title="bbox 1973 5639 3606 5720">
    <p class='ocr_par' dir='ltr' id='par_1_116' title="bbox 1973 5639 3606 5720">
     <span class='ocr_line' id='line_1_116' title="bbox 1973 5639 3606 5720; baseline -0.008 -11"><span class='ocrx_word' id='word_1_836' title='bbox 1973 5652 2242 5710; x_wconf 84' lang='lat' dir='ltr'><strong>dantibus</strong></span> <span class='ocrx_word' id='word_1_837' title='bbox 2265 5666 2383 5706; x_wconf 90' lang='lat' dir='ltr'><strong>non</strong></span> <span class='ocrx_word' id='word_1_838' title='bbox 2419 5650 2604 5706; x_wconf 83' lang='lat' dir='ltr'><strong>solum</strong></span> <span class='ocrx_word' id='word_1_839' title='bbox 2641 5644 3076 5720; x_wconf 80' lang='lat' dir='ltr'><strong>religiosissimis</strong></span> <span class='ocrx_word' id='word_1_840' title='bbox 3109 5643 3360 5698; x_wconf 90' lang='lat' dir='ltr'><strong>locorum</strong></span> <span class='ocrx_word' id='word_1_841' title='bbox 3393 5639 3606 5712; x_wconf 85' lang='lat' dir='ltr'><strong>episco-</strong></span> 
     </span>
    </p>
   </div>
   <div class='ocr_carea' id='block_1_117' title="bbox 1973 5733 3610 5825">
    <p class='ocr_par' dir='ltr' id='par_1_117' title="bbox 1973 5733 3610 5825">
     <span class='ocr_line' id='line_1_117' title="bbox 1973 5733 3610 5825; baseline -0.005 -23"><span class='ocrx_word' id='word_1_842' title='bbox 1973 5747 2084 5825; x_wconf 87' lang='lat' dir='ltr'><strong>pis,</strong></span> <span class='ocrx_word' id='word_1_843' title='bbox 2113 5753 2170 5806; x_wconf 91' lang='lat' dir='ltr'><strong>et</strong></span> <span class='ocrx_word' id='word_1_844' title='bbox 2201 5743 2440 5803; x_wconf 87' lang='lat' dir='ltr'><strong>subditis</strong></span> <span class='ocrx_word' id='word_1_845' title='bbox 2465 5743 2546 5800; x_wconf 90' lang='lat' dir='ltr'><strong>eis</strong></span> <span class='ocrx_word' id='word_1_846' title='bbox 2568 5742 2806 5814; x_wconf 86' lang='lat' dir='ltr'><strong>clericis,</strong></span> <span class='ocrx_word' id='word_1_847' title='bbox 2843 5738 2941 5795; x_wconf 82' lang='lat' dir='ltr'><strong>sed</strong></span> <span class='ocrx_word' id='word_1_848' title='bbox 2971 5735 3147 5793; x_wconf 82' lang='lat' dir='ltr'><strong>etiam</strong></span> <span class='ocrx_word' id='word_1_849' title='bbox 3174 5734 3432 5792; x_wconf 81' lang='lat' dir='ltr'><strong>civilibus</strong></span> <span class='ocrx_word' id='word_1_850' title='bbox 3457 5733 3610 5794; x_wconf 81' lang='lat' dir='ltr'><strong>mili-</strong></span> 
     </span>
    </p>
   </div>
  </div>
