4056 6184
420 237 553 288 1039

413 341 742 413 taribusque
781 340 1237 413 magistratibus,
1279 344 1338 395 et
1372 341 1897 412 obtemperantibus
1932 342 2043 397 illis

414 435 762 503 cohortibus,
805 450 989 506 neque
1026 450 1140 487 non
1177 434 1436 488 locorum
1477 434 1887 489 defensoribus.
1916 437 2041 490 Poe-

416 545 518 583 nas
556 528 799 600 denique
829 545 955 599 quae
998 526 1263 599 praesenti
1305 527 1418 597 legi
1460 527 1688 582 insertae
1733 533 1883 595 sunt,
1914 545 2043 600 quae

324 634 327 639 '
414 622 645 693 quidem
683 621 966 692 prioribus
1004 636 1232 692 quoque
1267 620 1489 691 legibus
1523 621 1767 692 cognita).
1790 621 2040 688 fuerunt,

415 731 529 768 non
558 715 736 768 solum
758 713 815 767 in
835 713 1059 781 futuris,
1082 714 1181 767 sed
1212 714 1382 768 etiam
1414 714 1475 769 in
1506 714 1806 784 praeteritis
1831 715 2044 769 casibus

414 806 529 862 sive
555 807 765 861 delictis
794 807 997 876 valere,
1026 810 1083 860 et
1127 807 1390 861 omnibus
1423 807 1607 862 modis
1641 807 1880 879 irrogari
1919 825 2044 863 san-

416 901 614 955 cimus.
656 902 792 965 Quae
834 916 970 954 vero
1022 917 1124 971 per
1177 902 1738 972 praesentemlegem
1786 906 2044 956 recenter

413 1010 692 1066 expressa,
733 999 788 1048 et
825 994 896 1048 ad
937 999 1149 1048 certam
1192 995 1496 1049 formulam
1526 995 1750 1049 redacta
1779 1001 1928 1063 sunt,
1961 996 2043 1049 fu-

412 1088 554 1142 turis
590 1087 944 1141 solummodo
994 1087 1344 1159 temporibus
1392 1089 1711 1143 conservari
1750 1088 2039 1158 jubemus.

413 1182 825 1237 Conﬁrmamus
850 1182 983 1235 item
1012 1199 1113 1252 per
1147 1187 1485 1251 praesentem
1512 1182 1697 1252 legem
1729 1182 1923 1236 omnia
1948 1199 2039 1235 re-

411 1275 568 1346 liqua
588 1291 716 1346 quas
736 1293 764 1327 a
787 1274 1025 1328 nobisin
1056 1274 1290 1328 diversis
1318 1274 1809 1329 constitutionibus
1835 1275 2044 1329 sancite.

412 1372 564 1437 sunt,
614 1373 733 1423 tam
772 1367 843 1421 de
887 1367 1161 1438 episcopis
1205 1373 1261 1421 et
1302 1368 1648 1438 presbyteris
1696 1384 1760 1422 ac
1811 1368 2042 1439 reliquis

413 1461 650 1527 clericis,
679 1477 853 1531 quam
878 1461 1050 1514 etiam
1077 1460 1146 1514 de
1174 1460 1537 1527 xenodochis,
1570 1461 1999 1532 ptochotrophis
2023 1503 2037 1530 ,

414 1554 912 1625 orphanotrophis,
961 1558 1018 1607 et
1056 1554 1272 1607 caeteris
1318 1554 1417 1624 qui
1460 1554 1877 1608 venerabilibus
1898 1570 2042 1625 prae-

414 1651 546 1701 sunt
573 1630 851 1701 domibus.
883 1647 1019 1710 Quae
1061 1646 1240 1717 igitur
1269 1647 1432 1700 nobis
1470 1647 1821 1717 placuerunt,
1852 1653 1909 1701 et
1939 1664 2042 1718 per

1553 224 1805 288 SxECULl
1845 228 2034 288 SEXTI
2074 235 2149 289 SD
2161 228 2627 290 PPLEMENTUM.

3644 238 3779 292 {040

2064 361 2124 433 Α
2143 342 2527 413 perfruuntor.
2556 343 2761 398 Omnia
2787 348 2977 398 autem
3018 340 3309 414 privilegia
3335 350 3392 397 et
3420 344 3619 397 solatia
3649 361 3777 416 qua:

2146 451 2214 490 ex
2239 436 2517 507 imperiali
2547 436 2882 492 liberalitate
2907 478 2920 504 ,
2952 442 3050 490 aut
3095 437 3266 490 etiam
3297 453 3637 508 quocunque
3662 438 3777 491 alio

2143 529 2310 583 modo
2359 528 2566 583 sanctis
2611 528 2862 584 ecclesiis
2906 534 3007 584 aut
3056 529 3181 583 aliis
3229 529 3649 584 venerabilibus
3693 531 3774 584 lo-

2143 620 2221 675 cis
2250 638 2510 676 concessa
2551 626 2703 690 sunt,
2742 622 2985 678 ﬁrmiter
3028 622 3163 693 ipsis
3191 638 3294 693 per
3333 622 3524 676 omnia
3558 639 3777 677 conser-

2142 719 2359 769 vantor.

2214 809 2297 863 Ad
2323 808 2445 863 haec
2482 808 2764 863 sancimus
2789 824 2861 862 ne
2895 809 3138 863 ullarum
3180 813 3667 863 sacrosanctarum
3693 824 3775 861 ec-

2143 900 2443 956 clesiarum
2477 907 2534 956 et
2557 902 2797 956 aliarum
2827 901 3235 956 venerabilium
3262 902 3537 956 domuum
3564 917 3779 971 posses-

2143 994 2325 1049 siones
2345 995 2572 1050 sordida
2591 1011 2838 1050 munera
2863 998 2920 1050 et
2941 995 3415 1049 extraordinarias
3441 993 3775 1064 descriptio-

2142 1104 2242 1143 nes
2261 1088 2593 1143 sustineant.
2611 1088 2667 1143 Si
2680 1091 2871 1143 tamen
2887 1087 3203 1143 sternenda
3220 1087 3344 1156 vias,
3365 1092 3465 1143 aut
3483 1093 3781 1141 exstruen-

2143 1180 2346 1235 dorum
2373 1183 2897 1236 renovandorumve
2928 1181 3187 1253 pontium
3222 1180 3521 1235 necessitas
3546 1178 3776 1245 incidat,

2142 1279 2504 1329 sacrosancta:
2532 1275 2784 1329 ecclesia:
2815 1280 2986 1346 atque
3023 1274 3149 1329 alia;
3178 1272 3534 1328 venerabiles
3570 1271 3779 1326 domus

2142 1366 2419 1437 ejusmodi
2469 1384 2612 1439 opus
2654 1368 2725 1422 ad
2775 1369 2954 1423 instar
3002 1371 3339 1423 caeterorum
3390 1382 3779 1437 possessorum

2141 1460 2433 1532 impleant,
2457 1478 2589 1517 cum
2615 1461 2751 1532 quid
2783 1461 2842 1516 in
2868 1478 2932 1516 ea
2959 1461 3187 1515 civitate
3211 1459 3566 1532 possederint
3583 1458 3644 1512 in
3667 1476 3782 1530 qua

2141 1570 2281 1625 opus
2306 1554 2415 1608 tale
2436 1554 2749 1625 perficitur.
2778 1554 2936 1618 Quod
2964 1555 3009 1608 si
3037 1571 3127 1608 res
3146 1554 3350 1625 aliqua;
3375 1569 3445 1607 ex
3470 1552 3782 1607 curialibus

2142 1647 2494 1718 patrimoniis
2513 1647 2586 1701 ad
2606 1664 3007 1719 quamcunque
3025 1651 3438 1702 sacrosanctam
3458 1646 3779 1713 ecclesiam,

416 1741 562 1794 hanc
591 1745 843 1795 nostram
883 1740 1243 1794 declarantur
1282 1741 1486 1810 legem,
1520 1757 1585 1794 ea
1612 1757 1713 1812 per
1742 1757 2036 1812 program-
2060 1727 2116 1799 B
2138 1745 2237 1794 aut
2260 1740 2429 1794 aliam
2455 1740 2834 1795 venerabilem
2860 1740 3096 1795 domum
3121 1740 3437 1795 secundum
3462 1739 3621 1816 leges
3647 1754 3778 1808 per-

416 1838 568 1887 mata
594 1833 768 1887 solitis
803 1834 938 1887 locis
967 1834 1026 1887 in
1063 1832 1222 1903 regia
1253 1833 1389 1887 urbe
1423 1834 1730 1904 proposita,
1759 1833 2037 1889 excellen-

414 1927 492 1981 tia
525 1932 621 1981 tua
659 1927 729 1980 ad
764 1927 1023 1981 omnium
1068 1926 1327 1981 notitiam
1356 1926 1698 1997 perducere,
1729 1930 1787 1982 et
1821 1927 2043 1998 provin-

415 2021 631 2075 ciarum
684 2019 998 2074 rectoribus
1047 2020 1347 2074 manifesta
1391 2020 1574 2075 facere
1620 2021 1865 2076 studeto.
1918 2021 2039 2076 Dat.

415 2115 478 2167 K.
509 2113 654 2182 Maii,
689 2114 905 2183 Const.,
944 2115 1084 2169 Just.
1120 2115 1223 2169 PP.
1250 2116 1423 2185 Aug.,
1457 2112 1658 2168 Basilio
1683 2131 1735 2168 v.
1783 2131 1831 2168 c.
1862 2130 2039 2184 cons.,

417 2207 734 2278 κατεπέμφθη
762 2210 936 2280 Πέτρῳ
967 2204 1183 2280 ἐπάρχῳ
1212 2212 1555 2281 πραιτωρίων.

947 2322 1263 2377 NOVELLA
1301 2323 1511 2377 CXXXI.

418 2420 489 2471 De
517 2418 885 2471 ecclesiasticis
913 2416 1202 2470 oanom’bus
1227 2421 1277 2469 et
1298 2417 1604 2485 privilegiis
1626 2431 1745 2485 quae
1767 2431 2046 2472 sacrosan—

881 2493 995 2541 ctas
1015 2489 1308 2556 respiciunt
1334 2487 1596 2541 ecclesias.

487 2582 798 2651 Imperator
822 2580 1167 2634 Justinianus
1200 2582 1488 2650 Augustus
1514 2580 1677 2633 Petro
1704 2578 2041 2650 gloriosissi-

414 2690 507 2728 mo
540 2673 805 2744 praefecto
834 2689 1122 2728 sacrorum
1148 2671 1571 2743 praetoriorum.

483 2769 826 2822 Praesentem
861 2767 1045 2837 legem
1094 2766 1165 2819 de
1199 2764 1585 2820 ecclesiasticis
1617 2765 1949 2835 canonibus,
1988 2770 2046 2820 et

415 2860 744 2931 privilegiis,
780 2876 971 2931 neque
1014 2875 1131 2913 non
1170 2858 1292 2912 aliis
1317 2858 1574 2929 capitulis
1605 2875 1733 2929 quae
1759 2873 2045 2912 sacrosan-

419 2958 535 3009 ctas
566 2954 827 3008 ecclesias
853 2957 910 3007 et
938 2952 1181 3023 reliquas
1217 2951 1560 3006 venerabiles
1594 2951 1788 3005 domos
1817 2967 2045 3007 concer-

413 3052 578 3114 nunt,
613 3046 971 3116 proferimus.
999 3045 1288 3101 Sancimus
1308 3045 1486 3115 igitur
1507 3048 1569 3098 ut
1588 3043 1765 3099 sancti
1794 3044 2044 3100 ecclesia-

414 3093 578 3114 ....--.,
614 3093 971 3116 ,-------_m.
999 3093 1286 3101 -_----__“-
1308 3093 1477 3115 _o_-__
1511 3093 1567 3098 ﬁ-
1588 3093 1765 3099 πώ--
1798 3093 2023 3100 ---ψη

414 3140 537 3195 stici
564 3155 837 3206 canones,
887 3137 987 3209 qui
1029 3155 1061 3191 a
1105 3138 1308 3192 sanctis
1346 3141 1590 3208 quatuor
1632 3137 1881 3192 conciliis
1919 3093 2118 3207 (hocC

416 3238 500 3288 est
518 3232 742 3287 Nicasno
763 3231 958 3286 decem
986 3235 1367 3285 trecentorum
1399 3235 1456 3284 et
1482 3234 1626 3299 octo,
1650 3231 2045 3286 Constantino-

414 3326 667 3398 politano
699 3330 927 3379 centum
962 3324 1383 3396 quinquaginta
1416 3327 1745 3378 sanctorum
1777 3328 2005 3395 patrum
2026 3366 2041 3391 ,

414 3419 697 3491 Ephesino
717 3418 925 3489 primo,
954 3416 1013 3471 in
1042 3434 1155 3489 quo
1178 3418 1467 3472 Nestorius
1503 3418 1912 3472 condemnatus
1939 3422 2041 3488 est,

417 3519 474 3568 et
500 3511 957 3580 Chalcedonensi,
987 3511 1046 3565 in
1066 3528 1179 3583 quo
1201 3512 1477 3583 Eutyches
1496 3528 1628 3566 cum
1642 3510 1897 3566 Nestorio
1916 3527 2045 3565 ana-

415 3607 667 3662 themate
714 3622 1015 3677 percussus
1052 3606 1152 3675 est)
1203 3590 1442 3676 expositi
1470 3609 1528 3659 et
1551 3605 1868 3659 conﬁrmati
1911 3608 2045 3659 sunt

416 3700 599 3755 vicem
620 3700 815 3771 legum
838 3698 1148 3754 obtineant.
1171 3698 1573 3753 Praedictorum
1595 3698 1810 3769 etenim
1833 3703 2046 3753 sancto-

416 3810 547 3849 rum
572 3792 940 3847 conciliorum
984 3792 1207 3846 decreta
1236 3791 1469 3862 perinde
1500 3794 1562 3845 ut
1587 3808 1775 3846 sacras
1801 3791 2046 3863 Scriptu-

417 3903 508 3944 ras
533 3884 871 3956 suscipimus
890 3927 903 3954 ,
933 3888 990 3939 et
1027 3900 1268 3938 canones
1296 3890 1357 3938 ut
1393 3885 1546 3955 leges
1571 3884 1938 3940 custodimus.
1966 3887 2046 3939 Ac

416 3984 716 4050 propterea
742 3977 1028 4032 sancimus
1055 3981 1117 4030 ut
1136 3977 1446 4031 secundum
1472 3994 1669 4032 eorum
1689 3977 2047 4033 deﬁnitiones

417 4072 798 4128 sanctissimus
840 4070 1045 4125 veteris
1082 4071 1280 4125 Romae
1324 4086 1468 4141 papa
1515 4071 1735 4142 primus
1789 4071 2047 4126 omnium

419 4166 774 4221 sacerdotum
826 4164 919 4233 sit,
984 4163 1343 4218 beatissimus
1402 4179 1535 4218 vero
1592 4163 2046 4236 archiepiscopus

420 4257 930 4328 Constantinopolis
958 4273 1119 4311 novae
1152 4259 1343 4312 Romae
1373 4256 1686 4312 secundum
1707 4257 1897 4312 locum
1920 4260 2049 4329 post

419 4358 669 4407 sanctam
693 4350 1059 4423 apostolicam
1088 4350 1289 4405 veteris
1329 4351 1523 4404 Romae
1550 4350 1742 4405 sedem
1771 4350 2043 4420 obtineat,

2141 1833 2418 1902 venerint,
2466 1836 2566 1888 aut
2600 1834 2833 1904 posthac
2879 1833 3236 1905 pervenient,
3270 1833 3474 1887 liberas
3512 1831 3615 1885 has
3659 1847 3780 1885 esse

2142 1926 2424 1981 sancimus
2450 1944 2483 1980 a
2506 1927 2914 1982 lucrativorum
2931 1926 3337 1998 descriptione.

2214 2022 2357 2075 ltem
2386 2037 2488 2091 pro
2520 2020 2922 2091 temporalibus
2959 2020 3179 2088 decem,
3228 2024 3286 2074 et
3322 2018 3555 2090 viginti,
3602 2021 3664 2072 et
3685 2017 3782 2073 tri-

2146 2113 2302 2185 ginta
2318 2130 2601 2168 annorum
2621 2112 3136 2184 prtescriptionibus
3162 2111 3545 2183 praecipimus,
3568 2116 3633 2166 ut
3658 2128 3783 2165 san-

2144 2206 2246 2261 ctis
2272 2207 2516 2261 ecclesiis
2545 2211 2603 2261 et
2630 2206 2752 2261 aliis
2779 2206 3046 2261 omnibus
3070 2204 3488 2260 venerabilibus
3514 2204 3784 2259 domibus

2146 2299 2522 2372 quadraginta
2549 2299 2825 2355 duntaxat
2845 2315 3130 2354 annorum
3156 2298 3506 2369 pmscriptio
3531 2314 3779 2369 oppona.

2142 2397 2257 2462 tur,
2302 2394 2501 2448 eodem
2544 2393 2647 2448 hoc
2677 2392 3046 2448 custodiendo
3085 2396 3143 2446 et
3180 2392 3241 2446 in
3269 2391 3545 2462 petitione
3571 2391 3786 2461 legato-

2145 2502 2274 2541 rum
2302 2490 2360 2541 et
2387 2486 2783 2541 haereditatum
2811 2486 2881 2540 ad
2911 2486 3036 2557 pias
3061 2501 3256 2540 causas
3282 2484 3632 2538 relictarum.

2214 2582 2495 2635 Praeterea
2537 2580 2583 2634 si
2621 2581 2748 2651 quis
2783 2579 3023 2634 voluerit
3059 2578 3385 2633 venerabile
3423 2576 3784 2632 exaediﬁcare

2144 2673 2456 2729 oratorium
2467 2676 2565 2727 aut
2574 2672 3006 2742 monasterium,
3022 2688 3138 2727 non
3157 2671 3323 2726 aliter
3342 2670 3786 2725 aediﬁcationem

2143 2767 2396 2838 incipite,
2425 2766 2536 2821 nisi
2569 2767 2822 2822 locorum
2852 2765 3310 2837 religiosissimus
3329 2764 3627 2835 episcopus
3646 2780 3783 2834 pre-

2145 2878 2235 2915 ces
2271 2860 2385 2914 illic
2437 2859 2772 2931 profuderit,
2827 2864 2884 2914 et
2934 2859 3245 2931 pretiosam
3292 2874 3519 2913 crucem
3566 2857 3780 2912 ﬁxerit.

2145 2954 2308 3009 Certe
2357 2954 2457 3025 qui
2499 2953 2673 3009 semel
2716 2953 2886 3025 cmpit
2931 2952 3023 3006 vel
3066 2968 3280 3007 novum
3324 2951 3642 3006 oratorium
3688 2967 3786 3004 ex-

2143 3051 2384 3115 struere,
2412 3047 2499 3101 vel
2519 3051 2678 3101 vetus
2707 3062 2999 3116 renovare,
3020 3045 3286 3101 omnibus
3309 3044 3495 3099 modis
3519 3062 3554 3098 a
3576 3044 3788 3099 beatis-

2143 3140 2291 3195 simo
2318 3141 2570 3195 locorum
2599 3140 2881 3211 episcopo,
2914 3144 2972 3195 et
2996 3136 3307 3195 (economis
3331 3139 3456 3208 ejus
3482 3138 3787 3208 magistra-

2142 3238 2317 3305 tuque
2344 3234 2492 3288 civili
2515 3233 2885 3305 compellitor,
2923 3234 3011 3289 vel
3046 3233 3187 3304 ipse,
3220 3233 3266 3287 si
3294 3232 3563 3302 supersit,
3593 3231 3684 3285 vel
3711 3247 3782 3285 eo

2142 3333 2371 3383 mortuo
2391 3328 2645 3383 haeredes
2671 3328 2793 3398 ejus
2819 3333 3065 3398 emptum
3097 3340 3239 3398 opus
3266 3325 3558 3397 perlicere.

2215 3422 2268 3475 Si
2309 3421 2436 3493 quis
2488 3422 2646 3475 domi
2695 3438 2833 3489 suae,
2878 3426 2978 3475 aut
3029 3420 3087 3473 in
3143 3418 3435 3486 suburbio,
3493 3418 3782 3489 praediave

2142 3514 2582 3569 ecclesiasticum
2605 3514 2890 3568 celebrare
2918 3512 3300 3569 ministerium
3329 3513 3780 3583 praesumpserit,

2143 3612 2243 3663 aut
2259 3608 2384 3662 aliis
2398 3608 2683 3667 celebrare
2698 3608 2817 3662 sine
2838 3606 3051 3661 clericis
3067 3605 3497 3677 religiosissima
3518 3605 3784 3660 locorum

2143 3702 2403 3773 episcopo
2422 3700 2660 3756 subditis
2687 3700 3041 3769 concesserit,
3058 3699 3331 3769 jubemus
3348 3702 3416 3753 ut
3439 3714 3510 3752 ea
3537 3699 3742 3752 domus
3765 3741 3781 3767 ,

2142 3800 2241 3849 aut
2255 3793 2613 3861 suburbium,
2630 3798 2729 3848 aut
2744 3793 3043 3865 praedium,
3064 3792 3163 3846 ubi
3180 3792 3287 3847 tale
3306 3791 3445 3862 quid
3462 3790 3783 3846 admissum

2143 3888 2330 3958 fuerit,
2354 3893 2722 3943 sacrosanctae
2744 3888 2867 3958 ejus
2890 3886 2996 3941 loci
3027 3884 3275 3941 ecclesiae
3314 3902 3418 3956 per
3448 3886 3549 3939 Dei
3588 3903 3786 3939 amau-

2143 3982 2426 4036 tissimum
2454 3981 2782 4053 episcopum
2809 3985 2864 4035 et
2882 3995 3241 4035 mconomum
3264 3979 3407 4049 ejus,
3439 3979 3784 4050 civilemque

2145 4075 2564 4145 magistratum,
2591 4074 2924 4129 vindicetur.
2951 4073 3115 4138 Quod
3130 4072 3178 4127 si
3198 4072 3502 4144 ignorante
3524 4072 3782 4127 locorum

2146 4169 2375 4224 domino
2395 4169 2792 4240 procuratores
2807 4168 2947 4238 ejus,
2972 4170 3071 4221 aut
3086 4165 3298 4233 coloni,
3325 4165 3665 4237 inquilinive
3684 4170 3784 4218 aut

2146 4263 2532 4334 emphyteutaa
2547 4261 2681 4316 huic
2699 4260 3044 4316 contrarium
3063 4259 3276 4332 aliquid
3294 4259 3555 4327 fecerint,
3570 4265 3672 4313 aut
3690 4259 3785 4312 tie-

2146 4357 2195 4410 ri
2214 4355 2614 4424 concesserint,
2641 4355 2906 4410 dominus
2924 4353 3157 4426 quidem
3188 4353 3297 4407 loci
3315 4352 3543 4407 nullum
3565 4354 3781 4424 praeju-

420 4446 749 4517 caeterisque
778 4443 1045 4499 omnibus
1073 4444 1431 4517 prmferatur.
1465 4443 1824 4499 Beatissimus
1854 4448 2051 4500 autem
2072 4460 2131 4531 D
2154 4451 2365 4505 dicium
2389 4465 2487 4504 seu
2513 4450 2785 4505 damnum
2814 4449 3108 4503 sustineat.
3138 4446 3245 4511 Qui
3270 4462 3404 4501 vero
3432 4445 3492 4500 id
3522 4446 3614 4500 vel
3642 4447 3789 4500 fece-

420 4556 526 4612 pro
540 4545 799 4612 tempore
819 4539 1275 4610 archiepiscopus
1289 4537 1613 4611 Justinianze
1634 4537 1833 4608 primae
1854 4539 2051 4609 patriae

421 4641 629 4690 nostrae
646 4636 874 4706 semper
891 4633 995 4688 sub
1007 4632 1400 4704 jurisdictione
1420 4648 1519 4686 sua
1540 4632 1748 4686 habeat
1764 4632 2054 4703 episcopos

419 4733 841 4804 provinciarum
876 4730 1054 4785 Daciae
1080 4730 1532 4798 mediterraneze,
1563 4736 1617 4785 et
1647 4729 1827 4784 Daciae
1856 4730 2047 4802 ripen-

422 4826 516 4897 sis,
540 4827 678 4881 item
706 4824 1019 4894 Triballeaa,
1049 4841 1114 4878 ac
1150 4824 1444 4878 Dardania
1462 4866 1475 4893 ,
1504 4828 1562 4877 et
1584 4824 1771 4895 Mysiae
1801 4824 2054 4895 superio-

422 4918 522 4989 ris,
561 4926 618 4974 et
647 4919 971 4987 Pannonias,
1001 4923 1057 4973 et
1080 4917 1150 4971 ab
1182 4917 1302 4988 ipso
1329 4918 1389 4971 hi
1420 4917 1753 4973 ordinentur
1772 4960 1785 4987 ,
1815 4918 1935 4989 ipse
1964 4934 2053 4974 ve-

423 5030 487 5067 ro
516 5031 548 5067 a
574 5014 809 5085 propria
838 5012 1133 5068 ordinetur
1157 5011 1369 5082 synodo
1394 5053 1407 5080 ,
1434 5015 1493 5066 et
1526 5010 1583 5064 in
1611 5011 1913 5083 provinciis
1944 5011 2052 5084 ipsi

423 5106 687 5176 subjectis
711 5107 897 5161 locum
928 5111 1119 5161 teneat
1136 5104 1457 5176 apostolicae
1484 5103 1629 5159 sedis
1653 5105 1933 5159 Romanae
1961 5121 2048 5160 se-

424 5199 675 5256 cundum
724 5216 791 5254 ea
829 5216 957 5272 qua:
1003 5204 1226 5254 sanctus
1270 5216 1418 5270 papa
1462 5197 1701 5269 Vigilius
1743 5197 2048 5253 constituit.

424 5293 716 5350 Consimili
737 5291 906 5348 modo
922 5299 978 5349 et
996 5292 1478 5364 archiepiscopale
1494 5308 1726 5362 munus,
1749 5291 1902 5363 quod
1925 5291 2048 5364 epi-

424 5406 590 5460 scopo
631 5386 991 5442 Justinianeae
1032 5387 1386 5458 Carthaginis
1425 5385 1701 5441 Africanae
1745 5385 2052 5441 diteceseos

425 5483 702 5551 dedimus,
738 5498 804 5536 ex
832 5497 946 5552 quo
975 5480 1121 5535 Deus
1147 5481 1307 5534 nobis
1336 5480 1479 5535 hanc
1510 5480 1789 5548 restituit,
1819 5496 2047 5535 conser-

424 5576 546 5630 vari
591 5576 878 5646 jubemus.
937 5575 1042 5629 Sed
1097 5579 1154 5627 et
1196 5573 1319 5626 aliae
1360 5574 1609 5629 civitates
1634 5581 1802 5645 atque
1846 5575 2050 5629 horum

429 5668 697 5740 episcopi,
723 5668 930 5740 quibus
965 5667 1173 5738 passim
1208 5666 1268 5719 in
1301 5665 1534 5721 diversis
1566 5668 1700 5724 locis
1723 5668 1818 5738 jus
1842 5673 2055 5723 metro.

427 5760 718 5835 politicum
736 5777 1064 5818 concessum
1077 5765 1179 5828 est,
1196 5759 1253 5813 in
1271 5763 1610 5832 perpetuum
1632 5761 1741 5816 hoc
1753 5761 2052 5839 privilegio

2153 4550 2305 4612 runt,
2330 4545 2418 4598 vel
2448 4542 2570 4598 ﬁeri
2593 4547 3009 4610 concesserunt,
3031 4557 3095 4595 ex
3126 4539 3411 4611 provincia
3440 4539 3539 4594 ubi
3569 4540 3679 4594 hoc
3698 4539 3793 4594 ad-

2151 4638 2387 4693 missum
2415 4637 2523 4692 fuit
2550 4637 2866 4708 ejiciantur,
2907 4635 3078 4690 rebus
3115 4635 3373 4705 ipsorum
3414 4638 3795 4688 sacrosancte

2151 4732 2272 4802 ejus
2298 4731 2404 4786 loci
2435 4731 2683 4786 ecclesia:
2715 4729 3083 4785 vindicandis.

2223 4824 2283 4880 Si
2314 4824 2439 4896 quis
2469 4824 2528 4878 in
2559 4823 2790 4878 nomine
2823 4821 3021 4894 magni
3045 4820 3145 4877 Dei
3171 4826 3231 4876 et
3261 4820 3581 4876 Servatoris
3611 4821 3798 4876 nostri

2149 4920 2278 4974 Jesu
2330 4918 2537 4975 Christi
2580 4917 2973 4972 hmreditatem
3024 4920 3123 4971 aut
3161 4915 3415 4985 legatum
3457 4914 3790 4986 reliquerit,

2143 5012 2413 5083 jubemus
2443 5017 2504 5067 ut
2541 5011 2660 5082 ejus
2688 5010 2796 5065 loci
2821 5009 3086 5080 ecclesia,
3116 5009 3176 5063 in
3206 5025 3320 5080 quo
3350 5012 3588 5063 testator
3614 5008 3798 5063 domi-

2150 5107 2344 5161 cilium
2357 5105 2575 5173 habuit,
2601 5106 2858 5160 relictum
2886 5103 3089 5175 capiat.
3110 5102 3166 5158 Si
3185 5101 3312 5174 quis
3327 5117 3513 5156 unum
3530 5101 3793 5174 aliquem

2150 5217 2180 5256 e
2206 5199 2412 5255 sanctis
2439 5199 2724 5254 beeredem
2750 5197 3039 5268 scripserit
3062 5239 3075 5266 ,
3119 5200 3219 5252 aut
3257 5197 3511 5268 legatum
3552 5194 3639 5249 illi
3666 5195 3794 5248 neli-

2149 5294 2356 5365 querit,
2390 5309 2574 5365 neque
2599 5292 2919 5364 specialiter
2947 5291 3133 5345 locum
3162 5288 3564 5358 nominaverit,
3592 5288 3657 5343 in
3677 5303 3794 5360 quo

2150 5387 2473 5443 veneranda
2502 5387 2705 5441 domus
2740 5386 2829 5451 sit,
2871 5385 3236 5440 inveniantur
3265 5387 3461 5438 autem
3497 5383 3558 5437 in
3585 5382 3791 5438 eodem

2149 5482 2273 5536 loco
2300 5486 2400 5536 aut
2425 5480 2567 5536 urbe
2595 5480 2755 5552 plura
2788 5478 3032 5534 oratoria
3061 5477 3313 5548 ejusdem
3340 5476 3544 5544 sancti,
3574 5475 3660 5530 illi
3686 5492 3788 5548 po-

2150 5575 2260 5629 tius
2287 5574 2538 5629 zrdiculaz
2565 5589 2694 5645 qua:
2727 5572 3030 5646 pauperior
3073 5572 3146 5625 sit
3185 5570 3445 5625 relictum
3472 5570 3787 5641 praebetur.

2150 5668 2245 5723 Sin
2272 5684 2407 5723 vero
2431 5669 2494 5722 in
2520 5684 2586 5724 ea
2610 5668 2753 5723 urbe
2780 5667 2941 5722 nulla
2967 5665 3115 5721 aedes
3144 5663 3428 5719 nominati
3468 5665 3659 5718 sancti
3682 5664 3755 5717 sit
3772 5703 3791 5727 ,

2150 5762 2475 5821 inveniatur
2495 5768 2688 5820 autem
2713 5761 2903 5844 aliqua
2935 5760 2996 5815 in
3022 5757 3309 5816 territorio
3339 5757 3485 5833 ejus,
3514 5757 3599 5812 illi
3627 5757 3796 5813 dator
