4076 6186
292 253 417 322 1041
1111 257 1472 316 JUSTINIANI
1508 260 1833 315 NOVELLE
1881 255 2212 317 SELECTgE.
2253 259 2556 316 NOVELLA
2596 251 2819 314 CXXXI.
3501 253 3635 316 40-12

286 365 340 420 Si
369 382 557 438 neque
575 365 633 420 in
658 362 939 422 territorio
955 367 1231 439 ejusmodi
1247 369 1395 424 aedes
1420 369 1754 442 reperiatur,
1776 375 1912 426 tunc
1937 381 1993 456 Α
2013 369 2272 442 implere.
2296 370 2404 427 Sed
2433 373 2490 425 et
2509 369 2682 425 cuivis
2700 368 2797 426 alii
2817 367 3049 425 licentia
3068 368 3264 426 erit‘ea
3291 367 3360 427 de
3389 385 3448 426 re
3475 388 3630 444 quas-

289 459 538 515 ecclesiae
571 460 809 516 civitatis
837 461 896 516 in
927 479 1038 536 qua
1068 466 1308 520 testator
1333 463 1683 520 domicilium
1714 465 1913 521 habuit
2013 465 2258 520 stionem
2284 481 2532 530 movere,
2553 465 2804 536 dareque
2829 481 3064 536 operam
3087 469 3150 520 ut
3164 466 3436 522 omnibus
3451 466 3637 522 modis

287 553 554 609 relictum
581 554 888 627 praebetor.
2013 557 2070 614 id
2093 574 2276 630 genus
2305 559 2413 630 pias
2440 575 2621 614 causae
2647 561 3048 630 exsequantur.

362 647 420 702 Si
449 647 575 718 quis
613 649 939 706 venerabile
975 651 1306 719 oratorium,
1339 658 1437 708 aut
1467 670 1776 720 xenonem,
1815 657 1916 709 aut
2085 651 2143 708 Si
2170 669 2302 707 vero
2343 653 2527 707 hmres
2553 669 2622 708 ea
2651 670 2778 724 quae
2807 653 2866 707 in
2889 652 3012 724 pias
3039 669 3234 708 causas
3280 654 3475 710 relicta
3503 657 3638 710 sunt

287 741 608 814 ptochium,
637 747 736 798 aut
763 744 1334 816 orphanotrophium,
1365 752 1464 802 aut
1497 747 1911 815 nosocomium,
2014 761 2132 801 non
2174 745 2430 817 impleat,
2465 746 2658 801 dicens
2687 763 2800 800 non
2846 747 3108 800 sufﬁcere
3137 746 3208 802 ad
3237 747 3337 802 has
3371 747 3635 808 relictum

289 837 393 889 aut
416 835 585 889 aliam
609 837 986 893 venerabilem
1015 839 1250 895 domum
1275 841 1489 896 exstrui
1514 841 1572 896 in
1603 842 1801 897 ultima
1825 858 1916 896 νος
2013 840 2124 894 sibi
2163 839 2594 912 patrimonium,
2616 840 2888 911 jubemus
2929 843 2992 894 ut
3021 841 3177 896 omni
3205 841 3360 896 lucro
3391 843 3544 914 quod
3569 861 3636 899 ex

289 928 510 984 luntate
531 928 886 1001 disposuerit,
891 932 1165 1003 jubemus
1184 935 1243 987 ut
1259 935 1572 990 oratorium
1588 935 1739 990 intra
1755 935 1917 1006 quin-
2014 933 2260 989 Falcidia
2285 935 2548 1006 provenit
2562 938 2818 1002 vacante,
2839 933 3122 1006 quidquid
3136 934 3194 989 in
3218 935 3340 1005 ejus
3361 935 3640 992 facultati-

290 1037 405 1093 que
425 1038 606 1078 annos
634 1023 977 1094 perficiatur,
1007 1025 1362 1096 providentia
1387 1028 1645 1082 locorum
1667 1027 1916 1100 episcopi
2015 1027 2120 1082 bus
2136 1027 2431 1082 inventum
2455 1027 2646 1097 fuerit,
2663 1027 3018 1099 providentia
3033 1028 3370 1084 sanctissimi
3385 1031 3640 1086 locorum

291 1119 350 1170 et
374 1116 552 1170 civilis
580 1117 964 1188 magistratus.
987 1120 1182 1176 Xenon
1203 1137 1336 1175 vero
1358 1124 1458 1176 aut
1485 1122 1798 1194 ptochium,
1821 1127 1920 1178 aut
2019 1121 2267 1192 episcopi
2297 1124 2483 1176 totum
2510 1121 2568 1175 in
2591 1139 2786 1176 causas
2801 1122 2870 1176 ad
2898 1138 3036 1193 quas
3059 1121 3320 1178 relictum
3338 1126 3424 1178 est
3446 1140 3640 1195 proce-

293 1210 408 1266 alia
437 1211 774 1265 venerabilis
803 1211 1012 1268 domus
1037 1213 1184 1268 intra
1213 1231 1389 1270 unum
1421 1232 1635 1271 annum
1665 1219 1914 1272 exstrua-

292 1309 409 1360 tur.
429 1303 485 1359 Si
507 1303 654 1360 intra
668 1321 880 1360 annum
901 1307 1155 1362 haeredes
1176 1324 1484 1376 xenonem,
1502 1312 1922 1382 autquamcun-

291 1414 406 1470 que
425 1399 809 1454 venerabilem
829 1400 1064 1457 domum
1097 1418 1270 1473 quam
1295 1405 1529 1458 testator
1559 1403 1771 1458 exstrui
1802 1403 1917 1458 dis-

293 1491 502 1563 posuit,
558 1509 674 1548 non
723 1493 981 1564 fecerint,
1029 1494 1301 1566 jubemus
1347 1500 1410 1552 ut
1457 1497 1691 1552 domum
1739 1497 1780 1552 ii
1830 1499 1921 1553 vel

295 1590 512 1654 emant,
532 1586 619 1640 vel
641 1586 982 1655 conducant,
1007 1589 1102 1642 ubi
1111 1589 1268 1660 jussa
1290 1595 1503 1661 queant
1527 1591 1780 1662 exsequi,
1795 1597 1918 1647 tan-

293 1679 472 1752 tisper
501 1679 640 1735 dum
660 1681 942 1750 ejusmodi
971 1683 1308 1738 venerabilis
1337 1683 1540 1738 domus
1571 1684 1918 1740 absolvatur.

2017 1215 2131 1270 dat.
2163 1215 2328 1280 Quod
2360 1215 2406 1268 si
2431 1215 2686 1286 legatum
2718 1215 2789 1270 ab
2817 1216 3009 1287 aliquo
3039 1215 3111 1270 ad
3139 1216 3262 1287 pias
3287 1233 3480 1271 causas
3507 1217 3641 1273 reli-

2018 1312 2175 1364 ctum
2198 1307 2386 1378 fuerit,
2399 1308 2668 1378 jubemus
2682 1312 2748 1363 ut
2766 1309 2916 1364 intra
2935 1325 3031 1364 sex
3053 1327 3280 1365 menses
3300 1311 3370 1365 ab
3389 1311 3642 1366 insinua-

2017 1403 2174 1457 tione
2221 1401 2546 1456 testamenti
2592 1401 2978 1456 numerandos
3017 1403 3283 1457 omnibus
3311 1403 3418 1458 hoc
3460 1404 3646 1460 modis

2019 1498 2326 1569 praestetur
2345 1495 2432 1549 his
2452 1495 2658 1566 quibus
2685 1495 2944 1550 relictum
2974 1495 3078 1550 est.
3095 1495 3190 1551 Sin
3215 1500 3406 1550 autem
3426 1498 3644 1568 quihoc

2023 1589 2240 1660 gravati
2260 1591 2394 1642 sunt
2405 1587 2501 1659 huj
2509 1587 2727 1642 usmodi
2745 1588 2998 1658 legatum
3015 1593 3288 1659 praestare
3303 1589 3644 1660 distulerint,

2023 1685 2082 1736 et
2111 1683 2344 1749 fructus,
2379 1685 2437 1735 et
2469 1697 2652 1734 usurae
2685 1685 2742 1735 et
2783 1681 2972 1736 omnis
2997 1681 3252 1754 legitima
3278 1683 3545 1752 accessio,
3575 1685 3646 1738 ab

293 1774 372 1828 Ac
391 1773 676 1845 siquidem
697 1775 817 1846 ipse
833 1776 1305 1844 testatorfinierit,
1323 1778 1556 1848 quinam
1577 1779 1918 1846 xenodochi,
1942 1753 1998 1826 B
2021 1775 2157 1848 ipsis
2193 1775 2313 1846 jam
2352 1775 2484 1830 inde
2513 1791 2547 1828 a
2583 1778 2844 1846 tempore
2884 1775 3082 1830 mortis
3125 1775 3245 1846 ejus
3289 1777 3388 1846 qui
3419 1777 3652 1849 reliquit

295 1869 397 1920 aut
423 1869 786 1940 ptocotrophi
814 1875 914 1923 aut
941 1869 997 1924 id
1029 1886 1208 1940 genus
1233 1870 1328 1924 alii
1351 1869 1770 1942 dispensatores
1795 1872 1921 1927 fieri

297 1960 568 2029 debeant,
586 1963 684 2016 aut
698 1961 1023 2016 haeredibus
1051 1963 1165 2018 suis
1181 1964 1353 2035 hujus
1373 1963 1454 2019 rei
1475 1965 1763 2037 optionem
1784 1983 1924 2038 prae-

295 2053 781 2124 buerit,jubemus
803 2060 864 2110 ut
881 2056 1148 2111 omnibus
1163 2057 1348 2112 modis
1364 2057 1621 2113 haeredes
1644 2058 1818 2130 ipsius
1833 2059 1922 2114 his

295 2163 425 2216 quae
452 2147 524 2202 ab
560 2147 682 2220 ipso
719 2148 989 2220 disposita
1015 2157 1148 2205 sunt
1189 2150 1554 2220 satisfaciant,
1584 2152 1922 2208 beatissimis

296 2241 552 2296 locorum
584 2241 862 2313 episcopis
889 2241 1246 2314 inspecturis,
1293 2261 1365 2299 an
1405 2243 1748 2316 dispensatio
1792 2247 1921 2317 pul-

297 2334 432 2388 chre
457 2335 745 2404 procedat.
775 2336 844 2391 Et
869 2335 914 2390 si
939 2336 1420 2408 deprehenderint
1445 2355 1538 2394 eos
1565 2339 1662 2410 qui
1691 2339 1920 2410 dispen-

297 2427 573 2482 sationem
614 2429 828 2484 habent
854 2446 1103 2502 nequam
1145 2431 1405 2486 homines
1431 2436 1488 2486 et
1515 2432 1722 2487 nullius
1759 2433 1923 2488 bonae

294 2519 380 2575 rei
411 2537 553 2588 esse,
583 2521 869 2578 licentiam
892 2523 1169 2578 habituris
1197 2529 1262 2580 ut
1289 2525 1412 2580 sine
1451 2525 1664 2580 damno
1695 2527 1834 2582 alios
1861 2527 1921 2582 in

299 2615 524 2670 illorum
547 2616 734 2671 locum
765 2617 949 2689 magis
987 2617 1226 2673 idoneos
1251 2619 1556 2674 sufﬁciant.

369 2708 480 2764 Sed
514 2712 572 2764 et
605 2709 651 2762 si
689 2709 815 2782 quis
846 2727 952 2781 pro
1005 2711 1393 2782 redemptione
1438 2713 1788 2784 captivorum
1826 2718 1924 2770 aut

295 2801 569 2856 alimonia
597 2819 913 2874 pauperum
935 2804 1330 2860 haereditatem
1352 2805 1440 2860 vel
1465 2807 1720 2874 legatum
1747 2807 1806 2862 in
1828 2824 1920 2862 re-

293 2895 400 2949 bus
421 2895 746 2964 mobilibus,
773 2901 870 2952 aut
898 2897 1307 2966 immobilibus,
1338 2899 1452 2953 sive
1473 2901 1670 2968 semel,
1694 2900 1808 2954 sive
1828 2917 1925 2955 an-

2023 1869 2345 1941 exigentur.
2369 1867 2424 1922 Si
2445 1869 2702 1940 legatum
2727 1885 2988 1924 annuum
3013 1869 3327 1940 cuicunque
3339 1870 3649 1926 venerabili

2023 1961 2220 2018 domui
2236 1962 2494 2016 relictum
2515 1961 2706 2029 fuerit,
2726 1961 3010 2034 siquidem
3030 1962 3200 2034 hiqui
3216 1963 3339 2018 haec
3359 1963 3496 2018 dare
3503 1963 3650 2034 jussi

2023 2058 2174 2125 sunt,
2214 2057 2312 2109 aut
2360 2055 2516 2109 locus
2557 2071 2626 2110 ex
2664 2071 2779 2126 quo
2817 2055 2870 2110 id
2905 2055 3167 2126 praestari
3213 2055 3438 2126 jussum
3475 2057 3648 2112 estin

2024 2149 2226 2204 eadem
2245 2151 2342 2204 aut
2372 2148 2556 2203 vicina
2580 2148 2867 2220 provincia
2886 2154 2990 2218 est,
3006 2149 3278 2220 jubemus
3299 2165 3369 2204 ne
3396 2165 3508 2220 quo
3531 2165 3652 2206 mo-

2022 2243 2097 2297 do
2122 2243 2231 2298 tale
2260 2242 2519 2312 legatum
2550 2241 2852 2297 alienatur.
2889 2243 2988 2298 Sin
3017 2243 3143 2298 loca
3169 2247 3269 2298 aut
3298 2259 3555 2314 personas
3583 2261 3650 2298 ex

2022 2336 2228 2407 quibus
2253 2340 2352 2390 aut
2377 2353 2412 2390 a
2437 2335 2643 2408 quibus
2661 2336 2770 2390 hoc
2797 2334 2921 2390 dari
2935 2337 3160 2407 jussum
3191 2339 3276 2391 est
3300 2336 3360 2391 in
3388 2337 3652 2393 remotio—

2023 2429 2177 2483 ribus
2205 2429 2320 2484 sint
2346 2429 2622 2501 partibus,
2651 2431 2785 2484 tunc
2829 2429 3121 2502 integrum
3155 2429 3265 2485 illis
3295 2434 3414 2485 esto
3443 2431 3651 2502 quibus

2022 2522 2079 2576 id
2116 2521 2376 2577 relictum
2401 2527 2503 2591 est,
2527 2526 2593 2576 ut
2617 2523 2663 2578 si
2691 2523 2940 2595 obligata
2969 2523 3145 2578 etiam
3175 2541 3308 2596 pars
3347 2524 3648 2592 consentit,

2022 2616 2278 2686 legatum
2294 2619 2647 2696 permutent,
2678 2620 2736 2671 et
2757 2616 3005 2672 vicinum
3038 2615 3285 2688 aliquem
3305 2634 3408 2689 pro
3428 2618 3538 2673 hoc
3564 2634 3652 2672 re-

2025 2708 2205 2763 ditum
2234 2709 2466 2780 capiant
2495 2710 2747 2778 uberem,
2769 2714 2826 2764 et
2852 2727 2982 2764 cum
3008 2711 3348 2778 accessione,
3371 2727 3498 2782 quae
3535 2728 3650 2766 non

2023 2801 2214 2856 minus
2261 2806 2462 2873 quarta
2503 2803 2714 2858 relictae
2740 2803 3076 2875 quantitatis
3095 2807 3258 2875 parte
3293 2804 3566 2874 continet,
3595 2810 3655 2860 et

2025 2911 2212 2966 neque
2238 2895 2432 2949 multis
2451 2895 2693 2966 publicis
2719 2896 3180 2968 praestationibus
3208 2903 3500 2952 onustum.
3535 2897 3650 2954 Sed

298 3005 477 3042 nuum
517 2989 830 3060 reliquerit,
861 2994 921 3044 et
955 2991 1062 3046 hoc
1097 2991 1283 3046 modis
1314 2993 1579 3048 omnibus
1609 2993 1922 3048 secundum
2024 2990 2082 3040 et
2099 2987 2142 3040 si
2157 2987 2405 3042 Vendere
2423 2989 2534 3043 tale
2553 2989 2809 3060 legatum
2836 2988 3139 3058 voluerint,
3166 3007 3284 3045 non
3307 2991 3498 3045 minus
3517 3007 3651 3062 pre-

297 3082 579 3136 testatoris
612 3084 962 3138 voluntatem
1003 3101 1106 3156 per
1143 3102 1242 3139 eos
1291 3085 1384 3157 qui
1415 3086 1472 3140 id
1515 3087 1746 3158 exsequi
1781 3087 1918 3157 jussi
1943 3122 1995 3164 ρ
2023 3081 2086 3134 tii
2115 3081 2356 3136 nomine
2381 3083 2611 3153 capiant
2635 3097 2809 3154 quam
2841 3099 2913 3137 ex
2943 3083 3044 3138 tali
3071 3083 3260 3154 legato
3283 3101 3386 3155 per
3414 3083 3655 3156 triginta

295 3181 426 3230 sunt
449 3180 766 3246 prtestator.
803 3177 859 3232 Si
891 3177 1209 3248 specialiter
1246 3197 1360 3234 non
1387 3180 1595 3235 dixerit
1629 3181 1790 3250 cujus
1816 3181 1924 3236 loci
1947 3175 1998 3196 “'
2025 3176 2282 3247 quinque
2329 3193 2513 3231 annos
2553 3175 2888 3248 colligatur:
2917 3175 2997 3230 ita
3040 3179 3236 3231 tamen
3265 3180 3332 3230 ut
3369 3177 3651 3247 ejusmodi

295 3269 644 3340 pauperibus
675 3271 796 3325 haec
824 3271 1138 3342 reliquerit,
1173 3272 1445 3342 jubemus
1475 3278 1535 3328 ut
1562 3274 1922 3344 religiosissi-

297 3379 422 3416 mus
449 3362 686 3418 civitatis
715 3363 1034 3436 episcopus,
1072 3363 1128 3418 in
1159 3382 1273 3436 qua
1301 3368 1538 3421 testator
1573 3365 1924 3421 domicilium

297 3454 514 3523 habuit,
538 3472 629 3509 eas
657 3473 749 3510 res
773 3457 846 3512 ad
877 3474 937 3512 se
967 3456 1218 3528 recipiat,
1249 3461 1304 3512 et
1329 3458 1476 3512 inter
1499 3475 1774 3530 pauperes
1801 3459 1924 3530 ejus

297 3547 538 3602 civitatis
563 3547 877 3603 distribuat.
901 3551 1043 3604 ltem
1066 3549 1112 3603 si
1140 3568 1242 3622 pro
1261 3551 1655 3622 redemptione
1683 3553 1924 3623 captivo-

301 3657 426 3695 rum
452 3640 668 3713 aliquid
699 3643 964 3698 relictum
989 3643 1076 3710 sit,
1102 3661 1288 3715 neque
1316 3647 1552 3699 testator
1577 3645 1922 3700 nominatim

297 3733 528 3802 dixerit,
556 3751 661 3806 per
689 3752 861 3807 quem
887 3736 1345 3808 redemptionem
1377 3737 1498 3792 ﬁeri
1526 3742 1802 3808 oporteat,
1827 3738 1920 3792 iti-

296 3828 424 3882 dem
437 3828 707 3898 jubemus
725 3833 787 3884 ut
799 3846 891 3884 res
907 3829 963 3884 in
987 3830 1093 3885 hoc
1114 3831 1324 3885 relictas
1347 3830 1600 3886 locorum
1628 3831 1924 3903 episcopus

295 3926 349 3975 et
377 3921 544 3992 hujus
568 3938 901 3977 oeconomus
928 3923 1132 3994 capiat,
1160 3927 1216 3978 et
1243 3924 1574 3994 hujusmodi
1596 3924 1756 3997 pium
1783 3943 1924 3997 opus

298 4013 544 4085 impleat.
579 4017 639 4070 In
663 4015 926 4070 omnibus
952 4017 1108 4071 enim
1133 4016 1254 4072 istis
1284 4017 1393 4088 piis
1424 4017 1808 4074 Voluntatibus
1829 4035 1921 4074 vo-

297 4108 482 4162 lumus
508 4108 682 4162 etiam
711 4109 863 4180 ipsos
884 4109 1334 4181 religiosissimos
1356 4112 1612 4167 locorum
1633 4111 1922 4184 episcopos

295 4201 706 4272 providentiam
727 4203 1174 4273 accommodare,
1198 4208 1262 4260 ut
1286 4205 1478 4260 omnia
1499 4206 1810 4261 secundum
1833 4212 1918 4261 te-

293 4295 519 4348 statoris
549 4295 898 4350 voluntatem
927 4297 1254 4368 procedant,
1277 4301 1334 4352 et
1361 4298 1404 4352 si
1438 4299 1681 4352 maxime
1699 4316 1728 4352 a
1756 4303 1923 4354 testa-

293 4387 510 4442 toribus
534 4393 633 4443 aut
661 4389 1029 4444 donatoribus
1051 4389 1412 4446 interdictum
1435 4391 1568 4463 ipsis
1601 4391 1765 4446 sitne
1787 4391 1921 4464 quid

2021 3269 2272 3340 pretium
2299 3269 2370 3323 ad
2397 3269 2707 3324 utilitatem
2747 3269 3035 3339 praedictas
3071 3269 3407 3324 venerabilis
3445 3269 3650 3325 domus

2023 3361 2290 3433 procedat
2315 3361 2405 3415 cui
2432 3361 2691 3415 relictum
2719 3366 2822 3415 est.

2096 3453 2486 3508 lnterdicimus
2510 3453 2651 3508 item
2679 3453 3116 3525 religiosissimis
3145 3453 3427 3527 episcopis
3456 3473 3530 3511 ne
3558 3474 3654 3512 res

2023 3547 2266 3602 mobiles
2304 3552 2404 3602 aut
2430 3547 2776 3616 immobiles,
2804 3550 2903 3602 aut
2927 3547 3143 3619 seipsas
3173 3553 3490 3614 moventes,
3521 3567 3650 3622 quae

2023 3644 2151 3712 post
2161 3641 2428 3712 adeptum
2445 3640 2839 3712 episcopatum
2857 3657 3198 3714 quocunque
3215 3642 3390 3698 modo
3409 3644 3478 3699 ad
3500 3644 3655 3715 ipsos

2024 3737 2425 3806 pervenerunt,
2455 3735 2526 3789 ad
2554 3737 2824 3806 cognatos
2845 3751 2978 3789 suos
3001 3738 3101 3789 aut
3125 3753 3491 3808 quascunque
3514 3737 3653 3793 alias

2022 3844 2296 3900 personas
2325 3828 2445 3882 ullo
2475 3827 2646 3883 modo
2677 3829 3040 3883 transferant.
3073 3829 3156 3884 Ad
3193 3830 3652 3902 redemptionem

2023 3924 2217 3976 tamen
2238 3921 2615 3993 captivorum,
2632 3925 2690 3976 et
2710 3921 3042 3977 alimoniam
3068 3940 3410 3995 pauperum,
3431 3924 3570 3980 item
3590 3927 3652 3980 in

2021 4015 2160 4069 alias
2203 4015 2326 4087 pias
2355 4032 2573 4083 causas,
2601 4032 2791 4087 neque
2817 4033 2935 4070 non
2981 4031 3084 4087 pro
3112 4017 3352 4072 utilitate
3399 4019 3654 4073 ecclesias

2024 4125 2158 4178 suae,
2181 4126 2247 4164 ex
2267 4109 2356 4164 his
2383 4109 2706 4182 expendere
2731 4109 3020 4164 licentiam
3047 4109 3316 4164 habento.
3349 4111 3416 4164 Et
3441 4109 3488 4164 si
3514 4111 3652 4182 quid

2024 4219 2088 4257 ex
2118 4203 2323 4258 talibus
2351 4203 2522 4257 rebus
2551 4206 2676 4274 post
2709 4202 2941 4257 illorum
2964 4201 3182 4257 obitum
3211 4202 3270 4256 in
3300 4203 3649 4274 patrimonio

2021 4295 2252 4350 illorum
2283 4295 2682 4366 permanserit,
2706 4295 2977 4366 jubemus
3005 4299 3066 4349 ut
3093 4295 3199 4349 hoc
3227 4295 3298 4350 ad
3320 4295 3642 4353 dominium

2022 4391 2511 4442 sacrosanctarum
2535 4388 2902 4443 ecclesiarum
2928 4388 2987 4442 in
3008 4388 3216 4460 quibus
3241 4394 3541 4461 gesserunt
3567 4407 3652 4446 sa-

295 4480 354 4534 in
375 4480 442 4535 iis
468 4481 713 4536 habeant
733 4483 1078 4537 commercii.
1109 4483 1276 4538 Certe
1305 4483 1348 4537 si
1381 4483 1460 4538 illi
1488 4483 1586 4556 qui
1617 4484 1737 4538 haec
1765 4501 1918 4539 exse-
1941 4487 2000 4560 Ι)
2023 4482 2341 4536 cerdotium
2371 4481 2672 4553 pertineat.
2707 4483 2766 4536 In
2789 4481 2899 4536 illis
2927 4483 3082 4536 enim
3103 4481 3272 4537 rebus
3302 4485 3651 4540 tantummo-

295 4575 393 4646 qui
411 4574 554 4646 jussi
587 4578 719 4629 sunt
742 4576 915 4630 semel
929 4579 1098 4648 atque
1133 4576 1343 4632 iterum
1370 4595 1403 4632 a
1422 4577 1744 4632 beatissimo
1765 4578 1920 4634 loco-

298 4683 424 4722 rum
447 4667 710 4739 episcOpo
733 4671 791 4722 et
805 4669 928 4739 ejus
945 4669 1251 4724 oeconomis
1268 4687 1374 4742 per
1389 4670 1638 4742 publicas
1655 4688 1924 4744 personas

295 4761 594 4830 admoniti,
629 4777 695 4816 ea
721 4777 849 4834 quae
875 4762 1144 4834 disposita
1161 4766 1292 4818 sunt
1318 4763 1557 4836 implere
1579 4765 1922 4833 distulerint,

288 4853 556 4926 jubemus
581 4858 644 4908 ut
670 4854 708 4909 ii
734 4872 904 4911 omne
922 4856 1148 4912 lucrum
1173 4857 1327 4928 quod
1356 4858 1426 4912 ab
1449 4875 1515 4914 eo
1542 4859 1639 4930 qui
1669 4859 1776 4914 ista
1795 4859 1920 4930 jus-

296 4948 369 5002 sit
404 4947 540 5020 ipsis
587 4948 785 5003 relicta
829 4955 978 5014 sunt,
1013 4950 1300 5020 amittant,
1331 4951 1743 5024 religiosissimi
1786 4969 1922 5008 vero

295 5043 551 5097 locorum
581 5043 829 5115 episcopi
863 5059 1064 5098 omnes
1107 5061 1199 5098 res
1223 5061 1350 5117 quae
1382 5045 1812 5118 quibuscunque
1843 5046 1927 5117 (ut

295 5136 509 5190 dictum
543 5138 644 5206 est)
669 5135 777 5207 piis
806 5137 988 5192 causis
1009 5138 1299 5211 deputata:
1322 5141 1474 5205 sunt,
1495 5155 1624 5194 cum
1653 5139 1925 5194 fructibus

297 5232 356 5284 et
383 5229 558 5284 medii
583 5231 860 5302 temporis
886 5232 1322 5300 accessionibus,
1350 5235 1518 5304 atque
1545 5233 1685 5288 item
1711 5249 1926 5288 memo-

294 5325 418 5378 rato
443 5323 600 5378 lucro
625 5323 936 5392 vindicent,
951 5329 1006 5380 et
1031 5342 1158 5400 quae
1186 5328 1420 5379 testator
1445 5325 1716 5396 disposuit
1737 5325 1922 5381 adim-

295 5417 522 5489 pleant:
552 5416 742 5472 scituri
771 5417 924 5489 quod
951 5417 996 5472 si
1026 5421 1082 5473 et
1111 5417 1216 5490 ipsi
1264 5419 1648 5489 negligentius
1675 5419 1921 5490 egerint,

294 5527 398 5582 pro
428 5510 694 5565 omnibus
722 5509 810 5566 his
841 5509 1120 5566 rationem
1157 5511 1270 5566 Deo
1304 5511 1577 5567 reddituri
1618 5511 1750 5568 sint.
1781 5513 1924 5568 Sane

292 5603 336 5659 si
365 5603 823 5676 religiosissimus
855 5605 1110 5660 locorum
1139 5604 1438 5677 episcopus
1475 5605 1689 5678 aliquid
1721 5624 1923 5664 eorum

293 5713 424 5770 quia
451 5715 484 5752 a
515 5697 677 5753 nobis
717 5698 869 5753 dicta
896 5701 1028 5752 sunt
1060 5697 1512 5770 praetermiserit,
1555 5699 1770 5756 licitum
1801 5707 1922 5760 esto

294 5791 721 5862 religiosissimo
743 5791 864 5862 ejus
892 5791 1334 5866 metropolitano
1354 5792 1473 5850 haec
1501 5793 1728 5865 exigere
1752 5799 1924 5871 atque

2025 4576 2096 4631 do
2117 4575 2420 4644 alienandi,
2435 4578 2536 4630 aut
2549 4575 2756 4646 quibus
2770 4575 3000 4630 tandem
3024 4576 3306 4631 voluerint
3323 4577 3655 4650 relinquen-

2025 4669 2081 4722 di
2095 4668 2231 4740 ipsis
2242 4668 2524 4724 licentiam
2541 4669 2933 4736 concedimus,
2949 4686 3092 4740 quas
3103 4673 3202 4724 aut
3217 4674 3349 4724 ante
3363 4670 3654 4742 episcopa-

2023 4767 2148 4817 tum
2165 4761 2431 4817 habuisse
2453 4763 2807 4834 comprobati
2833 4762 3065 4832 fuerint,
3091 4767 3190 4818 aut
3210 4768 3338 4834 post
3365 4763 3652 4836 episcopa-

2025 4859 2148 4910 tum
2172 4855 2242 4911 ad
2256 4856 2406 4928 ipsos
2425 4857 2494 4911 ab
2519 4856 2584 4910 iis
2609 4856 2979 4928 pervenerint
3004 4856 3106 4928 qui
3131 4856 3358 4927 generis
3379 4859 3650 4928 proximi-

2025 4953 2141 5005 tate
2172 4967 2268 5006 eos
2293 4950 2722 5023 contingebant,
2749 4949 2954 5021 quibus
2983 4949 3053 5004 ab
3077 4949 3352 5006 intestato
3384 4957 3653 5023 poterant

2027 5060 2206 5116 usque
2233 5043 2306 5098 ad
2329 5049 2596 5116 quartum
2625 5043 2866 5115 gradum
2894 5041 3218 5097 succedere.
3247 5047 3432 5116 Atque
3455 5046 3650 5102 omnia

2025 5138 2147 5192 haec
2173 5154 2300 5208 qua:
2333 5137 2404 5192 de
2433 5137 2601 5192 rebus
2619 5141 2748 5208 post
2772 5135 3161 5208 episcopatum
3189 5137 3262 5192 ad
3289 5139 3648 5212 religiosissi-

2025 5248 2152 5287 mos
2175 5231 2474 5303 episcopos
2499 5227 2968 5312 proﬁvenientibus
2999 5230 3265 5296 diximus,
3291 5231 3348 5286 in
3381 5250 3646 5288 reveren-

2027 5325 2279 5381 dissimis
2307 5324 2444 5379 item
2480 5323 2985 5396 orphanotrophis,
3016 5328 3072 5379 et
3109 5325 3560 5397 ptochotrophis,
3595 5329 3650 5380 et

2028 5418 2370 5484 nosocomis,
2386 5416 2443 5472 et
2459 5418 2905 5489 gerontocomis,
2925 5421 2984 5473 et
3002 5418 3368 5482 xenodochis,
3391 5421 3450 5472 et
3469 5418 3652 5472 omni-

2025 5512 2131 5566 bus
2148 5512 2272 5568 aliis
2283 5511 2698 5566 venerabilium
2719 5512 2932 5567 aedium
2951 5509 3445 5584 dispensatoribus
3463 5510 3652 5566 valere
3753 5511 3766 5524 '

2027 5607 2331 5674 sancimus,
2355 5609 2412 5660 et
2429 5605 2538 5660 hoc
2558 5622 2671 5678 quo
2699 5605 2772 5662 ad
2799 5623 2890 5661 res
2917 5622 3044 5677 qua:
3071 5603 3514 5674 dispensationis
3535 5620 3652 5660 sum

2025 5703 2286 5774 tempore
2312 5699 2588 5772 praedicto
2613 5700 2788 5756 modo
2811 5699 2881 5754 ad
2907 5699 3058 5770 ipsos
3074 5695 3464 5767 pervenerint.
3487 5697 3656 5762 Quod

2028 5794 2075 5850 si
2104 5796 2232 5869 quis
2266 5793 2584 5867 episcopus,
2617 5798 2714 5849 aut
2745 5791 3001 5856 clericus,
3036 5791 3132 5844 aut
3161 5789 3551 5863 cujuscunque
3573 5806 3658 5845 ec-
