  <div class='ocr_page' id='page_1' title='image "/cluster/home/n/w/nwhite01/storage/ocr_20150623/72/hvd.32044054758768/527.png"; bbox 0 0 4056 6184; ppageno 0'>
   <div class='ocr_carea' id='block_1_1' title="bbox 429 314 560 370">
    <p class='ocr_par' dir='ltr' id='par_1_1' title="bbox 429 314 560 370">
     <span class='ocr_line' id='line_1_1' title="bbox 429 314 560 370; baseline 0.023 -3"><span class='ocrx_word' id='word_1_1' title='bbox 429 314 560 370; x_wconf 68' lang='grc'>1043</span> 
     </span>
    </p>
   </div>
   <div class='ocr_carea' id='block_1_2' title="bbox 1571 313 2643 371">
    <p class='ocr_par' dir='ltr' id='par_1_2' title="bbox 1571 313 2643 371">
     <span class='ocr_line' id='line_1_2' title="bbox 1571 313 2643 371; baseline 0.003 -4"><span class='ocrx_word' id='word_1_2' title='bbox 1571 313 1826 370; x_wconf 70' lang='lat' dir='ltr'>SAECULI</span> <span class='ocrx_word' id='word_1_3' title='bbox 1863 314 2052 369; x_wconf 77' lang='lat' dir='ltr'><strong>SEXTI</strong></span> <span class='ocrx_word' id='word_1_4' title='bbox 2090 313 2643 371; x_wconf 80' lang='lat' dir='ltr'>SUPI’LEMENTUM.</span> 
     </span>
    </p>
   </div>
   <div class='ocr_carea' id='block_1_3' title="bbox 3649 318 3783 377">
    <p class='ocr_par' dir='ltr' id='par_1_3' title="bbox 3649 318 3783 377">
     <span class='ocr_line' id='line_1_3' title="bbox 3649 318 3783 377; baseline 0.007 -2"><span class='ocrx_word' id='word_1_5' title='bbox 3649 318 3783 377; x_wconf 67' lang='grc'>1044</span> 
     </span>
    </p>
   </div>
   <div class='ocr_carea' id='block_1_4' title="bbox 425 419 3785 509">
    <p class='ocr_par' dir='ltr' id='par_1_4' title="bbox 425 419 3785 509">
     <span class='ocr_line' id='line_1_4' title="bbox 425 419 3785 509; baseline 0.003 -32"><span class='ocrx_word' id='word_1_6' title='bbox 425 419 720 480; x_wconf 83' lang='lat' dir='ltr'>clesiastici</span> <span class='ocrx_word' id='word_1_7' title='bbox 761 421 972 496; x_wconf 83' lang='lat' dir='ltr'>gradus</span> <span class='ocrx_word' id='word_1_8' title='bbox 998 420 1279 491; x_wconf 76' lang='lat' dir='ltr'>minister,</span> <span class='ocrx_word' id='word_1_9' title='bbox 1309 427 1408 479; x_wconf 87' lang='lat' dir='ltr'>aut</span> <span class='ocrx_word' id='word_1_10' title='bbox 1441 426 1692 480; x_wconf 80' lang='lat' dir='ltr'>ecclesiae</span> <span class='ocrx_word' id='word_1_11' title='bbox 1729 426 2048 481; x_wconf 60' lang='lat' dir='ltr'>diaconissa</span> <span class='ocrx_word' id='word_1_12' title='bbox 2071 434 2129 509; x_wconf 73' lang='grc' dir='ltr'>Α</span> <span class='ocrx_word' id='word_1_13' title='bbox 2149 426 2289 479; x_wconf 88' lang='lat' dir='ltr'>enim</span> <span class='ocrx_word' id='word_1_14' title='bbox 2310 425 2710 495; x_wconf 82' lang='lat' dir='ltr'>providebimus</span> <span class='ocrx_word' id='word_1_15' title='bbox 2736 428 3004 494; x_wconf 83' lang='lat' dir='ltr'>quatenus</span> <span class='ocrx_word' id='word_1_16' title='bbox 3027 429 3141 482; x_wconf 83' lang='lat' dir='ltr'>sine</span> <span class='ocrx_word' id='word_1_17' title='bbox 3159 428 3477 483; x_wconf 80' lang='lat' dir='ltr'>collatorum</span> <span class='ocrx_word' id='word_1_18' title='bbox 3501 430 3785 500; x_wconf 65' lang='lat' dir='ltr'>dispendio</span> 
     </span>
    </p>
   </div>
   <div class='ocr_carea' id='block_1_5' title="bbox 423 517 2051 590">
    <p class='ocr_par' dir='ltr' id='par_1_5' title="bbox 423 517 2051 590">
     <span class='ocr_line' id='line_1_5' title="bbox 423 517 2051 590; baseline 0.002 -18"><span class='ocrx_word' id='word_1_19' title='bbox 423 517 549 583; x_wconf 42' lang='lat' dir='ltr'>.sine</span> <span class='ocrx_word' id='word_1_20' title='bbox 577 521 904 576; x_wconf 79' lang='lat' dir='ltr'>testamenti</span> <span class='ocrx_word' id='word_1_21' title='bbox 924 519 1130 576; x_wconf 86' lang='lat' dir='ltr'>tabulis</span> <span class='ocrx_word' id='word_1_22' title='bbox 1152 521 1208 574; x_wconf 90' lang='lat' dir='ltr'>et</span> <span class='ocrx_word' id='word_1_23' title='bbox 1226 518 1498 590; x_wconf 81' lang='lat' dir='ltr'>legitimis</span> <span class='ocrx_word' id='word_1_24' title='bbox 1515 518 1752 576; x_wconf 85' lang='lat' dir='ltr'>decedat</span> <span class='ocrx_word' id='word_1_25' title='bbox 1769 537 2051 576; x_wconf 88' lang='lat' dir='ltr'>successo-</span> 
     </span>
    </p>
   </div>
   <div class='ocr_carea' id='block_1_6' title="bbox 423 615 2052 685">
    <p class='ocr_par' dir='ltr' id='par_1_6' title="bbox 423 615 2052 685">
     <span class='ocr_line' id='line_1_6' title="bbox 423 615 2052 685; baseline 0.002 -14"><span class='ocrx_word' id='word_1_26' title='bbox 423 615 602 685; x_wconf 87' lang='lat' dir='ltr'>ribus,</span> <span class='ocrx_word' id='word_1_27' title='bbox 648 617 853 673; x_wconf 90' lang='lat' dir='ltr'>horum</span> <span class='ocrx_word' id='word_1_28' title='bbox 901 617 1178 673; x_wconf 87' lang='lat' dir='ltr'>successio</span> <span class='ocrx_word' id='word_1_29' title='bbox 1229 617 1303 673; x_wconf 90' lang='lat' dir='ltr'>ad</span> <span class='ocrx_word' id='word_1_30' title='bbox 1357 617 1662 673; x_wconf 82' lang='lat' dir='ltr'>ecclesiam</span> <span class='ocrx_word' id='word_1_31' title='bbox 1711 617 1966 676; x_wconf 80' lang='lat' dir='ltr'>defertor</span> <span class='ocrx_word' id='word_1_32' title='bbox 1990 618 2052 675; x_wconf 90' lang='lat' dir='ltr'>in</span> 
     </span>
    </p>
   </div>
   <div class='ocr_carea' id='block_1_7' title="bbox 426 711 1330 784">
    <p class='ocr_par' dir='ltr' id='par_1_7' title="bbox 426 711 1330 784">
     <span class='ocr_line' id='line_1_7' title="bbox 426 711 1330 784; baseline 0 -18"><span class='ocrx_word' id='word_1_33' title='bbox 426 726 603 784; x_wconf 85' lang='lat' dir='ltr'>quam</span> <span class='ocrx_word' id='word_1_34' title='bbox 634 712 779 766; x_wconf 85' lang='lat' dir='ltr'>forte</span> <span class='ocrx_word' id='word_1_35' title='bbox 805 711 1053 766; x_wconf 82' lang='lat' dir='ltr'>ordinati</span> <span class='ocrx_word' id='word_1_36' title='bbox 1081 713 1330 767; x_wconf 80' lang='lat' dir='ltr'>fuerant.</span> 
     </span>
    </p>
   </div>
   <div class='ocr_carea' id='block_1_8' title="bbox 496 803 2054 878">
    <p class='ocr_par' dir='ltr' id='par_1_8' title="bbox 496 803 2054 878">
     <span class='ocr_line' id='line_1_8' title="bbox 496 803 2054 878; baseline 0.001 -18"><span class='ocrx_word' id='word_1_37' title='bbox 496 805 672 860; x_wconf 90' lang='lat' dir='ltr'>Porro</span> <span class='ocrx_word' id='word_1_38' title='bbox 709 803 980 875; x_wconf 89' lang='lat' dir='ltr'>jubemus</span> <span class='ocrx_word' id='word_1_39' title='bbox 1016 822 1088 860; x_wconf 92' lang='lat' dir='ltr'>ne</span> <span class='ocrx_word' id='word_1_40' title='bbox 1130 805 1435 877; x_wconf 87' lang='lat' dir='ltr'>quisquam</span> <span class='ocrx_word' id='word_1_41' title='bbox 1467 806 1791 874; x_wconf 73' lang='lat' dir='ltr'>haereticus,</span> <span class='ocrx_word' id='word_1_42' title='bbox 1831 807 1920 861; x_wconf 85' lang='lat' dir='ltr'>vel</span> <span class='ocrx_word' id='word_1_43' title='bbox 1950 822 2054 878; x_wconf 89' lang='lat' dir='ltr'>per</span> 
     </span>
    </p>
   </div>
   <div class='ocr_carea' id='block_1_9' title="bbox 427 897 2046 971">
    <p class='ocr_par' dir='ltr' id='par_1_9' title="bbox 427 897 2046 971">
     <span class='ocr_line' id='line_1_9' title="bbox 427 897 2046 971; baseline 0.001 -19"><span class='ocrx_word' id='word_1_44' title='bbox 427 897 887 967; x_wconf 90' lang='lat' dir='ltr'>conductionem,</span> <span class='ocrx_word' id='word_1_45' title='bbox 933 899 1020 954; x_wconf 86' lang='lat' dir='ltr'>vel</span> <span class='ocrx_word' id='word_1_46' title='bbox 1053 899 1500 971; x_wconf 84' lang='lat' dir='ltr'>emphyteusim,</span> <span class='ocrx_word' id='word_1_47' title='bbox 1540 901 1627 954; x_wconf 88' lang='lat' dir='ltr'>vel</span> <span class='ocrx_word' id='word_1_48' title='bbox 1663 899 2046 971; x_wconf 87' lang='lat' dir='ltr'>emptionem,</span> 
     </span>
    </p>
   </div>
   <div class='ocr_carea' id='block_1_10' title="bbox 427 991 2052 1064">
    <p class='ocr_par' dir='ltr' id='par_1_10' title="bbox 427 991 2052 1064">
     <span class='ocr_line' id='line_1_10' title="bbox 427 991 2052 1064; baseline 0.002 -20"><span class='ocrx_word' id='word_1_49' title='bbox 427 994 526 1045; x_wconf 89' lang='lat' dir='ltr'>aut</span> <span class='ocrx_word' id='word_1_50' title='bbox 543 1008 884 1063; x_wconf 85' lang='lat' dir='ltr'>quocunque</span> <span class='ocrx_word' id='word_1_51' title='bbox 901 991 1012 1047; x_wconf 88' lang='lat' dir='ltr'>alio</span> <span class='ocrx_word' id='word_1_52' title='bbox 1027 993 1201 1048; x_wconf 89' lang='lat' dir='ltr'>modo</span> <span class='ocrx_word' id='word_1_53' title='bbox 1223 993 1646 1048; x_wconf 86' lang='lat' dir='ltr'>resimmobiles</span> <span class='ocrx_word' id='word_1_54' title='bbox 1662 1011 1695 1048; x_wconf 88' lang='lat' dir='ltr'>a</span> <span class='ocrx_word' id='word_1_55' title='bbox 1709 1009 2052 1064; x_wconf 87' lang='lat' dir='ltr'>quacunque</span> 
     </span>
    </p>
   </div>
   <div class='ocr_carea' id='block_1_11' title="bbox 426 1084 2052 1158">
    <p class='ocr_par' dir='ltr' id='par_1_11' title="bbox 426 1084 2052 1158">
     <span class='ocr_line' id='line_1_11' title="bbox 426 1084 2052 1158; baseline 0.002 -20"><span class='ocrx_word' id='word_1_56' title='bbox 426 1084 663 1139; x_wconf 81' lang='lat' dir='ltr'>ecclesia</span> <span class='ocrx_word' id='word_1_57' title='bbox 702 1088 802 1140; x_wconf 90' lang='lat' dir='ltr'>aut</span> <span class='ocrx_word' id='word_1_58' title='bbox 845 1085 1155 1141; x_wconf 83' lang='lat' dir='ltr'>venerabili</span> <span class='ocrx_word' id='word_1_59' title='bbox 1195 1085 1368 1142; x_wconf 92' lang='lat' dir='ltr'>domo</span> <span class='ocrx_word' id='word_1_60' title='bbox 1400 1087 1608 1158; x_wconf 82' lang='lat' dir='ltr'>capiat.</span> <span class='ocrx_word' id='word_1_61' title='bbox 1641 1086 1699 1141; x_wconf 92' lang='lat' dir='ltr'>Si</span> <span class='ocrx_word' id='word_1_62' title='bbox 1737 1086 1873 1158; x_wconf 90' lang='lat' dir='ltr'>quid</span> <span class='ocrx_word' id='word_1_63' title='bbox 1919 1103 2052 1142; x_wconf 91' lang='lat' dir='ltr'>vero</span> 
     </span>
    </p>
   </div>
   <div class='ocr_carea' id='block_1_12' title="bbox 426 1177 2051 1251">
    <p class='ocr_par' dir='ltr' id='par_1_12' title="bbox 426 1177 2051 1251">
     <span class='ocr_line' id='line_1_12' title="bbox 426 1177 2051 1251; baseline 0.003 -20"><span class='ocrx_word' id='word_1_64' title='bbox 426 1177 710 1248; x_wconf 83' lang='lat' dir='ltr'>ejusmodi</span> <span class='ocrx_word' id='word_1_65' title='bbox 729 1178 919 1234; x_wconf 86' lang='lat' dir='ltr'>delicti</span> <span class='ocrx_word' id='word_1_66' title='bbox 933 1178 1250 1235; x_wconf 87' lang='lat' dir='ltr'>admissum</span> <span class='ocrx_word' id='word_1_67' title='bbox 1267 1179 1458 1248; x_wconf 89' lang='lat' dir='ltr'>fuerit,</span> <span class='ocrx_word' id='word_1_68' title='bbox 1478 1180 1778 1236; x_wconf 69' lang='lat' dir='ltr'>haereticus</span> <span class='ocrx_word' id='word_1_69' title='bbox 1795 1179 2051 1251; x_wconf 87' lang='lat' dir='ltr'>quidem,</span> 
     </span>
    </p>
   </div>
   <div class='ocr_carea' id='block_1_13' title="bbox 427 1271 2050 1345">
    <p class='ocr_par' dir='ltr' id='par_1_13' title="bbox 427 1271 2050 1345">
     <span class='ocr_line' id='line_1_13' title="bbox 427 1271 2050 1345; baseline 0.002 -20"><span class='ocrx_word' id='word_1_70' title='bbox 427 1271 476 1326; x_wconf 88' lang='lat' dir='ltr'>si</span> <span class='ocrx_word' id='word_1_71' title='bbox 505 1271 638 1342; x_wconf 88' lang='lat' dir='ltr'>quid</span> <span class='ocrx_word' id='word_1_72' title='bbox 672 1289 777 1344; x_wconf 89' lang='lat' dir='ltr'>per</span> <span class='ocrx_word' id='word_1_73' title='bbox 803 1272 955 1328; x_wconf 90' lang='lat' dir='ltr'>hanc</span> <span class='ocrx_word' id='word_1_74' title='bbox 980 1291 1212 1328; x_wconf 85' lang='lat' dir='ltr'>causam</span> <span class='ocrx_word' id='word_1_75' title='bbox 1244 1273 1555 1345; x_wconf 79' lang='lat' dir='ltr'>praebuerit</span> <span class='ocrx_word' id='word_1_76' title='bbox 1579 1274 1825 1329; x_wconf 86' lang='lat' dir='ltr'>amittat.</span> <span class='ocrx_word' id='word_1_77' title='bbox 1855 1273 2050 1328; x_wconf 87' lang='lat' dir='ltr'>Istius-</span> 
     </span>
    </p>
   </div>
   <div class='ocr_carea' id='block_1_14' title="bbox 426 1365 2056 1438">
    <p class='ocr_par' dir='ltr' id='par_1_14' title="bbox 426 1365 2056 1438">
     <span class='ocr_line' id='line_1_14' title="bbox 426 1365 2056 1438; baseline 0.002 -18"><span class='ocrx_word' id='word_1_78' title='bbox 426 1365 590 1422; x_wconf 89' lang='lat' dir='ltr'>modi</span> <span class='ocrx_word' id='word_1_79' title='bbox 608 1383 742 1421; x_wconf 88' lang='lat' dir='ltr'>vero</span> <span class='ocrx_word' id='word_1_80' title='bbox 775 1383 864 1421; x_wconf 88' lang='lat' dir='ltr'>res</span> <span class='ocrx_word' id='word_1_81' title='bbox 890 1367 1197 1422; x_wconf 82' lang='lat' dir='ltr'>venerabili</span> <span class='ocrx_word' id='word_1_82' title='bbox 1226 1366 1429 1422; x_wconf 87' lang='lat' dir='ltr'>domui</span> <span class='ocrx_word' id='word_1_83' title='bbox 1459 1385 1494 1422; x_wconf 89' lang='lat' dir='ltr'>a</span> <span class='ocrx_word' id='word_1_84' title='bbox 1519 1383 1634 1438; x_wconf 89' lang='lat' dir='ltr'>qua</span> <span class='ocrx_word' id='word_1_85' title='bbox 1660 1371 1718 1422; x_wconf 91' lang='lat' dir='ltr'>et</span> <span class='ocrx_word' id='word_1_86' title='bbox 1747 1368 1892 1422; x_wconf 65' lang='lat' dir='ltr'>data:</span> <span class='ocrx_word' id='word_1_87' title='bbox 1923 1369 2056 1423; x_wconf 87' lang='lat' dir='ltr'>sunt</span> 
     </span>
    </p>
   </div>
   <div class='ocr_carea' id='block_1_15' title="bbox 426 1458 2052 1532">
    <p class='ocr_par' dir='ltr' id='par_1_15' title="bbox 426 1458 2052 1532">
     <span class='ocr_line' id='line_1_15' title="bbox 426 1458 2052 1532; baseline 0 -18"><span class='ocrx_word' id='word_1_88' title='bbox 426 1458 806 1514; x_wconf 88' lang='lat' dir='ltr'>vindicantor.</span> <span class='ocrx_word' id='word_1_89' title='bbox 827 1459 1196 1532; x_wconf 84' lang='lat' dir='ltr'>Dispensator</span> <span class='ocrx_word' id='word_1_90' title='bbox 1215 1463 1407 1515; x_wconf 90' lang='lat' dir='ltr'>autem</span> <span class='ocrx_word' id='word_1_91' title='bbox 1421 1459 1630 1515; x_wconf 87' lang='lat' dir='ltr'>domus</span> <span class='ocrx_word' id='word_1_92' title='bbox 1647 1461 1741 1532; x_wconf 91' lang='lat' dir='ltr'>qui</span> <span class='ocrx_word' id='word_1_93' title='bbox 1760 1459 2052 1531; x_wconf 88' lang='lat' dir='ltr'>hujusmo-</span> 
     </span>
    </p>
   </div>
   <div class='ocr_carea' id='block_1_16' title="bbox 427 1551 2053 1624">
    <p class='ocr_par' dir='ltr' id='par_1_16' title="bbox 427 1551 2053 1624">
     <span class='ocr_line' id='line_1_16' title="bbox 427 1551 2053 1624; baseline 0.001 -18"><span class='ocrx_word' id='word_1_94' title='bbox 427 1551 589 1608; x_wconf 90' lang='lat' dir='ltr'>dires</span> <span class='ocrx_word' id='word_1_95' title='bbox 605 1553 872 1608; x_wconf 77' lang='lat' dir='ltr'>hzeretico</span> <span class='ocrx_word' id='word_1_96' title='bbox 893 1553 1118 1613; x_wconf 52' lang='lat' dir='ltr'>debrit</span> <span class='ocrx_word' id='word_1_97' title='bbox 1135 1555 1193 1608; x_wconf 91' lang='lat' dir='ltr'>in</span> <span class='ocrx_word' id='word_1_98' title='bbox 1223 1553 1548 1608; x_wconf 88' lang='lat' dir='ltr'>universum</span> <span class='ocrx_word' id='word_1_99' title='bbox 1573 1571 1606 1608; x_wconf 90' lang='lat' dir='ltr'>a</span> <span class='ocrx_word' id='word_1_100' title='bbox 1625 1552 2053 1624; x_wconf 86' lang='lat' dir='ltr'>dispensatione</span> 
     </span>
    </p>
   </div>
   <div class='ocr_carea' id='block_1_17' title="bbox 428 1646 2054 1718">
    <p class='ocr_par' dir='ltr' id='par_1_17' title="bbox 428 1646 2054 1718">
     <span class='ocr_line' id='line_1_17' title="bbox 428 1646 2054 1718; baseline 0.001 -18"><span class='ocrx_word' id='word_1_101' title='bbox 428 1650 772 1712; x_wconf 90' lang='lat' dir='ltr'>removetor,</span> <span class='ocrx_word' id='word_1_102' title='bbox 797 1650 856 1701; x_wconf 91' lang='lat' dir='ltr'>et</span> <span class='ocrx_word' id='word_1_103' title='bbox 874 1646 932 1702; x_wconf 90' lang='lat' dir='ltr'>in</span> <span class='ocrx_word' id='word_1_104' title='bbox 962 1647 1380 1702; x_wconf 83' lang='lat' dir='ltr'>monasterium</span> <span class='ocrx_word' id='word_1_105' title='bbox 1411 1647 1730 1718; x_wconf 89' lang='lat' dir='ltr'>conjicitor,</span> <span class='ocrx_word' id='word_1_106' title='bbox 1753 1651 1811 1701; x_wconf 91' lang='lat' dir='ltr'>et</span> <span class='ocrx_word' id='word_1_107' title='bbox 1827 1663 1932 1718; x_wconf 91' lang='lat' dir='ltr'>per</span> <span class='ocrx_word' id='word_1_108' title='bbox 1951 1663 2054 1701; x_wconf 86' lang='lat' dir='ltr'>an-</span> 
     </span>
    </p>
   </div>
   <div class='ocr_carea' id='block_1_18' title="bbox 429 1739 2053 1812">
    <p class='ocr_par' dir='ltr' id='par_1_18' title="bbox 429 1739 2053 1812">
     <span class='ocr_line' id='line_1_18' title="bbox 429 1739 2053 1812; baseline 0.001 -19"><span class='ocrx_word' id='word_1_109' title='bbox 429 1757 568 1794; x_wconf 92' lang='lat' dir='ltr'>num</span> <span class='ocrx_word' id='word_1_110' title='bbox 597 1756 774 1794; x_wconf 90' lang='lat' dir='ltr'>unum</span> <span class='ocrx_word' id='word_1_111' title='bbox 792 1757 826 1795; x_wconf 89' lang='lat' dir='ltr'>a</span> <span class='ocrx_word' id='word_1_112' title='bbox 850 1744 1047 1795; x_wconf 88' lang='lat' dir='ltr'>sancta</span> <span class='ocrx_word' id='word_1_113' title='bbox 1073 1741 1478 1796; x_wconf 84' lang='lat' dir='ltr'>communione</span> <span class='ocrx_word' id='word_1_114' title='bbox 1506 1743 1866 1812; x_wconf 86' lang='lat' dir='ltr'>segregator,</span> <span class='ocrx_word' id='word_1_115' title='bbox 1883 1739 2053 1812; x_wconf 87' lang='lat' dir='ltr'>utqui</span> 
     </span>
    </p>
   </div>
   <div class='ocr_carea' id='block_1_19' title="bbox 427 1833 2056 1904">
    <p class='ocr_par' dir='ltr' id='par_1_19' title="bbox 427 1833 2056 1904">
     <span class='ocr_line' id='line_1_19' title="bbox 427 1833 2056 1904; baseline 0 -16"><span class='ocrx_word' id='word_1_116' title='bbox 427 1833 780 1888; x_wconf 86' lang='lat' dir='ltr'>Christianos</span> <span class='ocrx_word' id='word_1_117' title='bbox 796 1833 1076 1888; x_wconf 64' lang='lat' dir='ltr'>haereticis</span> <span class='ocrx_word' id='word_1_118' title='bbox 1095 1833 1418 1889; x_wconf 83' lang='lat' dir='ltr'>tradiderit.</span> <span class='ocrx_word' id='word_1_119' title='bbox 1432 1835 1506 1888; x_wconf 86' lang='lat' dir='ltr'>At</span> <span class='ocrx_word' id='word_1_120' title='bbox 1522 1833 1569 1888; x_wconf 90' lang='lat' dir='ltr'>si</span> <span class='ocrx_word' id='word_1_121' title='bbox 1591 1833 1943 1889; x_wconf 83' lang='lat' dir='ltr'>orthodoxus</span> <span class='ocrx_word' id='word_1_122' title='bbox 1959 1833 2056 1904; x_wconf 87' lang='lat' dir='ltr'>qui</span> 
     </span>
    </p>
   </div>
   <div class='ocr_carea' id='block_1_20' title="bbox 429 1927 2058 1998">
    <p class='ocr_par' dir='ltr' id='par_1_20' title="bbox 429 1927 2058 1998">
     <span class='ocr_line' id='line_1_20' title="bbox 429 1927 2058 1998; baseline 0 -16"><span class='ocrx_word' id='word_1_123' title='bbox 429 1927 847 1998; x_wconf 87' lang='lat' dir='ltr'>possessionem</span> <span class='ocrx_word' id='word_1_124' title='bbox 889 1927 1062 1982; x_wconf 86' lang='lat' dir='ltr'>habet</span> <span class='ocrx_word' id='word_1_125' title='bbox 1092 1927 1152 1982; x_wconf 89' lang='lat' dir='ltr'>in</span> <span class='ocrx_word' id='word_1_126' title='bbox 1183 1944 1297 1998; x_wconf 89' lang='lat' dir='ltr'>qua</span> <span class='ocrx_word' id='word_1_127' title='bbox 1337 1931 1536 1982; x_wconf 88' lang='lat' dir='ltr'>sancta</span> <span class='ocrx_word' id='word_1_128' title='bbox 1575 1927 1650 1982; x_wconf 91' lang='lat' dir='ltr'>sit</span> <span class='ocrx_word' id='word_1_129' title='bbox 1685 1927 1942 1994; x_wconf 87' lang='lat' dir='ltr'>ecclesia,</span> <span class='ocrx_word' id='word_1_130' title='bbox 1970 1927 2058 1982; x_wconf 87' lang='lat' dir='ltr'>vel</span> 
     </span>
    </p>
   </div>
   <div class='ocr_carea' id='block_1_21' title="bbox 427 2020 2058 2092">
    <p class='ocr_par' dir='ltr' id='par_1_21' title="bbox 427 2020 2058 2092">
     <span class='ocr_line' id='line_1_21' title="bbox 427 2020 2058 2092; baseline 0.002 -19"><span class='ocrx_word' id='word_1_131' title='bbox 427 2037 534 2092; x_wconf 81' lang='lat' dir='ltr'>per</span> <span class='ocrx_word' id='word_1_132' title='bbox 547 2020 989 2092; x_wconf 88' lang='lat' dir='ltr'>emphyteusim,</span> <span class='ocrx_word' id='word_1_133' title='bbox 1003 2022 1090 2075; x_wconf 91' lang='lat' dir='ltr'>vel</span> <span class='ocrx_word' id='word_1_134' title='bbox 1116 2020 1585 2090; x_wconf 89' lang='lat' dir='ltr'>conductionem,</span> <span class='ocrx_word' id='word_1_135' title='bbox 1603 2021 1693 2076; x_wconf 91' lang='lat' dir='ltr'>vel</span> <span class='ocrx_word' id='word_1_136' title='bbox 1714 2037 2058 2092; x_wconf 89' lang='lat' dir='ltr'>quocunque</span> 
     </span>
    </p>
   </div>
   <div class='ocr_carea' id='block_1_22' title="bbox 427 2113 2055 2186">
    <p class='ocr_par' dir='ltr' id='par_1_22' title="bbox 427 2113 2055 2186">
     <span class='ocr_line' id='line_1_22' title="bbox 427 2113 2055 2186; baseline 0.001 -18"><span class='ocrx_word' id='word_1_137' title='bbox 427 2114 942 2170; x_wconf 80' lang='lat' dir='ltr'>administrationis</span> <span class='ocrx_word' id='word_1_138' title='bbox 972 2131 1186 2186; x_wconf 84' lang='lat' dir='ltr'>genere</span> <span class='ocrx_word' id='word_1_139' title='bbox 1213 2131 1282 2170; x_wconf 90' lang='lat' dir='ltr'>ea</span> <span class='ocrx_word' id='word_1_140' title='bbox 1309 2115 1464 2181; x_wconf 91' lang='lat' dir='ltr'>data,</span> <span class='ocrx_word' id='word_1_141' title='bbox 1487 2113 1672 2186; x_wconf 90' lang='lat' dir='ltr'>ipsam</span> <span class='ocrx_word' id='word_1_142' title='bbox 1699 2113 2055 2180; x_wconf 89' lang='lat' dir='ltr'>alienaverit,</span> 
     </span>
    </p>
   </div>
   <div class='ocr_carea' id='block_1_23' title="bbox 429 2207 2056 2280">
    <p class='ocr_par' dir='ltr' id='par_1_23' title="bbox 429 2207 2056 2280">
     <span class='ocr_line' id='line_1_23' title="bbox 429 2207 2056 2280; baseline 0.001 -18"><span class='ocrx_word' id='word_1_143' title='bbox 429 2211 526 2262; x_wconf 88' lang='lat' dir='ltr'>aut</span> <span class='ocrx_word' id='word_1_144' title='bbox 549 2208 846 2280; x_wconf 86' lang='lat' dir='ltr'>reliquerit</span> <span class='ocrx_word' id='word_1_145' title='bbox 868 2207 1092 2276; x_wconf 77' lang='lat' dir='ltr'>Judaeo,</span> <span class='ocrx_word' id='word_1_146' title='bbox 1117 2211 1218 2263; x_wconf 90' lang='lat' dir='ltr'>aut</span> <span class='ocrx_word' id='word_1_147' title='bbox 1236 2207 1523 2276; x_wconf 70' lang='lat' dir='ltr'>haeretico,</span> <span class='ocrx_word' id='word_1_148' title='bbox 1553 2211 1654 2263; x_wconf 89' lang='lat' dir='ltr'>aut</span> <span class='ocrx_word' id='word_1_149' title='bbox 1671 2207 2056 2274; x_wconf 82' lang='lat' dir='ltr'>Samaritana,</span> 
     </span>
    </p>
   </div>
   <div class='ocr_carea' id='block_1_24' title="bbox 429 2301 2060 2368">
    <p class='ocr_par' dir='ltr' id='par_1_24' title="bbox 429 2301 2060 2368">
     <span class='ocr_line' id='line_1_24' title="bbox 429 2301 2060 2368; baseline 0 -12"><span class='ocrx_word' id='word_1_150' title='bbox 429 2306 530 2356; x_wconf 86' lang='lat' dir='ltr'>aut</span> <span class='ocrx_word' id='word_1_151' title='bbox 557 2302 774 2368; x_wconf 62' lang='lat' dir='ltr'>Graeco,</span> <span class='ocrx_word' id='word_1_152' title='bbox 792 2303 890 2356; x_wconf 89' lang='lat' dir='ltr'>aut</span> <span class='ocrx_word' id='word_1_153' title='bbox 913 2301 1294 2368; x_wconf 64' lang='lat' dir='ltr'>Montanistm,</span> <span class='ocrx_word' id='word_1_154' title='bbox 1323 2305 1422 2356; x_wconf 92' lang='lat' dir='ltr'>aut</span> <span class='ocrx_word' id='word_1_155' title='bbox 1444 2301 1680 2368; x_wconf 86' lang='lat' dir='ltr'>Ariano,</span> <span class='ocrx_word' id='word_1_156' title='bbox 1701 2305 2060 2356; x_wconf 80' lang='lat' dir='ltr'>sacrosancta</span> 
     </span>
    </p>
   </div>
   <div class='ocr_carea' id='block_1_25' title="bbox 430 2394 2055 2468">
    <p class='ocr_par' dir='ltr' id='par_1_25' title="bbox 430 2394 2055 2468">
     <span class='ocr_line' id='line_1_25' title="bbox 430 2394 2055 2468; baseline -0.001 -19"><span class='ocrx_word' id='word_1_157' title='bbox 430 2395 553 2464; x_wconf 86' lang='lat' dir='ltr'>ejus</span> <span class='ocrx_word' id='word_1_158' title='bbox 583 2395 844 2468; x_wconf 90' lang='lat' dir='ltr'>oppiduli</span> <span class='ocrx_word' id='word_1_159' title='bbox 872 2395 1114 2450; x_wconf 86' lang='lat' dir='ltr'>ecclesia</span> <span class='ocrx_word' id='word_1_160' title='bbox 1142 2395 1351 2450; x_wconf 90' lang='lat' dir='ltr'>horum</span> <span class='ocrx_word' id='word_1_161' title='bbox 1387 2394 1710 2450; x_wconf 87' lang='lat' dir='ltr'>dominium</span> <span class='ocrx_word' id='word_1_162' title='bbox 1749 2394 2055 2449; x_wconf 89' lang='lat' dir='ltr'>vindicato.</span> 
     </span>
    </p>
   </div>
   <div class='ocr_carea' id='block_1_26' title="bbox 431 2488 2060 2560">
    <p class='ocr_par' dir='ltr' id='par_1_26' title="bbox 431 2488 2060 2560">
     <span class='ocr_line' id='line_1_26' title="bbox 431 2488 2060 2560; baseline -0.001 -16"><span class='ocrx_word' id='word_1_163' title='bbox 431 2488 489 2544; x_wconf 90' lang='lat' dir='ltr'>Si</span> <span class='ocrx_word' id='word_1_164' title='bbox 521 2489 646 2560; x_wconf 90' lang='lat' dir='ltr'>quis</span> <span class='ocrx_word' id='word_1_165' title='bbox 672 2491 866 2544; x_wconf 90' lang='lat' dir='ltr'>autem</span> <span class='ocrx_word' id='word_1_166' title='bbox 898 2489 1322 2557; x_wconf 81' lang='lat' dir='ltr'>haereticorum,</span> <span class='ocrx_word' id='word_1_167' title='bbox 1347 2489 1554 2560; x_wconf 88' lang='lat' dir='ltr'>quibus</span> <span class='ocrx_word' id='word_1_168' title='bbox 1573 2504 2060 2544; x_wconf 89' lang='lat' dir='ltr'>connumeramus</span> 
     </span>
    </p>
   </div>
   <div class='ocr_carea' id='block_1_27' title="bbox 431 2581 2056 2654">
    <p class='ocr_par' dir='ltr' id='par_1_27' title="bbox 431 2581 2056 2654">
     <span class='ocr_line' id='line_1_27' title="bbox 431 2581 2056 2654; baseline 0 -18"><span class='ocrx_word' id='word_1_169' title='bbox 431 2581 606 2637; x_wconf 88' lang='lat' dir='ltr'>etiam</span> <span class='ocrx_word' id='word_1_170' title='bbox 628 2582 1012 2650; x_wconf 88' lang='lat' dir='ltr'>Nestorianos,</span> <span class='ocrx_word' id='word_1_171' title='bbox 1038 2586 1096 2638; x_wconf 89' lang='lat' dir='ltr'>et</span> <span class='ocrx_word' id='word_1_172' title='bbox 1119 2583 1458 2654; x_wconf 83' lang='lat' dir='ltr'>Accphalos,</span> <span class='ocrx_word' id='word_1_173' title='bbox 1492 2586 1552 2637; x_wconf 92' lang='lat' dir='ltr'>et</span> <span class='ocrx_word' id='word_1_174' title='bbox 1580 2581 2056 2654; x_wconf 84' lang='lat' dir='ltr'>Eutychianistas,</span> 
     </span>
    </p>
   </div>
   <div class='ocr_carea' id='block_1_28' title="bbox 431 2673 2060 2746">
    <p class='ocr_par' dir='ltr' id='par_1_28' title="bbox 431 2673 2060 2746">
     <span class='ocr_line' id='line_1_28' title="bbox 431 2673 2060 2746; baseline -0.001 -17"><span class='ocrx_word' id='word_1_175' title='bbox 431 2677 762 2746; x_wconf 88' lang='lat' dir='ltr'>speluncam</span> <span class='ocrx_word' id='word_1_176' title='bbox 811 2675 960 2730; x_wconf 88' lang='lat' dir='ltr'>ausit</span> <span class='ocrx_word' id='word_1_177' title='bbox 984 2675 1120 2730; x_wconf 85' lang='lat' dir='ltr'>fidei</span> <span class='ocrx_word' id='word_1_178' title='bbox 1166 2692 1282 2730; x_wconf 66' lang='lat' dir='ltr'>sua:</span> <span class='ocrx_word' id='word_1_179' title='bbox 1325 2674 1703 2742; x_wconf 65' lang='lat' dir='ltr'>exaedificare,</span> <span class='ocrx_word' id='word_1_180' title='bbox 1738 2677 1840 2730; x_wconf 90' lang='lat' dir='ltr'>aut</span> <span class='ocrx_word' id='word_1_181' title='bbox 1876 2673 2060 2734; x_wconf 80' lang='lat' dir='ltr'>Judaei</span> 
     </span>
    </p>
   </div>
   <div class='ocr_carea' id='block_1_29' title="bbox 430 2767 2058 2841">
    <p class='ocr_par' dir='ltr' id='par_1_29' title="bbox 430 2767 2058 2841">
     <span class='ocr_line' id='line_1_29' title="bbox 430 2767 2058 2841; baseline 0 -18"><span class='ocrx_word' id='word_1_182' title='bbox 430 2785 639 2824; x_wconf 89' lang='lat' dir='ltr'>novam</span> <span class='ocrx_word' id='word_1_183' title='bbox 673 2767 782 2824; x_wconf 90' lang='lat' dir='ltr'>sibi</span> <span class='ocrx_word' id='word_1_184' title='bbox 821 2785 1180 2841; x_wconf 86' lang='lat' dir='ltr'>synagogam</span> <span class='ocrx_word' id='word_1_185' title='bbox 1210 2771 1520 2834; x_wconf 82' lang='lat' dir='ltr'>exstruere,</span> <span class='ocrx_word' id='word_1_186' title='bbox 1563 2770 1761 2823; x_wconf 89' lang='lat' dir='ltr'>sancta</span> <span class='ocrx_word' id='word_1_187' title='bbox 1799 2768 2058 2824; x_wconf 89' lang='lat' dir='ltr'>locorum</span> 
     </span>
    </p>
   </div>
   <div class='ocr_carea' id='block_1_30' title="bbox 429 2861 2059 2918">
    <p class='ocr_par' dir='ltr' id='par_1_30' title="bbox 429 2861 2059 2918">
     <span class='ocr_line' id='line_1_30' title="bbox 429 2861 2059 2918; baseline 0 -2"><span class='ocrx_word' id='word_1_188' title='bbox 429 2861 666 2917; x_wconf 88' lang='lat' dir='ltr'>ecclesia</span> <span class='ocrx_word' id='word_1_189' title='bbox 681 2879 778 2917; x_wconf 90' lang='lat' dir='ltr'>eas</span> <span class='ocrx_word' id='word_1_190' title='bbox 796 2861 1040 2918; x_wconf 87' lang='lat' dir='ltr'>fabricas</span> <span class='ocrx_word' id='word_1_191' title='bbox 1050 2879 1152 2918; x_wconf 91' lang='lat' dir='ltr'>suo</span> <span class='ocrx_word' id='word_1_192' title='bbox 1169 2861 1428 2918; x_wconf 89' lang='lat' dir='ltr'>dominio</span> <span class='ocrx_word' id='word_1_193' title='bbox 1448 2861 1756 2917; x_wconf 89' lang='lat' dir='ltr'>vindicato.</span> <span class='ocrx_word' id='word_1_194' title='bbox 1775 2863 2059 2918; x_wconf 65' lang='lat' dir='ltr'>Caeterum</span> 
     </span>
    </p>
   </div>
   <div class='ocr_carea' id='block_1_31' title="bbox 427 2954 2062 3027">
    <p class='ocr_par' dir='ltr' id='par_1_31' title="bbox 427 2954 2062 3027">
     <span class='ocr_line' id='line_1_31' title="bbox 427 2954 2062 3027; baseline 0.001 -19"><span class='ocrx_word' id='word_1_195' title='bbox 427 2956 474 3010; x_wconf 90' lang='lat' dir='ltr'>si</span> <span class='ocrx_word' id='word_1_196' title='bbox 521 2955 649 3026; x_wconf 86' lang='lat' dir='ltr'>quis</span> <span class='ocrx_word' id='word_1_197' title='bbox 693 2972 798 3026; x_wconf 90' lang='lat' dir='ltr'>per</span> <span class='ocrx_word' id='word_1_198' title='bbox 827 2955 1275 3027; x_wconf 87' lang='lat' dir='ltr'>emphyteusim,</span> <span class='ocrx_word' id='word_1_199' title='bbox 1320 2959 1420 3010; x_wconf 90' lang='lat' dir='ltr'>aut</span> <span class='ocrx_word' id='word_1_200' title='bbox 1461 2954 1924 3022; x_wconf 90' lang='lat' dir='ltr'>conductionem,</span> <span class='ocrx_word' id='word_1_201' title='bbox 1962 2957 2062 3009; x_wconf 88' lang='lat' dir='ltr'>aut</span> 
     </span>
    </p>
   </div>
   <div class='ocr_carea' id='block_1_32' title="bbox 431 3047 2058 3120">
    <p class='ocr_par' dir='ltr' id='par_1_32' title="bbox 431 3047 2058 3120">
     <span class='ocr_line' id='line_1_32' title="bbox 431 3047 2058 3120; baseline 0.001 -19"><span class='ocrx_word' id='word_1_202' title='bbox 431 3065 775 3120; x_wconf 90' lang='lat' dir='ltr'>quocunque</span> <span class='ocrx_word' id='word_1_203' title='bbox 813 3049 926 3104; x_wconf 92' lang='lat' dir='ltr'>alio</span> <span class='ocrx_word' id='word_1_204' title='bbox 955 3048 1472 3103; x_wconf 87' lang='lat' dir='ltr'>administrationis</span> <span class='ocrx_word' id='word_1_205' title='bbox 1499 3065 1714 3120; x_wconf 83' lang='lat' dir='ltr'>genere</span> <span class='ocrx_word' id='word_1_206' title='bbox 1746 3047 2058 3119; x_wconf 89' lang='lat' dir='ltr'>possessio-</span> 
     </span>
    </p>
   </div>
   <div class='ocr_carea' id='block_1_33' title="bbox 431 3140 2062 3212">
    <p class='ocr_par' dir='ltr' id='par_1_33' title="bbox 431 3140 2062 3212">
     <span class='ocr_line' id='line_1_33' title="bbox 431 3140 2062 3212; baseline 0.001 -17"><span class='ocrx_word' id='word_1_207' title='bbox 431 3157 568 3196; x_wconf 90' lang='lat' dir='ltr'>nem</span> <span class='ocrx_word' id='word_1_208' title='bbox 581 3157 745 3194; x_wconf 89' lang='lat' dir='ltr'>suam</span> <span class='ocrx_word' id='word_1_209' title='bbox 765 3141 1094 3209; x_wconf 90' lang='lat' dir='ltr'>hujusmodi</span> <span class='ocrx_word' id='word_1_210' title='bbox 1112 3157 1374 3212; x_wconf 84' lang='lat' dir='ltr'>personae</span> <span class='ocrx_word' id='word_1_211' title='bbox 1390 3140 1921 3212; x_wconf 85' lang='lat' dir='ltr'>dederit,siquidem</span> <span class='ocrx_word' id='word_1_212' title='bbox 1939 3157 2062 3212; x_wconf 86' lang='lat' dir='ltr'>pos-</span> 
     </span>
    </p>
   </div>
   <div class='ocr_carea' id='block_1_34' title="bbox 431 3233 2062 3305">
    <p class='ocr_par' dir='ltr' id='par_1_34' title="bbox 431 3233 2062 3305">
     <span class='ocr_line' id='line_1_34' title="bbox 431 3233 2062 3305; baseline 0.001 -17"><span class='ocrx_word' id='word_1_213' title='bbox 431 3233 698 3289; x_wconf 89' lang='lat' dir='ltr'>sessionis</span> <span class='ocrx_word' id='word_1_214' title='bbox 716 3233 984 3289; x_wconf 89' lang='lat' dir='ltr'>dominus</span> <span class='ocrx_word' id='word_1_215' title='bbox 1003 3233 1157 3289; x_wconf 90' lang='lat' dir='ltr'>novit</span> <span class='ocrx_word' id='word_1_216' title='bbox 1177 3233 1332 3305; x_wconf 91' lang='lat' dir='ltr'>quod</span> <span class='ocrx_word' id='word_1_217' title='bbox 1355 3233 1625 3288; x_wconf 63' lang='lat' dir='ltr'>haretico</span> <span class='ocrx_word' id='word_1_218' title='bbox 1649 3234 1800 3289; x_wconf 90' lang='lat' dir='ltr'>hanc</span> <span class='ocrx_word' id='word_1_219' title='bbox 1822 3234 2062 3290; x_wconf 90' lang='lat' dir='ltr'>commi-</span> 
     </span>
    </p>
   </div>
   <div class='ocr_carea' id='block_1_35' title="bbox 430 3327 2063 3400">
    <p class='ocr_par' dir='ltr' id='par_1_35' title="bbox 430 3327 2063 3400">
     <span class='ocr_line' id='line_1_35' title="bbox 430 3327 2063 3400; baseline 0.001 -20"><span class='ocrx_word' id='word_1_220' title='bbox 430 3327 588 3394; x_wconf 89' lang='lat' dir='ltr'>serit,</span> <span class='ocrx_word' id='word_1_221' title='bbox 621 3343 826 3382; x_wconf 89' lang='lat' dir='ltr'>omnes</span> <span class='ocrx_word' id='word_1_222' title='bbox 852 3327 1070 3382; x_wconf 86' lang='lat' dir='ltr'>reditus</span> <span class='ocrx_word' id='word_1_223' title='bbox 1089 3327 1240 3382; x_wconf 87' lang='lat' dir='ltr'>illius</span> <span class='ocrx_word' id='word_1_224' title='bbox 1262 3327 1540 3400; x_wconf 90' lang='lat' dir='ltr'>temporis</span> <span class='ocrx_word' id='word_1_225' title='bbox 1571 3327 1726 3398; x_wconf 93' lang='lat' dir='ltr'>quod</span> <span class='ocrx_word' id='word_1_226' title='bbox 1747 3327 2063 3383; x_wconf 88' lang='lat' dir='ltr'>contractui</span> 
     </span>
    </p>
   </div>
   <div class='ocr_carea' id='block_1_36' title="bbox 429 3420 2065 3493">
    <p class='ocr_par' dir='ltr' id='par_1_36' title="bbox 429 3420 2065 3493">
     <span class='ocr_line' id='line_1_36' title="bbox 429 3420 2065 3493; baseline 0.001 -18"><span class='ocrx_word' id='word_1_227' title='bbox 429 3421 686 3488; x_wconf 88' lang='lat' dir='ltr'>accessit,</span> <span class='ocrx_word' id='word_1_228' title='bbox 729 3421 968 3476; x_wconf 90' lang='lat' dir='ltr'>ecclesia</span> <span class='ocrx_word' id='word_1_229' title='bbox 1003 3420 1248 3476; x_wconf 87' lang='lat' dir='ltr'>civitatis</span> <span class='ocrx_word' id='word_1_230' title='bbox 1285 3421 1388 3475; x_wconf 88' lang='lat' dir='ltr'>sub</span> <span class='ocrx_word' id='word_1_231' title='bbox 1423 3438 1538 3493; x_wconf 90' lang='lat' dir='ltr'>qua</span> <span class='ocrx_word' id='word_1_232' title='bbox 1563 3421 1845 3492; x_wconf 89' lang='lat' dir='ltr'>possessio</span> <span class='ocrx_word' id='word_1_233' title='bbox 1877 3421 2065 3492; x_wconf 88' lang='lat' dir='ltr'>posita</span> 
     </span>
    </p>
   </div>
   <div class='ocr_carea' id='block_1_37' title="bbox 433 3514 2066 3586">
    <p class='ocr_par' dir='ltr' id='par_1_37' title="bbox 433 3514 2066 3586">
     <span class='ocr_line' id='line_1_37' title="bbox 433 3514 2066 3586; baseline 0.001 -18"><span class='ocrx_word' id='word_1_234' title='bbox 433 3517 520 3569; x_wconf 87' lang='lat' dir='ltr'>est</span> <span class='ocrx_word' id='word_1_235' title='bbox 546 3514 814 3570; x_wconf 88' lang='lat' dir='ltr'>vindicet.</span> <span class='ocrx_word' id='word_1_236' title='bbox 833 3514 886 3570; x_wconf 90' lang='lat' dir='ltr'>Si</span> <span class='ocrx_word' id='word_1_237' title='bbox 909 3531 1043 3570; x_wconf 86' lang='lat' dir='ltr'>vero</span> <span class='ocrx_word' id='word_1_238' title='bbox 1070 3515 1446 3586; x_wconf 89' lang='lat' dir='ltr'>possessionis</span> <span class='ocrx_word' id='word_1_239' title='bbox 1467 3514 1740 3570; x_wconf 90' lang='lat' dir='ltr'>dominus</span> <span class='ocrx_word' id='word_1_240' title='bbox 1761 3514 2066 3586; x_wconf 85' lang='lat' dir='ltr'>ignorabat</span> 
     </span>
    </p>
   </div>
   <div class='ocr_carea' id='block_1_38' title="bbox 433 3607 2060 3678">
    <p class='ocr_par' dir='ltr' id='par_1_38' title="bbox 433 3607 2060 3678">
     <span class='ocr_line' id='line_1_38' title="bbox 433 3607 2060 3678; baseline 0 -16"><span class='ocrx_word' id='word_1_241' title='bbox 433 3607 590 3678; x_wconf 86' lang='lat' dir='ltr'>quod</span> <span class='ocrx_word' id='word_1_242' title='bbox 621 3607 928 3662; x_wconf 67' lang='lat' dir='ltr'>haereticus</span> <span class='ocrx_word' id='word_1_243' title='bbox 960 3611 1108 3662; x_wconf 88' lang='lat' dir='ltr'>esset</span> <span class='ocrx_word' id='word_1_244' title='bbox 1137 3607 1298 3678; x_wconf 85' lang='lat' dir='ltr'>cujus</span> <span class='ocrx_word' id='word_1_245' title='bbox 1323 3607 1458 3662; x_wconf 85' lang='lat' dir='ltr'>fidei</span> <span class='ocrx_word' id='word_1_246' title='bbox 1489 3608 1639 3662; x_wconf 88' lang='lat' dir='ltr'>hanc</span> <span class='ocrx_word' id='word_1_247' title='bbox 1673 3607 2060 3676; x_wconf 88' lang='lat' dir='ltr'>commiserat,</span> 
     </span>
    </p>
   </div>
   <div class='ocr_carea' id='block_1_39' title="bbox 431 3699 2060 3772">
    <p class='ocr_par' dir='ltr' id='par_1_39' title="bbox 431 3699 2060 3772">
     <span class='ocr_line' id='line_1_39' title="bbox 431 3699 2060 3772; baseline 0.001 -18"><span class='ocrx_word' id='word_1_248' title='bbox 431 3700 554 3772; x_wconf 89' lang='lat' dir='ltr'>ipse</span> <span class='ocrx_word' id='word_1_249' title='bbox 578 3701 814 3772; x_wconf 86' lang='lat' dir='ltr'>quidem</span> <span class='ocrx_word' id='word_1_250' title='bbox 841 3701 911 3754; x_wconf 89' lang='lat' dir='ltr'>ob</span> <span class='ocrx_word' id='word_1_251' title='bbox 940 3701 1331 3772; x_wconf 83' lang='lat' dir='ltr'>ignorantiam</span> <span class='ocrx_word' id='word_1_252' title='bbox 1357 3699 1646 3756; x_wconf 88' lang='lat' dir='ltr'>indemnis</span> <span class='ocrx_word' id='word_1_253' title='bbox 1671 3704 2060 3768; x_wconf 87' lang='lat' dir='ltr'>conservetur,</span> 
     </span>
    </p>
   </div>
   <div class='ocr_carea' id='block_1_40' title="bbox 433 3793 2065 3868">
    <p class='ocr_par' dir='ltr' id='par_1_40' title="bbox 433 3793 2065 3868">
     <span class='ocr_line' id='line_1_40' title="bbox 433 3793 2065 3868; baseline 0.001 -20"><span class='ocrx_word' id='word_1_254' title='bbox 433 3793 882 3868; x_wconf 21' lang='lat' dir='ltr'>haereticusovero</span> <span class='ocrx_word' id='word_1_255' title='bbox 911 3793 970 3848; x_wconf 93' lang='lat' dir='ltr'>in</span> <span class='ocrx_word' id='word_1_256' title='bbox 989 3797 1228 3866; x_wconf 89' lang='lat' dir='ltr'>utroque</span> <span class='ocrx_word' id='word_1_257' title='bbox 1255 3811 1386 3850; x_wconf 87' lang='lat' dir='ltr'>casu</span> <span class='ocrx_word' id='word_1_258' title='bbox 1418 3799 1476 3849; x_wconf 91' lang='lat' dir='ltr'>et</span> <span class='ocrx_word' id='word_1_259' title='bbox 1499 3793 1948 3865; x_wconf 85' lang='lat' dir='ltr'>possessionibus</span> <span class='ocrx_word' id='word_1_260' title='bbox 1967 3794 2065 3866; x_wconf 88' lang='lat' dir='ltr'>eji-</span> 
     </span>
    </p>
   </div>
   <div class='ocr_carea' id='block_1_41' title="bbox 437 3885 1732 3956">
    <p class='ocr_par' dir='ltr' id='par_1_41' title="bbox 437 3885 1732 3956">
     <span class='ocr_line' id='line_1_41' title="bbox 437 3885 1732 3956; baseline 0.002 -16"><span class='ocrx_word' id='word_1_261' title='bbox 437 3885 640 3952; x_wconf 86' lang='lat' dir='ltr'>ciatur,</span> <span class='ocrx_word' id='word_1_262' title='bbox 675 3890 734 3941; x_wconf 91' lang='lat' dir='ltr'>et</span> <span class='ocrx_word' id='word_1_263' title='bbox 763 3887 1082 3941; x_wconf 88' lang='lat' dir='ltr'>substantia</span> <span class='ocrx_word' id='word_1_264' title='bbox 1110 3887 1233 3956; x_wconf 90' lang='lat' dir='ltr'>ejus</span> <span class='ocrx_word' id='word_1_265' title='bbox 1260 3887 1558 3942; x_wconf 87' lang='lat' dir='ltr'>addicatur</span> <span class='ocrx_word' id='word_1_266' title='bbox 1577 3888 1732 3942; x_wconf 85' lang='lat' dir='ltr'>ﬁsco.</span> 
     </span>
    </p>
   </div>
   <div class='ocr_carea' id='block_1_42' title="bbox 507 3963 2062 4050">
    <p class='ocr_par' dir='ltr' id='par_1_42' title="bbox 507 3963 2062 4050">
     <span class='ocr_line' id='line_1_42' title="bbox 507 3963 2062 4050; baseline 0.001 -16"><span class='ocrx_word' id='word_1_267' title='bbox 507 3979 658 4034; x_wconf 89' lang='lat' dir='ltr'>Sane</span> <span class='ocrx_word' id='word_1_268' title='bbox 687 3979 1142 4050; x_wconf 89' lang='lat' dir='ltr'>orphanotrophi</span> <span class='ocrx_word' id='word_1_269' title='bbox 1157 3983 1413 4035; x_wconf 88' lang='lat' dir='ltr'>tutorum</span> <span class='ocrx_word' id='word_1_270' title='bbox 1441 3985 1498 4036; x_wconf 90' lang='lat' dir='ltr'>et</span> <span class='ocrx_word' id='word_1_271' title='bbox 1513 3963 1848 4036; x_wconf 27' lang='lat' dir='ltr'>curatorum.</span> <span class='ocrx_word' id='word_1_272' title='bbox 1869 3982 2062 4037; x_wconf 90' lang='lat' dir='ltr'>locum</span> 
     </span>
    </p>
   </div>
   <div class='ocr_carea' id='block_1_43' title="bbox 435 4071 2061 4146">
    <p class='ocr_par' dir='ltr' id='par_1_43' title="bbox 435 4071 2061 4146">
     <span class='ocr_line' id='line_1_43' title="bbox 435 4071 2061 4146; baseline 0.002 -19"><span class='ocrx_word' id='word_1_273' title='bbox 435 4071 766 4128; x_wconf 88' lang='lat' dir='ltr'>obtinento:</span> <span class='ocrx_word' id='word_1_274' title='bbox 790 4072 872 4126; x_wconf 92' lang='lat' dir='ltr'>ita</span> <span class='ocrx_word' id='word_1_275' title='bbox 895 4076 1116 4139; x_wconf 89' lang='lat' dir='ltr'>tamen,</span> <span class='ocrx_word' id='word_1_276' title='bbox 1143 4076 1204 4126; x_wconf 88' lang='lat' dir='ltr'>ut</span> <span class='ocrx_word' id='word_1_277' title='bbox 1232 4073 1302 4127; x_wconf 92' lang='lat' dir='ltr'>de</span> <span class='ocrx_word' id='word_1_278' title='bbox 1327 4073 1494 4128; x_wconf 88' lang='lat' dir='ltr'>rebus</span> <span class='ocrx_word' id='word_1_279' title='bbox 1519 4090 1647 4146; x_wconf 61' lang='lat' dir='ltr'>quas</span> <span class='ocrx_word' id='word_1_280' title='bbox 1679 4073 1752 4128; x_wconf 89' lang='lat' dir='ltr'>ad</span> <span class='ocrx_word' id='word_1_281' title='bbox 1775 4075 2061 4146; x_wconf 89' lang='lat' dir='ltr'>orphano-</span> 
     </span>
    </p>
   </div>
   <div class='ocr_carea' id='block_1_44' title="bbox 429 4165 2066 4239">
    <p class='ocr_par' dir='ltr' id='par_1_44' title="bbox 429 4165 2066 4239">
     <span class='ocr_line' id='line_1_44' title="bbox 429 4165 2066 4239; baseline 0.001 -19"><span class='ocrx_word' id='word_1_282' title='bbox 429 4165 658 4238; x_wconf 88' lang='lat' dir='ltr'>trophia</span> <span class='ocrx_word' id='word_1_283' title='bbox 687 4167 773 4220; x_wconf 88' lang='lat' dir='ltr'>vel</span> <span class='ocrx_word' id='word_1_284' title='bbox 805 4165 1315 4237; x_wconf 88' lang='lat' dir='ltr'>proprietatisjure</span> <span class='ocrx_word' id='word_1_285' title='bbox 1349 4166 1422 4220; x_wconf 92' lang='lat' dir='ltr'>ad</span> <span class='ocrx_word' id='word_1_286' title='bbox 1449 4167 1604 4238; x_wconf 90' lang='lat' dir='ltr'>ipsos</span> <span class='ocrx_word' id='word_1_287' title='bbox 1629 4167 1918 4238; x_wconf 90' lang='lat' dir='ltr'>orphanos</span> <span class='ocrx_word' id='word_1_288' title='bbox 1943 4184 2066 4239; x_wconf 90' lang='lat' dir='ltr'>per-</span> 
     </span>
    </p>
   </div>
   <div class='ocr_carea' id='block_1_45' title="bbox 433 4254 2068 4322">
    <p class='ocr_par' dir='ltr' id='par_1_45' title="bbox 433 4254 2068 4322">
     <span class='ocr_line' id='line_1_45' title="bbox 433 4254 2068 4322; baseline 0.002 -14"><span class='ocrx_word' id='word_1_289' title='bbox 433 4254 637 4322; x_wconf 89' lang='lat' dir='ltr'>tinent,</span> <span class='ocrx_word' id='word_1_290' title='bbox 663 4255 838 4310; x_wconf 85' lang='lat' dir='ltr'>etiam</span> <span class='ocrx_word' id='word_1_291' title='bbox 868 4254 990 4310; x_wconf 88' lang='lat' dir='ltr'>sine</span> <span class='ocrx_word' id='word_1_292' title='bbox 1019 4254 1394 4310; x_wconf 90' lang='lat' dir='ltr'>satisdatione</span> <span class='ocrx_word' id='word_1_293' title='bbox 1425 4255 1680 4311; x_wconf 88' lang='lat' dir='ltr'>actiones</span> <span class='ocrx_word' id='word_1_294' title='bbox 1701 4257 1991 4312; x_wconf 89' lang='lat' dir='ltr'>intentent</span> <span class='ocrx_word' id='word_1_295' title='bbox 2009 4260 2068 4312; x_wconf 88' lang='lat' dir='ltr'>et</span> 
     </span>
    </p>
   </div>
   <div class='ocr_carea' id='block_1_46' title="bbox 434 4347 2067 4422">
    <p class='ocr_par' dir='ltr' id='par_1_46' title="bbox 434 4347 2067 4422">
     <span class='ocr_line' id='line_1_46' title="bbox 434 4347 2067 4422; baseline 0.002 -20"><span class='ocrx_word' id='word_1_296' title='bbox 434 4347 739 4420; x_wconf 80' lang='lat' dir='ltr'>excipiant.</span> <span class='ocrx_word' id='word_1_297' title='bbox 773 4349 883 4402; x_wconf 85' lang='lat' dir='ltr'>Res</span> <span class='ocrx_word' id='word_1_298' title='bbox 912 4365 1048 4404; x_wconf 87' lang='lat' dir='ltr'>vero</span> <span class='ocrx_word' id='word_1_299' title='bbox 1080 4366 1208 4421; x_wconf 64' lang='lat' dir='ltr'>qua:</span> <span class='ocrx_word' id='word_1_300' title='bbox 1229 4349 1302 4404; x_wconf 92' lang='lat' dir='ltr'>ad</span> <span class='ocrx_word' id='word_1_301' title='bbox 1323 4349 1652 4422; x_wconf 90' lang='lat' dir='ltr'>quempiam</span> <span class='ocrx_word' id='word_1_302' title='bbox 1687 4351 1834 4406; x_wconf 81' lang='lat' dir='ltr'>forte</span> <span class='ocrx_word' id='word_1_303' title='bbox 1861 4351 2067 4422; x_wconf 88' lang='lat' dir='ltr'>orpha-</span> 
     </span>
    </p>
   </div>
   <div class='ocr_carea' id='block_1_47' title="bbox 433 4441 2066 4515">
    <p class='ocr_par' dir='ltr' id='par_1_47' title="bbox 433 4441 2066 4515">
     <span class='ocr_line' id='line_1_47' title="bbox 433 4441 2066 4515; baseline 0.002 -21"><span class='ocrx_word' id='word_1_304' title='bbox 433 4457 641 4497; x_wconf 84' lang='lat' dir='ltr'>noruui</span> <span class='ocrx_word' id='word_1_305' title='bbox 675 4441 963 4513; x_wconf 83' lang='lat' dir='ltr'>pertinere</span> <span class='ocrx_word' id='word_1_306' title='bbox 985 4441 1314 4512; x_wconf 85' lang='lat' dir='ltr'>contigerit,</span> <span class='ocrx_word' id='word_1_307' title='bbox 1339 4443 1794 4514; x_wconf 87' lang='lat' dir='ltr'>orphanotrophi</span> <span class='ocrx_word' id='word_1_308' title='bbox 1822 4461 2066 4515; x_wconf 67' lang='lat' dir='ltr'>praesen-</span> 
     </span>
    </p>
   </div>
   <div class='ocr_carea' id='block_1_48' title="bbox 2147 519 3778 591">
    <p class='ocr_par' dir='ltr' id='par_1_48' title="bbox 2147 519 3778 591">
     <span class='ocr_line' id='line_1_48' title="bbox 2147 519 3778 591; baseline 0.004 -19"><span class='ocrx_word' id='word_1_309' title='bbox 2147 519 2248 591; x_wconf 75' lang='lat' dir='ltr'>ﬁat</span> <span class='ocrx_word' id='word_1_310' title='bbox 2303 520 2466 574; x_wconf 81' lang='lat' dir='ltr'>etiam</span> <span class='ocrx_word' id='word_1_311' title='bbox 2517 520 2576 572; x_wconf 83' lang='lat' dir='ltr'>in</span> <span class='ocrx_word' id='word_1_312' title='bbox 2625 521 2919 590; x_wconf 76' lang='lat' dir='ltr'>provinciis</span> <span class='ocrx_word' id='word_1_313' title='bbox 2985 523 3300 589; x_wconf 76' lang='lat' dir='ltr'>mnifesto.</span> <span class='ocrx_word' id='word_1_314' title='bbox 3357 521 3483 576; x_wconf 85' lang='lat' dir='ltr'>Dat.</span> <span class='ocrx_word' id='word_1_315' title='bbox 3538 537 3606 578; x_wconf 83' lang='lat' dir='ltr'>xv</span> <span class='ocrx_word' id='word_1_316' title='bbox 3657 523 3778 578; x_wconf 81' lang='lat' dir='ltr'>Kal.</span> 
     </span>
    </p>
   </div>
   <div class='ocr_carea' id='block_1_49' title="bbox 2149 610 3780 688">
    <p class='ocr_par' dir='ltr' id='par_1_49' title="bbox 2149 610 3780 688">
     <span class='ocr_line' id='line_1_49' title="bbox 2149 610 3780 688; baseline 0.004 -23"><span class='ocrx_word' id='word_1_317' title='bbox 2149 610 2348 682; x_wconf 86' lang='lat' dir='ltr'>April.,</span> <span class='ocrx_word' id='word_1_318' title='bbox 2379 611 2765 680; x_wconf 88' lang='lat' dir='ltr'>Constantin.,</span> <span class='ocrx_word' id='word_1_319' title='bbox 2797 611 2894 668; x_wconf 91' lang='lat' dir='ltr'>dn.</span> <span class='ocrx_word' id='word_1_320' title='bbox 2943 613 3204 670; x_wconf 87' lang='lat' dir='ltr'>Justinia.</span> <span class='ocrx_word' id='word_1_321' title='bbox 3235 615 3340 671; x_wconf 85' lang='lat' dir='ltr'>PP.</span> <span class='ocrx_word' id='word_1_322' title='bbox 3373 617 3544 688; x_wconf 84' lang='lat' dir='ltr'>Aug.,</span> <span class='ocrx_word' id='word_1_323' title='bbox 3575 615 3780 673; x_wconf 84' lang='lat' dir='ltr'>Basilio</span> 
     </span>
    </p>
   </div>
   <div class='ocr_carea' id='block_1_50' title="bbox 2151 719 2472 762">
    <p class='ocr_par' dir='ltr' id='par_1_50' title="bbox 2151 719 2472 762">
     <span class='ocr_line' id='line_1_50' title="bbox 2151 719 2472 762; baseline 0.009 -4"><span class='ocrx_word' id='word_1_324' title='bbox 2151 719 2203 759; x_wconf 85' lang='grc' dir='ltr'><strong>ν.</strong></span> <span class='ocrx_word' id='word_1_325' title='bbox 2237 721 2284 760; x_wconf 81' lang='grc' dir='ltr'><strong>ο.</strong></span> <span class='ocrx_word' id='word_1_326' title='bbox 2315 720 2472 762; x_wconf 78' lang='lat' dir='ltr'>CODS.</span> 
     </span>
    </p>
   </div>
   <div class='ocr_carea' id='block_1_51' title="bbox 2679 777 3258 834">
    <p class='ocr_par' dir='ltr' id='par_1_51' title="bbox 2679 777 3258 834">
     <span class='ocr_line' id='line_1_51' title="bbox 2679 777 3258 834; baseline 0.002 -2"><span class='ocrx_word' id='word_1_327' title='bbox 2679 777 2995 833; x_wconf 86' lang='lat' dir='ltr'>NOVELLA</span> <span class='ocrx_word' id='word_1_328' title='bbox 3027 778 3258 834; x_wconf 83' lang='lat' dir='ltr'>CXXXII.</span> 
     </span>
    </p>
   </div>
   <div class='ocr_carea' id='block_1_52' title="bbox 2384 870 3544 944">
    <p class='ocr_par' dir='ltr' id='par_1_52' title="bbox 2384 870 3544 944">
     <span class='ocr_line' id='line_1_52' title="bbox 2384 870 3544 944; baseline 0.003 -18"><span class='ocrx_word' id='word_1_329' title='bbox 2384 870 2634 926; x_wconf 80' lang='lat' dir='ltr'>Edictum</span> <span class='ocrx_word' id='word_1_330' title='bbox 2667 871 2734 926; x_wconf 85' lang='lat' dir='ltr'>de</span> <span class='ocrx_word' id='word_1_331' title='bbox 2757 871 2884 941; x_wconf 81' lang='lat' dir='ltr'>ﬁde,</span> <span class='ocrx_word' id='word_1_332' title='bbox 2914 870 3544 944; x_wconf 82' lang='lat' dir='ltr'>Constantinopolitanis.</span> 
     </span>
    </p>
   </div>
   <div class='ocr_carea' id='block_1_53' title="bbox 2227 963 3785 1035">
    <p class='ocr_par' dir='ltr' id='par_1_53' title="bbox 2227 963 3785 1035">
     <span class='ocr_line' id='line_1_53' title="bbox 2227 963 3785 1035; baseline 0.006 -19"><span class='ocrx_word' id='word_1_333' title='bbox 2227 963 2578 1034; x_wconf 79' lang='lat' dir='ltr'>Praecipuum</span> <span class='ocrx_word' id='word_1_334' title='bbox 2599 980 3008 1035; x_wconf 87' lang='lat' dir='ltr'>summumque</span> <span class='ocrx_word' id='word_1_335' title='bbox 3035 965 3301 1020; x_wconf 88' lang='lat' dir='ltr'>omnibus</span> <span class='ocrx_word' id='word_1_336' title='bbox 3330 966 3662 1022; x_wconf 90' lang='lat' dir='ltr'>hominibus</span> <span class='ocrx_word' id='word_1_337' title='bbox 3685 970 3785 1025; x_wconf 85' lang='lat' dir='ltr'>bo-</span> 
     </span>
    </p>
   </div>
   <div class='ocr_carea' id='block_1_54' title="bbox 2154 1057 3786 1132">
    <p class='ocr_par' dir='ltr' id='par_1_54' title="bbox 2154 1057 3786 1132">
     <span class='ocr_line' id='line_1_54' title="bbox 2154 1057 3786 1132; baseline 0.004 -22"><span class='ocrx_word' id='word_1_338' title='bbox 2154 1072 2293 1110; x_wconf 88' lang='lat' dir='ltr'>num</span> <span class='ocrx_word' id='word_1_339' title='bbox 2323 1073 2444 1111; x_wconf 91' lang='lat' dir='ltr'>esse</span> <span class='ocrx_word' id='word_1_340' title='bbox 2473 1057 2760 1112; x_wconf 89' lang='lat' dir='ltr'>credimus</span> <span class='ocrx_word' id='word_1_341' title='bbox 2780 1060 2996 1112; x_wconf 89' lang='lat' dir='ltr'>rectam</span> <span class='ocrx_word' id='word_1_342' title='bbox 3017 1074 3164 1112; x_wconf 62' lang='lat' dir='ltr'>verte</span> <span class='ocrx_word' id='word_1_343' title='bbox 3192 1062 3250 1113; x_wconf 89' lang='lat' dir='ltr'>et</span> <span class='ocrx_word' id='word_1_344' title='bbox 3269 1059 3786 1132; x_wconf 87' lang='lat' dir='ltr'>irreprehensibilis</span> 
     </span>
    </p>
   </div>
   <div class='ocr_carea' id='block_1_55' title="bbox 2152 1149 3788 1226">
    <p class='ocr_par' dir='ltr' id='par_1_55' title="bbox 2152 1149 3788 1226">
     <span class='ocr_line' id='line_1_55' title="bbox 2152 1149 3788 1226; baseline 0.004 -20"><span class='ocrx_word' id='word_1_345' title='bbox 2152 1149 2490 1206; x_wconf 74' lang='lat' dir='ltr'>Christianae</span> <span class='ocrx_word' id='word_1_346' title='bbox 2521 1149 2658 1206; x_wconf 90' lang='lat' dir='ltr'>fidei</span> <span class='ocrx_word' id='word_1_347' title='bbox 2678 1149 3126 1219; x_wconf 83' lang='lat' dir='ltr'>confessionem,</span> <span class='ocrx_word' id='word_1_348' title='bbox 3155 1151 3213 1206; x_wconf 87' lang='lat' dir='ltr'>in</span> <span class='ocrx_word' id='word_1_349' title='bbox 3241 1152 3350 1207; x_wconf 92' lang='lat' dir='ltr'>hoc</span> <span class='ocrx_word' id='word_1_350' title='bbox 3371 1157 3434 1208; x_wconf 92' lang='lat' dir='ltr'>ut</span> <span class='ocrx_word' id='word_1_351' title='bbox 3458 1171 3559 1226; x_wconf 88' lang='lat' dir='ltr'>per</span> <span class='ocrx_word' id='word_1_352' title='bbox 3583 1155 3788 1212; x_wconf 85' lang='lat' dir='ltr'>omnia</span> 
     </span>
    </p>
   </div>
   <div class='ocr_carea' id='block_1_56' title="bbox 2155 1243 3806 1319">
    <p class='ocr_par' dir='ltr' id='par_1_56' title="bbox 2155 1243 3806 1319">
     <span class='ocr_line' id='line_1_56' title="bbox 2155 1243 3806 1319; baseline 0.004 -21"><span class='ocrx_word' id='word_1_353' title='bbox 2155 1243 2279 1316; x_wconf 91' lang='lat' dir='ltr'>ipsa</span> <span class='ocrx_word' id='word_1_354' title='bbox 2308 1243 2588 1298; x_wconf 87' lang='lat' dir='ltr'>valentior</span> <span class='ocrx_word' id='word_1_355' title='bbox 2617 1243 2913 1314; x_wconf 89' lang='lat' dir='ltr'>reddatur,</span> <span class='ocrx_word' id='word_1_356' title='bbox 2945 1248 3004 1300; x_wconf 88' lang='lat' dir='ltr'>et</span> <span class='ocrx_word' id='word_1_357' title='bbox 3027 1261 3230 1300; x_wconf 90' lang='lat' dir='ltr'>omnes</span> <span class='ocrx_word' id='word_1_358' title='bbox 3249 1245 3492 1302; x_wconf 87' lang='lat' dir='ltr'>habitati</span> <span class='ocrx_word' id='word_1_359' title='bbox 3524 1249 3680 1303; x_wconf 87' lang='lat' dir='ltr'>orbis</span> <span class='ocrx_word' id='word_1_360' title='bbox 3700 1266 3806 1319; x_wconf 50' lang='grc' dir='ltr'>ηπ</span> 
     </span>
    </p>
   </div>
   <div class='ocr_carea' id='block_1_57' title="bbox 2153 1336 3784 1412">
    <p class='ocr_par' dir='ltr' id='par_1_57' title="bbox 2153 1336 3784 1412">
     <span class='ocr_line' id='line_1_57' title="bbox 2153 1336 3784 1412; baseline 0.003 -20"><span class='ocrx_word' id='word_1_361' title='bbox 2153 1336 2504 1408; x_wconf 88' lang='lat' dir='ltr'>ligiosissimi</span> <span class='ocrx_word' id='word_1_362' title='bbox 2552 1337 2876 1392; x_wconf 87' lang='lat' dir='ltr'>sacerdotes</span> <span class='ocrx_word' id='word_1_363' title='bbox 2903 1337 2978 1392; x_wconf 88' lang='lat' dir='ltr'>ad</span> <span class='ocrx_word' id='word_1_364' title='bbox 3020 1338 3384 1394; x_wconf 88' lang='lat' dir='ltr'>concordiam</span> <span class='ocrx_word' id='word_1_365' title='bbox 3420 1341 3784 1412; x_wconf 89' lang='lat' dir='ltr'>copulentur,</span> 
     </span>
    </p>
   </div>
   <div class='ocr_carea' id='block_1_58' title="bbox 2156 1431 3786 1504">
    <p class='ocr_par' dir='ltr' id='par_1_58' title="bbox 2156 1431 3786 1504">
     <span class='ocr_line' id='line_1_58' title="bbox 2156 1431 3786 1504; baseline 0.003 -18"><span class='ocrx_word' id='word_1_366' title='bbox 2156 1433 2214 1486; x_wconf 92' lang='lat' dir='ltr'>et</span> <span class='ocrx_word' id='word_1_367' title='bbox 2261 1447 2376 1486; x_wconf 91' lang='lat' dir='ltr'>uno</span> <span class='ocrx_word' id='word_1_368' title='bbox 2416 1447 2515 1486; x_wconf 90' lang='lat' dir='ltr'>ore</span> <span class='ocrx_word' id='word_1_369' title='bbox 2555 1435 2771 1486; x_wconf 88' lang='lat' dir='ltr'>rectam</span> <span class='ocrx_word' id='word_1_370' title='bbox 2818 1431 3277 1486; x_wconf 86' lang='lat' dir='ltr'>Christianorum</span> <span class='ocrx_word' id='word_1_371' title='bbox 3311 1434 3692 1504; x_wconf 78' lang='lat' dir='ltr'>profiteantur</span> <span class='ocrx_word' id='word_1_372' title='bbox 3720 1452 3786 1491; x_wconf 89' lang='lat' dir='ltr'>ac</span> 
     </span>
    </p>
   </div>
   <div class='ocr_carea' id='block_1_59' title="bbox 2155 1523 3787 1600">
    <p class='ocr_par' dir='ltr' id='par_1_59' title="bbox 2155 1523 3787 1600">
     <span class='ocr_line' id='line_1_59' title="bbox 2155 1523 3787 1600; baseline 0.004 -22"><span class='ocrx_word' id='word_1_373' title='bbox 2155 1523 2474 1596; x_wconf 60' lang='lat' dir='ltr'>praedicent</span> <span class='ocrx_word' id='word_1_374' title='bbox 2497 1523 2690 1594; x_wconf 87' lang='lat' dir='ltr'>ﬁdem,</span> <span class='ocrx_word' id='word_1_375' title='bbox 2733 1529 2789 1579; x_wconf 87' lang='lat' dir='ltr'>et</span> <span class='ocrx_word' id='word_1_376' title='bbox 2817 1525 3010 1580; x_wconf 87' lang='lat' dir='ltr'>omnis</span> <span class='ocrx_word' id='word_1_377' title='bbox 3039 1524 3110 1579; x_wconf 91' lang='lat' dir='ltr'>ab</span> <span class='ocrx_word' id='word_1_378' title='bbox 3135 1525 3419 1581; x_wconf 69' lang='lat' dir='ltr'>haereticis</span> <span class='ocrx_word' id='word_1_379' title='bbox 3457 1529 3787 1600; x_wconf 86' lang='lat' dir='ltr'>excogitata</span> 
     </span>
    </p>
   </div>
   <div class='ocr_carea' id='block_1_60' title="bbox 2155 1616 3787 1690">
    <p class='ocr_par' dir='ltr' id='par_1_60' title="bbox 2155 1616 3787 1690">
     <span class='ocr_line' id='line_1_60' title="bbox 2155 1616 3787 1690; baseline 0.002 -18"><span class='ocrx_word' id='word_1_380' title='bbox 2155 1616 2446 1672; x_wconf 86' lang='lat' dir='ltr'>adimatur</span> <span class='ocrx_word' id='word_1_381' title='bbox 2471 1617 2708 1672; x_wconf 92' lang='lat' dir='ltr'>occasio.</span> <span class='ocrx_word' id='word_1_382' title='bbox 2747 1616 2806 1671; x_wconf 94' lang='lat' dir='ltr'>ld</span> <span class='ocrx_word' id='word_1_383' title='bbox 2848 1617 3004 1690; x_wconf 89' lang='lat' dir='ltr'>quod</span> <span class='ocrx_word' id='word_1_384' title='bbox 3032 1635 3102 1672; x_wconf 83' lang='lat' dir='ltr'>ex</span> <span class='ocrx_word' id='word_1_385' title='bbox 3129 1619 3482 1674; x_wconf 89' lang='lat' dir='ltr'>orationibus</span> <span class='ocrx_word' id='word_1_386' title='bbox 3522 1621 3695 1675; x_wconf 91' lang='lat' dir='ltr'>simul</span> <span class='ocrx_word' id='word_1_387' title='bbox 3727 1624 3787 1676; x_wconf 87' lang='lat' dir='ltr'>et</span> 
     </span>
    </p>
   </div>
   <div class='ocr_carea' id='block_1_61' title="bbox 2157 1709 3779 1784">
    <p class='ocr_par' dir='ltr' id='par_1_61' title="bbox 2157 1709 3779 1784">
     <span class='ocr_line' id='line_1_61' title="bbox 2157 1709 3779 1784; baseline 0.003 -20"><span class='ocrx_word' id='word_1_388' title='bbox 2157 1709 2356 1764; x_wconf 89' lang='lat' dir='ltr'>edictis</span> <span class='ocrx_word' id='word_1_389' title='bbox 2377 1727 2410 1764; x_wconf 89' lang='lat' dir='ltr'>a</span> <span class='ocrx_word' id='word_1_390' title='bbox 2431 1710 2597 1765; x_wconf 89' lang='lat' dir='ltr'>nobis</span> <span class='ocrx_word' id='word_1_391' title='bbox 2624 1709 2848 1766; x_wconf 89' lang='lat' dir='ltr'>diverso</span> <span class='ocrx_word' id='word_1_392' title='bbox 2877 1715 3141 1784; x_wconf 90' lang='lat' dir='ltr'>tempore</span> <span class='ocrx_word' id='word_1_393' title='bbox 3170 1712 3498 1784; x_wconf 89' lang='lat' dir='ltr'>perscriptis</span> <span class='ocrx_word' id='word_1_394' title='bbox 3525 1714 3779 1768; x_wconf 85' lang='lat' dir='ltr'>ostendi-</span> 
     </span>
    </p>
   </div>
   <div class='ocr_carea' id='block_1_62' title="bbox 2076 1803 3788 1877">
    <p class='ocr_par' dir='ltr' id='par_1_62' title="bbox 2076 1803 3788 1877">
     <span class='ocr_line' id='line_1_62' title="bbox 2076 1803 3788 1877; baseline 0.002 -19"><span class='ocrx_word' id='word_1_395' title='bbox 2076 1805 2133 1876; x_wconf 87' lang='lat' dir='ltr'><strong>B</strong></span> <span class='ocrx_word' id='word_1_396' title='bbox 2159 1809 2268 1859; x_wconf 90' lang='lat' dir='ltr'>tur.</span> <span class='ocrx_word' id='word_1_397' title='bbox 2317 1803 2428 1858; x_wconf 91' lang='lat' dir='ltr'>Sed</span> <span class='ocrx_word' id='word_1_398' title='bbox 2473 1803 2614 1874; x_wconf 89' lang='lat' dir='ltr'>quia</span> <span class='ocrx_word' id='word_1_399' title='bbox 2656 1803 2943 1873; x_wconf 82' lang='lat' dir='ltr'>haeretici,</span> <span class='ocrx_word' id='word_1_400' title='bbox 2983 1805 3120 1860; x_wconf 90' lang='lat' dir='ltr'>dum</span> <span class='ocrx_word' id='word_1_401' title='bbox 3152 1822 3339 1877; x_wconf 91' lang='lat' dir='ltr'>neque</span> <span class='ocrx_word' id='word_1_402' title='bbox 3377 1806 3478 1860; x_wconf 91' lang='lat' dir='ltr'>Dei</span> <span class='ocrx_word' id='word_1_403' title='bbox 3514 1807 3788 1862; x_wconf 89' lang='lat' dir='ltr'>timorem</span> 
     </span>
    </p>
   </div>
   <div class='ocr_carea' id='block_1_63' title="bbox 2157 1896 3792 1977">
    <p class='ocr_par' dir='ltr' id='par_1_63' title="bbox 2157 1896 3792 1977">
     <span class='ocr_line' id='line_1_63' title="bbox 2157 1896 3792 1977; baseline 0.003 -27"><span class='ocrx_word' id='word_1_404' title='bbox 2157 1900 2350 1951; x_wconf 88' lang='lat' dir='ltr'>mente</span> <span class='ocrx_word' id='word_1_405' title='bbox 2377 1896 2726 1968; x_wconf 89' lang='lat' dir='ltr'>concipiunt,</span> <span class='ocrx_word' id='word_1_406' title='bbox 2758 1913 2945 1970; x_wconf 91' lang='lat' dir='ltr'>neque</span> <span class='ocrx_word' id='word_1_407' title='bbox 2971 1915 3078 1970; x_wconf 90' lang='lat' dir='ltr'>per</span> <span class='ocrx_word' id='word_1_408' title='bbox 3098 1899 3294 1970; x_wconf 85' lang='lat' dir='ltr'>legum</span> <span class='ocrx_word' id='word_1_409' title='bbox 3314 1901 3682 1977; x_wconf 69' lang='lat' dir='ltr'>severitatem</span> <span class='ocrx_word' id='word_1_410' title='bbox 3708 1901 3792 1955; x_wconf 87' lang='lat' dir='ltr'>in-</span> 
     </span>
    </p>
   </div>
   <div class='ocr_carea' id='block_1_64' title="bbox 2158 1989 3788 2064">
    <p class='ocr_par' dir='ltr' id='par_1_64' title="bbox 2158 1989 3788 2064">
     <span class='ocr_line' id='line_1_64' title="bbox 2158 1989 3788 2064; baseline 0.002 -20"><span class='ocrx_word' id='word_1_411' title='bbox 2158 1989 2492 2044; x_wconf 88' lang='lat' dir='ltr'>terminatas</span> <span class='ocrx_word' id='word_1_412' title='bbox 2510 1989 2837 2046; x_wconf 90' lang='lat' dir='ltr'>istiusmodi</span> <span class='ocrx_word' id='word_1_413' title='bbox 2855 1990 3193 2045; x_wconf 90' lang='lat' dir='ltr'>hominibus</span> <span class='ocrx_word' id='word_1_414' title='bbox 3212 2008 3412 2063; x_wconf 85' lang='lat' dir='ltr'>poenas</span> <span class='ocrx_word' id='word_1_415' title='bbox 3431 1995 3708 2064; x_wconf 79' lang='lat' dir='ltr'>reputant</span> <span class='ocrx_word' id='word_1_416' title='bbox 3725 1994 3788 2048; x_wconf 88' lang='lat' dir='ltr'>in</span> 
     </span>
    </p>
   </div>
   <div class='ocr_carea' id='block_1_65' title="bbox 2155 2081 3794 2158">
    <p class='ocr_par' dir='ltr' id='par_1_65' title="bbox 2155 2081 3794 2158">
     <span class='ocr_line' id='line_1_65' title="bbox 2155 2081 3794 2158; baseline 0.002 -20"><span class='ocrx_word' id='word_1_417' title='bbox 2155 2081 2442 2151; x_wconf 85' lang='lat' dir='ltr'>animo,et</span> <span class='ocrx_word' id='word_1_418' title='bbox 2467 2083 2776 2138; x_wconf 84' lang='lat' dir='ltr'>nonnullos</span> <span class='ocrx_word' id='word_1_419' title='bbox 2799 2100 2828 2138; x_wconf 91' lang='lat' dir='ltr'>c</span> <span class='ocrx_word' id='word_1_420' title='bbox 2848 2083 3290 2155; x_wconf 88' lang='lat' dir='ltr'>simplicioribus</span> <span class='ocrx_word' id='word_1_421' title='bbox 3315 2085 3632 2158; x_wconf 84' lang='lat' dir='ltr'>decipiunt,</span> <span class='ocrx_word' id='word_1_422' title='bbox 3649 2103 3794 2158; x_wconf 68' lang='lat' dir='ltr'>pra:-</span> 
     </span>
    </p>
   </div>
   <div class='ocr_carea' id='block_1_66' title="bbox 2159 2176 3794 2250">
    <p class='ocr_par' dir='ltr' id='par_1_66' title="bbox 2159 2176 3794 2250">
     <span class='ocr_line' id='line_1_66' title="bbox 2159 2176 3794 2250; baseline 0.002 -19"><span class='ocrx_word' id='word_1_423' title='bbox 2159 2179 2246 2231; x_wconf 90' lang='lat' dir='ltr'>ter</span> <span class='ocrx_word' id='word_1_424' title='bbox 2265 2193 2486 2232; x_wconf 88' lang='lat' dir='ltr'>morem</span> <span class='ocrx_word' id='word_1_425' title='bbox 2508 2179 2720 2232; x_wconf 71' lang='lat' dir='ltr'>sancta:</span> <span class='ocrx_word' id='word_1_426' title='bbox 2747 2177 2849 2232; x_wconf 93' lang='lat' dir='ltr'>Dei</span> <span class='ocrx_word' id='word_1_427' title='bbox 2869 2176 3166 2232; x_wconf 63' lang='lat' dir='ltr'>catholicae</span> <span class='ocrx_word' id='word_1_428' title='bbox 3185 2180 3242 2232; x_wconf 83' lang='lat' dir='ltr'>el;</span> <span class='ocrx_word' id='word_1_429' title='bbox 3270 2178 3593 2250; x_wconf 67' lang='lat' dir='ltr'>apostolica:</span> <span class='ocrx_word' id='word_1_430' title='bbox 3613 2181 3794 2235; x_wconf 58' lang='lat' dir='ltr'>eccle</span> 
     </span>
    </p>
   </div>
   <div class='ocr_carea' id='block_1_67' title="bbox 2156 2269 3792 2342">
    <p class='ocr_par' dir='ltr' id='par_1_67' title="bbox 2156 2269 3792 2342">
     <span class='ocr_line' id='line_1_67' title="bbox 2156 2269 3792 2342; baseline 0.002 -18"><span class='ocrx_word' id='word_1_431' title='bbox 2156 2269 2257 2324; x_wconf 73' lang='lat' dir='ltr'>size</span> <span class='ocrx_word' id='word_1_432' title='bbox 2303 2269 2693 2326; x_wconf 90' lang='lat' dir='ltr'>conventicula</span> <span class='ocrx_word' id='word_1_433' title='bbox 2743 2272 2916 2342; x_wconf 90' lang='lat' dir='ltr'>atque</span> <span class='ocrx_word' id='word_1_434' title='bbox 2966 2269 3314 2342; x_wconf 89' lang='lat' dir='ltr'>baptismata</span> <span class='ocrx_word' id='word_1_435' title='bbox 3357 2273 3501 2328; x_wconf 89' lang='lat' dir='ltr'>clam</span> <span class='ocrx_word' id='word_1_436' title='bbox 3529 2275 3792 2328; x_wconf 86' lang='lat' dir='ltr'>concele-</span> 
     </span>
    </p>
   </div>
   <div class='ocr_carea' id='block_1_68' title="bbox 2156 2362 3792 2436">
    <p class='ocr_par' dir='ltr' id='par_1_68' title="bbox 2156 2362 3792 2436">
     <span class='ocr_line' id='line_1_68' title="bbox 2156 2362 3792 2436; baseline 0.002 -18"><span class='ocrx_word' id='word_1_437' title='bbox 2156 2363 2344 2430; x_wconf 89' lang='lat' dir='ltr'>brant,</span> <span class='ocrx_word' id='word_1_438' title='bbox 2373 2362 2536 2434; x_wconf 89' lang='lat' dir='ltr'>pium</span> <span class='ocrx_word' id='word_1_439' title='bbox 2566 2363 2825 2418; x_wconf 85' lang='lat' dir='ltr'>arbitrati</span> <span class='ocrx_word' id='word_1_440' title='bbox 2866 2381 3062 2418; x_wconf 88' lang='lat' dir='ltr'>sumus</span> <span class='ocrx_word' id='word_1_441' title='bbox 3104 2381 3207 2436; x_wconf 88' lang='lat' dir='ltr'>per</span> <span class='ocrx_word' id='word_1_442' title='bbox 3231 2382 3486 2436; x_wconf 64' lang='lat' dir='ltr'>praesens</span> <span class='ocrx_word' id='word_1_443' title='bbox 3525 2370 3792 2422; x_wconf 86' lang='lat' dir='ltr'>nostrum</span> 
     </span>
    </p>
   </div>
   <div class='ocr_carea' id='block_1_69' title="bbox 2159 2454 3794 2529">
    <p class='ocr_par' dir='ltr' id='par_1_69' title="bbox 2159 2454 3794 2529">
     <span class='ocr_line' id='line_1_69' title="bbox 2159 2454 3794 2529; baseline 0.002 -19"><span class='ocrx_word' id='word_1_444' title='bbox 2159 2454 2411 2510; x_wconf 90' lang='lat' dir='ltr'>edictum</span> <span class='ocrx_word' id='word_1_445' title='bbox 2453 2457 2598 2512; x_wconf 89' lang='lat' dir='ltr'>tales</span> <span class='ocrx_word' id='word_1_446' title='bbox 2643 2456 2956 2524; x_wconf 88' lang='lat' dir='ltr'>cohortari,</span> <span class='ocrx_word' id='word_1_447' title='bbox 2985 2461 3048 2512; x_wconf 89' lang='lat' dir='ltr'>ut</span> <span class='ocrx_word' id='word_1_448' title='bbox 3074 2460 3133 2512; x_wconf 89' lang='lat' dir='ltr'>et</span> <span class='ocrx_word' id='word_1_449' title='bbox 3157 2457 3263 2529; x_wconf 89' lang='lat' dir='ltr'>ipsi</span> <span class='ocrx_word' id='word_1_450' title='bbox 3290 2457 3361 2512; x_wconf 90' lang='lat' dir='ltr'>ab</span> <span class='ocrx_word' id='word_1_451' title='bbox 3392 2459 3668 2514; x_wconf 60' lang='lat' dir='ltr'>haeretica</span> <span class='ocrx_word' id='word_1_452' title='bbox 3697 2459 3794 2514; x_wconf 52' lang='lat' dir='ltr'>de</span> 
     </span>
    </p>
   </div>
   <div class='ocr_carea' id='block_1_70' title="bbox 2160 2548 3794 2624">
    <p class='ocr_par' dir='ltr' id='par_1_70' title="bbox 2160 2548 3794 2624">
     <span class='ocr_line' id='line_1_70' title="bbox 2160 2548 3794 2624; baseline 0.003 -21"><span class='ocrx_word' id='word_1_453' title='bbox 2160 2548 2370 2604; x_wconf 88' lang='lat' dir='ltr'>ciscant</span> <span class='ocrx_word' id='word_1_454' title='bbox 2392 2549 2644 2617; x_wconf 88' lang='lat' dir='ltr'>vesania,</span> <span class='ocrx_word' id='word_1_455' title='bbox 2671 2566 2860 2622; x_wconf 91' lang='lat' dir='ltr'>neque</span> <span class='ocrx_word' id='word_1_456' title='bbox 2879 2550 3126 2606; x_wconf 89' lang='lat' dir='ltr'>aliorum</span> <span class='ocrx_word' id='word_1_457' title='bbox 3153 2550 3375 2607; x_wconf 89' lang='lat' dir='ltr'>animas</span> <span class='ocrx_word' id='word_1_458' title='bbox 3398 2568 3502 2624; x_wconf 90' lang='lat' dir='ltr'>per</span> <span class='ocrx_word' id='word_1_459' title='bbox 3523 2552 3794 2609; x_wconf 85' lang='lat' dir='ltr'>fraudem</span> 
     </span>
    </p>
   </div>
   <div class='ocr_carea' id='block_1_71' title="bbox 2160 2642 3795 2716">
    <p class='ocr_par' dir='ltr' id='par_1_71' title="bbox 2160 2642 3795 2716">
     <span class='ocr_line' id='line_1_71' title="bbox 2160 2642 3795 2716; baseline 0.002 -18"><span class='ocrx_word' id='word_1_460' title='bbox 2160 2642 2449 2698; x_wconf 87' lang='lat' dir='ltr'>deducant</span> <span class='ocrx_word' id='word_1_461' title='bbox 2477 2642 2538 2698; x_wconf 89' lang='lat' dir='ltr'>in</span> <span class='ocrx_word' id='word_1_462' title='bbox 2583 2643 2901 2712; x_wconf 89' lang='lat' dir='ltr'>interitum,</span> <span class='ocrx_word' id='word_1_463' title='bbox 2936 2643 3035 2700; x_wconf 93' lang='lat' dir='ltr'>sed</span> <span class='ocrx_word' id='word_1_464' title='bbox 3071 2645 3264 2716; x_wconf 91' lang='lat' dir='ltr'>potius</span> <span class='ocrx_word' id='word_1_465' title='bbox 3289 2644 3363 2700; x_wconf 89' lang='lat' dir='ltr'>ad</span> <span class='ocrx_word' id='word_1_466' title='bbox 3405 2648 3665 2700; x_wconf 87' lang='lat' dir='ltr'>sanctam</span> <span class='ocrx_word' id='word_1_467' title='bbox 3693 2646 3795 2701; x_wconf 87' lang='lat' dir='ltr'>Dei</span> 
     </span>
    </p>
   </div>
   <div class='ocr_carea' id='block_1_72' title="bbox 2157 2735 3799 2810">
    <p class='ocr_par' dir='ltr' id='par_1_72' title="bbox 2157 2735 3799 2810">
     <span class='ocr_line' id='line_1_72' title="bbox 2157 2735 3799 2810; baseline 0.003 -21"><span class='ocrx_word' id='word_1_468' title='bbox 2157 2739 2458 2790; x_wconf 88' lang='lat' dir='ltr'>accurrant</span> <span class='ocrx_word' id='word_1_469' title='bbox 2489 2735 2810 2805; x_wconf 88' lang='lat' dir='ltr'>ecclesiam,</span> <span class='ocrx_word' id='word_1_470' title='bbox 2833 2735 2892 2792; x_wconf 91' lang='lat' dir='ltr'>in</span> <span class='ocrx_word' id='word_1_471' title='bbox 2918 2753 3032 2808; x_wconf 88' lang='lat' dir='ltr'>qua</span> <span class='ocrx_word' id='word_1_472' title='bbox 3051 2737 3194 2792; x_wconf 90' lang='lat' dir='ltr'>nihil</span> <span class='ocrx_word' id='word_1_473' title='bbox 3223 2737 3515 2810; x_wconf 86' lang='lat' dir='ltr'>antiquius</span> <span class='ocrx_word' id='word_1_474' title='bbox 3545 2739 3799 2794; x_wconf 86' lang='lat' dir='ltr'>habetur</span> 
     </span>
    </p>
   </div>
   <div class='ocr_carea' id='block_1_73' title="bbox 2157 2829 3796 2904">
    <p class='ocr_par' dir='ltr' id='par_1_73' title="bbox 2157 2829 3796 2904">
     <span class='ocr_line' id='line_1_73' title="bbox 2157 2829 3796 2904; baseline 0.002 -20"><span class='ocrx_word' id='word_1_475' title='bbox 2157 2829 2330 2884; x_wconf 90' lang='lat' dir='ltr'>rectis</span> <span class='ocrx_word' id='word_1_476' title='bbox 2361 2829 2746 2902; x_wconf 82' lang='lat' dir='ltr'>dogmatibus,</span> <span class='ocrx_word' id='word_1_477' title='bbox 2777 2834 2832 2884; x_wconf 89' lang='lat' dir='ltr'>et</span> <span class='ocrx_word' id='word_1_478' title='bbox 2863 2847 3066 2886; x_wconf 89' lang='lat' dir='ltr'>omnes</span> <span class='ocrx_word' id='word_1_479' title='bbox 3096 2831 3345 2887; x_wconf 66' lang='lat' dir='ltr'>haereses</span> <span class='ocrx_word' id='word_1_480' title='bbox 3369 2849 3501 2887; x_wconf 89' lang='lat' dir='ltr'>cum</span> <span class='ocrx_word' id='word_1_481' title='bbox 3531 2832 3796 2904; x_wconf 87' lang='lat' dir='ltr'>ipsarum</span> 
     </span>
    </p>
   </div>
   <div class='ocr_carea' id='block_1_74' title="bbox 2161 2921 3799 2995">
    <p class='ocr_par' dir='ltr' id='par_1_74' title="bbox 2161 2921 3799 2995">
     <span class='ocr_line' id='line_1_74' title="bbox 2161 2921 3799 2995; baseline 0.002 -18"><span class='ocrx_word' id='word_1_482' title='bbox 2161 2921 2400 2978; x_wconf 88' lang='lat' dir='ltr'>ducibus</span> <span class='ocrx_word' id='word_1_483' title='bbox 2435 2922 2826 2995; x_wconf 90' lang='lat' dir='ltr'>percelluntur</span> <span class='ocrx_word' id='word_1_484' title='bbox 2853 2924 3242 2980; x_wconf 89' lang='lat' dir='ltr'>anathemate.</span> <span class='ocrx_word' id='word_1_485' title='bbox 3289 2925 3439 2990; x_wconf 89' lang='lat' dir='ltr'>Quin</span> <span class='ocrx_word' id='word_1_486' title='bbox 3493 2925 3799 2982; x_wconf 84' lang='lat' dir='ltr'>universos</span> 
     </span>
    </p>
   </div>
   <div class='ocr_carea' id='block_1_75' title="bbox 2159 3017 3794 3090">
    <p class='ocr_par' dir='ltr' id='par_1_75' title="bbox 2159 3017 3794 3090">
     <span class='ocr_line' id='line_1_75' title="bbox 2159 3017 3794 3090; baseline 0.002 -20"><span class='ocrx_word' id='word_1_487' title='bbox 2159 3017 2426 3072; x_wconf 90' lang='lat' dir='ltr'>volumus</span> <span class='ocrx_word' id='word_1_488' title='bbox 2453 3033 2798 3088; x_wconf 87' lang='lat' dir='ltr'>cognoscere</span> <span class='ocrx_word' id='word_1_489' title='bbox 2819 3017 2976 3090; x_wconf 89' lang='lat' dir='ltr'>quod</span> <span class='ocrx_word' id='word_1_490' title='bbox 3005 3017 3053 3072; x_wconf 90' lang='lat' dir='ltr'>si</span> <span class='ocrx_word' id='word_1_491' title='bbox 3083 3017 3152 3072; x_wconf 92' lang='lat' dir='ltr'>de</span> <span class='ocrx_word' id='word_1_492' title='bbox 3178 3021 3386 3074; x_wconf 62' lang='lat' dir='ltr'>caetero</span> <span class='ocrx_word' id='word_1_493' title='bbox 3413 3018 3794 3074; x_wconf 87' lang='lat' dir='ltr'>inveniantur</span> 
     </span>
    </p>
   </div>
   <div class='ocr_carea' id='block_1_76' title="bbox 2161 3110 3797 3185">
    <p class='ocr_par' dir='ltr' id='par_1_76' title="bbox 2161 3110 3797 3185">
     <span class='ocr_line' id='line_1_76' title="bbox 2161 3110 3797 3185; baseline 0.003 -21"><span class='ocrx_word' id='word_1_494' title='bbox 2161 3110 2336 3182; x_wconf 91' lang='lat' dir='ltr'>aliqui</span> <span class='ocrx_word' id='word_1_495' title='bbox 2357 3110 2456 3182; x_wconf 93' lang='lat' dir='ltr'>qui</span> <span class='ocrx_word' id='word_1_496' title='bbox 2482 3110 2804 3182; x_wconf 88' lang='lat' dir='ltr'>improbato</span> <span class='ocrx_word' id='word_1_497' title='bbox 2827 3127 2989 3166; x_wconf 90' lang='lat' dir='ltr'>more</span> <span class='ocrx_word' id='word_1_498' title='bbox 3015 3110 3097 3166; x_wconf 88' lang='lat' dir='ltr'>ita</span> <span class='ocrx_word' id='word_1_499' title='bbox 3126 3112 3528 3168; x_wconf 86' lang='lat' dir='ltr'>conventicula</span> <span class='ocrx_word' id='word_1_500' title='bbox 3540 3113 3797 3185; x_wconf 84' lang='lat' dir='ltr'>agitave-</span> 
     </span>
    </p>
   </div>
   <div class='ocr_carea' id='block_1_77' title="bbox 2162 3203 3801 3277">
    <p class='ocr_par' dir='ltr' id='par_1_77' title="bbox 2162 3203 3801 3277">
     <span class='ocr_line' id='line_1_77' title="bbox 2162 3203 3801 3277; baseline 0.002 -19"><span class='ocrx_word' id='word_1_501' title='bbox 2162 3203 2296 3274; x_wconf 88' lang='lat' dir='ltr'>rint,</span> <span class='ocrx_word' id='word_1_502' title='bbox 2321 3206 2422 3259; x_wconf 90' lang='lat' dir='ltr'>aut</span> <span class='ocrx_word' id='word_1_503' title='bbox 2443 3203 2515 3258; x_wconf 88' lang='lat' dir='ltr'>ad</span> <span class='ocrx_word' id='word_1_504' title='bbox 2541 3219 2608 3258; x_wconf 89' lang='lat' dir='ltr'>ea</span> <span class='ocrx_word' id='word_1_505' title='bbox 2630 3203 3030 3272; x_wconf 89' lang='lat' dir='ltr'>convenerint,</span> <span class='ocrx_word' id='word_1_506' title='bbox 3049 3205 3294 3277; x_wconf 89' lang='lat' dir='ltr'>amplius</span> <span class='ocrx_word' id='word_1_507' title='bbox 3315 3223 3415 3262; x_wconf 91' lang='lat' dir='ltr'>eos</span> <span class='ocrx_word' id='word_1_508' title='bbox 3440 3223 3561 3262; x_wconf 90' lang='lat' dir='ltr'>non</span> <span class='ocrx_word' id='word_1_509' title='bbox 3587 3208 3801 3262; x_wconf 89' lang='lat' dir='ltr'>tolera-</span> 
     </span>
    </p>
   </div>
   <div class='ocr_carea' id='block_1_78' title="bbox 2161 3296 3800 3372">
    <p class='ocr_par' dir='ltr' id='par_1_78' title="bbox 2161 3296 3800 3372">
     <span class='ocr_line' id='line_1_78' title="bbox 2161 3296 3800 3372; baseline 0.002 -20"><span class='ocrx_word' id='word_1_510' title='bbox 2161 3296 2372 3365; x_wconf 89' lang='lat' dir='ltr'>bimus,</span> <span class='ocrx_word' id='word_1_511' title='bbox 2409 3297 2511 3352; x_wconf 91' lang='lat' dir='ltr'>sed</span> <span class='ocrx_word' id='word_1_512' title='bbox 2551 3301 2671 3352; x_wconf 90' lang='lat' dir='ltr'>tam</span> <span class='ocrx_word' id='word_1_513' title='bbox 2708 3296 2914 3353; x_wconf 89' lang='lat' dir='ltr'>domos</span> <span class='ocrx_word' id='word_1_514' title='bbox 2942 3296 3001 3352; x_wconf 93' lang='lat' dir='ltr'>in</span> <span class='ocrx_word' id='word_1_515' title='bbox 3034 3297 3241 3369; x_wconf 90' lang='lat' dir='ltr'>quibus</span> <span class='ocrx_word' id='word_1_516' title='bbox 3263 3299 3377 3354; x_wconf 89' lang='lat' dir='ltr'>tale</span> <span class='ocrx_word' id='word_1_517' title='bbox 3403 3298 3546 3370; x_wconf 90' lang='lat' dir='ltr'>quid</span> <span class='ocrx_word' id='word_1_518' title='bbox 3571 3301 3800 3372; x_wconf 87' lang='lat' dir='ltr'>peccati</span> 
     </span>
    </p>
   </div>
   <div class='ocr_carea' id='block_1_79' title="bbox 2162 3389 3798 3465">
    <p class='ocr_par' dir='ltr' id='par_1_79' title="bbox 2162 3389 3798 3465">
     <span class='ocr_line' id='line_1_79' title="bbox 2162 3389 3798 3465; baseline 0.002 -20"><span class='ocrx_word' id='word_1_519' title='bbox 2162 3392 2552 3462; x_wconf 87' lang='lat' dir='ltr'>perpetratum</span> <span class='ocrx_word' id='word_1_520' title='bbox 2566 3389 2742 3445; x_wconf 86' lang='lat' dir='ltr'>fuerit</span> <span class='ocrx_word' id='word_1_521' title='bbox 2753 3393 2960 3445; x_wconf 76' lang='lat' dir='ltr'>sach</span> <span class='ocrx_word' id='word_1_522' title='bbox 2977 3389 3314 3446; x_wconf 89' lang='lat' dir='ltr'>addicemus</span> <span class='ocrx_word' id='word_1_523' title='bbox 3331 3392 3602 3461; x_wconf 59' lang='lat' dir='ltr'>ecclesiae,</span> <span class='ocrx_word' id='word_1_524' title='bbox 3619 3410 3798 3465; x_wconf 90' lang='lat' dir='ltr'>quam</span> 
     </span>
    </p>
   </div>
   <div class='ocr_carea' id='block_1_80' title="bbox 2162 3483 3795 3558">
    <p class='ocr_par' dir='ltr' id='par_1_80' title="bbox 2162 3483 3795 3558">
     <span class='ocr_line' id='line_1_80' title="bbox 2162 3483 3795 3558; baseline 0.002 -20"><span class='ocrx_word' id='word_1_525' title='bbox 2162 3483 2232 3538; x_wconf 92' lang='lat' dir='ltr'>iis</span> <span class='ocrx_word' id='word_1_526' title='bbox 2291 3483 2390 3554; x_wconf 91' lang='lat' dir='ltr'>qui</span> <span class='ocrx_word' id='word_1_527' title='bbox 2442 3483 2520 3539; x_wconf 89' lang='lat' dir='ltr'>ita</span> <span class='ocrx_word' id='word_1_528' title='bbox 2566 3499 2834 3555; x_wconf 90' lang='lat' dir='ltr'>perverso</span> <span class='ocrx_word' id='word_1_529' title='bbox 2883 3500 3047 3539; x_wconf 91' lang='lat' dir='ltr'>more</span> <span class='ocrx_word' id='word_1_530' title='bbox 3095 3484 3489 3540; x_wconf 88' lang='lat' dir='ltr'>conventicula</span> <span class='ocrx_word' id='word_1_531' title='bbox 3543 3486 3795 3558; x_wconf 85' lang='lat' dir='ltr'>egerint,</span> 
     </span>
    </p>
   </div>
   <div class='ocr_carea' id='block_1_81' title="bbox 2162 3576 3799 3652">
    <p class='ocr_par' dir='ltr' id='par_1_81' title="bbox 2162 3576 3799 3652">
     <span class='ocr_line' id='line_1_81' title="bbox 2162 3576 3799 3652; baseline 0.003 -22"><span class='ocrx_word' id='word_1_532' title='bbox 2162 3577 2378 3648; x_wconf 87' lang='lat' dir='ltr'>quique</span> <span class='ocrx_word' id='word_1_533' title='bbox 2403 3576 2478 3631; x_wconf 92' lang='lat' dir='ltr'>ad</span> <span class='ocrx_word' id='word_1_534' title='bbox 2505 3593 2603 3632; x_wconf 90' lang='lat' dir='ltr'>eos</span> <span class='ocrx_word' id='word_1_535' title='bbox 2649 3577 3043 3646; x_wconf 88' lang='lat' dir='ltr'>convenerint,</span> <span class='ocrx_word' id='word_1_536' title='bbox 3090 3577 3568 3633; x_wconf 88' lang='lat' dir='ltr'>constitutionum</span> <span class='ocrx_word' id='word_1_537' title='bbox 3593 3597 3799 3652; x_wconf 57' lang='lat' dir='ltr'>poenas</span> 
     </span>
    </p>
   </div>
   <div class='ocr_carea' id='block_1_82' title="bbox 2165 3669 3798 3742">
    <p class='ocr_par' dir='ltr' id='par_1_82' title="bbox 2165 3669 3798 3742">
     <span class='ocr_line' id='line_1_82' title="bbox 2165 3669 3798 3742; baseline 0.001 -16"><span class='ocrx_word' id='word_1_538' title='bbox 2165 3669 2432 3726; x_wconf 87' lang='lat' dir='ltr'>omnibus</span> <span class='ocrx_word' id='word_1_539' title='bbox 2473 3669 2672 3726; x_wconf 89' lang='lat' dir='ltr'>inferri</span> <span class='ocrx_word' id='word_1_540' title='bbox 2701 3669 2888 3726; x_wconf 90' lang='lat' dir='ltr'>modis</span> <span class='ocrx_word' id='word_1_541' title='bbox 2913 3670 3265 3742; x_wconf 90' lang='lat' dir='ltr'>jubebimus.</span> <span class='ocrx_word' id='word_1_542' title='bbox 3297 3672 3423 3727; x_wconf 90' lang='lat' dir='ltr'>Dat.</span> <span class='ocrx_word' id='word_1_543' title='bbox 3457 3671 3611 3729; x_wconf 89' lang='lat' dir='ltr'>Prid.</span> <span class='ocrx_word' id='word_1_544' title='bbox 3645 3674 3798 3728; x_wconf 81' lang='lat' dir='ltr'>Non.</span> 
     </span>
    </p>
   </div>
   <div class='ocr_carea' id='block_1_83' title="bbox 2162 3763 3803 3838">
    <p class='ocr_par' dir='ltr' id='par_1_83' title="bbox 2162 3763 3803 3838">
     <span class='ocr_line' id='line_1_83' title="bbox 2162 3763 3803 3838; baseline 0.002 -19"><span class='ocrx_word' id='word_1_545' title='bbox 2162 3763 2362 3836; x_wconf 88' lang='lat' dir='ltr'>April.,</span> <span class='ocrx_word' id='word_1_546' title='bbox 2393 3763 2852 3836; x_wconf 84' lang='lat' dir='ltr'>ConstantinOp.,</span> <span class='ocrx_word' id='word_1_547' title='bbox 2881 3763 2979 3820; x_wconf 89' lang='lat' dir='ltr'>dn.</span> <span class='ocrx_word' id='word_1_548' title='bbox 3004 3765 3326 3821; x_wconf 72' lang='lat' dir='ltr'>Iustiniano</span> <span class='ocrx_word' id='word_1_549' title='bbox 3355 3766 3460 3821; x_wconf 90' lang='lat' dir='ltr'>PP.</span> <span class='ocrx_word' id='word_1_550' title='bbox 3493 3768 3669 3838; x_wconf 80' lang='lat' dir='ltr'>Aug.,</span> <span class='ocrx_word' id='word_1_551' title='bbox 3699 3767 3803 3822; x_wconf 85' lang='lat' dir='ltr'>Ba-</span> 
     </span>
    </p>
   </div>
   <div class='ocr_carea' id='block_1_84' title="bbox 2165 3857 2635 3913">
    <p class='ocr_par' dir='ltr' id='par_1_84' title="bbox 2165 3857 2635 3913">
     <span class='ocr_line' id='line_1_84' title="bbox 2165 3857 2635 3913; baseline 0.002 -2"><span class='ocrx_word' id='word_1_552' title='bbox 2165 3857 2288 3913; x_wconf 87' lang='lat' dir='ltr'>silio</span> <span class='ocrx_word' id='word_1_553' title='bbox 2318 3874 2370 3912; x_wconf 93' lang='lat' dir='ltr'>v.</span> <span class='ocrx_word' id='word_1_554' title='bbox 2403 3875 2451 3912; x_wconf 92' lang='lat' dir='ltr'>c.</span> <span class='ocrx_word' id='word_1_555' title='bbox 2482 3873 2635 3912; x_wconf 90' lang='lat' dir='ltr'>cons.</span> 
     </span>
    </p>
   </div>
   <div class='ocr_carea' id='block_1_85' title="bbox 2671 3972 3274 4031">
    <p class='ocr_par' dir='ltr' id='par_1_85' title="bbox 2671 3972 3274 4031">
     <span class='ocr_line' id='line_1_85' title="bbox 2671 3972 3274 4031; baseline 0.002 -3"><span class='ocrx_word' id='word_1_556' title='bbox 2671 3972 2987 4029; x_wconf 87' lang='lat' dir='ltr'>NOVELLA</span> <span class='ocrx_word' id='word_1_557' title='bbox 3012 3975 3274 4031; x_wconf 82' lang='lat' dir='ltr'>CXXXIII.</span> 
     </span>
    </p>
   </div>
   <div class='ocr_carea' id='block_1_86' title="bbox 2245 4067 3725 4136">
    <p class='ocr_par' dir='ltr' id='par_1_86' title="bbox 2245 4067 3725 4136">
     <span class='ocr_line' id='line_1_86' title="bbox 2245 4067 3725 4136; baseline 0.002 -15"><span class='ocrx_word' id='word_1_558' title='bbox 2245 4069 2320 4122; x_wconf 91' lang='lat' dir='ltr'>De</span> <span class='ocrx_word' id='word_1_559' title='bbox 2347 4067 2620 4122; x_wconf 83' lang='lat' dir='ltr'>monachis</span> <span class='ocrx_word' id='word_1_560' title='bbox 2645 4072 2696 4122; x_wconf 83' lang='lat' dir='ltr'>et</span> <span class='ocrx_word' id='word_1_561' title='bbox 2721 4069 2981 4136; x_wconf 84' lang='lat' dir='ltr'>ascetriis,</span> <span class='ocrx_word' id='word_1_562' title='bbox 3014 4072 3268 4124; x_wconf 83' lang='lat' dir='ltr'>eteorum</span> <span class='ocrx_word' id='word_1_563' title='bbox 3295 4071 3725 4125; x_wconf 60' lang='lat' dir='ltr'>conversatione.</span> 
     </span>
    </p>
   </div>
   <div class='ocr_carea' id='block_1_87' title="bbox 2237 4159 3801 4232">
    <p class='ocr_par' dir='ltr' id='par_1_87' title="bbox 2237 4159 3801 4232">
     <span class='ocr_line' id='line_1_87' title="bbox 2237 4159 3801 4232; baseline 0.003 -19"><span class='ocrx_word' id='word_1_564' title='bbox 2237 4160 2554 4230; x_wconf 90' lang='lat' dir='ltr'>Imperator</span> <span class='ocrx_word' id='word_1_565' title='bbox 2587 4159 2939 4216; x_wconf 81' lang='lat' dir='ltr'>Justinianus</span> <span class='ocrx_word' id='word_1_566' title='bbox 2965 4162 3252 4232; x_wconf 87' lang='lat' dir='ltr'>Augustus</span> <span class='ocrx_word' id='word_1_567' title='bbox 3290 4161 3500 4218; x_wconf 81' lang='lat' dir='ltr'>Joanni</span> <span class='ocrx_word' id='word_1_568' title='bbox 3531 4162 3801 4218; x_wconf 83' lang='lat' dir='ltr'>beatissi-</span> 
     </span>
    </p>
   </div>
   <div class='ocr_carea' id='block_1_88' title="bbox 2166 4252 2744 4325">
    <p class='ocr_par' dir='ltr' id='par_1_88' title="bbox 2166 4252 2744 4325">
     <span class='ocr_line' id='line_1_88' title="bbox 2166 4252 2744 4325; baseline 0.002 -18"><span class='ocrx_word' id='word_1_569' title='bbox 2166 4268 2264 4308; x_wconf 90' lang='lat' dir='ltr'>mo</span> <span class='ocrx_word' id='word_1_570' title='bbox 2294 4252 2744 4325; x_wconf 89' lang='lat' dir='ltr'>archiepiscopo.</span> 
     </span>
    </p>
   </div>
   <div class='ocr_carea' id='block_1_89' title="bbox 2237 4345 3802 4422">
    <p class='ocr_par' dir='ltr' id='par_1_89' title="bbox 2237 4345 3802 4422">
     <span class='ocr_line' id='line_1_89' title="bbox 2237 4345 3802 4422; baseline 0.004 -22"><span class='ocrx_word' id='word_1_571' title='bbox 2237 4345 2500 4402; x_wconf 89' lang='lat' dir='ltr'>Solitaria</span> <span class='ocrx_word' id='word_1_572' title='bbox 2527 4346 2640 4402; x_wconf 88' lang='lat' dir='ltr'>vita</span> <span class='ocrx_word' id='word_1_573' title='bbox 2665 4350 2834 4419; x_wconf 89' lang='lat' dir='ltr'>atque</span> <span class='ocrx_word' id='word_1_574' title='bbox 2864 4347 2924 4402; x_wconf 91' lang='lat' dir='ltr'>in</span> <span class='ocrx_word' id='word_1_575' title='bbox 2953 4364 3024 4403; x_wconf 87' lang='lat' dir='ltr'>ea</span> <span class='ocrx_word' id='word_1_576' title='bbox 3047 4348 3461 4420; x_wconf 87' lang='lat' dir='ltr'>contemplatio</span> <span class='ocrx_word' id='word_1_577' title='bbox 3493 4367 3589 4404; x_wconf 88' lang='lat' dir='ltr'>res</span> <span class='ocrx_word' id='word_1_578' title='bbox 3627 4353 3802 4422; x_wconf 86' lang='lat' dir='ltr'>plane</span> 
     </span>
    </p>
   </div>
   <div class='ocr_carea' id='block_1_90' title="bbox 2167 4441 3806 4520">
    <p class='ocr_par' dir='ltr' id='par_1_90' title="bbox 2167 4441 3806 4520">
     <span class='ocr_line' id='line_1_90' title="bbox 2167 4441 3806 4520; baseline 0.004 -26"><span class='ocrx_word' id='word_1_579' title='bbox 2167 4455 2324 4494; x_wconf 87' lang='lat' dir='ltr'>sacra</span> <span class='ocrx_word' id='word_1_580' title='bbox 2349 4442 2452 4520; x_wconf 73' lang='lat' dir='ltr'>est,</span> <span class='ocrx_word' id='word_1_581' title='bbox 2472 4442 2532 4494; x_wconf 89' lang='lat' dir='ltr'>et</span> <span class='ocrx_word' id='word_1_582' title='bbox 2549 4457 2676 4512; x_wconf 83' lang='lat' dir='ltr'>quae</span> <span class='ocrx_word' id='word_1_583' title='bbox 2698 4443 2898 4512; x_wconf 90' lang='lat' dir='ltr'>suapte</span> <span class='ocrx_word' id='word_1_584' title='bbox 2919 4444 3129 4496; x_wconf 88' lang='lat' dir='ltr'>natura</span> <span class='ocrx_word' id='word_1_585' title='bbox 3149 4441 3371 4498; x_wconf 85' lang='lat' dir='ltr'>animas</span> <span class='ocrx_word' id='word_1_586' title='bbox 3393 4442 3468 4497; x_wconf 90' lang='lat' dir='ltr'>ad</span> <span class='ocrx_word' id='word_1_587' title='bbox 3484 4443 3678 4500; x_wconf 88' lang='lat' dir='ltr'>Deum</span> <span class='ocrx_word' id='word_1_588' title='bbox 3705 4445 3806 4500; x_wconf 81' lang='lat' dir='ltr'>ad-</span> 
     </span>
    </p>
   </div>
   <div class='ocr_carea' id='block_1_91' title="bbox 433 4531 3803 4612">
    <p class='ocr_par' dir='ltr' id='par_1_91' title="bbox 433 4531 3803 4612">
     <span class='ocr_line' id='line_1_91' title="bbox 433 4531 3803 4612; baseline 0.003 -24"><span class='ocrx_word' id='word_1_589' title='bbox 433 4534 583 4588; x_wconf 89' lang='lat' dir='ltr'>tibus</span> <span class='ocrx_word' id='word_1_590' title='bbox 608 4535 908 4590; x_wconf 85' lang='lat' dir='ltr'>tabulariis</span> <span class='ocrx_word' id='word_1_591' title='bbox 937 4535 1197 4607; x_wconf 84' lang='lat' dir='ltr'>publicis,</span> <span class='ocrx_word' id='word_1_592' title='bbox 1222 4535 1397 4590; x_wconf 88' lang='lat' dir='ltr'>etsub</span> <span class='ocrx_word' id='word_1_593' title='bbox 1425 4540 1680 4592; x_wconf 87' lang='lat' dir='ltr'>actorum</span> <span class='ocrx_word' id='word_1_594' title='bbox 1702 4537 2062 4608; x_wconf 90' lang='lat' dir='ltr'>publicorum</span> <span class='ocrx_word' id='word_1_595' title='bbox 2081 4539 2142 4612; x_wconf 85' lang='lat' dir='ltr'>D</span> <span class='ocrx_word' id='word_1_596' title='bbox 2164 4532 2350 4600; x_wconf 89' lang='lat' dir='ltr'>ducat,</span> <span class='ocrx_word' id='word_1_597' title='bbox 2383 4549 2569 4603; x_wconf 85' lang='lat' dir='ltr'>neque</span> <span class='ocrx_word' id='word_1_598' title='bbox 2600 4531 2670 4587; x_wconf 86' lang='lat' dir='ltr'>iis</span> <span class='ocrx_word' id='word_1_599' title='bbox 2697 4535 2920 4598; x_wconf 78' lang='lat' dir='ltr'>tantum</span> <span class='ocrx_word' id='word_1_600' title='bbox 2959 4533 3059 4606; x_wconf 74' lang='lat' dir='ltr'>(Illi</span> <span class='ocrx_word' id='word_1_601' title='bbox 3088 4550 3219 4589; x_wconf 73' lang='lat' dir='ltr'>eam</span> <span class='ocrx_word' id='word_1_602' title='bbox 3255 4534 3520 4590; x_wconf 71' lang='lat' dir='ltr'>inCOIUnt</span> <span class='ocrx_word' id='word_1_603' title='bbox 3542 4553 3803 4592; x_wconf 81' lang='lat' dir='ltr'>commo-</span> 
     </span>
    </p>
   </div>
   <div class='ocr_carea' id='block_1_92' title="bbox 434 4628 2064 4702">
    <p class='ocr_par' dir='ltr' id='par_1_92' title="bbox 434 4628 2064 4702">
     <span class='ocr_line' id='line_1_92' title="bbox 434 4628 2064 4702; baseline 0.002 -20"><span class='ocrx_word' id='word_1_604' title='bbox 434 4628 814 4692; x_wconf 86' lang='lat' dir='ltr'>confectione,</span> <span class='ocrx_word' id='word_1_605' title='bbox 862 4634 980 4684; x_wconf 87' lang='lat' dir='ltr'>tam</span> <span class='ocrx_word' id='word_1_606' title='bbox 1027 4629 1086 4684; x_wconf 91' lang='lat' dir='ltr'>in</span> <span class='ocrx_word' id='word_1_607' title='bbox 1119 4629 1278 4699; x_wconf 87' lang='lat' dir='ltr'>regia</span> <span class='ocrx_word' id='word_1_608' title='bbox 1307 4629 1534 4685; x_wconf 88' lang='lat' dir='ltr'>civitate</span> <span class='ocrx_word' id='word_1_609' title='bbox 1567 4631 1724 4702; x_wconf 88' lang='lat' dir='ltr'>apud</span> <span class='ocrx_word' id='word_1_610' title='bbox 1753 4631 2064 4699; x_wconf 87' lang='lat' dir='ltr'>magistros</span> 
     </span>
    </p>
   </div>
   <div class='ocr_carea' id='block_1_93' title="bbox 433 4721 2066 4796">
    <p class='ocr_par' dir='ltr' id='par_1_93' title="bbox 433 4721 2066 4796">
     <span class='ocr_line' id='line_1_93' title="bbox 433 4721 2066 4796; baseline 0.002 -20"><span class='ocrx_word' id='word_1_611' title='bbox 433 4739 638 4776; x_wconf 88' lang='lat' dir='ltr'>census</span> <span class='ocrx_word' id='word_1_612' title='bbox 659 4739 832 4792; x_wconf 87' lang='lat' dir='ltr'>quam</span> <span class='ocrx_word' id='word_1_613' title='bbox 867 4721 924 4776; x_wconf 88' lang='lat' dir='ltr'>in</span> <span class='ocrx_word' id='word_1_614' title='bbox 954 4721 1258 4793; x_wconf 78' lang='lat' dir='ltr'>provinciis</span> <span class='ocrx_word' id='word_1_615' title='bbox 1279 4723 1431 4794; x_wconf 90' lang='lat' dir='ltr'>apud</span> <span class='ocrx_word' id='word_1_616' title='bbox 1453 4739 1654 4778; x_wconf 90' lang='lat' dir='ltr'>earum</span> <span class='ocrx_word' id='word_1_617' title='bbox 1675 4723 1946 4796; x_wconf 66' lang='lat' dir='ltr'>praesides</span> <span class='ocrx_word' id='word_1_618' title='bbox 1966 4729 2066 4780; x_wconf 91' lang='lat' dir='ltr'>aut</span> 
     </span>
    </p>
   </div>
   <div class='ocr_carea' id='block_1_94' title="bbox 432 4814 2059 4887">
    <p class='ocr_par' dir='ltr' id='par_1_94' title="bbox 432 4814 2059 4887">
     <span class='ocr_line' id='line_1_94' title="bbox 432 4814 2059 4887; baseline 0.001 -16"><span class='ocrx_word' id='word_1_619' title='bbox 432 4817 691 4871; x_wconf 89' lang='lat' dir='ltr'>locorum</span> <span class='ocrx_word' id='word_1_620' title='bbox 712 4814 1044 4869; x_wconf 79' lang='lat' dir='ltr'>defensores</span> <span class='ocrx_word' id='word_1_621' title='bbox 1066 4815 1356 4886; x_wconf 89' lang='lat' dir='ltr'>capiunto,</span> <span class='ocrx_word' id='word_1_622' title='bbox 1380 4822 1436 4871; x_wconf 90' lang='lat' dir='ltr'>et</span> <span class='ocrx_word' id='word_1_623' title='bbox 1455 4817 1731 4887; x_wconf 89' lang='lat' dir='ltr'>orphanis</span> <span class='ocrx_word' id='word_1_624' title='bbox 1753 4821 2059 4885; x_wconf 88' lang='lat' dir='ltr'>reservato,</span> 
     </span>
    </p>
   </div>
   <div class='ocr_carea' id='block_1_95' title="bbox 429 4907 2064 4981">
    <p class='ocr_par' dir='ltr' id='par_1_95' title="bbox 429 4907 2064 4981">
     <span class='ocr_line' id='line_1_95' title="bbox 429 4907 2064 4981; baseline 0.002 -19"><span class='ocrx_word' id='word_1_625' title='bbox 429 4913 528 4964; x_wconf 87' lang='lat' dir='ltr'>aut</span> <span class='ocrx_word' id='word_1_626' title='bbox 553 4908 694 4963; x_wconf 88' lang='lat' dir='ltr'>alias</span> <span class='ocrx_word' id='word_1_627' title='bbox 727 4925 818 4962; x_wconf 91' lang='lat' dir='ltr'>res</span> <span class='ocrx_word' id='word_1_628' title='bbox 848 4907 905 4962; x_wconf 91' lang='lat' dir='ltr'>in</span> <span class='ocrx_word' id='word_1_629' title='bbox 942 4908 1172 4964; x_wconf 90' lang='lat' dir='ltr'>illarum</span> <span class='ocrx_word' id='word_1_630' title='bbox 1209 4909 1399 4964; x_wconf 91' lang='lat' dir='ltr'>locum</span> <span class='ocrx_word' id='word_1_631' title='bbox 1431 4913 1830 4981; x_wconf 88' lang='lat' dir='ltr'>comparanto.</span> <span class='ocrx_word' id='word_1_632' title='bbox 1862 4911 1976 4966; x_wconf 87' lang='lat' dir='ltr'>Sed</span> <span class='ocrx_word' id='word_1_633' title='bbox 2006 4913 2064 4966; x_wconf 88' lang='lat' dir='ltr'>et</span> 
     </span>
    </p>
   </div>
   <div class='ocr_carea' id='block_1_96' title="bbox 429 5001 2057 5059">
    <p class='ocr_par' dir='ltr' id='par_1_96' title="bbox 429 5001 2057 5059">
     <span class='ocr_line' id='line_1_96' title="bbox 429 5001 2057 5059; baseline 0.002 -5"><span class='ocrx_word' id='word_1_634' title='bbox 429 5001 763 5056; x_wconf 86' lang='lat' dir='ltr'>tutelaribus</span> <span class='ocrx_word' id='word_1_635' title='bbox 793 5018 858 5055; x_wconf 90' lang='lat' dir='ltr'>ac</span> <span class='ocrx_word' id='word_1_636' title='bbox 907 5001 1208 5057; x_wconf 88' lang='lat' dir='ltr'>curatoriis</span> <span class='ocrx_word' id='word_1_637' title='bbox 1252 5002 1570 5058; x_wconf 89' lang='lat' dir='ltr'>rationibus</span> <span class='ocrx_word' id='word_1_638' title='bbox 1609 5007 1778 5058; x_wconf 91' lang='lat' dir='ltr'>sunto</span> <span class='ocrx_word' id='word_1_639' title='bbox 1811 5003 2057 5059; x_wconf 84' lang='lat' dir='ltr'>obnoxii.</span> 
     </span>
    </p>
   </div>
   <div class='ocr_carea' id='block_1_97' title="bbox 429 5094 2062 5168">
    <p class='ocr_par' dir='ltr' id='par_1_97' title="bbox 429 5094 2062 5168">
     <span class='ocr_line' id='line_1_97' title="bbox 429 5094 2062 5168; baseline 0.002 -17"><span class='ocrx_word' id='word_1_640' title='bbox 429 5095 762 5151; x_wconf 85' lang='lat' dir='ltr'>Conservari</span> <span class='ocrx_word' id='word_1_641' title='bbox 777 5097 971 5150; x_wconf 88' lang='lat' dir='ltr'>autem</span> <span class='ocrx_word' id='word_1_642' title='bbox 983 5094 1253 5166; x_wconf 91' lang='lat' dir='ltr'>jubemus</span> <span class='ocrx_word' id='word_1_643' title='bbox 1266 5095 1578 5151; x_wconf 89' lang='lat' dir='ltr'>venerabili</span> <span class='ocrx_word' id='word_1_644' title='bbox 1596 5096 2062 5168; x_wconf 89' lang='lat' dir='ltr'>ophanotropho-</span> 
     </span>
    </p>
   </div>
   <div class='ocr_carea' id='block_1_98' title="bbox 429 5187 2056 5261">
    <p class='ocr_par' dir='ltr' id='par_1_98' title="bbox 429 5187 2056 5261">
     <span class='ocr_line' id='line_1_98' title="bbox 429 5187 2056 5261; baseline 0.004 -22"><span class='ocrx_word' id='word_1_645' title='bbox 429 5187 605 5256; x_wconf 64' lang='lat' dir='ltr'>regite</span> <span class='ocrx_word' id='word_1_646' title='bbox 630 5187 802 5254; x_wconf 87' lang='lat' dir='ltr'>urbis,</span> <span class='ocrx_word' id='word_1_647' title='bbox 819 5193 878 5242; x_wconf 91' lang='lat' dir='ltr'>et</span> <span class='ocrx_word' id='word_1_648' title='bbox 897 5189 1107 5244; x_wconf 81' lang='lat' dir='ltr'>xenoni</span> <span class='ocrx_word' id='word_1_649' title='bbox 1124 5192 1333 5244; x_wconf 83' lang='lat' dir='ltr'>sanctae</span> <span class='ocrx_word' id='word_1_650' title='bbox 1355 5189 1644 5244; x_wconf 65' lang='lat' dir='ltr'>memoria:</span> <span class='ocrx_word' id='word_1_651' title='bbox 1659 5189 2056 5261; x_wconf 90' lang='lat' dir='ltr'>Sampsorum,</span> 
     </span>
    </p>
   </div>
   <div class='ocr_carea' id='block_1_99' title="bbox 430 5279 2059 5356">
    <p class='ocr_par' dir='ltr' id='par_1_99' title="bbox 430 5279 2059 5356">
     <span class='ocr_line' id='line_1_99' title="bbox 430 5279 2059 5356; baseline 0.004 -23"><span class='ocrx_word' id='word_1_652' title='bbox 430 5286 488 5334; x_wconf 89' lang='lat' dir='ltr'>et</span> <span class='ocrx_word' id='word_1_653' title='bbox 514 5279 604 5334; x_wconf 89' lang='lat' dir='ltr'>his</span> <span class='ocrx_word' id='word_1_654' title='bbox 617 5297 744 5352; x_wconf 80' lang='lat' dir='ltr'>quae</span> <span class='ocrx_word' id='word_1_655' title='bbox 765 5281 887 5352; x_wconf 91' lang='lat' dir='ltr'>ejus</span> <span class='ocrx_word' id='word_1_656' title='bbox 909 5281 1324 5353; x_wconf 85' lang='lat' dir='ltr'>dispensationi</span> <span class='ocrx_word' id='word_1_657' title='bbox 1351 5283 1593 5338; x_wconf 85' lang='lat' dir='ltr'>subsunt</span> <span class='ocrx_word' id='word_1_658' title='bbox 1610 5283 1872 5339; x_wconf 86' lang='lat' dir='ltr'>oratoriis</span> <span class='ocrx_word' id='word_1_659' title='bbox 1888 5291 2059 5356; x_wconf 90' lang='lat' dir='ltr'>atque</span> 
     </span>
    </p>
   </div>
   <div class='ocr_carea' id='block_1_100' title="bbox 429 5373 2059 5443">
    <p class='ocr_par' dir='ltr' id='par_1_100' title="bbox 429 5373 2059 5443">
     <span class='ocr_line' id='line_1_100' title="bbox 429 5373 2059 5443; baseline 0.003 -15"><span class='ocrx_word' id='word_1_660' title='bbox 429 5373 821 5443; x_wconf 85' lang='lat' dir='ltr'>xenodochiis,</span> <span class='ocrx_word' id='word_1_661' title='bbox 842 5379 942 5430; x_wconf 88' lang='lat' dir='ltr'>aut</span> <span class='ocrx_word' id='word_1_662' title='bbox 967 5377 1094 5431; x_wconf 86' lang='lat' dir='ltr'>aliis</span> <span class='ocrx_word' id='word_1_663' title='bbox 1116 5376 1536 5432; x_wconf 84' lang='lat' dir='ltr'>venerabilibus</span> <span class='ocrx_word' id='word_1_664' title='bbox 1563 5377 1832 5432; x_wconf 90' lang='lat' dir='ltr'>domibus</span> <span class='ocrx_word' id='word_1_665' title='bbox 1861 5378 2059 5433; x_wconf 91' lang='lat' dir='ltr'>omnia</span> 
     </span>
    </p>
   </div>
   <div class='ocr_carea' id='block_1_101' title="bbox 430 5456 2056 5541">
    <p class='ocr_par' dir='ltr' id='par_1_101' title="bbox 430 5456 2056 5541">
     <span class='ocr_line' id='line_1_101' title="bbox 430 5456 2056 5541; baseline 0.004 -21"><span class='ocrx_word' id='word_1_666' title='bbox 430 5466 747 5539; x_wconf 88' lang='lat' dir='ltr'>privilegia,</span> <span class='ocrx_word' id='word_1_667' title='bbox 772 5485 898 5540; x_wconf 81' lang='lat' dir='ltr'>quae</span> <span class='ocrx_word' id='word_1_668' title='bbox 919 5469 1152 5541; x_wconf 90' lang='lat' dir='ltr'>quidem</span> <span class='ocrx_word' id='word_1_669' title='bbox 1177 5475 1522 5527; x_wconf 85' lang='lat' dir='ltr'>sacrosancta</span> <span class='ocrx_word' id='word_1_670' title='bbox 1545 5456 1724 5539; x_wconf 74' lang='lat' dir='ltr'>major</span> <span class='ocrx_word' id='word_1_671' title='bbox 1749 5469 2056 5527; x_wconf 82' lang='lat' dir='ltr'>Constanti-</span> 
     </span>
    </p>
   </div>
   <div class='ocr_carea' id='block_1_102' title="bbox 426 5561 2059 5635">
    <p class='ocr_par' dir='ltr' id='par_1_102' title="bbox 426 5561 2059 5635">
     <span class='ocr_line' id='line_1_102' title="bbox 426 5561 2059 5635; baseline 0.005 -23"><span class='ocrx_word' id='word_1_672' title='bbox 426 5561 747 5628; x_wconf 79' lang='lat' dir='ltr'>nopolituna</span> <span class='ocrx_word' id='word_1_673' title='bbox 790 5563 951 5616; x_wconf 80' lang='lat' dir='ltr'>habet</span> <span class='ocrx_word' id='word_1_674' title='bbox 984 5563 1223 5618; x_wconf 81' lang='lat' dir='ltr'>ecclesia.</span> <span class='ocrx_word' id='word_1_675' title='bbox 1267 5563 1396 5628; x_wconf 76' lang='lat' dir='ltr'>Quae</span> <span class='ocrx_word' id='word_1_676' title='bbox 1421 5567 1591 5633; x_wconf 79' lang='lat' dir='ltr'>igitur</span> <span class='ocrx_word' id='word_1_677' title='bbox 1609 5580 1712 5635; x_wconf 84' lang='lat' dir='ltr'>per</span> <span class='ocrx_word' id='word_1_678' title='bbox 1742 5569 2059 5634; x_wconf 72' lang='lat' dir='ltr'>przeseiitem</span> 
     </span>
    </p>
   </div>
   <div class='ocr_carea' id='block_1_103' title="bbox 428 5652 2054 5728">
    <p class='ocr_par' dir='ltr' id='par_1_103' title="bbox 428 5652 2054 5728">
     <span class='ocr_line' id='line_1_103' title="bbox 428 5652 2054 5728; baseline 0.005 -24"><span class='ocrx_word' id='word_1_679' title='bbox 428 5652 596 5718; x_wconf 79' lang='lat' dir='ltr'>legem</span> <span class='ocrx_word' id='word_1_680' title='bbox 614 5655 672 5706; x_wconf 86' lang='lat' dir='ltr'>in</span> <span class='ocrx_word' id='word_1_681' title='bbox 694 5659 1010 5724; x_wconf 73' lang='lat' dir='ltr'>perpetuum</span> <span class='ocrx_word' id='word_1_682' title='bbox 1036 5655 1334 5709; x_wconf 79' lang='lat' dir='ltr'>valituram</span> <span class='ocrx_word' id='word_1_683' title='bbox 1361 5663 1549 5712; x_wconf 85' lang='lat' dir='ltr'>nostra</span> <span class='ocrx_word' id='word_1_684' title='bbox 1574 5660 1763 5712; x_wconf 65' lang='lat' dir='ltr'>sanxit</span> <span class='ocrx_word' id='word_1_685' title='bbox 1780 5659 2054 5728; x_wconf 84' lang='lat' dir='ltr'>tranquil-</span> 
     </span>
    </p>
   </div>
   <div class='ocr_carea' id='block_1_104' title="bbox 428 5743 2058 5817">
    <p class='ocr_par' dir='ltr' id='par_1_104' title="bbox 428 5743 2058 5817">
     <span class='ocr_line' id='line_1_104' title="bbox 428 5743 2058 5817; baseline 0.008 -23"><span class='ocrx_word' id='word_1_686' title='bbox 428 5743 579 5802; x_wconf 78' lang='lat' dir='ltr'>litas.</span> <span class='ocrx_word' id='word_1_687' title='bbox 603 5748 698 5796; x_wconf 81' lang='lat' dir='ltr'>tua</span> <span class='ocrx_word' id='word_1_688' title='bbox 713 5745 968 5799; x_wconf 80' lang='lat' dir='ltr'>celsitudo</span> <span class='ocrx_word' id='word_1_689' title='bbox 996 5747 1186 5800; x_wconf 73' lang='lat' dir='ltr'>edictis</span> <span class='ocrx_word' id='word_1_690' title='bbox 1211 5746 1518 5802; x_wconf 80' lang='lat' dir='ltr'>solemniter</span> <span class='ocrx_word' id='word_1_691' title='bbox 1545 5751 1604 5801; x_wconf 81' lang='lat' dir='ltr'>in</span> <span class='ocrx_word' id='word_1_692' title='bbox 1627 5750 1728 5804; x_wconf 84' lang='lat' dir='ltr'>hac</span> <span class='ocrx_word' id='word_1_693' title='bbox 1757 5754 1909 5817; x_wconf 83' lang='lat' dir='ltr'>regia</span> <span class='ocrx_word' id='word_1_694' title='bbox 1929 5751 2058 5807; x_wconf 81' lang='lat' dir='ltr'>urbe</span> 
     </span>
    </p>
   </div>
   <div class='ocr_carea' id='block_1_105' title="bbox 424 5836 2054 5908">
    <p class='ocr_par' dir='ltr' id='par_1_105' title="bbox 424 5836 2054 5908">
     <span class='ocr_line' id='line_1_105' title="bbox 424 5836 2054 5908; baseline 0.01 -26"><span class='ocrx_word' id='word_1_695' title='bbox 424 5836 738 5902; x_wconf 77' lang='lat' dir='ltr'>propositis,</span> <span class='ocrx_word' id='word_1_696' title='bbox 758 5837 833 5888; x_wconf 81' lang='lat' dir='ltr'>ad</span> <span class='ocrx_word' id='word_1_697' title='bbox 857 5840 1088 5892; x_wconf 85' lang='lat' dir='ltr'>omnium</span> <span class='ocrx_word' id='word_1_698' title='bbox 1109 5837 1324 5894; x_wconf 78' lang='lat' dir='ltr'>studeat</span> <span class='ocrx_word' id='word_1_699' title='bbox 1342 5840 1628 5908; x_wconf 77' lang='lat' dir='ltr'>pervenire</span> <span class='ocrx_word' id='word_1_700' title='bbox 1653 5844 1921 5898; x_wconf 77' lang='lat' dir='ltr'>notitiam.</span> <span class='ocrx_word' id='word_1_701' title='bbox 1945 5845 2054 5901; x_wconf 77' lang='lat' dir='ltr'>Nos</span> 
     </span>
    </p>
   </div>
   <div class='ocr_carea' id='block_1_106' title="bbox 2165 4625 3804 4703">
    <p class='ocr_par' dir='ltr' id='par_1_106' title="bbox 2165 4625 3804 4703">
     <span class='ocr_line' id='line_1_106' title="bbox 2165 4625 3804 4703; baseline 0.004 -23"><span class='ocrx_word' id='word_1_702' title='bbox 2165 4625 2278 4692; x_wconf 91' lang='lat' dir='ltr'>det,</span> <span class='ocrx_word' id='word_1_703' title='bbox 2309 4625 2408 4681; x_wconf 91' lang='lat' dir='ltr'>sed</span> <span class='ocrx_word' id='word_1_704' title='bbox 2445 4625 2618 4681; x_wconf 90' lang='lat' dir='ltr'>etiam</span> <span class='ocrx_word' id='word_1_705' title='bbox 2653 4626 2923 4682; x_wconf 90' lang='lat' dir='ltr'>omnibus</span> <span class='ocrx_word' id='word_1_706' title='bbox 2953 4626 3078 4682; x_wconf 89' lang='lat' dir='ltr'>aliis</span> <span class='ocrx_word' id='word_1_707' title='bbox 3119 4627 3369 4699; x_wconf 85' lang='lat' dir='ltr'>puritate</span> <span class='ocrx_word' id='word_1_708' title='bbox 3411 4646 3520 4684; x_wconf 74' lang='lat' dir='ltr'>sua</span> <span class='ocrx_word' id='word_1_709' title='bbox 3559 4636 3620 4686; x_wconf 88' lang='lat' dir='ltr'>et</span> <span class='ocrx_word' id='word_1_710' title='bbox 3646 4631 3804 4703; x_wconf 86' lang='lat' dir='ltr'>apud</span> 
     </span>
    </p>
   </div>
   <div class='ocr_carea' id='block_1_107' title="bbox 2164 4717 3803 4792">
    <p class='ocr_par' dir='ltr' id='par_1_107' title="bbox 2164 4717 3803 4792">
     <span class='ocr_line' id='line_1_107' title="bbox 2164 4717 3803 4792; baseline 0.004 -19"><span class='ocrx_word' id='word_1_711' title='bbox 2164 4719 2344 4774; x_wconf 87' lang='lat' dir='ltr'>Deum</span> <span class='ocrx_word' id='word_1_712' title='bbox 2365 4717 2831 4790; x_wconf 83' lang='lat' dir='ltr'>interpellatione</span> <span class='ocrx_word' id='word_1_713' title='bbox 2852 4723 3282 4792; x_wconf 89' lang='lat' dir='ltr'>competentem</span> <span class='ocrx_word' id='word_1_714' title='bbox 3303 4721 3375 4776; x_wconf 91' lang='lat' dir='ltr'>de</span> <span class='ocrx_word' id='word_1_715' title='bbox 3400 4738 3460 4776; x_wconf 89' lang='lat' dir='ltr'>se</span> <span class='ocrx_word' id='word_1_716' title='bbox 3487 4723 3803 4780; x_wconf 81' lang='lat' dir='ltr'>utilitatem</span> 
     </span>
    </p>
   </div>
   <div class='ocr_carea' id='block_1_108' title="bbox 2162 4811 3804 4886">
    <p class='ocr_par' dir='ltr' id='par_1_108' title="bbox 2162 4811 3804 4886">
     <span class='ocr_line' id='line_1_108' title="bbox 2162 4811 3804 4886; baseline 0.004 -20"><span class='ocrx_word' id='word_1_717' title='bbox 2162 4812 2435 4884; x_wconf 68' lang='lat' dir='ltr'>praebeat.</span> <span class='ocrx_word' id='word_1_718' title='bbox 2464 4811 2624 4868; x_wconf 91' lang='lat' dir='ltr'>Unde</span> <span class='ocrx_word' id='word_1_719' title='bbox 2651 4815 2710 4868; x_wconf 90' lang='lat' dir='ltr'>et</span> <span class='ocrx_word' id='word_1_720' title='bbox 2743 4813 2880 4868; x_wconf 90' lang='lat' dir='ltr'>olim</span> <span class='ocrx_word' id='word_1_721' title='bbox 2914 4829 2983 4868; x_wconf 91' lang='lat' dir='ltr'>ea</span> <span class='ocrx_word' id='word_1_722' title='bbox 3011 4830 3101 4868; x_wconf 91' lang='lat' dir='ltr'>res</span> <span class='ocrx_word' id='word_1_723' title='bbox 3133 4813 3580 4886; x_wconf 87' lang='lat' dir='ltr'>imperatoribus</span> <span class='ocrx_word' id='word_1_724' title='bbox 3604 4817 3804 4872; x_wconf 82' lang='lat' dir='ltr'>studio</span> 
     </span>
    </p>
   </div>
   <div class='ocr_carea' id='block_1_109' title="bbox 2163 4905 3803 4978">
    <p class='ocr_par' dir='ltr' id='par_1_109' title="bbox 2163 4905 3803 4978">
     <span class='ocr_line' id='line_1_109' title="bbox 2163 4905 3803 4978; baseline 0.003 -18"><span class='ocrx_word' id='word_1_725' title='bbox 2163 4905 2270 4960; x_wconf 89' lang='lat' dir='ltr'>fuit</span> <span class='ocrx_word' id='word_1_726' title='bbox 2280 4905 2491 4973; x_wconf 88' lang='lat' dir='ltr'>habita,</span> <span class='ocrx_word' id='word_1_727' title='bbox 2505 4909 2560 4960; x_wconf 90' lang='lat' dir='ltr'>et</span> <span class='ocrx_word' id='word_1_728' title='bbox 2577 4923 2684 4961; x_wconf 89' lang='lat' dir='ltr'>nos</span> <span class='ocrx_word' id='word_1_729' title='bbox 2705 4923 2821 4962; x_wconf 92' lang='lat' dir='ltr'>non</span> <span class='ocrx_word' id='word_1_730' title='bbox 2839 4923 3008 4978; x_wconf 87' lang='lat' dir='ltr'>pauca</span> <span class='ocrx_word' id='word_1_731' title='bbox 3025 4907 3098 4962; x_wconf 89' lang='lat' dir='ltr'>de</span> <span class='ocrx_word' id='word_1_732' title='bbox 3116 4907 3398 4978; x_wconf 84' lang='lat' dir='ltr'>dignitate</span> <span class='ocrx_word' id='word_1_733' title='bbox 3412 4912 3471 4963; x_wconf 91' lang='lat' dir='ltr'>et</span> <span class='ocrx_word' id='word_1_734' title='bbox 3488 4909 3803 4966; x_wconf 84' lang='lat' dir='ltr'>honestate</span> 
     </span>
    </p>
   </div>
   <div class='ocr_carea' id='block_1_110' title="bbox 2163 4999 3801 5072">
    <p class='ocr_par' dir='ltr' id='par_1_110' title="bbox 2163 4999 3801 5072">
     <span class='ocr_line' id='line_1_110' title="bbox 2163 4999 3801 5072; baseline 0.003 -19"><span class='ocrx_word' id='word_1_735' title='bbox 2163 5014 2366 5053; x_wconf 89' lang='lat' dir='ltr'>eorum</span> <span class='ocrx_word' id='word_1_736' title='bbox 2391 4999 2612 5071; x_wconf 91' lang='lat' dir='ltr'>legibus</span> <span class='ocrx_word' id='word_1_737' title='bbox 2631 5000 2910 5072; x_wconf 87' lang='lat' dir='ltr'>complexi</span> <span class='ocrx_word' id='word_1_738' title='bbox 2931 5016 3148 5054; x_wconf 87' lang='lat' dir='ltr'>sumus.</span> <span class='ocrx_word' id='word_1_739' title='bbox 3179 5001 3492 5072; x_wconf 85' lang='lat' dir='ltr'>Sequimur</span> <span class='ocrx_word' id='word_1_740' title='bbox 3518 5003 3679 5058; x_wconf 87' lang='lat' dir='ltr'>enim</span> <span class='ocrx_word' id='word_1_741' title='bbox 3708 5021 3801 5058; x_wconf 82' lang='lat' dir='ltr'>sa-</span> 
     </span>
    </p>
   </div>
   <div class='ocr_carea' id='block_1_111' title="bbox 2162 5091 3805 5166">
    <p class='ocr_par' dir='ltr' id='par_1_111' title="bbox 2162 5091 3805 5166">
     <span class='ocr_line' id='line_1_111' title="bbox 2162 5091 3805 5166; baseline 0.004 -20"><span class='ocrx_word' id='word_1_742' title='bbox 2162 5107 2289 5147; x_wconf 91' lang='lat' dir='ltr'>cros</span> <span class='ocrx_word' id='word_1_743' title='bbox 2319 5091 2376 5146; x_wconf 91' lang='lat' dir='ltr'>in</span> <span class='ocrx_word' id='word_1_744' title='bbox 2400 5092 2507 5148; x_wconf 89' lang='lat' dir='ltr'>hoc</span> <span class='ocrx_word' id='word_1_745' title='bbox 2535 5110 2788 5149; x_wconf 88' lang='lat' dir='ltr'>canones</span> <span class='ocrx_word' id='word_1_746' title='bbox 2814 5096 2872 5148; x_wconf 90' lang='lat' dir='ltr'>et</span> <span class='ocrx_word' id='word_1_747' title='bbox 2900 5098 3128 5150; x_wconf 86' lang='lat' dir='ltr'>sanctos</span> <span class='ocrx_word' id='word_1_748' title='bbox 3147 5095 3342 5148; x_wconf 86' lang='lat' dir='ltr'>Patres</span> <span class='ocrx_word' id='word_1_749' title='bbox 3369 5095 3469 5166; x_wconf 91' lang='lat' dir='ltr'>qui</span> <span class='ocrx_word' id='word_1_750' title='bbox 3491 5096 3620 5150; x_wconf 61' lang='lat' dir='ltr'>haec</span> <span class='ocrx_word' id='word_1_751' title='bbox 3645 5113 3805 5152; x_wconf 86' lang='lat' dir='ltr'>com-</span> 
     </span>
    </p>
   </div>
   <div class='ocr_carea' id='block_1_112' title="bbox 2161 5185 3804 5262">
    <p class='ocr_par' dir='ltr' id='par_1_112' title="bbox 2161 5185 3804 5262">
     <span class='ocr_line' id='line_1_112' title="bbox 2161 5185 3804 5262; baseline 0.003 -22"><span class='ocrx_word' id='word_1_752' title='bbox 2161 5185 2596 5258; x_wconf 90' lang='lat' dir='ltr'>prehenderunt</span> <span class='ocrx_word' id='word_1_753' title='bbox 2611 5185 2852 5258; x_wconf 87' lang='lat' dir='ltr'>legibus,</span> <span class='ocrx_word' id='word_1_754' title='bbox 2871 5187 3345 5259; x_wconf 88' lang='lat' dir='ltr'>quandoquidem</span> <span class='ocrx_word' id='word_1_755' title='bbox 3375 5187 3518 5243; x_wconf 90' lang='lat' dir='ltr'>nihil</span> <span class='ocrx_word' id='word_1_756' title='bbox 3533 5206 3656 5244; x_wconf 89' lang='lat' dir='ltr'>non</span> <span class='ocrx_word' id='word_1_757' title='bbox 3677 5207 3804 5262; x_wconf 88' lang='lat' dir='ltr'>per-</span> 
     </span>
    </p>
   </div>
   <div class='ocr_carea' id='block_1_113' title="bbox 2159 5279 3802 5353">
    <p class='ocr_par' dir='ltr' id='par_1_113' title="bbox 2159 5279 3802 5353">
     <span class='ocr_line' id='line_1_113' title="bbox 2159 5279 3802 5353; baseline 0.004 -20"><span class='ocrx_word' id='word_1_758' title='bbox 2159 5279 2315 5334; x_wconf 90' lang='lat' dir='ltr'>vium</span> <span class='ocrx_word' id='word_1_759' title='bbox 2337 5280 2411 5334; x_wconf 91' lang='lat' dir='ltr'>ad</span> <span class='ocrx_word' id='word_1_760' title='bbox 2431 5279 2858 5351; x_wconf 89' lang='lat' dir='ltr'>inquisitionem</span> <span class='ocrx_word' id='word_1_761' title='bbox 2879 5280 3164 5352; x_wconf 87' lang='lat' dir='ltr'>majestati</span> <span class='ocrx_word' id='word_1_762' title='bbox 3177 5279 3802 5353; x_wconf 70' lang='lat' dir='ltr'>existitimperatoriaa,</span> 
     </span>
    </p>
   </div>
   <div class='ocr_carea' id='block_1_114' title="bbox 2162 5374 3802 5444">
    <p class='ocr_par' dir='ltr' id='par_1_114' title="bbox 2162 5374 3802 5444">
     <span class='ocr_line' id='line_1_114' title="bbox 2162 5374 3802 5444; baseline 0.003 -17"><span class='ocrx_word' id='word_1_763' title='bbox 2162 5389 2286 5444; x_wconf 64' lang='lat' dir='ltr'>qua:</span> <span class='ocrx_word' id='word_1_764' title='bbox 2312 5389 2688 5428; x_wconf 88' lang='lat' dir='ltr'>communem</span> <span class='ocrx_word' id='word_1_765' title='bbox 2726 5374 2786 5429; x_wconf 93' lang='lat' dir='ltr'>in</span> <span class='ocrx_word' id='word_1_766' title='bbox 2811 5390 3012 5429; x_wconf 88' lang='lat' dir='ltr'>omnes</span> <span class='ocrx_word' id='word_1_767' title='bbox 3043 5375 3306 5430; x_wconf 89' lang='lat' dir='ltr'>homines</span> <span class='ocrx_word' id='word_1_768' title='bbox 3329 5374 3802 5432; x_wconf 83' lang='lat' dir='ltr'>moderationem</span> 
     </span>
    </p>
   </div>
   <div class='ocr_carea' id='block_1_115' title="bbox 2162 5466 3800 5544">
    <p class='ocr_par' dir='ltr' id='par_1_115' title="bbox 2162 5466 3800 5544">
     <span class='ocr_line' id='line_1_115' title="bbox 2162 5466 3800 5544; baseline 0.001 -22"><span class='ocrx_word' id='word_1_769' title='bbox 2162 5470 2220 5522; x_wconf 89' lang='lat' dir='ltr'>et</span> <span class='ocrx_word' id='word_1_770' title='bbox 2249 5466 2630 5539; x_wconf 89' lang='lat' dir='ltr'>principatum</span> <span class='ocrx_word' id='word_1_771' title='bbox 2651 5485 2684 5522; x_wconf 92' lang='lat' dir='ltr'>a</span> <span class='ocrx_word' id='word_1_772' title='bbox 2709 5468 2824 5523; x_wconf 89' lang='lat' dir='ltr'>Deo</span> <span class='ocrx_word' id='word_1_773' title='bbox 2853 5467 3114 5540; x_wconf 89' lang='lat' dir='ltr'>percipit.</span> <span class='ocrx_word' id='word_1_774' title='bbox 3140 5471 3220 5523; x_wconf 79' lang='lat' dir='ltr'>Ac</span> <span class='ocrx_word' id='word_1_775' title='bbox 3242 5468 3658 5540; x_wconf 88' lang='lat' dir='ltr'>descripsimus</span> <span class='ocrx_word' id='word_1_776' title='bbox 3673 5470 3800 5544; x_wconf 86' lang='lat' dir='ltr'>qui-</span> 
     </span>
    </p>
   </div>
   <div class='ocr_carea' id='block_1_116' title="bbox 2161 5562 3798 5637">
    <p class='ocr_par' dir='ltr' id='par_1_116' title="bbox 2161 5562 3798 5637">
     <span class='ocr_line' id='line_1_116' title="bbox 2161 5562 3798 5637; baseline 0.001 -19"><span class='ocrx_word' id='word_1_777' title='bbox 2161 5562 2293 5618; x_wconf 89' lang='lat' dir='ltr'>dem</span> <span class='ocrx_word' id='word_1_778' title='bbox 2307 5563 2428 5634; x_wconf 89' lang='lat' dir='ltr'>jam</span> <span class='ocrx_word' id='word_1_779' title='bbox 2460 5563 2930 5620; x_wconf 87' lang='lat' dir='ltr'>constitutionem</span> <span class='ocrx_word' id='word_1_780' title='bbox 2962 5581 3092 5637; x_wconf 65' lang='lat' dir='ltr'>quae</span> <span class='ocrx_word' id='word_1_781' title='bbox 3117 5565 3237 5621; x_wconf 86' lang='lat' dir='ltr'>vult</span> <span class='ocrx_word' id='word_1_782' title='bbox 3261 5571 3324 5620; x_wconf 88' lang='lat' dir='ltr'>ut</span> <span class='ocrx_word' id='word_1_783' title='bbox 3343 5567 3646 5635; x_wconf 84' lang='lat' dir='ltr'>monachi,</span> <span class='ocrx_word' id='word_1_784' title='bbox 3677 5571 3734 5622; x_wconf 84' lang='lat' dir='ltr'>et</span> <span class='ocrx_word' id='word_1_785' title='bbox 3753 5567 3798 5620; x_wconf 86' lang='lat' dir='ltr'>si</span> 
     </span>
    </p>
   </div>
   <div class='ocr_carea' id='block_1_117' title="bbox 2157 5657 3800 5727">
    <p class='ocr_par' dir='ltr' id='par_1_117' title="bbox 2157 5657 3800 5727">
     <span class='ocr_line' id='line_1_117' title="bbox 2157 5657 3800 5727; baseline 0.004 -16"><span class='ocrx_word' id='word_1_786' title='bbox 2157 5673 2368 5727; x_wconf 89' lang='lat' dir='ltr'>magno</span> <span class='ocrx_word' id='word_1_787' title='bbox 2387 5657 2760 5713; x_wconf 90' lang='lat' dir='ltr'>continentur</span> <span class='ocrx_word' id='word_1_788' title='bbox 2778 5675 3046 5726; x_wconf 87' lang='lat' dir='ltr'>numero,</span> <span class='ocrx_word' id='word_1_789' title='bbox 3061 5658 3382 5714; x_wconf 89' lang='lat' dir='ltr'>secundum</span> <span class='ocrx_word' id='word_1_790' title='bbox 3407 5660 3669 5716; x_wconf 81' lang='lat' dir='ltr'>formam</span> <span class='ocrx_word' id='word_1_791' title='bbox 3692 5677 3800 5716; x_wconf 55' lang='lat' dir='ltr'>ea.L</span> 
     </span>
    </p>
   </div>
   <div class='ocr_carea' id='block_1_118' title="bbox 2159 5749 3799 5825">
    <p class='ocr_par' dir='ltr' id='par_1_118' title="bbox 2159 5749 3799 5825">
     <span class='ocr_line' id='line_1_118' title="bbox 2159 5749 3799 5825; baseline 0.002 -21"><span class='ocrx_word' id='word_1_792' title='bbox 2159 5749 2464 5806; x_wconf 89' lang='lat' dir='ltr'>nobiorum</span> <span class='ocrx_word' id='word_1_793' title='bbox 2491 5751 2576 5822; x_wconf 91' lang='lat' dir='ltr'>(ut</span> <span class='ocrx_word' id='word_1_794' title='bbox 2602 5752 2913 5824; x_wconf 72' lang='lat' dir='ltr'>appellant)</span> <span class='ocrx_word' id='word_1_795' title='bbox 2929 5753 2986 5808; x_wconf 88' lang='lat' dir='ltr'>in</span> <span class='ocrx_word' id='word_1_796' title='bbox 3009 5769 3321 5808; x_wconf 87' lang='lat' dir='ltr'>commune</span> <span class='ocrx_word' id='word_1_797' title='bbox 3341 5752 3522 5808; x_wconf 85' lang='lat' dir='ltr'>vitam</span> <span class='ocrx_word' id='word_1_798' title='bbox 3555 5752 3799 5825; x_wconf 82' lang='lat' dir='ltr'>degant,</span> 
     </span>
    </p>
   </div>
   <div class='ocr_carea' id='block_1_119' title="bbox 2157 5845 3804 5925">
    <p class='ocr_par' dir='ltr' id='par_1_119' title="bbox 2157 5845 3804 5925">
     <span class='ocr_line' id='line_1_119' title="bbox 2157 5845 3804 5925; baseline 0.002 -23"><span class='ocrx_word' id='word_1_799' title='bbox 2157 5861 2341 5919; x_wconf 85' lang='lat' dir='ltr'>neque</span> <span class='ocrx_word' id='word_1_800' title='bbox 2351 5845 2610 5925; x_wconf 87' lang='lat' dir='ltr'>proprias</span> <span class='ocrx_word' id='word_1_801' title='bbox 2621 5845 2872 5904; x_wconf 82' lang='lat' dir='ltr'>habeant</span> <span class='ocrx_word' id='word_1_802' title='bbox 2881 5845 3466 5922; x_wconf 84' lang='lat' dir='ltr'>possessiones,neque</span> <span class='ocrx_word' id='word_1_803' title='bbox 3481 5863 3628 5922; x_wconf 81' lang='lat' dir='ltr'>Opes</span> <span class='ocrx_word' id='word_1_804' title='bbox 3635 5863 3804 5905; x_wconf 79' lang='lat' dir='ltr'>accn-</span> 
     </span>
    </p>
   </div>
  </div>
