4056 6184
309 282 442 344 1045

1062 286 1423 345 JUSTlNIANl
1460 289 1789 344 NUVELL.-E
1835 290 2167 345 SELECT.~E.
2198 289 2514 348 ‘NOVELLA
2552 284 2821 349 CXXXIII.

3525 294 3659 358 1046

257 460 264 466 ,
295 397 886 469 muleut,nequeclam
900 398 1466 469 testibusvivant,sed
1480 404 1535 455 et
1549 401 1928 456 communiter
1949 398 2234 483 Aversari
2277 399 2496 467 sinant,
2537 400 2633 471 qui
2672 400 2903 472 quidem
2940 417 3013 457 ne
3051 401 3651 465 reverendissimorum

296 491 491 545 cibum
513 494 759 563 capiant,
778 496 835 548 et
851 492 910 547 in
930 494 1357 548 communiloco
1370 493 1596 560 cubent,
1611 497 1666 548 et
1678 494 1928 565 undique

293 584 442 641 bene
453 587 822 658 compositam
852 592 1270 659 persequantur
1294 588 1485 653 vitam,
1512 592 1794 659 testesque
1818 587 1930 642 sint

290 679 536 737 invicem
551 685 768 736 mutuas
789 681 1110 751 honestatis;
1130 686 1186 737 et
1192 681 1449 752 juniores
1466 686 1830 737 revereantur
1841 696 1926 736 ca-

295 773 498 830 nitiem
515 791 713 830 eorum
733 776 834 847 qui
851 776 957 831 ista
978 776 1306 848 inspiciunt,
1322 791 1741 847 nonnunquam
1752 776 1925 831 etiam

292 869 489 924 dedita
503 886 676 941 opera
689 870 1039 942 capessantvi
1048 870 1230 941 gilius,
1249 874 1395 925 utne
1405 869 1465 924 in
1476 885 1674 924 somno
1693 870 1924 941 quidem

288 963 505 1036 aliquid
536 964 997 1035 intempestivum
1040 967 1139 1018 aut
1182 968 1349 1035 turpe
1388 963 1457 1019 de
1501 980 1559 1018 se
1605 963 1729 1018 aliis
1755 963 1925 1019 edant

288 1058 694 1129 spectaculum,
714 1058 811 1113 sed
834 1058 1071 1130 quisque
1089 1075 1194 1130 pro
1212 1074 1271 1113 se
1290 1057 1646 1114 honestatem
1661 1058 1750 1112 vel
1774 1058 1925 1113 inter

290 1151 698 1206 dormimdum
740 1156 1052 1207 conservet.
1098 1152 1241 1207 Cum
1279 1167 1412 1207 vero
1447 1150 1733 1223 quaepiam
1759 1150 1923 1206 nobis

288 1245 708 1315 renuntiantur,
736 1262 863 1317 quae
889 1250 946 1301 et
969 1246 1183 1317 majore
1210 1262 1346 1301 cura
1371 1245 1544 1316 digna
1571 1244 1712 1315 sint,
1738 1248 1795 1300 et
1822 1245 1919 1299 tir-

286 1338 474 1393 miore
504 1339 629 1410 lege
659 1339 971 1411 indigeant,
1002 1339 1204 1394 merito
1228 1339 1299 1394 ad
1333 1342 1675 1410 praesentem
1700 1338 1918 1409 legisla-

288 1431 507 1486 tionem
539 1432 611 1487 ad
636 1432 784 1487 illius
807 1432 1210 1503 perfectionem
1234 1437 1291 1487 et
1318 1431 1777 1503 supplementum
1798 1447 1923 1503 per-

285 1524 569 1594 venimus,
610 1542 714 1597 per
768 1542 941 1596 quam
994 1526 1280 1580 sancimus
1335 1529 1401 1580 ut
1448 1526 1638 1581 nullus
1684 1525 1917 1581 omnino

285 1619 586 1691 prapriam
639 1619 1048 1674 habitationem
1104 1619 1325 1689 habeat,
1365 1634 1550 1689 neque
1605 1618 1792 1689 aliqua
1838 1618 1920 1689 (ut

286 1714 622 1784 appellatur)
655 1713 852 1767 cellula
876 1713 948 1768 sit
973 1713 1031 1767 in
1060 1713 1405 1768 monasterio
1423 1711 1642 1783 his,qui
1661 1712 1731 1766 ad
1747 1712 1916 1767 vitam

282 1771 349 1862 in
371 1771 853 1878 contemplatione
884 1810 941 1861 et
964 1806 1153 1878 quiete
1204 1771 1607 1861 traducendam
1645 1823 1761 1861 uno
1800 1807 1914 1860 for-
1936 1771 1994 1843 B

280 1905 343 1955 te
371 1905 471 1955 aut
499 1900 715 1955 duobus
742 1902 978 1955 utantur
1012 1899 1315 1965 ministris;
1347 1900 1443 1955 sed
1470 1900 1701 1954 tametsi
1725 1899 1919 1971 plures

283 1994 391 2048 viri
420 1994 554 2061 sint,
572 1994 945 2048 nihilominus
978 1994 1177 2048 unicus
1208 1993 1462 2065 ipsorum
1491 1992 1562 2048 sit
1587 1998 1916 2064 conventus,

282 2088 403 2142 sive
422 2091 744 2159 precentur,
776 2087 892 2142 sive
922 2091 1143 2142 natura:
1168 2104 1338 2159 opera
1360 2087 1586 2154 faciant,
1620 2102 1748 2159 quae
1781 2086 1919 2142 citra

280 2181 785 2252 reprehensionem
795 2184 986 2236 tamen
1003 2183 1060 2236 et
1070 2181 1281 2252 absque
1292 2180 1575 2235 calumnia
1584 2180 1915 2235 consistunt:

279 2281 338 2329 et
366 2281 484 2329 tam
515 2273 893 2328 communiter
927 2273 1012 2342 (ut
1050 2273 1263 2328 dictum
1307 2272 1410 2343 est)
1449 2272 1638 2328 cibum
1671 2272 1913 2343 capiant,

280 2385 456 2439 quam
470 2367 853 2422 communiter
868 2366 1173 2432 dormiant,
1194 2367 1241 2421 si
1258 2367 1425 2421 modo
1439 2370 1592 2421 tanta
1612 2367 1917 2422 multitudo

279 2462 355 2517 sit
382 2478 558 2533 quam
582 2477 699 2515 una
724 2461 924 2515 domus
954 2460 1126 2531 possit
1142 2477 1362 2531 capere,
1381 2460 1605 2531 alioque
1624 2460 1753 2514 dum
1772 2461 1915 2514 forte

279 2560 382 2610 aut
408 2560 523 2609 tres
553 2554 757 2609 domus
783 2554 1029 2608 existant
1051 2570 1180 2626 quas
1208 2555 1361 2625 ipsos
1389 2553 1683 2623 recipiant.
1716 2554 1916 2608 Nullus

277 2653 475 2703 autem
493 2647 725 2702 omnino
740 2647 1052 2719 quidquam
1077 2646 1282 2701 habeat
1306 2645 1539 2718 proprii,
1567 2646 1664 2700 sed
1695 2646 1794 2701 diu
1817 2662 1916 2700 no-

278 2747 491 2813 ctuque
517 2741 576 2795 in
611 2756 913 2796 commune
953 2740 1128 2806 vivat,
1166 2744 1222 2795 et
1247 2743 1444 2795 noctes
1474 2739 1736 2794 eamdem
1764 2739 1914 2794 inter

276 2835 431 2906 ipsos
487 2851 617 2889 cum
670 2833 867 2889 diebus
903 2834 1152 2888 habeant
1197 2832 1663 2887 observationem.
1718 2832 1911 2903 Neque

276 2928 434 2983 enim
455 2942 681 2999 semper
699 2944 898 2982 omnes
917 2927 1229 2994 dormiunt,
1250 2925 1347 2980 sed
1362 2925 1808 2980 manifestarium
1827 2929 1913 2980 est

272 3021 429 3093 quod
459 3020 596 3075 dum
621 3021 683 3075 hi
708 3020 1039 3076 dormiendo
1070 3019 1326 3090 occupati
1351 3024 1512 3087 sunt,
1542 3018 1620 3073 illi
1649 3018 1907 3090 vigilant,

273 3120 335 3169 et
364 3130 597 3185 prorsus
623 3112 849 3184 quidam
874 3113 1224 3167 dormientes
1251 3111 1576 3183 inspiciunt.
1601 3112 1905 3178 Craterum,
1928 3137 1984 3211 Ο

270 3208 318 3262 si
353 3223 483 3278 quas
504 3206 988 3273 habitatiunculze,
1020 3222 1119 3260 seu
1151 3205 1367 3259 cellulae
1396 3205 1454 3258 in
1479 3204 1599 3259 ullo
1627 3209 1907 3259 monaste-

270 3302 491 3355 riorum
516 3299 749 3366 fuerint,
782 3299 885 3353 sub
919 3298 1169 3369 generali
1197 3298 1369 3368 hujus
1399 3298 1605 3368 amplae
1624 3297 1780 3351 urbis
1803 3300 1906 3368 pa-

268 3394 542 3461 triarcha,
571 3392 685 3447 sive
716 3392 775 3446 in
803 3391 924 3462 ejus
951 3391 1228 3459 confiniis,
1259 3397 1358 3445 aut
1377 3390 1480 3444 sub
1500 3390 1790 3445 sanctitate
1810 3394 1908 3445 tua

268 3486 726 3554 constitutorum,
756 3485 871 3538 sive
904 3501 938 3539 a
974 3484 1137 3539 nobis
1166 3483 1301 3554 ipsis
1327 3483 1728 3538 mdiﬁcatorum
1750 3524 1763 3551 ,
1791 3482 1906 3537 sive

267 3580 341 3634 ab
360 3578 504 3645 aliis,
521 3579 688 3633 hasce
706 3594 903 3633 omnes
922 3577 1191 3632 omnibus
1212 3577 1396 3631 modis
1417 3575 1761 3642 demolieris,
1777 3591 1906 3646 ape-

266 3673 499 3743 riesque
518 3670 654 3741 ipsis
674 3674 940 3726 mutuum
972 3671 1122 3725 inter
1144 3687 1203 3724 se
1224 3673 1539 3740 aspectum,
1567 3673 1632 3723 ut
1660 3685 1788 3739 quae
1818 3669 1901 3723 vi-

265 3765 459 3819 cissim
484 3765 633 3820 inter
659 3764 810 3835 ipsos
842 3767 1139 3835 geruntur,
1180 3779 1377 3817 omnes
1409 3762 1758 3818 intueantur.
1790 3763 1904 3818 Cur

266 3856 425 3912 enim
458 3857 685 3911 tandem
714 3856 822 3911 hoc
849 3872 1020 3927 agere
1058 3859 1442 3923 revereantur,
1485 3855 1583 3926 qui
1625 3855 1800 3911 semel
1841 3870 1901 3909 se

263 3953 382 4007 Deo
407 3950 756 4017 dedicarunt,
798 3954 856 4004 et
890 3965 1119 4004 omnem
1144 3948 1475 4020 papularem
1517 3947 1898 4003 conversatio-

261 4059 403 4098 nem
445 4042 629 4097 valere
671 4042 1002 4112 jusserunt?
1042 4044 1223 4112 Atque
1266 4041 1374 4094 hoc
1415 4040 1649 4111 quidem
1694 4056 1758 4095 ea
1798 4040 1897 4094 fini

261 4135 542 4200 obtinere,
574 4138 691 4188 tam
724 4134 830 4188 hoc
854 4138 1116 4204 tempore
1141 4150 1311 4204 quam
1348 4132 1408 4187 in
1433 4149 1601 4187 omne
1631 4132 1897 4203 deinceps

261 4245 455 4283 aevum
480 4228 756 4295 volumus,
783 4226 940 4281 nullo
973 4225 1057 4295 (ut
1100 4226 1312 4281 dictum
1340 4228 1439 4296 est)
1474 4226 1764 4297 propriam
1791 4226 1894 4280 ha-

257 4321 597 4376 bitationem
623 4320 884 4387 habente,
915 4319 1013 4374 sed
1036 4319 1298 4373 omnibus
1338 4319 1396 4372 in
1436 4335 1617 4373 unum
1653 4335 1893 4390 congre-

261 4413 488 4485 gandis,
514 4418 570 4468 et
597 4428 725 4483 quae
751 4410 992 4466 vicissim
1031 4411 1181 4466 inter
1204 4412 1351 4482 ipsos
1378 4415 1649 4481 gerantur
1674 4415 1891 4481 specta-

2026 492 2435 547 monachorum
2456 493 2676 548 sincera
2695 509 2759 548 ac
2771 499 2923 549 recta
2940 500 3166 551 maneat
3182 498 3373 569 opinio
3389 501 3654 560 efticiant.

2027 586 2156 641 Esto
2181 590 2376 640 autem
2403 586 2813 642 monasterium
2843 588 2973 642 forti
3002 605 3166 644 muro
3194 591 3655 667 circumseptum,

2025 694 2100 733 ne
2130 678 2258 749 quis
2288 679 2401 732 alia
2418 682 2579 751 parte
2604 680 2789 735 exitus
2807 681 2882 736 sit
2896 697 3068 753 quam
3088 700 3191 754 per
3208 690 3415 756 portas.
3438 688 3655 745 Deinde

2026 774 2085 826 et
2109 772 2157 826 si
2177 772 2415 827 ecclesia
2436 772 2495 827 in
2524 774 2865 829 monasterio
2894 792 3009 830 non
3035 776 3125 847 sit,
3154 793 3342 850 neque
3358 780 3437 834 sic
3461 786 3654 839 tamen

2021 864 2260 920 licenter
2277 868 2558 936 prtetextu
2578 866 2943 923 ecclesiarum
2964 871 3351 942 egrediantur,
3365 878 3464 929 aut
3482 875 3654 933 etiam

2022 958 2502 1015 deambulationes
2531 960 2646 1015 illic
2682 961 2905 1029 faciant,
2930 968 2987 1018 et
3012 980 3143 1019 cum
3169 964 3453 1037 aliquibus
3474 968 3651 1024 collo-

2021 1057 2269 1123 quantur
2293 1052 2500 1125 quibus
2528 1070 2661 1109 cum
2684 1070 2798 1110 non
2826 1055 3002 1126 decet,
3027 1057 3124 1113 sed
3148 1063 3404 1131 tempore
3424 1061 3653 1133 quidem

2022 1146 2165 1200 sacri
2190 1145 2487 1202 ministerii
2516 1164 2633 1202 una
2655 1164 2784 1203 cum
2812 1150 3069 1220 praesule,
3093 1158 3150 1206 et
3170 1153 3510 1223 primoribus
3530 1144 3666 1228 eju!

2021 1255 2086 1294 ac
2116 1242 2280 1294 (etate
2309 1240 2582 1311 provectis
2616 1241 2713 1297 illo
2750 1244 3079 1300 accedunto.
3118 1246 3422 1302 Ministerio
3463 1254 3653 1306 autem

2021 1333 2272 1404 impleto,
2305 1333 2583 1406 quidquid
2630 1337 3038 1393 monachorum
3081 1342 3184 1408 est,
3224 1357 3420 1396 omnes
3448 1343 3508 1397 in
3536 1360 3650 1400 coe-

2019 1426 2255 1481 nobium
2283 1426 2474 1482 denuo
2501 1428 2837 1497 concedant,
2866 1433 2924 1485 et
2953 1431 3030 1485 ibi
3049 1432 3350 1503 resideant,
3370 1436 3653 1509 simulque

2018 1536 2296 1591 magnum
2328 1521 2500 1575 Deum
2527 1521 2785 1592 precibus
2809 1523 3067 1595 fatigent,
3090 1530 3146 1579 et
3182 1542 3472 1583 sacrarum
3501 1530 3650 1586 Scri-

2015 1618 2317 1686 pturarum
2344 1614 2571 1670 lectioni
2595 1615 2947 1672 incumbant.
2970 1620 3176 1689 Ingens
3191 1621 3345 1675 enim
3364 1639 3650 1680 sacrorum

2016 1707 2335 1763 istiusmodi
2354 1708 2628 1764 librorum
2652 1709 2842 1764 existit
2863 1710 3087 1782 chorus,
3112 1717 3169 1767 et
3197 1714 3342 1785 potis
3363 1721 3446 1770 est
3465 1717 3653 1787 cujus-

2018 1816 2131 1872 que
2155 1800 2413 1856 animum
2438 1802 2763 1870 emendare,
2806 1820 2872 1857 ac
2910 1804 3079 1859 sacris
3102 1806 3344 1878 irrigare
3368 1809 3606 1881 eloquiis
3634 1826 3650 1867 ε

2020 1910 2147 1965 quas
2175 1894 2219 1948 si
2246 1894 2512 1951 continue
2541 1894 2754 1967 legant,
2782 1912 2896 1950 non
2925 1914 3177 1969 unquam
3200 1903 3527 1974 erraverint,
3546 1920 3649 1961 ne-

2018 2004 2129 2060 que
2157 1988 2230 2042 ad
2256 1989 2539 2043 humanas
2566 1989 2903 2045 delabentur
2928 1991 3355 2049 sollicitudines.
3388 1997 3561 2052 Porro
3587 1998 3649 2054 in

2018 2085 2372 2136 sacrosancta
2423 2083 2674 2151 ecclesia,
2707 2100 2837 2155 quae
2882 2084 2941 2138 in
2988 2087 3333 2142 monasterio
3378 2090 3650 2161 consistit,

2018 2180 2263 2246 quatuor
2285 2180 2385 2230 aut
2408 2175 2661 2247 quinque
2686 2192 2755 2232 ex
2784 2177 2983 2233 eadem
3014 2179 3308 2236 mansione
3334 2197 3496 2237 senes
3515 2183 3647 2254 sint,

2017 2268 2221 2340 quibus
2247 2269 2433 2323 omnis
2453 2269 2579 2340 jam
2606 2269 2903 2326 difﬁcultas
2945 2271 3005 2326 in
3048 2278 3239 2328 sancta
3273 2274 3369 2329 illa
3414 2276 3543 2331 vitae
3584 2293 3650 2332 ac

2015 2360 2148 2417 fidei
2180 2362 2533 2417 institutione
2574 2369 2840 2434 superata
2865 2368 2986 2432 est,
3018 2371 3075 2420 et
3106 2367 3204 2438 qui
3234 2368 3651 2427 ordinationem

2015 2455 2075 2509 in
2105 2454 2256 2510 clero
2278 2461 2633 2523 meruerunt,
2664 2457 3128 2529 presbyterorum
3153 2460 3316 2531 forte,
3344 2463 3431 2517 vel
3459 2463 3647 2519 diaco-

2012 2564 2240 2619 norum,
2265 2548 2356 2603 vel
2384 2548 2627 2604 aliorum
2658 2549 2922 2622 deinceps
2948 2552 3192 2623 gradum
3228 2559 3486 2612 tenentes
3515 2574 3529 2613 :
3560 2563 3647 2613 at-

2012 2658 2123 2714 que
2152 2642 2211 2696 hi
2229 2642 2571 2697 adeuntibus
2597 2642 2687 2697 sui
2707 2644 2927 2714 copiam
2951 2644 3183 2713 faciant,
3213 2652 3269 2702 et
3297 2648 3370 2703 de
3394 2649 3648 2722 Scriptu-

2010 2735 2086 2790 ris
2116 2735 2320 2791 sanctis
2349 2735 2681 2807 exquisitius
2710 2736 3263 2809 sermocinabuntur,
3289 2741 3650 2815 eﬂicientque

2012 2833 2074 2883 ut
2097 2828 2190 2882 alii
2218 2844 2417 2883 omnes
2455 2829 2592 2884 tales
2620 2832 2977 2901 reputentur,
3018 2831 3187 2887 simul
3215 2850 3434 2890 sacram
3460 2853 3644 2892 asser-

2009 2924 2206 2976 vantes
2242 2921 2445 2990 aedem,
2485 2922 2658 2976 simul
2706 2922 3069 2993 juventutem
3106 2924 3535 2984 insolescentem
3588 2934 3647 2987 et

2007 3014 2281 3069 terminos
2306 3031 2436 3068 suos
2460 3014 2660 3085 egredi
2683 3015 2970 3070 volentem
2994 3017 3054 3072 in
3083 3018 3375 3076 tolerantia
3399 3021 3648 3078 retinen-

2007 3111 2111 3162 tes.
2140 3108 2262 3162 Non
2293 3107 2645 3179 ingredietur
2671 3113 2862 3163 autem
2892 3110 3126 3167 omnino
3148 3128 3335 3183 neque
3356 3115 3565 3171 mulier
3585 3116 3645 3171 in

2009 3200 2422 3255 monasterium
2451 3200 2728 3270 virorum,
2772 3218 2958 3275 neque
2996 3204 3082 3259 vir
3123 3205 3184 3260 in
3227 3207 3527 3275 muliebre,
3556 3211 3646 3265 vel

2007 3293 2241 3348 obtentu
2285 3293 2576 3349 memoria:
2629 3294 2881 3351 defuncti
2928 3296 3042 3351 illic
3091 3299 3387 3367 reconditi,
3433 3302 3521 3356 vel
3566 3302 3639 3357 ob

2005 3385 2179 3440 aliam
2200 3403 2447 3440 causam.
2480 3388 2547 3441 Et
2574 3387 2821 3442 maxime
2851 3388 2897 3443 si
2927 3389 3055 3459 quis
3080 3389 3317 3445 fratrem
3342 3392 3507 3460 forte,
3541 3397 3641 3449 aut

1969 3523 1973 3527 .
2005 3494 2278 3547 sororem,
2310 3482 2410 3533 aut
2437 3479 2772 3551 quempiam
2801 3496 2871 3535 ex
2911 3497 3118 3552 genere
3147 3483 3462 3553 conjunctis
3491 3502 3549 3540 se
3576 3487 3638 3543 in

2003 3571 2345 3626 monasterio
2370 3572 2581 3627 habere
2617 3572 2784 3628 dicat.
2827 3575 3106 3629 Monachis
3140 3577 3353 3632 etenim
3379 3580 3640 3650 cognatio

2003 3664 2063 3718 in
2087 3669 2241 3719 terra
2261 3681 2375 3719 non
2399 3670 2502 3732 est,
2524 3670 2721 3738 utpote
2742 3666 2841 3738 qui
2860 3668 3141 3723 caelestem
3161 3670 3331 3726 vitam
3351 3671 3632 3729 affectent.

2000 3758 2144 3823 Quid
2172 3758 2324 3813 enim
2355 3759 2588 3813 omnino
2612 3760 2842 3815 tandem
2869 3761 3122 3817 volentes
3150 3763 3483 3835 hujusmodi
3510 3766 3633 3822 adi-

2000 3851 2181 3906 tiones
2202 3851 2437 3919 faciunt,
2466 3852 2572 3906 nisi
2603 3852 2648 3907 si
2691 3853 2829 3924 quid
2870 3858 3198 3927 perpetrare
3236 3858 3412 3913 velint
3436 3875 3632 3933 rerum

1997 3943 2447 4014 interdictamm,
2480 3962 2610 4000 cum
2641 3951 2699 4001 et
2728 3963 2795 4001 ea
2834 3965 2963 4020 quas
2991 3949 3139 4004 viros
3163 3950 3385 4022 decent,
3412 3952 3549 4008 viris
3571 3954 3631 4010 in

1997 4038 2255 4093 virorum
2291 4038 2651 4094 monasteriis
2688 4039 2939 4109 efﬁcere,
2989 4046 3047 4098 et
3082 4044 3454 4101 consimiliter
3502 4063 3632 4118 qum

1996 4132 2329 4187 mulieribus
2354 4132 2625 4188 attributa
2649 4139 2783 4189 sunt
2809 4136 3140 4191 mulieribus
3161 4137 3327 4192 liceat
3350 4138 3410 4192 in
3434 4140 3632 4195 mulie-

1994 4225 2193 4280 bribus
2229 4226 2589 4281 monasteriis
2628 4229 2946 4299 peragere?
2985 4229 3142 4283 nullo
3176 4230 3337 4284 alteri
3359 4231 3624 4303 admisto,

1994 4335 2182 4389 neque
2202 4319 2251 4373 si
2267 4319 2461 4385 frater,
2484 4323 2584 4373 aut
2602 4336 2778 4389 soror,
2809 4326 2909 4374 aut
2939 4320 3084 4375 alius
3103 4327 3378 4393 cognatus
3395 4339 3516 4379 esse
3536 4325 3624 4380 di-

1994 4415 2170 4465 catur.
2194 4411 2384 4481 Neque
2404 4410 2558 4465 enim
2579 4428 2684 4481 per
2701 4412 2850 4466 hanc
2869 4429 3091 4468 causam
3111 4415 3326 4469 aditum
3352 4416 3490 4487 ipsis
3518 4435 3624 4488 pa-

256 4506 427 4561 turis.
460 4506 601 4560 illud
629 4505 785 4560 enim
827 4508 1064 4573 constat,
1106 4504 1257 4575 quod
1300 4503 1574 4574 ejusmodi
1619 4520 1891 4574 peragere
1910 4501 1971 4574 D
1990 4507 2111 4558 tere
2123 4502 2653 4558 concedimus.Nam
2672 4504 2719 4558 si
2738 4504 2858 4576 ipsa
2876 4507 3303 4577 praeciderimus
3320 4509 3618 4583 principia,

255 4599 567 4654 studebant
583 4614 711 4670 qua;
729 4597 984 4669 undique
1003 4598 1445 4669 reprehensione
1463 4600 1709 4651 careant.
1732 4597 1891 4660 Quod

253 4692 305 4747 si
331 4692 460 4762 quis
487 4708 664 4764 usque
696 4691 836 4746 adeo
874 4690 1183 4762 impudens
1220 4690 1373 4744 visus
1417 4689 1543 4758 erit,
1592 4695 1654 4744 ut
1696 4690 1892 4745 conari

250 4785 464 4840 audeat
490 4784 804 4856 transgredi
823 4801 891 4838 ea
909 4801 1036 4856 quae
1054 4785 1180 4855 lege
1204 4783 1562 4855 promulgata
1590 4788 1741 4852 sunt,
1766 4784 1890 4839 haec

249 4878 524 4934 solitariae
584 4878 894 4933 mansionis
959 4878 1163 4948 praesul
1224 4876 1565 4933 examinato.
1620 4878 1890 4932 Volumus

250 4971 411 5027 enim
424 4977 488 5026 ut
504 4971 603 5026 ista
628 4978 818 5026 nostra
837 4971 1151 5026 observatio
1173 4970 1501 5041 diligentius
1520 4971 1885 5027 custodiatur.

251 5066 325 5120 Et
348 5065 601 5135 primum
631 5064 881 5135 quidem,
912 5080 985 5118 ne
1009 5063 1416 5118 monasterium
1444 5064 1653 5119 multos
1681 5063 1889 5119 habeat

248 5157 461 5226 aditus,
489 5158 583 5212 sed
614 5174 793 5212 unum
819 5161 1064 5226 tantum,
1089 5160 1188 5211 aut
1212 5157 1352 5211 duos
1376 5157 1543 5212 forte.
1578 5159 1644 5212 Et
1672 5161 1736 5211 ut
1762 5173 1888 5227 por-

250 5257 329 5306 tae
357 5250 620 5305 assistant
657 5251 761 5305 viri
793 5254 959 5305 aetate
990 5266 1206 5321 graves,
1241 5257 1297 5305 et
1339 5250 1503 5319 casti,
1550 5266 1735 5322 neque
1772 5266 1886 5305 non

250 5344 515 5400 omnium
534 5343 854 5400 testimonio
875 5343 1247 5415 comprobati,
1270 5343 1367 5415 qui
1402 5360 1586 5416 neque
1618 5344 1764 5415 ipsos
1793 5360 1883 5399 re-

248 5437 688 5492 verendissimos
702 5437 1007 5493 monachos
1029 5436 1361 5508 permittant
1375 5437 1493 5492 sine
1508 5437 1766 5509 praesulis
1784 5454 1883 5493 vo-

249 5532 468 5586 luntate
493 5532 835 5586 monasterio
865 5530 1058 5602 egredi
1082 5571 1096 5599 ,
1130 5530 1227 5585 sed
1258 5530 1411 5585 intus
1439 5547 1534 5585 eos
1560 5530 1887 5585 contineant

253 5629 319 5679 ut
344 5640 410 5679 ea
436 5640 563 5696 qua:
589 5625 768 5680 Deum
788 5628 1136 5680 concernunt
1153 5624 1502 5695 perquirant,
1518 5640 1623 5678 nec
1649 5624 1880 5695 seipsos,

248 5717 613 5790 actionesque
642 5735 705 5773 ac
742 5717 927 5772 studia
976 5734 1078 5772 sua
1118 5734 1153 5771 a
1195 5718 1308 5771 Deo
1345 5715 1647 5786 divellant;
1700 5733 1883 5789 neque

250 5811 395 5869 alios
420 5811 739 5888 quospiam,
755 5811 845 5867 vel
863 5810 1131 5878 interdiu,
1151 5811 1237 5867 vel
1256 5815 1428 5867 noctu
1461 5810 1520 5867 in
1547 5810 1884 5867 monasterio

1992 4600 2047 4650 et
2063 4612 2334 4664 errorem,
2358 4596 2458 4667 qui
2476 4613 2579 4667 per
2596 4602 2886 4668 aspectum
2906 4614 2965 4653 se
2991 4599 3197 4654 animis
3212 4601 3510 4657 hominum
3531 4603 3620 4658 in-

1989 4688 2200 4756 sinuat,
2214 4694 2270 4744 et
2285 4688 2490 4744 exinde
2505 4690 2574 4744 ad
2586 4690 3127 4747 malalubricitatem
3141 4694 3617 4767 prohibuerimus,

1988 4783 2171 4837 multo
2193 4782 2531 4838 clementior
2548 4788 2605 4838 et
2628 4784 2847 4840 facilior
2880 4786 3081 4841 existet
3108 4787 3278 4842 sacris
3304 4789 3617 4844 decertata-

1987 4876 2143 4932 ribus
2172 4876 2301 4932 vitae
2326 4876 2386 4931 in
2424 4876 2625 4932 melius
2650 4878 2992 4934 emendatio.
3025 4879 3235 4934 Omnes
3264 4881 3455 4952 itaque
3485 4883 3618 4937 huic

1985 4969 2101 5043 legi
2129 4970 2576 5042 obtemperanto,
2624 4976 2682 5026 et
2713 4988 2899 5043 neque
2941 4972 3124 5027 virum
3165 4973 3515 5029 recondunto
3558 4976 3615 5030 in

1986 5063 2353 5118 muliebrium
2366 5065 2837 5120 monasteriorum
2854 5065 3338 5138 sepulcris,neque
3355 5068 3617 5124 mulieres

1984 5156 2046 5212 in
2070 5157 2323 5212 virorum
2351 5158 2729 5227 monasteriis,
2773 5175 2874 5212 seu
2912 5160 3192 5214 asceteriis
3235 5160 3611 5217 defodiuntor.

1984 5250 2179 5323 Neque
2208 5251 2361 5305 enim
2385 5251 2518 5305 viris
2541 5250 2847 5305 mulierum
2874 5251 3179 5322 domicilia,
3203 5270 3390 5327 neque
3416 5271 3613 5309 rursus

1984 5344 2235 5399 virorum
2256 5343 2575 5399 habitacula
2592 5343 2942 5400 conveniunt
2965 5346 3274 5403 mulierum
3297 5348 3609 5404 consortiis.

1985 5438 2096 5493 Nec
2111 5454 2213 5509 per
2231 5454 2325 5492 eos
2341 5437 2439 5508 qui
2457 5442 2690 5509 propter
2708 5437 3001 5493 defunctos
3026 5439 3428 5511 ingrediuntur
3450 5440 3608 5493 volu-

1984 5546 2113 5585 mus
2135 5530 2340 5585 exinde
2367 5530 2694 5586 inhonestas
2717 5531 2883 5587 hasce
2915 5533 3340 5588 commistiones
3364 5532 3508 5601 ﬁeri,
3530 5548 3604 5587 ne

1982 5639 2089 5695 per
2114 5624 2259 5679 hanc
2303 5640 2526 5679 causam
2563 5629 2779 5681 natura:
2814 5626 3059 5682 fenestra
3105 5626 3408 5697 aperiatur,
3452 5630 3516 5681 ut
3543 5642 3610 5681 ea

1983 5733 2112 5789 quae
2141 5716 2297 5771 nefas
2322 5721 2408 5772 est
2434 5718 2726 5775 delicatius
2754 5720 2815 5774 in
2855 5736 2913 5773 se
2940 5719 3219 5787 admittat,
3253 5723 3310 5773 et
3334 5718 3495 5773 ludos
3523 5719 3607 5773 fa-

1984 5809 2112 5883 ciat,
2140 5827 2438 5885 sacrasque
2462 5829 2548 5869 res
2567 5813 2826 5882 defmdet,
2853 5828 2918 5867 ac
2942 5811 3255 5869 velamento
3280 5811 3525 5886 pietatis,
3554 5816 3614 5869 et
