4076 6186
436 289 567 346 1047

1565 282 1818 345 secum
1859 287 2050 344 sexu
2088 261 2644 344 SUPPLEMENTUM.

3673 280 3810 342 1048

439 399 549 456 sub
574 395 761 469 specie
779 394 1198 469 exsequiarum,
1216 413 1282 450 ea
1301 401 1592 468 perpetrat
1621 414 1750 468 qua:
1772 414 1956 469 neque
1981 397 2068 453 di—
2091 406 2150 482 Α
2171 396 2343 481 steria
2368 395 2473 450 sub
2501 395 2694 466 aliquo
2719 391 2936 450 censeri
2961 397 3185 465 oportet
3207 390 3478 458 antistite,
3511 395 3571 446 et
3595 391 3813 449 habere

439 509 564 548 cere
578 508 762 564 neque
775 491 832 546 in
846 491 1038 546 animo
1049 489 1296 562 cogitare
1309 489 1617 546 solitariam
1628 491 1801 546 vitam
1813 508 1876 546 ex
1886 507 2076 548 ercen-

437 587 588 643 tibus
610 585 915 658 pulchrum
927 584 1172 639 est.Cum
1189 600 1321 639 vero
1339 583 1479 640 illud
1496 601 1556 640 re
1572 585 1690 656 ipsa
1706 586 2070 642 manifestum

435 681 656 748 existat,
675 679 826 750 quod
839 683 1063 734 necesse
1079 677 1150 733 sit
1171 694 1270 734 eos
1289 678 1388 749 qui
1409 679 1714 750 sepulturis
1729 679 2070 750 peragendis

437 773 822 830 ministerium
849 772 1129 844 praebent,
1159 777 1214 826 et
1238 771 1487 826 maxime
1517 773 1616 843 qui
1644 772 1853 828 feretra
1871 773 2071 844 depor~

437 867 792 938 tant,quique
813 866 1128 931 defodiunt,
1145 866 1368 936 ingredi
1389 865 1448 920 in
1472 867 2068 934 monasteria,ressane

437 961 680 1016 difficilis
709 960 960 1015 consistit
989 960 1046 1014 in
1067 959 1460 1027 muliebribus,
1483 975 1612 1013 cum
1633 960 1703 1013 ob
1733 960 1838 1015 alia
1867 961 2066 1030 multa,

435 1058 560 1110 tum
587 1058 820 1126 propter
844 1053 1141 1125 praefatam
1169 1053 1633 1126 prohibitionem.
1667 1054 1960 1109 Sancimus
1993 1061 2071 1108 ta-

427 1151 574 1205 men
603 1151 665 1203 ut
695 1148 742 1202 si
767 1148 994 1220 quando
1025 1149 1134 1204 tale
1154 1149 1365 1221 aliquid
1388 1148 1644 1204 futurum
1661 1150 1764 1214 est,
1789 1153 1844 1203 et
1863 1147 2072 1202 mulier

437 1243 699 1315 aliquain
711 1241 969 1298 muliebri
988 1242 1294 1314 sepeliatur
1318 1241 1657 1298 monasterio
1685 1241 1887 1311 (virum
1912 1241 2069 1297 enim

439 1337 519 1392 ibi
549 1336 771 1408 sepeliri
806 1353 922 1392 non
953 1336 1376 1408 permittimus),
1406 1335 1892 1391 reverendissimaa
1936 1336 2066 1407 qui-

437 1431 569 1486 dem
596 1430 864 1486 mulieres
911 1431 970 1486 in
1015 1447 1116 1485 suo
1168 1435 1540 1502 permaneant
1577 1429 1916 1498 habitacula,
1949 1429 2069 1484 sola

439 1527 631 1579 autem
663 1523 919 1591 ostiaria,
955 1523 1066 1579 sive
1098 1524 1376 1592 ostiarias,
1407 1529 1463 1578 et
1500 1524 1622 1595 ipsa
1649 1523 1793 1578 forte
1824 1523 1888 1595 (si
1917 1523 2067 1593 velit)

437 1617 670 1674 antistes
695 1616 784 1672 his
815 1633 944 1688 quae
966 1617 1112 1672 fiunt
1139 1617 1378 1673 intersit.
1414 1617 1596 1672 Simul
1627 1621 1798 1688 atque
1825 1633 1959 1672 vero
1988 1616 2069 1671 illi

439 1727 567 1781 qua!
595 1711 741 1764 circa
769 1710 1062 1781 exsequias
1102 1711 1225 1765 ﬁeri
1266 1710 1478 1778 solent,
1521 1714 1637 1764 tam
1676 1710 1935 1781 sepulcro
1981 1709 2065 1764 ef-

437 1776 588 1862 fosso
606 1821 776 1875 quam
799 1776 1034 1874 corpore
1053 1804 1362 1873 recondito,
1393 1776 1698 1872 effecerint,
1734 1776 1926 1858 statim
1951 1803 2066 1858 dis-
2087 1776 2145 1848 B

441 1894 664 1959 cedant,
693 1910 881 1964 neque
907 1893 1124 1964 aliquas
1154 1893 1256 1964 ipsi
1287 1892 1737 1948 reverendissimi
1755 1895 2070 1966 spectantes

439 1987 769 2055 mulierum,
805 2003 992 2058 neque
1023 1987 1094 2042 ab
1133 1986 1413 2058 aliquibus
1437 2003 1633 2041 earum
1672 1987 1924 2058 spectati.
1959 1985 2071 2041 Sed

441 2096 626 2153 neque
646 2079 814 2135 aliam
837 2080 1200 2152 ingressuum
1218 2081 1565 2136 occasionem
1585 2081 1965 2150 excogitante,
1983 2079 2072 2136 vel

439 2175 544 2229 viri
566 2174 624 2228 in
646 2173 944 2229 muliebria
973 2174 1337 2243 monasteria,
1355 2174 1443 2228 vel
1471 2174 1736 2229 mulieres
1764 2175 1823 2229 in
1850 2190 1916 2229 ea
1941 2190 2073 2245 qum

443 2267 577 2323 viris
597 2268 866 2338 deputata
884 2272 1034 2336 sunt,
1059 2284 1161 2339 per
1177 2284 1404 2322 causam
1434 2283 1630 2322 eorum
1651 2283 1779 2338 quae
1793 2283 2075 2338 peragun-

441 2367 537 2416 tur
560 2361 708 2416 circa
737 2361 1052 2432 exsequias,
1093 2377 1236 2433 quas
1269 2360 1477 2416 scilicet
1505 2359 1808 2416 memorias
1836 2359 2070 2432 appelli-

441 2458 582 2522 tant,
609 2455 668 2509 in
695 2454 928 2510 tertium
953 2471 1282 2526 nonumque
1306 2453 1457 2510 diem
1487 2454 1906 2522 convenientes,
1937 2454 2076 2510 item

441 2565 571 2604 cum
598 2548 977 2620 quadraginta
1003 2548 1374 2614 excesserint,
1401 2552 1500 2604 aut
1525 2547 1694 2603 etiam
1722 2565 1922 2615 annus,
1944 2565 2077 2604 cum

442 2642 624 2711 liceat,
645 2641 923 2714 siquidem
955 2642 1230 2698 muliebre
1255 2641 1663 2697 monasterium
1697 2642 1788 2711 sit,
1810 2641 2077 2698 mulieres

441 2736 632 2792 omnia
682 2751 992 2808 peragere;
1021 2735 1066 2790 si
1107 2735 1284 2802 virile,
1328 2735 1506 2803 viros,
1534 2751 1718 2808 neque
1748 2751 1852 2807 per
1879 2735 2074 2806 hujus-

447 2830 600 2884 modi
627 2829 980 2884 occasionem
1011 2827 1428 2884 venerabilibus
1454 2828 1806 2884 monasteriis
1829 2829 2080 2900 aliquam

443 2924 670 2978 inurere
687 2923 1008 2978 infamiam.
1025 2922 1166 2987 Quia
1190 2939 1322 2977 vero
1341 2921 1483 2977 nihil
1499 2939 1697 2978 eorum
1716 2939 1842 2994 qua:
1869 2921 2082 2977 inclusa

443 3021 574 3071 sunt
593 3016 835 3087 legibus,
852 3016 935 3070 uti
956 3033 1184 3087 aequum
1209 3021 1312 3081 est,
1331 3015 1540 3070 servari
1562 3019 1769 3088 potest,
1811 3015 1917 3070 nisi
1944 3032 2078 3070 con-

445 3108 766 3164 venientem
789 3108 994 3163 habeat
1013 3109 1348 3175 custodiam,
1372 3109 1655 3163 sancimus
1671 3114 1735 3163 ut
1760 3108 1857 3180 qui
1885 3109 2075 3179 cujus—
2097 3141 2152 3215 Ο

443 3217 554 3274 que
585 3201 908 3256 monasterii
935 3218 1037 3272 pro
1064 3207 1320 3272 tempore
1353 3201 1560 3272 praesul
1587 3201 1779 3268 fuerit,
1810 3202 2078 3257 continue

447 3295 520 3351 ad
534 3296 718 3366 ipsum
740 3295 1170 3362 animadvertat,
1191 3299 1246 3349 et
1264 3294 1320 3349 in
1335 3310 1680 3366 unoquoque
1693 3295 1764 3348 ad
1783 3295 1962 3350 instar
1974 3296 2076 3365 rei,

445 3395 502 3446 et
529 3388 840 3460 disciplinae
870 3388 1112 3461 publica;
1143 3404 1376 3460 operam
1415 3392 1613 3466 navet.
1661 3379 1727 3442 Et
1774 3387 1949 3443 sicubi
1992 3389 2079 3444 vel

446 3482 744 3554 paululum
763 3482 1034 3555 quiddam
1051 3485 1250 3538 contra
1276 3483 1544 3538 decorum
1564 3481 1680 3550 fiat,
1699 3481 1957 3552 protinus
1974 3481 2080 3538 hoc

446 3577 734 3644 emendet,
767 3593 950 3648 neque
977 3575 1292 3630 committat
1335 3580 1400 3630 ut
1443 3575 1624 3646 major
1653 3575 1856 3630 exinde
1894 3575 2082 3647 lapsus

447 3671 680 3738 oriatur,
714 3673 770 3724 et
811 3669 1000 3724 anima
1045 3686 1174 3742 quae
1205 3668 1277 3725 ad
1321 3669 1566 3724 salutem
1610 3685 1676 3724 ex
1733 3674 1925 3724 sancta
1953 3669 2082 3724 vitae

445 3767 616 3836 atque
644 3763 774 3818 tidei
801 3763 1154 3818 institutione
1198 3762 1623 3835 provenientem
1671 3762 1944 3835 confugit,
1989 3779 2084 3834 pe-

449 3863 589 3915 reat.

523 3952 642 4020 Ipse
675 3965 897 4020 quoque
924 3950 1396 4004 monasteriorum
1424 3967 1680 4006 summus
1715 3951 1944 4022 pracsul,
1966 3949 2082 4006 sive

450 4043 650 4099 inloco
671 4041 760 4107 sit,
783 4042 1263 4112 quemadmodum
1296 4043 1355 4096 in
1381 4044 1485 4097 hac
1519 4048 1604 4099 est
1626 4043 1785 4108 urbe,
1805 4044 1918 4098 sive
1943 4060 2080 4113 non,

450 4135 615 4192 enixe
640 4135 697 4190 in
719 4151 842 4189 eam
877 4151 996 4190 rem
1026 4151 1258 4206 operam
1282 4135 1432 4204 dato,
1457 4140 1513 4191 et
1539 4135 1927 4206 apocrisiarios
1955 4153 2084 4191 suos

449 4229 534 4296 (ut
562 4230 983 4300 nuncupantur)
1018 4245 1120 4299 per
1143 4229 1490 4284 monasteria
1519 4228 1816 4298 dimittito;
1840 4247 1869 4284 e
1889 4229 2086 4285 vicinis

449 4323 619 4379 etiam
651 4323 982 4394 interroget,
1013 4322 1266 4393 nunquid
1298 4322 1434 4377 mali
1461 4323 1516 4378 in
1547 4323 1738 4394 aliquo
1768 4323 2086 4378 vicinorum

449 4421 809 4488 perpetretur
828 4415 1330 4483 monasteriorum;
1362 4420 1530 4488 atque
1557 4417 1680 4472 haec
1707 4417 1899 4472 omnia
1923 4434 2082 4473 coer-

2170 488 2674 560 (quemadmodum
2693 486 2958 558 diximus)
2985 503 3126 558 quos
3159 485 3355 541 dicunt
3382 484 3808 556 apocrisiarios,

2167 583 2320 637 viros
2339 585 2502 638 (etate
2526 598 2744 653 graves,
2759 579 2859 652 qui
2880 584 2938 635 et
2967 581 3026 636 in
3051 579 3364 636 monastica
3373 578 3494 650 jam
3509 578 3813 650 disciplina

2168 675 2458 748 impendio
2475 673 2840 742 decertarint,
2855 689 3040 746 neque
3051 673 3214 729 facile
3225 671 3476 744 corporis
3487 671 3813 727 sustineant

2168 770 2436 842 impetus,
2466 772 2522 823 et
2554 768 2722 824 rebus
2768 767 3036 838 gerendis
3059 808 3073 833 ,
3122 770 3293 838 atque
3323 766 3580 837 ipsorum
3614 764 3813 820 usibus

2166 863 2438 918 vacarint.
2456 864 2646 934 Neque
2659 861 2766 916 hoc
2782 866 3026 926 tantum,
3045 860 3092 914 si
3115 860 3366 914 virorum
3390 859 3811 914 monasterium

2169 957 2259 1024 sit,
2290 957 2388 1012 sed
2415 956 2586 1010 etiam
2621 957 2666 1010 si
2695 953 3006 1009 mulierum
3038 953 3184 1008 forte
3213 953 3305 1020 sit,
3333 952 3446 1008 duo
3473 951 3653 1023 aliqui
3679 951 3811 1020 viri,

2167 1050 2254 1105 vel
2304 1051 2369 1118 (si
2406 1049 2604 1105 haberi
2643 1050 2897 1120 possunt)
2941 1046 3188 1101 eunuchi
3237 1046 3678 1114 constituantur,
3711 1044 3817 1116 qui

2168 1143 2516 1216 amplissimo
2547 1142 2871 1198 testimonio
2900 1139 3266 1212 comprobati,
3294 1139 3526 1209 negotia
3549 1139 3814 1211 ipsarum

2171 1243 2390 1309 gerant,
2423 1243 2482 1292 et
2511 1236 2850 1291 ineffabilem
2866 1235 3003 1306 ipsis
3028 1233 3666 1301 communionem,cum
3689 1232 3816 1302 ejus

2169 1332 2252 1386 rei
2277 1330 2672 1402 opportunitas
2690 1329 2817 1398 erit,
2848 1328 3212 1384 distribuant.
3249 1325 3411 1391 Quod
3430 1326 3480 1379 si
3505 1325 3593 1379 illi
3617 1325 3688 1379 de
3717 1341 3816 1380 ne-

2167 1425 2423 1480 cessitate
2447 1423 2640 1495 aliqua
2684 1422 3032 1488 monasterii,
3061 1426 3159 1475 aut
3183 1435 3314 1492 quae
3343 1435 3518 1473 unam
3550 1417 3813 1490 aliquam

2166 1517 2761 1574 reverendissimarum
2780 1515 3146 1570 ascetriarum
3166 1512 3474 1585 pertingat,
3497 1511 3813 1568 necessarii

2167 1611 2380 1682 aliquid
2413 1610 2604 1665 dicere
2636 1608 2938 1674 voluerint,
2970 1607 3370 1679 colloquantur
3393 1621 3460 1659 ea
3485 1604 3556 1658 de
3587 1620 3652 1658 re
3678 1620 3811 1659 cum

2167 1705 2282 1758 sola
2301 1703 2572 1772 antistite,
2591 1718 2776 1774 neque
2793 1705 3073 1774 praeterea
3087 1717 3217 1755 cum
3234 1699 3354 1754 ulla
3370 1697 3483 1752 alia
3499 1697 3812 1752 mulierum

2168 1820 2295 1875 quae
2315 1803 2372 1857 in
2393 1819 2462 1857 eo
2475 1801 2785 1857 consistant
2804 1799 3169 1868 monasterio,
3189 1815 3295 1870 per
3311 1796 3812 1852 reverendissimas

2168 1903 2358 1953 tamen
2388 1896 2580 1951 omnia
2611 1894 2970 1950 conﬁcientes
3005 1892 3280 1948 ostiarias.
3311 1891 3546 1963 Oportet
3567 1889 3727 1944 enim
3757 1893 3812 1944 et

2169 1989 2502 2061 hujusmodi
2524 1989 2744 2060 aliquas
2769 1988 2842 2042 ad
2860 1988 3013 2042 fores
3041 1985 3322 2052 collocari,
3356 2001 3483 2055 quae
3507 1982 3814 2038 consimili-

2169 2089 2261 2140 ter
2279 2087 2335 2138 et
2351 2083 2645 2155 ingressus
2661 2087 2717 2136 et
2739 2081 2922 2136 exitus
2940 2079 3324 2151 respicientes,
3338 2082 3452 2132 tam
3475 2077 3668 2132 exitus
3683 2091 3810 2130 mu-

2171 2178 2372 2232 lierum
2403 2176 2747 2249 prohibeant
2779 2191 2953 2246 quam
2984 2173 3298 2228 inaccessos
3323 2169 3456 2225 viris
3483 2169 3693 2236 aditus,
3723 2185 3815 2223 ex-

2173 2271 2348 2342 ceptis
2374 2268 2748 2342 apocrisariis,
2775 2267 3037 2322 reddant.
3069 2266 3132 2320 lli
3165 2270 3362 2320 autem
3379 2263 3638 2318 ostiarias
3662 2279 3812 2316 acce-

2174 2364 2330 2431 dent,
2353 2365 2410 2418 et
2432 2363 2708 2418 adventus
2727 2361 2814 2416 sui
2831 2377 3058 2416 causam
3077 2362 3380 2430 exponant.
3404 2358 3657 2412 Antistes
3680 2373 3812 2412 vero

2175 2474 2234 2512 re
2253 2457 2496 2528 cognita,
2523 2460 2578 2511 et
2596 2471 2918 2528 progressa,
2941 2469 3072 2508 cum
3097 2453 3185 2508 his
3197 2452 3569 2523 colloquetur,
3589 2451 3812 2522 ipsique

2174 2551 2244 2607 ad
2297 2551 2454 2605 illam
2504 2549 2752 2605 referent
2803 2564 2868 2603 ea
2915 2563 3044 2619 qua:
3088 2545 3572 2618 dispensationem
3613 2560 3813 2599 eorum

2176 2647 2522 2700 concernunt
2536 2647 2593 2698 et
2606 2641 3022 2709 necessitatem,
3057 2639 3430 2712 quamobrem
3453 2637 3811 2693 accesserint.

2178 2739 2360 2810 Atque
2387 2737 2465 2792 ita
2503 2741 2562 2792 et
2602 2737 2855 2792 humana
2891 2734 3127 2806 pulchre
3150 2731 3726 2798 administrabuntur,
3759 2733 3816 2786 et

2179 2848 2247 2886 ex
2271 2831 2428 2886 omni
2455 2834 2616 2902 parte
2643 2829 2800 2884 nullo
2824 2833 3038 2884 tentata
3066 2827 3214 2883 malo
3241 2825 3468 2882 durabit
3489 2825 3742 2880 castitas.

2251 2926 2415 2980 Certe
2445 2923 2490 2978 si
2523 2923 2650 2994 quis
2679 2922 2973 2994 delinquat
3017 2921 3099 2992 (ut
3139 2920 3320 2976 multa
3363 2921 3498 2974 sunt
3534 2919 3811 2985 humana,

2181 3033 2366 3090 neque
2385 3017 2686 3089 quisquam
2712 3017 2790 3072 ita
2823 3015 3115 3072 continere
3146 3018 3409 3069 naturam
3437 3014 3626 3084 potest
3647 3011 3709 3067 in
3737 3013 3814 3067 of-

2180 3111 2326 3179 ﬁcio,
2350 3110 2490 3182 quin
2504 3109 2810 3182 aliquando
2826 3113 3036 3180 peccet,
3063 3109 3174 3163 hoc
3194 3107 3349 3164 enim
3365 3105 3540 3160 solius
3558 3110 3649 3160 est
3675 3106 3811 3174 Dei),

2179 3206 2328 3260 hunc
2343 3203 2598 3276 quidem,
2621 3203 2668 3257 si
2687 3202 2972 3258 mediocre
2988 3201 3265 3257 delictum
3284 3201 3380 3266 sit,
3411 3205 3465 3256 et
3480 3199 3814 3269 admonete,

2179 3302 2238 3353 et
2261 3297 2492 3353 seorsim
2524 3296 2813 3366 includito,
2842 3299 3179 3368 tempusque
3207 3294 3289 3350 illi
3316 3294 3602 3366 assignato
3640 3293 3819 3364 pani-

2177 3391 2393 3456 tentiaa,
2420 3395 2485 3445 ut
2507 3389 2742 3445 meliore
2773 3389 2988 3444 ratione
3021 3392 3309 3462 percepta,
3347 3388 3420 3442 ad
3441 3387 3696 3459 seipsum
3723 3402 3812 3441 re-

2179 3485 2326 3552 deat,
2347 3500 2531 3556 neque
2550 3483 2828 3555 depensos
2846 3482 2969 3554 jam
2991 3485 3050 3539 et
3069 3483 3374 3539 exhaustos
3393 3480 3621 3535 labores
3646 3479 3813 3534 amit-

2180 3582 2279 3633 tat.
2316 3579 2413 3634 Sin
2439 3594 2574 3633 vero
2605 3577 2784 3648 major
2808 3577 2999 3648 lapsus
3038 3576 3234 3644 fuerit,
3268 3591 3372 3646 pro
3402 3574 3573 3630 modo
3601 3573 3818 3645 peccati

2181 3655 2479 3727 adhibetur
2507 3670 2676 3725 etiam
2709 3669 3122 3725 emendationis
3150 3668 3460 3740 diligentia,
3481 3671 3543 3722 et
3561 3668 3704 3722 item
3718 3683 3814 3722 ve-

2182 3764 2596 3820 hementiorem
2624 3763 3095 3832 admonitionem,
3123 3766 3183 3818 et
3205 3762 3500 3818 fortiorem
3526 3761 3814 3832 pri-niten-

2181 3859 2318 3914 tiam
2337 3858 2606 3930 expetito.
2632 3859 2698 3913 Et
2717 3856 2999 3930 siquidem
3031 3857 3184 3912 hisce
3217 3857 3402 3912 modis
3429 3871 3657 3911 servare
3683 3871 3816 3910 eum

2182 3952 2442 4020 valuerit,
2461 3951 2559 4022 qui
2581 3951 2696 4006 labi
2714 3957 2962 4022 coeperat
2998 3950 3172 4022 (idem
3208 3953 3399 4006 autem
3425 3954 3481 4004 et
3517 3948 3577 4004 in
3605 3947 3812 4003 mulie-

2183 4046 2340 4101 ribus
2357 4044 2771 4101 sanctimouiali
2796 4045 2924 4099 vitae
2943 4043 3168 4111 deditis,
3199 4048 3256 4098 et
3281 4043 3340 4097 in
3365 4041 3502 4097 viris
3531 4041 3814 4109 dicimus),

2185 4155 2394 4210 magno
2415 4139 2523 4192 Deo
2547 4138 2754 4208 gratias
2781 4143 2936 4209 agat,
2961 4137 3059 4209 qui
3085 4141 3142 4192 et
3165 4135 3440 4208 angelicis
3464 4135 3526 4191 in
3551 4135 3696 4190 malo
3721 4152 3815 4206 po-

2186 4232 2477 4288 testatibus
2514 4231 2788 4302 gaudium
2816 4231 3028 4287 oboriri
3056 4230 3200 4286 dixit
3222 4229 3270 4284 si
3291 4230 3420 4302 quis
3445 4233 3814 4301 peccatorum

2184 4328 2454 4380 serv’etur.
2481 4326 2554 4378 At
2581 4324 2630 4378 si
2655 4323 2922 4380 delictum
2947 4323 3192 4379 atrocius
3215 4321 3288 4378 sit
3309 4337 3481 4394 quam
3507 4322 3662 4394 quod
3691 4338 3812 4377 me-

2185 4419 2312 4474 dela
2337 4417 2586 4490 reparari
2614 4417 2805 4489 possit,
2837 4421 2972 4472 tunc
3004 4433 3233 4488 prorsus
3258 4415 3600 4470 monasterio
3625 4415 3815 4485 ipsum

451 4514 596 4576 ceto,
629 4515 686 4564 et
723 4513 1140 4582 competentem
1167 4525 1271 4580 pro
1316 4509 1593 4580 dignitate
1621 4509 1937 4582 impendito
1960 4528 2084 4582 pro-
2102 4510 2162 4582 D
2184 4511 2470 4582 expellito,
2500 4514 2562 4566 ut
2588 4527 2719 4565 cum
2745 4509 2994 4582 seipsum
3019 4527 3051 4564 a
3077 4509 3412 4565 melioribus
3433 4509 3505 4564 ad
3531 4509 3820 4564 deteriora

453 4602 780 4657 videntiam.
813 4602 916 4657 Sed
941 4607 995 4656 et
1021 4602 1294 4674 cujusque
1323 4603 1562 4658 civitatis
1587 4603 1879 4675 episcopus
1899 4603 1956 4658 in
1977 4605 2084 4658 hoc

451 4695 859 4768 providentiam
895 4695 1180 4758 adhibeto,
1213 4695 1328 4750 sive
1361 4697 1697 4768 patriarcha,
1731 4698 1844 4752 sive
1871 4702 2082 4752 metro-

453 4789 756 4860 politanus,
803 4789 917 4843 sive
976 4788 1300 4860 quicunque
1347 4789 1455 4856 sit;
1488 4797 1542 4845 et
1591 4791 2086 4845 reverendissimos

452 4882 776 4938 defensores
794 4882 1044 4937 ecclesia:
1066 4898 1182 4936 sure
1205 4882 1434 4951 mittito,
1463 4884 1559 4954 qui
1590 4885 1709 4938 hmo.
1729 4884 2080 4956 perquirunt,

451 4979 508 5028 et
533 4975 848 5040 observent,
881 4992 1068 5047 neque
1099 4976 1466 5031 committant
1493 4981 1557 5032 ut
1577 4983 1783 5048 printer
1812 4978 2092 5052 decorum.

452 5067 764 5139 quidquam
781 5069 896 5124 ﬁat.
915 5070 1018 5125 Sed
1043 5074 1098 5124 et
1119 5069 1167 5124 si
1183 5070 1321 5142 quid
1353 5071 1464 5125 tale
1484 5074 1858 5142 perpetretur,
1879 5075 1942 5126 ut
1972 5072 2085 5142 pri-

453 5177 547 5216 mo
567 5177 794 5232 quoque
807 5167 1061 5234 tempore
1076 5165 1180 5218 hoc
1196 5164 1338 5219 corri
1347 5163 1882 5236 gant.Consimiliter
1891 5168 2082 5219 autem

451 5257 509 5310 et
537 5253 916 5308 sanctissimus
940 5256 1111 5325 hujus
1140 5259 1303 5312 alma!
1328 5257 1484 5312 urbis
1513 5257 1836 5328 patriarcha
1861 5274 1928 5312 ea
1953 5275 2081 5328 quea

451 5346 794 5403 monasteria
831 5347 924 5400 hic
961 5355 1313 5406 concernunt
1353 5351 1666 5424 perquirito
1688 5369 1704 5420 ;
1749 5357 1805 5406 et
1835 5351 1956 5422 ejus
1999 5351 2079 5406 rei

451 5440 708 5495 custodes
752 5439 848 5494 Dei
897 5441 1306 5500 amantissimos
1353 5445 1678 5502 defensores
1717 5449 2080 5500 sacrosanctus

449 5535 680 5605 majoris
700 5532 970 5602 ecclesias,
999 5538 1054 5588 et
1079 5550 1440 5610 quoscunque
1459 5539 1940 5612 diligentissimos,
1969 5538 2077 5592 ho-

451 5627 906 5700 nestissimosque
936 5643 1056 5683 esse
1085 5629 1370 5700 putaverit
1393 5633 1736 5701 constituite,
1767 5638 1832 5687 ut
1860 5631 2078 5703 majore

447 5720 701 5776 adhibita
731 5722 976 5778 custodia
997 5764 1010 5790 ,
1061 5721 1304 5795 amplior
1345 5722 1480 5778 item
1511 5725 1824 5780 observatio
1846 5767 1859 5793 ,
1895 5729 1948 5778 et
1976 5741 2079 5795 pro

441 5811 656 5867 delictis
686 5815 933 5872 vindicta
965 5817 1246 5889 procedat.
1283 5815 1586 5874 Enimvero
1618 5817 1841 5888 singula
1867 5833 2070 5873 mona-

2185 4605 2507 4668 contulerit,
2522 4604 2642 4676 ipse
2659 4604 2810 4659 solus
2823 4603 3202 4675 improbitatis
3217 4620 3334 4658 sua:
3345 4603 3595 4658 fructum
3605 4602 3816 4674 capiat,

2186 4715 2370 4771 neque
2396 4698 2661 4753 vitiorum
2708 4713 2939 4752 suorum
2977 4696 3189 4768 aliquid
3221 4697 3438 4752 ceteris
3473 4696 3820 4768 contagione

2185 4791 2420 4860 ail‘ricet,
2449 4791 2931 4864 quemadmodum
2965 4796 3121 4862 peste
3151 4789 3467 4846 laborantia
3503 4794 3564 4844 et
3585 4789 3820 4844 incura-

2184 4886 2368 4940 biliter
2392 4883 2729 4957 aagrotantia
2761 4884 2942 4939 solent
2970 4899 3193 4956 pecora.
3221 4884 3362 4938 Nam
3389 4888 3452 4938 ut
3479 4882 3735 4938 maxime
3762 4883 3820 4937 hi

2183 4979 2684 5050 neglexerint,non
2712 4983 2902 5033 tamen
2931 4977 3190 5048 majestas
3204 4977 3312 5031 ista
3338 4976 3609 5048 despiciet
3637 4976 3824 5048 impe-

2182 5072 2604 5143 ratoria,neque
2618 5070 3011 5142 indignatione
3025 5075 3222 5126 contra
3233 5070 3291 5124 id
3301 5070 3533 5136 factum,
3548 5073 3820 5125 contrave

2183 5166 2438 5220 locorum
2457 5165 2786 5236 episcopum
2808 5169 2866 5218 et
2884 5163 3282 5219 ecclesiasticos
3297 5163 3394 5235 qui
3421 5163 3522 5218 sub
3541 5163 3668 5234 ipso
3689 5179 3824 5220 con-

2182 5258 2364 5313 stituti
2391 5262 2542 5326 sunt,
2569 5257 2912 5327 abstinebit,
2945 5257 3053 5312 nisi
3100 5257 3206 5311 hoc
3232 5257 3681 5324 observaverint,
3724 5257 3818 5312 ni-

2183 5352 2396 5406 mirum
2436 5368 2566 5406 cum
2605 5351 2727 5421 ejus
2760 5351 2976 5422 negotii
3017 5349 3312 5421 diligentia
3349 5337 3671 5405 necessario
3709 5351 3818 5423 ipsi

2181 5445 2349 5500 etiam
2370 5443 2648 5515 majestati
2663 5444 3046 5515 imperatoriae
3062 5443 3370 5500 incumbat.
3395 5443 3454 5499 Si
3474 5444 3632 5498 enim
3657 5445 3820 5516 puris

2180 5538 2260 5594 illi
2279 5538 2559 5610 nudisque
2579 5537 2844 5592 manibus
2866 5553 2966 5610 pro
2986 5537 3274 5608 republica
3294 5553 3487 5608 preces
3515 5538 3633 5592 Deo
3645 5537 3816 5593 obtu-

2181 5632 2372 5699 lerint,
2394 5631 2756 5686 manifestum
2780 5647 2912 5685 sane
2940 5631 3090 5703 quod
3109 5635 3165 5686 et
3181 5648 3269 5686 res
3294 5631 3552 5686 militaris
3575 5631 3816 5703 pulchre

2180 5738 2240 5776 se
2262 5720 2513 5786 habebit,
2549 5725 2606 5775 et
2625 5720 2872 5775 civitates
2893 5720 2950 5775 in
2980 5721 3130 5776 bono
3150 5723 3299 5776 statu
3319 5725 3506 5776 erunt.
3529 5721 3642 5775 Deo
3673 5721 3815 5776 item

2179 5813 2426 5888 propitio
2451 5831 2515 5871 ac
2536 5814 2812 5872 benevolo
2829 5814 3152 5886 constituto,
3181 5813 3465 5888 quomodo
3481 5830 3598 5872 non
3615 5815 3818 5872 omnia
