4076 6186
258 309 397 369 1049

248 513 428 568 Terra
470 530 701 586 quoque
728 515 894 570 nobis
914 515 1162 572 fructum
1186 519 1353 585 feret,
1382 522 1442 572 et
1469 519 1710 574 celerius
1729 520 1884 576 bona

249 623 356 660 sua
381 607 533 673 edet,
555 624 661 680 per
695 609 796 664 Dei
835 609 1304 666 benevolentiam
1348 612 1613 683 precibus
1647 613 1880 668 illorum

248 699 577 755 universam
607 702 1021 772 rempublicam
1045 703 1106 758 in
1128 721 1306 759 unum
1327 705 1745 775 colligentibus.
1772 706 1882 762 Sed

249 797 307 847 et
327 793 650 848 communis
663 795 964 850 hominum
985 797 1172 868 ﬁgura
1186 799 1573 853 venerabilior
1590 799 1717 866 erit,
1731 816 1882 871 qum-

245 889 496 956 rentque
527 887 683 958 quod
707 890 1070 959 praestantius
1090 893 1194 960 est,
1224 891 1455 946 illorum
1470 893 1778 963 puritatem
1797 910 1882 948 re-

245 978 434 1034 veriti.
464 980 625 1034 Unde
649 998 764 1036 una
791 982 890 1036 ﬁet
915 984 1282 1055 conspiratio,
1311 985 1580 1040 omnibus
1611 986 1780 1041 simul
1806 987 1881 1042 ad

244 1072 359 1127 hoc
387 1075 878 1143 concurrentibus,
903 1079 960 1130 et
985 1076 1193 1148 (quoad
1223 1077 1346 1133 ﬁeri
1374 1079 1582 1150 potest)
1605 1080 1876 1135 extermi-

243 1169 386 1220 nata
407 1167 566 1221 omni
585 1168 801 1223 malitia
816 1170 1151 1226 melioribus
1169 1171 1664 1245 sanctioribusque
1680 1175 1880 1230 studiis

245 1259 608 1326 introductis,
631 1265 689 1315 et
705 1261 1045 1333 dignitatem
1066 1265 1432 1320 habentibus.
1454 1265 1619 1330 Quod
1643 1267 1878 1338 quidem

243 1368 376 1407 cum
398 1352 811 1422 desideremus,
826 1355 1046 1412 bonum
1068 1357 1220 1412 haud
1239 1358 1409 1413 dubie
1425 1375 1588 1430 opus,
1607 1361 1880 1431 quemad-

243 1445 490 1500 modum
522 1463 856 1518 persuasum
886 1450 1187 1518 habemus,
1211 1452 1557 1523 perﬁcimus.
1581 1454 1874 1525 llludqno-

245 1555 358 1610 que
381 1539 649 1594 omnibus
669 1541 956 1596 observari
981 1543 1167 1598 modis
1182 1545 1464 1612 volumus,
1489 1549 1548 1598 ut
1567 1546 1612 1600 si
1643 1546 1770 1616 quis
1794 1564 1877 1600 re-

244 1632 794 1689 verendissimorum
818 1635 1239 1692 monachorum
1284 1637 1342 1692 in
1385 1655 1646 1710 caupona
1686 1639 1877 1711 aliqua

243 1725 518 1781 diversari
544 1727 823 1795 videatur,
854 1729 1002 1784 illico
1025 1729 1072 1810 is
1091 1731 1353 1786 tradatur
1367 1731 1659 1786 civitatum
1682 1733 1877 1788 defen-

1107 273 1834 377 msmnufuoveum
1870 288 2203 378 samem
2243 320 2550 379 novena
2586 309 2802 377 cxuv.

250 417 314 473 in
335 435 562 501 sqmma
575 436 713 492 pace
727 421 784 477 et
793 426 950 478 recta
962 422 1158 494 legum
1169 423 1566 480 moderatione
1587 424 1890 497 vigebunt?
1911 437 1970 511 Α

3477 313 3613 376 1030

2513 427 2831 484 NOVELLA
2867 425 3076 481 CXLIV.

2559 524 2634 578 De
2657 521 3031 576 samaritanis.

2053 617 2124 671 Ut
2141 614 2380 686 impiam
2400 613 2900 670 Samaritanorum
2914 612 3182 668 haeresim
3199 616 3257 668 et
3267 612 3425 669 omni
3443 613 3612 669 ratio-

1983 726 2056 764 ne
2087 712 2378 764 carentem
2399 707 2610 762 horum
2629 706 2924 762 vesaniam
2957 706 3031 761 ad
3053 705 3352 761 meliorem
3383 707 3610 778 frugem

1980 801 2443 872 perduceremus,
2467 816 2657 870 neque
2675 815 2792 854 non
2816 799 3066 870 ipsorum
3085 798 3306 853 animas
3323 815 3437 869 quo
3472 799 3614 854 deti-

1982 897 2194 948 nentur
2203 893 2407 948 morbo
2423 893 2816 960 liberaremus,
2830 908 3227 963 saepenumero
3245 896 3364 946 tam
3381 892 3619 962 pientis-

1979 987 2158 1042 simus
2177 986 2440 1058 princeps
2453 988 2614 1057 pater
2633 990 2828 1040 noster
2846 1001 3020 1058 quam
3051 985 3224 1039 etiam
3238 1001 3343 1040 nos
3363 983 3473 1056 ipsi
3491 988 3608 1040 stu-

1981 1079 2075 1135 dio
2088 1079 2414 1135 habuimus.
2430 1079 2543 1134 Sed
2561 1079 2618 1133 in
2641 1079 2929 1150 plerisque
2950 1079 3159 1133 horum
3179 1095 3293 1132 non
3317 1079 3610 1150 potuimus

1977 1173 2037 1228 id
2057 1173 2118 1227 in
2138 1173 2289 1244 quod
2308 1173 2483 1244 longo
2495 1172 2684 1228 studio
2714 1171 3080 1227 incubuimus
3106 1171 3328 1227 effectui
3354 1172 3606 1227 tradere.

1979 1267 2291 1321 Evaserant
2305 1266 2462 1320 enim
2477 1266 2535 1319 in
2547 1269 2770 1320 tantam
2791 1265 3054 1320 nonnulli
3066 1281 3269 1320 eorum
3295 1265 3606 1333 vesaniam,

1979 1365 2042 1414 ut
2071 1359 2161 1414 vel
2191 1359 2427 1414 salutari
2452 1359 2737 1429 baptismo
2773 1358 3010 1429 dignati,
3053 1358 3242 1413 denuo
3287 1359 3361 1412 ad
3390 1359 3448 1414 id
3471 1359 3611 1414 mali

1979 1452 2130 1508 unde
2153 1451 2836 1516 discesserantredierint,
2862 1457 2918 1504 et
2937 1451 3284 1506 eademcum
3304 1452 3610 1508 Samarita-

1977 1545 2066 1600 nis
2085 1546 2296 1601 habere
2325 1545 2384 1600 in
2409 1544 2610 1616 pretio,
2642 1543 2846 1599 eodem
2867 1561 2997 1598 cum
3023 1543 3162 1615 ipsis
3182 1544 3386 1614 agitari
3412 1546 3607 1600 furore

1976 1639 2404 1710 dignoscantur.
2439 1639 2785 1693 Praeclarum
2805 1637 2980 1706 igitur
2999 1637 3165 1692 nobis
3195 1637 3376 1692 visum
3404 1643 3490 1691 est
3520 1655 3608 1692 ve-
3660 1627 3668 1634 ’

1975 1738 2158 1787 terem
2189 1733 2343 1786 illam
2362 1735 2420 1786 et
2441 1731 2596 1802 prius
2633 1735 2830 1785 contra
2867 1731 3019 1802 ipsos
3048 1731 3402 1801 propositam
3433 1732 3608 1802 patris

241 1818 485 1886 sorihus,
519 1825 618 1874 aut
637 1820 730 1876 hic
752 1821 968 1892 judicio
998 1806 1344 1878 excellentia:
1374 1829 1506 1893 tum,
1537 1826 1872 1897 castigetur-
1895 1806 1952 1877 Β
1977 1825 2156 1880 nostri
2176 1825 2365 1895 legem
2385 1841 2682 1880 renovare.
2702 1828 2778 1878 Ac
2797 1827 3106 1895 propterea
3117 1824 3401 1878 sancimus
3420 1831 3481 1879 ut
3501 1825 3609 1895 ipsi

243 1928 357 1982 que
378 1912 690 1980 convictus,
708 1915 1032 1986 certiorque
1054 1933 1122 1971 ea
1143 1917 1214 1972 de
1240 1935 1300 1972 re
1324 1917 1598 1972 reddatur
1616 1919 1870 1986 antistes,

243 2009 308 2059 ut
345 2021 478 2060 eum
513 2007 612 2076 qui
643 2007 764 2063 haec
795 2007 1054 2079 deliquit,
1083 2015 1142 2064 et
1169 2013 1392 2081 turpem
1421 2011 1594 2066 vitam
1625 2028 1754 2066 cum
1777 2029 1874 2067 an-

243 2099 429 2169 gelico
467 2099 577 2154 hoc
622 2104 770 2155 statu
807 2102 1172 2171 permutavit,
1215 2104 1460 2174 expellat
1495 2105 1869 2160 monasterio.

239 2193 471 2247 Duabus
499 2193 656 2248 enim
676 2194 1036 2264 potissimum
1069 2194 1126 2249 in
1147 2197 1319 2250 rebus
1356 2213 1588 2268 operam
1643 2203 1703 2254 et
1739 2199 1868 2254 dili-

240 2285 497 2355 gentiam
530 2303 813 2356 reponere
831 2291 1062 2358 oportet
1091 2289 1425 2357 monachos,
1457 2296 1519 2345 ut
1565 2295 1666 2345 aut
1702 2293 1874 2346 sacris

239 2381 442 2432 vacent
468 2379 792 2450 Scripturis,
812 2387 910 2436 aut
931 2398 1076 2453 quas
1101 2382 1430 2438 manuarias
1449 2399 1653 2439 vocare
1688 2386 1875 2441 solent

241 2476 394 2526 artes
413 2473 726 2528 monachos
755 2473 1024 2530 decentes
1061 2475 1413 2531 meditentur
1435 2482 1869 2549 exerceantque.

240 2564 540 2635 Siquidem
554 2581 716 2620 mens
733 2565 901 2622 inerti
915 2567 1032 2622 otio
1044 2568 1238 2624 dedita
1249 2569 1402 2626 haud
1415 2587 1553 2624 sane
1570 2571 1871 2642 quidquim

239 2658 521 2714 bonorum
546 2659 852 2730 pepererit.
869 2663 1054 2732 Atque
1076 2661 1223 2716 hanc
1245 2663 1433 2732 legem
1453 2663 1524 2717 de
1543 2664 1629 2718 his
1657 2681 1869 2736 propo-

238 2751 450 2816 nimus,
483 2754 600 2806 tam
626 2751 686 2806 in
701 2753 802 2806 hac
819 2753 971 2824 regia
996 2755 1304 2809 valituram
1324 2755 1463 2810 urbe
1479 2772 1650 2826 quam
1671 2757 1729 2811 in
1753 2773 1874 2812 om-

240 2843 410 2899 nibus
424 2845 712 2915 gentibus.
733 2847 878 2901 Nam
902 2850 960 2901 et
979 2847 1052 2902 ad
1076 2865 1548 2920 unumquemque
1570 2850 1874 2922 religiosis-

239 2938 448 2992 simum
486 2938 872 3008 patriarcham
900 2957 1004 3011 pro
1053 2941 1273 3012 majore
1313 2943 1535 2997 cautela
1571 2947 1626 2998 et
1647 2961 1873 3016 compe-

239 3034 398 3086 tente
423 3032 678 3087 custodia
695 3049 822 3087 eam
848 3034 1320 3090 transmittemus.
1341 3035 1552 3090 [livere
1569 3036 1642 3091 ad
1669 3041 1872 3092 metro-

235 3124 522 3196 politanos
537 3125 641 3180 sub
653 3125 790 3197 ipsis
802 3127 1138 3182 constitutos
1149 3145 1280 3183 eam
1293 3129 1668 3185 emittentJlli
1679 3135 1871 3186 autem

237 3217 512 3272 omnibus
524 3219 652 3274 aliis
665 3219 1068 3290 impertientur
1087 3221 1451 3294 episc0pis,et
1463 3239 1568 3294 per
1577 3225 1871 3296 episcopos

235 3311 361 3366 haec
375 3312 864 3367 reverendissimis
879 3315 1176 3369 monachis
1189 3332 1508 3386 eorumque
1523 3316 1872 3372 antistitibus

235 3404 546 3459 manifesta
575 3406 694 3460 ﬁet.
720 3408 898 3461 Porro
926 3407 1095 3478 hujus
1115 3409 1196 3462 rei
1230 3408 1682 3463 observationem
1711 3427 1868 3465 com-

235 3497 520 3552 mittimus
546 3515 663 3554 non
683 3502 906 3554 tantum
950 3501 1224 3572 cujusque
1261 3501 1578 3556 mansionis
1609 3503 1872 3558 solitaria

234 3591 484 3662 praesuli,
512 3609 700 3662 neque
723 3593 908 3647 solum
934 3593 1032 3647 Dei
1053 3594 1464 3648 amantissimis
1479 3595 1737 3650 locorum
1758 3596 1872 3666 epi-

233 3684 442 3755 scopis,
457 3688 555 3738 aut
571 3685 1014 3756 religiosissimis
1029 3687 1502 3758 metropolitanis,
1525 3693 1625 3742 aut
1641 3689 1872 3743 sanctis-

235 3777 395 3832 simis
415 3777 774 3848 patriarchis,
798 3779 898 3834 sed
918 3783 976 3834 et
1015 3780 1104 3834 hic
1132 3780 1366 3851 quidem
1401 3781 1706 3852 praal‘ectis,
1735 3787 1800 3836 ut
1824 3781 1869 3836 si

232 3885 329 3926 res
357 3870 792 3927 vehementiore
839 3871 1031 3944 aliqua
1061 3873 1557 3929 animadversione
1589 3873 1866 3946 indigeat,

233 3962 307 4018 de
337 3963 446 4019 hoc
468 3980 503 4018 a
520 3964 623 4019 Dei
645 3965 1054 4020 amantissimis
1085 3965 1218 4020 viris
1242 3966 1448 4033 edocti,
1476 3967 1533 4022 id
1554 3983 1866 4038 exsequan-

239 4061 372 4111 tur:
399 4056 459 4111 in
475 4057 785 4129 provinciis
809 4076 945 4114 vero
967 4059 1197 4114 illarum
1217 4059 1574 4131 praesidibus,
1599 4064 1868 4116 attamen

235 4149 378 4220 quid
407 4150 554 4206 facto
584 4167 728 4222 opus
754 4152 844 4218 sit,
872 4151 1030 4223 prius
1065 4169 1100 4206 a
1125 4152 1226 4207 Dei
1247 4152 1657 4208 amantissimis
1675 4154 1864 4225 perdi-

234 4248 399 4298 scant
417 4243 714 4315 episcopis.
738 4247 805 4300 Et
825 4262 1057 4316 prorsus
1079 4249 1196 4301 tam
1215 4263 1320 4318 per
1335 4250 1584 4302 sacratas
1595 4253 1870 4319 personas

236 4353 412 4408 quam
438 4337 802 4408 magistratus
839 4355 907 4393 ea
933 4355 1061 4410 qua;
1091 4340 1269 4394 Deum
1299 4344 1654 4394 concernunt
1677 4340 1867 4395 incor-

235 4433 407 4500 rupta
431 4429 702 4497 existant;
729 4433 789 4486 et
811 4447 926 4502 pra:
953 4433 1174 4486 caeteris
1197 4432 1463 4486 omnibus
1489 4449 1592 4503 per
1612 4433 1872 4502 majesta-

1974 1935 2162 1989 neque
2185 1935 2250 1972 ex
2271 1917 2603 1972 testamenti
2631 1917 2858 1984 tabulis,
2892 1933 3082 1988 neque
3105 1917 3322 1990 absque
3339 1917 3409 1971 iis
3422 1918 3606 1972 haere-

1974 2013 2075 2066 des
2094 2012 2254 2076 tiant,
2279 2012 2534 2080 legatave
2555 2009 2802 2082 capiant,
2823 2014 2923 2065 aut
2942 2009 3268 2065 donationis
3288 2011 3452 2065 titulo
3481 2027 3604 2066 rem

1973 2105 2229 2176 aliquam
2247 2103 2673 2160 nanciscantur.
2695 2103 2807 2159 Sed
2834 2120 3020 2174 neque
3049 2103 3417 2170 Samaritani,
3435 2105 3608 2160 autin

1975 2197 2296 2254 universum
2327 2197 2599 2264 haeretici,
2623 2197 2789 2268 quive
2820 2201 3036 2251 rectam
3064 2213 3122 2250 se
3149 2197 3605 2252 Christianorum

1973 2292 2147 2346 ﬁdem
2169 2291 2440 2362 amplecti
2466 2290 2762 2357 simulant,
2789 2307 2922 2346 cum
2941 2307 3136 2345 revera
3161 2306 3350 2362 neque
3377 2291 3457 2345 ita
3479 2307 3606 2345 sen-

1973 2385 2140 2451 tiant,
2167 2401 2354 2455 neque
2383 2383 2515 2438 huic
2533 2386 2921 2438 consentanea
2950 2383 3178 2451 faciant,
3208 2383 3281 2438 ad
3312 2383 3608 2438 haeredita-

1973 2482 2090 2532 tem
2109 2477 2180 2532 ab
2203 2476 2472 2531 intestato
2495 2476 2696 2542 vocati,
2727 2475 3146 2531 successionem
3169 2475 3439 2531 habeant.
3467 2477 3606 2532 Item

1973 2587 2159 2641 neque
2197 2573 2540 2624 testamenta
2579 2569 2960 2632 conscribant,
2994 2585 3184 2640 neque
3211 2568 3403 2639 legata
3436 2570 3607 2624 relin-

1973 2667 2174 2734 quant,
2196 2665 2296 2717 aut
2315 2662 2554 2728 donent,
2579 2661 2684 2716 nisi
2715 2662 2814 2732 qui
2836 2679 2906 2716 ea
2925 2661 3248 2733 percepturi
3273 2665 3424 2727 sunt,
3448 2665 3508 2716 et
3520 2678 3611 2716 re-

1971 2760 2059 2810 cte
2091 2755 2162 2810 de
2195 2757 2308 2810 ﬁde
2341 2755 2612 2823 sentiant,
2645 2758 2702 2810 et
2722 2754 2924 2809 ﬁdeles
2954 2755 3367 2825 sintoperibus.
3397 2755 3540 2809 Nam
3559 2753 3608 2808 si

1971 2865 2146 2904 nemo
2186 2849 2391 2904 horum
2417 2849 2508 2913 sit,
2528 2847 2806 2918 jubemns
2833 2852 2895 2902 ut
2920 2853 3045 2918 post
3073 2847 3328 2918 ipsorum
3358 2852 3606 2902 mortem

1971 2943 2177 2996 horum
2199 2942 2354 2997 bona
2383 2941 2456 2996 ad
2486 2940 2936 2997 sacratissimum
2956 2940 3282 3011 pertineant
3313 2939 3603 2994 aerarium.

1971 3035 2131 3090 Unde
2177 3039 2235 3089 et
2271 3052 2428 3090 sacra
2468 3035 2566 3089 illa
2591 3035 2804 3101 forma,
2837 3049 2940 3104 per
2960 3033 3384 3104 indulgentiam
3409 3032 3547 3104 ipsis
3574 3050 3609 3088 a

1974 3131 2136 3198 patre
2169 3132 2365 3183 nostro
2403 3143 2688 3193 concessa,
2740 3143 2888 3196 quae,
2928 3125 3072 3196 legis
3109 3127 3294 3181 vicem
3321 3125 3606 3194 obtinens,

1971 3221 2213 3291 largitur
2237 3221 2394 3292 ipsis,
2416 3223 2478 3274 ut
2505 3218 2902 3274 haereditatem
2931 3218 3147 3290 pariter
3167 3219 3323 3274 adire
3351 3224 3410 3273 et
3429 3223 3612 3274 trans-

1970 3313 2219 3380 mittere,
2262 3313 2399 3368 item
2439 3313 2641 3382 legatis
2673 3312 2948 3366 honorari
2977 3316 3037 3366 et
3057 3312 3250 3380 legata
3281 3311 3608 3382 relinquere

1973 3406 2208 3476 possint,
2242 3409 2299 3459 in
2336 3407 2628 3476 posterum
2662 3404 2904 3469 vacabit,
2929 3420 3117 3473 neque
3155 3420 3389 3474 prorsus
3431 3404 3607 3459 ullam

1970 3498 2304 3552 ﬁrmitatem
2331 3497 2580 3551 habebit.
2603 3498 2743 3550 Nam
2774 3496 2818 3549 si
2847 3496 3016 3565 hujus
3041 3513 3101 3549 se
3131 3495 3435 3549 clementia
3456 3495 3605 3550 indi-

1971 3607 2117 3661 gnos
2137 3607 2258 3645 esse
2283 3589 2681 3662 perhibuerint
2699 3589 2796 3660 qui
2815 3588 3300 3645 Samaritanorum
3316 3588 3609 3658 agitantur

1969 3684 2219 3750 vesania,
2248 3683 2544 3738 neminem
2573 3682 2752 3736 alium
2785 3699 2954 3752 quam
2980 3682 3196 3752 seipsos
3233 3682 3603 3747 accusabunt,

1970 3793 2100 3830 cum
2118 3794 2152 3832 a
2169 3776 2526 3846 benignitate
2543 3775 2642 3830 Dei
2660 3779 2718 3831 et
2730 3773 3048 3830 Servatoris
3063 3775 3276 3830 nostriJ
3285 3791 3383 3828 esu
3399 3773 3607 3830 Christi

1970 3869 2144 3924 alieni
2173 3869 2303 3924 sint.
2335 3868 2724 3924 Liberalitates
2746 3871 2941 3923 autem
2969 3867 3042 3922 ab
3066 3867 3444 3938 imperatoria
3469 3867 3609 3924 olim

1967 3963 2271 4034 majestate
2290 3961 2425 4033 ipsis
2437 3978 2742 4017 concessas
2758 3961 3033 4016 amittunt
3060 3960 3121 4016 in
3150 3961 3280 4028 hoc,
3305 3965 3366 4016 ut
3393 3961 3467 4016 ad
3491 3977 3609 4016 me-

1968 4056 2172 4112 liorem
2185 4061 2438 4112 mentem
2461 4055 2724 4123 redeant,
2738 4071 2858 4110 non
2880 4060 2942 4110 ut
2957 4058 3236 4126 perpetuo
3256 4055 3316 4109 in
3337 4071 3609 4126 perversa

1968 4149 2076 4204 hac
2119 4149 2389 4221 Opinione
2435 4166 2536 4203 sua
2576 4153 2976 4219 permaneant.
3001 4146 3321 4218 Excipimus
3348 4150 3540 4201 autem
3571 4163 3606 4202 a

1967 4247 2251 4314 praesente
2264 4243 2392 4312 lege
2417 4242 2674 4307 rusticos,
2699 4241 2796 4311 qui
2815 4239 3310 4295 Samaritanorum
3325 4237 3607 4310 Opinioni-

1968 4336 2075 4390 bus
2093 4337 2376 4391 honorem
2391 4335 2640 4400 habent;
2665 4333 2839 4404 idque
2860 4349 2974 4387 non
2995 4331 3252 4402 ipsorum
3274 4331 3476 4403 gratia,
3501 4331 3605 4386 sed

1968 4431 2204 4498 propter
2239 4425 2707 4481 constitutionem
2737 4423 3088 4496 praediorum
3109 4439 3238 4494 quae
3263 4423 3336 4478 ab
3360 4423 3497 4493 ipsis
3515 4441 3606 4479 co-

235 4527 356 4577 tem
413 4523 872 4595 imperatoriam,
943 4528 1142 4596 utpote
1185 4541 1317 4580 cum
1361 4525 1503 4580 nihil
1545 4524 1866 4579 divinarum
1884 4531 1945 4604 D
1965 4522 2181 4584 lantur,
2209 4524 2555 4590 propterque
2575 4517 2794 4572 reditus
2817 4520 2877 4572 et
2897 4517 3106 4571 tributa
3130 4533 3261 4588 qua:
3287 4517 3496 4572 exinde
3522 4515 3608 4570 in-

233 4632 450 4683 rerum,
481 4621 539 4672 et
575 4633 703 4688 qua:
733 4618 1017 4672 costodire
1046 4618 1267 4688 justum
1297 4622 1400 4685 est,
1433 4635 1467 4672 a
1495 4618 1660 4673 nobis
1691 4619 1871 4690 negli-

233 4712 425 4780 gatur,
471 4709 572 4764 sed
599 4725 703 4782 per
731 4711 932 4766 omnia
961 4711 1291 4766 studeamus
1316 4716 1379 4766 ut
1405 4711 1731 4766 communis
1755 4712 1864 4766 rei-

231 4801 474 4872 publicae
505 4806 685 4858 status
701 4821 766 4858 ex
787 4803 982 4875 magni
1003 4804 1102 4858 Dei
1125 4807 1183 4858 et
1203 4804 1519 4860 Servatoris
1541 4804 1720 4860 nostri
1735 4807 1867 4860 Jesu

228 4893 438 4952 Christi
465 4911 605 4966 erga
623 4896 890 4952 homines
911 4913 1108 4952 amore
1129 4898 1378 4952 fructum
1404 4898 1630 4952 auferat
1661 4915 1764 4969 per
1783 4915 1869 4952 re-

227 4987 774 5044 verendissimorum
805 4989 1055 5045 virorum
1088 4989 1435 5062 puritatem:
1479 5008 1654 5062 quam
1675 4995 1863 5046 custo-

229 5080 390 5136 dicnt
417 5086 476 5136 et
499 5083 709 5147 clerici,
742 5085 802 5138 et
827 5083 1112 5150 monachi,
1142 5088 1200 5139 et
1229 5084 1503 5154 episcopi,
1531 5089 1646 5138 tam
1680 5085 1862 5156 majo-

228 5190 320 5228 res
333 5190 507 5245 quam
522 5175 800 5245 minores,
819 5181 944 5231 tum
965 5193 1257 5232 sacrorum
1275 5193 1565 5232 memores
1578 5193 1864 5232 canonum

227 5270 355 5321 tum
378 5273 702 5322 nostrarum
723 5269 918 5338 legum
940 5274 1000 5324 et
1023 5269 1496 5325 constitutionum
1517 5269 1589 5324 de
1611 5270 1720 5324 hoc
1735 5287 1866 5324 con-

224 5361 592 5431 scriptarum,
627 5377 770 5434 quas
789 5367 845 5418 et
864 5364 1050 5418 valere
1081 5368 1139 5418 et
1168 5367 1321 5419 ratas
1341 5379 1464 5417 esse
1492 5379 1595 5434 per
1614 5379 1859 5434 praesen-

221 5457 345 5508 tem
372 5470 599 5526 quoque
626 5456 815 5526 legem
847 5455 1152 5511 sancimus.
1187 5456 1327 5520 Qum
1348 5455 1523 5527 igitur
1552 5456 1718 5512 nobis
1738 5456 1856 5528 pla-

221 5550 488 5615 cuerunt,
518 5553 576 5604 et
603 5565 710 5620 per
737 5549 884 5604 hanc
912 5565 1133 5606 sacram
1158 5549 1522 5604 declarantur
1549 5549 1762 5619 legem,
1794 5566 1861 5604 ea

221 5656 576 5710 cognoscens
593 5641 903 5712 gloriatua,
921 5641 1149 5697 effectui
1163 5647 1220 5697 et
1242 5641 1338 5696 ﬁni
1368 5641 1593 5696 tradere
1611 5641 1856 5698 studeto.

221 5733 465 5790 Dat.xvn
489 5735 718 5790 Krlend.
753 5735 946 5806 Apr-it,
975 5736 1291 5800 Constant.,
1320 5735 1532 5788 Arione
1558 5751 1670 5790 v.c.
1697 5753 1854 5790 cons.

1971 4613 2241 4668 feruntur
2270 4611 2520 4683 publico,
2550 4615 2617 4666 ut
2641 4611 2740 4682 qui
2766 4610 3085 4665 rusticitate
3111 4609 3476 4666 seducantur.
3509 4611 3605 4665 His

1969 4707 2180 4762 etenim
2195 4705 2576 4776 permittimus
2590 4709 2651 4758 ut
2663 4708 2782 4758 tam
2801 4703 3180 4759 ascendentes
3193 4703 3606 4774 quamdescen-

1968 4801 2189 4866 dentes,
2223 4803 2281 4853 et
2306 4816 2372 4853 ex
2397 4804 2722 4853 transverso
2754 4801 3030 4869 cognatos
3069 4813 3200 4852 suos
3233 4797 3493 4852 heredes
3518 4797 3600 4852 le-

1965 4893 2287 4964 gatariosve
2317 4891 2587 4958 scribant,
2619 4891 2849 4946 tametsi
2883 4889 3382 4946 Samaritanorum
3406 4906 3602 4946 errore

1965 4986 2350 5052 detineantur,
2383 4990 2443 5039 ut
2469 4989 2663 5040 tamen
2693 4984 2902 5039 fundos
2927 4988 3078 5039 recte
3093 4982 3305 5050 colant,
3340 4999 3456 5054 quo
3481 5000 3607 5039 ma-

1967 5080 2056 5150 gis
2085 5083 2145 5133 et
2166 5079 2391 5134 uberior
2413 5078 2620 5134 exinde
2639 5081 2946 5148 proventus
2962 5076 3034 5131 ad
3052 5075 3404 5148 praediorum
3418 5076 3603 5132 domi-

1966 5190 2068 5227 nos
2097 5173 2411 5242 deferatur,
2442 5176 2498 5226 et
2535 5188 2637 5242 per
2667 5171 2818 5241 ipsos
2847 5170 2921 5224 ad
2955 5171 3172 5224 ﬁscum.
3213 5170 3327 5226 Sed
3380 5174 3440 5226 et
3482 5172 3604 5228 sine

1963 5265 2324 5321 testamentis
2353 5264 2610 5337 praadicti
2635 5265 2780 5318 alter
2822 5263 2896 5317 ad
2943 5263 3178 5319 alterius
3203 5264 3603 5321 haereditatem

1961 5359 2301 5430 pervenient
2319 5363 2551 5430 propter
2570 5357 2838 5412 eamdem
2855 5373 3104 5412 causam.
3125 5357 3599 5428 Quandoquidem

1962 5457 2020 5507 et
2039 5453 2086 5506 si
2113 5467 2287 5507 nemo
2305 5452 2510 5506 horum
2527 5450 2875 5515 inveniatur,
2899 5450 3272 5506 nihilominus
3289 5456 3481 5504 tamen
3499 5465 3599 5503 vo-

1959 5547 2152 5601 lumus
2181 5550 2242 5600 ut
2271 5543 2472 5616 prtedii
2501 5543 2768 5598 dominus
2811 5544 2868 5598 in
2898 5561 3010 5615 quo
3031 5544 3275 5599 rusticus
3300 5543 3602 5597 defunctus

1961 5644 2047 5694 est
2075 5640 2148 5693 ab
2176 5639 2271 5694 illo
2297 5637 2492 5692 relicta
2517 5637 2724 5709 capiat,
2744 5643 2802 5693 et
2827 5638 2942 5692 ﬁsci
2968 5640 3152 5693 locum
3177 5639 3381 5702 teneat,
3398 5638 3599 5704 utpote

1960 5733 2142 5803 quiet
2176 5749 2278 5804 pro
2306 5732 2400 5785 illo
2439 5732 2677 5802 publicis
2725 5731 2994 5786 satisfacit
3033 5729 3274 5784 tributis.
3316 5729 3600 5784 Praalerea

1958 5827 2381 5884 Samaritanum
2398 5826 2636 5882 omnino
2657 5841 2844 5898 neque
2875 5823 3138 5880 militiam
3158 5838 3449 5896 capessere
3464 5835 3599 5880 con-
