4076 6186
497 295 622 357 ίῦὕι

1635 302 1886 360 8.Ἐ(ἶ[ἰ1
1925 301 2115 359 SEXTI
2153 302 2232 357 δυ
2241 301 2706 361 l’l’LEMENTL'M.

3711 295 3846 357 1032

493 408 772 478 cedimus,
809 426 994 483 neque
1037 409 1110 467 ad
1134 408 1358 468 civilem
1385 412 1933 469 administrationem
1961 429 2114 468 acce—
2133 422 2194 496 Α
2213 411 2442 468 licentia
2467 413 2541 467 sit
2567 413 2626 468 in
2648 429 2850 468 eorum
2876 410 3187 484 synagogis
3205 413 3400 468 Greca
3423 407 3602 466 etiam
3620 408 3847 481 lingua,

493 501 650 570 dere,
683 521 869 576 neque
897 506 1182 576 postulare
1201 505 1260 560 in
1276 507 1512 577 judicio,
1545 524 1730 580 neque
1743 512 2033 579 postremo
2053 507 2112 561 in

489 599 839 654 consortium
856 598 1360 656 disertissimorum
1376 601 1591 656 assumi
1603 603 2112 672 rhetorum,neque

491 690 884 746 adolescentes
910 692 1229 749 instituere.
1264 695 1376 750 Sed
1405 699 1462 750 et
1479 696 1526 750 si
1556 696 1654 768 qui
1678 713 1744 750 ex
1777 697 1844 752 iis
1877 695 2112 752 salutari

489 782 710 854 dignati
735 785 1040 856 baptismo,
1067 787 1139 842 ad
1174 789 1473 859 pristinum
1505 789 1697 845 denuo
1728 808 1982 846 errorem
2017 808 2109 846 re-

486 876 652 944 versi,
668 877 970 934 observare
982 880 1216 936 sabbata
1229 887 1328 937 aut
1341 884 1509 938 etiam
1533 884 1640 938 alia
1657 885 1920 955 qumdam
1939 902 2110 956 agere

485 968 807 1038 videantur,
849 989 978 1043 qum
1008 980 1324 1046 coarguant
1347 993 1450 1047 per
1485 977 1908 1032 simulationem
1961 979 2112 1050 ipsos

483 1067 742 1120 sanctum
779 1065 1067 1137 baptisma
1099 1069 1490 1141 assumpsisse,
1522 1087 1620 1125 eos
1651 1072 1923 1142 proscribi
1948 1073 2112 1144 jube-

485 1171 634 1224 mus,
667 1158 800 1213 etin
818 1164 1160 1231 perpetuum
1177 1163 1329 1219 tradi
1350 1165 1628 1222 exsilium.
1653 1165 1859 1221 Iisdem
1881 1183 2110 1238 quoque

488 1250 671 1320 poenis
688 1269 784 1306 eos
814 1254 1128 1324 subdimus,
1154 1257 1250 1327 qui
1281 1261 1484 1316 contra
1507 1263 1726 1315 rectam
1756 1261 2108 1316 Christiano-

485 1359 616 1398 rum
654 1345 828 1401 ﬁdem
867 1347 1110 1419 impium
1141 1349 1263 1405 istis
1303 1352 1686 1422 patrocinium
1717 1354 2107 1424 praestiterint.

482 1437 896 1509 Perpulchrum
920 1458 1052 1496 vero
1079 1443 1244 1497 nobis
1270 1444 1492 1499 videtur
1512 1449 1574 1500 ut
1593 1446 1666 1500 ad
1693 1446 2112 1503 incontamina-

482 1535 608 1586 tum
629 1537 990 1588 accurrentes
1009 1535 1295 1607 baptisma
1329 1555 1444 1593 non
1470 1542 1688 1594 temere
1708 1540 2107 1612 suscipiantur,

485 1624 584 1678 sed
611 1641 742 1679 cum
775 1628 1026 1698 quadam
1050 1629 1442 1686 observatione
1470 1635 1529 1686 et
1556 1632 1952 1702 instructione,
1981 1652 2110 1707 qua

485 1716 820 1774 initiationis
836 1725 1096 1793 tempore
1116 1723 1240 1778 fieri
1269 1725 1430 1779 solet.
1447 1725 1694 1781 Dicimus
1718 1731 1914 1782 autem
1936 1728 2108 1799 utqui

487 1811 725 1866 omnino
756 1829 925 1867 sensu
950 1815 1144 1886 aliquo
1163 1817 1331 1872 boum
1359 1817 1635 1874 doctrinae
1661 1821 1824 1891 tangi
1845 1827 2105 1892 possunt,

487 1919 590 1974 per
617 1904 760 1960 duos
779 1907 1030 1976 primum
1057 1924 1240 1965 annos
1270 1910 1328 1964 in
1360 1911 1473 1966 ﬁde
1506 1912 1897 1980 instituantur,
1919 1918 1979 1969 et
2002 1931 2108 1986 pro

482 1996 695 2052 viribus
725 1999 1042 2071 Scripturas
1071 2002 1362 2073 ediscant;
1401 2008 1649 2076 tuncque
1688 2007 1923 2062 demum
1948 2025 2109 2064 sacro

484 2090 900 2163 redemptionis
920 2094 1239 2151 offerantur
1268 2097 1618 2170 baptismati,
1642 2103 1760 2154 tam
1781 2101 1940 2172 longi
1966 2105 2110 2156 tem-

486 2183 640 2254 poris
663 2187 999 2256 paenitentia
1028 2206 1260 2260 prorsus
1297 2192 1714 2264 redemptionis
1744 2195 1994 2250 fructum
2017 2212 2108 2250 as-

483 2278 681 2334 secuti.
725 2281 939 2336 Pueros
986 2287 1178 2338 autem
1223 2283 1558 2353 admodum,
1609 2287 1707 2358 qui
1753 2305 1858 2358 per
1881 2292 2110 2344 (etatem

485 2370 772 2427 doctrinas
815 2373 1134 2447 intelligere
1174 2383 1488 2449 nequeunt,
1533 2380 1710 2436 etiam
1746 2382 1962 2454 absque
2002 2382 2110 2438 hac

485 2463 882 2522 observatione
908 2485 1068 2524 sacro
1101 2469 1324 2540 dignari
1359 2473 1704 2543 baptismate
1730 2475 2106 2531 admittimus.

483 2557 659 2612 Porro
713 2561 901 2615 nullus
968 2562 1364 2618 Samaritanus
1427 2565 1815 2621 Christianum
1875 2569 2112 2625 habebit

484 2651 860 2724 mancipium,
888 2655 989 2710 sed
1011 2655 1177 2712 simul
1204 2661 1378 2729 atque
1419 2663 1681 2731 emptum
1725 2661 1916 2730 fuerit,
1972 2679 2107 2734 pro-

481 2743 638 2800 tinus
665 2745 723 2800 in
757 2747 1081 2804 libertatem
1113 2750 1392 2822 rapiatur.

555 2838 720 2902 Quod
750 2840 796 2895 si
818 2857 982 2913 asque
1008 2860 1278 2914 perversa
1323 2845 1595 2917 Opinione
1640 2846 2014 2918 mancipium,
2050 2854 2112 2904 ut

484 2931 603 3002 ipse
635 2932 923 3002 dominus,
955 2937 1146 3005 fuerit,
1176 2939 1394 2993 licitum
1415 2940 1466 2994 ei
1499 2943 1642 3005 esto,
1671 2941 1716 2995 si
1757 2940 2109 2997 Christiano-

483 3041 609 3078 rum
628 3026 700 3080 de
717 3026 830 3080 tlde
849 3029 1194 3085 sententiam
1217 3032 1589 3101 exosculetur,
1613 3033 1760 3089 illico
1781 3038 1838 3089 et
1853 3035 2111 3090 Romana

2213 505 2469 577 itemque
2495 507 2682 578 patria
2710 523 2776 563 ac
2794 507 2964 575 forte,
2986 523 3200 578 nempe
3227 506 3440 572 Italica,
3465 508 3566 560 aut
3580 517 3846 574 quacun-

2211 615 2325 670 que
2350 599 2461 654 alia
2481 617 2584 671 pro
2605 600 2716 656 loci
2730 600 2957 656 ratione
2977 604 3201 657 mutata
3221 601 3439 671 lingua,
3457 612 3652 652 sacros
3667 595 3849 650 libms

2211 691 2661 762 intelligentibus
2681 693 2903 764 legere:
2923 710 3037 765 quo
3055 693 3238 764 magis
3255 709 3360 764 per
3377 692 3634 762 ipsorum
3655 687 3850 744 lectio-

2212 802 2344 840 nem
2373 786 2825 857 intelligentibus
2844 790 2966 842 tota
2988 787 3270 842 dictorum
3291 785 3466 840 series
3486 783 3692 840 ordine
3717 798 3845 837 ma-

2212 879 2418 933 nifesta
2446 879 2536 946 sit,
2575 881 3005 952 secundumque
3033 897 3102 936 ea
3135 886 3194 935 et
3233 879 3407 934 vitam
3438 884 3496 932 et
3524 876 3718 934 studia
3743 891 3848 930 sua

2209 971 2542 1039 instituant;
2565 989 2753 1045 neque
2780 975 3021 1028 facultas
3045 973 3116 1029 sit
3145 974 3400 1045 ipsorum
3427 968 3847 1041 interpretibus

2211 1067 2309 1138 qui
2339 1069 2520 1122 solam
2553 1068 2884 1124 Hebraicam
2909 1072 3210 1124 assumunt
3233 1069 3490 1138 linguam
3527 1069 3589 1119 ut
3615 1081 3721 1118 suo
3751 1080 3844 1118 ar-

2207 1159 2420 1216 bitratu
2467 1162 2751 1218 malitiose
2789 1163 2940 1218 hanc
2984 1166 3253 1229 tractent,
3309 1162 3464 1234 vulgi
3506 1157 3848 1232 ignorantia

2209 1271 2373 1310 suam
2402 1258 2666 1327 tegentes
2691 1256 3144 1329 improbitatem.

2281 1349 2583 1405 Enimvero
2613 1351 2712 1422 qui
2741 1351 2937 1406 Graeca
2965 1351 3164 1421 lingua
3183 1351 3386 1422 legunt.
3412 1347 3846 1404 utenturinter-

2208 1443 2532 1514 pretatione
2547 1443 2938 1514 Septuaginta,
2954 1460 3083 1516 quas
3097 1443 3368 1499 omnibus
3387 1443 3642 1497 exactior
3661 1445 3770 1507 est,
3788 1445 3849 1499 et

2208 1539 2420 1608 praeter
2452 1542 2688 1592 caeteras
2720 1539 2900 1592 multa
2943 1537 3200 1593 continet
3238 1537 3480 1605 occulta,
3515 1537 3846 1607 praesertim

2209 1645 2343 1684 vero
2373 1633 2610 1701 propter
2635 1631 2694 1685 id
2715 1630 2870 1702 quod
2901 1630 2959 1686 in
2987 1629 3426 1702 interpretando
3442 1629 3670 1685 accidit.
3696 1630 3843 1684 Nam

2206 1738 2338 1777 cum
2362 1739 2594 1796 semper
2603 1723 2724 1779 bini
2744 1724 2985 1779 seorsim
2999 1725 3166 1806 poncl
3175 1723 3262 1779 usi
3283 1727 3490 1791 essent,
3521 1725 3582 1779 et,
3605 1723 3845 1778 diversis

2209 1817 2344 1872 locis
2367 1818 2896 1888 interpretarentur,
2918 1834 3096 1873 unam
3121 1823 3316 1872 tamen
3335 1832 3533 1872 omnes
3561 1817 3845 1888 composi-

2208 1913 2428 1968 tionem
2461 1911 2784 1966 ediderunt.
2816 1911 3039 1967 Ad-haec
3071 1911 3198 1982 quis
3213 1927 3332 1965 non
3352 1909 3494 1965 illud
3511 1910 3572 1964 in
3591 1909 3685 1964 his
3710 1909 3845 1964 viris

2208 2004 2539 2069 admiretur,
2561 2003 2714 2075 quod
2734 2020 2863 2059 cum
2880 2005 3056 2075 longo
3083 2008 3342 2074 tempore
3355 2003 3663 2058 salutarem
3677 2018 3848 2074 appa-

2209 2098 2476 2153 ritionem
2509 2097 2705 2168 magni
2738 2098 2840 2152 Dei
2862 2102 2919 2152 et
2937 2097 3251 2153 Servatoris
3271 2096 3446 2150 nostri
3474 2098 3610 2152 Jesu
3638 2095 3848 2150 Christi

2210 2191 2624 2263 praecesserint,
2639 2196 2836 2246 tamen
2849 2191 3004 2246 illam
3019 2191 3270 2246 futuram
3282 2189 3447 2262 quasi
3463 2189 3847 2260 praesentibus

2209 2265 2512 2340 cernentes
2529 2284 2724 2352 oculis,
2745 2283 3081 2355 prophetica
3099 2283 3521 2355 quodammodo
3548 2281 3740 2353 gratia
3771 2283 3850 2354 ip-

2209 2394 2298 2432 sos
2321 2377 2814 2448 circumfulgente,
2845 2393 3134 2432 sacrorum
3152 2376 3233 2431 illi
3255 2376 3532 2431 librorum
3562 2375 3850 2446 interpre-

2209 2471 2484 2526 tationem
2507 2470 3045 2526 accommodarunt?
3064 2473 3246 2541 Atque
3267 2470 3375 2525 hac
3389 2469 3623 2540 quidem
3641 2485 3846 2523 omnes

2209 2563 2492 2636 praecipue
2538 2566 2790 2618 utentur.
2817 2563 2897 2618 Ne
2925 2568 3118 2618 tamen
3147 2563 3206 2617 in
3237 2579 3364 2618 eam
3395 2561 3735 2634 opinionem
3763 2577 3850 2616 ve-

2211 2656 2388 2724 niant,
2421 2657 2584 2728 quasi
2617 2659 2849 2711 caeteras
2887 2655 3386 2728 interpretationes
3410 2655 3844 2723 excluserimns,

2209 2751 2412 2805 damus
2429 2750 2537 2804 illis
2551 2749 2838 2804 licentiam
2851 2752 2916 2804 ut
2932 2749 3106 2804 etiam
3127 2748 3602 2820 interpretatione
3622 2749 3843 2819 Aquila:

2209 2847 2464 2908 utantur,
2489 2843 2718 2898 tametsi
2751 2843 2864 2897 illas
2899 2842 3130 2898 divorsa:
3163 2841 3414 2896 nationis
3449 2841 3648 2908 fuerit,
3689 2845 3752 2895 et
3788 2841 3844 2896 in

2209 2936 2501 2992 nonnullis
2527 2936 2872 2991 dictionibus
2905 2952 3020 2990 non
3053 2935 3397 2990 mediocrem
3431 2951 3562 2989 cum
3601 2935 3842 3005 Septua-

2211 3031 2371 3102 ginta
2416 3030 2625 3085 habeat
2670 3028 3075 3084 differentiam.
3131 3028 3272 3094 Quae
3316 3043 3450 3082 vero
3501 3027 3840 3095 deuterosis,

485 3115 672 3187 ipsum
697 3118 960 3174 libertate
983 3122 1170 3191 potiri.
1195 3123 1332 3187 Quas
1360 3125 1534 3194 igitur
1558 3126 1722 3181 nobis
1745 3127 2105 3198 placuerunt,
2129 3147 2183 3221 Ο
2210 3140 2352 3195 quas
2391 3121 2730 3178 secundaria
2763 3121 2970 3176 tradito
3001 3122 3072 3176 ab
3101 3121 3239 3193 ipsis
3267 3120 3492 3188 dicitur,
3523 3122 3582 3175 in
3619 3122 3846 3175 univer-

483 3211 542 3262 et
570 3226 673 3280 per
697 3216 1040 3282 prmsentem
1067 3214 1658 3288 declarauturlegcm,
1683 3235 1751 3273 ea
1783 3236 2109 3291 proponens
2137 3211 2183 3221 ν
2208 3233 2331 3271 sum
2361 3215 2774 3282 interdicimus,
2797 3219 2860 3270 ut
2887 3231 3014 3287 qua!
3040 3215 3213 3270 sacris
3232 3215 3391 3269 libris
3421 3214 3844 3286 comprehensa

482 3302 665 3371 gloria
694 3307 792 3360 tua
823 3307 1176 3364 solemnibus
1201 3309 1354 3377 locis,
1383 3310 1612 3368 effectui
1633 3315 1692 3368 et
1719 3312 1819 3368 fini
1846 3313 2109 3369 contradi

483 3397 800 3472 praecipito.

1015 3473 1329 3530 NOVELLA
1356 3474 1569 3530 CXLVI.

517 3564 591 3620 De
607 3564 869 3628 chrm’s,
897 3567 1159 3636 quomodo
1177 3574 1420 3638 oporteat
1442 3585 1526 3625 eos
1543 3570 1857 3642 Scripturas
1879 3573 2068 3643 legere.

550 3681 872 3752 Imperator
903 3683 1256 3739 lustinianus
1293 3689 1577 3757 Augustus
1617 3687 1945 3744 Areobindo
1991 3689 2108 3760 glo-

479 3773 795 3830 riosissimo
820 3777 1224 3848 praetoriorum
1247 3779 1538 3850 praefecto.

551 3869 795 3938 Equum
820 3885 959 3925 sane
985 3874 1108 3926 erat
1133 3875 1197 3925 ut
1216 3872 1458 3940 Hebrmi,
1485 3890 1615 3928 cum
1631 3873 1806 3928 sacris
1829 3875 1988 3930 libris
2003 3893 2103 3930 au-

483 3971 577 4010 res
607 3956 886 4026 prtebent,
913 3976 1031 4015 non
1057 3961 1255 4016 leviter
1269 3965 1326 4016 et
1341 3962 1512 4018 rebus
1539 3964 1904 4020 solummodo
1931 3966 2108 4036 gestis

481 4043 926 4114 delectarentur,
957 4048 1059 4102 sed
1085 4050 1409 4106 reconditos
1436 4051 1492 4105 in
1511 4052 1650 4124 ipsis
1674 4069 1872 4108 sensus
1891 4057 2108 4126 specta-

478 4141 630 4204 rent,
657 4156 762 4211 per
779 4156 922 4212 quos
941 4143 1316 4214 magnumilli
1337 4145 1519 4201 Deum
1539 4151 1596 4201 et
1617 4146 1979 4203 Servatorem
1996 4149 2105 4203 hu-

479 4233 635 4288 mani
685 4234 914 4304 generis
950 4237 1143 4292 Jesum
1171 4237 1456 4294 Christum
1497 4239 1866 4296 annuntiant.
1893 4243 2105 4298 Verum

477 4326 770 4383 enimvero
793 4330 1055 4400 quamvis
1077 4329 1211 4385 dum
1231 4333 1580 4388 commentis
1599 4333 2100 4406 interipsosinter-

475 4421 894 4490 pretationibus
919 4439 980 4478 se
1009 4424 1401 4493 committunt,
1421 4426 1480 4480 in
1504 4427 1656 4482 hunc
1678 4444 1858 4499 usque
1882 4428 2037 4483 diem
2069 4445 2102 4484 a

2207 3327 2324 3365 non
2359 3309 2451 3377 sit,
2480 3324 2666 3380 neque
2697 3308 2945 3380 desuper
2973 3308 3180 3363 tradita
3223 3324 3325 3380 per
3365 3307 3703 3378 prophetas,
3745 3307 3842 3362 sed

2205 3406 2464 3474 excerpta
2506 3402 2770 3474 quaedam
2822 3401 3072 3457 virorum
3111 3401 3421 3467 contineat,
3465 3399 3565 3472 qui
3609 3405 3842 3455 terrena

2207 3496 2489 3552 duntaxat
2526 3495 2856 3566 loquantur,
2899 3509 3086 3566 neque
3126 3494 3441 3566 quidquam
3466 3492 3529 3547 in
3555 3509 3622 3547 se
3663 3491 3839 3548 divini

2205 3589 2455 3644 habeant
2481 3587 2757 3644 numinis.

2278 3681 2391 3738 Sed
2427 3684 2488 3738 et.
2519 3681 2671 3754 ipsas
2701 3681 2902 3753 utique
2922 3696 3112 3736 sacras
3141 3695 3308 3734 voces
3330 3679 3544 3750 legant,
3581 3695 3721 3734 cum
3747 3696 3841 3734 sa-

2205 3792 2331 3832 cros
2363 3775 2538 3831 libros
2563 3775 2862 3841 evolvunt;
2899 3790 3088 3846 neque
3120 3772 3373 3828 celantes
3420 3789 3488 3828 ea
3532 3788 3668 3844 quae
3702 3772 3841 3828 inibi

2205 3871 2431 3942 prolata
2465 3875 2616 3936 sunt,
2659 3866 3015 3923 extrinsecus
3043 3869 3337 3921 assumant
3377 3881 3670 3936 nusquam
3699 3865 3838 3920 scri-

2203 3967 2332 4035 ptas
2354 3978 2557 4018 vocum
2581 3961 2909 4029 inanitates,
2933 3960 3006 4015 ab
3027 3960 3166 4032 ipsis
3192 3959 3266 4014 ad
3297 3959 3686 4032 perditionem
3708 3960 3842 4014 sim-

2203 4056 2503 4128 pliciorum
2527 4055 2892 4126 excogitatas.

2275 4149 2436 4204 Unde
2449 4149 2555 4203 hac
2575 4165 2610 4202 a
2627 4147 2794 4203 nobis
2811 4147 3054 4219 prmhita
3075 4147 3327 4214 licentia,
3341 4161 3532 4218 neque
3549 4145 3840 4218 aliquibus

2203 4239 2438 4297 omniho
2459 4241 2778 4296 subdentur
2793 4239 3104 4312 dispendiis
3124 4240 3182 4294 hi
3207 4239 3306 4311 qui
3325 4240 3584 4295 Graecam
3613 4243 3672 4294 et
3700 4239 3839 4293 alias

2201 4335 2431 4406 linguas
2443 4338 2763 4402 assumunt,
2782 4350 2970 4405 neque
2990 4333 3126 4388 item
3139 4333 3212 4388 ab
3223 4334 3338 4388 ullo
3351 4331 3835 4404 prohibebuntur.

2202 4431 2394 4500 Neque
2407 4427 2505 4500 qui
2524 4427 3016 4499 archipherecitm,
3042 4431 3141 4480 aut
3163 4425 3418 4482 seniores
3444 4425 3701 4492 interim,
3737 4430 3838 4479 aut

476 4517 632 4568 recta
668 4515 956 4571 sententia
997 4517 1338 4573 aberrarunt
1364 4537 1376 4574 :
1415 4520 1549 4592 quia
1574 4525 1766 4575 tamen
1799 4521 2100 4576 didicimus
2118 4517 2178 4589 D
2200 4523 2367 4578 etiam
2389 4519 2650 4591 magistri
2671 4519 2824 4592 apud
2843 4535 2940 4574 eos
2959 4519 3337 4590 appellantur,
3351 4517 3642 4572 licentiam
3661 4517 3836 4572 habe-

475 4606 689 4662 habere
715 4608 869 4680 ipsos
898 4609 1048 4664 inter
1071 4629 1130 4665 se
1161 4613 1628 4681 controversiam,
1671 4630 1789 4668 non
1837 4615 2103 4670 sustinui.

474 4715 602 4754 mus
627 4717 760 4756 eum
791 4704 1097 4758 tumultum
1127 4705 1452 4776 relinquere
1479 4706 1614 4776 ipsis
1635 4706 2096 4778 incompositum.

474 4793 772 4864 Siquidem
799 4813 904 4867 per
920 4796 1548 4870 interpellationesquas
1569 4799 1640 4854 ad
1659 4800 2102 4855 nosreferuntur

473 4885 775 4943 didicimus
791 4889 946 4960 quod
976 4907 1042 4945 ex
1058 4890 1194 4962 ipsis
1208 4891 1442 4962 quidam
1463 4893 1584 4947 sola
1603 4892 1803 4964 lingua
1833 4897 2102 4948 tenentur

474 4981 764 5049 llebraica,
786 5001 968 5055 eaque
985 4984 1266 5040 utendum
1288 5002 1410 5041 esse
1428 4986 1486 5040 in
1513 5003 1806 5042 sacrorum
1824 4987 2099 5042 librorum

473 5071 717 5129 lectione
739 5077 953 5145 volunt,
975 5077 1208 5149 quidam
1229 5079 1405 5134 etiam
1425 5081 1676 5134 Grmcam
1690 5079 2098 5135 assumendam

473 5168 848 5238 contendunt,
880 5175 936 5224 et
967 5172 1135 5243 longo
1154 5172 1280 5243 jam
1309 5176 1570 5245 tempore
1590 5189 1659 5228 ea
1689 5172 1760 5228 de
1782 5189 1843 5227 re
1870 5173 2101 5229 seditio-

471 5274 575 5314 nes
598 5259 748 5315 intcr
775 5277 833 5316 se
863 5263 1104 5334 agitant.
1138 5267 1250 5321 Nos
1279 5266 1455 5338 igitur
1479 5266 1549 5322 de
1580 5266 1688 5322 hac
1713 5267 2100 5322 controversia

473 5353 680 5420 edocti,
714 5353 980 5410 meliores
1008 5374 1130 5412 esse
1152 5359 1534 5429 judicavimus
1570 5377 1669 5416 eos
1713 5361 1813 5432 qui
1844 5361 2098 5416 Grecam

473 5448 642 5502 etiam
670 5447 928 5518 linguam
957 5449 1013 5503 in
1045 5467 1335 5510 sacrorum
1357 5455 1634 5510 librorum
1657 5454 1899 5509 lectione
1911 5455 2100 5508 volue-

470 5545 605 5596 runt
647 5555 958 5611 assumere,
993 5545 1051 5597 et
1076 5543 1210 5614 (uno
1239 5547 1427 5617 verbo)
1457 5564 1690 5602 omnem
1717 5546 1965 5619 denique
1995 5547 2098 5602 lin-
2130 5566 2137 5580 ι

469 5651 644 5706 guam
676 5653 848 5708 quam
869 5637 1024 5692 locus
1049 5639 1629 5695 accommodatiorem
1650 5646 1708 5696 ct
1727 5640 1913 5712 magis
1925 5641 2092 5696 fami-

471 5727 670 5784 liarem
712 5731 918 5786 reddat
955 5731 1328 5787 auditoribus.
1375 5733 1674 5788 Sancimus
1715 5734 1890 5805 igitur
1935 5740 1996 5789 ut
2036 5734 2094 5789 in

470 5821 677 5894 quibus
692 5825 1076 5882 omninolocis
1099 5825 1319 5883 llebrzei
1337 5829 1486 5892 sunt,
1512 5825 1758 5882 Hebraeis
1779 5827 1875 5899 qui
1897 5828 2098 5883 volunt

2200 4617 2344 4670 bunt
2360 4618 2424 4669 ut
2441 4613 2614 4668 vafris
2639 4612 2983 4685 quibusdam
2999 4611 3345 4667 commentis
3367 4615 3464 4666 aut
3491 4611 3832 4665 anathema-

2201 4709 2382 4764 tismis
2396 4708 2456 4762 id
2465 4707 2827 4779 prohibeant,
2841 4705 2953 4760 nisi
2965 4705 3141 4760 velint
3157 4703 3548 4776 corporalibus
3560 4703 3834 4774 castigati

2200 4802 2402 4874 poenis,
2450 4805 2622 4872 atque
2649 4799 2883 4870 insuper
2913 4798 3078 4853 bonis
3109 4798 3356 4869 spoliati,
3391 4796 3478 4852 vel
3507 4797 3670 4852 inviti
3701 4813 3840 4851 con-

2199 4895 2412 4950 sentire
2437 4893 2622 4961 nobis,
2657 4892 2754 4964 qui
2785 4898 2842 4947 et
2869 4891 3260 4962 praestantiora
3293 4897 3350 4946 et
3379 4891 3490 4946 Dco
3517 4889 3712 4961 magis
3742 4906 3840 4944 ac-

2199 4991 2364 5060 cepta
2387 4987 2626 5042 velimus
2646 4985 3091 5057 jubeamusque.
3119 4986 3286 5040 Certe
3319 4983 3364 5038 si
3387 4983 3515 5054 quis
3539 4982 3758 5054 impias
3783 4987 3843 5038 et

2200 5081 2504 5152 sacrilegas
2519 5095 2721 5136 vocum
2743 5078 3048 5134 inanitates
3065 5078 3425 5132 introducere
3445 5077 3839 5142 attentaverit,

2201 5179 2260 5231 et
2283 5176 2369 5229 vel
2392 5179 2754 5230 mortuorum
2791 5172 3294 5238 resurrectionem,
3327 5171 3414 5225 vel
3431 5169 3722 5240 judicium
3750 5188 3844 5226 ex-

2196 5274 2451 5324 tremum
2495 5282 2732 5338 negare,
2761 5269 2862 5320 aut
2897 5265 3186 5320 afﬁrmare
3213 5263 3368 5336 quod
3398 5265 3753 5334 figmentum
3783 5266 3841 5318 et

2197 5367 2460 5417 creatura
2488 5360 2588 5415 Dei
2620 5375 2726 5432 per
2760 5360 2998 5430 angelos
3041 5357 3333 5424 subsistat,
3382 5357 3442 5411 hi
3471 5356 3742 5411 volumus
3779 5360 3842 5412 ut

2199 5455 2370 5510 etiam
2393 5453 2660 5510 omnibus
2675 5453 2814 5507 locis
2833 5469 2899 5507 ex
2907 5452 3222 5523 pellantur;
3247 5466 3435 5522 neque
3457 5453 3574 5504 tam
3593 5450 3841 5505 maledi-

2197 5565 2326 5603 cam
2374 5563 2572 5604 vocem
2609 5545 2898 5612 emittant,
2939 5544 3035 5616 qui
3071 5544 3130 5598 in
3153 5543 3480 5598 universum
3504 5543 3630 5614 ipsa
3655 5544 3838 5599 etiam

2199 5641 2521 5712 cognitione
2543 5639 2642 5696 Dei
2672 5638 3022 5694 exciderunt.
3046 5639 3154 5692 Eos
3173 5637 3326 5692 enim
3343 5636 3443 5708 qui
3471 5636 3643 5707 hujus
3665 5653 3840 5708 gene-

2197 5733 2274 5789 ris
2297 5735 2508 5805 aliquid
2533 5732 2798 5805 proloqui
2825 5730 3276 5803 pertentaverint
3303 5729 3564 5785 omnium
3589 5730 3840 5785 acerbis-

2197 5827 2353 5884 simis
2368 5826 2658 5903 suppliciis
2683 5824 3034 5900 subjicimus,
3050 5823 3377 5881 introducto
3396 5840 3501 5898 per
3513 5823 3624 5881 hos
3639 5840 3840 5881 errore
