4056 6184
241 303 394 366 '1053

986 306 1348 364 JUSTINIANI
1388 306 1597 360 LEGES
1633 304 1966 362 SEIECTJS.
2010 303 2133 359 LIB.
2180 305 2216 370 Ι,
2258 304 2384 360 ΤΙΤ.
2426 305 2514 370 Ill,
2557 303 2685 360 LEX
2724 298 2878 358 XLII.

3474 293 3608 355 1054

251 421 481 489 gentem
532 416 898 472 Hebraeorum
941 415 1340 487 depurgantes.
1391 416 1456 470 In
1503 413 1644 468 votis
1685 415 1878 468 autem
1898 413 2076 498 ADei
2121 415 2281 484 putat
2312 412 2372 466 in
2415 411 2530 466 sola
2575 415 2744 466 sectas
2775 406 3148 482 appellatione
3193 401 3422 460 versari.
3468 405 3604 498 Quae

249 511 531 566 habemus
557 515 620 564 ut
643 527 746 582 per
775 511 918 565 hanc
949 514 1006 564 et
1033 509 1186 564 illam
1220 509 1480 580 linguam
1513 507 1684 562 sacris
1714 506 1874 562 libris

248 604 566 674 praebentes
579 619 760 670 aures,
783 609 839 658 et
852 604 1225 674 interpretum
1241 600 1668 672 perversitatem
1689 601 1876 655 obser-

245 703 402 766 vent,
450 712 631 768 neque
665 697 798 752 solis
840 697 1133 751 attendant
1174 695 1396 762 litteris,
1434 693 1528 750 sed
1571 711 1661 749 res
1704 694 1872 749 etiam

246 789 400 860 ipsas
426 790 745 861 degustent,
773 793 829 844 et
849 789 1177 844 sacratiores
1195 789 1429 844 omnino
1455 803 1654 844 sensus
1687 787 1870 859 perci-

244 883 430 954 piant,
461 899 576 954 quo
608 883 785 955 magis
812 887 870 938 et
892 882 1041 954 quod
1067 882 1425 953 praestantius
1451 886 1534 936 est
1561 881 1869 950 addiscunt,

244 982 305 1032 et
324 976 627 1048 aliquando
655 976 836 1048 decipi
865 981 1034 1047 atque
1061 976 1131 1030 ab
1149 991 1234 1044 eo,
1267 975 1416 1047 quod
1447 975 1703 1030 omnium
1733 991 1872 1046 prm-

244 1069 656 1124 stantissimum
700 1075 802 1136 est,
825 1085 1032 1140 nempe
1059 1069 1118 1124 in
1145 1070 1321 1125 Deum
1349 1069 1573 1138 fiducia,
1607 1069 1870 1124 aberrare

243 1163 526 1219 desinant.
556 1164 855 1234 Propterea
881 1163 1036 1218 enim
1073 1179 1300 1218 omnem
1337 1162 1473 1234 ipsis
1508 1163 1762 1234 linguam
1800 1163 1872 1218 ad

245 1272 538 1310 sacrorum
569 1256 844 1310 librorum
866 1255 1163 1311 lectionem
1177 1256 1523 1328 aperuimus,
1537 1261 1604 1311 ut
1616 1255 1664 1310 si
1674 1271 1870 1310 omnes

243 1349 445 1404 ordine
488 1365 686 1403 eorum
729 1349 1025 1404 scientiam
1066 1350 1500 1421 amplectantur,
1524 1349 1594 1402 ad
1635 1350 1868 1404 meliora

239 1441 612 1514 perdiscenda
643 1442 953 1497 reddantur
981 1443 1244 1512 aptiores,
1276 1459 1406 1496 cum
1433 1442 1491 1496 in
1519 1442 1770 1497 confesso
1801 1442 1871 1497 sit

241 1536 437 1590 multo-
449 1535 784 1606 paratiorem
826 1535 896 1590 ad
933 1535 1168 1590 meliora
1198 1535 1564 1590 discernenda
1591 1540 1648 1590 et
1673 1552 1866 1607 capes-

239 1628 420 1683 senda
449 1645 568 1682 esse
599 1643 732 1682 eum
761 1628 858 1699 qui
887 1645 1178 1683 sacrorum
1209 1628 1482 1682 librorum
1509 1629 1748 1684 lectione
1778 1629 1866 1684 in-

1971 507 2149 579 igitur
2176 505 2343 561 nobis
2380 505 2735 577 placuerunt,
2765 508 2822 559 et
2846 518 2952 575 per
2979 502 3125 556 hanc
3151 514 3371 554 sacram
3413 497 3601 553 decla-

1971 604 2172 656 rantur
2202 601 2410 670 legem,
2448 614 2514 653 ea
2549 596 2872 653 observabit
2911 600 3028 650 tam
3068 593 3246 665 gloria
3279 597 3396 659 tua,
3427 607 3604 664 quam

1970 693 2175 749 cohors
2215 691 2317 748 tibi
2355 692 2772 758 obtemperans.
2815 687 3144 745 Observabit
3185 690 3378 741 autem
3418 690 3475 740 et
3503 683 3604 756 qui

1969 803 2076 859 pro
2101 791 2358 858 tempore
2383 785 2443 839 in
2463 784 2751 856 fastigium
2777 781 3140 854 magistratus
3164 779 3246 834 tui
3273 777 3603 841 collocatur,

1968 895 2154 952 neque
2179 878 2497 935 committet
2529 882 2594 944 ut
2623 875 2844 932 Hebraei
2869 881 3064 930 contra
3088 874 3210 928 haec
3235 871 3462 927 faciant.
3491 871 3602 926 Sed

1967 978 2027 1029 et
2045 989 2140 1028 eos
2166 973 2266 1044 qui
2293 971 2634 1051 obstiterint,
2666 976 2723 1026 et
2755 968 2988 1024 omnino
3019 967 3318 1040 prohibere
3359 968 3600 1020 attenta-

1970 1066 2172 1134 verint,
2199 1065 2591 1137 corporalibus
2618 1063 2870 1134 primum
2892 1061 3074 1134 poenis
3099 1059 3370 1124 subditos,
3402 1057 3598 1112 adem-

1968 1159 2080 1230 ptis
2119 1158 2292 1213 etiam
2332 1157 2514 1222 bonis,
2561 1156 2859 1228 compellet
2894 1155 3143 1210 incolere
3191 1151 3476 1220 exsilium,
3529 1165 3601 1204 ne

1969 1251 2195 1323 quando
2248 1251 2582 1306 insolentius
2639 1266 2697 1304 se
2754 1255 2812 1304 et
2857 1247 3163 1304 temerario
3218 1262 3362 1300 ausu
3406 1247 3604 1298 contra

1967 1346 2143 1401 Deum
2169 1344 2380 1416 pariter
2403 1347 2458 1398 et
2502 1343 2854 1413 majestatem
2885 1339 3304 1412 imperatoriam
3339 1337 3596 1392 efferant.

1969 1439 2165 1494 Utetur
2193 1441 2386 1493 autem
2413 1442 2470 1492 et
2487 1435 2834 1508 jnssionibus
2864 1435 2932 1488 ad
2961 1433 3374 1501 provinciarum
3401 1428 3595 1502 praesi-

1967 1531 2084 1600 des,
2105 1531 2423 1602 adjungens
2449 1530 2584 1601 ipsis
2603 1529 2790 1600 legem
2811 1532 3086 1594 nostram,
3109 1531 3173 1580 ut
3192 1529 3249 1578 et
3268 1524 3374 1595 ipsi
3397 1523 3465 1577 de
3490 1523 3598 1577 hoc

1967 1623 2149 1680 edocti
2186 1640 2290 1696 per
2318 1622 2574 1694 singulas
2598 1621 2768 1677 urbes
2803 1622 2948 1676 hanc
2980 1622 3298 1690 proponant
3329 1635 3342 1671 :
3377 1615 3599 1671 scituris

239 1721 510 1790 nutritus,
543 1735 659 1776 non
705 1721 876 1792 longe
905 1738 938 1776 a
963 1721 1334 1788 correctione,
1373 1727 1428 1777 et
1477 1725 1537 1776 ut
1563 1721 1636 1776 ad
1661 1721 1868 1776 bonam
1888 1785 1935 1792 _
1968 1717 2118 1788 quod
2149 1715 2460 1772 necessario
2490 1716 2612 1770 haec
2639 1713 2983 1770 observanda
3007 1713 3138 1780 sint,
3169 1716 3420 1766 nostram
3447 1707 3594 1762 indi—

237 1817 468 1885 frugem
497 1785 854 1885 perducatur,
881 1813 1131 1882 dissidet,
1159 1785 1331 1886 quam
1367 1814 1466 1886 qui
1493 1815 1637 1870 nihil
1663 1815 1869 1870 horum
1888 1785 1945 1856 B
1971 1785 2299 1881 gnationem
2331 1807 2734 1863 metuentibus.
2767 1809 2884 1861 Dat.
2915 1807 2994 1860 ld.
3031 1805 3214 1871 Febr.,
3244 1801 3596 1858 Constantia.

236 1907 524 1978 intelligit,
575 1908 671 1962 sed
705 1924 773 1962 ex
816 1909 931 1962 solo
977 1908 1266 1979 religionis
1305 1908 1534 1962 nomine
1573 1908 1869 1979 dependet,

237 2001 408 2072 eique
430 2005 698 2072 tanquam
727 2017 896 2054 sacra:
924 2001 1476 2069 adhazretanchorze,
1501 2007 1558 2055 et
1585 2000 1875 2056 scientiam

1511 2188 1894 2198 _—.——-—

1971 1907 2068 1964 dn.
2101 1907 2303 1963 Justin.
2333 1909 2432 1961 PP.
2466 1907 2730 1978 Augusti,
2763 1904 2958 1960 Basilio
2986 1919 3038 1959 v.
3062 1919 3109 1958 c.
3141 1918 3296 1956 cons.

1297 2355 1846 2436 JUSTINIANI
1901 2355 2551 2436 IMPERATORIS

974 2540 1646 2686 LEGES
1781 2539 2790 2686 SELECTXE
2823 2649 2860 2705 ,

614 2783 862 2862 Quibus
903 2783 1208 2849 Ecclesiae
1251 2803 1353 2848 res
1395 2785 1703 2848 tractavit
1739 2784 1846 2846 vel
1881 2801 2072 2846 suam
2117 2784 2185 2844 in
2228 2785 2434 2847 Deum
2471 2783 2779 2865 pietatem
2823 2787 3088 2844 testatus
3129 2787 3239 2841 est.

815 3119 936 3172 LIB.
968 3120 1006 3185 l,
1045 3119 1172 3174 TIT.
1215 3120 1304 3174 Ill.

679 3216 750 3268 De
789 3215 1050 3282 episcon
1095 3217 1145 3268 et
1190 3213 1414 3268 clericis.

895 3393 1020 3446 LEX
1057 3391 1209 3446 XLII.

305 3487 620 3558 Imperator
641 3484 986 3542 Justinianus
1017 3488 1307 3556 Augustus
1329 3484 1556 3540 Atarbio
1595 3483 1860 3555 praefecto

231 3581 524 3652 praetorio.

306 3675 546 3730 Omnem
583 3673 912 3729 adhibentes
951 3672 1365 3744 providentiam
1401 3671 1546 3726 circa
1576 3671 1858 3726 sanctissi-

231 3785 358 3823 mas
381 3767 639 3823 ecclesias
663 3767 724 3822 in
767 3767 1045 3822 honorem
1085 3773 1141 3822 et
1171 3766 1408 3837 gloriam
1441 3770 1646 3820 sanctae
1675 3769 1732 3820 et
1767 3765 1858 3818 in-

231 3867 519 3934 corruptae
551 3866 610 3916 et
633 3860 946 3916 homousiaa
973 3860 1282 3926 Trinitatis,
1310 3875 1414 3931 per
1439 3875 1611 3930 quam
1663 3861 1720 3914 et
1757 3875 1862 3914 nos

231 3959 293 4011 et
319 3971 677 4012 communem
709 3953 1116 4026 rempublicam
1145 3954 1322 4008 salvos
1345 3953 1465 4008 fore
1496 3951 1858 4023 credidimus,

230 4049 556 4105 insistentes
565 4048 734 4104 etiam
749 4048 1018 4103 doctrina:
1029 4052 1358 4102 sanctorum
1375 4047 1775 4119 apostolorum,
1794 4046 1862 4102 de

228 4143 483 4198 creandis
506 4141 1069 4211 irreprehensz‘bilibus
1087 4140 1486 4211 sacerdotibus,
1511 4139 1607 4212 qui
1629 4141 1860 4212 quidem

229 4238 307 4292 ob
336 4236 398 4290 id
426 4234 780 4307 potissimum
811 4234 1162 4300 ordinantur,
1193 4239 1255 4290 ut
1282 4234 1398 4289 suis
1418 4233 1680 4306 precibus
1705 4233 1862 4288 beni-

232 4329 516 4402 gnitatem
539 4326 938 4382 humanissimi
970 4326 1067 4382 Dei
1092 4327 1262 4382 rebus
1287 4327 1584 4398 acquirunt
1611 4343 1862 4382 commu-

228 4421 420 4488 nibus,
453 4421 716 4492 praasenti
741 4421 866 4492 lege
892 4419 1194 4486 sancimus,
1229 4424 1293 4474 ut
1333 4419 1552 4490 quoties
1583 4418 1642 4472 in
1674 4417 1858 4490 quali-

1889 3127 1945 3202 ρ
2041 3116 2146 3188 §l.
2169 3116 2442 3172 Convenit
2468 3117 2648 3188 igitur
2686 3116 3014 3188 hujusmodi
3058 3115 3212 3190 eligi,
3241 3120 3300 3172 et
3336 3115 3591 3171 ordinari

1961 3211 2295 3280 sacerdotes,
2323 3210 2528 3282 quibus
2574 3227 2677 3266 nec
2718 3211 2885 3267 liberi
2923 3212 3054 3282 sint,
3082 3227 3186 3268 nec
3217 3214 3484 3282 nepotes;
3511 3211 3590 3263 et-

1961 3305 2116 3360 enim
2139 3303 2263 3359 tieri
2285 3303 2376 3358 vix
2393 3309 2574 3376 potest
2599 3311 2663 3360 ut
2687 3321 2892 3360 vacans
2915 3305 3086 3376 hujus
3101 3303 3443 3375 quotidianae
3461 3301 3591 3356 vita:

1959 3397 2127 3464 curis,
2153 3414 2292 3468 quas
2319 3396 2480 3452 liberi
2505 3403 2701 3452 creant
2713 3398 2933 3468 parenti
2951 3397 3253 3466 maximas,
3283 3411 3451 3450 omne
3477 3397 3592 3448 stu-

1960 3490 2121 3546 dium
2159 3505 2501 3561 omncmque
2537 3490 2918 3561 cognitionem
2951 3491 3096 3546 circa
3127 3489 3374 3544 divinam
3422 3487 3584 3542 litur-

1961 3580 2135 3651 giam,
2167 3585 2224 3634 et
2246 3596 2336 3634 res
2359 3578 2756 3635 ecclesiasticas
2785 3585 3094 3636 consumat.
3127 3581 3266 3635 Nam
3295 3595 3426 3634 cum
3455 3577 3586 3651 qui-

1959 3675 2110 3742 dam,
2141 3689 2362 3727 summa
2389 3672 2447 3727 in
2477 3673 2658 3727 Deum
2685 3689 2803 3745 spe,
2845 3677 2902 3728 et
2927 3677 2989 3729 ut
3013 3674 3221 3729 animae
3249 3690 3446 3728 eorum
3473 3671 3586 3727 sal-

1958 3783 2042 3820 vae
2071 3765 2227 3833 ﬁant,
2257 3767 2328 3820 ad
2369 3765 2745 3821 sanctissimas
2769 3772 3064 3824 accurrunt
3099 3767 3381 3837 ecclesias,
3387 3771 3476 3852 δή
3505 3766 3588 3822 eis

1959 3875 2157 3915 omnes
2173 3876 2306 3914 snas
2323 3859 2617 3914 facultates
2639 3859 2896 3928 afferant,
2919 3867 2976 3916 et
2998 3861 3418 3933 derelinquant,
3442 3863 3507 3916 ut
3529 3859 3589 3915 in

1958 3969 2255 4025 pauperes,
2311 3957 2368 4008 et
2420 3958 2674 4025 egentes,
2729 3959 2786 4010 et
2839 3955 2980 4010 alios
3028 3955 3154 4028 pios
3203 3971 3338 4010 usus
3391 3970 3589 4010 consu-

1959 4049 2210 4116 mantur,
2247 4046 2516 4103 indecens
2559 4053 2644 4103 est
2683 4047 2975 4121 episc0pos
3023 4049 3084 4105 in
3127 4066 3292 4104 suum
3335 4049 3460 4104 illas
3483 4065 3587 4104 au-

1957 4140 2108 4196 ferre
2147 4141 2393 4211 lucrum,
2420 4145 2518 4196 aut
2549 4141 2608 4196 in
2637 4142 2928 4214 propriam
2955 4143 3208 4198 sobolem
3235 4147 3291 4197 et
3324 4146 3590 4214 cognatos

1959 4233 2308 4306 impendere.
2342 4235 2574 4305 Oportet
2605 4235 2760 4290 enim
2787 4236 3111 4306 episc0pum
3139 4235 3374 4290 minime
3401 4235 3586 4306 impe-

1959 4327 2144 4382 ditnm
2182 4325 2574 4382 affectionibus
2617 4328 2930 4382 carnalium
2971 4327 3585 4394 liberorum,omnium

1957 4419 2212 4474 ﬁdelium
2234 4419 2590 4490 spiritualem
2619 4436 2740 4476 esse
2769 4425 3012 4492 patrem.
3043 4422 3148 4476 Has
3174 4420 3348 4493 igitur
3367 4421 3437 4476 ob
3463 4437 3591 4476 cau-

228 4531 458 4586 cunque
482 4514 706 4569 civitate
734 4513 1133 4568 sacerdotalem
1163 4511 1358 4566 sedem
1388 4527 1584 4566 vacare
1613 4511 1860 4582 contige-
1878 4526 1938 4598 D
1959 4528 2048 4566 sas
2074 4511 2446 4584 prohibemus
2475 4513 2776 4569 habentem
2820 4519 2981 4571 natos
3011 4519 3109 4570 aut
3157 4518 3395 4587 nepotes
3432 4514 3586 4570 ordi-

227 4609 327 4676 rit,
352 4607 644 4663 decretum
671 4608 768 4662 ﬁat
796 4606 866 4661 ab
893 4605 982 4661 his
1007 4605 1104 4677 qui
1125 4622 1253 4660 eam
1279 4605 1560 4660 civitatem
1584 4603 1858 4673 incolunt,

225 4717 404 4773 super
433 4701 612 4757 tribus
639 4700 892 4773 personis
929 4704 1098 4770 recta:
1133 4699 1284 4770 fidei,
1323 4703 1380 4754 et
1417 4700 1670 4755 honestas
1711 4697 1859 4766 vitae,

226 4795 593 4866 aliorumque
619 4795 923 4862 bonorum,
952 4799 1010 4848 et
1033 4792 1307 4848 virtutum
1336 4793 1728 4848 testimonium
1757 4792 1858 4846 ha-

225 4888 517 4957 bentibus,
543 4893 610 4944 ut
645 4905 718 4944 ex
754 4887 890 4958 ipsis
931 4887 1187 4942 idoneior
1221 4887 1292 4942 ab
1323 4887 1706 4958 episcopatum
1737 4902 1862 4957 pro-

225 4986 560 5050 moveatur;
598 4981 646 5036 si
674 4981 830 5036 enim
867 4981 1044 5037 sancti
1071 4985 1129 5035 et
1155 4979 1385 5052 gloriosi
1413 4979 1652 5050 apostoli
1676 4995 1859 5034 sacer-

223 5077 452 5134 dotium
477 5092 511 5130 a
539 5074 772 5130 Domino
811 5074 1032 5130 Christo
1074 5080 1132 5130 et
1168 5075 1281 5128 Deo
1324 5072 1629 5141 consecuti,
1663 5077 1719 5128 et
1763 5072 1862 5144 qui

225 5169 395 5226 bonis
406 5169 670 5225 omnibus
695 5173 908 5223 terram
921 5169 1300 5240 repleverunt,
1318 5172 1374 5222 et
1399 5166 1521 5237 ejus
1545 5164 1858 5220 doctrinam

223 5263 492 5318 omnibus
519 5262 792 5333 impartiti
826 5267 978 5331 sunt,
1019 5278 1204 5333 neque
1229 5261 1336 5333 ipsi
1365 5259 1492 5315 vitae
1525 5275 1660 5326 suae,
1689 5275 1860 5330 quam

222 5357 288 5412 in
320 5357 428 5411 hoc
455 5356 668 5411 mundo
695 5355 998 5428 degebant,
1023 5355 1219 5410 salutis
1237 5360 1445 5410 nostra:
1472 5370 1642 5408 causa
1664 5369 1860 5424 peper-

223 5453 448 5518 cerunt,
491 5449 778 5522 quomodo
823 5465 1050 5520 aequum
1099 5465 1212 5502 non
1253 5447 1424 5502 fuerit
1460 5447 1643 5518 utqui
1673 5445 1860 5500 subin-

221 5543 565 5616 gredinntur
591 5558 790 5598 eorum
818 5541 1096 5610 ordinem,
1130 5548 1186 5596 et
1213 5540 1586 5594 instituuntur
1623 5538 1856 5592 sanctis-

218 5637 497 5692 simarum
538 5635 910 5691 Ecclesiarum
959 5633 1296 5702 sacerdotes,
1345 5649 1555 5705 purum
1611 5631 1862 5686 habeant

220 5728 598 5802 propositum,
628 5732 685 5784 et
711 5729 977 5799 pecunias
1002 5731 1385 5794 contemnant,
1415 5741 1758 5796 omnemque
1786 5724 1860 5778 vi-

223 5829 342 5881 tam
365 5839 528 5884 suam
557 5823 628 5882 ad
657 5822 1154 5882 clementissimum
1183 5820 1468 5894 applicent
1497 5819 1718 5874 Deum?

1963 4605 2088 4660 nari
2107 4605 2456 4677 episcopum.

2033 4699 2066 4771 §
2093 4702 2144 4754 2.
2177 4701 2257 4754 De
2289 4698 2375 4754 his
2403 4716 2532 4756 vero
2557 4700 2830 4774 episcopis
2869 4703 2968 4776 qui
3005 4721 3158 4759 nunc
3197 4708 3350 4774 sunt,
3384 4705 3470 4760 vel
3495 4703 3588 4759 fn-

1960 4792 2075 4848 turi
2101 4797 2252 4863 sunt,
2285 4793 2570 4848 sancimus
2596 4795 2752 4850 nullo
2783 4797 2952 4853 modo
2986 4797 3194 4855 habere
3233 4815 3329 4854 eos
3353 4798 3588 4853 faculta-

1963 4892 2076 4942 tem
2101 4887 2367 4949 testandi,
2401 4887 2486 4943 vel
2511 4887 2779 4958 donandi,
2810 4891 2897 4946 vel
2933 4907 3035 4963 per
3079 4891 3249 4945 aliam
3269 4908 3584 4962 quamcun-

1959 4991 2072 5047 que
2111 4975 2582 5047 excogitationem
2625 4977 2904 5034 alienandi
2941 4979 3078 5052 quid
3120 4979 3188 5035 de
3227 4979 3396 5035 rebus
3442 4980 3587 5048 suis,

1959 5085 2120 5141 quas,
2163 5075 2460 5141 postquam
2499 5069 2630 5124 facti
2671 5070 2887 5126 fuerint
2927 5071 3195 5144 episcopi,
3225 5073 3592 5146 'possederint

1961 5168 2018 5218 et
2041 5161 2422 5234 acquisierint,
2453 5163 2538 5218 vel
2571 5181 2639 5218 ex
2670 5165 3044 5236 testamentis,
3067 5167 3587 5238 veldonationibus,

1959 5256 2043 5310 vel
2071 5273 2140 5310 ex
2164 5255 2274 5310 alia
2311 5271 2650 5328 quacunque
2681 5273 2851 5312 causa
2878 5275 2895 5310 :
2921 5261 3170 5332 exceptis
3198 5262 3473 5318 duntaxat
3500 5261 3588 5317 his

1959 5365 2099 5421 quas
2117 5353 2248 5404 ante
2272 5349 2654 5420 episcopatum
2674 5349 2996 5408 habuerunt
3019 5370 3088 5409 ex
3109 5371 3446 5430 quacunque
3465 5371 3593 5410 cau-

1958 5460 2039 5512 sa,
2067 5443 2154 5499 vel
2181 5458 2310 5515 quaa
2340 5448 2465 5513 post
2491 5443 2876 5516 episcopatum
2903 5463 2938 5500 a
2968 5449 3296 5519 parentibus
3315 5453 3372 5504 et
3399 5447 3588 5517 theiis,

1959 5537 2066 5592 hoc
2091 5541 2194 5602 est,
2222 5536 2458 5607 patruis,
2503 5537 2589 5592 vel
2621 5539 2930 5609 avunculis,
2963 5547 3018 5597 et
3045 5559 3078 5596 a
3120 5541 3388 5597 fratribus
3410 5541 3480 5595 ad
3511 5541 3592 5612 ip-

1959 5647 2049 5684 sos
2082 5633 2479 5700 pervenerunt,
2528 5638 2995 5706 perventuraaqne
3025 5640 3182 5703 sunt;
3239 5651 3592 5705 qiimcunclue

1959 5722 2111 5778 enim
2144 5728 2271 5793 post
2305 5723 2714 5782 ordinationem
2754 5744 2824 5782 ex
2869 5743 3204 5799 quacunque
3242 5745 3405 5782 causa
3431 5734 3590 5783 extra

1961 5815 2219 5890 praefatas
2243 5832 2509 5887 personas
2536 5819 2608 5874 ad
2639 5819 2787 5893 ipsos
2812 5825 3211 5892 pervenerunt,
3239 5838 3300 5876 ea
3321 5820 3590 5894 jubemus
