4076 6186
497 301 633 361 1055

1637 305 1888 367 ΞΕΟΕῌ
1929 309 2117 366 SEXTI
2155 304 2708 366 SUPPLEMENTL'M.

3725 301 3857 364 4056

491 412 562 469 ad
605 409 1016 468 sanctissimam
1046 409 1372 485 Ecclesium,
1405 416 1566 488 cujus
1607 417 1991 490 episcopatum
2033 421 2118 473 ω-
2140 429 2368 502 Acare,
2407 417 2610 472 timore
2651 416 2745 472 Dei
2790 418 3140 488 contempto.
3181 413 3316 481 Quis
3360 409 3516 474 enim
3560 413 3669 473 tali
3707 431 3858 471 cura

493 505 743 574 nuerint,
773 507 1074 578 pertinere,
1093 511 1150 563 et
1169 509 1240 563 ab
1259 524 1327 564 ea
1355 509 1627 565 vindicari
1655 517 1712 566 et
1737 511 1938 580 evinci,
1967 512 2123 566 nulla

495 599 609 654 alia
653 615 894 670 persona
932 605 1269 671 potestatem
1315 603 1559 658 habente
1619 620 1685 658 ex
1715 620 1781 659 eo
1827 605 2123 678 proprium

495 693 631 764 quid
659 693 879 748 auferre
907 693 1151 750 lucrum.
1187 697 1320 760 Quis
1359 697 1511 751 enim
1539 697 1877 754 dubitaverit
1905 715 1999 753 eos
2023 699 2122 770 qui

497 784 630 856 ipsis
657 785 914 858 proprias
940 803 1030 841 res
1053 789 1401 861 relinquunt,
1425 793 1525 845 aut
1555 790 1903 862 reliquerint,
1933 792 2038 846 etsi
2065 792 2123 848 in

493 879 659 932 aliam
689 895 988 950 personam
1023 882 1388 951 transferunt,
1421 888 1517 937 aut
1554 885 1980 954 transtulerunt,
2009 902 2124 941 non

493 971 678 1042 potius
705 972 893 1043 ipsum
911 976 1287 1030 sacerdotium
1308 978 1770 1048 contemplantes,
1799 995 1972 1050 quam
2001 979 2124 1049 ejus

491 1081 816 1134 personam,
845 1072 902 1122 et
923 1068 1234 1139 cogitantes
1253 1071 1388 1141 quia
1413 1087 1530 1125 non
1555 1071 1738 1126 solum
1757 1073 1826 1128 ab
1847 1073 1981 1144 ipsis
2000 1073 2125 1127 reli-

494 1162 582 1212 rta
619 1159 707 1230 pie
730 1159 1038 1230 insument,
1080 1163 1178 1218 sed
1205 1167 1260 1218 et
1287 1180 1415 1219 suas
1441 1164 1692 1236 ipsorum
1723 1183 1814 1222 res
1837 1167 2120 1239 adjicient,

498 1251 552 1304 id
581 1252 774 1308 fecisse
788 1255 816 1308 ?

568 1348 602 1418 §
627 1351 677 1402 3.
709 1349 794 1402 Ab
824 1349 929 1403 hac
957 1353 1150 1406 autem
1179 1353 1426 1424 generali
1449 1359 1642 1409 nostra
1662 1355 1789 1426 lege
1813 1356 2126 1428 excipimus

495 1458 561 1496 ea
585 1441 701 1496 sola
729 1457 1083 1515 quaecunque
1109 1449 1164 1499 et
1207 1447 1618 1520 qualiacunque
1661 1449 1718 1504 in
1764 1449 1916 1504 hunc
1943 1467 2124 1522 usque

497 1534 650 1589 diem
689 1535 901 1590 fuerint
946 1537 1240 1608 Epiphanii
1278 1541 1686 1613 archiepiscopi
1732 1542 1908 1597 felicis
1956 1544 2125 1614 hujus

495 1628 752 1696 civitatis,
782 1634 839 1684 et
874 1631 1208 1686 sanctissimi
1234 1634 1591 1703 patriarchae.
1625 1636 1762 1690 Nam
1800 1653 1972 1708 super
2012 1637 2120 1704 his,

495 1737 624 1791 quae
649 1723 720 1776 ab
749 1723 854 1777 hoc
883 1727 1136 1796 tempore
1167 1725 1218 1779 ei
1249 1726 1639 1798 adquirentur,
1671 1745 1740 1783 ea
1761 1745 1889 1800 quae
1911 1746 1945 1784 a
1962 1731 2126 1786 nobis

2221 511 2585 582 praepositum
2626 527 2740 565 non
2783 509 3066 566 existimet
3103 509 3312 565 idcirco
3353 524 3478 564 eam
3522 509 3857 581 suscepisse,

2221 607 2286 658 ut
2310 620 2424 658 non
2454 604 2639 659 solum
2667 620 2796 676 quin
2835 604 3184 658 extrinsecus
3210 603 3277 657 ad
3324 619 3458 658 eum
3500 603 3856 675 pervenient,

2221 695 2313 750 sed
2342 695 2514 752 etiam
2542 699 2729 752 omnia
2759 713 2888 768 quae
2914 696 3128 752 habere
3155 712 3289 753 eum
3313 697 3620 769 contigerit
3639 697 3703 751 in
3733 712 3860 752 eam

2223 805 2346 844 rem
2379 789 2688 860 impendat.

2294 882 2326 954 §
2353 887 2405 937 '7.
2442 883 2698 954 Amplius
2736 883 2795 940 id
2823 899 3048 956 quoque
3085 883 3375 955 jubemus,
3408 886 3473 939 ut
3499 899 3870 955 quascunque

2223 980 2348 1046 post
2376 976 2745 1030 necessariam
2771 977 3160 1048 erogationem
3186 977 3244 1030 in
3273 993 3366 1031 eos
3393 975 3490 1048 qui
3521 992 3733 1032 eorum
3761 993 3865 1030 cu-

2223 1086 2300 1124 rae
2330 1069 2618 1125 commissi
2647 1075 2780 1124 sunt
2804 1074 2862 1125 et
2893 1069 3141 1124 debitam
3168 1071 3522 1124 curationem
3569 1086 3774 1125 rerum
3817 1074 3875 1124 et

2223 1161 2594 1218 aediﬁciorum
2635 1179 2926 1235 superesse
2964 1163 3287 1235 contigerit,
3341 1179 3408 1217 ea
3449 1163 3520 1218 ad
3577 1163 3874 1218 redituum

2222 1255 2702 1327 comparationem
2746 1255 3080 1327 proficiant;
3146 1256 3399 1328 undique
3459 1257 3615 1310 enim
3675 1261 3876 1312 noster

2223 1365 2426 1421 scapus
2451 1352 2757 1420 nostraque
2784 1349 3024 1404 intentio
3054 1354 3158 1417 est,
3189 1349 3258 1404 ad
3286 1349 3792 1420 ampliﬁcationem
3819 1355 3876 1405 et

2225 1447 2600 1513 augmentum
2628 1442 2907 1498 adducere
2949 1459 3041 1498 res
3082 1443 3155 1497 ad
3184 1443 3308 1514 pios
3330 1459 3467 1497 usus
3505 1448 3872 1514 segregatas;

2223 1535 2301 1589 sic
2327 1534 2486 1590 enim
2512 1535 2767 1608 quisquis
2811 1552 2913 1606 pro
2948 1552 3050 1590 sua
3097 1535 3289 1590 anima
3328 1535 3643 1606 quidquam
3685 1537 3876 1592 facere

2223 1627 2390 1696 volet,
2413 1628 2730 1699 promptius
2773 1629 3048 1699 erogabit,
3090 1628 3138 1683 si
3178 1628 3483 1685 crediderit
3524 1645 3595 1684 ea
3636 1645 3774 1700 qua:
3800 1629 3873 1684 ab

2223 1721 2344 1792 ipso
2375 1721 2505 1776 data
2541 1720 2758 1777 fuerint
2795 1721 2890 1793 pie
2932 1721 3381 1778 administranda
3407 1738 3548 1777 esse.
3578 1752 3650 1764 -
3675 1722 3712 1794 §
3733 1725 3789 1777 8.
3819 1723 3876 1778 Si

495 1815 796 1870 constituta
819 1821 972 1884 sunt,
1019 1817 1293 1886 obtinere,
1339 1826 1395 1874 et
1439 1820 1556 1892 ipsa
1603 1822 1672 1877 ad
1713 1823 2122 1880 sanctissimam

2225 1817 2414 1868 autem
2463 1814 2766 1885 contigerit
2817 1815 3064 1886 aliquem
3116 1815 3188 1870 ab
3224 1793 3720 1872 administratione
3776 1831 3876 1870 sua

498 1908 768 1978 majorem
793 1909 1082 1965 ecclesiam
1111 1913 1395 1983 pertinere
1419 1914 1712 1985 jubemus.
1754 1947 1822 1956 —-
1858 1916 1892 1988 §
1917 1918 1970 1972 4.
1998 1919 2128 1973 Post

491 2005 736 2056 mortem
762 2019 892 2056 vero
921 2004 1031 2059 Deo
1057 2005 1578 2062 amantissimorum
1597 2009 2012 2080 episcoporum,
2035 2010 2129 2081 ju-

492 2093 692 2148 bemus
712 2097 774 2149 ut
799 2113 904 2168 pro
930 2102 1188 2168 tempore
1211 2099 1438 2155 illarum
1465 2103 1826 2157 ecclesiarum
1853 2105 2127 2159 teconomi

494 2187 739 2243 rationes
765 2190 1003 2245 reddant
1031 2208 1226 2247 earum
1255 2209 1383 2265 quin
1409 2195 1479 2249 ab
1505 2195 1615 2249 illis
1640 2195 1847 2251 relictae
1867 2199 2001 2251 sunt
2029 2213 2123 2251 re—

492 2296 642 2350 rum,
677 2281 845 2354 idque
884 2285 1252 2341 sanctissimis
1291 2288 1534 2344 ecclesiis
1569 2290 1840 2361 proficere
1881 2291 2030 2362 quod
2056 2308 2124 2346 ex

492 2374 597 2429 hac
626 2379 816 2432 nostra
846 2377 971 2449 lege
991 2378 1072 2434 eis
1099 2380 1359 2436 debetur.

563 2469 679 2538 §5.
713 2470 779 2524 Et
824 2470 978 2541 ipsos
1015 2473 1248 2544 quidem
1291 2491 1615 2530 (economos
1657 2492 1786 2531 cum
1819 2477 2034 2548 judicio
2069 2483 2128 2534 et

491 2559 752 2632 diligenti
780 2563 1126 2620 discussione
1173 2567 1350 2621 creari
1382 2568 1746 2640 praecipimus
1775 2585 1789 2624 :
1822 2571 2127 2627 scientibus

490 2655 626 2726 ipsis
651 2656 802 2727 quod
833 2657 1070 2728 singulis
1093 2660 1257 2714 annis
1285 2660 1565 2716 rationem
1595 2662 1843 2718 referent
1887 2665 2122 2720 sanctis-

487 2749 632 2803 simo
658 2749 919 2822 episcopo
960 2769 1078 2807 sum
1121 2753 1666 2824 administrationis;
1695 2761 1750 2812 et
1778 2774 2126 2830 quacunque

487 2841 546 2896 in
567 2859 628 2897 re
653 2843 997 2899 videbuntur
1022 2861 1112 2900 res
1139 2847 1540 2902 ecclesiasticas
1579 2849 1871 2916 minuisse,
1915 2852 2002 2906 vel
2031 2851 2126 2906 las-

489 2935 644 3005 sisse,
673 2937 758 2990 vel
788 2938 1083 3009 proprium
1105 2946 1389 3012 quaestum
1419 2943 1708 3012 quaesisse,
1732 2943 1839 2998 hoc
1863 2945 2122 2999 ecclesia-

489 3028 639 3082 sticis
665 3029 832 3084 rebus
860 3031 1178 3089 restituent.
1208 3037 1402 3106 Itaque
1446 3035 1491 3088 si
1537 3036 1767 3107 quidem
1796 3039 2124 3109 superstites

491 3119 803 3175 istiusmodi
833 3123 1080 3179 rationes
1110 3126 1406 3192 subierint,
1435 3126 1573 3182 ﬂant
1609 3145 1737 3199 quin
1778 3145 1950 3200 supra
1978 3130 2126 3186 dicta
2145 3160 2200 3233 Ο

491 3217 650 3277 sunt;
683 3213 730 3268 si
755 3230 888 3270 vero
925 3231 1039 3270 non
1083 3217 1315 3272 redditis
1358 3219 1669 3274 rationibus
1708 3221 1957 3277 defuncti
2002 3223 2125 3278 fue-

489 3305 622 3373 rint,
652 3308 784 3361 tunc
814 3305 1068 3378 ipsorum
1105 3310 1360 3365 haeredes
1385 3311 1754 3382 subjiciantur
1787 3315 1880 3369 tali
1909 3315 2126 3371 discus-

488 3397 653 3470 sioni,
683 3405 740 3455 et
764 3402 1175 3458 conveniantur
1197 3419 1300 3475 pro
1328 3405 1686 3462 restitutione
1712 3407 1971 3463 omnium
1999 3426 2128 3481 quae

488 3509 556 3547 ex
578 3510 644 3548 ea
667 3510 835 3550 causa
863 3495 1068 3552 debere
1097 3497 1220 3552 illos
1247 3499 1582 3555 constiterit.
1625 3531 1693 3541 —
1717 3501 1750 3573 §
1779 3504 1831 3556 6.
1876 3502 2128 3558 Necessa-

487 3586 640 3642 rium
665 3603 893 3660 quoque
934 3606 1052 3645 esse
1093 3591 1458 3662 credidimus,
1493 3592 1666 3648 etiam
1703 3611 1876 3666 super
1899 3595 1989 3650 his
2021 3596 2124 3651 ali-

490 3679 629 3750 quid
657 3680 890 3736 deﬁnire
930 3683 1030 3753 qui
1075 3700 1269 3738 curam
1313 3690 1702 3756 susceperunt,
1744 3689 2125 3759 suscepturive

488 3777 622 3827 sunt
641 3774 1074 3852 generabilium
1114 3793 1425 3846 xenonum,
1470 3784 1526 3833 et
1563 3781 2038 3848 uosocomiorum,
2067 3785 2127 3838 et

486 3865 870 3935 ptochiorum,
905 3872 962 3922 et
999 3869 1635 3943 orphanotrophiorum,
1677 3877 1733 3928 et
1777 3873 2121 3946 brephotro-

487 3957 794 4027 phiorum;
824 3976 962 4014 nam
987 3965 1045 4016 et
1069 3961 1204 4032 ipsis
1231 3980 1463 4019 omnem
1503 3965 1787 4021 licentiam
1811 3967 2124 4026 auferimus

487 4049 556 4105 de
583 4051 874 4122 acquisitis
915 4053 1084 4108 rebus
1117 4060 1242 4126 post
1277 4062 1562 4128 susceptas
1605 4059 1931 4129 hujusmodi
1957 4078 2120 4117 cura-

484 4143 664 4199 tiones
684 4145 772 4200 vel
791 4161 895 4218 per
917 4149 1348 4217 testamentum,
1377 4149 1464 4205 vel
1490 4167 1594 4221 per
1611 4152 1788 4207 alium
1811 4154 2125 4224 quemlibet

489 4238 748 4308 modum,
781 4240 866 4310 vel
891 4240 1371 4299 machinationem
1403 4243 1711 4316 quidquam
1734 4244 1790 4300 in
1817 4246 1956 4300 alias
1975 4253 2124 4304 tran-

486 4331 735 4386 sferendi
764 4349 1032 4404 personas
1080 4351 1094 4388 :
1130 4336 1382 4406 exceptis
1418 4353 1547 4408 quae
1583 4337 1744 4409 prius
1777 4339 2117 4408 habuerant,

487 4423 574 4478 vel
607 4429 799 4494 postea
834 4444 866 4480 a
899 4427 1228 4497 parentibus
1263 4429 1350 4484 vel
1400 4429 1583 4498 theiis,
1617 4431 1704 4485 vel
1751 4431 2022 4487 fratribus
2049 4434 2119 4488 ad

2227 1923 2463 1972 cessare,
2495 1923 2669 1977 quam
2695 1913 3010 1980 acceperat,
3044 1908 3334 1962 sancimus
3361 1924 3498 1963 eum
3522 1909 3626 1980 qui
3655 1909 3720 1963 in
3752 1909 3874 1980 ejus

2225 1999 2348 2054 loco
2380 1999 2717 2055 constitutus
2760 2005 2846 2055 est
2887 2017 3019 2056 cum
3061 2001 3266 2056 timore
3313 2002 3535 2056 Domini
3578 2002 3872 2057 rationum

2226 2092 2524 2148 redditioui
2555 2093 2754 2164 subjici
2781 2098 2953 2165 gestae
2981 2095 3084 2148 sub
3129 2111 3196 2150 eo
3225 2095 3766 2163 administrationis,
3801 2097 3870 2149 si-

2227 2189 2322 2240 cut
2353 2185 2541 2240 divina
2569 2190 2760 2242 nostra
2785 2187 2913 2258 lege
2940 2187 3265 2242 continetur
3295 2205 3308 2242 :
3341 2189 3551 2244 sciente
3593 2193 3652 2243 et
3675 2205 3750 2243 eo
3778 2189 3876 2260 qui

2227 2283 2353 2349 pust
2382 2279 2567 2350 ipsum
2594 2280 2932 2335 constitutus
2963 2285 3049 2336 est
3073 2281 3222 2353 quod
3251 2281 3486 2336 Domino
3510 2283 3625 2336 Deo
3653 2300 3763 2354 pro
3789 2283 3877 2338 his

2227 2371 2518 2427 rationem
2546 2372 2762 2428 reddet.

2301 2465 2334 2536 §
2357 2468 2409 2520 9.
2432 2467 2712 2521 Praeterea
2731 2467 3018 2521 sancimus
3051 2467 3558 2539 (quemadmodum
3588 2475 3648 2523 et
3667 2469 3878 2523 divinis

2225 2559 2541 2613 canontbus
2570 2557 2865 2615 deﬁnitum
2899 2561 3002 2632 est)
3037 2576 3106 2616 ne
3139 2561 3264 2632 quis
3295 2562 3598 2634 episcopus
3625 2567 3682 2616 et
3711 2563 3882 2616 chor-

2225 2651 2536 2724 episcopus,
2571 2658 2670 2708 aut
2704 2652 2978 2721 visitator,
3019 2654 3134 2708 sive
3177 2655 3442 2710 circuitor
3485 2660 3584 2710 aut
3627 2657 3874 2727 presby-

2225 2748 2331 2810 ter,
2378 2751 2474 2800 aut
2523 2745 2668 2800 alius
2721 2746 3109 2819 cujuscunque
3149 2747 3440 2819 dignitatis
3482 2749 3726 2803 clericus
3777 2765 3880 2820 per

2224 2837 2587 2908 largitionem
2632 2839 2942 2894 ordinetur.
2976 2840 3084 2895 Sed
3115 2857 3219 2895 nec
3245 2858 3592 2909 aeconomus,
3629 2859 3739 2896 nec
3782 2859 3877 2897 ec-

2225 2931 2604 3000 clesiecdicus,
2635 2948 2738 2987 nec
2775 2933 3156 3002 xenodochus,
3202 2951 3308 2990 nec
3351 2951 3717 3004 nosocomus,
3768 2953 3878 2990 nec

2224 3025 2694 3097 ptocliotrophus,
2726 3043 2829 3082 nec
2860 3027 3380 3098 orphanptrophus,
3409 3045 3512 3084 nec
3537 3029 3880 3100 brephotro-

2225 3117 2392 3188 phus,
2427 3135 2528 3172 nec
2559 3119 2816 3190 quisquis
2840 3121 3064 3190 ptochio
3090 3121 3482 3192 praeﬁciendus
3517 3128 3621 3189 est,
3657 3139 3772 3194 per
3799 3129 3881 3178 ta-

2228 3211 2338 3264 lem
2385 3212 2479 3265 liat
2506 3211 2888 3283 largitionem,
2922 3214 3016 3268 sed
3053 3231 3154 3284 per
3175 3214 3457 3284 judicium
3486 3221 3541 3270 et
3573 3216 3873 3286 probatio-

2228 3320 2358 3358 nem
2392 3321 2592 3359 eorum
2617 3305 2714 3376 qui
2745 3305 2802 3360 in
2831 3305 2938 3360 illis
2967 3305 3103 3360 locis
3129 3313 3262 3361 sunt
3304 3309 3414 3364 Deo
3447 3310 3879 3364 amantissimo-

2227 3414 2358 3451 rum
2386 3398 2799 3470 episcoporum.
2829 3400 2883 3455 Si
2911 3417 3042 3454 vero
3079 3400 3205 3472 quis
3231 3401 3494 3457 inventus
3519 3403 3694 3458 fuerit
3713 3419 3875 3457 occa—

2225 3490 2383 3546 sione
2418 3492 2814 3562 praadictarum
2865 3493 3286 3550 ordinationum
3323 3498 3380 3550 et
3423 3495 3874 3551 administratio-

2226 3599 2366 3638 num
2411 3584 2625 3656 aliquid
2669 3585 2905 3655 dedisse,
2943 3587 3029 3641 vel
3059 3587 3356 3658 accepisse,
3402 3589 3518 3642 sive
3561 3589 3873 3662 episcopus

2225 3676 2315 3745 sit,
2345 3677 2458 3731 sive
2485 3678 2738 3742 clericus,
2761 3685 2818 3734 et
2843 3696 2974 3734 eum
2995 3680 3094 3752 qui
3122 3681 3382 3752 praebuit,
3405 3687 3464 3738 et
3482 3698 3616 3736 eum
3645 3683 3752 3754 qui
3779 3701 3872 3738 ac.

2224 3769 2391 3842 cepit,
2425 3775 2586 3826 extra
2631 3772 3006 3828 sacerdotium
3048 3778 3106 3829 et
3147 3774 3360 3830 clerum
3397 3774 3521 3830 ﬁeri
3565 3776 3868 3847 jubemns,

2223 3867 2288 3918 ut
2311 3867 2438 3935 post
2462 3863 2585 3919 haac
2622 3865 2841 3920 Domini
2870 3866 2967 3922 Dei
3007 3867 3340 3938 subjaceant
3375 3868 3868 3925 condemnationi.

2223 3953 2279 4010 Si
2321 3961 2510 4012 autem
2563 3957 2692 4028 quis
2740 3962 2976 4030 propter
3014 3959 3410 4030 praefecturam
3455 3961 3679 4017 dedisse
3725 3963 3869 4034 quid

2223 4055 2546 4122 compertus
2569 4050 2759 4120 fuerit,
2789 4068 2921 4107 eum
2945 4053 3043 4124 qui
3077 4052 3154 4108 ita
3194 4053 3494 4125 praefectus
3525 4054 3709 4110 factus
3735 4056 3865 4112 fue—

2224 4142 2315 4209 rit,
2346 4149 2504 4198 extra
2531 4143 2746 4199 clerum
2774 4161 2894 4200 esse
2923 4145 3230 4216 jubemus;
3275 4148 3324 4202 si
3349 4165 3482 4203 vero
3531 4165 3867 4204 (economus

2220 4235 2306 4289 vel
2334 4237 2755 4292 ecclesiecdicus
2783 4254 2882 4294 seu
2909 4239 3169 4294 defensor
3193 4241 3281 4295 vel
3303 4241 3770 4313 chorepiscopus,
3807 4243 3866 4298 id

2219 4333 2325 4395 est,
2358 4329 2444 4383 vel
2471 4329 2819 4401 periodeuta,
2843 4331 3096 4388 visitator
3124 4335 3211 4388 vel
3235 4335 3620 4400 xenodochus,
3650 4336 3738 4390 vel
3767 4353 3866 4391 no-

2220 4439 2496 4490 socomus,
2547 4424 2633 4478 vel
2683 4425 3148 4497 ptochotrophus,
3195 4429 3284 4482 vel
3337 4428 3862 4500 orphanotrophns,

485 4516 635 4588 ipsos
690 4523 1092 4589 pervenerunt.
1149 4521 1353 4576 Omnia
1404 4522 1578 4592 enim,
1641 4540 1996 4597 quaecunque
2044 4526 2113 4581 ad
2134 4525 2192 4599 Ι)
2217 4516 2301 4570 vel
2329 4516 2556 4587 ptochio
2587 4518 2921 4589 praepositus
2944 4521 3330 4592 comperietur
3357 4521 3669 4592 praebuisse
3697 4524 3863 4594 quid,

482 4616 671 4665 sancta
699 4612 991 4682 pertinent
1016 4614 1159 4678 loca,
1191 4615 1275 4669 vel
1304 4633 1431 4686 quae
1459 4616 1528 4671 ad
1560 4617 1812 4688 ipsorum
1848 4619 2122 4690 pra-posi-

483 4709 569 4758 tos
607 4710 736 4775 post
775 4709 1094 4778 susceptam
1123 4707 1452 4778 hujusmodi
1483 4726 1681 4764 curam
1716 4717 2118 4781 pervenerunt,

479 4797 566 4851 vel
599 4803 932 4868 perventura
959 4804 1111 4866 sunt,
1139 4800 1209 4855 ad
1236 4801 1355 4872 ipsa
1375 4802 1724 4858 venerabilia
1752 4803 2122 4874 pertinebunt

481 4891 640 4960 loca;
672 4909 850 4964 eaque
877 4893 969 4964 pie
996 4893 1053 4947 in
1080 4910 1174 4948 eos
1200 4893 1458 4950 distribui
1491 4900 1547 4950 et
1576 4897 1800 4968 erogari
1835 4898 2116 4967 volumus,

482 4985 576 5054 qui
606 4986 664 5040 in
695 4985 803 5040 illis
829 4987 963 5041 locis
989 4991 1141 5056 sunt,
1158 4988 1245 5042 vel
1272 4994 1562 5043 curantur.
1585 4989 1934 5046 Manifestum
1962 4991 2118 5046 enim

482 5083 565 5132 est
611 5079 762 5150 quod
809 5080 1086 5152 quidquid
1154 5081 1496 5154 derelinquit
1533 5083 1619 5135 vel
1665 5083 1856 5150 donat,
1905 5085 2020 5138 sive
2058 5085 2118 5140 in

480 5170 718 5240 scriptis,
749 5172 860 5227 sive
889 5173 1011 5228 sine
1039 5174 1262 5246 scriptis
1293 5175 1640 5242 xenodocho,
1674 5176 1760 5229 vel
1789 5193 2114 5245 nosocomo,

482 5263 562 5316 vel
593 5265 1030 5336 ptochotropho,
1059 5268 1142 5322 vel
1163 5269 1648 5342 orphanotropho,
1679 5269 1887 5324 idcirco
1909 5271 2023 5341 dat,
2053 5276 2119 5326 ut

479 5356 571 5426 pie
600 5372 703 5428 per
728 5357 917 5428 ipsum
947 5360 1321 5432 dispensetur,
1355 5363 1538 5434 utqui
1564 5363 1802 5418 multam
1821 5363 1890 5418 de
1911 5380 2114 5420 eorum

477 5449 687 5521 pietate
728 5453 1227 5523 praesumptionem
1275 5461 1332 5511 et
1372 5455 1726 5512 occasionem
1767 5457 1988 5527 habeat,
2017 5458 2116 5530 qui

475 5543 542 5597 iis
575 5543 711 5598 locis
738 5542 987 5614 prmfecti
1018 5551 1178 5613 sunt;
1205 5563 1391 5620 neque
1417 5566 1549 5604 vero
1566 5550 1786 5620 justum
1821 5554 1906 5605 est
1924 5551 2112 5623 ipsum

477 5651 544 5690 ea
573 5653 702 5708 quae
734 5636 838 5691 sub
866 5640 1144 5708 praetextu
1165 5653 1360 5694 eorum
1393 5643 1491 5712 qui
1519 5642 1624 5696 sub
1671 5642 1794 5714 ejus
1823 5659 1958 5697 cura
1982 5649 2116 5698 sunt

475 5728 700 5806 accipit,
735 5748 846 5785 non
877 5731 933 5785 in
968 5731 1120 5803 ipsos
1152 5731 1236 5786 vel
1259 5749 1362 5804 pro
1389 5733 1526 5806 ipsis
1547 5735 1898 5806 impendere,
1931 5736 2025 5791 sed
2053 5737 2112 5791 in

477 5801 764 5892 propriam
799 5801 1370 5896 personam-auferre,
1401 5801 1456 5878 et
1481 5801 1714 5900 proprio
1746 5801 1902 5882 lucro
1929 5827 2109 5900 appli-

2224 4615 2282 4664 ut
2309 4609 2415 4663 sibi
2444 4627 2579 4665 cura
2604 4611 2696 4666 illa
2715 4613 3191 4680 committeretur,
3221 4621 3278 4670 et
3303 4615 3454 4670 hunc
3483 4617 3771 4671 removeri
3795 4617 3867 4672 ab

2218 4706 2544 4777 hujusmodi
2587 4725 2744 4776 cura,
2767 4711 3057 4782 jubemus.
3088 4743 3156 4753 —
3185 4713 3218 4784 §
3254 4718 3340 4768 lO.
3369 4717 3652 4770 Prteterea
3680 4717 3868 4771 sanci—

2219 4815 2347 4854 mus
2383 4804 2449 4855 ut
2476 4818 2673 4857 omnes
2699 4804 2884 4858 clerici
2922 4820 3024 4874 per
3056 4805 3307 4878 singulas
3335 4807 3606 4862 Ecclesias
3647 4810 3865 4864 consti-

2220 4894 2348 4963 tuti,
2387 4912 2491 4966 per
2514 4914 2572 4951 se
2602 4897 2756 4968 ipsos
2791 4899 3031 4968 psallant
3059 4907 3357 4968 nocturna,
3386 4907 3444 4956 et
3471 4903 3784 4971 matutina,
3811 4913 3870 4962 et

2218 4989 2558 5058 vespertina,
2625 5006 2698 5044 ne
2763 5007 2832 5044 ex
2894 4991 3008 5045 sola
3089 4994 3590 5050 ecclesiasticarum
3664 5013 3868 5053 rerum

2216 5082 2652 5155 consumptione
2679 5083 2862 5138 clerici
2895 5092 3224 5156 appareant,
3257 5103 3468 5142 nomen
3493 5090 3734 5160 quidem
3765 5093 3866 5148 ha-

2216 5175 2414 5230 bentes
2453 5175 2809 5245 clericorum,
2841 5194 2962 5232 rem
2990 5183 3181 5235 autem
3225 5197 3340 5236 non
3367 5181 3670 5252 implentes
3699 5186 3865 5242 cleri-

2216 5268 2266 5321 ci
2297 5268 2448 5323 circa
2497 5268 2786 5341 liturgiam
2821 5271 3044 5326 Domini
3083 5273 3196 5329 Dei.
3223 5275 3408 5346 Turpe
3435 5275 3586 5330 enim
3615 5282 3724 5344 est,
3757 5297 3863 5351 pro

2218 5359 2352 5432 ipsis
2379 5361 2634 5432 scriptos,
2683 5364 3014 5419 necessitate
3057 5366 3192 5438 ipsis
3237 5367 3464 5423 inducta
3489 5369 3760 5441 psallere.
3807 5372 3863 5428 Si
3959 5389 3970 5396 ‘

2216 5453 2373 5508 enim
2410 5453 2902 5524 multidaicorum,
2929 5462 2992 5512 ut
3018 5476 3134 5514 suae
3176 5461 3383 5514 animae
3433 5463 3761 5528 consulant,
3793 5466 3862 5520 ad

2215 5547 2596 5603 sanctissimas
2654 5550 2914 5605 ecclesias
2975 5553 3317 5608 conﬂuentes
3395 5555 3630 5610 studiosi
3707 5558 3862 5613 θῆτα

2213 5641 2589 5712 psalmodiam
2628 5643 3027 5714 ostenduntur,
3081 5647 3368 5716 quomodo
3415 5647 3687 5703 indecens
3741 5667 3862 5707 non

2215 5734 2386 5789 fuerit
2425 5736 2652 5791 clericos
2690 5736 2760 5791 ad
2808 5737 2868 5791 id
2913 5739 3202 5794 ordinatos
3241 5755 3354 5793 non
3397 5740 3642 5813 implere
3681 5761 3860 5800 suum

2215 5843 2424 5883 munus
2440 5829 2468 5884 τ
2487 5830 2844 5905 Quapropter
2869 5831 3198 5888 omnimodo
3223 5832 3460 5892 clericos
3483 5836 3734 5912 psallere
3757 5840 3860 5911 ju-
