4076 6186
200 254 336 309 i057

915 245 1278 306 JUSTINIANI
1319 240 1526 304 LEGES
1565 245 1898 303 SI-ZLECT/E.
1941 237 2064 299 LIB.
2110 237 2146 308 1,
2189 233 2312 297 ΤΙΤ.
2356 241 2444 305 lll,
2486 240 2616 296 LEX
2655 232 2828 296 XLIV.

3416 232 3549 299 i058

191 362 419 426 bemus,
447 364 506 414 et
534 360 684 430 ipsos
710 359 924 430 inquiri
953 376 986 414 a
1018 362 1128 416 Deo
1157 359 1526 414 sanctissimis
1552 373 1655 429 pro
1683 361 1824 411 tem-
1845 369 1903 440 Α
1922 358 2049 407 tum
2089 352 2410 424 praesentia,
2455 349 2757 405 confestim
2797 353 2919 403 tum
2963 347 3245 419 proﬁcisci
3281 348 3550 419 jubemus

190 471 338 526 pore
363 452 662 525 episcopis,
685 456 744 506 et
763 452 985 508 duobus
1011 451 1357 524 presbyteris
1390 452 1447 506 in
1479 449 1720 522 singulis
1739 467 1826 505 ec-

193 547 403 614 clesiis,
431 549 490 600 et
515 545 586 601 ab
619 562 685 601 eo
713 545 810 616 qui
842 550 1074 600 vocatur
1097 546 1300 600 archos
1325 547 1412 600 vel
1445 545 1736 611 exarchos,
1767 545 1827 598 et

193 641 269 696 ab
300 639 518 708 ecdico,
550 639 668 694 sive
696 639 1000 694 defensore
1031 638 1306 710 cujusque
1327 637 1700 692 sanctissima
1731 654 1823 692 ec-

191 733 407 800 clesiae,
441 735 499 788 et
525 748 624 788 eos
653 731 750 802 qui
777 731 991 786 inventi
1043 747 1160 787 non
1201 731 1416 786 fuerint
1455 731 1740 802 inculpata
1764 729 1822 783 in

193 825 444 897 liturgiis
467 828 918 898 perseverantes,
941 829 1102 879 extra
1123 825 1338 880 clerum
1364 823 1650 878 constitui.
1681 823 1822 877 Nam

195 918 296 991 qui
329 918 767 988 constituerunt,
788 919 874 972 vel
902 918 1224 973 fundarunt
1247 917 1632 972 sanctissimas
1653 917 1825 970 eccle-

195 1012 311 1066 sias
332 1029 436 1084 pro
447 1028 549 1070 sua
569 1013 751 1066 salute
773 1014 832 1065 et
856 1011 1180 1066 communis
1203 1010 1552 1082 reipublicae,
1583 1009 1826 1080 relique-

195 1110 335 1160 runt
379 1105 488 1160 illis
525 1103 891 1172 substantias,
925 1108 986 1158 ut
1031 1120 1136 1176 per
1158 1121 1255 1159 eas
1283 1103 1532 1158 debeant
1555 1117 1727 1156 sacra
1759 1102 1821 1155 Ii-

195 1196 406 1268 turgiaa
437 1197 581 1264 fieri,
602 1200 662 1250 et
679 1201 742 1252 ut
759 1197 820 1250 in
847 1196 958 1250 illis
982 1213 1016 1251 a
1043 1195 1500 1250 ministrantibus
1524 1195 1633 1266 piis
1660 1194 1824 1248 cleri-

197 1289 279 1344 cis
297 1289 450 1344 Deus
470 1289 706 1344 colatur.
723 1287 1033 1344 Licentiam
1057 1293 1250 1344 autem
1279 1288 1646 1343 concedimus
1665 1287 1826 1341 omni

196 1398 460 1454 persona?
474 1398 602 1454 quae
617 1381 757 1453 quid
781 1381 988 1436 horum
1011 1381 1459 1453 praetermissum
1484 1397 1606 1436 esse
1622 1396 1828 1450 cogno-

193 1475 364 1542 verit,
393 1492 462 1530 ea
487 1475 824 1530 denuntiare
863 1478 921 1529 et
955 1474 1270 1547 publicare.
1305 1505 1373 1514 —
1401 1472 1432 1546 §
1467 1477 1551 1528 ll.
1581 1474 1660 1527 Ea
1692 1489 1826 1527 vero

195 1585 330 1641 quae
361 1585 395 1622 a
423 1567 586 1622 nobis
610 1567 828 1622 sancita
859 1571 1010 1635 sunt,
1039 1567 1141 1622 fini
1169 1568 1337 1636 tradi,
1366 1570 1425 1622 et
1448 1567 1523 1622 ad
1558 1566 1826 1621 effectum

194 1661 438 1733 perduci
461 1677 593 1716 cum
619 1661 719 1716 Dei
745 1661 1106 1732 benignitate
1121 1661 1427 1732 jubemus;
1453 1676 1552 1715 eos
1569 1675 1702 1715 vero
1728 1659 1828 1731 qui

1925 447 2114 518 ipsos;
2147 446 2360 518 absque
2398 461 2532 499 vero
2574 442 2673 497 tali
2713 442 2906 497 divina
2928 441 3206 511 jussioue,
3253 443 3548 498 neminem

1924 539 2202 610 proﬁcisci
2233 537 2620 592 concedimus.
2649 567 2717 576 —
2743 535 2774 608 §
2799 538 2851 589 2.
2881 534 3103 591 Sciente
3129 535 3336 588 horum
3365 541 3548 590 trans-

1925 647 2204 703 gressore,
2237 635 2296 684 et
2324 633 2477 684 recte
2523 646 2587 684 ac
2629 629 2719 700 pie
2767 628 3146 683 introductam
3177 645 3212 681 a
3240 627 3407 682 nobis
3442 645 3548 700 pro

1925 724 2406 780 sanctissimarum
2446 721 2814 777 ecclesiarum
2859 721 3082 775 honore
3123 720 3545 775 observantiam

1925 822 2325 889 praetereunte,
2341 817 2494 887 quod
2511 831 2630 870 non
2646 831 2884 886 parvam
2903 813 3362 885 indignationem
3385 830 3552 884 expe-

1924 910 2122 978 rietur,
2156 910 2251 966 sed
2277 913 2334 964 et
2361 910 2464 964 sub
2493 907 3081 963 excommunicatione
3105 906 3221 974 ﬁet,
3247 906 3291 960 si
3314 906 3548 977 quidem

1925 1007 2319 1078 metrOpolites
2348 1006 2439 1072 sit,
2467 1023 2499 1060 a
2527 1011 2626 1060 tua
2653 1004 3045 1071 beatitudine;
3078 1006 3120 1058 si
3152 1020 3284 1058 vero
3313 1004 3550 1059 civitatis

1925 1099 1999 1154 sit
2025 1099 2342 1171 episcopus,
2371 1115 2497 1172 quae
2519 1098 2904 1169 metropolita:
2935 1097 3189 1168 subjecta
3219 1097 3310 1164 sit,
3333 1097 3402 1151 ab
3429 1098 3550 1168 ipso

1925 1196 2333 1267 metropolita:
2367 1195 2736 1266 pecuniarum
2769 1210 3020 1266 namque
3057 1211 3288 1266 pinnam
3313 1193 3549 1248 definire

1925 1295 2124 1346 contra
2135 1293 2567 1345 contemnentes
2583 1288 2836 1342 divinam
2851 1291 3106 1342 nostram
3119 1287 3548 1359 dispositionem

1923 1399 2039 1438 non
2073 1382 2450 1437 necessarium
2477 1397 2596 1436 esse
2613 1381 2954 1452 putavimus,
2976 1397 3047 1435 ne
3069 1380 3200 1435 inde
3223 1381 3292 1435 ad
3323 1381 3552 1436 sanctis-

1927 1477 2098 1530 simas
2123 1475 2385 1531 ecclesias
2414 1475 2564 1546 quod
2592 1475 2723 1529 inde
2749 1473 2999 1528 evenerit
3029 1473 3221 1528 damni
3248 1473 3546 1539 redundet,

1925 1584 2167 1642 quarum
2203 1583 2292 1623 res
2333 1568 2404 1623 ab
2432 1567 2595 1622 omni
2641 1566 3033 1621 deminutione
3075 1566 3281 1620 liberas
3317 1581 3552 1621 manere

1927 1661 2205 1734 cupimus.
2233 1693 2299 1700 —
2320 1659 2350 1734 §
2371 1663 2422 1715 3.
2447 1661 2577 1714 Harc
2603 1659 2780 1731 igitur
2801 1659 2874 1713 ad
2906 1659 3264 1729 singulorum
3290 1658 3550 1713 notitiam

196 1755 259 1808 in
289 1754 672 1826 suspicionem
693 1755 973 1822 venerint,
1002 1753 1217 1826 aliquid
1247 1755 1455 1809 horum
1485 1769 1626 1808 ausu
1653 1756 1830 1806 teme-
1847 1731 1906 1802 B
1928 1755 2031 1809 sub
2056 1754 2179 1826 ipsa
2207 1754 2604 1809 ordinatorum
2630 1753 2746 1807 Deo
2776 1751 3303 1807 amantissimorum
3336 1755 3551 1806 metro-

197 1848 354 1903 rario
383 1847 836 1920 praetermisisse,
859 1847 1113 1919 primum
1134 1847 1371 1919 quidem
1386 1863 1451 1902 ex
1478 1845 1706 1901 Domini
1729 1845 1826 1899 Dei

190 1940 414 2012 judicio
443 1941 782 2012 periculum,
811 1957 876 1996 ac
893 1940 1098 1996 deinde
1125 1939 1340 2012 positas
1362 1939 1422 1994 in
1452 1939 1560 1994 hac
1575 1939 1704 2010 lege
1717 1955 1830 2010 pcn-

198 2051 304 2088 nas
341 2033 644 2088 sustinere.
678 2035 804 2088 Dat.
839 2034 963 2090 Kal.
991 2034 1176 2101 Mart.,
1224 2035 1352 2100 CP.,
1383 2033 1483 2088 dn.
1511 2033 1678 2100 Just.,
1723 2033 1824 2086 PP.

197 2131 265 2182 A.
299 2143 337 2183 ιι
364 2143 476 2181 cos.
508 2129 631 2183 528.

847 2207 974 2262 LEX
1011 2207 1183 2262 XLIII.

275 2315 435 2370 Idem
461 2317 752 2385 Augustus
769 2313 1090 2385 Epiphanio
1105 2311 1532 2384 archiepiscopo
1545 2313 1824 2368 Constan-

199 2407 586 2480 tinopolitano
615 2410 674 2462 et
699 2407 1061 2478 patriarchae.

274 2500 518 2556 Omnem
561 2517 792 2572 semper
831 2499 1168 2555 adhibentes
1205 2498 1630 2571 providentiam
1680 2498 1830 2552 circa

201 2589 587 2644 sanctissimas
617 2589 900 2657 ecclesias,
929 2605 1035 2660 per
1072 2605 1216 2660 quas
1251 2594 1309 2644 et
1345 2591 1606 2642 nostrum
1641 2587 1827 2657 impe-

200 2683 355 2737 rium
375 2682 662 2748 sustineri,
697 2687 753 2737 et
785 2697 1121 2736 communes
1151 2697 1243 2736 res
1265 2679 1696 2736 clementissimi
1727 2678 1829 2733 Dei

203 2775 392 2848 gratia
404 2775 620 2829 muniri
637 2774 1002 2842 credidimus,
1015 2791 1242 2830 necnon
1257 2777 1316 2828 et
1332 2778 1576 2840 nostras,
1594 2776 1652 2827 et
1669 2775 1832 2827 caste-

202 2883 405 2923 rorum
433 2867 696 2923 omnium
727 2868 950 2923 animas
974 2867 1268 2923 studentes
1287 2866 1512 2934 salvari,
1536 2869 1592 2921 et
1605 2881 1734 2920 eam
1757 2864 1830 2920 ob

201 2977 334 3016 rem
363 2961 585 3016 solliciti
608 2961 852 3028 assidue,
889 2977 960 3015 ne
988 2960 1297 3016 ‘commoda
1338 2959 1829 3014 sanctissimarum

203 3055 570 3110 ecclesiarum
585 3055 645 3110 in
659 3071 999 3127 quacunque
1011 3054 1232 3110 civitate
1252 3054 1364 3108 sint
1375 3053 1718 3120 constitutas,
1733 3052 1784 3106 al
1791 3051 1830 3105 i-

205 3101 459 3110 --..--.--
475 3101 570 3109 _-..
586 3101 645 3110 -..
662 3101 998 3127 Ἱππ-Ἰ--
1013 3101 1060 3110 ν-
1075 3101 1083 3107 .
1098 3101 1231 3110 η.--
1253 3101 1364 3108 ---η
1379 3101 1718 3120 ---πω-Ψ,
1735 3101 1807 3106 ν--

204 3163 323 3219 qua
338 3147 562 3203 ratione
585 3148 954 3218 minuantur;
983 3165 1124 3203 neve
1142 3163 1271 3220 quae
1303 3147 1362 3202 in
1378 3147 1514 3219 ipsis
1529 3147 1672 3202 fiunt
1687 3145 1828 3200 divi-
1853 3101 1909 3176 Ο

206 3256 298 3295 na
317 3241 564 3312 liturgias
583 3257 646 3295 ex
668 3243 783 3298 Deo
800 3241 1330 3296 amantissimorum
1352 3240 1710 3295 sacerdotum
1730 3241 1828 3296 ab-

206 3332 392 3388 sentia
421 3333 832 3404 impediantur,
853 3337 953 3386 aut
969 3350 1087 3388 non
1103 3333 1511 3388 convenienter
1529 3337 1828 3388 curentur:

208 3443 278 3481 ac
304 3442 376 3480 ne
395 3426 570 3481 etiam
597 3425 1082 3481 sanctissimarum
1105 3425 1469 3480 ecclesiarum
1495 3439 1836 3480 consuman-

206 3524 305 3574 tur
322 3535 433 3587 res,
457 3525 577 3574 tam
596 3525 830 3591 propter
848 3519 1118 3593 itinerum
1134 3533 1308 3590 quam
1320 3517 1494 3573 etiam
1508 3533 1837 3572 commean-

209 3612 354 3667 tium
365 3613 476 3667 huc
490 3613 850 3668 sacerdotum
869 3616 926 3668 et
957 3612 1356 3668 comitantium
1381 3611 1714 3666 clericorum
1735 3611 1838 3665 im-

209 3721 416 3778 pensas
429 3722 444 3774 ;
456 3706 610 3762 unde
625 3723 777 3778 smpe
796 3710 854 3760 et
868 3707 971 3761 sub
989 3707 1188 3761 fenore
1203 3704 1516 3776 accipiendi
1529 3705 1837 3760 necessitas

209 3799 477 3871 emergit,
509 3803 568 3854 et
593 3816 659 3854 ex
686 3816 755 3855 ea
784 3816 845 3854 re
867 3815 1013 3854 onus
1047 3799 1118 3854 ad
1145 3799 1297 3870 ipsas
1327 3797 1712 3853 sanctissimas
1744 3814 1834 3852 ec-

209 3891 408 3947 clesias
425 3893 582 3948 venit
601 3909 612 3948 :
637 3893 805 3948 simul
831 3893 1006 3947 etiam
1021 3909 1095 3947 ne
1113 3891 1623 3947 ecclesiasticarum
1645 3907 1838 3946 rerum

213 4001 332 4040 non
363 3986 775 4041 convenienter
787 3985 1059 4058 procedat
1080 3984 1501 4040 administratio
1527 4001 1629 4056 per
1641 3985 1843 4038 absen-

214 4077 310 4133 tiae
340 4078 458 4134 Deo
488 4080 1021 4134 amantissimorum
1055 4079 1453 4150 episCOporum
1490 4077 1842 4149 tempus,his

216 4171 291 4225 ad
319 4174 477 4226 tuam
509 4172 930 4227 beatitudinem
960 4171 1168 4254 divinis
1187 4171 1440 4243 apicibus
1465 4171 1545 4226 uti
1574 4175 1842 4243 oportere

215 4263 683 4322 existimavirnus.
720 4297 788 4306 —-
831 4264 862 4338 §
892 4269 941 4320 ί.
973 4267 1078 4320 Per
1105 4281 1250 4338 quos
1288 4264 1394 4336 ipsi
1417 4265 1691 4336 jubemus
1720 4265 1845 4319 ﬁeri

217 4349 485 4413 omnibus
516 4359 908 4426 manifestum,
931 4375 1035 4431 per
1060 4359 1314 4430 singulas
1346 4359 1692 4429 metropoles
1715 4357 1844 4411 uni-

1927 1847 2312 1919 politanorum
2339 1846 2737 1917 episcoporum
2755 1845 3008 1916 perferre
3037 1850 3131 1898 tua
3151 1844 3420 1898 sanctitas
3443 1847 3556 1898 stu-

1928 1941 2075 2007 deat,
2099 1945 2156 1995 et
2183 1941 2253 1994 ab
2277 1955 2620 2011 unoquoque
2650 1937 2854 1992 missas
2878 1937 3298 2008 responsiones,
3315 1941 3434 1990 tam
3452 1953 3555 2007 per

1927 2033 2324 2104 metrOpolitas
2334 2049 2506 2104 quam
2519 2047 2620 2103 per
2629 2031 2880 2102 ipsarum
2891 2029 3240 2101 reliquarum
3249 2028 3554 2100 provincia:

1927 2125 2213 2182 civitatum
2231 2127 2348 2184 Dee
2361 2124 2780 2180 amantissimos
2795 2124 3092 2195 episcopos
3113 2122 3182 2176 de
3200 2121 3288 2177 his
3301 2137 3428 2193 quae
3447 2121 3555 2176 hac

1927 2219 1997 2274 de
2020 2235 2082 2273 re
2097 2218 2421 2286 didicerint,
2436 2218 2509 2272 ad
2537 2222 2788 2272 nostram
2808 2216 3148 2288 religionem
3173 2215 3400 2271 referre.
3425 2215 3550 2268 Dat.

1929 2329 1961 2366 x
1998 2313 2103 2366 cal.
2132 2313 2315 2378 Mart.,
2343 2312 2470 2380 CP.,
2502 2311 2600 2366 dn.
2636 2308 2950 2366 Iustiniano
2981 2309 3082 2364 PP.
3112 2311 3178 2362 A.
3208 2325 3246 2363 ιι
3285 2325 3395 2362 cos.
3430 2310 3550 2364 528.

2575 2404 2704 2458 LEX
2739 2404 2912 2457 XLIV.

2001 2498 2156 2554 Idem
2180 2499 2468 2568 Augustus
2493 2496 2709 2551 Menum
2731 2499 2788 2551 P.
2815 2497 2874 2550 P.

2000 2590 2492 2647 Sanctissimarum
2511 2589 2874 2644 ecclesiarum
2885 2592 2943 2644 et.
2958 2587 3345 2660 piissimorum
3359 2605 3559 2644 mona-

1929 2684 2232 2739 steriorum
2255 2682 2446 2738 decori
2466 2682 2848 2749 consulentes,
2869 2682 3264 2736 interdicimus
3287 2681 3558 2738 omnibus

1929 2775 2696 2834 habitantibusmdnasteria
2715 2773 3033 2830 conversari
3066 2791 3198 2830 cum
3226 2775 3558 2830 mulieribus

1929 2869 2270 2936 monastriis,
2293 2873 2393 2923 aut
2413 2868 2772 2923 occasionem
2794 2867 3048 2940 aliquam
3075 2868 3424 2940 excogitare,
3447 2885 3559 2940 qua

1929 2962 2509 3018 communicationem
2546 2961 2794 3032 aliquam
2815 2977 2948 3016 cum
2977 2960 3112 3032 ipsis
3147 2961 3404 3016 habeant
3433 2961 3559 3031 (hoc

1933 3057 2088 3111 enim
2122 3056 2340 3127 justam
2373 3053 2753 3125 suspicionem
2799 3053 3126 3122 introducit,
3163 3053 3410 3120 assidue,
3453 3037 3563 3109 aut

1935 3167 2064 3205 cum
2089 3149 2389 3215 voluerint,
2429 3164 2559 3203 cum
2587 3147 2722 3219 ipsis
2747 3146 3212 3218 congrediendi);
3236 3147 3337 3202 sed
3369 3147 3447 3202 ita
3474 3165 3560 3204 se-

1933 3247 2194 3315 gregatos
2219 3259 2360 3310 esse,
2384 3247 2445 3296 ut
2471 3242 2687 3296 nullam
2713 3239 3205 3312 participationem
3228 3240 3300 3294 ad
3321 3239 3562 3296 invicem

1934 3333 2008 3391 ob
2028 3351 2426 3408 quamcunque
2447 3325 2679 3388 causam
2695 3333 2946 3387 habeant
2964 3333 3092 3402 ipsi,
3115 3349 3304 3404 neque
3335 3335 3561 3404 excogi-

1934 3429 2044 3483 tari
2085 3427 2338 3500 aliquam
2385 3425 2766 3494 occasionem,
2811 3426 2895 3479 vel
2937 3423 3062 3491 illis,
3093 3427 3177 3479 vel
3225 3426 3311 3480 his
3347 3429 3562 3482 mutuas

1933 3521 2084 3576 inter
2109 3537 2167 3574 se
2193 3518 2700 3584 commorationis;
2728 3517 2825 3572 sed
2858 3517 2958 3571 soli
2992 3535 3098 3588 per
3121 3535 3180 3572 se
3217 3518 3478 3573 homines
3502 3519 3564 3574 in

1935 3613 2192 3686 quolibet
2216 3611 2567 3668 monasterio
2589 3611 2819 3682 degant,
2842 3627 2875 3664 a
2891 3611 3089 3665 vicinis
3116 3610 3218 3664 sibi
3250 3627 3351 3683 per
3367 3627 3568 3683 quam-

1936 3721 2159 3778 cunque
2185 3721 2415 3761 causam
2445 3703 2770 3759 monastriis
2793 3703 3104 3775 segregati:
3138 3703 3282 3758 Sola!
3309 3704 3444 3759 item
3464 3720 3568 3776 per

1939 3817 1997 3856 se
2028 3799 2306 3854 mulieres
2332 3815 2450 3854 non
2481 3797 2797 3853 commistaa
2830 3797 2984 3867 viris,
3016 3802 3076 3852 ut
3106 3797 3293 3852 omnis
3321 3796 3566 3870 suspicio

1938 3893 2224 3948 indecorae
2275 3890 2718 3947 conversationis
2773 3890 3000 3962 penitus
3047 3891 3294 3946 tollatur.
3349 3891 3460 3948 Sed
3523 3892 3568 3946 si

1940 3985 2042 4040 viri
2073 3985 2289 4040 fuerint
2325 3985 2535 4058 plures,
2567 3988 2796 4057 oportet
2822 3984 3185 4058 providentia
3213 3985 3567 4057 singularum

1941 4080 2229 4135 civitatum
2256 4078 2654 4152 episcoporum
2677 4078 2915 4134 feminas
2945 4078 3003 4132 in
3031 4079 3205 4132 alium
3233 4079 3570 4134 convenien-

1943 4179 2060 4228 tem
2088 4175 2276 4228 locum
2304 4172 2614 4238 transferri,
2649 4175 2703 4226 et
2729 4172 2853 4226 dari
2880 4171 3294 4226 monasterium
3323 4171 3478 4241 ipsis,
3508 4172 3569 4225 in

1944 4283 2058 4339 quo
2081 4269 2346 4338 oporteat
2371 4266 2523 4336 ipsas
2550 4264 2606 4318 in
2636 4267 2923 4334 posterum
2950 4263 3102 4334 apud
3130 4279 3188 4315 se
3217 4263 3366 4334 ipsas
3390 4263 3569 4320 hone-

1946 4365 2028 4415 ste
2056 4357 2412 4414 conversari:
2449 4357 2531 4410 sin
2579 4357 2769 4427 plures
2799 4355 3162 4410 inveniantur
3191 4355 3440 4424 feminas,
3472 4361 3572 4412 aut

226 4453 568 4525 uscujusque
586 4452 892 4525 provinciae
921 4452 1027 4523 ipsi
1056 4452 1326 4522 subjectis
1351 4451 1726 4506 sanctissimis
1752 4467 1843 4504 sa-
1863 4475 1924 4548 D
1945 4452 2119 4507 etiam
2149 4451 2271 4523 pari
2293 4465 2558 4518 numero,
2581 4449 2730 4504 viros
2746 4446 2975 4520 quidem
2997 4449 3310 4516 transferri,
3332 4447 3573 4504 feminas

223 4546 566 4616 cerdotibus,
606 4546 880 4618 quoniam
923 4561 1039 4600 non
1084 4546 1250 4600 decet
1289 4545 1536 4617 aliquem
1565 4543 1840 4614 ipsorum,

225 4643 323 4694 aut
345 4656 546 4695 eorum
573 4640 672 4712 qui
698 4639 754 4694 in
788 4639 911 4694 aliis
941 4639 1360 4712 provinciarum
1395 4637 1716 4692 civitatibus
1743 4637 1846 4691 sub

223 4733 663 4805 metropolitano
677 4732 930 4788 ordinati
941 4738 1074 4788 sunt
1091 4733 1512 4804 episcoporum,
1529 4730 1845 4786 secundum

222 4826 516 4898 propriam
543 4827 891 4882 voluntatem
920 4827 1135 4898 absque
1162 4825 1356 4880 divina
1390 4827 1586 4880 nostra
1617 4823 1848 4896 speciali

218 4919 496 4991 jussioue,
529 4919 854 4992 relinquere
885 4919 1122 4992 quidem
1154 4919 1532 4990 gubernatam
1568 4934 1602 4972 a
1630 4935 1690 4972 se
1720 4935 1846 4972 san-

225 5013 534 5068 ctissimam
561 5013 876 5081 ecclesiam,
895 5013 952 5068 in
970 5014 1118 5068 hanc
1134 5027 1266 5068 vero
1287 5012 1509 5068 felicem
1529 5027 1851 5067 commeare

225 5107 532 5177 civitatem,
575 5107 984 5180 qualiscunque
1024 5111 1281 5178 emergat
1317 5123 1407 5162 res
1450 5124 1464 5160 :
1502 5105 1597 5161 sed
1627 5105 1854 5161 mittere

224 5205 484 5272 Oporterc
510 5202 663 5257 hunc
688 5217 886 5269 unum,
910 5205 1010 5256 aut
1049 5200 1192 5255 duos
1240 5216 1308 5255 ex
1336 5199 1440 5254 sibi
1474 5199 1724 5270 subjecto
1763 5199 1855 5270 pio

226 5294 408 5362 clero;
449 5300 506 5350 et
546 5296 730 5351 facere
781 5293 1077 5349 manifesta
1115 5296 1323 5348 nostra:
1363 5293 1560 5364 pietati
1611 5309 1680 5347 ea
1727 5291 1854 5363 qui-

223 5389 333 5444 bus
361 5405 504 5461 opus
538 5389 749 5444 habent
777 5393 875 5443 aut
901 5403 1006 5458 per
1029 5403 1087 5442 se
1116 5386 1286 5458 ipsos,
1313 5391 1412 5441 aut
1444 5402 1548 5458 per
1583 5385 1854 5440 interme-

225 5482 379 5538 diam
425 5486 584 5536 tuam
625 5480 1060 5549 beatitudinem,
1108 5479 1298 5552 sicque
1351 5479 1564 5552 perfrui
1599 5480 1752 5550 justa
1803 5482 1860 5533 et

224 5573 645 5646 compendiaria
683 5578 875 5628 nostra
901 5589 1040 5644 ope;
1077 5573 1127 5626 si
1155 5573 1308 5628 enim
1337 5573 1627 5646 quidpiam
1661 5587 1858 5628 eorum

225 5686 358 5742 quae
388 5666 461 5723 ad
497 5651 600 5722 no's
632 5667 804 5722 relata
838 5665 1070 5721 fuorunt
1109 5666 1218 5721 tale
1251 5667 1412 5721 nobis
1449 5666 1632 5722 visum
1665 5665 1857 5732 fuerit,

224 5768 294 5823 ut
316 5763 570 5838 indigeat
597 5762 848 5837 ipsorum
887 5761 1001 5816 Deo
1042 5761 1567 5818 amantissimorum
1609 5759 1865 5815 sacerdo-

331 5974 359 5994 ι.

1945 4549 2137 4600 autem
2169 4545 2227 4598 in
2251 4543 2600 4599 monasterio
2616 4558 2870 4611 manere,
2889 4542 2968 4598 ita
2990 4545 3054 4596 ut
3078 4558 3168 4597 res
3193 4542 3343 4614 ipius
3371 4559 3569 4598 mona-

1947 4639 2104 4694 sterii
2146 4637 2387 4693 mobiles
2419 4641 2474 4692 et
2504 4636 2845 4704 immobiles,
2887 4641 2946 4690 et
2973 4653 3030 4692 se
3068 4641 3362 4691 moventes
3388 4635 3448 4691 hi
3475 4634 3573 4708 qui

1948 4735 2156 4786 exeunt
2181 4747 2310 4786 cum
2338 4729 2426 4784 his
2457 4729 2554 4802 qui
2581 4734 2836 4798 manent,
2873 4745 2976 4800 pro
3003 4733 3127 4784 rata
3157 4728 3431 4784 dividant.
3467 4730 3571 4784 Ne-

1948 4825 2200 4881 cessariis
2223 4827 2414 4879 autem
2439 4819 2728 4896 responsis
2747 4823 2895 4894 apud
2920 4839 2979 4878 se
3007 4821 3332 4894 degentium
3359 4838 3576 4894 separa-

1951 4920 2054 4974 tim
2111 4918 2440 4987 mulierum,
2489 4932 2667 4972 unum
2711 4933 2909 4972 senem
2949 4932 2983 4971 a
3025 4918 3140 4971 Deo
3179 4915 3574 4972 amantissimo

1953 5013 2214 5085 episcopo
2261 5010 2502 5066 civitatis
2543 5009 2838 5083 segregari
2868 5026 2881 5064 :
2933 5008 3008 5064 ad
3037 5008 3260 5063 divinas
3283 5025 3416 5064 vero
3447 5027 3578 5082 per-

1954 5105 2204 5178 agendas
2225 5104 2482 5176 liturgias
2509 5109 2568 5159 et
2587 5107 2783 5158 sancta
2809 5101 3215 5157 communione
3240 5103 3581 5176 participan-

1953 5200 2056 5256 das
2073 5215 2254 5254 unum
2280 5197 2698 5270 presbyterum,
2715 5199 2772 5250 et
2793 5211 2972 5250 unum
2999 5195 3302 5252 diaconum
3322 5196 3580 5254 honesta:

1954 5293 2084 5348 vitea
2116 5291 2257 5361 dari,
2307 5291 2407 5363 qui
2433 5291 2555 5346 haec
2583 5291 2704 5345 sola
2747 5289 3068 5360 supradicta
3112 5305 3281 5361 agere
3313 5290 3576 5359 debeant,

1957 5403 2074 5442 non
2112 5385 2286 5440 etiam
2325 5383 2576 5439 convesci
2619 5387 2678 5439 et
2720 5382 3062 5450 conversari,
3107 5387 3206 5438 aut
3253 5383 3578 5438 cohabitare

1958 5496 2089 5534 cum
2116 5478 2268 5550 ipsis.
2299 5478 2393 5532 His
2419 5477 2573 5531 enim
2612 5477 2861 5546 servatis,
2895 5481 2954 5532 et
2977 5475 3114 5548 ipsis
3148 5475 3282 5531 felix
3308 5475 3426 5530 vita
3450 5475 3578 5544 erit,

1959 5573 2056 5645 qui
2087 5570 2402 5626 solitariam
2423 5571 2598 5626 vitam
2619 5570 2916 5642 elegerint,
2945 5572 3000 5624 et
3026 5567 3350 5624 communis
3373 5573 3581 5641 nostra!

1962 5665 2339 5737 reipubliquaa
2359 5681 2449 5719 res
2469 5663 2809 5736 paratiorem
2837 5665 3258 5733 consequentur
3273 5677 3306 5715 a
3336 5661 3452 5716 Deo
3478 5663 3587 5719 cle-

1962 5758 2321 5817 mentissimo
2349 5774 2535 5834 opem.
2581 5757 2718 5824 Que
2770 5757 2945 5828 igitur
2982 5770 3151 5826 super
3189 5756 3587 5821 communibus
3674 5760 3680 5766 ’
