4056 6184
475 285 606 338 1059

1608 259 1862 318 ΒᾸΕΕΠΙΛ
1902 257 2091 314 SEXTI
2131 247 2680 314 SUPPLEMENTUM.

3695 241 3718 298 i
3727 247 3831 299 060

471 389 640 445 rebus
663 389 720 440 et
744 398 896 439 nunc
940 382 1093 435 recte
1142 371 1353 429 habere
1400 367 1864 433 existimavimus,
1895 364 2094 434 hujus-
2119 376 2178 449 Α
2199 363 2332 420 teris
2357 379 2542 434 neque
2585 355 3072 416 reverendissimis
3099 350 3367 420 diaconis,
3398 357 3499 408 aut
3526 349 3830 407 subdiaco-

473 479 632 538 modi
658 483 808 534 sunt.
837 473 950 531 Sed
991 473 1050 525 et
1073 465 1420 524 credidimus
1445 480 1559 518 non
1589 476 1822 533 parvam
1852 457 1988 514 hinc
2015 457 2094 510 vi-

473 592 601 632 sum
629 573 699 628 iri
723 568 976 626 additam
1015 578 1140 618 esse
1171 560 1260 615 his
1287 575 1356 614 ex
1383 555 1574 613 divina
1601 559 1798 610 nostra
1825 550 2096 608 constitu-

474 669 631 725 tione
661 663 984 720 utilitatem.

544 762 576 834 §
605 763 652 814 l.
682 755 787 813 Sed
809 758 867 809 et
900 746 1298 807 observatione
1327 748 1384 799 et
1424 743 1644 798 cautela
1675 737 1930 810 diligenti
1958 751 2100 808 opus

473 829 575 924 est,
596 868 666 906 ne
693 849 810 904 ullo
831 845 1000 900 modo
1024 841 1441 914 praetereantur
1455 837 1596 890 haec.
1617 832 1777 899 Quod
1798 847 1911 886 non
1938 829 2100 884 aliter

474 922 786 1015 continget,
815 953 987 1010 quam
1008 935 1056 990 si
1076 936 1191 990 Deo
1219 927 1593 987 amantissimi
1615 926 1889 998 cujusque
1907 922 2102 979 civita-

472 1041 543 1097 tis
555 1033 805 1110 episcopi
821 1029 1124 1102 inspiciant
1135 1025 1438 1097 diligenter
1451 1019 1872 1078 monachorum
1891 1015 2100 1086 degen-

473 1135 620 1189 tium
649 1131 708 1184 in
736 1121 1100 1182 monasteriis
1125 1119 1228 1174 sub
1254 1134 1356 1172 sua
1381 1131 1518 1171 cura
1544 1111 1838 1178 ordinatis,
1861 1123 2096 1164 conver-

473 1225 755 1288 sationes;
799 1223 858 1273 et
907 1216 952 1270 si
1005 1213 1142 1286 quid
1186 1209 1464 1266 senserint
1513 1204 1842 1278 hujusmodi
1887 1203 2096 1273 lapsus,

475 1316 740 1376 omnibus
765 1310 948 1368 modis
975 1308 1336 1378 compescant
1355 1303 1466 1356 tale
1494 1300 1751 1372 ipsorum
1770 1296 2096 1366 inceptum;

475 1417 532 1468 et
557 1407 738 1483 poenis
757 1401 1061 1476 subjiciant
1089 1415 1186 1454 eos
1208 1396 1306 1468 qui
1333 1399 1463 1466 post
1485 1397 1740 1448 nostram
1759 1385 2098 1461 prohibitio-

474 1521 614 1562 nem
637 1501 824 1557 adhne
845 1495 980 1552 talia
993 1494 1324 1566 perpetrant
1337 1506 1354 1559 ;
1373 1490 1433 1542 et
1445 1490 1654 1557 cogant
1671 1487 1731 1538 ut
1759 1496 1956 1537 eorum
1970 1495 2100 1534 con-

472 1595 827 1654 versationes
857 1589 971 1644 sint
1005 1601 1181 1659 purae,
1227 1588 1284 1638 et
1325 1582 1603 1652 separatas
1637 1577 1709 1632 ab
1755 1573 1916 1630 omni
1941 1589 2096 1626 com-

472 1689 688 1748 mercio
710 1681 994 1741 muliebri.
1013 1681 1157 1735 Nam
1174 1674 1378 1746 etipsis
1398 1673 1513 1728 Deo
1530 1667 1939 1727 amantissimis
1957 1665 2101 1737 epis-

2197 453 2285 508 nis
2311 452 2536 524 nuptias
2561 449 2892 505 contrahere
2911 451 3036 518 post
3053 442 3380 514 hujusmodi
3409 440 3834 496 ordinationem

2197 544 2675 618 permittentibus,
2704 541 2803 597 sed
2843 539 2978 595 solis
3019 534 3500 594 reverendissimis
3534 531 3740 605 psaltis
3783 539 3836 586 et

2196 639 2499 694 lectoribus
2527 636 2583 692 id
2625 632 3080 699 concedentibus,
3120 627 3631 684 animadvertimus
3659 643 3832 697 quos-

2197 733 2326 788 dam
2355 731 2724 802 despicientes
2749 727 2979 799 quidem
3003 739 3188 779 sacros
3212 737 3456 778 canones
3483 736 3696 792 pueros
3724 735 3830 774 au-

2198 830 2314 882 tem
2350 827 2688 896 generantes
2727 837 2796 877 ex
2830 817 3169 892 quibusdam
3213 813 3570 882 mulieribus,
3619 813 3835 884 quibus

2198 917 2467 990 conjungi
2492 915 2803 972 secundum
2822 909 3222 967 sacerdotalem
3241 923 3539 962 censuram
3557 922 3678 961 non
3703 921 3836 978 pos-

2198 1018 2348 1070 sunt.
2391 1010 2674 1076 Quoniam
2707 1007 2885 1080 igitur
2917 1020 3082 1077 poena
3120 1000 3385 1057 facinoris
3415 1000 3586 1071 hujus
3611 1000 3673 1054 in
3710 1000 3836 1054 sola

2197 1106 2492 1165 sacerdotii
2517 1107 2640 1160 erat
2661 1100 2983 1166 amissione,
3013 1112 3194 1152 sacros
3221 1097 3414 1150 autem
3436 1109 3683 1148 canones
3713 1109 3834 1148 non

2199 1202 2386 1258 minus
2413 1214 2584 1271 quam
2624 1197 2796 1266 leges,
2826 1193 3030 1257 valere,
3059 1189 3232 1245 etiam
3261 1190 3472 1242 nostrae
3517 1187 3720 1241 volunt
3740 1187 3832 1242 le-

2199 1313 2317 1368 ges,
2362 1292 2643 1349 sancimus
2673 1286 2928 1342 obtinere
2965 1283 3024 1338 in
3066 1282 3179 1338 illis
3215 1286 3273 1336 et
3310 1296 3440 1352 qum
3495 1279 3666 1335 sacris
3711 1280 3834 1334 visa

2197 1393 2330 1444 sunt
2364 1383 2690 1451 canonibus,
2730 1378 2968 1454 perinde
3008 1395 3072 1432 ac
3105 1377 3153 1432 si
3186 1375 3438 1430 civilibus
3483 1373 3829 1444 inscriptum

2197 1485 2342 1538 esset
2366 1479 2620 1552 legibus;
2645 1480 2704 1530 et
2737 1489 2936 1530 omnes
2960 1469 3276 1527 istiusmodi
3296 1467 3553 1524 homines
3573 1473 3694 1522 tam
3736 1483 3832 1521 sa-

2197 1573 2444 1632 cerdotio
2468 1587 2641 1644 quam
2666 1567 2854 1624 divino
2890 1563 3226 1631 ministerio,
3248 1565 3419 1634 atque
3442 1561 3616 1616 etiam
3641 1559 3697 1614 di
3705 1561 3835 1631 gui-

2195 1672 2310 1724 tate
2337 1667 2459 1738 ipsa
2481 1679 2654 1736 quam
2673 1661 2884 1717 habent
2903 1656 3124 1714 nudari.
3151 1653 3645 1721 Quemadmodum
3666 1651 3827 1707 enim

475 1783 650 1856 copis,
679 1781 726 1836 si
757 1779 865 1844 hoc
900 1777 1052 1830 recte
1079 1769 1358 1826 aestimare
1391 1763 1690 1830 voluerint,
1734 1759 2100 1833 perspicuum
2119 1746 2176 1816 Β
2197 1760 2365 1816 sacris
2398 1755 2708 1814 eanonibus
2747 1751 3034 1825 prohibita
3066 1754 3201 1805 sunt
3241 1748 3396 1813 talia,
3429 1746 3509 1802 sic
3535 1751 3594 1802 et
3616 1762 3826 1802 secun-

475 1849 567 1932 est
588 1872 738 1946 quod
771 1887 839 1925 ex
867 1863 1264 1923 observatione
1301 1861 1549 1914 honestae
1593 1855 1764 1926 hujus
1810 1849 2096 1908 devotissi-

472 1945 703 2026 morum
730 1960 1142 2032 monachorum
1172 1949 1639 2017 conversationis,
1663 1951 1720 2002 et
1739 1947 1782 2000 si
1812 1945 1891 2000 eis
1917 1945 2098 1999 conti-

475 2061 626 2136 gerit
663 2056 804 2114 nihil
836 2053 1125 2117 indecens,
1159 2052 1259 2104 aut
1284 2046 1654 2100 inhonestum
1680 2039 1956 2108 accidere,
1987 2038 2097 2091 cle-

474 2171 642 2212 mens
664 2154 810 2208 Deus
840 2143 1121 2220 propitius
1149 2157 1242 2196 res
1268 2151 1604 2194 communes
1646 2137 1856 2209 nwtrae
1886 2129 2098 2201 Reipu-

469 2249 634 2306 blicte
662 2239 1018 2300 secundabit.

543 2341 575 2414 §
600 2344 654 2396 2.
688 2336 802 2394 Sed
831 2350 905 2389 ne
933 2333 1020 2386 vel
1047 2329 1154 2402 ipsi
1180 2329 1297 2383 Deo
1324 2320 1696 2379 amantissimi
1724 2317 1972 2390 episcopi
2003 2333 2098 2370 su-

473 2445 822 2508 pervacuum
854 2427 1064 2481 ducant
1087 2423 1197 2478 hoc
1228 2421 1488 2474 nostrum
1519 2415 1894 2487 przeceptum,
1934 2424 2098 2464 nosse

470 2503 623 2601 ipsos
648 2523 927 2586 volumus,
956 2515 1112 2588 quod
1139 2515 1184 2568 si
1220 2513 1346 2584 quis
1381 2511 1639 2581 ipsorum
1668 2504 2000 2560 manifestus
2029 2503 2101 2557 sit

470 2599 588 2678 non
618 2633 750 2672 cum
772 2611 929 2670 omni
955 2605 1252 2679 diligentia
1279 2605 1402 2658 haec
1429 2599 1795 2670 investigare,
1843 2600 1944 2651 aut
1973 2611 2098 2650 ma-

471 2714 744 2770 nifestum
780 2707 1004 2777 lapsum
1034 2717 1147 2756 non
1191 2695 1508 2752 secundum
1555 2692 1856 2764 praedictos
1898 2688 2101 2744 modus

473 2803 799 2865 emendare,
813 2795 1087 2854 obnoxius
1105 2791 1341 2864 quidem
1371 2788 1480 2842 erit
1491 2785 1708 2857 judicio
1721 2782 1948 2838 Domini
1973 2781 2096 2848 Dei,

473 2905 532 2955 et
558 2894 791 2953 nuncin
813 2893 1004 2964 ipsum
1024 2886 1212 2942 veniet
1236 2881 1462 2954 imperii
1483 2878 1664 2934 nostri
1679 2875 2018 2948 indignatio,
2041 2877 2101 2928 et

471 2991 621 3046 circa
655 2989 843 3060 ipsum
881 2977 1296 3054 periclitabitur
1333 2971 1734 3036 sacerdotium,
1771 2983 1956 3040 neque
1985 2967 2101 3020 alia

471 3083 687 3152 majore
703 3093 845 3148 opus
870 3073 978 3130 erit
1003 3067 1422 3142 indignatione.
1450 3094 1519 3104 -—
1545 3063 1647 3136 §3.
1676 3063 1793 3116 Tua
1820 3061 1996 3131 igitur
2010 3075 2100 3112 ex-
2118 3101 2173 3174 C

473 3171 738 3231 cellentia
779 3166 1031 3224 divinam
1081 3165 1336 3218 nostram
1387 3159 1535 3212 hanc
1579 3155 1720 3226 legis
1761 3153 2098 3225 positionem

470 3265 832 3322 manifestam
895 3257 1062 3312 faciat
1102 3253 1491 3324 cujuscunque
1545 3246 1932 3318 metropoleos
1984 3246 2098 3298 Deo

469 3353 870 3416 amantissimis
935 3347 1228 3422 spiscopis,
1271 3349 1328 3398 et
1369 3340 1698 3398 clarissimis
1761 3337 2100 3410 praesidibus

467 3449 923 3525 provinciarum:
942 3441 1156 3498 addens
1167 3438 1360 3504 ethoc,
1381 3434 1532 3508 quod
1550 3438 1608 3489 et
1630 3432 1758 3504 ipsi,
1774 3433 1822 3486 si
1842 3447 1986 3502 opus
2003 3429 2096 3498 sit,

469 3523 646 3602 omne
669 3544 862 3598 ferant
889 3535 1162 3593 auxilium
1195 3529 1464 3604 piissimis
1488 3527 1778 3582 civitatum
1798 3523 2094 3596 episeOpis,

469 3632 884 3708 adhujusmodi
903 3626 1130 3702 [lapsus]
1156 3622 1492 3690 coercenda,
1512 3637 1641 3692 quae
1656 3618 1776 3674 tolli
1787 3617 2093 3690 jussimus;

469 3737 528 3788 et
551 3731 597 3785 si
623 3745 738 3802 qua
779 3721 1137 3797 negligentia
1165 3735 1260 3773 eos
1287 3733 1414 3771 usos
1442 3731 1559 3770 esse
1587 3711 1933 3780 invenerint,
1966 3727 2092 3766 ma-

469 3823 734 3879 nifestam
753 3835 880 3875 eam
903 3815 1067 3872 nobis
1085 3811 1314 3885 proprio
1328 3808 1541 3864 facient
1559 3805 1796 3874 indicio,
1817 3808 1882 3860 ut
1899 3803 2096 3875 utique

469 3931 674 3973 omnes
707 3913 1074 3983 cognoscant,
1099 3909 1157 3961 et
1179 3919 1440 3976 quaenam
1479 3900 1552 3956 ab
1585 3899 1720 3970 ipsis
1749 3897 1965 3952 servari
1995 3897 2094 3952 de-

465 4012 664 4079 beant,
693 4008 754 4061 et
775 4020 843 4059 ex
875 3998 1226 4073 negligentia
1269 3993 1564 4050 deﬁnitam
1606 4007 1858 4064 peanam.
1886 3991 2100 4046 Curent

465 4110 657 4176 autem
690 4105 750 4158 et
775 4100 891 4154 Deo
922 4089 1302 4152 amantissimi
1341 4085 1732 4158 metropolitae,
1765 4083 1944 4138 etiam
1971 4081 2098 4138 aliis

465 4189 959 4269 reverendissimis
979 4186 1269 4244 civitatum
1285 4179 1565 4253 episcopis
1587 4176 1848 4249 ejusdem
1873 4177 2098 4248 provin-

467 4293 572 4351 cias
598 4291 788 4354 facere
801 4282 1160 4350 manifestam
1177 4275 1427 4333 divinam
1449 4274 1595 4328 hanc
1613 4273 1864 4328 nostram
1879 4271 2092 4342 legem,

467 4390 527 4443 et
552 4381 889 4441 denuntiare
921 4373 1208 4442 omnibus,
1247 4375 1310 4430 ut
1337 4367 1494 4440 vigili
1527 4364 1719 4420 studio
1745 4365 1865 4420 haec
1903 4369 2091 4420 custo-

2199 1853 2336 1910 dum
2369 1849 2766 1921 nostras-leges
2796 1862 2916 1902 rem
2959 1843 3144 1916 ipsam
3172 1841 3498 1914 prohiberi;
3529 1842 3588 1896 et
3613 1845 3832 1912 praeter

2198 1947 2574 2020 supradictam
2595 1939 2890 1998 excidendi
2909 1956 2942 1992 a
2972 1935 3288 1992 ministerio
3315 1952 3558 2008 poenam,
3589 1951 3659 1989 ne
3684 1935 3832 2008 legi.

2197 2041 2366 2096 timos
2391 2037 2623 2110 quidem
2647 2037 2704 2090 et
2728 2031 2986 2105 proprios
3011 2046 3130 2086 esse
3151 2045 3247 2085 eos
3272 2028 3368 2101 qui
3399 2045 3468 2082 ex
3496 2028 3834 2098 hujusmodi

2197 2131 2524 2188 inordinata
2549 2123 3010 2198 constupratione
3036 2126 3368 2188 nascuntur,
3396 2126 3494 2176 aut
3510 2121 3627 2176 nati
3643 2125 3782 2175 sunt
3812 2136 3830 2175 ε

2199 2226 2293 2282 sed
2321 2240 2442 2280 eam
2471 2238 2597 2294 quae
2622 2237 2688 2276 ex
2711 2217 2920 2274 talibus
2945 2214 3256 2272 seminibus
3282 2215 3462 2269 oritur
3501 2213 3831 2286 participari

2197 2317 2646 2390 turpitudinem;
2669 2313 2808 2368 tales
2832 2311 2988 2367 enim
3013 2327 3110 2366 eos
3133 2325 3253 2364 csse
3276 2307 3649 2380 disponimus,
3677 2323 3827 2379 qua-

2199 2414 2280 2468 les
2317 2427 2456 2484 quos
2489 2407 2644 2480 leges
2683 2423 2754 2462 ex
2788 2404 3015 2460 incestis
3052 2409 3153 2458 aut
3175 2401 3402 2457 nefariis
3427 2405 3590 2455 natos
3612 2399 3834 2472 nuptiis

2199 2503 2496 2570 deﬁniunt,
2525 2502 2605 2557 ita
2631 2504 2694 2554 ut
2715 2513 2902 2570 neque
2918 2496 3202 2552 naturales
3225 2500 3322 2550 aut
3341 2494 3500 2549 nothi
3526 2509 3626 2548 seu
3644 2494 3834 2565 spurii

2198 2597 2608 2668 intelligantur,
2646 2592 2750 2648 sed
2790 2607 3022 2663 prorsus
3058 2595 3116 2644 et
3157 2588 3410 2659 undique
3453 2586 3730 2660 prohibiti
3775 2589 3834 2641 et

2199 2689 2564 2748 successionis
2590 2687 2914 2760 genitorum
2940 2683 3188 2754 indigni;
3225 2699 3288 2736 ac
3321 2697 3426 2736 nec
3453 2680 3827 2736 donationem

2197 2785 2268 2840 ab
2294 2784 2406 2839 illis
2431 2797 2630 2853 capere
2653 2778 2886 2851 possint,
2926 2793 3114 2848 neque
3156 2775 3216 2830 hi
3245 2790 3429 2845 neque
3453 2774 3662 2828 horum
3701 2789 3828 2828 ma-

2198 2883 2334 2945 tres,
2361 2892 2465 2931 nec
2493 2890 2598 2946 per
2621 2869 2985 2942 interpositas
3003 2869 3235 2941 quidem
3259 2883 3551 2939 personas,
3582 2865 3678 2920 sed
3709 2883 3835 2920 oui-

2197 2971 2364 3026 nibus
2392 2969 2450 3024 in
2481 2968 2585 3022 hos
2612 2964 2824 3022 collatis
2843 2961 3142 3035 apatribus
3158 2957 3444 3016 beneﬁciis
3473 2958 3548 3014 ad
3575 2963 3826 3013 sanctam

2200 3061 2493 3118 ecclesiam
2519 3077 2586 3115 ex
2609 3075 2721 3131 qua
2749 3055 2997 3127 suntqui
3019 3053 3152 3110 talia
3170 3053 3534 3124 deliquerunt
3544 3058 3833 3107 reverten-

2196 3157 2368 3212 tibus.
2397 3154 2553 3220 Quod
2581 3151 2734 3208 enim
2767 3148 2910 3205 sacri
2936 3164 3178 3204 canones
3211 3146 3537 3218 prohibent,
3567 3144 3624 3200 id
3652 3146 3828 3200 etiam

2199 3255 2254 3305 et
2277 3265 2378 3304 nos
2401 3264 2506 3320 per
2532 3251 2753 3302 nostras
2782 3243 3076 3299 abolemus
3105 3242 3280 3312 leges.
3309 3239 3365 3295 Si
3398 3255 3534 3294 vero
3559 3238 3830 3294 simulata

2198 3342 2460 3415 quaedam
2487 3339 2756 3411 obligatio
2781 3336 2886 3392 sub
2912 3335 3099 3408 specie
3119 3334 3306 3390 mutui
3331 3332 3418 3388 vel
3437 3333 3670 3388 alterius
3695 3349 3830 3388 eon-

2195 3441 2406 3491 tractus
2431 3431 2794 3488 instrumenti
2820 3431 2936 3497 ttat,
2980 3445 3108 3500 quas
3146 3427 3460 3498 obligatum
3492 3426 3663 3481 faciat
3687 3442 3828 3482 eum

2195 3529 2294 3602 qui
2331 3525 2658 3599 hujusmodi
2689 3521 3161 3594 constuprationis
3189 3519 3470 3592 particeps
3507 3521 3688 3575 factus
3715 3527 3825 3585 est,

2197 3623 2342 3677 hanc
2369 3621 2536 3676 etiam
2565 3619 2846 3674 inﬁrmam
2875 3631 2994 3672 esse
3019 3616 3294 3683 volumus,
3322 3618 3378 3668 et
3403 3613 3604 3668 talium
3629 3630 3828 3669 rerum

2195 3715 2484 3770 dationem
2515 3729 2628 3768 non
2657 3711 2726 3766 ad
2753 3726 2878 3765 eam
2919 3724 3221 3780 personam
3253 3706 3314 3761 in
3350 3723 3524 3778 quam
3554 3712 3830 3778 concepta

2195 3813 2327 3863 sunt
2353 3807 2576 3878 scripta,
2607 3805 2701 3860 sed
2749 3803 2818 3858 ad
2848 3802 3255 3858 sanctissimam
3302 3801 3592 3856 ecclesiam
3621 3817 3824 3872 perve-

2195 3901 2340 3956 nire.
2383 3901 2516 3954 llata
2554 3915 2622 3954 xv
2654 3896 2772 3953 Kal.
2821 3897 2980 3965 Nov.,
3021 3896 3123 3952 (ΣΡ.
3165 3895 3360 3966 Lamp.
3394 3900 3450 3950 et
3493 3893 3690 3950 Oreste
3733 3911 3826 3952 vr.

2195 4011 2276 4050 cc.
2301 4009 2440 4049 coss.
2478 3994 2567 4048 38.

2833 4069 2958 4126 LEX
3001 4067 3174 4124 XLVI.

2267 4182 2422 4238 Idem
2446 4184 2734 4252 Augustus
2756 4178 2974 4234 Juliano
3003 4177 3064 4232 Ρ.
3097 4178 3158 4232 Ρ.

2264 4275 2575 4341 Saneimus,
2607 4273 2652 4328 si
2677 4272 2804 4345 quis
2833 4270 3082 4327 moriens
3111 4269 3266 4340 piam
3285 4269 3482 4324 fecerit
3506 4267 3830 4341 dispositio-

2194 4387 2326 4426 nem
2353 4370 2438 4424 vel
2468 4384 2572 4440 per
2599 4365 2966 4422 institutionis
2995 4363 3249 4430 modum,
3277 4363 3364 4418 vel
3403 4379 3508 4434 per
3543 4363 3824 4434 legatum,

468 4480 646 4546 diant,
667 4477 926 4531 verentes
951 4467 1248 4524 deﬁnitam
1276 4477 1524 4534 poenam.
1547 4491 1614 4499 —
1635 4459 1666 4532 §
1686 4459 1738 4517 4.
1766 4461 1841 4515 Ac
1867 4474 1940 4512 ne
1967 4474 2095 4528 pro-

2196 4469 2292 4520 aut
2315 4460 2836 4527 ﬁdeicommissum,
2863 4463 2963 4514 aut
3002 4457 3205 4513 mortis
3230 4472 3400 4511 causa
3429 4455 3822 4527 donationem,

464 4571 727 4631 trahatur
738 4566 906 4639 plena
926 4559 1240 4618 observatio
1269 4555 1473 4610 divinae
1496 4556 1708 4608 nostrae
1735 4552 1906 4622 huius
1929 4551 2089 4622 legis,

2192 4558 2280 4613 vel
2305 4557 2479 4612 alium
2508 4569 2904 4626 quemcunque
2932 4551 3168 4607 modum
3198 4549 3554 4622 legitimum;
3584 4551 3699 4606 sive
3729 4552 3822 4606 in-

467 4668 642 4738 atque
673 4660 842 4716 etiam
871 4673 945 4712 ne
968 4653 1077 4726 ipsi
1102 4646 1565 4707 reverendissimi
1593 4644 1880 4712 monachi,
1913 4643 2012 4716 qui
2031 4643 2092 4698 in
2185 4649 2444 4724 junxerit
2467 4664 2572 4720 pro
2601 4652 2858 4718 tempore
2884 4645 3144 4717 episeopo
3171 4659 3364 4699 curam
3393 4659 3584 4714 agere,
3614 4651 3680 4700 ut
3707 4644 3824 4702 im-

467 4753 769 4831 praesentia
793 4749 1200 4808 conversantur
1223 4759 1356 4798 cum
1375 4738 1716 4806 monastriis,
1733 4753 1972 4810 parvum
1993 4753 2096 4808 pu-

465 4829 593 4908 tent
613 4853 842 4920 tempus
867 4842 973 4898 sibi
1008 4839 1130 4895 dari
1151 4838 1224 4893 ad
1246 4835 1496 4892 debitam
1528 4839 1586 4889 et
1612 4832 1928 4904 injunctam
1958 4829 2094 4902 ipsis

465 4941 887 5031 separationem
911 4933 1248 5000 faciendam,
1276 4929 1484 4984 annale
1501 4926 1640 4998 ipsis
1668 4925 1974 4981 deﬁnimus
1990 4923 2092 4978 de-

465 5017 686 5109 cretum
713 5033 783 5087 ab
809 5047 874 5087 eo
911 5027 1048 5099 [die]
1079 5041 1192 5096 quo
1225 5021 1533 5078 manifesta
1567 5019 1754 5075 divina
1777 5021 1974 5073 nostra
2003 5017 2094 5072 lex

468 5129 592 5198 hinc
617 5128 763 5185 facta
791 5121 980 5190 fuerit,
1009 5121 1092 5176 ita
1116 5123 1182 5174 ut
1206 5119 1332 5189 post
1351 5113 1490 5170 anni
1527 5113 1890 5181 curriculum,
1919 5111 1964 5166 si
1988 5129 2089 5184 ap-

468 5221 708 5298 pareant
731 5233 802 5272 ea
823 5231 951 5288 qua:
993 5213 1068 5268 ad
1113 5209 1434 5267 convictum
1482 5206 1732 5262 attinent
1776 5205 1835 5259 in
1884 5205 2090 5261 eodem

465 5297 704 5370 manere
737 5309 1048 5375 schemate,
1079 5305 1238 5364 locus
1265 5303 1338 5358 sit
1367 5299 1704 5358 omnimodo
1748 5297 1976 5354 insertis
2005 5298 2088 5353 di-

465 5407 614 5462 vinae
645 5403 776 5460 huic
802 5404 1010 5456 nostras
1048 5398 1164 5470 legi
1199 5395 1400 5469 poenis.
1429 5396 1633 5456 Datum
1661 5408 1728 5448 xv
1759 5391 1880 5446 Kal.
1934 5391 2088 5460 Feb.,

465 5502 595 5570 CP.,
619 5497 788 5554 Decio
812 5511 866 5551 v.
893 5511 942 5549 e.
973 5508 1115 5556 coss.
1144 5493 1267 5546 5'29.

1130 5583 1258 5638 LEX
1282 5583 1428 5637 XLV.

536 5685 695 5742 Idem
720 5684 1014 5754 Augustus
1035 5675 1258 5734 Iuliano
1286 5677 1348 5730 P.
1379 5675 1442 5729 P.

521 5776 718 5836 Sacris
742 5773 1058 5832 canonibus
1083 5784 1269 5843 neque
1296 5768 1410 5824 Deo
1428 5765 1836 5824 amantissimis
1861 5765 2092 5841 presby-

2191 4745 2456 4818 pleantur
2481 4757 2611 4813 quae
2634 4740 2753 4812 ipse
2777 4739 2970 4808 voluit,
3002 4737 3117 4793 sive
3142 4741 3200 4792 et
3224 4736 3330 4792 hoc
3357 4736 3672 4807 reticuerit,
3703 4739 3830 4793 sive

2191 4837 2362 4894 etiam
2395 4835 2452 4890 in
2497 4833 2846 4890 contrarium
2882 4831 3255 4904 prohibuerit,
3292 4829 3688 4886 necessitatem
3714 4832 3824 4887 ha-

2191 4930 2326 4986 bere
2346 4928 2596 4984 haeredes
2623 4926 2679 4981 id
2706 4925 2860 4998 quod
2887 4923 3210 4980 ordinatum
3251 4925 3338 4978 est
3359 4923 3547 4978 facere
3565 4929 3626 4978 et
3643 4927 3832 4981 adim-

2191 5024 2349 5096 plere
2383 5019 2732 5078 omnimodo.
2767 5019 2928 5084 Quod
2965 5018 3012 5072 si
3048 5017 3104 5072 id
3157 5021 3354 5088 sponte
3399 5033 3512 5072 non
3552 5018 3826 5086 fecerint,

2192 5115 2485 5173 confestim
2513 5113 2616 5169 loci
2651 5114 2763 5168 Deo
2790 5111 3058 5167 amabiles
3083 5110 3393 5182 episcopos,
3421 5110 3672 5166 eiu-iosos
3699 5129 3826 5170 esse

2191 5209 2334 5266 circa
2358 5209 2502 5274 haec,
2529 5211 2587 5262 et
2604 5205 2886 5278 postulare
2915 5207 2976 5259 ut
3001 5203 3086 5258 illi
3105 5203 3300 5259 omnia
3318 5203 3600 5274 impleant
3626 5221 3830 5261 secun-

2191 5303 2330 5359 dum
2355 5301 2706 5356 voluntatem
2750 5297 3022 5354 defuncti.
3069 5297 3175 5353 Sed
3204 5297 3250 5351 si
3288 5297 3526 5368 quidem
3569 5300 3827 5355 ecclesiae

2193 5393 2621 5451 tediticationem
2662 5390 2974 5463 injunxerit
3023 5395 3276 5458 testator,
3320 5390 3469 5445 intra
3509 5390 3824 5448 triennium

2190 5489 2399 5545 instare
2427 5504 2526 5543 eos
2562 5489 2629 5542 ut
2662 5485 3019 5558 perﬁciatur;
3044 5483 3088 5538 si
3130 5499 3263 5538 vero
3299 5485 3538 5540 xenonis
3573 5486 3823 5542 aditia-

2189 5583 2424 5651 tionem,
2451 5581 2602 5636 intra
2625 5593 2807 5634 unum
2835 5593 3052 5634 annum
3075 5576 3350 5632 duntaxat
3365 5577 3426 5632 id
3444 5576 3570 5633 ﬁeri
3589 5595 3820 5652 cogeris,

2189 5679 2462 5747 tanquam
2486 5671 2801 5730 sufﬁciente
2827 5674 3084 5744 tempore
3121 5671 3230 5727 hoc
3254 5671 3564 5727 constituto
3579 5671 3660 5728 ad
3688 5689 3822 5745 per-

2190 5768 2431 5826 ﬁcienda
2456 5783 2585 5842 quae
2605 5766 2940 5842 placuerunt
2958 5763 3358 5822 testatoribus:
3387 5781 3522 5822 cum
3551 5765 3627 5823 sit
3649 5767 3830 5844 pessi-
