4076 6186
262 264 390 316 1061

989 258 1351 319 JUSTINIANI
1392 262 1599 318 LEGES
1636 262 1968 318 SELECM.
2016 258 2135 318 LIB.
2180 258 2219 327 1,
2262 248 2382 317 τιτ.
2424 263 2513 327 ιιι,
2557 264 2687 319 LEX
2726 263 2899 319 XLVI.

3479 270 3610 327 £062

251 368 388 437 bile,
407 373 462 422 et
486 369 723 423 domum
749 370 1060 424 conducere
1083 412 1097 436 ,
1126 375 1183 424 et
1219 368 1473 423 inﬁrmos
1504 369 1614 424 illic
1642 370 1699 424 in
1727 370 1883 425 lectis
1903 381 1963 453 Α
1981 368 2082 423 sed
2110 368 2230 440 ipso
2267 370 2398 440 jure
2427 371 2713 425 intellecta
2751 370 2923 442 (quod
2965 371 3170 427 dicitur
3216 374 3401 445 vulgo)
3446 394 3608 434 mora

253 464 528 528 sternere,
561 462 742 516 donec
784 478 924 534 Opus
962 462 1346 518 aediﬁcationis
1375 462 1611 518 xenonis
1650 479 1750 518 seu
1778 463 1884 518 ho-

252 554 469 626 spitalis
497 556 864 626 compleatur.
894 556 954 611 Si
979 572 1109 611 vero
1149 556 1415 627 quaedam
1454 556 1575 610 dari
1611 556 1799 624 simul,
1829 561 1887 612 et

249 663 371 702 una
389 648 754 720 praestatione
770 649 828 702 in
851 648 972 720 pias
993 665 1188 703 causas
1216 649 1471 704 damnati
1496 649 1729 720 fuerint,
1753 666 1885 705 con-

249 741 439 796 festim
484 757 686 813 cogere
733 757 831 797 eos
874 742 1078 810 facere,
1125 742 1235 799 hoc
1275 746 1377 809 est,
1405 747 1531 813 post
1557 743 1884 797 testamenti

248 834 714 903 insinuationem,
744 840 803 889 et
830 838 959 905 post
995 835 1412 905 adprehensam
1444 836 1837 890 hiereditatem
1864 878 1877 904 ,

248 927 340 981 vel
368 927 624 997 legatum
662 927 733 982 ab
772 928 890 994 his,
932 928 1028 999 qui
1072 928 1329 983 honorati
1357 934 1507 983 sunt.
1540 958 1609 968 —
1634 929 1667 1000 §
1697 932 1746 983 1.
1778 928 1879 984 Sin

245 1023 441 1074 autem
473 1019 760 1074 transierit
785 1020 1125 1090 praedictum
1151 1025 1400 1091 tempus,
1423 1037 1489 1074 ac
1504 1036 1689 1091 neque
1709 1021 1881 1076 eccle-

247 1111 354 1180 sia,
367 1127 557 1184 neque
578 1112 859 1183 hospitale
883 1112 1227 1169 aedificatum
1252 1113 1442 1181 fuerit,
1475 1129 1663 1184 neque
1692 1114 1879 1185 hospi-

244 1204 373 1259 talis
400 1204 603 1276 aliquis
622 1203 694 1259 sit
719 1205 817 1275 qui
844 1205 954 1261 hoc
979 1206 1222 1275 ordinet,
1246 1222 1378 1260 mox
1397 1206 1551 1276 ipsos
1578 1206 1689 1261 Deo
1715 1221 1875 1261 ama-

246 1296 388 1353 biles
418 1297 713 1369 episcopos
737 1298 967 1368 exigere
996 1315 1064 1353 ea
1087 1315 1216 1370 quae
1241 1315 1345 1370 pro
1360 1315 1428 1354 eo
1447 1298 1705 1354 ordinata
1724 1305 1875 1367 sunt,

247 1394 307 1444 et
324 1391 386 1444 in
411 1390 469 1445 id
493 1390 898 1446 convenienter
913 1392 1170 1462 quaesita,
1193 1397 1251 1446 et
1268 1392 1459 1446 facere
1476 1391 1878 1447 aediﬁcationes

244 1482 733 1538 sanctissimarum
763 1484 1149 1552 ecclesiarum,
1180 1487 1239 1539 et
1271 1484 1659 1556 hospitalium,
1694 1488 1754 1539 et
1777 1502 1874 1557 ge-

243 1576 756 1643 rontocomiorum,
788 1580 890 1632 aut
928 1578 1548 1649 orphanotrophiorum
1585 1594 1874 1649 praspara-

241 1669 481 1739 tionem,
513 1672 611 1724 aut
645 1669 1232 1743 ptochotrophiorum,
1280 1674 1380 1725 aut
1412 1670 1873 1726 nosocomiorum

1983 463 2355 534 praecessisse,
2384 466 2441 517 et
2470 464 2654 518 locum
2688 464 2936 519 habente
2962 466 3251 521 fructuum
3287 472 3343 522 et
3365 470 3608 527 aliarum

1983 572 2179 631 rerum
2207 556 2544 611 accessione.
2566 587 2636 597 -—
2673 557 2707 628 §
2733 562 2783 611 5.
2828 559 2939 612 Hoc
2980 559 3180 613 eodem
3210 560 3518 631 obtinente,
3554 571 3610 619 et

1974 627 2030 702 lsi
2053 665 2168 703 non
2198 648 2268 703 ab
2294 649 2543 717 hmrcde,
2588 650 2686 704 sed
2711 667 2744 703 a
2781 650 3303 709 iideicommissario
3329 658 3427 709 aut
3450 658 3603 729 lega-

1981 741 2125 795 tario
2166 741 2426 796 relictum
2473 741 2649 797 fuerit
2693 743 3026 813 hujusmodi
3058 746 3217 816 pium
3245 746 3518 818 legatum,
3552 755 3609 805 et

1980 833 2121 889 illud
2153 834 2440 904 acceperit
2482 835 2527 889 is
2564 836 2661 906 qui
2703 836 2888 905 legato
2915 836 3228 894 honoratus
3253 845 3355 907 est,
3390 845 3447 895 et
3471 860 3605 899 mox

1981 926 2216 997 quidem
2268 927 2560 981 licentiam
2612 944 2733 982 esse
2784 931 2896 984 Deo
2938 931 3283 986 amabilibus
3335 934 3607 1007 episcopis

1978 1035 2214 1090 poscere
2244 1020 2381 1074 tales
2408 1036 2680 1091 personas
2711 1021 3056 1092 quibusdam
3098 1024 3265 1078 rebus
3304 1026 3607 1084 honoratas

1977 1110 2163 1165 facere
2183 1111 2472 1183 disposita.

2048 1204 2081 1275 §
2106 1207 2156 1258 6.
2186 1204 2239 1259 Si
2264 1220 2395 1260 vero
2416 1204 2775 1277 negligentes
2795 1207 3006 1263 fuerint
3026 1209 3280 1265 locorum
3304 1214 3417 1268 Deo
3444 1231 3602 1269 ama-

1975 1296 2116 1351 biles
2143 1297 2395 1369 episcopi
2420 1298 2481 1352 id
2507 1315 2699 1369 agere,
2726 1301 2876 1355 forte
2905 1301 3093 1371 gratia
3124 1307 3373 1376 corrupti
3399 1324 3433 1361 a
3464 1309 3602 1363 scri-

1976 1390 2089 1461 ptis
2113 1390 2458 1459 haeredibus,
2489 1392 2573 1446 vel
2595 1393 2905 1463 legatariis,
2936 1395 3021 1448 vel
3050 1395 3601 1469 fideicommissariis,

1975 1483 2207 1537 licentia
2233 1484 2343 1538 erit
2362 1490 2462 1539 aut
2487 1486 2927 1556 metropolitano
2949 1488 3267 1557 provincias,
3301 1497 3399 1546 aut
3426 1495 3606 1549 archi-

1977 1575 2246 1647 episcopo
2277 1577 2429 1632 illius
2464 1578 2788 1647 dioeceseos,
2820 1579 2941 1634 haec
2970 1585 3368 1652 cognoscenti,
3414 1586 3599 1658 inqui-

1976 1689 2125 1740 rere,
2166 1679 2224 1728 et
2252 1690 2459 1746 cogere
2497 1674 2660 1745 pium
2704 1692 2848 1747 opus
2875 1680 2974 1731 aut
3016 1679 3163 1748 piam
3204 1680 3603 1738 liberalitatem

241 1762 748 1832 constructionem,
778 1767 875 1818 aut
902 1764 1252 1836 captivorum
1278 1763 1758 1835 redemptionem,
1778 1770 1877 1819 aut
1896 1757 1953 1829 B
1976 1766 2306 1822 omnimodo
2327 1767 2585 1838 impleri;
2613 1773 2670 1823 et
2688 1768 3001 1841 cuicunque
3021 1770 3226 1827 civium
3250 1774 3401 1829 idem
3427 1777 3601 1832 etiam

243 1856 417 1910 aliam
443 1856 761 1927 quamlibet
778 1857 1059 1912 actionem
1090 1856 1268 1928 piam,
1300 1860 1619 1911 atestatore
1647 1858 1873 1913 ordina-

240 1952 387 2017 tam,
416 1948 715 2024 designare
745 1949 919 2004 etiam
940 1966 1039 2005 seu
1060 1951 1349 2021 praeﬁcere
1370 1949 1468 2021 qui
1492 1950 1617 2005 hac
1637 1949 1877 2005 admini-

240 2044 428 2097 strent
455 2042 828 2111 xenodochos,
849 2043 938 2097 vel
969 2043 1487 2115 orphanotrophos,
1519 2044 1608 2098 vel
1633 2043 1877 2115 brepho-

240 2137 496 2208 trophos,
527 2143 981 2209 gerontocomos,
1000 2138 1088 2193 vel
1105 2139 1209 2193 sim
1219 2138 1443 2210 pliciter
1462 2139 1684 2210 piarum
1705 2140 1875 2194 actio-

238 2245 385 2283 num
412 2228 673 2285 diozcetas
699 2234 757 2284 et
785 2236 1077 2286 curatores
1100 2248 1114 2286 :
1138 2248 1253 2286 non
1284 2230 1531 2303 amplius
1558 2232 1875 2287 valentibus

237 2327 375 2393 post
389 2322 521 2377 dicti
536 2323 811 2393 temporis
821 2323 1045 2396 lapsum
1060 2329 1117 2379 et
1127 2324 1341 2379 dictam
1350 2323 1408 2378 in
1415 2324 1773 2380 devotionem
1785 2325 1874 2379 his

190 2482 197 2491 ‘
241 2414 343 2486 qui
361 2415 453 2469 illa
463 2431 582 2469 non
594 2415 836 2470 fecerint
857 2415 1178 2472 immiscere
1196 2434 1255 2472 se
1268 2416 1666 2489 praedictarum
1679 2434 1873 2473 rerum

240 2505 741 2575 administrationi,
781 2514 881 2563 aut
910 2510 1020 2564 Deo
1045 2510 1323 2564 amabiles
1361 2510 1651 2582 episcopos
1686 2512 1870 2582 impe-

241 2599 366 2654 dire
393 2600 464 2654 ab
494 2600 726 2656 illarum
762 2617 959 2656 rerum
986 2602 1504 2658 administratione.
1527 2635 1596 2643 —
1622 2604 1727 2675 §2.
1752 2604 1874 2659 Cla-

240 2692 481 2747 rissimis
509 2693 847 2765 praesidibus
890 2695 1307 2765 provinciarum
1338 2696 1740 2751 necessitatem
1769 2697 1873 2750 im-

237 2786 591 2858 ponentibus
608 2788 934 2843 haeredibus
962 2788 1294 2843 omnimodo
1318 2805 1387 2843 ea
1406 2790 1696 2859 perﬁcere;
1718 2806 1873 2844 nam-

241 2895 355 2950 que
376 2884 433 2935 et
451 2880 736 2934 veteribus
756 2880 1130 2952 praedicatum
1145 2884 1230 2935 est
1243 2881 1466 2953 legibus
1482 2881 1873 2937 necessitatem

237 2971 465 3042 imponi
490 2970 731 3044 implere
765 2973 1154 3029 deficientium
1181 2975 1496 3029 voluntates
1525 2974 1605 3029 eis
1635 2975 1734 3046 qui
1763 2976 1867 3030 ha-

236 3063 376 3119 bere
402 3066 808 3136 permittuntur
837 3082 964 3137 quas
998 3067 1075 3121 illi
1099 3067 1468 3138 reliquerunt.

1973 1860 2163 1914 facere
2183 1859 2409 1915 licentia
2430 1860 2556 1928 erit,
2579 1877 2709 1915 cum
2735 1861 2808 1915 sit
2833 1863 2985 1916 enim
3028 1867 3348 1921 communis
3377 1869 3603 1939 pietatis

1972 1948 2141 2015 ratio,
2158 1965 2490 2004 communes
2507 1952 2564 2003 et
2584 1950 2889 2020 populares
2906 1951 3066 2006 decet
3083 1953 3257 2008 etiam
3278 1956 3601 2013 affectiones

1973 2040 2241 2097 constitui
2266 2042 2473 2097 harum
2503 2058 2697 2097 rerum
2727 2044 3101 2099 exsecutionis
3130 2062 3142 2099 :
3175 2046 3440 2104 habituro
3464 2067 3604 2105 uno-

1972 2150 2200 2206 quoque
2223 2134 2513 2190 licentiam
2534 2151 2599 2190 ex
2629 2140 2818 2190 nostra
2852 2135 2957 2190 hac
2974 2138 3100 2209 lege
3120 2155 3345 2194 movere
3373 2158 3441 2196 ex
3474 2144 3599 2215 lege

1973 2227 2312 2296 condictitia,
2359 2231 2417 2283 et
2446 2230 2734 2299 postulare
2774 2228 2970 2284 relicta
3007 2230 3305 2303 adimpleri
3337 2251 3351 2289 :
3386 2235 3599 2293 sciente

1974 2321 2072 2391 qui
2094 2321 2216 2375 llth
2242 2321 2572 2391 neglexerit,
2614 2323 2729 2376 Deo
2773 2323 3003 2377 amabili
3034 2323 3295 2396 episcopo
3319 2369 3332 2394 ,
3365 2331 3519 2399 quod
3544 2336 3601 2385 et

1973 2413 2109 2484 ipse,
2133 2416 2344 2485 praeter
2361 2414 2729 2470 imminentes
2769 2432 2801 2469 e
2823 2416 2958 2471 coelo
2982 2433 3193 2487 prunas,
3217 2420 3384 2475 etiam
3414 2422 3595 2494 impe-

1971 2502 2173 2557 rialem
2202 2508 2424 2558 motum
2444 2520 2617 2575 super
2630 2504 2956 2576 hujusmodi
2985 2509 3319 2579 contemptu
3342 2513 3596 2582 experie-

1970 2600 2083 2650 tur.
2109 2625 2176 2636 —-
2202 2596 2234 2667 §
2254 2600 2307 2651 7.
2336 2597 2404 2651 Ut
2434 2599 2629 2652 autem
2653 2598 2839 2653 adhuc
2858 2598 3076 2669 majore
3094 2603 3252 2655 metu
3269 2605 3598 2661 terreantur

1971 2688 2230 2744 haaredes
2255 2688 2749 2758 morientium,vel
2769 2691 2978 2746 harum
2997 2709 3190 2747 rerum
3218 2698 3596 2765 procuranda-

1970 2798 2101 2835 rum
2119 2785 2176 2835 et
2194 2782 2582 2837 faciendarum
2600 2798 2774 2837 onere
2800 2785 3036 2855 gravati,
3059 2787 3361 2856 quominus
3386 2789 3594 2846 harum

1972 2888 2166 2928 rerum
2193 2874 2453 2930 effectum
2475 2875 2759 2943 differant,
2791 2880 2848 2930 et
2876 2877 2984 2932 hoc
3004 2878 3308 2948 sancimus,
3331 2885 3395 2937 ut
3423 2884 3466 2939 si
3485 2885 3594 2939 im-

1969 2966 2131 3037 petiti
2160 2985 2194 3021 a
2218 2968 2333 3022 Deo
2355 2968 2697 3023 amabilibus
2725 2969 3019 3041 episcopis,
3048 2971 3149 3042 qui
3175 2973 3262 3027 his
3287 2975 3455 3030 rebus
3484 2978 3593 3034 ho-

1970 3060 2156 3114 norati
2186 3065 2335 3127 sunt,
2364 3064 2562 3132 postea
2594 3062 2963 3130 cessaverint,
2994 3080 3089 3118 seu
3121 3065 3482 3137 distulerint,
3515 3071 3597 3128 ita

312 3157 345 3228 §
372 3116 431 3213 3f
454 3157 565 3213 Sed
596 3159 711 3213 Deo
743 3116 1019 3215 am;bi1es
1038 3116 1306 3232 episcojpi,
1328 3162 1373 3215 si
1402 3162 1629 3233 quidem
1651 3161 1871 3233 aliquos
1892 3116 1948 3191 C
1974 3158 2035 3208 ut
2062 3154 2372 3225 praesidum
2397 3155 2691 3210 exactione
2723 3172 2865 3226 opus
2906 3156 3098 3221 fuerit,
3130 3160 3433 3216 confestim
3469 3116 3595 3221 lion

240 3249 452 3305 diserte
482 3251 544 3305 hi
573 3252 671 3323 qui
703 3252 1035 3306 defecerunt
1058 3254 1474 3325 praeposuerint
1492 3255 1659 3310 rebus
1678 3255 1869 3326 (veluti

236 3344 620 3412 xenodochos,
653 3345 1120 3416 ptochotrophos,
1135 3352 1232 3411 aut
1251 3363 1608 3415 nosocomos,
1630 3352 1729 3402 aut
1746 3349 1870 3403 bre-

236 3437 611 3509 photrophos,
628 3439 728 3491 aut
754 3438 1274 3508 orphanotrophos,
1289 3443 1389 3493 aut
1409 3445 1864 3510 gerontocomos,

238 3536 339 3585 aut.
374 3530 832 3601 paramonarios,
880 3536 979 3585 aut
1019 3547 1373 3600 mconomos,
1408 3538 1508 3588 aut
1536 3533 1869 3604 simpliciter

243 3620 528 3695 [dicendo]
567 3622 790 3694 piarum
827 3624 1118 3679 actionum
1160 3624 1695 3697 administratores),
1740 3626 1868 3681 illos

236 3715 473 3787 quidem
511 3715 847 3787 permittant
882 3717 1096 3775 habere
1134 3717 1729 3788 administrationem;
1760 3719 1866 3790 ipsi

235 3823 374 3863 vero
392 3825 505 3862 non
526 3808 927 3865 administrent
938 3809 1169 3881 quidem
1179 3853 1192 3878 ,
1207 3811 1302 3865 sed
1314 3810 1865 3867 administrationem

236 3900 468 3956 illorum
495 3901 818 3974 inspiciant,
863 3907 964 3957 aut
1006 3903 1331 3973 observent,
1361 3906 1418 3959 et
1453 3910 1602 3959 recte
1630 3905 1864 3976 quidem

236 3994 548 4049 habentem
604 3996 839 4050 laudent
896 3996 954 4049 in
1008 3996 1350 4067 quihusdam
1407 4001 1599 4052 autem
1648 3998 1865 4069 aliquid

237 4088 809 4159 praetergredientem
838 4086 1164 4160 corrigant;
1197 4089 1444 4161 pessima
1468 4095 1659 4145 autem
1685 4091 1866 4146 admi-

239 4180 577 4236 nistratione
608 4181 750 4236 facta
776 4180 951 4237 etiam
982 4198 1077 4237 eos
1110 4184 1407 4253 expellant,
1440 4188 1499 4238 et
1531 4184 1668 4239 alios
1699 4184 1860 4239 insti-

1969 3247 2157 3301 solum
2192 3247 2303 3318 ipsi
2338 3248 2609 3319 simplum
2656 3248 2828 3319 (quod
2860 3249 3085 3319 dicitur)
3126 3252 3444 3323 exigantur,
3492 3259 3593 3313 sed

1970 3340 2207 3394 omnino
2225 3339 2460 3410 duplum
2473 3381 2485 3394 .
2505 3340 2558 3395 Si
2581 3340 2733 3394 enim
2752 3340 2906 3411 apud
2926 3347 3144 3396 veteres
3158 3349 3318 3398 erant
3329 3348 3595 3416 quaedam

1966 3431 2222 3486 themata
2246 3432 2306 3485 in
2332 3432 2538 3502 quibus
2570 3448 2637 3486 ex
2676 3432 3018 3488 inﬁciatione
3050 3435 3222 3505 dupla
3246 3439 3590 3497 condemna-

1966 3522 2136 3578 tionis
2162 3522 2596 3592 inducebantur,
2629 3525 2916 3595 quomodo
2953 3526 3147 3597 utique
3179 3545 3291 3583 non
3311 3531 3481 3586 etiam
3502 3534 3594 3589 hic

1967 3631 2061 3670 eos
2096 3616 2194 3687 qui
2227 3634 2338 3671 non
2369 3617 2551 3671 solum
2582 3634 2654 3672 ne
2683 3623 2881 3688 sponte
2915 3619 3190 3686 fecerint,
3239 3624 3340 3678 sed
3370 3629 3594 3698 tempus

1964 3714 2241 3780 prmterea
2269 3710 2652 3781 protraxerint
2672 3752 2686 3779 ,
2719 3713 2780 3765 ut
2807 3714 3096 3781 postremo
3125 3713 3373 3786 impetiti
3406 3735 3438 3772 a
3477 3720 3591 3775 Deo

1965 3800 2304 3857 amabilibus
2340 3802 2621 3874 episcopis
2644 3845 2658 3871 ,
2688 3821 2753 3858 ac
2780 3804 2987 3859 deinde
3019 3822 3204 3877 neque
3238 3808 3373 3880 ipsis
3402 3812 3589 3868 statim

1963 3901 2247 3967 parentes,
2281 3913 2423 3967 opus
2444 3896 2749 3951 habuerint
2774 3897 2947 3953 etiam
2968 3900 3257 3969 praesidali
3279 3905 3589 3978 exactione,

1965 3988 2124 4060 dupli
2153 3988 2440 4044 exactione
2468 4005 2581 4044 non
2608 3991 2872 4046 convenit
2898 3992 3204 4064 castigari?

2034 4083 2144 4153 §8.
2195 4082 2251 4138 Si
2288 4098 2418 4138 vero
2473 4082 2776 4139 morientes
2810 4100 2939 4139 suos
2979 4084 3237 4143 haeredes
3289 4090 3589 4163 voluerint,

1962 4175 2192 4249 quando
2234 4175 2499 4231 morituri
2522 4182 2711 4232 essent
2736 4176 2846 4248 ipsi
2872 4177 3148 4249 haeredes,
3175 4182 3455 4239 actionem
3485 4188 3590 4243 ali-

238 4274 426 4343 tuant,
454 4273 552 4345 qui
596 4272 850 4346 cogitent
874 4280 932 4330 et
957 4275 1149 4330 animo
1186 4276 1509 4348 concipiant
1538 4278 1730 4348 magni
1760 4278 1863 4333 Dei
1962 4286 2132 4341 quam
2158 4268 2393 4340 implere
2421 4269 2596 4340 Ρὶἂω,
2637 4286 2754 4325 non
2780 4273 2974 4325 autem
3004 4271 3061 4325 in
3089 4272 3341 4343 ipsorum
3373 4277 3503 4348 vita,
3537 4286 3594 4337 et

237 4365 526 4433 timorem,
569 4372 625 4421 et
649 4366 960 4422 terribilem
993 4368 1193 4439 magni
1218 4371 1276 4424 et
1300 4386 1597 4440 nunquam
1627 4369 1863 4424 ﬁniendi
1964 4363 2072 4417 hoc
2100 4362 2385 4428 custodiri,
2416 4367 2473 4416 et
2497 4379 2609 4415 non
2652 4361 2708 4416 in
2744 4362 2932 4417 medio
2969 4363 3224 4420 hairedes
3250 4370 3376 4440 cogi
3407 4370 3589 4431 facere

233 4458 438 4530 judicii
474 4458 630 4514 diem
683 4459 759 4514 ad
796 4476 973 4531 quam
1008 4460 1134 4516 illos
1179 4461 1549 4532 respicientes
1602 4462 1865 4517 convenit
1884 4480 1942 4552 D
1963 4454 2102 4552 quid
2131 4468 2327 4552 eorum
2353 4470 2481 4524 qua:
2510 4459 2748 4509 testator
2770 4459 2899 4552 post
2934 4455 3192 4526 ipsorum
3219 4465 3463 4519 mortem
3497 4482 3587 4521 vo-

240 4550 433 4606 omnia
465 4551 656 4608 facere
685 4568 816 4608 cum
855 4553 929 4608 ad
974 4555 1152 4609 Demn
1191 4554 1518 4609 coordinata
1548 4560 1764 4610 mente.
1807 4546 1929 4610 Si—
1964 4546 2136 4603 luerit
2159 4546 2283 4602 ﬁeri
2316 4564 2330 4601 ε
2362 4564 2490 4601 cum
2522 4564 2653 4601 vero
2688 4548 3004 4605 morientur
3042 4550 3170 4622 ipsi,
3198 4555 3590 4615 necessitatem

238 4657 376 4699 vero
402 4642 983 4701 neminemdisertehi
1003 4644 1101 4719 qui
1124 4642 1447 4703 moriuntur
1462 4648 1869 4719 praestituerint
1966 4641 2213 4696 habeant
2252 4640 2581 4695 omnimodo
2626 4639 2734 4695 ista
2770 4640 3043 4713 implere;
3079 4644 3352 4704 dilatione
3395 4656 3589 4709 autem

242 4737 740 4806 administrationi,
791 4740 891 4795 sed
931 4740 990 4795 in
1029 4740 1328 4796 heredum
1374 4743 1650 4812 potestate
1680 4744 1865 4796 totum
1966 4734 2158 4806 aliqua
2182 4734 2253 4789 ab
2282 4733 2533 4805 ipsorum
2560 4734 2886 4789 haeredibus
2907 4736 3076 4804 facta,
3098 4741 3233 4795 tunc
3258 4757 3484 4800 necesse
3505 4750 3592 4805 est

240 4830 555 4902 posuerint,
578 4831 637 4886 hi
663 4836 858 4887 autem
884 4849 1010 4887 rem
1039 4834 1431 4905 neglexerint,
1461 4834 1729 4890 continuo
1756 4833 1867 4906 ipsi
1965 4827 2063 4883 illa
2088 4828 2211 4882 ﬁeri
2231 4843 2359 4899 qua:
2384 4830 2516 4882 ante
2543 4827 2939 4898 disposuimus.
2967 4860 3036 4871 —
3061 4830 3095 4902 §
3132 4834 3183 4886 9.
3225 4833 3280 4891 Si
3324 4852 3456 4891 vero
3483 4839 3585 4893 ali~

242 4924 359 4978 Deo
382 4924 649 4979 amabiles
669 4924 918 4997 episcopi
939 4929 998 4980 et
1024 4926 1445 4995 administrent,
1469 4932 1525 4982 et
1553 4927 1868 4999 praeﬁciant
1966 4938 2080 4993 qua
2100 4937 2299 4976 eorum
2325 4937 2452 5007 quae
2467 4924 2742 4976 vocantur
2756 4922 2988 4978 annalia
3009 4923 3214 4994 legata,
3235 4927 3434 4984 relicta
3461 4930 3587 4989 fue-

243 5016 652 5089 suprascriptas
674 5033 944 5089 personas
964 5018 1048 5091 (ut
1078 5020 1536 5092 ptochotrophos,
1569 5024 1669 5075 aut
1693 5036 1863 5075 noso-
1965 5016 2081 5070 rint
2099 5019 2199 5069 aut
2216 5014 2431 5069 donata
2455 5014 2604 5069 clero
2630 5015 2794 5082 ficte,
2813 5019 2913 5069 aut
2938 5019 3307 5088 monasterio,
3324 5027 3425 5079 aut
3442 5040 3592 5089 asce.

243 5124 455 5180 cornos,
477 5114 535 5165 et
564 5113 796 5166 caeteros
814 5111 1097 5184 deinceps,
1118 5113 1214 5183 qui
1235 5112 1410 5190 etiam
1429 5112 1624 5183 magni
1643 5112 1745 5167 Dei
1762 5112 1864 5167 ho-
1964 5108 2106 5176 triis,
2138 5110 2238 5162 aut
2278 5106 2624 5174 diaconissis,
2652 5112 2752 5161 aut
2794 5108 3056 5178 ptochiis,
3102 5114 3202 5165 aut
3246 5118 3586 5190 xenonibus,

242 5217 445 5257 norem
472 5206 664 5258 mente
690 5204 1032 5276 praeferant),
1056 5211 1119 5260 ut
1142 5188 1473 5261 omnimodo
1494 5210 1552 5260 et
1575 5205 1662 5259 via
1688 5209 1746 5260 et
1770 5221 1864 5259 ar-
1963 5206 2063 5256 aut
2091 5200 2442 5269 nosocomiis,
2472 5202 2571 5253 aut
2593 5199 3074 5271 brephotropbiis,
3092 5210 3190 5259 aut
3217 5188 3592 5269 sanctissima;-

243 5292 415 5349 tiﬁcio
441 5295 512 5351 ad
539 5296 803 5352 effectum
837 5297 1225 5369 perducantur
1258 5315 1386 5370 quas
1426 5298 1683 5353 ordinata
1712 5300 1862 5351 sunt.
1965 5309 2094 5349 rum
2124 5292 2486 5348 ecclesiarum
2524 5291 2867 5362 pauperibus
2889 5332 2902 5358 ,
2937 5297 3038 5349 aut
3074 5295 3435 5375 (simpliciter)
3476 5321 3587 5361 cas-

244 5417 314 5428 -
337 5387 372 5459 §
398 5389 452 5443 4.
483 5389 662 5460 Supra
688 5394 883 5445 autem
921 5407 1094 5445 omne
1134 5397 1361 5462 tempus
1395 5407 1507 5462 quo
1545 5388 1869 5445 distulerint
1964 5384 2114 5440 tibus
2133 5385 2470 5456 quibusdam
2507 5383 2631 5453 piis,
2660 5387 2759 5437 aut
2785 5385 3022 5441 omnino
3050 5404 3164 5445 non
3189 5394 3490 5463 prohibitis
3518 5412 3590 5453 ex

243 5480 432 5535 facere
457 5479 726 5551 disposita
759 5480 950 5552 scripti
980 5482 1256 5550 hmredes,
1289 5500 1385 5538 eos
1414 5482 1543 5554 cogi
1568 5483 1781 5538 solvere
1811 5485 1869 5537 et
1965 5478 2126 5549 plebe
2151 5476 2435 5548 collegiis;
2465 5474 2637 5530 velint
2659 5481 2850 5532 autem
2870 5481 3184 5538 secundum
3200 5485 3429 5556 aliquod
3448 5492 3591 5544 tem-

243 5572 480 5639 fructus,
504 5576 563 5626 et
580 5569 815 5642 reditus,
837 5578 895 5627 et
912 5589 1143 5628 omnem
1162 5576 1472 5645 legitimam
1488 5574 1866 5630 accessionem
1966 5587 2072 5642 pus
2103 5569 2163 5624 hi
2189 5568 2287 5640 qui
2313 5572 2448 5623 tunc
2472 5568 2833 5639 reperiuntur
2870 5588 3010 5628 auro
3036 5581 3263 5646 accepto
3292 5593 3462 5648 super
3489 5581 3588 5636 tali

243 5681 278 5720 a
300 5667 565 5735 tempore
595 5664 717 5735 ejus
745 5663 846 5736 qui
873 5664 1151 5735 disposuit
1173 5667 1373 5721 mortis
1408 5667 1719 5734 sancimus,
1750 5682 1868 5721 non
1967 5662 2186 5719 actione
2211 5660 2556 5732 transigere;
2586 5678 2701 5717 non
2725 5663 2886 5719 liceat
2912 5664 2971 5719 id
2998 5680 3185 5736 agere,
3219 5684 3405 5740 neque
3435 5672 3590 5743 quod

244 5757 502 5843 inspecta
521 5773 684 5816 mora
707 5756 877 5814 alitis
902 5757 1311 5815 contestatione
1342 5762 1442 5815 aut
1465 5759 1865 5833 conventione,
1966 5756 2178 5814 factum
2205 5753 2379 5811 fuerit
2402 5758 2590 5811 ratum
2607 5761 2750 5830 esto,
2769 5756 2885 5813 imo
2904 5760 2962 5810 et
2985 5757 3360 5835 privationem
3388 5780 3588 5833 rerum
