4076 6186
477 234 604 290 1063
889 265 902 298 ι

1601 233 1857 289 meum
1895 232 2085 290 se:er
2123 221 2679 290 SUPPLEMENTUM.

3575 255 3582 262 ο
3691 228 3827 288 lost

469 343 570 414 qui
595 342 716 396 11036
742 335 986 396 redemit
1013 341 1096 394 vel
1120 339 1392 411 transegit
1419 340 1710 396 sustineat.
1737 341 2095 414 Quandoqui-
2116 365 2173 436 Α
2194 342 2525 397 defunctum
2563 343 2718 398 utilis
2755 341 2844 408 sit,
2885 346 2943 396 et
2983 339 3277 396 monachis
3322 355 3564 412 praeesse
3591 340 3827 412 dignus,

471 435 602 490 dem
629 451 859 490 necesse
886 434 1012 497 erit,
1040 432 1129 487 his
1153 433 1384 504 quidem
1424 433 1522 504 qui
1549 433 1737 505 aliqua
1765 440 1922 505 parte
1948 438 2090 489 tem-

469 527 624 600 poris
659 527 872 582 fuerint
909 541 1028 580 esse
1075 525 1450 596 pecuniarum
1491 525 1732 598 copiam,
1779 527 1870 581 his
1899 532 2094 582 autem

473 622 573 692 qui
601 620 778 676 futuri
802 623 932 674 sunt
943 617 1336 674 omnimodam
1349 619 1677 674 relictorum
1698 619 2093 690 privationem.

471 714 577 768 Sed
597 729 700 768 nec
727 713 914 782 ipsum
951 711 1305 766 annaliorum
1336 729 1568 782 nomen,
1607 727 1796 783 neque
1822 717 2098 784 perpetua

472 805 721 860 defuncti
741 805 1039 874 memoria,
1063 803 1134 858 ob
1156 820 1327 876 quam
1349 808 1405 859 et
1431 821 1685 860 annuum
1707 805 1814 859 hoc
1842 805 2094 876 reliquit,

469 897 912 965 conservabitur,
933 897 1034 952 sed
1055 897 1242 952 statim
1267 898 1668 968 exstinguetur
1684 915 1800 953 una
1819 914 1949 952 cum
1975 897 2099 970 ipsa

469 991 802 1046 relictorum
822 990 1097 1045 interiens
1119 991 1478 1046 alienatione.
1517 993 1741 1046 Manere
1767 990 1943 1062 igitur
1965 1007 2094 1062 per-

469 1089 640 1155 petuo
652 1084 801 1156 ipsos
813 1083 1087 1139 obnoxios
1101 1084 1433 1155 hujusmodi
1455 1083 1776 1139 dationibus
1794 1084 2094 1152 sancimus,

469 1178 613 1231 adeo
644 1183 706 1232 ut
731 1179 777 1232 si
803 1194 917 1248 qua
951 1178 1052 1232 fiat
1075 1178 1363 1244 alienatio,
1399 1182 1455 1231 et
1479 1177 1602 1248 ipsa
1640 1177 1803 1231 irrita
1835 1177 1924 1244 sit,
1954 1181 2012 1231 et
2039 1176 2098 1230 hi

469 1271 566 1342 qui
582 1271 926 1342 quandoque
947 1274 1240 1341 praeerunt
1261 1271 1367 1340 piis
1386 1270 1524 1324 locis
1543 1269 1836 1324 licentiam
1850 1269 2102 1324 habeant

468 1365 754 1436 persequi,
800 1367 858 1417 et
893 1363 1120 1435 exigere
1167 1363 1315 1434 ipsa,
1346 1362 1501 1416 nulla
1529 1363 1807 1434 temporis
1847 1363 2106 1434 pransuri»

469 1457 662 1530 ptione
683 1456 1027 1527 opponenda
1047 1455 1198 1526 ipsis,
1227 1472 1356 1510 cum
1384 1473 1485 1526 per
1512 1472 1982 1527 unumquemque
2003 1472 2104 1510 an-

473 1567 611 1606 num
637 1549 764 1603 talis
805 1552 1071 1603 nascatur
1115 1549 1282 1604 actio.
1315 1549 1583 1613 Quinimo
1613 1549 1946 1620 hypothecas
1973 1549 2100 1602 sub-

464 1645 616 1714 jecta
640 1643 755 1696 sint
777 1643 900 1712 ejus
933 1641 1032 1712 qui
1060 1641 1292 1711 reliquit
1318 1641 1487 1708 bona,
1523 1641 1850 1712 hujusmodi
1875 1642 2097 1712 legato-

2193 435 2288 490 ille
2319 436 2445 490 aliis
2479 436 2848 506 praeferatur;
2887 433 2933 488 si
2963 451 3095 490 vero
3126 434 3225 506 qui
3263 439 3394 506 post
3422 435 3584 488 illum
3616 439 3728 501 est,
3763 435 3830 487 si-

2194 527 2405 582 militer
2430 527 2489 582 in
2517 527 2702 598 ipsum
2741 527 2958 582 feratur
2984 527 3159 582 futuri
3190 527 3442 598 praefecti
3468 527 3752 592 calculus;
3787 526 3832 578 si

2193 637 2326 675 vero
2348 620 2537 674 nullus
2567 621 2772 675 horum
2798 620 3006 692 dignus
3025 619 3302 690 videatur,
3323 619 3624 676 confestim
3647 619 3698 672 is
3731 620 3830 688 qui

2195 729 2262 767 ex
2286 712 2548 766 omnibus
2583 711 2822 768 idoneus
2867 713 2998 778 erit,
3039 712 3426 784 cujuscunque
3471 711 3686 783 gradus
3735 712 3828 778 sit,

2195 805 2612 876 praeordinetur
2628 805 2820 871 abbas,
2838 805 2936 876 qui
2957 805 3030 859 sit
3045 805 3302 861 videlicet
3321 811 3378 859 et
3398 805 3525 860 vitae
3545 805 3830 867 honest-ce,

2197 903 2254 952 et
2296 897 2550 952 honesta:
2589 897 3054 966 conversationis,
3083 903 3141 952 et
3179 899 3278 970 qui
3321 913 3544 952 servare
3583 897 3834 952 creditos

2198 989 2304 1044 sibi
2324 991 2518 1061 possit,
2540 1007 2670 1045 cum
2691 991 2763 1046 sit
2797 991 3140 1046 conveniens
3159 1007 3394 1046 omnem
3419 991 3831 1062 principatum,

2198 1088 2254 1138 et
2265 1099 2496 1138 omnem
2509 1083 2806 1138 hominum
2819 1085 3356 1155 praefecturammon
3367 1100 3434 1138 ex
3448 1083 3832 1156 temporibus,

2199 1192 2385 1248 neque
2405 1193 2472 1230 ex
2492 1177 2756 1246 sortibus,
2781 1193 2972 1248 neque
3003 1193 3070 1232 ex
3097 1177 3342 1232 fortuitis
3365 1176 3831 1241 circumstantiis,

2199 1269 2298 1324 sed
2329 1286 2400 1324 ex
2425 1269 2700 1324 electione
2725 1275 2783 1324 et
2801 1286 2865 1324 ex
2889 1285 2957 1326 eo
2979 1269 3130 1340 quod
3163 1269 3519 1340 prmstantius
3547 1274 3637 1324 est
3661 1269 3786 1322 ﬁeri
3810 1285 3826 1335 ;

2199 1367 2256 1417 et
2280 1361 2498 1417 bonum
2525 1362 2679 1432 apud
2703 1377 2902 1418 omnes
2931 1362 3320 1418 testimonium
3348 1367 3406 1417 et
3428 1361 3828 1434 probationem

2199 1470 2342 1523 esse,
2397 1453 2525 1508 ﬁeri
2565 1453 2910 1510 ordinationi
2960 1454 3241 1510 ordinem.
3273 1455 3401 1526 —-—§
3441 1459 3490 1510 l.
3532 1454 3833 1510 Manifesta

2199 1551 2390 1602 autem
2417 1547 2540 1602 haec
2565 1547 2688 1602 fieri
2712 1549 2822 1602 Deo
2853 1547 3084 1603 amabili
3113 1548 3399 1619 episcopo,
3414 1552 3482 1602 ut
3509 1563 3646 1602 cum
3671 1547 3722 1600 is
3751 1547 3834 1600 di-

2199 1639 2398 1695 dicerit
2425 1657 2559 1694 eum
2587 1640 2686 1711 qui
2729 1641 2938 1696 electus
2965 1645 3052 1696 est
3073 1683 3088 1707 ,
3119 1647 3179 1696 et
3201 1641 3310 1695 hoc
3336 1657 3395 1695 se
3423 1647 3574 1711 recte
3614 1639 3833 1694 habere
3863 1645 3867 1648 ’

469 1709 598 1790 rum
625 1709 827 1789 causai
862 1709 1032 1788 ita'ut
1072 1709 1361 1787 licentiam
1399 1709 1649 1788 habeant
1675 1750 1742 1788 ex
1771 1733 1907 1805 ipsis
1932 1709 2180 1800 rebusB
2200 1709 2624 1804 approbaverit,
2657 1733 3110 1789 consentientem
3153 1709 3495 1789 electoribus
3548 1733 3834 1788 calculum

473 1829 610 1884 satis
651 1827 759 1898 piis
801 1827 1068 1898 operibus
1115 1827 1322 1892 facere,
1352 1843 1462 1880 non
1507 1827 1693 1880 solum
1733 1843 1838 1897 pro
1869 1826 2099 1895 relictis,
2199 1825 2369 1892 ferat,
2396 1829 2452 1881 et
2479 1831 2806 1898 promoveat
2833 1826 3022 1898 ipsum
3042 1827 3112 1882 ad
3135 1827 3467 1898 hujusmodi
3495 1825 3721 1881 abbatis
3749 1842 3836 1879 or-

473 1922 571 1976 sed
599 1924 657 1975 et
680 1936 784 1990 pro
819 1918 1092 1973 fructibus
1123 1918 1398 1988 ipsorum,
1446 1924 1502 1972 et
1531 1919 1826 1986 reditibus,
1861 1923 1919 1972 et
1947 1919 2104 1973 omni
2201 1918 2412 1973 dinem.
2457 1919 2785 1990 Approbare
2815 1935 2947 1974 vero
2973 1923 3196 1992 oportet
3227 1919 3373 1974 hanc
3402 1920 3582 1990 ipsam
3608 1919 3839 1973 electio~

471 2013 724 2085 legitima
751 2011 1066 2066 accessione
1097 2010 1398 2081 temporali
1441 2011 1524 2080 (ut
1552 2011 1767 2066 dictum
1797 2012 1922 2081 est),
1951 2013 2102 2066 nulla
2203 2027 2355 2080 nem,
2384 2017 2441 2066 et
2463 2027 2566 2082 pro
2588 2019 2846 2083 tempore
2873 2013 3249 2084 patriarcham
3268 2055 3282 2082 ,
3311 2017 3368 2067 et
3394 2013 3491 2083 qui
3539 2012 3600 2066 in
3628 2011 3721 2065 his
3747 2013 3834 2066 lo-

471 2105 847 2162 retinentibus
869 2103 1289 2176 praescriptione
1311 2104 1613 2158 convenire
1629 2110 1903 2174 queunte,
1927 2121 2103 2175 quan-
2200 2105 2277 2159 cis
2303 2111 2454 2173 sunt,
2482 2105 2597 2159 Deo
2623 2105 2898 2160 amabiles
2925 2105 3222 2177 episcopos
3249 2148 3264 2173 ,
3292 2105 3566 2160 habentes
3595 2110 3654 2159 et
3682 2104 3836 2176 ipsos

471 2207 819 2269 tumcunque
830 2197 958 2268 quis
973 2196 1361 2251 numeraverit
1379 2199 1624 2267 tempus.
1647 2197 1760 2251 Nisi
1780 2197 1931 2251 inter
1949 2197 2103 2252 hunc
2193 2198 2474 2268 judicium
2505 2197 2620 2266 Dei,
2649 2201 2707 2252 et
2729 2199 2982 2253 futuram
3011 2198 3542 2254 condemnationem
3569 2203 3833 2252 metuen-

475 2295 668 2351 annali
713 2296 898 2366 legato
936 2298 1252 2361 oneratum,
1275 2298 1332 2349 et
1372 2310 1504 2348 eum
1546 2294 1642 2366 qui
1677 2294 1990 2349 secundum
2022 2312 2105 2349 sa-

473 2406 601 2445 cros
625 2405 874 2446 canones,
891 2391 948 2442 et
975 2392 1200 2442 nostras
1223 2389 1380 2457 leges
1407 2387 1616 2458 praesul
1635 2387 1973 2442 constitutus
1997 2394 2101 2455 est,

471 2481 784 2537 istiusmodi
813 2480 1124 2535 exactionis
1141 2480 1353 2535 factum
1373 2479 1546 2535 fuerit
1571 2483 1820 2551 pactum,
1842 2497 1956 2551 quo
1977 2481 2101 2552 pla-

474 2576 674 2640 cuerit,
703 2581 764 2629 ut
792 2574 999 2629 reditus
1020 2589 1125 2642 pro
1149 2589 1330 2628 annuo
1357 2573 1532 2642 legato
1563 2574 1789 2628 daretur
1811 2590 1844 2627 a
1873 2579 2106 2641 gravata

466 2684 722 2740 persona,
753 2682 958 2738 semper
983 2669 1168 2736 vigens
1205 2682 1269 2719 ac
1291 2672 1582 2736 perpetuus
1601 2707 1618 2728 ,
1657 2671 1709 2720 et
1761 2681 1868 2720 non
1922 2667 2107 2721 multis

467 2763 702 2832 publicis
725 2761 978 2816 oneribus
998 2760 1293 2824 obnoxius;
1319 2759 1413 2813 sed
1427 2764 1479 2813 et
1505 2761 1861 2814 accessionem
1885 2761 2102 2822 habens,

473 2857 686 2910 omnino
711 2853 930 2924 quidem
958 2869 1062 2907 non
1089 2855 1346 2906 minorem
1383 2859 1583 2922 quarta
1610 2857 1773 2922 parte
1795 2855 1927 2922 puri
1957 2853 2100 2906 redi-

475 2952 581 3011 tus,
613 2953 710 3002 aut
727 2947 984 3017 amplius,
1013 2949 1278 3015 quantum
1307 2946 1506 3000 scilicet
1530 2947 1675 2999 inter
1703 2959 1788 2999 eos
1809 2946 2100 3015 placuerit.

475 3041 532 3097 Si
562 3039 715 3094 enim
743 3039 853 3093 tale
877 3037 1148 3108 quiddam
1178 3037 1235 3091 in
1261 3037 1485 3108 scriptis
1512 3037 1610 3092 fiat
1638 3039 1886 3108 pactum,
1917 3040 1974 3090 et
1999 3037 2100 3092 da-

474 3140 565 3188 tus
609 3131 779 3187 fuerit
815 3130 941 3184 talis
971 3129 1203 3197 reditus,
1247 3132 1306 3183 et
1348 3134 1606 3200 receptus
1637 3130 1695 3183 in
1743 3129 1982 3200 scriptis,
2009 3147 2104 3200 pa-

473 3224 751 3281 ctionibus
778 3227 836 3277 et
859 3222 1356 3289 transactionibus,
1397 3227 1454 3276 et
1489 3222 1545 3276 id
1590 3221 1954 3276 manifestum
2003 3239 2104 3293 per

475 3328 635 3394 gesta
673 3325 1175 3377 monumentorum
1213 3319 1585 3374 constitutum
1632 3321 1844 3385 fuerit,
1885 3336 2101 3376 cessare

473 3416 825 3471 exactionem
846 3413 1025 3468 annui
1045 3413 1216 3484 legati
1253 3415 1453 3467 contra
1475 3429 1606 3468 eum
1627 3413 1724 3484 qui
1745 3429 1812 3468 eo
1838 3418 2104 3468 oneratus

473 3518 558 3573 est
572 3514 890 3578 sancimus;
913 3527 1043 3566 eum
1065 3528 1198 3565 vero
1217 3509 1464 3565 reditum
1488 3526 1592 3581 pro
1609 3511 1794 3579 legato
1814 3511 2100 3581 constitui,

474 3615 750 3688 perpetuo
781 3607 853 3662 ad
879 3605 938 3660 id
965 3605 1320 3676 deputatum,
1351 3609 1404 3658 et
1431 3603 1530 3674 qui
1557 3603 1787 3657 alienari
1812 3620 1844 3657 a
1871 3603 2103 3658 nemine

474 3717 818 3776 quocunque
860 3697 1217 3754 alienationis
1247 3695 1419 3751 modo
1448 3696 1623 3767 possit
1666 3712 1678 3750 :
1725 3696 1881 3751 nullo
1909 3700 2102 3750 autem

475 3799 682 3852 horum
729 3794 1044 3860 subsecuto,
1089 3791 1378 3861 subjacere
1427 3793 1702 3861 perpetuo
1746 3792 1826 3857 (ut
1863 3793 2032 3844 antea
2071 3807 2104 3844 a

476 3889 642 3944 nobis
679 3887 892 3942 dictum
919 3889 1017 3952 est)
1059 3882 1274 3938 dationi
1307 3897 1632 3937 annuorum
1658 3883 1978 3954 legatorum
2007 3899 2104 3937 eos

478 3981 577 4054 qui
603 3981 692 4034 his
717 3977 934 4050 gravati
959 3980 1091 4030 sunt
1125 3976 1429 4042 sancimus,
1456 3979 1522 4028 ut
1549 3981 1606 4030 et
1633 3991 1867 4042 nomen,
1897 3982 1953 4030 et
1981 3993 2102 4030 me-

478 4074 657 4130 moria
681 4070 963 4138 defuncti,
1009 4073 1068 4124 et
1111 4068 1285 4123 annui
1331 4067 1546 4121 reditus
1573 4068 1631 4122 in
1679 4067 1814 4139 ipsis
1840 4069 2106 4140 operibus

476 4172 752 4241 perpetuo
770 4167 1192 4220 conserventur.
1230 4163 1432 4217 Datum
1459 4176 1526 4215 xv
1549 4161 1784 4215 Kalend.
1811 4161 2103 4230 Novemb.,

475 4260 900 4330 Constantinop.
925 4258 1059 4312 Lam
1069 4255 1194 4328 pad.
1223 4259 1280 4310 et
1301 4254 1500 4309 Oreste
1526 4269 1666 4309 coss.
1697 4256 1820 4310 530.

1122 4349 1244 4404 LEX
1283 4348 1474 4403 XLVII.

549 4449 703 4504 Idem
727 4449 1016 4516 Augustus
1033 4443 1255 4498 Iuliano
1277 4443 1336 4497 P.
1368 4443 1428 4496 P.

475 4544 488 4577 τ
549 4541 732 4598 Sacris
757 4538 964 4594 nostris
991 4536 1212 4607 legibus
1257 4534 1707 4590 existimavimus
1744 4537 2002 4605 oportere
2050 4539 2107 4588 et

478 4637 626 4694 hanc
652 4633 804 4700 addi,
831 4648 958 4703 quia
987 4647 1054 4685 ex
1080 4630 1308 4694 virtute,
1349 4645 1465 4682 non
1506 4632 1701 4683 autem
1740 4644 1804 4682 ex
1838 4625 2107 4698 tempori-

422 4766 434 4776 ς
476 4733 602 4796 bus,
633 4725 928 4799 religiosas
957 4723 1226 4791 abbatias,
1251 4737 1352 4776 seu
1377 4721 1744 4793 praefecturas
1768 4719 2003 4776 tribuit:
2031 4720 2106 4774 ita

477 4822 753 4888 videlicet,
787 4824 849 4874 ut
875 4818 935 4872 in
965 4815 1072 4888 piis
1099 4813 1454 4870 monasteriis
1477 4855 1491 4880 ,
1519 4817 1618 4869 aut
1639 4813 1958 4883 asceteriis,
1989 4830 2122 4868 non~

479 4914 806 4971 omnimodo
835 4916 1066 4967 mortuo
1098 4908 1320 4976 abbate,
1348 4907 1430 4960 vel
1462 4906 1739 4962 abbatissa
1761 4949 1775 4976 ,
1805 4906 1868 4973 is,
1895 4906 1980 4961 vel
2006 4923 2100 4974 ea,

483 5009 601 5080 qui,
624 5008 710 5062 vel
736 5023 886 5078 quae,
928 5009 1183 5075 tempore
1224 5000 1511 5072 antiq‘lior
1538 5003 1641 5067 est,
1687 5003 1785 5054 aut
1829 4999 2106 5055 secundus

483 5100 795 5155 secundave
820 5099 1082 5169 deinceps
1110 5095 1370 5167 eligatur.
1399 5092 1793 5150 Consentimus
1819 5093 1972 5148 enim
1998 5109 2103 5148 na-

482 5199 646 5258 turae,
680 5206 862 5261 neque
880 5206 1080 5246 omnes
1105 5186 1366 5243 similiter
1389 5186 1590 5254 bonos,
1620 5201 1804 5258 neque
1824 5202 2020 5241 omnes
2045 5185 2106 5242 in

483 5299 650 5356 equo
667 5280 896 5337 facienti
916 5283 1114 5349 malos,
1137 5280 1239 5336 sed
1255 5294 1430 5352 quem
1451 5278 1645 5349 utique
1665 5283 1722 5334 et
1741 5277 1852 5332 vita
1871 5279 2102 5350 optima,

483 5381 544 5435 et
567 5390 760 5432 mores
777 5372 1021 5441 honesti,
1051 5375 1107 5426 et
1131 5373 1276 5427 circa
1308 5372 1465 5444 pium
1485 5369 1814 5426 exercitium
1839 5375 2100 5426 constan-

482 5474 582 5542 tia,
612 5475 668 5525 et
709 5479 1009 5523 commune
1047 5464 1392 5534 reliquorum
1422 5463 1834 5518 monachorum
1865 5464 2106 5534 comple~

483 5569 762 5628 mentum,
789 5563 888 5614 aut
907 5555 1158 5612 maxima
1185 5570 1384 5609 eorum
1425 5571 1555 5626 pars
1594 5555 1866 5610 idoneum
1903 5555 1974 5610 ad
1999 5555 2104 5610 hoc

485 5654 783 5730 putaverit,
811 5656 870 5707 et
895 5649 1066 5706 sacris
1089 5646 1404 5718 Evangeliis
1427 5647 1731 5717 propositis
1753 5647 2008 5720 elegerit,
2033 5647 2103 5703 ad

486 5748 879 5828 prefecturam
921 5741 1128 5814 vocari,
1169 5741 1250 5797 ita
1289 5743 1354 5795 ut
1391 5737 1435 5794 si
1463 5737 1694 5813 quidem
1736 5739 1954 5814 primus
1976 5745 2104 5814 post

2201 2296 2320 2357 tes,
2364 2291 2408 2344 si
2449 2307 2564 2345 non
2605 2307 2709 2362 per
2751 2290 3130 2361 electionem,
3177 2292 3271 2347 sed
3322 2291 3570 2362 aliquam
3624 2291 3840 2360 passio.

2204 2399 2336 2438 nem
2379 2400 2480 2438 seu
2522 2383 2886 2440 affectionem
2931 2384 3294 2455 respicientes
3345 2385 3678 2450 humanam,
3705 2398 3836 2454 pro-
3889 2457 3903 2468 _

2202 2481 2510 2537 motionem
2540 2482 2782 2538 fecerint
2812 2499 2826 2537 :
2857 2481 3135 2538 habituris
3175 2481 3330 2554 ipsis,
3377 2485 3437 2535 et
3464 2481 3524 2535 in
3563 2481 3668 2535 hac
3697 2481 3833 2547 vita,

2205 2581 2262 2630 et
2291 2576 2351 2629 in
2389 2576 2576 2629 futura
2600 2593 2634 2630 a
2660 2577 2773 2630 Deo
2803 2575 3116 2631 immissam
3150 2591 3401 2647 poenam,
3443 2573 3702 2628 videlicet
3743 2575 3832 2643 ip-

2204 2685 2394 2722 sorum
2431 2669 2778 2740 negligentia
2818 2668 3114 2723 animabus
3151 2669 3416 2740 plurimis
3462 2671 3836 2739 peccatorum

2202 2778 2397 2816 causas
2421 2761 2734 2833 praebente.
2762 2792 2833 2803 —
2861 2762 2894 2833 §
2921 2765 2975 2816 2.
3005 2763 3099 2816 His
3117 2761 3380 2816 omnibus
3406 2766 3463 2815 et
3487 2760 3544 2814 in
3570 2776 3838 2814 reveniu-

2203 2853 2444 2908 dissimis
2471 2855 2698 2910 feminis
2721 2860 2820 2910 aut
2846 2855 3161 2925 virginibus
3179 2871 3307 2926 quae
3339 2855 3448 2924 piis
3473 2853 3840 2908 monasteriis

2204 2951 2460 3018 praesunt
2495 2947 2902 3003 obtinentibus.
2934 2978 3002 2989 —
3031 2949 3064 3020 §
3103 2951 3154 3003 3.
3189 2948 3431 3019 Reliqua
3464 2947 3623 3002 omni
3669 2963 3837 3001 sacro

2203 3039 2420 3110 ordine,
2445 3057 2604 3095 sacro
2627 3040 2942 3096 ministerio
2965 3041 3276 3096 secundum
3305 3055 3436 3094 suos
3465 3039 3676 3111 gradus
3691 3056 3842 3110 prae.-

2205 3133 2442 3200 sidente,
2473 3139 2529 3188 et
2551 3134 2707 3189 nulla
2731 3135 2791 3189 in
2819 3151 2881 3189 re
2909 3151 3011 3206 per
3034 3139 3374 3206 praesentem
3393 3137 3648 3187 nostram
3674 3133 3732 3186 in
3745 3150 3844 3186 no-

2200 3232 2325 3281 vato
2352 3227 2560 3298 legem.
2591 3228 2716 3283 Dat.
2744 3244 2810 3283 xv
2840 3227 3075 3282 Kalend.
3120 3227 3442 3293 Decembr.,
3472 3227 3600 3295 CP.,
3635 3227 3839 3297 Lamp.

2202 3325 2258 3375 et
2283 3321 2478 3375 Oreste
2502 3337 2642 3375 coss.
2673 3324 2800 3377 530.

2815 3414 2941 3468 LEX
2979 3413 3202 3469 XLVIII.

2269 3506 2422 3562 Idem
2447 3511 2734 3578 Augustus
2761 3507 2966 3562 Joanni
2993 3509 3052 3562 P.
3085 3509 3146 3562 P.

2271 3599 2571 3655 Sancimus
2592 3600 2883 3656 neminem
2905 3600 2978 3655 ad
3009 3600 3396 3672 episcopatum
3422 3596 3694 3666 ordinari,
3729 3595 3842 3653 nisi

2203 3697 2261 3748 et
2287 3692 2347 3746 in
2379 3693 2505 3747 aliis
2535 3693 2702 3748 rebus
2727 3694 2877 3748 utilis
2906 3699 2962 3748 et
2985 3695 3237 3766 optimus
3271 3694 3343 3747 sit
3361 3734 3376 3759 ,
3404 3697 3462 3748 et
3486 3709 3674 3764 neque
3701 3709 3839 3746 mu-

2205 3784 2326 3840 lieri
2352 3786 2652 3856 cohabitet,
2685 3803 2870 3858 neque
2914 3787 3226 3842 liberorum
3268 3787 3472 3842 existat
3513 3789 3700 3858 pater,
3743 3785 3842 3838 sed

2203 3879 2324 3934 loco
2353 3879 2560 3948 uxoris,
2592 3881 2875 3936 adhaereat
2897 3881 3132 3952 quidem
3170 3885 3226 3934 et
3250 3880 3546 3935 centinens
3576 3879 3654 3932 sit
3689 3879 3842 3932 circa

2205 3973 2620 4028 sanctissimam
2649 3973 2976 4042 Ecclesiam;
3010 3975 3132 4029 loco
3176 3990 3308 4029 vero
3337 3973 3666 4042 liberorum,
3709 3988 3838 4027 om-

2204 4083 2332 4122 nem
2365 4066 2745 4122 Christianum
2773 4072 2831 4122 et
2859 4067 3242 4122 orthodoxum
3277 4067 3482 4122 habeat
3509 4067 3786 4138 populum
3821 4083 3836 4120 :

2204 4175 2546 4231 cognoscens
2584 4159 2662 4214 sic
2691 4160 2762 4214 ab
2793 4159 2956 4216 initio
2991 4177 3057 4216 ea
3083 4176 3212 4232 quas
3239 4159 3312 4214 de
3345 4159 3696 4215 successione
3722 4161 3842 4214 Deo

2205 4252 2533 4308 amabilium
2553 4253 2947 4324 episcoporum
2976 4258 3112 4308 sunt
3126 4271 3227 4308 nos
3248 4253 3610 4326 disposuisse,
3633 4257 3842 4308 etcum

2205 4345 2482 4417 ejusmodi
2511 4346 2850 4417 cogitatione
2889 4347 3224 4418 processisse
3250 4351 3500 4402 nostram
3529 4346 3747 4418 legem;
3783 4351 3842 4401 et

2123 4453 2184 4524 D
2205 4455 2304 4494 eos
2327 4439 2425 4510 qui
2453 4445 2660 4511 praeter
2688 4440 2808 4494 haec
2835 4439 2972 4512 quid
3010 4439 3244 4508 faciunt,
3269 4445 3368 4494 aut
3388 4439 3648 4507 fecerint,
3673 4441 3832 4494 omni

2206 4533 2526 4604 episcopatu
2557 4532 2819 4604 indignos
2844 4549 2996 4602 esse;
3041 4533 3139 4606 qui
3169 4533 3326 4588 enim
3361 4539 3486 4605 post
3527 4533 3678 4588 hanc
3723 4550 3834 4588 no—

2204 4631 2376 4680 stram
2388 4626 2851 4681 constitutionem
2873 4626 3056 4681 facere
3074 4625 3292 4697 aliquos
3311 4627 3603 4699 episcopos
3623 4631 3840 4698 printer

2205 4719 2327 4790 ejus
2351 4717 2486 4786 vim,
2517 4725 2616 4774 aut
2639 4719 2763 4776 fieri
2785 4719 2906 4774 ausi
2944 4719 3177 4786 fuerint,
3223 4735 3410 4790 neque
3449 4719 3509 4774 in
3553 4720 3837 4792 episcopis

2203 4813 2678 4882 numerabuntur,
2707 4829 2892 4884 neque
2916 4813 3234 4868 manebunt
3266 4813 3326 4868 in
3356 4812 3546 4882 sacris,
3589 4813 3698 4868 sed
3730 4831 3837 4869 ex-

2204 4906 2350 4976 pulsi
2379 4905 2450 4960 ab
2475 4906 2583 4975 his,
2614 4906 2738 4962 aliis
2767 4906 2986 4962 dabunt
2996 4907 3187 4962 locum
3206 4905 3592 4974 ordinationis,
3611 4923 3752 4962 cum
3777 4909 3840 4962 in

2203 4997 2403 5070 primis
2426 4998 2891 5071 diligentissimae,
2906 5002 3033 5054 tum
3049 4999 3218 5054 etiam
3248 5000 3361 5054 Deo
3378 5015 3481 5071 per
3497 5001 3693 5054 omnia
3707 5003 3838 5072 pla-

2203 5091 2398 5147 centis.
2422 5091 2628 5148 Datum
2655 5108 2708 5147 ιν
2727 5093 2962 5148 Kalend.
2992 5093 3172 5164 Sept.,
3200 5093 3327 5160 CP.,
3354 5096 3481 5164 post
3501 5108 3646 5148 coss.
3675 5094 3840 5149 Lam-

2204 5183 2334 5255 pad.
2359 5187 2418 5240 et
2435 5184 2616 5240 Orest.
2637 5188 2763 5242 53L

2851 5277 2978 5333 LEX
3005 5278 3174 5334 XLIX.

2275 5369 2430 5425 Idem
2452 5370 2766 5442 imperator
2783 5369 3132 5426 Justinianus
3149 5374 3434 5444 Augustus
3450 5371 3655 5427 Joanni
3678 5374 3743 5428 P.
3771 5375 3836 5429 ι).

2274 5461 2333 5517 Si
2357 5462 2487 5534 quis
2511 5462 2584 5517 ad
2602 5462 3000 5518 declinandam
3024 5463 3214 5535 legem
3236 5463 3561 5531 Falcidiam,
3583 5481 3726 5521 cum
3744 5467 3840 5522 de-

2203 5553 2411 5610 siderat
2446 5557 2625 5610 totam
2663 5571 2823 5610 suam
2861 5556 3236 5612 substantiam
3287 5573 3392 5628 pro
3439 5557 3839 5631 redemptione

2201 5647 2549 5718 captivorum
2574 5648 2918 5721 relinquere,
2949 5665 3047 5704 eos
3087 5649 3239 5721 ipsos
3265 5650 3516 5722 captivos
3545 5652 3838 5724 scripserit

2202 5739 2474 5811 heredes,
2505 5756 2576 5797 ne
2609 5741 2866 5800 videatur
2895 5741 3060 5818 quasi
3091 5741 3338 5822 incertis
3351 5745 3614 5820 personis
3639 5745 3838 5802 hare-
