4056 6184
223 288 360 344 1065

217 396 386 449 dibus
416 395 686 450 institutis
713 396 993 467 judicium
1019 418 1184 457 suum
1227 407 1680 476 oppugnandum
1710 410 1844 463 reli-

216 489 429 559 quisse,
462 489 748 544 sancimus
791 492 1072 562 ejusmodi
1115 500 1173 550 et
1207 499 1384 552 talem
1427 499 1844 557 institutionem

211 581 444 652 pietatis
473 581 684 638 intuitu
712 586 926 653 valere,
952 591 1144 643 etnon
1179 606 1301 644 esse
1333 593 1742 662 respuendam.
1774 626 1844 637 —

213 672 315 746 §l.
347 674 460 729 Sed
490 681 547 729 et
571 676 616 729 si
645 693 927 748 pauperes
955 681 1186 752 quidem
1234 685 1523 756 scripserit
1563 687 1840 757 haeredes,

214 771 274 821 et
293 785 410 822 non
429 768 749 824 inveniatur
764 776 982 828 certum
1005 777 1536 849 ptochotrophium,
1563 782 1652 835 vel
1673 787 1843 837 certae

215 862 468 916 ecclesias
488 879 789 935 pauperes,
805 865 874 920 de
891 868 1096 938 quibus
1109 873 1341 925 testator
1370 874 1724 944 cogitaverit,
1743 875 1843 930 sed

214 954 318 1008 sub
346 955 564 1010 incerto
603 957 875 1013 vocabulo
901 977 1185 1032 pauperes
1215 965 1432 1020 fuerint
1466 967 1723 1022 hasredes
1754 969 1840 1022 in-

214 1046 417 1116 stituti,
454 1049 621 1103 simili
650 1051 824 1104 modo
850 1059 907 1106 et
944 1055 1272 1125 hujusmodi
1303 1058 1719 1115 institutionem
1745 1078 1838 1116 va-

211 1140 333 1194 lere
367 1141 752 1198 decernimus.
785 1177 852 1186 —
890 1145 920 1217 §
944 1150 995 1202 2.
1025 1149 1093 1201 Et
1115 1149 1160 1203 si
1182 1150 1413 1221 quidem
1440 1153 1689 1224 captivos
1715 1155 1845 1208 scri-

210 1234 390 1304 pserit
406 1235 663 1290 haeredes
680 1238 940 1307 civitatis,
972 1241 1031 1294 in
1050 1258 1163 1312 qua
1190 1246 1431 1299 testator
1450 1247 1628 1300 larem
1650 1248 1842 1302 fovere

211 1342 276 1379 ac
303 1326 511 1397 degere
543 1330 814 1398 noscitur,
838 1333 1134 1404 episcopus
1155 1339 1211 1388 et
1247 1353 1580 1393 (economus
1603 1340 1842 1395 haeredi-

209 1423 393 1473 tatem
415 1421 744 1493 suscipiant,
764 1425 1176 1482 et'omnimodo
1191 1429 1250 1482 in
1277 1431 1737 1503 redemptionem
1758 1451 1845 1488 ca-

207 1512 499 1583 ptivorum
529 1517 802 1585 procedat
827 1519 1146 1588 haereditas,
1180 1523 1295 1576 sive
1314 1541 1416 1595 per
1436 1543 1658 1580 annuos
1687 1527 1841 1581 redi-

204 1609 319 1673 tus,
349 1607 462 1659 sive
493 1625 598 1678 per
625 1611 1012 1666 venditionem
1039 1616 1336 1670 mobilium
1379 1634 1478 1673 seu
1509 1636 1568 1672 se
1605 1636 1840 1674 moven-

206 1698 358 1752 tium
408 1716 602 1754 rerum
643 1702 758 1757 sit:
820 1706 976 1759 nullo
1023 1709 1252 1777 penitus
1281 1726 1345 1762 cx
1386 1711 1494 1765 hoc
1536 1713 1713 1783 lucro,
1755 1715 1845 1768 vel

205 1807 529 1862 mconomo,
573 1796 660 1849 vel
712 1797 1000 1869 episcopo,
1045 1803 1131 1856 vel
1177 1809 1545 1859 sacrosanctae
1592 1807 1916 1887 ecclesiaeB

206 1886 614 1957 relinquendo.
643 1888 700 1943 Si
728 1891 882 1944 enim
903 1896 1138 1964 propter
1163 1895 1271 1950 hoc
1296 1915 1327 1951 a
1359 1899 1587 1968 speciali
1607 1900 1836 1955 haerede

204 1995 497 2033 recessum
519 1984 622 2049 est,
650 1986 715 2036 ut
736 2000 852 2038 non
880 1986 1138 2042 Falcidia:
1171 1990 1316 2043 ratio
1347 1991 1668 2062 inducatur,
1703 2011 1838 2064 quo-

201 2072 385 2126 modo
410 2073 716 2130 ferendum
745 2082 848 2145 est,
878 2079 1006 2147 hoc,
1045 2083 1198 2152 quod
1231 2083 1289 2136 in
1327 2100 1553 2139 sacrum
1597 2088 1834 2156 venerit,

199 2181 309 2235 per
337 2167 644 2223 Falcidiam
673 2171 760 2224 vel
787 2171 958 2226 aliam
981 2175 1341 2230 occasionem
1373 2179 1602 2233 minui?
1630 2180 1750 2251 —§
1782 2184 1831 2234 3.

202 2258 312 2311 Ubi
327 2265 521 2314 autem
535 2260 867 2319 indistincte
884 2282 1169 2337 pauperes
1191 2270 1381 2340 scripti
1401 2278 1534 2326 sunt
1554 2273 1831 2344 haeredes,

195 2350 283 2404 tibi
309 2369 600 2408 xenonem
632 2357 753 2427 ejus
791 2359 1028 2414 civitatis
1063 2362 1396 2418 omnimodo
1434 2365 1832 2421 haereditatem

201 2445 479 2515 nancisci,
513 2451 570 2502 et
585 2465 690 2520 per
705 2452 1105 2509 xenodochum
1126 2455 1184 2508 in
1208 2461 1555 2527 aegrotantes
1583 2461 1709 2514 ﬁeri
1737 2478 1834 2531 pa-

198 2539 463 2594 trimonii
491 2541 975 2614 distributionem,
998 2550 1313 2603 secundum
1336 2552 1489 2622 quod
1509 2552 1568 2605 in
1599 2554 1833 2623 captivis

198 2633 624 2705 constituimus,
651 2639 738 2690 vel
763 2655 868 2708 per
893 2640 1186 2694 redituum
1213 2644 1508 2698 annalium
1541 2646 1827 2716 erogatio-

198 2741 363 2793 nem,
395 2728 482 2780 vel
502 2745 607 2798 per
624 2731 1017 2787 venditionem
1037 2751 1231 2789 rerum
1252 2737 1579 2806 mobilium,
1603 2741 1688 2792 vel
1707 2757 1828 2794 sese

197 2820 580 2889 moventium,
617 2827 678 2876 ut
706 2840 769 2878 ex
801 2825 888 2878 his
917 2843 1006 2882 res
1036 2827 1359 2884 immobiles
1401 2839 1826 2905 comparentur,

976 295 1338 352 JUSTINIANI
1380 299 1587 354 LEGES
1623 301 1955 358 SELECTIE.
1999 306 2123 358 LIB.
2169 309 2209 373 Ι,
2251 308 2375 362 TlT.
2418 309 2510 377 ΙΙΙ,
2552 309 2682 365 LEX
2723 311 2852 365 LIII.

3443 321 3572 372 l066

1867 441 1926 513 Α
1947 412 2276 484 hujusmodi
2299 415 2810 486 gubernationibus
2837 417 3067 473 sibimet
3083 420 3468 492 acquisierint,
3483 424 3573 478 vel

1946 506 1990 560 si
2016 507 2122 561 hoc
2148 509 2426 563 committi
2452 510 2522 564 ab
2553 511 2662 566 alio
2694 513 3101 582 consenserint,
3130 519 3187 568 et
3211 532 3327 570 non
3357 517 3571 588 gravis-

1944 600 2089 655 sima
2099 618 2268 672 poena
2289 602 2830 660 etinterminatione
2863 606 3017 678 quod
3036 624 3339 680 perperam
3357 610 3573 666 factum

1942 699 2027 748 est
2056 694 2323 750 studeant
2344 697 2654 768 corrigere.

2640 820 2766 874 LEX
2799 820 2862 874 L.

2015 931 2173 1004 idem
2202 933 2699 1004 AugustusJoanni
2728 937 2788 990 P.
2821 937 2884 989 P.

2013 1027 2152 1080 Cum
2183 1026 2312 1097 lege
2338 1028 2594 1082 Leonina
2615 1027 2748 1081 viris
2773 1028 3267 1083 reverendissimis
3290 1030 3570 1102 episcopis

1944 1120 2002 1170 et
2027 1118 2394 1189 presbyteris,
2431 1124 2488 1174 et
2514 1121 2767 1174 diaconis
2805 1119 3093 1191 peculium
3139 1122 3356 1176 habere
3409 1123 3573 1194 quasi

1943 1209 2226 1260 castrense
2253 1224 2586 1264 concessum
2613 1214 2717 1277 est,
2752 1225 2819 1264 eo
2837 1209 3032 1266 addito
3067 1212 3128 1263 ut
3160 1213 3217 1264 et
3241 1210 3302 1264 in
3333 1210 3456 1282 ipso
3483 1217 3569 1266 te-

1943 1298 2079 1352 stari
2112 1301 2332 1370 possint
2371 1301 2738 1357 dubitabatur
2772 1303 2820 1356 si
2855 1303 3185 1373 hujusmodi
3227 1307 3570 1359 testamenta

1943 1391 2190 1446 debeant
2230 1394 2299 1448 de
2332 1393 2650 1450 inofﬁcioso
2682 1395 2919 1466 querela
2957 1397 3290 1468 expugnari,
3329 1414 3461 1452 cum
3497 1397 3568 1451 de

1944 1485 2213 1540 omnibus
2241 1488 2494 1557 personis
2515 1504 2643 1558 quae
2680 1488 3014 1559 hujusmodi
3039 1489 3325 1559 peculium
3350 1506 3574 1544 merue-

1941 1581 2078 1632 runt
2095 1579 2297 1634 eadem
2316 1581 2506 1634 fuerat
2526 1581 2763 1652 quaestio
2785 1585 2978 1636 exorta
2995 1583 3022 1635 ‘I
3039 1582 3335 1636 Sancimus
3347 1583 3564 1654 itaque,

1941 1671 2074 1726 viris
2120 1673 2608 1728 reverendissimis
2657 1675 2955 1745 episcopis,
3001 1679 3058 1730 et
3100 1677 3463 1746 presbyteris,
3515 1679 3574 1730 et

1943 1763 2199 1819 diaconis
2227 1766 2325 1836 qui
2341 1767 2452 1820 tale
2469 1767 2751 1837 peculium
2772 1768 2931 1838 quasi
2949 1771 3234 1822 castrense
3256 1769 3565 1839 possident,

1939 1874 2110 1928 super
2127 1858 2216 1912 his
2247 1861 2648 1914 tantummodo
2692 1861 2863 1914 rebus
2904 1877 3031 1932 quae
3072 1861 3234 1932 quasi
3268 1862 3567 1915 castrensis

1937 1951 2121 2022 peculi
2146 1957 2294 2020 sunt,
2315 1970 2428 2006 non
2477 1954 2662 2008 solum
2689 1953 2890 2008 ultima
2916 1953 3232 2008 concedere
3253 1955 3568 2010 secundum

1936 2043 2090 2115 leges
2115 2046 2299 2115 elogia
2334 2046 2504 2100 licere
2541 2047 2714 2118 (quod
2759 2065 2826 2101 ex
2864 2047 3120 2101 Leonina
3165 2048 3565 2104 constitutione

1937 2138 2271 2208 descendit),
2302 2139 2404 2192 sed
2433 2140 2606 2194 etiam
2633 2157 2829 2195 eorum
2863 2141 3095 2196 ultimas
3113 2143 3436 2196 voluntates
3466 2156 3563 2196 su-

1935 2247 2040 2301 per
2063 2232 2152 2284 his
2180 2233 2585 2288 tantummodo
2607 2233 2834 2288 habitas
2860 2234 2929 2288 de
2955 2234 3276 2289 inofﬁcioso
3315 2235 3564 2306 querela

1934 2323 2172 2378 minime
2199 2325 2514 2396 subjacere.
2548 2328 2672 2381 Dat.
2721 2328 2865 2381 Non.
2917 2328 3213 2398 Februar.,
3259 2329 3384 2396 CP.,
3434 2330 3564 2399 post

1934 2432 2076 2471 coss.
2108 2418 2403 2489 Lampadii
2428 2422 2486 2472 et
2511 2419 2739 2488 Orestis,
2767 2437 2918 2475 anno
2940 2424 2992 2489 2,
3022 2424 3142 2476 532.

2626 2541 2754 2594 LEX
2786 2540 2872 2594 LI.

2006 2648 2162 2702 ldem
2188 2651 2478 2720 Augustus
2507 2650 2713 2704 Joanni
2732 2652 2792 2706 P.
2828 2653 2888 2705 P.

2005 2741 2062 2795 Si
2091 2741 2216 2812 quis
2236 2741 2294 2794 in
2315 2743 2726 2797 conscribendo
2743 2743 3126 2798 instrumento
3139 2758 3251 2799 sese
3269 2743 3560 2799 confessus

1928 2833 2102 2888 fuerit
2127 2850 2234 2889 non
2252 2849 2480 2889 usurum
2495 2839 2608 2903 fori
2618 2840 3028 2908 praesm‘iptione
3039 2842 3263 2908 propter
3277 2839 3565 2893 sacerdotii

198 2914 260 2965 et
290 2928 516 2967 annuus
541 2916 720 2970 victus
755 2921 1167 2989 aegrotantibus
1196 2924 1444 2979 accedat.
1490 2919 1626 2989 Quis
1670 2928 1827 2982 enim
1922 2931 2366 2997 praerogativam,
2407 2927 2694 2982 sancimus
2728 2947 2842 2984 non
2883 2930 3055 2985 licere
3087 2931 3140 2984 ei
3164 2931 3432 2985 adversus
3458 2947 3562 2986 sua

193 3007 513 3076 pauperior
541 3013 625 3062 est
659 3010 983 3067 hominibus
1004 3015 1102 3085 qui
1124 3021 1181 3070 et
1204 3017 1401 3088 inopia
1431 3020 1574 3073 tenti
1595 3024 1743 3090 sunt,
1775 3025 1831 3076 et

192 3098 257 3152 in
295 3116 520 3156 xenone
564 3104 820 3175 repositi,
858 3110 915 3159 et
952 3108 1066 3160 suis
1102 3111 1436 3180 corporibus
1475 3113 1824 3184 laborantes,

1927 3025 2090 3092 pacta
2115 3021 2328 3089 venire,
2359 3027 2411 3076 et
2451 3022 2855 3077 contrahentes
2891 3023 3174 3095 decipere,
3203 3040 3332 3078 cum
3361 3024 3562 3095 regula

1929 3113 2001 3168 sit
2022 3114 2169 3184 juris
2195 3115 2417 3188 antiqui
2453 3117 2674 3172 :Omnes
2702 3117 2970 3171 licentiam
2997 3118 3191 3172 habere
3206 3119 3289 3172 his
3314 3133 3434 3187 qua
3456 3133 3560 3187 pro

194 3194 586 3249 necessarium
611 3196 820 3250 victum
840 3199 944 3252 sibi
963 3217 1080 3254 non
1106 3208 1343 3272 possunt
1371 3205 1616 3260 afferre?
1642 3207 1822 3279 ——§4.
1848 3184 1902 3258 ί]
1926 3223 1981 3262 se
2010 3209 2228 3262 indulta
2256 3214 2383 3263 sunt
2408 3212 2742 3264 renuntiare.
2770 3209 2954 3273 Quam
2997 3211 3326 3281 generalem
3365 3211 3554 3280 legem

191 3285 453 3340 Licentia
489 3288 727 3342 omnino
767 3290 956 3345 danda
987 3299 1042 3346 et
1067 3294 1127 3347 in
1158 3297 1368 3367 priore,
1398 3303 1454 3351 et
1480 3299 1538 3352 in
1577 3301 1825 3355 secunda

189 3378 406 3449 specie,
431 3385 487 3434 et
512 3380 802 3436 actionem
828 3399 1080 3452 movere,
1111 3391 1168 3440 et
1186 3387 1379 3442 debita
1406 3391 1654 3461 exigere,
1683 3398 1745 3447 ut
1764 3393 1823 3446 in

191 3473 448 3544 captivos
485 3476 573 3528 vel
607 3475 668 3529 in
709 3481 1057 3547 mgrotantes
1086 3488 1518 3538 consumantur.
1562 3485 1620 3540 Si
1668 3487 1821 3540 enim

187 3567 498 3620 haeredum
521 3568 600 3621 eis
621 3572 678 3623 et
685 3569 780 3640 jus
807 3575 864 3624 et
880 3588 1096 3628 nomen
1115 3573 1398 3644 dedimus,
1414 3577 1535 3631 sine
1562 3579 1824 3635 Falcidia).

187 3662 390 3713 tamen
414 3661 554 3731 legis
580 3663 996 3735 emolumento,
1020 3683 1250 3721 necesse
1280 3673 1364 3722 est
1384 3685 1476 3724 eos
1498 3671 1690 3726 debita
1714 3673 1823 3726 exi-

188 3769 356 3825 gere,
387 3756 446 3807 et
463 3754 839 3811 creditoribus
868 3761 1237 3830 respondere.
1257 3793 1325 3802 —
1353 3762 1383 3834 §
1416 3767 1465 3817 5.
1501 3765 1599 3819 Sin
1629 3771 1819 3821 autem

185 3845 504 3917 ampliores
527 3847 587 3901 in
608 3849 832 3905 civitate
848 3869 1098 3907 xenones
1116 3856 1202 3908 vel
1227 3857 1667 3928 ptochotrophia
1686 3859 1818 3927 sint,

183 3955 265 3993 ne
287 3939 508 3993 incerta
525 3941 782 3996 videatur
796 3946 1169 4014 pecuniarum
1197 3948 1371 4016 datio,
1389 3953 1526 4004 tunc
1553 3952 1604 4006 ei
1616 3953 1820 4007 xenoni

97 4047 104 4051 ‘
182 4034 280 4085 vel
309 4033 774 4106 ptochotrophio,
817 4038 918 4108 qui
943 4041 1253 4111 pauperior
1287 4060 1407 4098 esse
1444 4044 1816 4118 dignoscitur,

183 4125 428 4180 easdem
468 4144 559 4182 res
601 4130 687 4182 vel
733 4132 1005 4200 pecunias
1041 4135 1317 4205 assignari
1354 4154 1676 4208 censemus,
1711 4141 1817 4196 hoc

180 4218 453 4280 videlicet
478 4220 830 4278 discutienda
859 4225 1027 4280 aviro
1053 4229 1530 4286 reverendissimo
1557 4234 1813 4290 locorum

175 4311 441 4365 antistite
464 4317 520 4367 et
549 4315 650 4368 sub
682 4332 749 4370 eo
776 4319 1095 4373 constitutis
1125 4323 1366 4393 clericis.

256 4404 288 4476 §
318 4409 369 4459 6.
390 4406 489 4460 Sin
510 4412 703 4462 autem
724 4411 912 4465 nullus
928 4415 1187 4468 xenonin
1210 4417 1436 4472 civitate
1464 4418 1811 4489 inveniatur,

178 4507 345 4570 tunc,
360 4505 675 4560 secundum
694 4508 764 4562 de
786 4511 1019 4581 captivis
1039 4515 1413 4585 sanctionem,
1435 4534 1536 4588 pro
1552 4522 1810 4590 tempore

176 4613 516 4652 oeconomus
546 4607 914 4657 sacrosanctae
945 4607 1196 4661 ecclesia:
1225 4610 1308 4663 vel
1360 4595 1654 4683 cpiscopus
1689 4614 1810 4668 hae-

176 4689 495 4745 reditatem
522 4695 792 4766 accipiat;
829 4701 886 4750 et
915 4699 1036 4752 sine
1065 4701 1322 4757 Falcidia:
1350 4705 1573 4759 ratione
1599 4723 1812 4779 paupe-

175 4783 346 4837 ribus
371 4785 468 4854 qui
494 4786 552 4840 in
569 4788 789 4845 civitale
802 4795 952 4863 sunt,
974 4795 1060 4847 vel
1085 4795 1312 4865 penitus
1332 4799 1809 4873 mendicantibus,

175 4877 272 4931 vel
292 4877 402 4931 alia
417 4883 831 4938 sustentatione
860 4887 1181 4957 egentibus,
1205 4891 1422 4946 eadem
1444 4895 1702 4963 pecuniae
1725 4897 1807 4950 di-

172 4970 556 5028 stribuantur.
584 4975 704 5048 —§
732 4982 784 5032 7.
807 4980 935 5033 Haec
957 4983 1145 5036 tamen
1173 4985 1368 5040 omnia
1393 4989 1583 5042 locum
1596 4989 1808 5044 habere

170 5063 488 5135 sancimus,
522 5069 751 5139 quando
779 5088 897 5125 non
924 5075 1064 5128 certi
1105 5079 1344 5132 xenonis
1387 5081 1474 5133 vel
1500 5082 1637 5136 certi
1679 5086 1805 5154 pto-

168 5158 523 5230 chotrophii,
558 5163 644 5217 vel
674 5169 843 5219 certa;
871 5169 1121 5224 ecclesiae
1143 5173 1462 5228 nominatio
1489 5192 1522 5229 a
1541 5179 1806 5231 testatore

167 5251 484 5309 subsecuta
508 5259 721 5324 est,sed
737 5259 989 5316 incertus
1023 5270 1106 5319 est
1125 5265 1247 5335 ejus
1260 5284 1472 5322 sensus.
1489 5269 1588 5324 Sin
1609 5273 1805 5324 autem

165 5347 234 5401 in
249 5361 562 5416 personam
581 5356 826 5423 certam,
848 5358 1303 5453 venera'pilemve
1327 5366 1545 5417 certam
1569 5364 1805 5419 domum

167 5442 513 5512 respexerit,
543 5445 595 5498 ei
611 5449 1014 5506 tantummodo
1037 5442 1435 5510 Haereditatem
1452 5458 1804 5529 vellegatum

166 5541 504 5605 competere
519 5541 826 5612 sancimus,
857 5545 1014 5600 nulla
1045 5547 1287 5603 Falcidia
1314 5566 1420 5604 nec
1445 5551 1503 5605 in
1524 5552 1628 5606 hac
1644 5558 1804 5623 parte

161 5627 588 5687 intercedente.
621 5665 690 5676 --
716 5634 746 5708 §
776 5639 828 5694 8.
861 5640 923 5693 ln
953 5641 1220 5696 omnibus
1247 5647 1440 5698 autem
1475 5645 1804 5716 hujusmodi

161 5722 396 5778 casibus
439 5727 695 5783 caelestes
734 5730 1060 5790 iracundias
1087 5742 1580 5795 sacrosanctarum
1605 5756 1805 5796 rerum

155 5816 660 5878 administratores
678 5831 1007 5897 exspectent
1025 5831 1071 5885 si
1085 5833 1480 5906 qualecunque
1497 5836 1718 5891 lucrum
1738 5853 1802 5892 ex

373 5917 650 5986 ΡΑΤιιοι.
706 5923 943 5990 LXXII.

1924 3299 1985 3353 in
2017 3302 2285 3355 omnibus
2321 3302 2542 3355 casibus
2582 3302 2840 3357 obtinere
2861 3303 3170 3371 sancimus,
3193 3302 3289 3373 qui
3311 3303 3556 3357 necdum

1925 3409 2028 3462 per
2035 3393 2366 3462 judicialem
2383 3394 2726 3448 sententiam
2738 3396 2826 3448 vel
2847 3395 3212 3449 amicabilem
3229 3395 3555 3450 conventio-

1925 3501 2060 3539 nem
2095 3486 2264 3557 sopiti
2295 3490 2444 3541 sunt.
2474 3489 2596 3541 Dat.
2626 3488 2747 3541 Kal.
2772 3488 3088 3560 Septemb.,
3108 3489 3380 3560 CP.,post
3405 3505 3548 3544 coss.

1924 3579 2198 3652 Lampad.
2233 3584 2291 3634 et
2321 3581 2532 3636 Orestis
2557 3597 2644 3637 vv.
2679 3598 2758 3637 cc.
2795 3585 2916 3638 532.

2597 3701 2724 3758 LEX
2761 3703 2870 3758 LII.

1994 3813 2150 3868 Idem
2175 3816 2464 3885 Augustus
2491 3814 2697 3869 Joanni
2724 3817 2785 3868 P.
2813 3816 2874 3869 P.

1992 3907 2343 3962 Generaliter
2360 3907 2645 3962 sancimus
2661 3924 2859 3963 omnes
2878 3905 3028 3964 viros
3040 3906 3546 3965 reverendissimos

1920 4003 2234 4074 episcopos,
2263 4018 2369 4056 nec
2393 4019 2509 4057 non
2535 4003 2922 4073 presbyteros,
2945 4002 3219 4058 diaconos
3250 4006 3308 4057 et
3326 4003 3551 4058 subdia-

1919 4113 2111 4167 conos,
2131 4100 2186 4151 et
2205 4096 2492 4168 preecipue
2507 4097 2838 4163 monachos,
2868 4097 3003 4151 licet
3027 4113 3141 4150 non
3181 4096 3296 4149 sint
3336 4096 3546 4166 clerici,

1916 4189 2345 4244 immunitatem
2363 4191 2486 4260 ipso
2499 4190 2628 4260 jure
2643 4205 2842 4244 omnes
2861 4189 3077 4242 habere
3111 4188 3300 4242 tutelae
3323 4188 3440 4242 sive
3465 4191 3547 4242 te-

1916 4283 2322 4350 stamentarias,
2346 4284 2459 4336 sive
2492 4282 2786 4352 legitimas,
2807 4281 2920 4335 sive
2950 4280 3151 4335 dativaa
3179 4298 3196 4349 ;
3221 4284 3278 4334 et
3306 4297 3423 4335 non
3449 4297 3540 4337 so-

1913 4377 2032 4430 lum
2059 4377 2253 4429 tutelae
2285 4391 2382 4429 eos
2408 4391 2529 4430 esse
2571 4377 2850 4446 expertes,
2891 4374 2990 4428 sed
3013 4373 3189 4428 etiam
3221 4390 3391 4442 curas,
3425 4391 3544 4431 non

1914 4471 2095 4523 solum
2139 4469 2485 4540 pupillorum
2507 4472 2564 4522 et
2608 4467 2955 4537 adulterum,
2998 4468 3096 4523 sed
3136 4473 3192 4522 et
3224 4468 3444 4539 furiosi,
3487 4474 3546 4523 et

1831 4555 1890 4626 D
1913 4563 2078 4630 muti,
2110 4567 2168 4617 et
2190 4563 2367 4630 surdi,
2397 4565 2455 4616 et
2485 4562 3132 4632 aliarumpersonarum,
3159 4561 3365 4632 quibus
3385 4565 3540 4617 tuto-

1914 4675 2022 4727 res,
2041 4658 2128 4712 vel
2156 4660 2446 4711 curatores
2477 4672 2511 4710 a
2529 4656 2816 4710 veteribus
2842 4655 3066 4727 legibus
3090 4656 3316 4710 dantur.
3339 4655 3457 4728 -—§
3490 4660 3536 4711 l.

1911 4752 2020 4805 Eos
2049 4755 2243 4805 tamen
2271 4749 2502 4804 clericos
2533 4753 2590 4803 et
2616 4749 2930 4804 monachos
2964 4748 3294 4820 hujusmodi
3323 4749 3538 4804 habere

1910 4845 2252 4899 beneﬁcium
2299 4843 2603 4911 sancimus,
2635 4843 2731 4914 qui
2756 4843 2910 4914 apud
2935 4845 3326 4897 sacrosanctas
3357 4843 3535 4897 eccle-

1912 4939 2039 5006 sias,
2068 4940 2154 4992 vel
2183 4937 2531 4993 monasteria
2549 4939 3041 5008 permanent,non
3069 4936 3419 5007 divagantes,
3444 4953 3540 4992 ne-

1911 5048 2022 5103 que
2043 5032 2188 5087 circa
2205 5032 2398 5086 divina
2418 5031 2740 5086 ministeria
2766 5029 3018 5099 desides;
3039 5046 3169 5084 cum
3180 5034 3414 5101 propter
3427 5031 3535 5086 hoc

1907 5128 2095 5200 ipsum
2128 5127 2466 5182 beneficium
2483 5126 2562 5180 eis
2586 5124 3008 5195 indulgeamus,
3030 5129 3096 5179 ut
3120 5123 3243 5178 aliis
3273 5124 3536 5181 omnibus

1909 5221 2213 5290 derelictis,
2242 5220 2342 5275 Dei
2375 5217 2782 5290 omnipotentis
2819 5217 3148 5271 ministeriis
3195 5218 3531 5274 inhaereant.

1905 5347 1974 5356 -
2001 5315 2030 5387 §
2057 5320 2110 5370 2.
2142 5317 2208 5368 Et
2232 5315 2341 5369 hoc
2367 5330 2482 5368 non
2504 5314 2688 5368 solum
2709 5312 2768 5365 in
2790 5314 2982 5365 vetere
3010 5312 3208 5380 Roma,
3238 5312 3326 5366 vel
3341 5313 3399 5366 in
3425 5312 3534 5365 hac

1905 5411 2065 5483 regia
2088 5411 2334 5478 civitate,
2357 5407 2458 5462 sed
2490 5412 2547 5462 et
2566 5407 2625 5460 in
2653 5405 2810 5460 omni
2835 5410 3004 5474 terra,
3034 5406 3354 5475 ubicunque
3379 5403 3541 5457 Chri-

1905 5506 2223 5561 stianorum
2247 5518 2461 5558 nomen
2491 5501 2714 5568 colitur,
2737 5499 2996 5556 obtinere
3022 5499 3325 5555 sancimus.

2571 5623 2698 5678 LEX
2727 5622 2867 5678 ιλιι.

1971 5741 2132 5808 Idem
2149 5742 2438 5812 Augustus
2455 5737 2656 5795 Joanni
2687 5739 2748 5792 P.
2780 5737 2839 5790 P.

1973 5836 2266 5892 Sancimus
2288 5835 2580 5890 neminem
2610 5831 2864 5894 omnino,
2889 5841 3076 5897 neque
3104 5819 3399 5896 curialem,
3433 5843 3527 5882 ne-

3136 5930 3213 5987 34
