4076 6186
503 275 522 328 1
537 275 637 330 067

1633 267 1884 326 διΕΟυΙλΙ
1925 267 2114 324 SEXTI
2155 267 2708 324 SUPPLEMENTUM.

3729 270 3749 320 t
3761 269 3860 322 068

501 397 611 452 que
636 381 941 446 taxeotam,
961 375 1289 449 episcopum
1315 381 1412 430 aut
1429 375 1822 448 presbyterum
1837 376 1906 431 de
1921 380 2122 431 caetero
2143 388 2204 461 Α
2225 381 2424 444 teram,
2451 375 2544 430 ubi
2571 375 2817 429 maxime
2843 374 3148 429 curialium
3176 374 3477 430 constituta
3503 379 3588 429 est
3599 375 3860 445 penuria.

498 473 624 528 ﬁeri
641 491 658 543 ;
678 473 820 527 nihil
848 470 1120 525 attinente
1151 473 1251 524 aut
1271 469 1589 541 attingente
1617 469 1724 524 hac
1750 469 1876 540 lege
1904 485 2000 524 eos
2025 471 2126 542 qui

501 569 635 620 ante
685 582 812 621 eam
843 563 1174 633 hujusmodi
1201 562 1520 617 sacerdotio
1551 562 1710 634 digni
1739 561 1922 616 habiti
1950 566 2080 617 sunt
2108 579 2120 617 :

501 659 572 714 de
603 661 804 713 caetero
829 673 962 711 vero
995 655 1284 711 neminem
1311 655 1544 711 omnino
1572 656 1669 728 qui
1698 656 2031 726 supradictas
2053 655 2126 710 sit

497 752 740 806 fortunae
772 749 845 804 ad
871 749 1174 820 praedictas
1201 749 1657 804 consecrationes
1687 749 1994 803 ascendere
2028 765 2040 803 :
2070 753 2126 804 et

498 844 744 898 maxime
775 843 821 896 si
847 848 903 897 et
921 843 1045 914 jam
1063 847 1231 898 antea
1260 842 1700 908 ministraverat,
1726 845 1825 896 aut
1837 841 2124 896 taxeoticis

497 937 768 990 servierat
787 935 1165 1006 jussionibus;
1196 951 1330 990 eum
1363 935 1515 990 enim
1543 935 1640 1006 qui
1665 935 1945 990 enutritus
1962 935 2122 991 estin

497 1027 950 1084 exsecutionibus
961 1029 1395 1083 vehementibus
1411 1028 1534 1100 (seu
1547 1028 1780 1100 asperis)
1805 1031 1863 1082 et
1887 1028 1974 1082 his
1993 1044 2123 1099 quas

497 1139 564 1176 ex
590 1139 655 1177 ea
683 1139 746 1176 re
767 1121 1053 1189 accidunt,
1079 1123 1349 1194 peccatis,
1381 1139 1494 1176 non
1515 1121 1714 1191 utique
1742 1137 1972 1192 aequum
1996 1121 2118 1176 fue-

493 1215 588 1282 rit,
611 1214 785 1270 modo
813 1214 1072 1286 quidem,
1097 1217 1154 1270 et
1181 1214 1328 1268 illico
1358 1231 1480 1270 esse
1499 1217 1802 1282 taxeotam,
1837 1216 1894 1268 et
1919 1213 2120 1268 buleu-

492 1313 635 1377 tam,
669 1311 726 1362 et
754 1309 938 1363 facere
965 1307 1224 1362 omnium
1251 1307 1640 1374 acerbissima,
1665 1323 1800 1362 mox
1827 1310 2014 1362 autem
2041 1323 2122 1360 sa-

493 1400 783 1456 cerdotem
809 1400 1080 1470 ordinari,
1108 1401 1179 1455 de
1206 1401 1561 1456 humanitate
1593 1403 1650 1455 et
1673 1399 2000 1455 innocentia
2021 1415 2118 1455 ex-

493 1497 805 1565 ponentem
845 1494 1136 1565 dogmata.
1171 1496 1552 1565 Praeterquam
1585 1495 1632 1548 si
1660 1493 1730 1548 ab
1768 1493 2024 1562 infantia,
2064 1497 2120 1548 et

493 1589 755 1644 nondum
778 1589 1012 1661 quidem
1026 1589 1328 1661 ephebiam
1347 1589 1647 1644 excedente
1663 1594 1844 1656 aetate,
1867 1589 1920 1642 ei
1937 1589 2116 1644 conti-

493 1682 580 1753 git
601 1682 749 1738 inter
772 1682 1280 1738 reverendissimos
1293 1683 1602 1737 monachos
1623 1682 2046 1750 connumerari,
2061 1687 2118 1736 et
2139 1669 2154 1674 ”

2227 469 2282 524 Si
2310 485 2444 523 vero
2480 469 2764 524 latitantes
2809 467 2890 538 (ut
2923 467 3216 539 probabile
3250 469 3351 539 est)
3379 468 3536 536 ﬁant,
3567 467 3858 522 licentiam

2225 561 2427 616 damus
2454 561 2784 630 curialibus,
2813 561 3006 616 statim
3033 561 3256 634 ingredi
3289 577 3379 615 res
3405 577 3630 629 eorum,
3661 577 3862 614 eorum

2223 659 2371 714 bona
2397 657 2672 720 detinere,
2697 659 2754 710 et
2775 655 2907 709 satis
2933 653 3038 708 sibi
3065 655 3376 709 secundum
3403 654 3588 725 legem
3627 653 3763 708 inde
3787 654 3863 708 fa-

2225 769 2370 808 cere.
2400 749 2719 820 Haecigitur
2733 763 2903 818 super
2929 746 3416 801 reverendissimis
3443 745 3660 801 clericis
3677 747 3866 816 cujus-

2221 859 2446 916 cunque
2479 841 2689 914 gradus
2715 839 2967 894 obtinere
3009 841 3070 894 in
3095 845 3434 911 perpetuum
3465 839 3781 904 sancimus,
3809 843 3864 892 et

2223 937 2282 992 in
2311 937 2398 991 his
2425 952 2550 1008 quae
2573 935 2694 1006 jam
2723 938 3044 1004 perpetrata
3062 937 3197 988 sunt
3227 933 3482 988 obtinere
3511 933 3704 1004 legem
3734 948 3864 987 eam

2221 1030 2472 1085 volentes
2498 1044 2627 1100 quas
2647 1031 2703 1082 et
2725 1025 2882 1097 prius
2900 1030 3038 1080 erat.
3056 1025 3334 1090 Quoniam
3353 1029 3546 1080 autem
3576 1029 3635 1080 et
3659 1041 3864 1096 quam-

2221 1123 2352 1178 dam
2387 1120 2853 1178 constitutionem
2889 1119 3208 1174 invenimus
3247 1119 3316 1173 de
3363 1117 3662 1172 monachis
3689 1117 3864 1172 disse-

2219 1221 2461 1284 rentem,
2490 1220 2546 1270 et
2587 1214 2869 1269 volentem
2917 1213 3065 1284 ipsos
3103 1229 3218 1266 non
3259 1211 3579 1283 relinquere
3623 1212 3860 1283 prapria

2219 1307 2581 1376 monasteria,
2629 1321 2811 1378 neque
2860 1305 3094 1359 turbare
3147 1303 3416 1373 civitates,
3472 1321 3648 1376 quam
3705 1303 3860 1358 etad

2220 1401 2512 1474 quoddam
2536 1400 2808 1455 sancitam
2829 1415 2948 1454 esse
2971 1401 3194 1469 tempus
3217 1397 3450 1468 quidam
3470 1398 3854 1469 suspicantur,

2217 1498 2480 1566 oportere
2507 1492 2950 1549 existimavimus
2970 1491 3320 1546 occasionem
3337 1491 3470 1545 inde
3492 1490 3854 1562 accipientes,

2213 1588 2630 1659 perfectiorem,
2676 1591 2733 1641 et
2761 1585 2821 1640 in
2862 1601 3030 1640 omne
3057 1589 3280 1656 tempus
3321 1584 3494 1639 etiam
3527 1583 3634 1638 hoc
3682 1583 3854 1637 refor-

2215 1697 2392 1748 mare,
2422 1681 2502 1736 ita
2525 1685 2592 1735 ut
2633 1679 2848 1734 nemini
2889 1677 2959 1733 de
2998 1681 3200 1732 caetero
3239 1677 3854 1732 reverendissimorum

493 1775 710 1830 morari
725 1776 786 1830 in
805 1792 874 1831 eo
901 1775 1022 1846 ipso
1051 1775 1336 1830 schemate
1359 1791 1372 1842 ;
1405 1778 1542 1829 tunc
1564 1775 1720 1830 enim
1733 1775 2116 1847 permittimus
2137 1755 2192 1827 Β
2214 1774 2622 1829 monachorum
2649 1771 2878 1826 licentia
2906 1771 2996 1839 sit,
3027 1769 3140 1825 tale
3179 1770 3316 1842 quid
3343 1786 3534 1841 agere,
3567 1773 3626 1824 et
3673 1769 3853 1823 relin-

492 1868 622 1941 ipsi,
654 1871 713 1923 et
725 1867 1124 1940 presbyterum
1139 1869 1284 1938 ﬁeri,
1311 1873 1367 1923 et
1387 1869 1460 1922 ad
1481 1868 1868 1940 episcopatum
1889 1869 2111 1923 venire:

491 1977 623 2016 cum
635 1962 708 2016 sit
729 1961 1100 2016 manifestum
1114 1961 1281 2016 simul
1298 1965 1468 2033 atque
1478 1961 1593 2016 tale
1609 1961 1746 2032 quid
1757 1961 2028 2032 evenerit,
2059 1963 2118 2015 et

493 2055 703 2126 dignus
731 2055 1046 2110 sacerdotio
1065 2054 1414 2126 apparuerit,
1442 2056 1590 2125 quod
1611 2054 1905 2110 confestim
1937 2055 2112 2109 licen-

487 2148 628 2203 tiam
658 2147 896 2203 habebit
931 2164 1169 2203 manere
1203 2147 1262 2201 in
1305 2147 1655 2219 episcopatu,
1685 2153 1743 2202 et
1767 2147 2112 2214 ministrare,

490 2241 806 2296 dummodo
823 2245 1088 2312 quartam
1107 2243 1332 2311 partem
1346 2257 1462 2295 suae
1484 2241 1808 2294 substantiae
1833 2240 2116 2294 universae

486 2334 740 2404 praebeat
765 2333 1182 2401 decurionibus,
1214 2339 1272 2388 et
1299 2333 1434 2388 fisco
1463 2333 1800 2404 (secundum
1827 2349 2012 2405 nuper
2041 2332 2114 2387 de

487 2429 694 2496 quarta
712 2429 873 2497 parte
891 2426 1136 2497 positam
1152 2443 1187 2480 a
1209 2427 1374 2480 nobis
1395 2427 1603 2498 legem)
1636 2431 1734 2480 aut
1755 2426 1860 2482 soli
1889 2427 2043 2495 fisco,
2069 2425 2114 2479 si

487 2519 724 2590 quidem
752 2519 1045 2573 taxeoticae
1072 2519 1316 2574 fortuna;
1341 2519 1391 2574 ei
1414 2535 1535 2572 esse
1556 2519 1880 2590 contigerit.
1912 2519 1966 2574 Si
1982 2534 2113 2573 vero

487 2613 546 2664 et
586 2612 645 2666 in
691 2610 1176 2666 reverendissimis
1217 2611 1674 2666 archimandritis
1705 2616 2024 2678 censeatur,
2057 2616 2115 2666 et

485 2704 763 2760 manserit
794 2703 945 2758 inter
969 2705 1140 2775 ipsos,
1171 2709 1227 2759 et
1255 2705 1365 2760 hoc
1387 2705 1562 2759 etiam
1583 2704 1753 2758 modo
1774 2705 1974 2759 damus
1995 2704 2110 2758 for-

485 2801 642 2852 tunas
664 2797 1074 2866 liberationem,
1098 2800 1358 2869 quartam
1381 2800 1438 2852 et
1455 2801 1586 2851 tunc
1615 2799 1838 2868 partem
1856 2813 1970 2851 suae
1987 2795 2114 2850 sub-

483 2889 1200 2962 stantiaa(utprzediximus)
1219 2890 1532 2961 praebitum
1557 2907 1568 2944 :
1603 2890 1768 2944 aliter
1795 2892 1986 2944 autem
2007 2906 2110 2944 ne-

485 2999 596 3054 que
635 2983 718 3036 illi
756 2982 1006 3036 ordinari
1050 2983 1434 3050 concedimus,
1480 2999 1666 3054 neque
1707 2982 1968 3036 ordinato
2005 2983 2114 3036 tale

484 3073 620 3146 quid
643 3090 814 3145 agere
833 3075 1484 3145 permittimus.~Sciente
1504 3080 1602 3129 tua
1622 3075 1956 3129 excellentia
1976 3074 2111 3146 quia

484 3165 605 3222 haec
625 3167 906 3222 observari
927 3167 1134 3222 debent
1145 3167 1214 3222 ab
1227 3168 1488 3222 omnibus
1501 3169 1613 3222 Deo
1630 3167 1967 3222 amabilibus
1988 3167 2106 3240 epi-

485 3259 692 3332 ecopis,
733 3277 962 3331 pinnam
1010 3260 1410 3332 exspectaturis
1457 3260 1604 3314 circa
1633 3259 1819 3332 ipsum
1849 3260 2108 3315 sacerdo-

481 3353 647 3420 tium,
678 3353 722 3407 si
752 3353 889 3424 quid
924 3353 1038 3407 tale
1065 3353 1332 3416 fecerint;
1377 3357 1585 3425 praeter
1611 3353 1691 3423 id,
1743 3354 1898 3425 quod
1933 3355 2106 3408 etiam

483 3462 589 3500 nec
623 3445 744 3517 ipse
785 3446 1076 3501 ordinatus
1122 3446 1431 3501 sacerdotio
1475 3446 1714 3515 fruetur,
1753 3447 1884 3501 licet
1939 3447 2110 3501 fuerit

483 3541 652 3594 antea
681 3539 738 3593 in
757 3538 948 3609 aliquo
977 3538 1156 3610 gradu
1173 3539 1475 3594 sacerdotii
1495 3539 1809 3606 ordinatus,
1838 3539 1936 3594 sed
1957 3539 2104 3594 inter

478 3631 727 3703 privatos
771 3631 1080 3702 redigetur,
1111 3635 1167 3686 et
1195 3630 1506 3686 ministeria
1541 3635 1879 3702 exsequetur
1905 3631 2108 3702 quibus

482 3725 604 3794 subj
613 3725 809 3780 acebat
821 3723 995 3794 prius.
1015 3724 1152 3788 Quae
1175 3724 1370 3778 omnia
1387 3724 1646 3780 obtinere
1666 3724 1724 3778 in
1739 3726 1998 3779 futurum
2017 3742 2108 3780 vo-

481 3817 674 3870 lumus
689 3819 935 3888 tempus,
952 3817 1226 3888 quoniam
1239 3833 1390 3872 nunc
1401 3817 1651 3889 primum
1663 3817 1869 3872 anobis
1881 3817 2108 3873 inventa

483 3913 633 3975 sunt,
657 3924 774 3962 non
803 3909 1124 3978 pertinente
1145 3911 1258 3964 ullo
1276 3911 1448 3965 modo
1467 3911 1572 3966 hac
1593 3911 1720 3982 lege
1741 3910 1824 3982 (ut
1844 3909 2102 3980 diximus)

484 4001 558 4056 ad
587 4017 686 4056 eos
709 4001 806 4072 qui
841 4001 1012 4054 semel
1049 4001 1156 4056 hac
1183 4001 1458 4072 dignitate
1487 4003 1822 4058 sacerdotali
1860 4003 2110 4059 decorati

483 4098 634 4162 sunt,
663 4093 764 4149 sed
797 4093 1086 4148 licentiam
1112 4095 1456 4150 habentibus
1483 4096 1618 4167 ipsis
1643 4113 1748 4168 per
1777 4096 2107 4153 substitutos

481 4187 825 4255 ministrare,
847 4187 1010 4258 juxta
1032 4187 1349 4256 Theodosii,
1376 4192 1434 4243 et
1447 4189 1827 4244 Valentiniani
1849 4173 1957 4260 piae
1985 4206 2104 4246 me-

481 4281 678 4336 moria:
694 4281 1178 4348 constitutionem,
1199 4298 1326 4353 quae
1339 4281 1413 4336 ad
1422 4283 1698 4338 Thomam
1718 4282 1989 4354 rescripta
2000 4287 2104 4338 est.

481 4405 550 4416 —
575 4375 608 4446 §
639 4378 686 4430 l.
712 4374 800 4428 Ad
833 4374 952 4429 haec
982 4377 1040 4428 et
1068 4374 1210 4428 illud
1234 4375 1454 4445 justum
1488 4393 1628 4446 esse,
1660 4381 1718 4433 et
1741 4380 2020 4448 obtinere,
2053 4385 2110 4437 et

2131 3120 2185 3194 C

2215 1883 2387 1940 quere
2416 1865 2650 1938 quidem
2681 1865 3078 1920 monachicum
3099 1863 3378 1930 habitum,
3403 1863 3855 1934 circumcingere

2216 1964 2407 2015 autem
2441 1959 2894 2030 qualemcunque
2939 1956 3223 2024 militiam,
3267 1961 3364 2010 aut
3407 1955 3726 2027 cingulum,
3759 1961 3859 2010 aut

2217 2053 2577 2125 dignitatem,
2601 2055 2698 2106 aut
2717 2067 2912 2106 eorum
2937 2049 3034 2120 qui
3051 2051 3110 2104 in
3123 2049 3352 2120 judiciis
3373 2054 3674 2104 versantur
3695 2051 3856 2121 sequi

2212 2147 2404 2216 vitam,
2421 2149 2476 2200 et
2491 2145 2591 2201 Dei
2612 2145 2840 2200 servitio
2867 2144 3149 2198 humanas
3177 2142 3567 2214 occupationes
3584 2143 3858 2214 praeferre

2211 2243 2310 2294 aut
2334 2255 2689 2311 cognoscere,
2709 2239 2806 2292 illo
2820 2237 2914 2308 qui
2933 2237 3040 2291 tale
3065 2235 3200 2306 quid
3228 2236 3426 2290 fecerit
3453 2235 3651 2290 dando
3673 2237 3856 2290 curiae

2213 2332 2449 2387 civitatis
2479 2332 2628 2386 illius
2657 2348 2724 2386 ex
2750 2347 2863 2402 qua
2895 2333 2998 2399 est,
3017 2332 3116 2383 aut
3144 2329 3318 2383 etiam
3337 2329 3588 2399 alterius,
3621 2335 3684 2383 ut
3713 2345 3862 2400 prae-

2213 2425 2429 2481 dictum
2459 2429 2558 2494 est,
2589 2429 2645 2479 et
2686 2425 2732 2478 si
2775 2423 3008 2494 quidem
3037 2421 3286 2493 locuples
3329 2423 3422 2489 sit,
3462 2422 3634 2477 etiam
3673 2439 3858 2493 pecu-

2215 2519 2393 2572 niaria
2419 2518 2708 2573 subiturus
2739 2533 3000 2584 munera,
3029 2515 3116 2569 sin
3146 2515 3356 2584 minus,
3386 2516 3706 2586 corporalia
3735 2532 3862 2569 mu-

2211 2627 2381 2679 nera;
2412 2614 2468 2666 et
2494 2611 2586 2664 hic
2614 2610 2838 2665 licentia
2865 2609 3048 2665 danda
3075 2607 3243 2662 curiis
3269 2609 3352 2678 (ut
3377 2609 3778 2680 praediximus)
3807 2609 3850 2662 si

2209 2703 2514 2758 invisibiles
2542 2703 2697 2772 ﬁant,
2731 2719 3000 2774 occupare
3027 2702 3192 2771 bona,
3226 2705 3283 2755 et
3328 2701 3433 2755 sibi
3457 2719 3526 2756 ex
3555 2702 3646 2756 his
3677 2703 3850 2756 satis-

2209 2797 2391 2852 facere
2417 2797 2732 2852 secundum
2757 2797 2962 2867 legem.
2991 2797 3054 2849 In
3085 2793 3348 2849 omnibus
3375 2798 3564 2850 autem
3613 2796 3856 2851 casibus

2209 2890 2270 2944 in
2295 2889 2499 2961 quibus
2523 2889 2774 2960 accipere
2795 2905 2864 2943 ex
2895 2888 2983 2942 his
3013 2883 3476 2958 curiasjnbemus
3505 2888 3714 2956 causis,
3751 2906 3854 2943 vo-

2209 2983 2398 3037 lumus
2423 2983 2672 3037 mediam
2695 2981 2924 3053 quidem
2943 2981 3153 3036 horum
3173 2983 3393 3052 partem
3414 2981 3654 3036 curiales
3677 2982 3860 3036 susci-

2209 3092 2342 3146 pere
2365 3093 2478 3130 non
2507 3075 2568 3129 in
2595 3091 2752 3144 auro,
2779 3075 2874 3130 sed
2901 3073 3181 3129 immobili
3205 3073 3576 3144 possessione,
3605 3075 3698 3129 vel
3722 3093 3854 3146 quae

2211 3168 2408 3234 subsit,
2447 3168 2532 3222 vel
2577 3185 2704 3240 quia
2746 3168 2817 3222 sit
2863 3165 3240 3238 comparanda
3279 3167 3594 3221 secundum
3625 3168 3792 3238 prius
3821 3187 3856 3222 a

2206 3261 2367 3316 nobis
2387 3262 2650 3316 emissam
2677 3261 2883 3332 legem,
2915 3261 3083 3314 aliam
3116 3275 3246 3314 vero
3275 3258 3572 3314 dimidiam
3595 3261 3860 3332 generali

2211 3371 2423 3409 mensae
2453 3359 2567 3408 tua:
2598 3353 2940 3408 excellentiae
2960 3353 3189 3425 inferri;
3227 3359 3288 3408 ut
3317 3361 3448 3409 tuus
3478 3355 3648 3408 etiam
3681 3355 3854 3408 thro-

2205 3464 2314 3502 nus
2342 3446 2637 3518 provideat
2663 3445 2981 3518 vigilanter,
3012 3463 3082 3502 ne
3109 3447 3246 3519 quid
3275 3447 3384 3502 tale
3435 3447 3854 3519 {commissum}

2207 3540 2397 3606 lateat,
2431 3540 2548 3608 sed,
2582 3539 2748 3593 simul
2779 3541 2948 3610 atque
2988 3539 3123 3610 quid
3163 3540 3376 3595 factum
3411 3539 3602 3608 fuerit,
3645 3556 3852 3594 conve-

2205 3632 2366 3687 niens
2413 3649 2582 3702 super
2623 3633 2730 3687 hoc
2771 3631 2870 3687 fiat
2909 3633 3147 3704 medela,
3179 3639 3565 3705 praeterquam
3611 3633 3656 3686 si
3693 3649 3852 3687 nunc

2206 3729 2314 3802 ipsi
2343 3729 2488 3784 ultro
2516 3735 2573 3784 et
2593 3734 2794 3800 sponte
2822 3729 3082 3784 militiam
3111 3729 3464 3802 reliquerint,
3493 3731 3580 3784 vel
3614 3731 3848 3802 simpli-

2205 3823 2347 3876 citer
2370 3822 2522 3894 quod
2545 3821 2761 3877 habent
2783 3823 3011 3876 schema
3029 3829 3083 3878 et
3103 3824 3172 3878 ad
3195 3824 3584 3878 monachicam
3613 3840 3852 3878 rursum

2206 3915 2354 3970 serio
2383 3920 2439 3970 et
2463 3931 2593 3970 vere
2618 3920 2976 3970 revertantur
3001 3915 3191 3986 vitam,
3220 3922 3276 3972 et
3313 3916 3462 3970 inter
3487 3917 3848 3972 reverendis-

2207 4010 2378 4066 simos
2406 4009 2636 4065 clericos
2667 4009 3062 4064 connumerari
3103 4009 3389 4064 festinent.
3435 4010 3490 4064 Si
3533 4011 3694 4064 enim
3743 4011 3850 4064 hoc
3899 4067 3910 4072 _

2205 4101 2442 4157 fecerint
2467 4103 2618 4156 intra
2647 4117 2860 4156 annum
2883 4118 3062 4156 unum
3080 4103 3149 4156 ab
3181 4103 3302 4157 haec
3331 4103 3454 4173 lege
3483 4101 3616 4168 lata,
3646 4103 3850 4156 remit-

2206 4195 2380 4249 timus
2413 4195 2492 4249 eis
2525 4211 2769 4265 poenam,
2800 4195 3056 4250 sufficere
3083 4195 3216 4266 ipsis
3243 4211 3312 4250 ex
3345 4195 3610 4249 exercitio
3641 4203 3850 4266 putans

2209 4291 2293 4341 tes
2317 4287 2787 4342 emendationem.
2839 4289 2962 4342 Haec
2982 4291 3172 4343 autem
3214 4287 3468 4342 obtinere
3497 4287 3557 4341 in
3601 4305 3848 4358 sequens

2205 4380 2463 4435 volumus
2483 4385 2727 4452 tempus,
2749 4397 2935 4452 neque
2957 4381 3084 4436 illos
3104 4385 3260 4436 extra
3281 4381 3487 4436 dictam
3513 4381 3848 4452 relinquen-

480 4467 542 4523 in
569 4484 674 4522 usu
701 4483 822 4523 esse
849 4467 1154 4536 sancimus,
1177 4468 1330 4539 quod
1351 4469 1598 4539 positum
1618 4471 1688 4526 ab
1712 4471 1896 4540 initio,
1926 4481 1982 4530 et
1999 4492 2104 4530 usu
2123 4483 2183 4554 D
2205 4477 2288 4528 tes
2317 4489 2561 4543 poenam,
2596 4478 2875 4545 quotquot
2915 4491 2948 4527 a
2991 4477 3182 4530 nostro
3217 4474 3534 4544 principatu
3577 4475 3846 4528 monachi

483 4560 863 4628 observatum,
891 4560 1174 4616 nescimus
1197 4577 1450 4633 quonam
1477 4563 1649 4619 modo
1674 4563 1734 4618 in
1774 4565 2103 4622 desuetudi-

481 4671 618 4710 nem
653 4654 809 4709 abiit.
855 4654 1216 4710 Meminimus
1243 4655 1400 4719 enim
1429 4673 1534 4712 nos
1557 4656 1616 4710 in
1646 4659 1871 4714 Arcadii
1900 4664 1958 4716 et
1986 4661 2100 4716 Ho-

478 4747 628 4804 norii
657 4747 767 4820 pia:
788 4747 1082 4802 memoriae
1103 4748 1574 4806 Constitutionem
1603 4750 1882 4822 incidisse,
1909 4754 2102 4810 volen-

481 4845 602 4897 tem
649 4841 903 4908 clericos,
943 4841 988 4896 si
1021 4842 1376 4912 neglexerint
1419 4860 1586 4898 suum
1615 4844 1902 4916 ordinem,
1957 4851 2013 4902 et
2043 4847 2104 4902 in

479 4937 933 5008 qualemcunque
948 4938 1228 4990 armatam
1247 4935 1511 4990 militiam
1531 4938 1871 5008 transierint,
1895 4941 1980 4994 vel
2001 4941 2100 4995 de-

479 5028 654 5098 positi
677 5046 710 5083 a
739 5031 854 5085 Deo
893 5028 1233 5084 amabilibus
1249 5028 1546 5101 episcopis,
1561 5030 1808 5088 militare
1827 5034 1947 5088 ausi
1977 5035 2100 5092 fue-

479 5119 615 5188 rint,
639 5121 792 5176 mitti
819 5121 1052 5194 quidem
1074 5122 1228 5195 ipsos
1248 5122 1451 5178 militia
1462 5123 1687 5195 adepta,
1704 5125 1852 5181 tradi
1876 5143 2012 5184 vero
2031 5128 2104 5184 ci-

479 5211 718 5268 vitatum
761 5216 928 5270 curiis
963 5216 1386 5273 ministraturos
1423 5217 1484 5272 in
1519 5223 1812 5288 posterum
1851 5221 2099 5292 publico,

477 5306 706 5380 quando
744 5311 800 5362 et
824 5309 1050 5364 Domini
1074 5310 1171 5366 Dei
1198 5311 1446 5378 servitio;
1478 5311 1728 5382 quandiu
1758 5313 2095 5384 militarunt,

476 5417 536 5455 se
563 5399 987 5456 abdicaverunt.
1018 5403 1153 5465 Quae
1178 5405 1374 5460 omnia
1401 5404 1660 5460 obtinere
1684 5421 1750 5460 ex
1779 5405 1887 5461 hac
1907 5410 2102 5464 nostra

476 5489 762 5546 sancimus
803 5489 956 5560 lege,
1001 5488 1270 5560 jubentes
1303 5492 1454 5564 ipsos
1483 5493 1680 5550 statim
1705 5497 1762 5550 et
1801 5496 2099 5554 confestim

475 5581 711 5638 civitatis
749 5581 899 5637 illius
928 5599 996 5636 ex
1040 5598 1154 5653 qua
1179 5588 1310 5638 sunt
1335 5587 1460 5640 ﬁeri
1499 5587 1759 5656 curiales,
1792 5586 1899 5644 nisi
1926 5589 2096 5644 vehe-

473 5679 699 5730 menter
725 5675 1031 5731 curialibus
1060 5675 1315 5731 abundet
1343 5677 1568 5734 civitas:
1597 5698 1710 5752 quo
1741 5699 1874 5737 casu
1903 5682 2099 5738 vicinas

473 5767 564 5822 vel
601 5768 884 5824 ulterioris
919 5770 1093 5824 etiam
1125 5785 1302 5845 usque
1330 5769 1405 5826 ad
1430 5787 1608 5826 unam
1631 5774 1983 5844 provinciam
2015 5776 2097 5831 al-

2199 4565 2332 4620 facti
2359 4566 2466 4621 tale
2494 4565 2630 4638 quid
2661 4567 2946 4636 fecerunt;
2975 4567 3032 4622 id
3060 4567 3212 4622 enim
3241 4565 3394 4639 quod
3422 4567 3718 4638 praecessit
3765 4568 3842 4620 si-

2203 4659 2322 4713 mul
2360 4659 2591 4730 quidem
2637 4659 2707 4714 ob
2751 4659 3182 4728 humanitatem,
3216 4661 3384 4714 simul
3413 4659 3584 4714 etiam
3615 4665 3846 4730 tempus

2202 4758 2456 4807 verentes
2493 4753 2849 4823 dimittimus,
2897 4753 3124 4824 quando
3159 4753 3306 4808 nihil
3329 4753 3534 4808 diserte
3557 4757 3844 4808 statutum

2201 4843 2359 4916 prius
2382 4851 2520 4901 erat.
2553 4876 2620 4886 —
2650 4847 2682 4918 §
2711 4848 2764 4901 2.
2803 4847 2938 4901 Item
2966 4845 3106 4902 illud
3141 4847 3440 4901 statuimus
3465 4862 3476 4899 :
3511 4845 3626 4899 sive
3655 4853 3844 4916 pater,

2201 4937 2314 4992 sive
2341 4941 2540 5007 mater,
2575 4939 2689 4994 sive
2716 4939 2857 4993 alius
2886 4939 3014 5010 quis
3041 4955 3108 4993 ex
3137 4940 3361 4994 defectu
3383 4939 3704 4993 liberorum
3755 4957 3843 4994 m-

2201 5031 2552 5086 stitutionem
2582 5035 2682 5087 aut
2699 5031 3152 5088 substitutionem
3177 5031 3470 5087 induxerit
3487 5031 3702 5103 quibus
3712 5033 3844 5086 dam

2200 5124 2316 5179 sive
2335 5124 2617 5195 masculis,
2652 5125 2766 5181 sive
2795 5125 3043 5194 feminis,
3075 5125 3136 5181 hi
3161 5129 3355 5181 autem
3380 5125 3450 5180 ad
3485 5125 3726 5196 nuptias
3757 5141 3844 5180 ve-

2198 5218 2321 5273 nire
2359 5222 2594 5290 propter
2628 5215 3064 5275 conversationis
3101 5236 3214 5275 non
3262 5217 3540 5291 elegerint
3567 5219 3834 5286 modum,

2199 5311 2444 5368 rescindi
2469 5312 2610 5367 tales
2633 5312 3017 5368 restitutiones
3047 5319 3146 5368 aut
3173 5312 3638 5381 substitutiones;
3663 5318 3728 5368 et
3749 5313 3845 5367 ha-

2197 5405 2332 5461 bere
2352 5405 2500 5477 ipsos
2511 5409 2846 5477 potestatem
2863 5407 2920 5460 in
2943 5423 3114 5477 quem
3127 5406 3406 5462 voluerint
3423 5404 3670 5460 modum
3681 5407 3844 5478 pium

2197 5503 2386 5554 tamen
2415 5515 2541 5570 quae
2577 5499 2710 5553 inde
2749 5499 3182 5570 proficiscuntur
3217 5515 3576 5567 consecrare;
3633 5505 3696 5553 et
3745 5507 3840 5553 aut

2198 5608 2532 5647 consumere
2558 5592 2900 5664 superstites,
2915 5598 3012 5648 aut
3037 5593 3355 5664 relinquere
3381 5591 3698 5647 morientes
3731 5608 3746 5646 :
3775 5592 3844 5645 si-

2198 5687 2294 5740 cut
2321 5689 2378 5741 et
2405 5687 2450 5740 si
2479 5685 2582 5741 sub
2607 5685 2928 5742 conditione
2953 5686 3266 5742 liberorum
3291 5685 3672 5757 susceptionis
3701 5686 3844 5756 ipsis

2198 5777 2334 5850 quid
2359 5776 2622 5836 relictum
2659 5781 2853 5850 fuerit,
2900 5783 3125 5855 oportet
3167 5785 3225 5836 et
3257 5779 3366 5835 hoc
3403 5779 3600 5851 ipsum
3627 5779 3846 5836 habere
