4056 6184
293 263 428 315 1069

1034 256 1396 314 JUSTlNlANI
1436 257 1644 314 LEGES
1679 257 2014 314 SELEC'LE.
2055 257 2183 312 LIB.
2225 256 2265 324 l,
2305 256 2430 310 TIT.
2469 255 2560 324 Ill,
2600 255 2730 311 LEX
2768 255 2895 311 LVI.

3505 261 3638 314 1070

289 383 404 434 eos,
461 367 667 421 liberos
726 366 1007 437 suscipere
1061 367 1297 422 minime
1347 368 1582 421 coactos.
1649 365 1916 422 Eamdem
1935 363 2388 453 Alegitimas,et
2398 363 2515 434 juri
2537 364 2791 435 cognitas
2807 361 3195 434 probationes,
3215 361 3334 416 sine
3352 362 3638 434 fortipra-

292 477 520 532 quoque
546 459 687 530 legis
714 459 1070 531 positionem,
1101 465 1156 515 et
1181 460 1241 514 in
1271 459 1607 514 mulieribus
1632 458 1916 530 virginita-

291 560 406 608 tem
434 552 714 623 professis,
745 559 800 608 et
833 570 1041 608 uxores
1067 554 1272 609 ducere
1304 552 1636 608 omnimodo
1662 553 1913 624 prohibi-

288 645 360 699 tis
375 645 852 702 reverendissimis
873 646 1090 701 clericis
1109 646 1468 701 extendimus
1485 650 1541 700 et
1565 645 1914 717 reponimus,

287 744 346 794 et
372 739 518 793 hanc
541 740 788 810 gratiam
816 741 930 795 Deo
950 757 1053 812 pro
1079 740 1282 794 nostris
1306 739 1658 810 temporibus
1684 740 1917 811 dignam

286 833 606 887 referimus.
630 863 698 872 —
727 834 760 904 §
787 837 839 888 3.
872 835 956 888 Ad
993 834 1112 888 hac
1133 833 1415 888 sancimus
1441 832 1555 888 sive
1581 833 1667 887 vir
1696 833 1765 888 ad
1791 833 1918 887 soli-

287 925 491 980 tariam
523 927 696 981 vitam
724 927 916 982 venire
944 927 1200 996 voluerit,
1230 927 1343 982 sive
1373 926 1598 996 mulier,
1632 926 1752 981 viro
1794 927 1918 982 reli-

287 1024 398 1088 cto,
431 1021 502 1073 ad
533 1020 994 1076 exercitationem
1029 1021 1418 1076 monachicam
1444 1019 1680 1088 venerit,
1715 1037 1786 1074 ne
1812 1021 1917 1075 hoc

288 1113 486 1166 damni
505 1130 732 1168 causam
746 1115 998 1184 praebeat
1020 1133 1035 1183 ;
1066 1115 1162 1170 sed
1192 1119 1254 1169 ut
1281 1130 1384 1168 sua
1412 1113 1737 1169 omnimodo
1773 1115 1914 1170 reci-

286 1207 426 1276 piat,
456 1206 533 1261 ita
560 1208 624 1260 ut
643 1207 806 1262 liceat
834 1208 996 1261 uxori
1033 1206 1126 1279 [et]
1157 1209 1345 1262 dotem
1373 1209 1621 1279 recipere
1653 1225 1834 1278 suam,
1864 1214 1920 1263 et

289 1301 522 1369 propter
551 1300 776 1370 nuptias
804 1301 1168 1356 donationem
1189 1301 1241 1356 ei
1260 1302 1360 1372 qui
1391 1318 1520 1355 cum
1547 1317 1611 1355 ea
1637 1302 1920 1356 cohabita-

290 1394 473 1461 veratj;
511 1395 568 1447 et
611 1394 757 1463 quod
790 1394 920 1448 inde
964 1395 1118 1450 venit
1157 1395 1398 1461 lucrum,
1449 1411 1561 1448 non
1609 1395 1919 1450 secundum

288 1500 415 1539 eam
453 1501 580 1554 qua
612 1502 714 1556 per
742 1489 1046 1558 repudium
1075 1489 1139 1542 ﬁt
1165 1488 1264 1558 disj
1277 1487 1596 1542 unctionem
1614 1488 1915 1556 vindicare,

288 1582 388 1631 aut
426 1593 655 1633 manere
693 1581 846 1651 apud
874 1597 1006 1635 eum
1043 1581 1140 1653 qui
1181 1597 1299 1635 non
1331 1581 1576 1649 divertit,
1606 1581 1702 1636 sed
1727 1598 1920 1636 secun-

289 1671 433 1724 dum
459 1673 612 1742 quod
633 1672 691 1726 in
715 1690 908 1728 casum
932 1675 1130 1729 mortis
1155 1675 1368 1728 factum
1392 1680 1474 1729 est
1497 1682 1721 1746 pactum
1742 1694 1759 1740 ;
1787 1692 1920 1747 qua-

2016 458 2339 530 scriptione,
2372 457 2684 512 durissimis
2711 457 2890 529 panis
2911 455 3176 524 afficiant,
3202 461 3258 512 et
3286 456 3483 511 mortis
3508 475 3637 513 con-

2016 553 2286 608 demnent
2309 550 2605 624 supplicio.
2629 553 2780 605 Bona
2807 555 2999 606 autem
3033 567 3251 620 eorum,
3276 550 3322 605 si
3347 550 3454 605 hoc
3483 568 3638 606 com-

2015 647 2253 702 missum
2278 646 2449 701 fuerit
2467 647 2527 700 in
2548 645 3031 701 sanctimonialem
3064 644 3363 716 virginem,
3386 661 3515 716 qua
3554 647 3640 700 vel

2017 741 2079 795 in
2104 740 2396 810 asceterio,
2429 741 2515 796 vel
2541 740 2881 795 monasterio
2911 738 3086 811 degit,
3115 738 3228 793 sive
3255 738 3454 793 eadem
3477 739 3638 811 virgo

2017 834 2322 890 diaconissa
2345 835 2644 890 constituta
2670 834 2761 901 sit,
2803 834 2915 889 sive
2956 850 3091 902 non,
3133 833 3318 888 eidem
3353 836 3638 888 monaste-

2016 928 2122 996 rio,
2159 929 2246 983 vel
2287 929 2556 984 asceterio
2580 928 2679 983 ubi
2706 931 3026 982 consecrata
3066 931 3150 981 est
3185 926 3542 994 addicantur,
3579 932 3643 981 ut

2019 1038 2088 1077 ex
2112 1023 2201 1077 his
2231 1024 2399 1078 rebus
2425 1028 2482 1077 et
2509 1023 2629 1094 ipsa
2659 1022 2920 1091 solatium
2941 1020 3167 1090 habeat,
3196 1021 3333 1075 dum
3360 1020 3512 1089 vivit,
3529 1021 3641 1075 suf-

2018 1111 2231 1182 ﬁciens,
2259 1119 2314 1168 et
2342 1129 2433 1166 res
2459 1128 2658 1167 omnes
2699 1116 3121 1166 sacrosanctum
3164 1110 3498 1166 asceterium
3542 1127 3643 1165 seu

2018 1206 2426 1261 monasterium
2457 1207 2619 1277 pleno
2645 1205 2849 1260 habeat
2867 1205 3154 1273 dominio;
3185 1205 3274 1258 sin
3302 1209 3491 1258 autem
3520 1204 3641 1258 dia-

2018 1299 2237 1354 conissa
2261 1299 2646 1370 cujuscunque
2668 1299 2915 1354 ecclesia
2944 1299 3034 1367 sit,
3057 1298 3116 1351 in
3142 1297 3296 1352 nullo
3316 1302 3506 1352 tamen
3528 1313 3646 1352 mo-

2017 1393 2282 1462 nasterio,
2317 1393 2402 1447 vel
2439 1392 2707 1447 asceterio
2754 1392 3080 1460 constituta,
3111 1391 3207 1446 sed
3238 1407 3339 1462 per
3367 1407 3426 1446 se
3467 1391 3642 1462 degit,

2019 1487 2260 1558 raptoris
2290 1487 2337 1557 ej
2348 1503 2409 1540 us
2434 1486 2746 1541 substantia
2772 1485 3020 1541 ecclesia
3040 1485 3201 1554 cujus
3229 1485 3536 1539 diaconissa
3561 1489 3647 1539 est

2019 1579 2358 1650 assignetur,
2386 1585 2450 1634 ut
2467 1596 2537 1634 ex
2564 1579 2654 1634 his
2682 1579 3040 1634 facultatibus
3057 1579 3179 1649 ipsa
3201 1578 3433 1650 quidem
3458 1595 3647 1633 usum-

2018 1673 2441 1742 fructum,dum
2457 1678 2732 1744 superest,
2762 1673 2832 1726 ab
2859 1673 3054 1727 eadem
3082 1671 3318 1726 ecclesia
3342 1688 3648 1743 consequa-

289 1764 339 1817 si
370 1765 624 1819 videatur
649 1765 698 1818 is
740 1767 838 1836 qui
877 1767 1102 1822 divertit
1141 1786 1173 1821 a
1216 1768 1508 1822 communi
1533 1769 1764 1823 alterius
1789 1753 1995 1824 con-B
2018 1771 2142 1836 tur;
2167 1767 2401 1821 ecclesia
2436 1783 2566 1820 vero
2609 1782 2838 1820 omnem
2870 1765 3278 1836 proprietatem
3325 1771 3383 1820 et
3418 1766 3646 1836 plenam

287 1857 438 1911 victu
467 1862 722 1912 mortuus
748 1876 866 1914 esse
894 1859 953 1914 in
984 1860 1217 1915 alterius
1251 1862 1640 1931 contubernio,
1675 1879 1803 1916 cum
1823 1879 1915 1916 co-

286 1950 567 2004 habitanti
592 1951 664 2005 sit
688 1953 922 2006 omnino
949 1953 1194 2024 inutilis;
1224 1955 1500 2026 quidquid
1526 1961 1718 2009 autem
1741 1955 1799 2009 in
1827 1957 1917 2010 do-

286 2043 495 2097 talibus
522 2045 912 2100 instrumentis
934 2052 1226 2118 receptum
1254 2048 1425 2102 fuerit
1449 2064 1518 2102 ex
1545 2049 1718 2119 pactis
1743 2049 1804 2103 in
1824 2065 1915 2102 ca-

288 2152 417 2189 sum
441 2137 655 2201 mortis,
699 2139 756 2192 id
793 2138 1046 2193 debitum
1093 2140 1462 2211 intelligatur.
1509 2142 1630 2195 Non
1654 2141 1918 2196 audiente

286 2229 528 2284 muliere
555 2233 685 2304 ante
711 2231 846 2285 anni
875 2231 1096 2302 lapsum
1141 2233 1200 2286 in
1242 2233 1395 2287 aliud
1423 2234 1700 2305 respicere
1727 2235 1920 2288 matri-

285 2321 566 2391 monium,
597 2329 826 2394 propter
853 2325 1233 2395 generationis
1261 2326 1376 2396 (aut
1407 2327 1656 2397 seminis)
1684 2328 1916 2382 incerti-

285 2415 564 2470 tudinem.
595 2416 701 2470 Sed
739 2417 785 2469 si
823 2417 961 2489 quid
999 2419 1106 2472 tale
1145 2419 1404 2474 futurum
1430 2420 1522 2488 sit,
1551 2420 1743 2475 statim
1769 2421 1919 2476 mitti

287 2507 616 2578 divortium,
658 2509 814 2580 quod
840 2509 1046 2565 idcirco
1080 2512 1227 2566 bona
1255 2513 1435 2583 gratia
1474 2519 1722 2582 vocatur,
1753 2514 1823 2568 ab
1851 2531 1918 2569 ea

286 2615 421 2670 qua
476 2603 896 2656 conversionem
947 2621 1060 2658 non
1102 2605 1259 2675 eligit
1308 2622 1571 2676 persona,
1623 2611 1791 2678 atque
1839 2607 1919 2662 ita

285 2699 420 2764 agat
443 2695 593 2764 quod
617 2697 876 2765 voluerit,
909 2698 1079 2751 lucris
1111 2699 1191 2766 (ut
1216 2703 1345 2753 ante
1375 2699 1585 2754 dictum
1610 2702 1709 2771 est)
1741 2701 1810 2755 ad
1836 2701 1918 2772 ip-

215 2857 228 2868 .
285 2802 410 2840 sam
446 2788 878 2858 pertinentibus.
930 2791 1075 2845 Sane
1107 2807 1174 2844 eo
1200 2792 1355 2863 quod
1393 2793 1729 2848 lucrandum
1773 2799 1919 2849 esset

286 2894 357 2934 ex
389 2880 486 2934 tali
522 2898 707 2950 causa,
737 2883 1082 2954 omnimodo,
1136 2885 1182 2938 si
1226 2890 1282 2940 et
1305 2885 1363 2939 in
1390 2886 1676 2957 prioribus
1703 2887 1917 2958 nuptiis

284 2973 375 3027 vel
413 2973 497 3026 vir
525 2975 611 3028 vel
640 2975 846 3030 mulier
874 2977 1256 3048 mansisssent,
1281 2979 1676 3035 communibus
1728 2981 1917 3035 liberis

284 3081 358 3120 ex
388 3082 456 3120 eo
486 3069 844 3124 matrimonio
869 3070 1036 3142 natis,
1061 3071 1106 3125 si
1136 3072 1234 3144 qui
1260 3072 1491 3143 fuerint,
1511 3075 1909 3130 conservando.

283 3159 410 3213 Dat.
442 3175 472 3212 v
503 3162 724 3216 calend.
781 3121 1039 3219 Decemb:
1085 3121 1210 3233 ὦ,
1237 3169 1366 3238 post
1383 3121 1522 3222 coss.
1562 3168 1828 3240 Lampad.
1859 3175 1916 3224 et
1935 3121 1990 3194 Ο

281 3252 465 3308 Orest.
499 3271 595 3308 an.
620 3257 676 3323 2,
707 3257 828 3310 532.

951 3350 1076 3404 LEX
1115 3352 1242 3406 LIV.

357 3440 511 3494 Idem
546 3441 836 3512 Augustus
884 3443 1226 3515 Hermogeni
1267 3445 1540 3516 magistro
1577 3447 1914 3504 ofﬁciorum.

359 3534 630 3603 Raptores
657 3521 969 3606 virginum,
999 3537 1085 3592 vel
1110 3537 1431 3610 viduarum,
1467 3541 1551 3595 vel
1579 3542 1913 3597 diaconissa-

280 3643 438 3695 rum,
467 3643 594 3697 qua
622 3628 732 3682 Deo
764 3629 978 3684 fuerint
1009 3631 1304 3703 dedicata,
1337 3634 1579 3705 pessima
1606 3635 1914 3692 criminum

280 3726 600 3790 peccantes,
649 3721 845 3792 capitis
883 3724 1158 3795 supplicio
1196 3727 1518 3796 plectendos
1565 3744 1684 3784 esse
1731 3729 1916 3785 decer-

279 3813 496 3882 nimus,
525 3815 678 3885 quod
706 3832 819 3870 non
846 3817 1031 3872 solum
1059 3819 1131 3873 ad
1156 3819 1426 3890 injuriam
1462 3821 1782 3890 hominum,
1813 3823 1914 3878 sed

281 3911 343 3960 et
365 3906 436 3961 ad
461 3907 638 3978 ipsius
661 3909 1066 3981 omnipotentis
1090 3912 1186 3967 Dei
1213 3912 1637 3970 irreverentiam
1662 3917 1916 3972 commit-

278 3998 444 4054 titur.
473 4002 578 4064 Qui
604 4002 798 4074 itaque
825 4004 1154 4074 hujusmodi
1179 4007 1394 4062 crimen
1423 4009 1830 4079 commiserint,
1859 4016 1916 4066 et

278 4094 383 4164 qui
410 4093 488 4148 eis
516 4096 793 4151 auxilium
818 4102 1071 4170 tempore
1098 4100 1400 4157 invasionis
1420 4103 1786 4174 prabuerint,
1818 4104 1913 4160 ubi

277 4186 497 4240 inventi
524 4188 740 4243 fuerint
773 4190 832 4244 in
882 4191 1002 4262 ipsa
1043 4194 1260 4265 rapina,
1312 4199 1370 4248 et
1398 4196 1584 4251 adhuc
1635 4198 1912 4269 ﬂagrante

277 4278 519 4335 crimine
539 4281 876 4352 deprehensi
894 4287 1263 4356 aparentibus
1288 4289 1783 4345 sanctimonialum
1808 4292 1915 4346 vir-

281 4373 505 4443 ginum,
537 4376 623 4430 vel
653 4377 972 4446 viduarum,
994 4381 1083 4435 vel
1116 4381 1554 4436 diaconissarum
1586 4388 1686 4438 aut
1714 4401 1912 4440 earum

278 4468 738 4538 consanguineis,
776 4473 862 4527 vel
899 4474 1199 4543 tutoribus,
1225 4491 1325 4530 seu
1364 4476 1736 4542 curatoribus,
1773 4493 1908 4534 con-

275 4559 412 4614 victi
439 4561 866 4619 interﬁciantur.
897 4566 991 4622 Sin
1013 4573 1204 4623 autem
1233 4573 1360 4640 post
1393 4561 1766 4626 commissum
1791 4578 1911 4628 tam

275 4653 604 4711 detestabile
643 4658 882 4729 crimen,
927 4667 1025 4716 aut
1066 4666 1358 4732 potentatu
1396 4669 1588 4735 raptor
1617 4681 1675 4720 se
1721 4666 1910 4722 defen-

276 4747 438 4816 dere,
456 4754 555 4804 aut
576 4750 713 4822 fuga
731 4753 965 4808 evadere
989 4755 1257 4826 potuerit,
1279 4757 1338 4811 in
1365 4758 1468 4812 hac
1490 4759 1724 4830 quidem
1750 4761 1911 4833 regia

275 4841 418 4895 urbe
447 4846 561 4896 tam
591 4844 695 4898 viri
729 4847 934 4902 excelsi
971 4849 1219 4919 prafecti
1254 4853 1538 4922 praetorio,
1567 4871 1737 4925 quam
1782 4856 1908 4927 glo—

270 4933 320 4987 ri
332 4934 619 4991 osissimus
646 4939 948 5008 prafectus
966 4942 1116 5012 urbi,
1142 4943 1200 4999 in
1225 4945 1530 5015 provinciis
1556 4954 1768 5017 autem,
1793 4951 1910 5003 tam

269 5027 381 5081 viri
411 5029 850 5088 eminentissimi
887 5035 1139 5104 prafecti
1166 5038 1433 5107 pratorio
1473 5056 1575 5110 per
1603 5041 1905 5112 Illyricum,

271 5127 332 5174 et
353 5120 618 5191 Africam,
641 5141 813 5196 quam
840 5129 1101 5200 magistri
1131 5130 1383 5186 militum
1408 5149 1512 5204 per
1540 5134 1784 5189 diversas
1811 5152 1908 5191 no-

271 5214 377 5267 stri
404 5216 556 5270 orbis
585 5219 865 5289 regiones,
890 5237 996 5278 nec
1023 5239 1135 5278 non
1154 5225 1241 5280 vir
1266 5227 1584 5297 spectabilis
1610 5229 1908 5300 prafectus

270 5308 521 5379 Egypti,
551 5317 608 5365 et
635 5311 843 5384 vicarii,
899 5320 956 5370 et
1001 5320 1382 5390 proconsules,
1435 5326 1491 5376 et
1538 5321 1907 5379 nihilominus

267 5400 374 5454 viri
399 5405 725 5472 spectabiles
754 5408 945 5478 duces,
965 5416 1022 5465 et
1046 5412 1149 5466 viri
1175 5413 1469 5468 clarissimi
1495 5419 1743 5472 rectores
1773 5435 1906 5489 pro-

265 5494 602 5567 vinciarum,
640 5515 743 5554 nec
785 5518 900 5557 non
938 5503 1037 5558 alii
1085 5506 1388 5576 cujuslibet
1412 5509 1623 5564 ordinis
1654 5511 1904 5583 judices,

262 5588 364 5658 qui
388 5588 450 5643 in
467 5589 602 5646 locis
628 5591 738 5647 illis
761 5594 977 5652 inventi
998 5598 1227 5670 fuerint,
1256 5600 1440 5656 simile
1473 5603 1725 5659 studium
1770 5622 1901 5662 cum

261 5696 474 5754 magna
506 5685 879 5746 sollicitudine
905 5691 1230 5764 adhibeant,
1261 5700 1325 5750 ut
1363 5711 1460 5751 eos
1488 5697 1699 5768 possint
1751 5716 1901 5756 com-

265 5776 623 5848 prehendere
651 5797 672 5858 ;
701 5787 759 5842 et
784 5788 1222 5858 comprehensos
1244 5788 1305 5845 in
1340 5789 1440 5846 tali
1486 5792 1743 5865 crimine,
1780 5799 1908 5866 post

2017 1861 2429 1932 possessionem
2453 1860 2784 1914 earumdem
2829 1875 3020 1913 rerum
3064 1864 3254 1913 nostro
3301 1859 3504 1913 habeat
3543 1859 3642 1914 be-

2016 1954 2241 2021 neﬁcio,
2273 1953 2500 2008 nemine
2529 1953 2619 2007 vel
2639 1953 2849 2024 judice,
2883 1953 2968 2007 vel
2997 1967 3332 2024 quacunque
3359 1953 3471 2005 alia
3512 1969 3645 2023 per-

2018 2065 2152 2102 sona
2179 2049 2298 2101 hac
2318 2049 2560 2101 audente
2601 2051 2986 2101 contemnere.
3032 2047 3225 2100 Poenas
3267 2049 3476 2114 autem,
3507 2062 3646 2116 quas

2019 2141 2388 2212 praediximus
2419 2141 2493 2208 (id
2533 2147 2636 2209 est,
2666 2141 2865 2194 mortis
2908 2145 2965 2194 et
2999 2140 3276 2194 bonorum
3310 2139 3644 2209 amissionis)

2018 2235 2410 2289 constituimus
2451 2251 2564 2288 non
2618 2237 2839 2288 tantum
2889 2233 3158 2287 adversus
3213 2236 3494 2304 raptores,
3548 2232 3646 2287 sed

2018 2327 2188 2382 etiam
2214 2332 2406 2382 contra
2435 2345 2527 2382 eos
2553 2327 2650 2399 qui
2688 2329 2791 2382 hos
2835 2326 3086 2381 comitati
3115 2326 3173 2379 in
3214 2325 3335 2396 ipsa
3359 2325 3646 2380 invasione

2017 2426 2073 2476 et
2098 2421 2296 2492 rapina
2322 2421 2553 2476 fuerint.
2580 2421 2822 2475 Cateros
2856 2426 3047 2475 autem
3073 2436 3268 2474 omnes
3309 2419 3408 2490 qui
3437 2418 3646 2474 conscii

2017 2517 2076 2568 et
2121 2514 2363 2568 ministri
2400 2514 2725 2585 hujusmodi
2761 2513 3012 2568 criminis
3052 2513 3263 2584 reperti
3309 2517 3365 2567 et
3407 2511 3646 2566 convicti

2015 2607 2246 2676 fuerint,
2273 2607 2359 2662 vel
2389 2624 2483 2662 eos
2508 2607 2878 2677 susceperint,
2909 2607 2996 2661 vel
3032 2621 3429 2678 quamcunque
3474 2621 3644 2676 opem

2016 2700 2096 2755 eis
2116 2701 2368 2768 tulerint,
2399 2702 2513 2755 sive
2554 2701 2808 2769 masculi,
2849 2701 2963 2755 sive
2999 2700 3228 2755 femina
3269 2699 3400 2768 sint,
3447 2700 3638 2769 cujus-

2015 2809 2240 2865 cunque
2267 2793 2623 2864 conditionis,
2646 2794 2732 2848 vel
2755 2794 2982 2864 gradus,
3012 2794 3098 2848 vel
3125 2793 3435 2864 dignitatis,
3463 2808 3644 2864 pana

2013 2887 2236 2958 capitali
2249 2888 2640 2942 tantummodo
2656 2887 3083 2958 subjicimus.Ut
3095 2887 3227 2941 huic
3248 2902 3428 2958 pana
3440 2903 3639 2942 omnes

2012 2979 2357 3050 subjaceant,
2391 2981 2505 3035 sive
2531 2978 2870 3049 volentibus,
2911 2981 3024 3035 sive
3069 2980 3389 3036 nolentibus
3431 2980 3638 3035 sancti-

2014 3073 2353 3128 monialibus
2380 3073 2709 3145 virginibus,
2737 3074 2853 3128 sive
2884 3074 3009 3127 aliis
3035 3073 3368 3145 supradictis
3385 3073 3640 3129 mulieri-

2016 3167 2142 3236 bus,
2168 3168 2277 3221 tale
2302 3167 2516 3222 facinus
2541 3167 2715 3222 fuerit
2736 3173 3143 3239 perpetratum.
3186 3169 3287 3222 Dat
3312 3183 3382 3221 xv
3409 3167 3640 3224 Kalend.

2018 3261 2238 3316 Decem.
2270 3261 2399 3331 CP.,
2430 3261 2527 3316 dn.
2553 3261 2868 3316 Justiniano
2888 3263 2949 3317 P.
2981 3263 3043 3316 P.
3069 3263 3135 3314 A.
3165 3277 3224 3315 ιιι
3252 3276 3366 3316 cos.
3411 3263 3534 3317 533.

2691 3407 2816 3461 LEX
2862 3408 2968 3462 LV.

2090 3485 2242 3541 Idem
2267 3489 2575 3558 Augustus.

2090 3580 2156 3634 Ut
2193 3596 2307 3634 non
2336 3579 2499 3634 liceat
2532 3579 2864 3651 parentibus
2909 3579 3185 3651 impedire
3214 3581 3522 3652 quominus
3570 3583 3640 3638 li-

2013 3672 2137 3726 beri
2167 3689 2371 3728 eorum
2400 3673 2648 3727 volentes
2673 3673 2934 3728 monachi
2975 3676 3075 3728 aut
3116 3675 3302 3729 clerici
3343 3677 3504 3745 ﬁant,
3545 3683 3645 3733 aut

2015 3782 2140 3821 eam
2167 3767 2239 3821 ob
2265 3767 2439 3821 solam
2482 3783 2712 3822 causam
2755 3768 3115 3822 exharedare
3159 3785 3172 3822 :
3215 3770 3310 3824 sed
3345 3771 3390 3825 si
3419 3771 3529 3842 ipsi
3552 3775 3637 3828 te-

2015 3863 2359 3931 stamentum
2403 3860 2665 3930 condant,
2705 3878 2932 3917 necesse
2975 3862 3222 3918 habento
3267 3865 3643 3934 quadrantem

2012 3953 2122 4007 illis
2148 3953 2496 4025 relinquere;
2525 3955 2611 4009 sin
2656 3960 2848 4011 autem
2889 3956 2996 4011 hoc
3036 3973 3153 4012 non
3186 3957 3442 4028 fecerint,
3489 3961 3644 4016 locus

2013 4046 2083 4101 sit
2102 4047 2172 4101 ab
2201 4047 2484 4104 intestato.

2083 4139 2116 4213 §
2148 4145 2197 4196 ί.
2241 4142 2402 4206 Quod
2436 4143 2482 4197 si
2518 4144 2599 4198 illi
2646 4145 2988 4200 monasteria
3027 4150 3126 4200 aut
3173 4147 3431 4201 ecclesias
3461 4147 3638 4202 relin-

2012 4241 2226 4307 quant;
2259 4242 2426 4308 atque
2466 4237 2737 4291 muudani
2779 4237 2938 4306 ﬁant,
2969 4255 3137 4293 omne
3165 4239 3420 4311 ipsorum
3436 4241 3533 4311 jus
3567 4242 3639 4296 ad

2012 4329 2423 4384 monasterium
2448 4334 2546 4384 aut
2575 4331 2863 4386 ecclesiam
2888 4332 3153 4402 pertinet.

2670 4464 2794 4519 LEX
2847 4466 2976 4522 LVI.

2082 4570 2238 4627 Idem
2257 4572 2544 4642 Augustus
2562 4571 2761 4626 Joanni
2783 4573 2887 4628 PP.

2081 4666 2196 4720 Deo
2220 4664 2383 4720 nobis
2402 4663 2678 4720 auxilium
2704 4666 3011 4739 prabente,
3035 4671 3224 4728 omnia
3249 4689 3378 4747 quae
3405 4695 3508 4749 pro
3533 4680 3632 4737 ho-

2009 4775 2147 4814 nore
2173 4761 2376 4814 sancta
2399 4759 2657 4814 Ecclesia
2682 4760 2968 4818 catholica
2987 4766 3056 4820 ad
3094 4767 3191 4822 Dei
3218 4770 3489 4840 placitum
3507 4774 3633 4830 ﬁeri

2010 4869 2403 4925 properamus,
2432 4854 2653 4925 legibus
2690 4856 3029 4914 constituere
3075 4865 3133 4915 et
3163 4864 3429 4933 operibus
3457 4868 3638 4924 adim-

2009 4948 2165 5018 plere
2188 4947 2592 5003 desideramus.
2623 4950 2688 5003 Et
2721 4950 2842 5020 jam
2871 4952 3102 5022 quidem
3131 4957 3307 5011 multa
3339 4975 3469 5015 cum
3513 4963 3634 5034 ejus

2008 5041 2216 5097 auxilio
2243 5041 2543 5097 statuimus
2566 5059 2694 5114 qua
2733 5045 3115 5102 ecclesiastica
3157 5050 3424 5108 doctrina
3466 5061 3636 5130 atque

2009 5135 2176 5191 statui
2202 5136 2542 5191 conveniunt
2571 5153 2583 5190 :
2611 5136 2670 5191 in
2697 5139 2963 5207 praesenti
2991 5157 3122 5196 vero
3165 5143 3270 5200 hoc
3296 5147 3392 5218 pia
3419 5149 3634 5207 delibe-

2009 5229 2223 5284 ratione
2251 5229 2514 5284 duximus
2537 5231 2956 5301 corrigendum,
2973 5236 3125 5306 quod
3153 5237 3426 5297 hactenus
3443 5248 3636 5298 contra

2007 5323 2108 5378 Dei
2133 5323 2396 5378 timorem
2409 5323 2596 5379 fiebat.
2624 5325 2925 5395 Cognitum
2942 5329 3153 5386 etenim
3170 5333 3334 5388 nobis
3359 5339 3462 5403 est,
3485 5337 3636 5407 quod

2006 5418 2054 5472 si
2081 5418 2208 5490 quis
2234 5433 2493 5489 sponsus,
2518 5417 2605 5473 vel
2647 5435 2871 5490 sponsa,
2909 5427 3041 5494 post
3077 5425 3232 5481 datas
3274 5432 3332 5482 et
3380 5433 3634 5500 acceptas

2006 5511 2219 5580 arrhas,
2259 5511 2528 5566 voluisset
2564 5528 2622 5567 se
2667 5512 2854 5569 divino
2903 5516 3178 5588 deputare
3229 5520 3477 5588 servitio,
3506 5527 3564 5578 et
3606 5539 3640 5577 a

2005 5606 2258 5661 saculari
2278 5607 2698 5662 conversatione
2727 5610 3009 5679 recedere,
3055 5629 3118 5666 ac
3147 5614 3637 5671 sanctimonialem

2004 5701 2176 5756 vitam
2204 5701 2408 5772 vivere,
2438 5704 2609 5773 atque
2634 5702 2694 5756 in
2723 5703 2823 5758 Dei
2848 5705 3048 5760 timore
3079 5721 3436 5778 permanere,
3471 5727 3630 5767 com-

2004 5795 2323 5867 pellebatur
2350 5795 2400 5851 vi
2427 5796 2662 5868 quidem
2693 5813 2755 5851 ea
2784 5814 2911 5868 qua
2938 5797 3238 5856 arrharum
3267 5803 3502 5862 nomine
3541 5807 3642 5864 de‘
