4076 6186
425 343 551 396 1071

1558 329 1813 388 SIECULI
1852 329 2044 386 SEXTl
2091 323 2642 384 SUPPLEMENTUM.

3637 319 3780 372 {O72

419 453 584 522 perat
605 447 886 516 amittere,
907 460 1112 516 sponsa
1137 457 1269 497 vero
1295 441 1355 496 in
1380 441 1618 512 duplum
1645 440 1702 494 id
1721 439 1872 512 quod
1897 454 2045 494 acce-
2067 455 2126 529 Α
2145 435 2292 490 senti
2316 435 2441 505 lege
2471 432 2816 504 eripiantur;
2847 434 2904 486 et
2931 447 3025 486 eos
3057 432 3172 484 tam
3203 425 3422 499 judices
3463 424 3784 497 provincia-

421 547 580 616 peret
607 541 857 596 reddere.
881 539 1042 602 Quod
1077 541 1284 590 nostra
1309 533 1752 598 mansuetudini,
1785 531 2046 603 religioni

423 635 768 693 contrarium
808 649 945 700 esse,
985 631 1168 684 visum
1214 635 1316 684 est.
1367 629 1522 683 Unde
1559 643 1661 698 per
1711 630 2046 698 praesentem

421 731 606 802 legem
635 727 694 781 in
722 727 1065 796 perpetuum
1091 725 1394 778 valituram
1412 721 1680 794 jubemus
1709 737 1722 774 :
1753 724 1816 774 ut
1845 719 1891 773 si
1921 719 2046 790 quis

422 837 662 896 sponsus
674 820 762 873 vel
778 835 1002 891 sponsa,
1037 816 1456 890 [desideraverit
1481 814 1672 869 saeculi
1691 813 1849 867 istius
1877 812 2048 866 vitam

421 921 805 979 contemnere,
835 917 890 967 et
907 912 969 966 in
990 909 1504 966 sanctimonialium
1529 906 1950 962 conversatione
1973 905 2050 958 vi-

422 1007 569 1080 vere]
606 1023 845 1078 spousus
873 1005 1103 1076 quidem
1129 1003 1316 1058 omnia
1345 1019 1472 1073 quae
1500 1001 1798 1055 arrharum
1821 999 2049 1054 nomine

421 1101 598 1157 futuri
625 1117 792 1154 causa
815 1098 1066 1170 conjugii
1091 1098 1246 1153 dedit
1271 1097 1392 1150 sine
1413 1096 1526 1149 ulla
1539 1094 1926 1149 deminutione
1955 1109 2047 1146 re-

423 1195 629 1267 cipiat;
659 1209 864 1265 sponsa
891 1197 1082 1246 autem
1121 1207 1234 1245 non
1280 1190 1518 1260 duplum
1549 1187 1707 1256 (sicut
1732 1185 2047 1256 hactenus),

425 1289 521 1344 sed
541 1289 647 1343 hoc
661 1287 1052 1341 tantummodo
1078 1302 1282 1356 sponso
1304 1283 1562 1338 restituat
1587 1282 1737 1352 quod
1754 1281 2053 1334 arrharum

423 1381 657 1438 nomine
687 1381 998 1450 acceperat,
1029 1385 1084 1433 et
1111 1379 1254 1432 nihil
1279 1377 1520 1448 amplius
1545 1375 1777 1430 reddere
1808 1373 2054 1444 compel-

423 1475 590 1544 latur,
609 1473 718 1529 nisi
737 1473 886 1544 quod
915 1473 1150 1543 probata
1176 1471 1346 1526 fuerit
1372 1469 1669 1540 accepisse.
1701 1469 1841 1522 Nam
1866 1471 1922 1522 et
1941 1482 2055 1520 ma-

423 1569 550 1624 ritis
580 1571 637 1622 et
659 1566 931 1621 uxoribus
957 1565 1056 1636 qui
1083 1565 1288 1619 smculo
1317 1563 1650 1618 renuntiant
1668 1561 1790 1632 jam
1815 1559 2056 1614 anterio-

423 1678 486 1716 re
515 1661 642 1732 lege
676 1677 708 1714 a
739 1659 902 1714 nobis
935 1659 1224 1730 provisum
1255 1661 1338 1712 est
1357 1674 1382 1726 ,ε
1413 1660 1476 1709 ut
1496 1656 1620 1726 tsive
1649 1654 1906 1721 maritus,
1941 1653 2054 1708 sive

423 1771 570 1810 uxor
597 1752 884 1825 religionis
920 1768 1087 1806 causa
1110 1767 1143 1804 a
1168 1749 1432 1820 conjugio
1468 1747 1775 1814 recesserit,
1835 1751 1892 1801 et
1920 1746 2051 1800 soli-

427 1847 634 1901 tariam
662 1846 838 1900 vitam
863 1844 1120 1915 elegerit,
1143 1843 1534 1914 unusquisque
1577 1857 1774 1896 eorum
1797 1855 1887 1894 res
1929 1855 2057 1894 suas
2074 1827 2131 1900 B

425 1941 677 2011 recipiat,
721 1955 860 2010 quas
898 1954 1003 2009 pro
1042 1937 1170 1992 dote
1203 1937 1291 1991 vel
1332 1939 1461 1990 ante
1493 1934 1720 2006 nuptias
1759 1932 2058 1988 donatione

423 2032 781 2104 praestiterat,
815 2035 870 2086 et
895 2031 1001 2085 hoc
1019 2029 1411 2085 tantummodo
1439 2028 1580 2082 lucri
1605 2027 1836 2082 nomine
1857 2043 2056 2081 conse-

425 2131 630 2198 quatur
652 2127 722 2180 ab
755 2142 820 2180 eo
849 2124 946 2196 qui
975 2123 1278 2178 solitariam
1308 2123 1486 2176 vitam
1514 2121 1765 2193 elegerit,
1789 2119 1942 2191 quod
1968 2119 2060 2175 de-

423 2220 547 2274 buit
570 2219 823 2290 legitime
851 2217 939 2272 vel
969 2234 1038 2272 ex
1053 2222 1218 2288 pacto
1247 2233 1349 2288 per
1369 2233 1561 2270 casum
1581 2214 1782 2269 mortis
1809 2214 2056 2284 exigere.

498 2314 530 2384 §
563 2317 612 2367 ί.
645 2315 758 2368 Hoc
779 2312 951 2366 etiam
981 2311 1274 2380 cognitum
1298 2310 1460 2364 nobis
1491 2308 1834 2363 correctione
1867 2311 2061 2360 nostra

428 2407 670 2477 dignum
692 2422 810 2460 esse
828 2405 1176 2476 judicamus,
1206 2408 1268 2457 ut
1287 2403 1334 2456 si
1357 2401 1480 2473 quis
1499 2403 1560 2456 in
1580 2407 1890 2472 parentum
1907 2405 2061 2471 pote-

426 2504 567 2555 state
598 2499 937 2554 constitutus
963 2499 1048 2552 vel
1071 2497 1393 2563 constituta,
1417 2495 1500 2548 vel
1521 2495 1708 2548 forsan
1728 2493 2060 2564 hujusmodi

419 2594 552 2664 jure
591 2593 879 2647 absolutus
905 2592 992 2646 vel
1031 2589 1311 2656 absoluta,
1351 2588 1588 2656 elegerit
1619 2604 1675 2642 se
1717 2587 2059 2642 monasterio

426 2687 514 2740 vel
539 2687 690 2740 clero
721 2685 953 2752 sociare,
981 2689 1038 2739 et
1065 2683 1352 2754 reliquum
1377 2683 1504 2735 vitae
1532 2697 1647 2735 suae
1673 2685 1902 2751 tempus
1939 2696 2059 2733 san-

427 2779 826 2835 ctimonialiter
852 2779 1056 2849 degere
1081 2776 1342 2842 voluerit,
1373 2792 1487 2830 non
1531 2775 1692 2829 liceat
1735 2773 2060 2845 parentibus

429 2873 654 2929 eosdem
668 2873 752 2928 vel
771 2872 994 2928 easdem
1011 2886 1370 2942 quocumque
1397 2869 1566 2923 modo
1591 2868 1934 2934 abstrahere,
1973 2866 2061 2920 vel

427 2973 658 3038 prepter
686 2967 832 3020 hanc
859 2965 1256 3020 tantummodo
1295 2979 1526 3017 causam
1571 2961 1732 3032 quasi
1771 2961 2060 3031 ingratum

428 3059 516 3114 vel
559 3059 846 3128 ingratam
887 3075 920 3110 a
963 3074 1060 3110 sua
1101 3057 1427 3111 haereditate
1468 3055 1555 3109 vel
1595 3053 1942 3108 successione
1969 3068 2059 3107 re-

428 3151 659 3224 pellere,
685 3151 782 3204 sed
813 3165 1036 3204 necesse
1063 3149 1134 3202 sit
1165 3149 1244 3202 eis
1269 3148 1621 3214 omnimodo,
1645 3163 1776 3201 cum
1801 3146 2060 3200 ultimam

429 3245 782 3298 voluntatem
808 3259 997 3310 suam,
1019 3242 1132 3296 sive
1173 3257 1277 3312 per
1302 3241 1665 3311 scripturam,
1697 3240 1810 3293 sive
1841 3239 1950 3292 alio
1979 3239 2060 3292 le-

433 3338 632 3412 gitimo
659 3337 828 3391 modo
857 3334 1179 3406 perﬁciunt,
1205 3339 1463 3406 quartam
1484 3334 1714 3405 quidem
1741 3333 2064 3403 portionem

429 3431 742 3487 secundum
768 3431 922 3500 leges
942 3435 1162 3483 nostras
1193 3428 1273 3482 eis
1301 3427 1620 3498 relinquere
1643 3443 1656 3480 :
1685 3426 1774 3480 sin
1798 3430 1989 3480 autem
2011 3429 2067 3479 et

432 3525 676 3596 amplius
719 3522 1000 3577 voluerint
1033 3521 1112 3576 eis
1153 3519 1371 3591 largiri,
1411 3520 1516 3574 hoc
1550 3535 1746 3574 eorum
1791 3517 2066 3572 voluntati

432 3617 811 3672 concedimus.
843 3615 944 3670 Siu
979 3629 1108 3668 vero
1134 3613 1400 3668 ultimam
1429 3612 1778 3666 voluntatem
1805 3615 2066 3682 parentes

433 3727 618 3783 neque
651 3711 1012 3774 testamento,
1047 3723 1232 3778 neque
1270 3706 1376 3760 alio
1419 3707 1619 3760 ultimo
1665 3705 1846 3776 elogio
1891 3705 2069 3758 decla-

432 3821 582 3859 rasse
613 3803 916 3858 monstrati
941 3801 1173 3866 fuerint,
1209 3815 1442 3854 omnem
1477 3803 1778 3870 parentum
1807 3797 2064 3853 substan-

429 3897 570 3951 tiam
596 3897 871 3964 haaredes,
903 3895 1109 3966 quibus
1139 3893 1208 3948 ab
1236 3894 1503 3948 intestato
1530 3892 1819 3962 competit,
1865 3907 2064 3945 secun-

435 3987 575 4044 dum
599 3989 753 4059 leges
777 3991 994 4041 nostras
1021 3986 1124 4039 sibi
1153 3987 1474 4054 defendant,
1506 3987 1664 4039 nullo
1707 3986 1786 4039 eis
1823 3984 2065 4056 impedi-

436 4085 632 4140 mento
689 4097 753 4136 ex
797 4078 1211 4135 sanctimoniali
1245 4078 1668 4132 conversatione
1725 4077 2066 4148 generando,

436 4176 550 4230 sive
571 4175 691 4242 soli,
725 4175 841 4229 sive
887 4190 1020 4228 cum
1057 4172 1182 4226 aliis
1212 4171 1284 4226 ad
1324 4171 1736 4226 successionem
1777 4175 2066 4224 vocantur.

436 4300 504 4312 —-
523 4271 623 4343 §2.
655 4269 830 4340 Hujus
863 4271 1056 4323 autem
1083 4269 1375 4338 perpetuae
1395 4270 1604 4319 nostrae
1625 4263 1768 4336 legis
1797 4263 2070 4318 beneﬁcia

437 4381 530 4419 eos
555 4364 811 4417 volumus
839 4361 1115 4429 obtinere,
1145 4359 1243 4431 qui
1273 4359 1334 4415 in
1355 4359 1699 4413 monasterio
1729 4359 1814 4412 vel
1844 4357 2072 4412 clerica-

439 4461 500 4512 tu
521 4455 1018 4528 perseveraverint.
1047 4455 1191 4508 Nam
1221 4454 1267 4506 si
1287 4453 1385 4524 qui
1407 4469 1604 4507 eorum
1620 4453 1688 4506 de
1702 4451 1906 4524 quibus
1928 4468 2071 4522 prae-

2083 3194 2137 3267 C

2145 545 2277 584 rum
2305 544 2476 600 quam
2503 529 2866 582 sacrosanctae
2889 523 3136 580 ecclesia
3161 522 3503 586 defensores,
3525 535 3632 574 nec
3659 533 3780 571 non

2145 622 2454 678 beatissimi
2481 621 2748 691 episcopi,
2777 619 3097 684 defendant,
3120 616 3262 670 nihil
3281 630 3385 686 pro
3413 628 3612 668 eorum
3649 627 3786 682 pre-

2145 716 2238 770 tiis
2287 715 2512 786 penitus
2557 713 2958 784 accipientibus
3004 709 3272 766 dominis.
3333 706 3497 772 Quod
3539 705 3586 759 si
3631 705 3780 758 forte

2153 809 2390 880 posthac
2417 807 2588 862 etiam
2614 807 2722 879 ipsi
2747 805 2962 860 domini
2991 821 3188 860 eorum
3215 802 3286 856 ad
3305 799 3690 855 orthodoxam
3719 795 3783 848 fi-

2149 903 2283 956 dem
2324 901 2576 955 conversi
2613 900 2844 966 fuerint,
2891 915 3008 953 non
3041 898 3206 952 liceat
3243 895 3323 950 eis
3349 893 3424 947 ad
3447 891 3784 947 servitutem

2149 995 2420 1049 reducere
2440 995 2561 1048 illos
2587 993 2683 1065 qui
2707 1009 2798 1046 eos
2815 993 2886 1046 ad
2909 991 3078 1046 ﬁdem
3098 988 3462 1044 orthodoxam
3479 998 3786 1056 praeesse-

2149 1093 2302 1143 runt.
2334 1089 2444 1143 Sed
2464 1088 2509 1142 si
2543 1087 2666 1159 quis
2693 1087 2822 1140 talia
2838 1085 3209 1156 usurpaverit,
3231 1080 3414 1154 pcenis
3437 1075 3784 1150 gravissimis

2151 1181 2478 1252 subjacebit.
2521 1183 2648 1235 Haec
2687 1180 2864 1251 igitur
2903 1179 3093 1232 omnia
3125 1191 3254 1248 quae
3301 1172 3523 1245 pietatis
3567 1169 3785 1224 intuitu

2150 1281 2341 1330 nostra
2363 1275 2550 1330 sanxit
2575 1274 2872 1342 aeternitas,
2907 1287 3103 1326 omnes
3119 1269 3360 1340 judices,
3390 1269 3445 1320 et
3471 1263 3782 1334 religiosis-

2153 1370 2282 1424 simi
2311 1369 2607 1434 antistites,
2635 1367 2748 1422 sive
2793 1367 3066 1421 Africana:
3102 1363 3400 1418 diceeeseos
3425 1359 3500 1418 (in
3527 1373 3642 1429 qua
3667 1371 3784 1410 ma-

2153 1464 2304 1520 xime
2333 1461 2660 1533 hujusmodi
2685 1459 2818 1515 vitia
2839 1456 3191 1530 frequentari
3229 1449 3641 1525 cognovimus),
3669 1449 3786 1502 sive

2152 1558 2390 1612 aliarum
2417 1554 2856 1628 provinciarum,
2891 1551 3139 1623 graviter
3163 1552 3221 1604 et
3260 1544 3665 1602 studiosissime
3691 1541 3790 1594 ob-

2155 1651 2364 1706 servari
2389 1651 2712 1720 procurent.
2727 1648 2866 1701 Nam
2891 1648 3300 1714 contemptores
3321 1655 3438 1694 non
3461 1638 3654 1694 solum
3679 1651 3782 1705 pe-

2155 1743 2407 1800 cuniaria
2431 1742 2629 1811 multa,
2657 1739 2754 1795 sed
2783 1739 2954 1795 etiam
2981 1736 3176 1808 capitis
3191 1732 3465 1806 supplicio
3483 1729 3782 1786 ferientur.

2803 1837 2928 1891 LEX
2967 1836 3118 1889 LVII.

2227 1933 2380 1988 ldem
2405 1931 2690 2001 Augustus
2714 1925 2917 1981 Joanni
2943 1925 3001 1978 P.
3033 1925 3092 1977 Ρ.

2225 2029 2472 2080 Prmsens
2490 2023 2582 2077 lex
2611 2023 2672 2076 in
2700 2019 2928 2074 alterius
2957 2017 3096 2087 legis
3129 2014 3350 2085 scripta:
3373 2009 3588 2065 anobis
3613 2005 3784 2062 refer—

2157 2123 2253 2173 tnr
2277 2117 2644 2184 mentionem,
2672 2130 2844 2185 quam
2887 2107 3256 2181 proculdubio
3283 2111 3338 2160 et
3361 2105 3551 2159 denuo
3575 2099 3784 2156 conﬁr-

2159 2229 2316 2267 mare
2341 2227 2473 2266 cum
2503 2209 2746 2281 quadam
2773 2205 3009 2260 meliore
3045 2201 3366 2274 putavimus
3395 2200 3660 2268 oportere
3685 2193 3786 2247 ad—

2151 2305 2416 2378 jectione,
2447 2303 2722 2372 majorem
2747 2315 2970 2370 pugnam
3007 2301 3201 2351 contra
3227 2291 3626 2361 delinquentes
3650 2302 3790 2356 pro-

2158 2399 2390 2453 ferendo
2411 2415 2427 2465 ;
2457 2413 2571 2448 non
2597 2394 2730 2465 quia
2753 2389 3078 2462 augmentis
3105 2387 3458 2442 delectemur
3485 2393 3792 2452 poenarum

2164 2492 2326 2563 (nihil
2355 2491 2510 2544 enim
2527 2487 2686 2542 nobis
2711 2491 2827 2540 tam
2858 2489 3082 2556 gratum
3111 2485 3388 2550 estquam
3414 2472 3792 2540 humanitas),

2159 2586 2256 2639 sed
2283 2589 2344 2639 ut
2367 2586 2524 2637 metu
2553 2597 2734 2652 poenae
2761 2596 2853 2634 eos
2881 2577 2983 2649 qui
3025 2576 3096 2630 ad
3125 2571 3474 2645 peccandum
3515 2565 3799 2638 proclives

2159 2681 2292 2732 sunt
2317 2694 2350 2730 a
2373 2675 2654 2746 peccando
2679 2687 2990 2726 arceamus.
3038 2667 3256 2722 Scimus
3301 2663 3478 2734 igitur
3511 2675 3616 2714 nos
3659 2655 3800 2710 scri-

2159 2771 2333 2842 psisse
2359 2770 2548 2840 legem
2569 2767 2850 2822 dicentem
2871 2763 3090 2818 nullam
3117 2775 3235 2815 esse
3250 2755 3536 2811 licentiam
3559 2751 3802 2806 sanctis-

2161 2864 2434 2918 simarum
2463 2860 2820 2916 ecclesiaram
2845 2854 3168 2920 ceconomis,
3191 2857 3288 2906 aut
3317 2847 3660 2904 antistitibus
3686 2859 3794 2897 xe-

2160 2973 2398 3023 nonum,
2429 2960 2526 3009 aut
2553 2952 3022 3017 nosocomiorum,
3045 2953 3144 3001 aut
3161 2943 3538 3016 ptochiorum,
3561 2943 3804 2992 autmo-

2161 3051 2556 3118 nasteriorum,
2589 3047 2702 3101 sive
2728 3045 3000 3110 virorum,
3031 3041 3146 3095 sive
3181 3037 3505 3101 mulierum,
3531 3037 3632 3086 aut
3657 3031 3802 3084 alica

2161 3161 2292 3199 rnm
2331 3142 2531 3196 talium
2561 3155 2882 3211 corporum,
2923 3151 3167 3207 quorum
3203 3129 3434 3202 prerfata
3467 3123 3800 3180 constitutio

2164 3236 2445 3304 meminit,
2463 3251 2529 3289 ea
2550 3250 2676 3304 quas
2697 3233 2756 3286 in
2775 3233 3116 3302 perpetuum
3133 3225 3243 3279 illis
3269 3223 3460 3277 relicta
3481 3223 3634 3287 sunt,
3661 3232 3800 3286 quae

2163 3330 2389 3384 annalia
2415 3333 2613 3382 vocant
2636 3327 2812 3397 leges,
2847 3321 3157 3378 secundum
3184 3315 3412 3388 aliquod
3436 3315 3666 3385 pactum
3693 3313 3802 3362 aut

2163 3439 2300 3478 auro
2325 3422 2634 3477 distrahere
2664 3423 2838 3485 certo,
2861 3421 2959 3470 aut
2986 3414 3231 3468 alienare
3269 3410 3433 3464 aliter
3455 3422 3558 3477 per
3582 3418 3796 3474 quem-

2165 3532 2387 3587 cunque
2417 3515 2671 3580 modum,
2697 3515 2754 3567 et
2779 3508 3018 3582 posteris
3042 3507 3293 3560 adimere
3319 3501 3376 3556 id
3403 3498 3550 3571 quod
3577 3498 3659 3550 eis
3700 3495 3802 3548 ob-

2165 3609 2380 3665 veniret
2407 3608 2609 3663 exinde
2638 3605 2901 3660 solatium
2929 3607 3008 3656 :et
3031 3597 3425 3654 convenientes
3451 3591 3564 3662 legi
3591 3588 3804 3660 adjeci-

2167 3720 2294 3759 mus
2319 3703 2581 3770 rationes,
2615 3704 2678 3754 ut
2701 3697 2832 3770 quia
2857 3713 2972 3750 non
2988 3693 3230 3764 amplius
3255 3691 3487 3762 propter
3509 3684 3624 3738 tale
3637 3698 3802 3736 com-

2166 3801 2445 3864 mentum,
2477 3811 2581 3849 nec
2608 3790 2906 3865 appellatio
2933 3788 3165 3860 quidem
3199 3783 3374 3838 annui
3409 3781 3798 3842 conservetur,

2167 3892 2273 3947 nisi
2301 3907 2405 3972 p_er
2433 3887 2682 3959 singulos
2701 3901 2882 3940 annos
2901 3881 3192 3950 contingat
3211 3874 3488 3949 praestari,
3510 3871 3608 3926 sed
3623 3869 3802 3924 semel

2168 3965 2654 4057 repraesentatum,
2683 3983 2880 4051 postea
2903 3975 3151 4048 perfecte
3167 3973 3375 4044 pereat.
3403 3967 3553 4020 Hanc
3587 3965 3804 4018 iterum

2169 4096 2299 4134 cum
2325 4077 2514 4148 aliqua
2531 4073 2846 4144 adjectione
2874 4071 3208 4126 renovantes
3243 4065 3430 4134 legem
3459 4057 3749 4113 sancimus
3783 4071 3798 4108 :

2171 4174 2218 4227 si
2263 4171 2391 4242 quis
2430 4170 2528 4222 aut
2562 4163 3159 4221 reverendissimorum
3197 4168 3647 4216 tECOﬂOIDOI'IlIIl,
3701 4153 3804 4202 aut

2171 4263 2650 4328 xenodochorum,
2697 4262 2796 4312 aut
2833 4268 3287 4318 nosocomorum,
3332 4251 3430 4302 aut
3463 4245 3800 4318 ptochotro-

2168 4359 2436 4431 phorum,
2465 4359 2563 4409 aut
2608 4356 3157 4424 gerontocomorum,
3199 4349 3298 4399 aut
3337 4336 3800 4411 brephotropho-

2170 4469 2320 4520 rum,
2337 4455 2436 4506 aut
2449 4446 3063 4520 orphanotrophorum,
3083 4445 3178 4494 aut
3201 4431 3798 4496 archimandritarum,

439 4556 658 4605 sentem
699 4550 888 4620 legem
918 4547 1209 4618 posuimus
1251 4545 1736 4601 sanctimonialem
1765 4546 1936 4599 vitam
1967 4544 2072 4599 ele-
2091 4557 2151 4628 D
2172 4551 2269 4601 aut
2291 4545 2531 4600 aliarum
2550 4543 2944 4596 contentarum
2957 4535 3341 4608 priorenostra
3359 4527 3550 4583 divina
3587 4522 3802 4578 consti-

439 4643 647 4716 gerint,
678 4643 748 4697 ad
773 4642 1107 4696 saecularem
1149 4644 1339 4694 autem
1364 4640 1846 4694 conversationem
1875 4642 2070 4709 postea

439 4735 837 4805 remeaverint,
861 4735 1131 4805 jubemus
1152 4750 1346 4788 omnes
1367 4749 1566 4788 eorum
1589 4749 1676 4788 res
1698 4731 1766 4786 ad
1779 4733 1910 4802 jura
1931 4732 1978 4802 ej
1988 4749 2073 4786 us-

439 4832 570 4887 dem
600 4829 845 4886 ecclesiae
873 4829 967 4884 vel
997 4827 1327 4882 monasterii
1356 4843 1388 4880 a
1415 4843 1529 4898 quo
1555 4826 1888 4881 recesserint
1907 4825 2076 4896 perti-

441 4941 594 4980 nere.
617 4955 688 4966 -—
713 4923 819 5000 §3.
847 4922 940 4977 His
967 4921 1047 4976 ita
1071 4921 1379 4992 dispositis,
1403 4920 1643 4991 repetita
1662 4919 1790 4990 lege
1805 4919 2074 4990 jubemus

441 5023 508 5071 ut
528 5019 716 5072 nullus
744 5017 988 5086 Iudaeus,
1020 5015 1108 5070 vel
1133 5030 1406 5086 paganus,
1443 5014 1528 5067 vel
1555 5014 1855 5068 haereticus
1885 5029 2075 5067 servos

441 5109 789 5165 Christianos
825 5109 1048 5164 habeat.
1077 5108 1236 5172 Quod
1262 5107 1307 5161 si
1327 5107 1542 5162 inventi
1566 5107 1627 5160 in
1653 5107 1749 5160 tali
1775 5111 1936 5160 reatu
1957 5105 2076 5160 fue-

443 5203 578 5268 rint,
608 5202 890 5256 sancimus
925 5219 1113 5257 servos
1151 5202 1415 5257 omnibus
1463 5200 1644 5255 modis
1679 5200 1886 5255 liberos
1929 5215 2072 5269 esse,

443 5294 758 5352 secundum
778 5296 1118 5351 anteriorem
1143 5302 1464 5351 nostrarum
1491 5296 1686 5366 legum
1713 5299 1988 5349 tenorem.
2011 5295 2074 5347 In

442 5387 710 5463 praesenti
733 5391 924 5441 autem
940 5389 1046 5442 hoc
1059 5391 1304 5460 amplius
1322 5389 1699 5454 decernimus,
1717 5392 1780 5442 ut
1801 5388 1844 5441 si
1861 5387 1986 5458 quis
2007 5403 2076 5441 ex

441 5481 725 5556 praedictis
745 5480 974 5550 Judaais,
1000 5482 1085 5534 vel
1109 5484 1364 5553 paganis,
1393 5489 1492 5538 aut
1506 5482 1786 5538 haereticis
1813 5481 2078 5536 habuerit

444 5595 630 5634 servos
669 5575 928 5632 nondum
958 5573 1246 5629 catholicae
1289 5575 1419 5630 ﬁdei
1470 5576 1833 5636 sanctissimis
1867 5579 2076 5646 myste-

444 5671 544 5726 riis
569 5671 840 5738 imbutos,
874 5673 932 5724 et
957 5667 1212 5740 prtedicti
1244 5668 1388 5722 servi
1431 5669 1870 5725 desideraverint
1887 5669 1958 5723 ad
1985 5685 2077 5722 or-

443 5765 752 5819 thodoxam
775 5763 949 5818 ﬁdem
959 5763 1176 5832 venire,
1193 5763 1499 5834 postquam
1521 5763 1812 5816 catholicae
1830 5762 2080 5817 ecclesiae

445 5857 636 5914 sociati
663 5856 897 5928 fuerint,
927 5857 989 5913 in
1009 5857 1329 5914 libertatem
1355 5855 1537 5911 modis
1563 5854 1825 5911 omnibus
1845 5872 1914 5912 ex
1938 5871 2082 5927 pra-

2170 4639 2390 4695 tutione
2421 4651 2812 4708 personarum,
2827 4632 2884 4686 id
2899 4629 3053 4702 quod
3083 4629 3142 4681 in
3171 4627 3514 4698 perpetuum
3536 4617 3804 4672 relictum

2171 4737 2254 4788 est
2278 4730 2687 4787 venerabilibus
2715 4725 2974 4782 domibus
3025 4721 3230 4793 quibus
3277 4717 3546 4789 praesunt,
3591 4711 3712 4764 sive
3745 4709 3804 4762 in

2173 4843 2331 4894 auro,
2359 4827 2471 4882 sive
2487 4827 2546 4880 in
2562 4823 2686 4878 aliis
2701 4821 2867 4876 rebus
2883 4813 3185 4873 tentaverit
3207 4813 3611 4872 transmutare,
3631 4819 3704 4857 ne
3723 4803 3806 4856 vi-

2180 4925 2382 4980 deatur
2402 4936 2522 4975 esse
2549 4909 3016 4990 perpetuum,sed
3041 4902 3510 4963 transactionibus
3537 4901 3638 4952 aut
3663 4911 3804 4952 ven-

2174 5015 2498 5082 ditionibus,
2532 5017 2629 5066 aut
2655 5007 2992 5080 quibusdam
3021 5002 3144 5056 aliis
3177 4991 3716 5056 machinationibus,
3743 4993 3810 5043 ut

2174 5109 2328 5182 quod
2353 5109 2694 5180 perpetuum
2719 5114 2952 5156 manere
2973 5093 3214 5152 debebat
3231 5089 3592 5154 terminatur,
3623 5089 3811 5138 tenta-

2174 5202 2334 5270 verit,
2367 5203 2578 5273 praeter
2603 5197 2718 5251 vim
2743 5212 2777 5249 a
2805 5191 2966 5248 nobis
2991 5203 3176 5260 nuper
3199 5184 3468 5257 profectae
3503 5180 3562 5232 in
3597 5177 3808 5246 hujus-

2174 5297 2328 5354 modi
2359 5270 2528 5350 rebus
2557 5290 2762 5346 divina:
2791 5286 2951 5358 legis,
2981 5283 3196 5338 nullam
3225 5277 3436 5332 habere
3461 5273 3581 5327 ullo
3629 5270 3808 5324 modo

2175 5385 2461 5443 licentiam
2485 5383 2593 5436 hoc
2629 5381 2814 5434 facere
2837 5394 2852 5445 ;
2897 5373 2993 5428 sed
3021 5375 3078 5426 et
3105 5370 3152 5424 si
3176 5366 3390 5438 fecerit,
3425 5361 3660 5417 irritum
3686 5373 3808 5412 esse

2177 5479 2328 5554 quod
2357 5479 2568 5533 factum
2603 5471 2812 5538 fuerit;
2855 5472 2912 5524 et
2949 5463 3238 5520 licentiam
3279 5474 3396 5514 esse
3437 5455 3490 5510 ei
3533 5451 3638 5524 qui
3685 5453 3814 5554 post

2176 5543 2363 5646 ipsum
2393 5568 2659 5626 eamdem
2689 5561 2952 5634 suscipiet
2979 5574 3193 5625 curam,
3219 5553 3308 5608 vel
3333 5551 3506 5605 etiam
3531 5563 3602 5601 eo
3637 5543 3812 5614 negli-

2182 5637 2348 5740 gente
2377 5666 2459 5736 (ut
2480 5661 2604 5718 ﬁeri
2629 5657 2831 5732 potest)
2851 5659 3082 5710 caeteros
3108 5649 3382 5740 deinceps
3397 5657 3598 5740 omnes
3625 5637 3816 5740 statim

2177 5727 2442 5814 revocare
2473 5753 2528 5808 id
2555 5727 2706 5823 quod
2731 5727 2904 5802 fuerit
2927 5745 3160 5809 factum,
3187 5741 3244 5794 et
3268 5737 3345 5791 ita
3369 5733 3670 5823 inﬁrmum
3705 5727 3806 5823 de-

2180 5819 2592 5916 clarare,atque
2599 5841 2647 5896 si
2663 5839 2734 5896 ab
2743 5835 2906 5894 initio
2918 5849 3033 5890 non
3048 5825 3562 5904 processissetmtet
3579 5819 3806 5875 fructus
