4056 6184
288 303 421 356 1073

1001 291 1369 349 JUSTINIANI
1409 290 1616 346 LEGES
1652 285 1986 344 SELECTIE.
2029 285 2154 338 LIB.
2198 286 2238 348 I,
2279 284 2403 337 TIT.
2447 285 2530 347 IV,
2575 285 2702 338 LEX
2742 286 2921 338 XXIV.

3510 293 3642 345 107-3

283 407 458 462 medii
484 404 774 474 temporis,
807 409 864 459 et
904 419 1122 471 usuras,
1155 404 1212 457 et
1249 416 1477 454 omnem
1505 398 1805 452 utilitatem
1837 396 1906 451 ad
1929 403 1989 476 Α
2010 391 2175 456 Quod
2201 392 2390 446 si‘non
2423 391 2495 444 sit
2527 391 2668 445 alius
2701 390 3127 448 administrator
3150 394 3347 463 civilis,
3375 398 3460 451 vel
3489 399 3636 452 mili-

287 501 446 572 pium
502 499 783 570 pertinere
850 497 1172 552 omnimodo
1215 496 1426 560 locum,
1473 491 1735 546 omnibus
1781 509 1909 562 quae

284 595 471 649 medio
498 598 754 663 tempore
779 593 1048 645 attentata
1074 594 1205 644 sunt
1224 587 1663 660 quiescentibus.
1689 585 1910 640 Homini

283 688 496 742 etenim
525 686 727 757 cuique
755 701 951 739 cursus
968 700 1114 738 unus
1129 686 1213 736 est
1239 681 1365 737 vita:
1396 681 1466 734 ab
1495 681 1694 751 opiﬁce
1723 679 1906 746 datus,

285 782 448 852 cujus
495 780 623 834 ﬁnis
668 784 751 834 est
787 778 1016 832 omnino
1057 793 1208 830 mors
1255 793 1268 830 :
1312 773 1728 829 venerabilibus
1780 789 1910 826 vero

284 875 568 942 domibus,
622 878 678 926 et
730 889 924 927 earum
983 871 1236 935 cratibus,
1297 868 1680 923 indesinenter
1729 885 1762 921 a
1798 868 1909 922 Deo

283 969 592 1033 custoditis,
630 984 743 1021 non
777 973 859 1021 est
892 981 1076 1036 neque
1116 963 1427 1019 secundum
1459 979 1657 1017 earum
1688 977 1907 1033 posses-

283 1063 467 1117 siones
492 1063 755 1116 inducere
785 1060 1030 1131 aliquam
1058 1063 1268 1113 metam
1302 1074 1314 1111 :
1349 1057 1448 1112 sed
1475 1072 1766 1127 quousque
1809 1055 1912 1109 uti-

284 1175 397 1231 que
418 1155 834 1229 permanserint
853 1153 1197 1208 venerabiles
1221 1153 1419 1206 domus
1441 1151 1696 1220 (manent
1719 1141 1910 1204 autem

285 1255 344 1308 in
372 1255 733 1323 perpetuum,
761 1254 816 1303 et
844 1265 1022 1319 usque
1047 1248 1115 1302 ad
1148 1247 1314 1316 hujus
1334 1244 1523 1299 saeculi
1544 1259 1907 1298 consumma-

281 1348 517 1413 tionem,
551 1360 844 1416 quousque
883 1341 1329 1396 Christianorum
1370 1355 1582 1394 nomen
1616 1338 1766 1408 apud
1803 1337 1908 1391 ho-

285 1440 468 1494 mines
499 1439 603 1493 erit
631 1443 686 1493 et
713 1438 966 1502 coletur),
992 1451 1222 1505 aequum
1250 1433 1447 1488 itidem
1474 1435 1558 1486 est
1585 1447 1833 1499 manere,
1858 1434 1912 1484 et

284 1533 345 1588 in
386 1537 726 1604 perpetuum
761 1530 983 1584 relictas
1022 1528 1374 1598 erogationes
1421 1532 1518 1581 aut
1556 1525 1768 1580 reditus
1797 1524 1907 1578 im-

286 1627 552 1682 mortales
579 1641 805 1696 semper
829 1624 935 1694 piis
962 1622 1273 1676 actionibus
1295 1636 1591 1690 nunquam
1615 1618 1912 1673 cessaturis

285 1722 609 1775 servituros.
650 1721 791 1774 Eum
834 1718 1012 1788 igitur
1048 1711 1146 1787 qui
1183 1717 1293 1770 tale
1331 1714 1466 1784 quid
1501 1713 1822 1784 deliquerit,
1856 1717 1914 1766 et

287 1815 591 1869 transferre
622 1829 743 1867 rem
774 1828 912 1866 auro
940 1815 1188 1881 accepto,
1227 1814 1326 1864 aut
1351 1825 1454 1879 per
1482 1807 1650 1862 aliam
1676 1806 1911 1861 occasio-

284 1925 421 1963 nem
446 1905 893 1978 praesumpserit,
919 1905 1192 1958 damnum
1213 1903 1446 1974 quidem
1466 1903 1690 1956 nullum
1724 1901 1912 1956 induci

288 2001 620 2071 (secundum
661 2017 724 2054 ea
767 2015 894 2070 quae
931 1997 1200 2069 praedicta
1243 2000 1389 2065 sunt)
1421 1995 1508 2050 his
1541 1999 1735 2050 contra
1774 2011 1914 2066 quas

285 2095 418 2149 talia
445 2097 841 2165 perpetrarunt
861 2092 1138 2157 domibus,
1168 2091 1266 2144 sed
1296 2090 1418 2144 illas
1443 2088 1673 2160 quidem
1695 2090 1911 2156 domos,

287 2193 346 2243 et
362 2205 586 2253 aurum,
601 2192 657 2242 et
668 2203 788 2240 rem
802 2185 1026 2254 lucrari,
1045 2201 1216 2256 quam
1237 2186 1607 2251 acceperunt;
1637 2186 1694 2237 et
1705 2183 1912 2237 nihilo-

286 2283 478 2337 minus
502 2281 760 2336 relictum
797 2279 1024 2350 exigere
1064 2279 1274 2348 absque
1314 2277 1788 2348 ulla‘quacunque
1825 2276 1912 2331 di-

285 2375 626 2442 minutione,
656 2379 776 2428 tam
799 2373 868 2426 ab
894 2372 1016 2442 ipso
1045 2372 1140 2442 qui
1167 2372 1273 2425 hoc
1313 2371 1448 2440 egit,
1481 2386 1656 2440 quam
1685 2369 1755 2423 ab
1794 2370 1915 2440 ejus

284 2469 606 2524 haeredibus
641 2471 698 2521 et
733 2465 1169 2531 successoribus,
1222 2468 1277 2518 et
1314 2463 1464 2518 illius
1505 2479 1592 2517 res
1663 2467 1719 2517 et
1764 2463 1916 2518 bona

287 2562 531 2632 obligari
570 2560 678 2631 ipsi
706 2559 803 2629 qui
831 2575 959 2612 cum
988 2575 1054 2612 eo
1076 2557 1383 2623 contraxit;
1415 2561 1472 2611 et
1497 2573 1562 2611 ea
1590 2556 1707 2627 ipse
1739 2556 1917 2610 vindi-

286 2661 393 2722 cet,
429 2659 543 2709 tam
567 2658 761 2708 contra
804 2653 955 2706 illius
983 2667 1282 2722 personam
1323 2666 1495 2720 quam
1525 2649 1676 2704 bona
1718 2650 1912 2720 ipsius,

285 2765 468 2820 usque
505 2747 577 2801 ad
615 2747 846 2817 plenam
889 2749 945 2799 et
988 2749 1401 2814 competentem
1427 2743 1533 2813 ipsi
1568 2743 1912 2797 indemnita-

286 2848 426 2907 tem,
446 2858 519 2896 ne
551 2841 759 2895 scilicet
797 2843 996 2893 contra
1038 2837 1422 2891 venerabilem
1450 2837 1706 2904 domum,
1741 2853 1915 2908 quam

287 2937 483 2989 contra
504 2935 586 2988 fas
609 2932 910 3000 fraudavit,
931 2932 1101 2985 ullam
1123 2934 1308 3000 speret
1328 2930 1587 2984 datorum
1614 2946 1910 3000 recupera-

284 3028 518 3094 tionem,
549 3031 647 3081 aut
678 3026 817 3096 ejus,
852 3025 1002 3096 quod
1027 3025 1238 3080 factum
1270 3028 1372 3090 est,
1407 3023 1872 3078 instaurationem
1898 3041 1910 3076 :

283 3122 438 3192 quod
483 3124 675 3175 autem
728 3120 799 3174 ad
844 3121 1033 3190 ipsum
1086 3134 1332 3189 quocum
1374 3118 1652 3171 contraxit
1693 3118 1910 3187 attinet,
1937 3135 1990 3209 Ο

287 3230 518 3268 omnem
546 3214 754 3268 habeat
790 3229 822 3265 a
865 3212 1085 3282 legibus
1123 3211 1410 3266 licentiam
1448 3211 1673 3282 regredi
1724 3216 1918 3265 contra

285 3309 497 3378 ipsum,
527 3311 582 3359 et
625 3305 882 3358 haredes
913 3305 1054 3373 ejus,
1084 3309 1139 3358 et
1175 3321 1265 3358 res
1295 3306 1435 3374 ejus,
1463 3308 1519 3358 et
1549 3305 1698 3374 quod
1725 3305 1918 3358 datum

286 3406 389 3466 est,
422 3400 467 3453 si
493 3398 692 3470 possit,
730 3397 990 3467 exigere;
1020 3399 1104 3464 ut,
1133 3397 1178 3448 si
1207 3397 1394 3450 minus
1422 3397 1493 3449 ob
1537 3397 1639 3450 Dei
1675 3402 1914 3463 metum,

285 3498 446 3547 metu
463 3492 662 3546 saltem
689 3490 932 3561 propriae
961 3489 1212 3560 ipsorum
1228 3489 1572 3556 substantiae,
1601 3494 1657 3542 et
1686 3505 1919 3544 suorum

284 3587 585 3642 haaredum
621 3584 896 3639 tardiores
927 3583 1064 3637 ﬁant
1115 3583 1184 3637 ad
1223 3582 1546 3652 liujusmodi
1585 3583 1915 3653 pactiones;

285 3695 428 3751 quas
453 3679 510 3732 in
538 3679 789 3732 confesso
812 3680 898 3731 est
923 3693 1015 3730 eos
1042 3675 1250 3729 nullius
1275 3675 1412 3729 boni
1428 3692 1596 3728 causa
1612 3675 1914 3744 celebrare,

286 3773 388 3827 sed
417 3771 504 3826 vel
528 3771 782 3842 pecuniis
803 3775 1117 3841 corruptos,
1154 3769 1240 3824 vel
1267 3768 1655 3823 affectionibus
1683 3769 1915 3840 quibus-

287 3866 421 3920 dam
451 3867 760 3934 superatos.
786 3865 920 3928 Quae
953 3863 1143 3917 omnia
1169 3878 1272 3932 per
1296 3862 1440 3915 hanc
1460 3861 1712 3916 divinam
1731 3863 1919 3932 legem

285 3957 651 4030 prohibentes
688 3963 743 4011 et
771 3957 950 4027 ipsam
983 3956 1152 4010 sacris
1184 3955 1389 4008 nostris
1433 3954 1660 4009 inscribi
1699 3955 1919 4025 legibus

286 4051 592 4115 sancimus,
622 4056 676 4105 et
693 4049 979 4104 offerimus
1005 4049 1110 4120 ipsi
1134 4050 1210 4102 Do
1223 4049 1379 4102 mino
1401 4048 1787 4103 universorum
1807 4049 1917 4103 Deo

288 4149 345 4199 et
372 4144 644 4199 Salvatori
673 4148 864 4198 nostro
895 4145 1025 4197 Jesu
1051 4143 1286 4208 Christo,
1316 4142 1618 4212 pulchrum
1635 4142 1919 4213 quoddam

290 4243 348 4291 et
373 4237 710 4291 conveniens
751 4237 856 4308 ipsi
900 4235 1232 4290 sacrificium
1260 4238 1318 4290 et
1345 4235 1527 4306 ipsam
1556 4235 1917 4290 adducentes.

289 4333 494 4386 Datum
525 4329 672 4401 prid.
708 4330 788 4384 Id.
822 4329 1132 4400 Septemb.,
1154 4330 1281 4395 CP.,
1305 4329 1401 4383 dn.
1424 4328 1717 4383 Justinian.
1749 4330 1810 4383 P.
1837 4330 1917 4395 P.,

293 4428 355 4479 A.
395 4441 466 4492 IV,
502 4427 559 4479 et
583 4423 821 4479 Paulino
849 4441 900 4478 v.
931 4440 978 4477 c.
1007 4439 1170 4488 coss.,
1202 4423 1323 4476 534.

809 4631 956 4693 LIB.
1000 4631 1044 4705 Ι,
1093 4630 1241 4693 ΤΙΤ.
1292 4630 1390 4693 IV.

291 4739 365 4789 De
385 4734 675 4803 episcopali
699 4735 979 4788 audient-ia
999 4738 1051 4787 et
1075 4734 1301 4787 diversis
1328 4734 1580 4802 capitulis
1602 4747 1722 4801 qua
1743 4731 1819 4786 ad
1827 4732 1925 4800 jus

389 4821 679 4875 curamque
704 4811 754 4860 et
779 4807 1131 4860 reverentiam
1152 4807 1424 4874 pertinent
1446 4805 1826 4875 pontiﬁcalem.

961 4975 1082 5028 LEX
1129 4975 1254 5028 XXI.

365 5070 686 5139 Imperator
710 5067 1058 5122 Justinianus
1094 5071 1377 5138 Augustus
1415 5069 1652 5123 Mennaa.
1694 5069 1752 5122 P.
1793 5070 1852 5122 P.

366 5162 418 5217 Si
458 5159 710 5232 praesens
749 5162 980 5232 quidem
1018 5162 1088 5216 sit
1127 5163 1225 5233 qui
1263 5162 1568 5233 pecuniam
1597 5178 1927 5216 numerasse

293 5256 384 5310 vel
409 5256 543 5310 alias
575 5273 664 5310 res
692 5255 914 5310 dedisse
940 5256 1178 5327 scriptus
1202 5259 1305 5321 est,
1329 5257 1582 5327 aliquam
1601 5271 1733 5310 vero
1753 5254 1930 5310 admi-

293 5350 692 5405 nistrationem
721 5350 779 5404 in
809 5350 1114 5421 provinciis
1141 5355 1322 5420 gerat,
1359 5355 1420 5405 ut
1447 5350 1675 5404 difficile
1702 5366 1820 5404 esse
1847 5349 1928 5403 vi-

295 5445 520 5511 deatur,
546 5444 1047 5498 denuntiationem
1076 5444 1263 5505 eidem
1288 5461 1403 5499 non
1430 5448 1746 5499 numeratae
1766 5460 1931 5515 pecu-

295 5539 406 5591 niae
428 5538 678 5605 mittere,
701 5538 990 5593 licentiam
1013 5539 1217 5593 damus
1239 5537 1288 5591 ei
1312 5539 1408 5608 qui
1431 5541 1745 5592 memorata
1768 5553 1928 5592 exce-

294 5631 493 5701 ptione
522 5631 601 5685 uti
629 5631 783 5698 velit,
811 5632 951 5686 alios
969 5631 1194 5702 judices
1213 5631 1389 5696 adire,
1414 5635 1470 5685 et
1490 5647 1591 5702 per
1617 5647 1710 5685 eos
1734 5631 1785 5684 ei
1809 5647 1931 5684 ma-

295 5725 561 5780 nifestare
578 5726 710 5796 quia
728 5726 1119 5797 exceptionem
1142 5725 1472 5796 hujusmodi
1489 5724 1702 5796 objicit,
1719 5725 1930 5779 factam

296 5835 328 5871 a
368 5836 425 5873 se
469 5835 640 5891 super
677 5836 792 5876 non
835 5824 1130 5875 numerata
1173 5818 1416 5892 pecunia
1454 5819 1747 5891 querelam
1792 5835 1930 5874 esse.

2009 485 2164 555 taris,
2196 485 2284 538 vel
2309 502 2414 556 per
2437 485 2683 555 aliquam
2709 502 2937 539 causam
2965 486 3016 539 ei
3043 487 3114 540 sit
3139 487 3386 556 difﬁcile,
3412 491 3508 560 qui
3528 508 3642 546 me-

2010 584 2297 634 moratam
2334 579 2623 650 querelam
2657 578 2911 650 opponit,
2948 596 3078 633 eum
3125 581 3301 646 adire,
3334 587 3390 636 et
3422 599 3484 636 ea
3515 601 3643 654 quae
3690 589 3692 591 ’

2011 674 2160 727 dicta
2189 677 2320 726 sunt
2348 672 2534 726 facere
2561 689 2574 726 :
2598 672 2884 726 licentiam
2915 672 3116 726 damus
3144 673 3312 727 etiam
3334 692 3437 745 per
3460 676 3644 732 virum

2010 765 2540 821 reverendissimum
2561 766 2894 836 episcopum
2910 767 3175 820 eamdem
3194 783 3354 822 suam
3371 771 3648 840 exceptio-

2010 877 2145 914 nem
2186 859 2455 914 creditori
2491 859 2878 926 manifestare,
2912 863 2969 913 et
3006 860 3086 913 ita
3116 864 3340 931 tempus
3370 866 3644 918 statutum

2008 954 2588 1025 interrumpere.—-§
2617 957 2666 1007 1,
2690 952 2855 1016 Quod
2883 953 3055 1007 etiam
3083 954 3140 1007 in
3173 956 3502 1026 exceptione
3532 975 3645 1011 non

2011 1052 2324 1102 numeratae
2351 1046 2494 1100 dotis
2523 1047 2710 1100 locum
2742 1047 2951 1100 habere
2985 1052 3276 1118 receptum
3302 1053 3403 1102 est.
3439 1051 3644 1105 Datum

2012 1142 2240 1196 Kalend.
2273 1143 2404 1210 Jul.,
2439 1141 2810 1205 Constantin.,
2839 1141 2935 1195 dn.
2965 1141 3300 1196 Justiniano.
3336 1145 3402 1198 A.
3439 1161 3497 1211 ιι,
3532 1161 3643 1200 cos.

2012 1237 2134 1290 528'.

2665 1305 2793 1359 LEX
2834 1306 2984 1360 XXII.

2083 1404 2389 1472 Imperator
2415 1401 2765 1456 Justinianus
2794 1405 3079 1473 Augustus
3108 1405 3322 1458 Menum
3352 1406 3410 1459 P.
3447 1407 3509 1459 P.

2082 1495 2380 1550 Neminem
2427 1496 2687 1549 volumus
2730 1497 2788 1549 in
2829 1496 3389 1567 custodiam‘conjici
3433 1499 3646 1570 absque

2003 1591 2164 1661 jussu
2209 1589 2768 1660 gloriosissimorum,
2806 1591 2892 1644 vel
2926 1590 3257 1659 illustrium,
3291 1592 3378 1645 vel
3409 1592 3647 1646 clarissi-

2011 1699 2240 1738 morum
2277 1682 2717 1754 magistratuum
2757 1684 2927 1753 hujus
2964 1684 3302 1738 felicissimae
3343 1685 3516 1754 urbis,
3560 1686 3648 1739 vel

1931 1771 1987 1842 B
2012 1776 2450 1849 provinciarum,
2480 1779 2578 1829 aut
2605 1776 2967 1830 defensorum
2997 1778 3310 1832 civitatum.

2082 1871 2114 1942 §
2147 1875 2195 1925 1.
2225 1871 2300 1922 De
2340 1869 2425 1922 his
2465 1873 2656 1923 autem
2693 1869 3018 1941 quicunque
3057 1871 3298 1939 conjecti
3333 1877 3432 1926 aut
3471 1873 3645 1942 conji-

2013 1963 2197 2018 ciendi
2219 1967 2367 2030 sunt,
2393 1964 2501 2016 Dco
2522 1963 2794 2017 amabiles
2813 1964 3064 2017 locorum
3082 1965 3374 2034 episcopos
3383 1965 3650 2034 jubemus

2014 2074 2115 2130 per
2150 2074 2324 2112 unam
2358 2056 2627 2128 cujusque
2662 2056 3040 2111 hebdomadze
3076 2057 3248 2126 diem,
3289 2057 3344 2111 id
3381 2063 3482 2126 est,
3512 2059 3652 2113 feria

2015 2154 2234 2222 quarta,
2263 2155 2360 2203 aut
2385 2154 2560 2215 sexta,
2601 2166 2727 2219 quae
2759 2155 2813 2204 et
2842 2152 3143 2204 Parasceve
3182 2151 3521 2221 appellatur,
3557 2168 3650 2205 eos

2014 2245 2114 2316 qui
2152 2244 2212 2297 in
2248 2242 2498 2297 custodia
2537 2242 2825 2296 habentur
2859 2243 3106 2312 visitare,
3143 2247 3199 2296 et
3225 2243 3530 2314 diligenter
3559 2245 3648 2298 in-

2014 2339 2239 2410 quirere
2274 2353 2499 2391 causam
2537 2337 2606 2391 ob
2646 2355 2817 2408 quam
2852 2337 3214 2406 detinentur;
3252 2342 3310 2392 et
3347 2339 3462 2394 sive
3505 2339 3648 2394 servi

2016 2432 2128 2486 sint
2163 2433 2275 2485 sive
2305 2431 2489 2500 liberi,
2524 2430 2636 2485 sive
2668 2448 2769 2501 pro
2805 2431 3075 2502 pecuniis,
3106 2431 3218 2486 sive
3255 2449 3357 2502 pro
3385 2432 3507 2486 aliis
3538 2433 3649 2487 cri-

2014 2524 2439 2591 minationibus,
2467 2524 2579 2578 sive
2611 2540 2714 2594 pro
2749 2524 3065 2579 homicidiis
3100 2525 3355 2594 conjecti,
3390 2525 3650 2579 illustris-

2016 2619 2210 2686 simos,
2239 2622 2294 2672 et
2324 2616 2676 2688 spectabiles,
2707 2622 2763 2672 et
2791 2617 3132 2672 clarissimos
3159 2618 3524 2687 magistratus
3549 2619 3647 2672 ad-

2015 2728 2269 2777 monere,
2315 2715 2431 2765 tam
2468 2727 2566 2766 eos
2608 2711 2704 2781 qui
2744 2716 2875 2765 sunt
2918 2711 2977 2764 in
3024 2712 3127 2764 hac
3157 2711 3476 2765 felicissima
3508 2712 3650 2765 urbe

2015 2822 2184 2877 quam
2229 2803 2325 2874 qui
2380 2809 2509 2858 sunt
2552 2805 2614 2858 in
2664 2804 2997 2874 provinciis,
3048 2809 3109 2858 ut
3159 2821 3228 2858 ea
3271 2809 3654 2874 exsequantur

2014 2899 2163 2952 circa
2192 2898 2340 2968 ipsos
2363 2915 2489 2969 qua:
2518 2897 2713 2951 divalis
2739 2902 2932 2951 nostra
2957 2897 3285 2952 constitutio
3308 2898 3380 2951 ad
3403 2897 3655 2952 illustres

2015 2991 2308 3063 praafectos
2351 3007 2415 3045 ea
2455 2991 2524 3044 de
2567 3007 2626 3044 re
2670 2990 2875 3044 emissa
2913 2991 3171 3061 praecipit
3209 3007 3222 3044 :
3262 2991 3489 3044 licentia
3524 2990 3654 3044 data

2018 3086 2134 3139 Deo
2161 3083 2505 3139 charissimis
2529 3101 2630 3155 pro
2655 3089 2911 3154 tempore
2946 3084 3246 3155 episc0pis,
3278 3083 3322 3136 si
3350 3100 3521 3154 quam
3550 3101 3650 3137 ne-

2018 3179 2348 3251 gligentiam
2385 3177 2688 3231 admissam
2727 3177 3101 3248 cognoverint
3149 3177 3220 3230 ab
3261 3177 3656 3231 illustrissimis

2016 3277 2072 3326 et
2099 3270 2674 3342 magniﬁcentissimis
2705 3277 2872 3340 atque
2912 3269 3236 3324 clarissimis
3263 3286 3363 3340 pro
3393 3275 3651 3339 tempore

2017 3365 2461 3434 magistratibus,
2495 3365 2581 3416 vel
2607 3364 2674 3416 iis
2705 3380 2829 3433 quae
2860 3363 2966 3416 illis
2997 3366 3199 3432 parcnt
3229 3362 3448 3430 ofﬁciis,
3484 3363 3653 3417 talem

2015 3459 2270 3530 ipsorum
2337 3455 2749 3526 negligentiam
2808 3455 3124 3524 indicandi,
3184 3458 3247 3507 ut
3307 3454 3653 3509 conveniens

2017 3552 2284 3606 adversus
2318 3548 2671 3619 negligentes
2709 3548 2886 3602 animi
2926 3549 3102 3602 nostri
3143 3552 3330 3602 motus
3375 3548 3650 3619 insurgat.

2017 3647 2219 3699 Datum
2250 3660 2320 3698 xv
2350 3641 2584 3696 Kalend.
2625 3641 2915 3709 Februar.,
2957 3642 3082 3709 CP.,
3117 3641 3279 3696 Decio
3309 3658 3423 3697 cos.
3455 3644 3577 3696 529.

2665 3768 2791 3821 LEX
2831 3768 3005 3822 XXIII.

2089 3867 2241 3921 Idem
2280 3870 2564 3938 Augustus
2593 3866 2811 3920 Mennaa
2842 3867 2941 3920 PP.

2089 3961 2333 4014 Privatos
2356 3976 2609 4015 carceres
2634 3959 2816 4014 modis
2843 3959 3108 4013 omnibus
3136 3959 3193 4012 in
3225 3959 3459 4014 urbibus
3488 3963 3656 4030 atque

2018 4054 2078 4109 in
2104 4053 2239 4108 vicis
2257 4053 2520 4108 constitui
2538 4059 2794 4109 vetamus
2818 4072 2830 4108 :
2859 4053 2994 4124 ipsis
3015 4053 3114 4124 qui
3137 4053 3537 4107 custodiuntur
3558 4053 3656 4106 Dei

2017 4147 2489 4202 amicissimorum
2522 4148 2627 4202 loci
2668 4147 3065 4218 episcoporum
3105 4145 3457 4216 providentia
3493 4162 3525 4198 a
3556 4146 3654 4199 de-

2018 4241 2268 4296 tentione
2304 4240 2568 4296 remissis.
2607 4242 2724 4294 Dat.
2757 4256 2832 4295 xu
2875 4239 3110 4293 Kalend.
3146 4239 3296 4306 Feb.,
3333 4240 3459 4308 CP.,
3491 4237 3657 4293 Decio

2021 4337 2287 4390 cos.529.

2666 4404 2790 4458 LEX
2842 4402 3013 4456 XXIV.

1936 4501 1995 4572 D
2040 4562 2043 4566 _
2089 4503 2246 4556 Idem
2272 4503 2557 4572 Augustus
2586 4501 2952 4556 Demostheni
2981 4502 3042 4555 P.
3073 4502 3134 4555 P.

2093 4595 2316 4650 Nemini
2340 4595 2510 4650 licere
2535 4595 2816 4661 volumus,
2850 4594 2964 4648 sive
2994 4593 3064 4649 ab
3091 4594 3358 4665 ingenuis
3386 4594 3656 4666 genitori-

2021 4691 2128 4746 bus
2153 4706 2294 4760 puer
2320 4690 2585 4760 parvulus
2605 4693 2948 4760 procreatus,
2975 4688 3090 4742 sive
3122 4705 3155 4742 a
3178 4687 3443 4743 libertina
3461 4704 3660 4760 proge-

2023 4784 2136 4852 nie,
2171 4783 2285 4838 sive
2324 4783 2506 4838 servili
2539 4783 2864 4838 conditione
2901 4781 3216 4838 maculatus
3250 4783 3536 4852 expositus
3568 4782 3659 4848 sit,

2027 4895 2158 4932 eum
2182 4894 2429 4949 puerum
2456 4878 2514 4932 in
2542 4894 2708 4932 suum
2738 4877 3060 4932 dominium
3092 4876 3403 4945 vindicare,
3427 4876 3539 4931 sive
3566 4892 3664 4930 no-

2026 4972 2181 5026 mine
2214 4972 2469 5041 dominii,
2506 4971 2620 5026 sive
2657 4970 3002 5041 ascriptitiae,
3041 4970 3156 5023 sive
3197 4970 3494 5024 colonarise
3525 4987 3661 5025 con-

2027 5065 2276 5120 ditionis.
2310 5067 2414 5120 Sed
2456 5081 2638 5136 neque
2685 5065 2771 5119 his
2807 5063 2905 5135 qui
2941 5079 3034 5118 eos
3066 5063 3400 5119 nutriendos
3427 5066 3664 5119 sustule-

2027 5159 2163 5228 rint,
2192 5159 2476 5215 licentiam
2504 5158 2865 5213 concedimus
2893 5157 3119 5228 penitus
3147 5173 3278 5212 cum
3309 5159 3554 5230 quadam
3587 5159 3665 5213 di-

2030 5253 2328 5310 stinctione
2361 5270 2459 5308 eos
2497 5253 2712 5308 tollere.
2747 5251 2856 5306 Sed
2897 5251 3054 5306 nullo
3095 5251 3418 5308 discrimine
3449 5252 3660 5316 habito,

2030 5349 2090 5403 hi
2115 5348 2211 5420 qui
2242 5348 2313 5402 ab
2344 5345 2670 5418 hujusmodi
2694 5345 3021 5400 hominibus
3053 5346 3296 5415 educati,
3325 5347 3413 5401 vel
3443 5345 3662 5409 nutriti,

2028 5443 2116 5497 vel
2154 5441 2303 5496 aucti
2338 5444 2488 5507 sunt,
2527 5439 2692 5494 liberi
2731 5444 2788 5495 et
2822 5439 3059 5511 ingenui
3095 5444 3430 5512 appareant,
3464 5442 3520 5490 ct
3561 5435 3664 5490 sibi

2029 5536 2344 5606 acquirant,
2367 5539 2424 5589 et
2438 5533 2500 5588 in
2520 5533 2912 5606 posteritatem
2940 5551 3100 5588 suam
3127 5534 3215 5586 vel
3237 5535 3533 5586 extraneos
3554 5529 3666 5583 hae-

2030 5629 2190 5684 redes
2231 5627 2426 5682 omnia
2466 5644 2596 5700 quae
2637 5628 2956 5695 habuerint,
2999 5643 3111 5698 quo
3151 5624 3318 5679 modo
3360 5623 3664 5692 voluerint,

2032 5721 2440 5778 transmittant.
2457 5724 2586 5777 Haec
2606 5721 3030 5778 observantibus
3055 5734 3169 5773 non
3197 5718 3380 5772 solum
3405 5715 3666 5788 priesidi-

2033 5817 2139 5872 bus
2183 5816 2626 5889 provinciarum,
2680 5817 2777 5872 sed
2828 5815 3000 5870 etiam
3053 5812 3184 5868 viris
3232 5811 3669 5885 religiosissimis
