4076 6186
449 279 582 328 l075

1582 277 1836 332 SECULI
1874 277 2064 332 SEXTI
2102 277 2653 334 SUPPLEMENTUM.

3663 287 3802 338 1076

429 379 728 452 episcopis.
791 381 1000 436 Datum
1045 381 1432 448 Chalcedone,
1487 400 1582 439 vui
1635 384 1871 440 Kalend.
1924 387 2055 452 1111.,
2080 383 2431 472 Ablicarum
2458 385 2742 440 rationum
2769 385 3208 441 exsecutionem.
3237 385 3346 441 Sed
3375 387 3418 440 si
3447 389 3588 460 quid
3632 391 3806 460 hujus

429 474 738 548 Lampadio
765 477 822 530 et
846 474 1042 530 Oreste
1072 491 1158 530 vv.
1189 492 1269 531 cc.
1298 493 1438 531 coss.
1473 480 1596 533 530.

1095 593 1222 650 LEX
1258 593 1406 648 XXV.

501 687 658 742 Idem
677 687 971 757 Augustus
994 687 1360 742 Demostheni
1384 689 1444 744 P.
1476 689 1536 744 P.

501 781 636 845 Quae
665 781 733 835 de
775 780 896 834 alea
925 779 1038 836 sive
1070 780 1152 851 (ut
1177 781 1394 850 vocant)
1428 783 1615 850 cottis,
1648 799 1712 837 ac
1748 783 1817 836 de
1855 798 2056 836 eorum

429 873 832 947 prohibitione,
860 891 892 928 a
921 873 1086 928 nobis
1111 875 1326 929 sancite
1345 881 1494 946 sunt,
1519 893 1584 931 ea
1607 876 1770 930 liceat
1799 875 1894 930 Dei
1921 875 2060 929 ami-

428 967 664 1022 cissimis
682 967 960 1039 episcopis
984 971 1039 1022 et
1062 969 1422 1038 perscrutari,
1447 973 1504 1023 et
1528 969 1810 1035 cohibere,
1835 968 1880 1022 si
1899 969 2054 1036 ﬁant,

428 1065 485 1116 et
508 1061 814 1133 ﬂagitiosos
839 1077 941 1132 per
959 1061 1298 1117 clarissimos
1323 1063 1594 1132 praesides
1615 1062 2054 1134 provinciarum,

428 1158 485 1209 et
530 1159 718 1226 patres
772 1155 1210 1226 defensoresque
1259 1155 1548 1210 civitatum
1603 1157 1673 1211 ad
1721 1155 2058 1210 modestiam

428 1247 718 1314 reducere.
763 1249 967 1304 Datum
1007 1265 1040 1304 x
1085 1249 1204 1304 Kal.
1253 1249 1502 1318 0ctobr.,
1547 1249 1674 1320 CP.,
1730 1247 1894 1304 Decio
1941 1264 2052 1306 cos.

429 1345 552 1400 529.

1077 1414 1205 1468 LEX
1241 1415 1412 1470 XXVI.

495 1509 652 1565 Idem
677 1510 960 1580 Augustus
987 1507 1207 1562 Juliano
1232 1510 1291 1562 P.
1320 1510 1381 1562 P.

497 1603 576 1657 De
617 1602 706 1656 his
745 1618 872 1674 qua:
909 1600 1147 1673 singulis
1179 1601 1341 1655 annis
1377 1601 1449 1654 ad
1488 1600 1734 1656 civitates
1771 1602 2058 1672 pertinent

427 1695 560 1767 (sive
590 1695 776 1750 civiles
799 1695 1012 1750 reditus
1032 1694 1162 1762 sint,
1184 1695 1296 1749 sive
1321 1695 1554 1762 fructus,
1575 1710 1642 1749 ex
1671 1695 1928 1766 publicis,
1959 1701 2058 1750 aut

2163 477 2315 532 modi
2343 477 2506 532 nobis
2532 478 2924 549 ignorantibus
2950 478 3068 548 ﬁet,
3099 479 3142 536 si
3174 479 3406 550 quidem
3436 497 3592 535 sacra
3617 483 3805 537 forma

2159 571 2228 626 ad
2261 571 2480 642 aliquos
2503 589 2606 643 per
2631 571 3054 643 subreptionem
3081 573 3446 640 emanaverit,
3474 575 3640 629 liceat
3665 576 3802 630 reli-

2161 663 2471 736 giosissimo
2505 665 2764 737 episcopo
2805 666 2926 736 ejus
2971 666 3206 720 civitatis
3236 667 3524 738 suscipere
3563 669 3798 740 quidem

2159 773 2376 813 sacram
2403 759 2667 829 formam,
2701 759 3030 815 renuntiare
3057 763 3245 814 tamen
3273 761 3456 830 nobis,
3493 767 3554 816 ut
3585 778 3692 816 nos
3715 780 3802 818 co-

2160 868 2495 923 gnoscamus
2515 869 2586 906 an
2613 869 2678 908 ex
2705 855 2895 908 nostra
2916 853 2986 908 ad
3005 853 3169 908 illum
3193 854 3494 925 praesidem
3513 856 3798 926 jussione,

2157 963 2229 1000 an
2255 962 2359 1016 per
2381 946 2774 1018 obreptionem
2793 947 2937 1001 facta
2965 947 3054 1014 sit,
3079 950 3144 1001 ut
3169 947 3214 1001 si
3239 964 3345 1019 per
3364 948 3800 1020 subreptionem

2157 1040 2300 1094 facta
2337 1029 2456 1095 esse
2491 1039 2748 1095 videatur
2786 1041 2938 1112 quod
2979 1041 3192 1095 factum
3227 1041 3316 1108 sit,
3348 1041 3548 1096 inutile
3587 1043 3706 1110 fiat,
3747 1050 3804 1099 et

2157 1134 2480 1207 periculum
2509 1135 2706 1190 subeat
2732 1135 2832 1205 qui
2861 1151 2987 1189 eam
3018 1135 3296 1206 quaesivit.
3329 1135 3384 1190 Si
3419 1152 3551 1190 vero
3585 1136 3658 1190 ab
3690 1137 3800 1191 ali-

2159 1244 2272 1300 quo
2300 1245 2330 1282 e
2356 1227 2562 1284 nostris
2593 1227 2872 1299 praefectis
2896 1228 3166 1283 emissum
3195 1228 3490 1284 decretum
3516 1233 3618 1284 aut
3647 1247 3802 1284 com-

2157 1321 2525 1377 monitorium
2540 1321 2631 1389 sit,
2644 1327 2742 1376 aut
2757 1323 3104 1392 praeceptum
3127 1321 3376 1394 aliquod,
3391 1328 3490 1378 aut
3505 1323 3800 1378 rationum

2157 1414 2452 1486 scriptura,
2483 1419 2540 1470 et
2569 1415 2638 1470 de
2667 1413 2851 1487 aliquo
2881 1431 2950 1469 ex
2979 1414 3268 1486 praedictis
3297 1415 3482 1486 capite
3509 1417 3802 1487 permitta-

2155 1510 2269 1578 tur,
2297 1509 2558 1564 volumus
2594 1512 2656 1562 ut
2689 1509 2870 1564 modis
2899 1508 3162 1563 omnibus
3191 1525 3309 1564 non
3339 1509 3462 1580 ejus
3491 1509 3650 1564 urbis
3685 1509 3802 1581 epi-

2156 1617 2376 1673 SCOpllS,
2417 1606 2474 1657 et
2509 1601 2681 1673 primi
2711 1601 2998 1657 civitatum
3035 1602 3148 1656 illis
3183 1602 3352 1657 rebus
3387 1603 3798 1673 prveﬁciantur,

2157 1695 2250 1750 sed
2291 1695 2456 1750 liceat
2497 1695 2801 1766 provinciae
2841 1695 3090 1766 praesidi,
3125 1699 3184 1750 et
3220 1695 3356 1766 ipsis
3384 1697 3800 1767 possessoribus

423 1789 654 1861 privatis
671 1789 943 1860 pecuniis,
966 1805 1092 1859 quae
1107 1787 1176 1843 ab
1199 1787 1480 1859 aliquibus
1499 1789 1597 1858 eis,
1615 1793 1712 1843 aut
1729 1787 2059 1860 relinquun-
2076 1775 2132 1847 B
2155 1804 2220 1842 ac
2253 1787 2465 1842 civibus
2497 1788 2780 1858 jussiones
2819 1789 3071 1860 rejicere,
3099 1805 3164 1844 ac
3194 1805 3266 1843 ne
3306 1789 3538 1844 obolum
3565 1789 3796 1860 quidem

427 1887 540 1950 tur,
587 1887 685 1938 aut
718 1883 1022 1951 donantur,
1059 1884 1158 1936 aut
1185 1881 1292 1936 alio
1326 1885 1492 1953 pacto
1519 1881 1929 1954 excogitantur,
1961 1885 2060 1938 aut
2107 1941 2122 1952 ,

424 1976 818 2046 instituuntur,
857 1976 971 2031 sive
1003 1975 1076 2031 ad
1113 1993 1306 2048 opera,
1329 1976 1455 2031 sive
1487 1977 1558 2030 ad
1592 1991 1718 2031 rem
1751 1977 2059 2032 frumenta-

425 2071 593 2142 riam,
627 2071 740 2125 sive
767 2070 838 2124 ad
873 2069 1125 2141 publicos
1153 2069 1540 2142 aquaeductus,
1581 2070 1696 2124 sive
1725 2070 1798 2124 ad
1827 2070 2056 2125 balneo-

423 2181 554 2220 rum
581 2163 1024 2231 calefactionem,
1047 2163 1161 2219 sive
1186 2162 1256 2218 ad
1280 2169 1497 2235 portus,
1522 2163 1634 2219 sive
1663 2163 1732 2218 ad
1758 2179 2058 2220 murorum

423 2261 524 2313 aut
551 2257 796 2314 turrium
837 2257 1292 2328 aediﬁcationem,
1328 2258 1441 2313 sive
1479 2257 1550 2313 ad
1588 2257 1849 2329 pontium
1884 2261 2056 2329 atque

421 2352 646 2407 viarum
671 2351 1062 2421 refectionem,
1087 2351 1200 2406 sive
1227 2352 1298 2406 ad
1323 2350 1572 2423 publicas
1593 2351 1840 2424 denique
1860 2367 2057 2406 causas

425 2445 788 2518 pertineant),
815 2449 934 2500 tam
961 2461 1026 2501 ex
1045 2445 1286 2517 publicis
1305 2461 1481 2517 quam
1505 2461 1572 2500 ex
1589 2444 1844 2516 privatis,
1861 2449 1928 2500 ut
1946 2443 2058 2499 dic-

421 2545 549 2594 tum
573 2543 676 2608 est,
700 2539 900 2610 causis,
921 2539 1206 2594 sancimus
1233 2542 1296 2593 ut
1319 2539 1378 2593 in
1398 2555 1580 2594 unum
1600 2537 1938 2594 conveniant
1961 2555 2052 2594 re-

419 2632 814 2706 ligiosissimus
842 2633 1160 2706 episcopus,
1181 2650 1244 2687 ac
1268 2637 1382 2688 tres
1402 2633 1570 2688 bona:
1597 2632 2052 2700 existimationis,

423 2731 480 2782 et
523 2726 620 2800 qui
657 2726 875 2782 caeteris
917 2731 1189 2798 praestant
1229 2727 1288 2780 in
1331 2743 1398 2781 ea
1431 2725 1670 2797 civitate,
1711 2742 1775 2781 ac
1817 2725 2056 2797 singulis

422 2819 586 2876 annis
615 2819 919 2892 inspiciant
947 2836 1118 2891 opera
1140 2819 1316 2889 facta;
1342 2823 1398 2874 et
1425 2823 1623 2876 curent
1649 2825 1711 2875 ut
1737 2823 1794 2874 et
1817 2819 2057 2874 metian-

423 2919 536 2984 tur,
573 2917 630 2970 et
669 2914 949 2970 rationem
978 2914 1278 2969 conﬁciant
1305 2913 1402 2984 qui
1430 2929 1498 2968 ea
1535 2912 1931 2969 administrant
1959 2915 2058 2968 aut

425 3008 523 3078 qui
544 3007 1103 3075 administraverunt,
1121 3011 1179 3062 et
1197 3007 1258 3061 in
1275 3011 1778 3062 monumentorum
1800 3007 2056 3079 gestione

426 3100 723 3156 ostendant
757 3099 1152 3170 impletionem
1190 3117 1448 3172 operum,
1479 3103 1576 3155 aut
1609 3101 2052 3156 administratio-

427 3211 560 3250 nem
579 3193 965 3260 sitonicarum,
995 3196 1050 3247 et
1077 3193 1500 3248 balneariarum
1528 3193 1917 3264 pecuniarum,
1945 3195 2058 3250 sive

429 3307 554 3363 quae
587 3289 648 3344 in
686 3289 788 3343 viis
827 3288 1172 3358 muniendis,
1203 3293 1301 3344 aut
1327 3289 1775 3360 aquaeductibus,
1807 3293 1906 3344 aut
1935 3290 2059 3344 aliis

427 3385 595 3441 rebus
630 3385 1063 3440 consumuntur.
1093 3385 1228 3448 Quae
1264 3383 1453 3437 omnia
1491 3399 1784 3454 nunquam
1827 3384 2059 3439 omnino

432 3479 616 3534 minui
637 3479 920 3533 volumus.
937 3480 1000 3532 In
1019 3481 1524 3532 monumentorum
1541 3493 1672 3532 vero
1693 3477 1946 3549 gestione
1967 3495 2062 3550 ap-

426 3576 643 3646 pareat,
674 3573 818 3628 sitne
843 3571 1061 3627 solutus
1085 3589 1160 3626 an
1185 3571 1466 3642 obligatus
1492 3571 1590 3642 qui
1615 3587 1683 3626 ea
1710 3571 2062 3626 administra-

429 3664 527 3732 vit,
549 3666 606 3718 et
628 3680 700 3716 an
731 3663 881 3734 quod
908 3660 1102 3716 debuit
1131 3660 1377 3726 solverit,
1408 3665 1578 3731 atque
1603 3660 1680 3715 ita
1700 3661 1806 3716 erit
1832 3665 2060 3715 cautum

431 3757 484 3812 ei
513 3757 612 3828 qui
639 3773 764 3810 eam
792 3771 988 3810 curam
1014 3753 1273 3825 suscepit.
1301 3753 1584 3808 Mittemus
1607 3754 1760 3808 enim
1786 3770 1908 3820 nos,
1931 3770 2062 3808 cum

427 3849 728 3922 placuerit,
761 3865 936 3920 quem
963 3848 1328 3902 commodum
1353 3847 1478 3916 erit,
1513 3850 1575 3902 ut
1601 3847 1860 3919 inspiciat
1889 3846 2059 3902 ratio-

431 3959 534 3998 nes
559 3943 629 3996 ab
661 3942 740 3995 eis
768 3941 970 4009 factas;
1001 3945 1058 3995 et
1082 3958 1212 3996 cum
1237 3945 1385 3996 recte
1421 3942 1592 3996 factas
1623 3958 1742 3996 esse
1769 3941 2059 4013 repererit,

433 4035 712 4093 calculum
749 4035 892 4089 feret
925 4051 1038 4106 quo
1065 4034 1202 4105 ipsis
1239 4035 1676 4106 haeredibusque
1699 4039 1754 4091 et
1780 4051 2060 4090 successo-

431 4131 590 4188 ribus
617 4129 958 4198 consuletur,
994 4143 1177 4200 neque
1204 4127 1448 4184 aliarum
1477 4129 1758 4184 rationum
1795 4133 1893 4184 aut
1927 4145 2062 4184 con-

434 4223 834 4281 troversiarum
868 4223 1083 4278 occasio
1117 4223 1490 4294 relinquetur.
1518 4223 1721 4278 Omnia
1753 4239 1909 4292 vero,
1939 4239 2066 4295 pro-

432 4318 628 4392 positis
667 4317 870 4373 sanctis
907 4316 1242 4388 Evangeliis,
1281 4316 1586 4388 diligenter
1616 4317 1774 4387 fiant,
1815 4333 1948 4372 nam
1983 4317 2066 4371 in-

434 4412 799 4486 quisitionem
828 4428 932 4466 nos
961 4427 1090 4466 cum
1117 4410 1348 4466 libuerit
1375 4409 1498 4466 ﬁeri
1514 4410 1861 4482 jubebimus.
1892 4410 2068 4482 Opor-

2078 3149 2132 3223 C

2159 1897 2227 1936 ea
2256 1881 2326 1936 de
2362 1897 2530 1936 causa
2555 1885 2842 1952 praestare.
2877 1881 2930 1937 Si
2959 1897 3092 1936 vero
3125 1881 3182 1936 in
3221 1898 3289 1937 ea
3317 1899 3378 1936 re
3415 1881 3798 1936 sanctissimus

2159 1975 2452 2046 episcopus
2503 1975 2807 2046 negligens
2863 1974 3057 2045 fuerit,
3103 1974 3333 2029 habebit
3383 1979 3441 2029 et
3491 1975 3796 2030 Dominum

2157 2070 2338 2124 Deum
2370 2071 2628 2122 nostrum
2664 2067 2970 2138 infensum,
2995 2072 3056 2130 et
3093 2067 3449 2138 imperialem
3485 2068 3798 2122 vindictam

2158 2161 2520 2233 exspectabit,
2543 2161 2590 2216 si
2617 2177 2680 2216 ea
2705 2161 2892 2216 servili
2916 2162 3138 2216 silentio
3163 2161 3608 2232 sacerdotalique
3629 2161 3800 2216 licen-

2157 2255 2235 2309 tia
2259 2255 2517 2326 indigno,
2543 2255 2901 2326 praeterierit.
2919 2285 2987 2295 —
3015 2256 3118 2326 §2.
3143 2253 3196 2310 Si
3223 2255 3348 2326 quis
3373 2259 3570 2308 autem
3595 2255 3654 2308 in
3675 2272 3802 2325 pro-

2157 2348 2342 2403 vincia
2361 2349 2770 2404 renuntiaverit
2785 2349 3224 2420 magistratuum
3246 2353 3346 2403 aut
3363 2349 3662 2403 consulum
3675 2365 3802 2420 pro-

2157 2442 2434 2498 cessiones
2456 2484 2470 2512 ,
2514 2442 2626 2496 sive
2668 2442 2963 2514 generales
3003 2442 3216 2496 formas
3257 2441 3802 2513 gloriosissimorum

2155 2535 2574 2608 praefectorum,
2609 2539 2708 2590 aut
2749 2535 2988 2606 alicujus
3026 2535 3254 2590 alterius
3305 2551 3334 2590 e
3357 2535 3566 2590 nostris
3609 2534 3800 2605 magi-

2155 2630 2445 2697 stratibus,
2479 2629 2594 2684 sive
2631 2629 3117 2696 constitutionem,
3154 2629 3268 2684 sive
3299 2645 3520 2684 sacrum
3549 2635 3804 2684 commo-

2153 2723 2448 2792 nitorium,
2503 2723 2618 2778 sive
2661 2723 2953 2794 generales
2999 2722 3240 2792 litteras,
3290 2721 3403 2777 sive
3452 2721 3803 2778 erectionem

2153 2816 2534 2889 imperialium
2573 2819 2888 2871 statuarum
2926 2815 3280 2885 indicaverit,
3321 2817 3646 2882 non,liceat
3684 2833 3806 2871 am-

2154 2911 2304 2984 plius
2326 2926 2420 2965 sex
2439 2910 2691 2965 nummis
2711 2910 2900 2964 aureis
2919 2909 2979 2964 in
2999 2909 3250 2982 singulas
3273 2908 3677 2976 nuntiationes,
3701 2913 3804 2964 aut

2155 3005 2215 3060 in
2235 3004 2483 3077 singulas
2501 3003 2735 3070 formas,
2759 3005 2858 3058 aut
2877 3003 3328 3073 constitutiones,
3352 3007 3450 3058 aut
3465 3019 3627 3058 sacra
3647 3019 3806 3058 com-

2159 3097 2484 3168 monitoria,
2505 3101 2604 3152 aut
2633 3098 2924 3169 generales
2949 3097 3188 3166 litteras,
3219 3101 3318 3151 aut
3341 3101 3657 3152 statuarum
3681 3113 3804 3152 ere-

2158 3191 2369 3247 ctiones
2393 3189 2645 3262 accipere
2672 3191 2730 3246 in
2764 3190 3002 3262 singulis
3027 3189 3344 3262 provinciis,
3373 3191 3446 3244 ad
3479 3206 3622 3261 quas
3647 3190 3799 3246 litte-

2159 3302 2248 3341 ras
2273 3284 2519 3355 accepit;
2553 3301 2636 3354 ac,
2666 3283 2796 3339 licet
2821 3284 3018 3339 multm
3049 3285 3160 3338 sint
3189 3283 3250 3338 in
3283 3299 3351 3338 ea
3373 3283 3670 3354 provincia
3695 3301 3800 3338 ur-

2157 3381 2276 3446 bes,
2309 3377 2452 3434 nihil
2478 3378 2722 3450 amplius
2755 3381 3075 3448 praestetur,
3105 3393 3278 3448 quam
3305 3376 3387 3432 illi
3417 3393 3518 3432 sex
3548 3377 3800 3432 nummi.

2161 3473 2214 3529 Si
2241 3473 2378 3543 quid
2406 3489 2540 3528 vero
2567 3470 2810 3542 amplius
2836 3470 3132 3542 acceperit,
3156 3471 3278 3541 ejus
3303 3471 3692 3542 quadruplum
3719 3487 3806 3524 re-

2161 3567 2354 3622 stituet
2369 3583 2386 3636 ;
2417 3567 2691 3638 liceatque
2719 3565 2840 3636 ejus
2865 3563 3022 3619 urbis
3051 3563 3312 3635 episcopo
3337 3564 3444 3619 hoc
3468 3563 3803 3636 prohibere.

2161 3661 2370 3716 Eadem
2395 3663 2586 3715 tamen
2613 3675 2780 3730 poena
2807 3659 3002 3712 decem
3021 3657 3302 3712 librarum
3326 3657 3468 3724 auri,
3495 3661 3552 3711 et
3577 3658 3808 3728 provin-

2161 3754 2262 3808 ciae
2283 3753 2532 3824 praesidi,
2562 3757 2618 3808 et
2641 3753 2694 3806 ei
2717 3751 2940 3806 subdito
2961 3751 3164 3821 ofﬁcio,
3189 3755 3247 3806 et
3271 3751 3530 3822 episcopo
3557 3750 3806 3822 imponi-

2161 3850 2276 3916 tur,
2307 3847 2352 3901 si
2381 3847 2487 3902 illis
2523 3845 2858 3917 permittant
2892 3845 3020 3916 plus
3063 3848 3277 3916 petere,
3305 3859 3492 3915 neque
3529 3843 3588 3898 id
3617 3843 3808 3899 modis

2163 3941 2426 3996 omnibus
2449 3939 2865 4012 prohibuerint.
2897 3969 2966 3980 --
2995 3939 3028 4010 §
3055 3941 3107 3993 3.
3137 3939 3363 3993 Nemini
3389 3937 3540 3993 enim
3568 3937 3807 3992 omnino

2163 4034 2548 4106 permittimus
2601 4037 2924 4088 nostrorum
2977 4032 3418 4102 magistratuum
3469 4032 3808 4102 hujusmodi

2163 4127 2372 4183 formas
2399 4127 2548 4181 circa
2579 4125 2898 4198 provincias
2923 4124 3182 4180 emittere
3210 4124 3280 4180 de
3309 4125 3580 4190 rivorum,
3611 4130 3710 4178 aut
3737 4125 3807 4179 de

2165 4222 2488 4276 cloacarum
2509 4219 2868 4290 purgatione,
2886 4221 2984 4274 aut
3002 4219 3072 4274 de
3088 4217 3414 4274 amolitione
3431 4217 3806 4272 aediﬁciorum

2164 4333 2199 4370 a
2225 4313 2423 4380 muris,
2454 4316 2552 4368 aut
2569 4313 2886 4368 stationum
2909 4328 2942 4366 a
2968 4311 3294 4383 porticibus,
3323 4315 3422 4366 aut
3451 4327 3654 4366 eorum
3675 4327 3804 4382 que

2164 4407 2426 4481 produlia
2449 4406 2826 4478 appellantur,
2865 4409 2966 4461 aut
2997 4406 3066 4462 de
3094 4405 3370 4460 ruderum
3400 4421 3464 4458 ac
3489 4405 3806 4460 dimidiata-

433 4509 520 4562 tet
541 4507 734 4577 itaque
758 4505 984 4560 studere
1005 4503 1493 4575 religiosissimum
1512 4503 1859 4576 episcopum,
1889 4509 1944 4559 et
1969 4503 2064 4576 qui
2083 4519 2144 4592 D
2165 4518 2297 4557 rum
2325 4501 2719 4556 columnarum
2747 4498 3055 4568 eversione,
3083 4501 3182 4553 aut
3211 4499 3279 4554 de
3309 4497 3678 4568 imaginibus,
3709 4503 3808 4552 aut

437 4617 569 4655 cum
617 4615 684 4654 eo
735 4598 979 4654 rationes
1021 4596 1344 4667 conﬁciunt,
1391 4601 1456 4652 ut
1495 4613 1664 4668 opera
1703 4597 1761 4653 in
1805 4597 2068 4668 ingentes

433 4697 699 4766 sumptus
717 4691 1047 4764 praescripta
1073 4689 1309 4763 singulis
1333 4691 1494 4746 annis
1520 4691 1820 4763 diligenter
1841 4691 1980 4746 fiant
1999 4708 2069 4746 ex

437 4787 681 4862 publicis
701 4786 976 4842 fructibus
1003 4788 1170 4857 atque
1197 4785 1468 4840 reditibus
1487 4785 1818 4856 reparanda.
1850 4785 1947 4840 Sin
1975 4801 2069 4840 au-

437 4887 554 4938 tem
581 4880 835 4937 noluerit
875 4879 1185 4935 rationibus
1213 4877 1436 4933 subesse
1465 4879 1564 4950 qui
1598 4895 1664 4934 ea
1689 4878 2066 4948 administrat,

439 4993 626 5048 neque
652 4976 798 5031 ferat
823 4973 1242 5030 sanctissimum
1269 4971 1390 5042 ejus
1413 4973 1519 5027 loci
1550 4973 1896 5044 episcopum,
1926 4975 1983 5027 et
2007 4972 2070 5026 il-

441 5069 524 5123 los
543 5085 891 5140 possessores
918 5069 1016 5140 qui
1042 5068 1112 5123 ad
1142 5084 1266 5122 eam
1293 5083 1417 5121 rem
1440 5066 1876 5134 constituuntur,
1899 5069 1955 5122 et
1974 5066 2071 5138 qui

442 5163 512 5218 ad
545 5161 787 5216 rationes
815 5163 1125 5218 reddendas
1149 5178 1282 5218 eum
1311 5163 1534 5228 vocant,
1564 5165 1797 5232 cogatur
1820 5159 1876 5215 id
1903 5175 2070 5230 agere

441 5273 547 5330 per
586 5254 956 5310 clarissimum
992 5257 1298 5328 provincias
1339 5255 1642 5328 prassidem
1686 5259 1742 5310 et
1782 5254 2071 5309 cohortem

443 5367 574 5425 quae
600 5349 652 5405 ei
671 5365 868 5421 parere
897 5350 1070 5406 solet:
1097 5367 1158 5405 ac
1183 5351 1304 5406 sine
1331 5351 1446 5406 ullo
1474 5351 1680 5406 damno
1703 5347 2073 5420 compellatur

443 5451 506 5502 ut
531 5445 712 5502 modis
751 5443 1014 5499 omnibus
1045 5443 1296 5500 rationes
1327 5444 1624 5500 submittat
1649 5442 2071 5514 religiosissime

445 5541 728 5613 episcopo,
755 5541 810 5595 et
834 5536 1034 5611 primis
1055 5536 1206 5590 illius
1231 5537 1495 5606 civitatis;
1521 5537 1786 5611 quodque
1806 5542 2074 5608 appareat

445 5635 516 5689 ab
537 5651 602 5689 eo
623 5633 837 5704 deberi,
858 5631 1070 5688 civitati
1087 5629 1379 5686 reddatur.
1402 5631 1519 5703 --§
1541 5635 1591 5687 1.
1605 5633 1845 5687 Omnem
1863 5647 1994 5686 vero
2012 5629 2074 5686 li-

443 5727 720 5782 bertatem
731 5727 985 5784 tollimus
995 5725 1205 5783 nostris
1216 5723 1550 5797 praesidibus
1561 5724 1825 5780 mittendi
1837 5724 1896 5780 in
1908 5741 2074 5797 agros

446 5813 914 5886 discussores,aut
925 5815 1368 5884 ratiocinatores,
1383 5817 1482 5870 aut
1491 5816 1877 5886 exasquatores
1891 5815 1962 5869 ad
1977 5831 2076 5886 pu-

2168 4595 2215 4650 si
2242 4594 2380 4666 quid
2408 4594 2517 4649 alio
2546 4597 2710 4665 pacto
2737 4593 2808 4648 sit
2834 4592 3237 4663 excogitatum,
3259 4594 3358 4645 aut
3381 4591 3554 4646 etiam
3579 4591 3654 4646 de
3679 4592 3808 4647 civi-

2167 4689 2314 4746 libus
2343 4688 2773 4760 quibuscumque
2803 4685 3216 4742 controversiis.
3250 4685 3360 4740 Sed
3393 4684 3558 4740 liceat
3587 4685 3805 4756 episco-

2168 4799 2242 4854 po
2277 4785 2336 4838 et
2371 4781 2440 4836 iis
2476 4781 2576 4853 qui
2607 4781 2782 4852 primi
2821 4784 2950 4834 sunt
2989 4779 3108 4850 ejus
3151 4778 3330 4848 urbis,
3371 4783 3427 4834 et
3465 4779 3806 4850 presidibus

2169 4875 2604 4949 provinciarum,
2637 4877 2695 4929 et
2725 4873 3138 4946 possessoribus
3167 4889 3229 4926 ac
3264 4872 3478 4927 civibus
3515 4872 3808 4927 insinuata

2171 4969 2359 5042 aliqua
2387 4969 2590 5037 forma,
2623 4967 2674 5023 ei
2699 4967 2932 5039 quidem
2959 4982 3075 5021 non
3102 4965 3340 5035 deferre,
3373 4965 3470 5020 sed
3493 4966 3806 5036 prohibere

2171 5081 2234 5119 ac
2255 5078 2510 5118 coercere
2530 5077 2760 5116 omnem
2787 5060 3138 5116 exactionem
3163 5075 3510 5130 omnemque
3531 5059 3652 5113 vim
3679 5075 3808 5130 qua

2173 5175 2242 5213 ex
2278 5173 2343 5212 eo
2373 5155 2613 5212 eveniat.
2647 5155 2971 5227 Eademque
3000 5169 3168 5226 paena
3191 5153 3404 5208 efﬁciat
3427 5153 3812 5208 sanctissimos

2174 5252 2479 5324 episcOpos,
2505 5248 2616 5304 nisi
2641 5248 2698 5304 id
2727 5247 3142 5320 prohibuerint.
3173 5277 3240 5287 —
3271 5247 3304 5319 §
3335 5247 3388 5302 4.
3425 5247 3536 5302 Sed
3561 5252 3620 5302 et
3649 5263 3812 5318 opor-

2172 5349 2254 5401 tet
2277 5345 2626 5416 e‘piscOpum,
2655 5359 2720 5398 ac
2753 5347 2972 5414 patrem
3003 5340 3257 5412 civitatis,
3292 5343 3350 5395 et
3377 5345 3616 5395 caeteros
3645 5341 3810 5396 bona:

2173 5437 2453 5511 opinionis
2481 5453 2828 5510 possessores
2853 5435 3167 5508 providere,
3199 5450 3270 5489 ne
3306 5435 3460 5489 locus
3487 5433 3698 5506 aliquis
3735 5435 3808 5489 ci-

2171 5533 2294 5588 vilis
2319 5537 2419 5588 aut
2441 5531 2697 5604 publicus
2721 5531 2887 5602 juxta
2921 5545 3114 5584 muros
3141 5528 3317 5598 urbis,
3352 5531 3450 5583 aut
3477 5527 3536 5582 in
3569 5529 3810 5600 publicis

2173 5626 2501 5700 porticibus,
2547 5630 2645 5680 aut
2687 5625 2746 5680 in
2795 5624 3018 5696 plateis,
3069 5627 3166 5678 aut
3217 5623 3277 5677 in
3323 5637 3668 5694 quocunque
3705 5623 3810 5677 alio

2173 5723 2294 5777 loco
2336 5721 2406 5776 ab
2443 5719 2631 5792 aliquo
2665 5718 2910 5774 indebite
2947 5716 3319 5789 possideatur,
3365 5731 3507 5771 neve
3546 5715 3812 5787 publicus

2173 5817 2328 5871 locus
2351 5813 2518 5870 alicui
2543 5812 2664 5869 sine
2688 5815 2878 5870 nostra
2907 5827 3061 5870 sacra
3085 5811 3264 5868 forma
3289 5810 3564 5865 tradatur.
