4076 6186
288 290 419 342 I077

1001 288 1363 345 JUSTINIANI
1402 288 1611 345 LEGES
1647 288 1979 345 SELECTIE.
2022 288 2148 343 LIB.
2192 289 2233 354 I,
2276 287 2400 342 TIT.
2441 287 2527 355 IV,
2569 288 2698 343 LEX
2738 289 2912 343 XXIX.

3497 290 3626 345 1078

347 396 379 470 §
409 401 458 452 5.
502 396 656 452 Idem
700 397 988 468 inquirant
1037 399 1108 453 de
1159 416 1440 471 aquarum
1485 397 1897 467 distributione,
1922 409 1982 484 Α
2000 397 2103 452 ctis
2123 396 2448 469 Scripturis,
2483 397 2803 468 depromat,
2827 399 3009 452 omnia
3033 412 3088 453 se
3111 402 3249 453 recte
3267 400 3317 452 et
3333 414 3451 453 cum
3469 401 3626 455 utili-

275 507 403 563 qua
431 506 587 545 sacra
611 489 798 562 aliqua
828 492 1012 545 forma
1037 492 1243 565 cuique
1271 493 1570 565 pertineat,
1607 495 1673 548 ut
1706 510 1779 548 ne
1806 494 1900 549 hic

273 585 422 656 plus,
449 583 544 640 ille
578 583 767 638 minus
795 584 1017 651 habeat,
1053 602 1226 656 quam
1265 586 1315 640 ei
1348 586 1638 658 competit.
1675 617 1742 626 ——
1783 585 1813 658 §
1843 590 1896 642 6.

271 679 469 749 Neque
498 693 629 732 vero
674 676 1050 748 tidejussionis
1080 695 1267 746 causa,
1294 685 1393 734 aut
1438 696 1610 751 supra
1648 679 1900 734 mandati

271 770 521 825 formam
565 774 788 826 nostros
827 771 1103 841 subjectos
1134 771 1280 826 afﬁci
1324 777 1674 844 pateremur,
1716 773 1814 827 sed
1852 772 1899 828 si

272 864 508 934 quidem
529 863 849 918 immobiles
869 881 957 919 res
974 865 1220 920 habeant
1235 865 1482 934 idoneas,
1493 866 1896 937 jusjurandum

272 959 498 1011 tantum
537 961 824 1028 prastent,
865 962 922 1012 et
949 959 1404 1024 conscribentur;
1441 958 1528 1012 sin
1565 963 1756 1014 autem
1783 975 1898 1013 non

269 1049 538 1117 habeant,
570 1065 750 1121 usque
787 1050 859 1104 ad
892 1051 1224 1122 quantitatis
1260 1050 1710 1121 aestimationem,
1756 1052 1895 1106 fide-

263 1141 583 1212 jussionem
606 1141 725 1196 sine
751 1143 868 1198 ullo
895 1143 1103 1198 damno
1132 1145 1447 1216 prabeant.
1485 1143 1541 1199 Si
1570 1161 1700 1199 vero
1731 1143 1894 1198 dubi-

265 1234 516 1289 taverint
542 1238 830 1290 exactores
853 1236 922 1291 de
947 1236 1341 1308 fidejussorum
1368 1237 1498 1305 fide,
1533 1236 1898 1292 facultatibus

267 1331 368 1382 aut
394 1328 674 1396 cautione,
706 1328 766 1382 in
792 1330 1055 1384 eumdem
1085 1331 1268 1385 locum
1294 1329 1748 1401 religiosissimus
1773 1330 1895 1401 epi-

269 1437 491 1492 scopus,
525 1424 582 1475 et
617 1423 803 1492 patres
839 1422 1098 1493 civitatis,
1134 1440 1198 1478 ac
1229 1423 1491 1479 defensor
1531 1423 1894 1492 conveniant,

265 1530 331 1568 ac
361 1514 693 1582 decernant,
718 1531 792 1568 an
817 1514 1052 1570 idoneus
1073 1531 1192 1570 esse
1209 1515 1508 1588 ﬁdejussor
1535 1515 1795 1570 videatur
1808 1532 1896 1570 us-

265 1622 378 1677 que
407 1607 479 1661 ad
506 1606 882 1678 quantitatem
902 1608 970 1663 de
991 1625 1100 1680 qua
1123 1609 1332 1680 agitur,
1362 1615 1418 1665 et
1439 1625 1662 1665 necesse
1690 1609 1897 1664 habeat

267 1703 496 1754 exactor
521 1700 804 1771 suscipere
825 1717 957 1755 eum
985 1702 1044 1756 in
1060 1702 1192 1773 fidej
1204 1718 1474 1771 ussorem,
1498 1703 1597 1774 qui
1621 1702 1764 1757 nihil
1790 1719 1893 1773 pro

2001 495 2109 547 tate
2125 493 2325 559 furiosi
2350 507 2552 561 gerere,
2582 506 2749 561 neque
2762 494 3174 561 pratermittere
3197 507 3318 562 qua
3342 493 3504 547 utilia
3522 509 3628 549 esse

1996 587 2205 653 furioso
2229 586 2528 654 putaverit,
2570 600 2740 653 neque
2770 585 3052 640 admittere
3082 601 3144 638 ea
3171 601 3292 654 qua
3325 601 3431 640 non
3465 587 3628 640 utilia

1996 681 2203 747 furioso
2229 693 2336 734 esse
2365 680 2793 744 existimaverit,-
2838 680 2914 744 et,
2947 678 3263 733 inventario
3302 695 3432 733 cum
3471 679 3628 733 omni

1999 771 2307 826 subtilitate
2327 771 2547 842 publice
2573 770 2914 842 conscripto,
2942 787 3030 826 res
3049 770 3335 842 suscipiat,
3360 777 3416 827 et
3431 788 3628 826 secun-

1998 865 2136 920 dum
2160 865 2248 919 sui
2279 863 2608 936 opinionem
2637 864 2900 934 disponat
2935 864 3038 918 sub
3068 865 3388 935 hypotheca
3427 881 3623 919 rerum

1999 957 2073 1012 ad
2102 973 2234 1012 eum
2263 957 2698 1029 pertinentium,
2725 957 2795 1012 ad
2823 956 3257 1011 similitudinem
3282 960 3540 1012 tutorum
3569 963 3625 1014 et

1999 1056 2325 1105 curatorum
2349 1050 2544 1105 adulti.
2577 1049 2677 1106 Sin
2713 1055 2904 1105 autem
2940 1054 3348 1105 testamentum
3382 1051 3623 1122 quidem

1996 1159 2205 1214 parens
2233 1160 2348 1198 non
2367 1142 2693 1212 confecerit,
2723 1144 2815 1198 lex
2841 1148 3031 1199 autem
3051 1148 3394 1212 curatorem,
3424 1148 3622 1216 utpote

1995 1240 2290 1307 agnatum,
2314 1235 2612 1305 vocaverit,
2635 1236 2741 1303 vel,
2760 1252 2826 1291 eo
2852 1241 3122 1303 cessante,
3147 1242 3244 1291 aut
3269 1253 3385 1292 non
3411 1237 3621 1294 idoneo

1995 1328 2230 1384 forsitan
2257 1328 2549 1397 existente,
2571 1329 2905 1400 exjudiciali
2927 1329 3202 1384 electione
3221 1334 3540 1386 curatorem
3568 1330 3621 1385 ei

1998 1422 2130 1477 dare
2150 1437 2377 1476 necesse
2395 1421 2739 1489 fuerit,tunc
2753 1422 2968 1476 scilicet
2985 1425 3042 1476 et
3066 1423 3126 1476 in
3146 1423 3447 1493 provinciis
3469 1424 3621 1495 apud

1995 1514 2264 1586 prasides
2281 1515 2668 1586 cujuscunque
2689 1514 3018 1586 provincia,
3044 1518 3101 1569 et
3116 1515 3300 1570 virum
3317 1516 3621 1587 religiosis-

1995 1607 2203 1662 simum
2232 1607 2562 1678 episcopum
2603 1608 2862 1675 civitatis,
2897 1623 3122 1662 necnon
3168 1612 3284 1663 tres
3329 1608 3616 1678 primates,

1996 1700 2204 1756 creatio
2231 1700 2536 1772 procedat;
2566 1701 2645 1754 ita
2672 1703 2752 1770 ut,
2783 1701 2829 1754 si
2858 1700 3091 1770 quidem
3117 1705 3344 1755 curator
3369 1701 3623 1757 substan-

265 1792 626 1862 fidejussione
643 1797 742 1847 aut
755 1797 1105 1849 sacramento
1119 1795 1429 1866 prastabit,
1448 1773 1835 1866 praeterquam
1850 1795 1896 1850 si
1914 1773 1972 1844 B
1998 1793 2134 1848 tiam
2151 1794 2424 1849 idoneam
2454 1793 2717 1863 possidet,
2738 1798 2794 1848 et
2819 1792 3197 1848 sufficientem
3216 1795 3290 1848 ad
3318 1794 3495 1849 fidem
3521 1812 3622 1866 gu-

264 1885 481 1956 privata
517 1890 730 1953 nostra,
765 1891 862 1941 aut
896 1887 1234 1958 cujusquam
1262 1887 1634 1959 magistratus
1664 1888 1894 1959 majoris

258 1977 514 2048 jussione
531 1994 823 2048 personam
845 1980 1143 2035 ducendam
1177 1995 1304 2043 esse,
1329 1981 1630 2050 ﬁdejussori
1649 1997 1755 2036 non
1785 1997 1894 2036 esse

264 2071 590 2125 credendum
603 2071 1114 2127 decernatur.Tunc
1130 2073 1482 2128 enimlicebit
1498 2074 1745 2128 exactori
1759 2074 1893 2128 fide-

257 2163 545 2234 jussorem
567 2181 685 2219 non
711 2165 983 2236 accipere,
1002 2165 1061 2219 id
1077 2182 1210 2221 vero
1236 2183 1406 2238 agere
1427 2167 1546 2222 sine
1570 2167 1685 2221 ullo
1714 2167 1888 2222 detri-

263 2260 477 2311 mento.
507 2258 787 2313 Caeterum
809 2258 1008 2313 eadem
1033 2260 1211 2313 multa
1241 2260 1503 2314 adversus
1535 2260 1889 2330 religiosissi-

263 2366 423 2403 mum
439 2351 768 2421 episcopum
794 2354 850 2406 et
867 2351 1244 2406 clarissimum
1267 2352 1569 2423 provincia
1587 2352 1887 2423 prasidem

263 2443 595 2513 imponitur,
609 2443 654 2497 si
671 2444 806 2514 quid
822 2460 1022 2498 eorum
1038 2445 1356 2516 transgredi
1380 2445 1529 2518 passi
1543 2445 1776 2514 fuerint,
1791 2450 1889 2500 aut

263 2534 306 2589 si
342 2552 471 2590 cum
512 2539 928 2607 transgressum
958 2538 1206 2605 erit,non
1234 2538 1294 2592 id
1327 2538 1514 2593 statim
1539 2539 1890 2594 renuntiave-

260 2629 305 2682 ri
316 2628 502 2700 nt.—§
521 2630 620 2683 7.1V
626 2647 770 2700 eque
791 2631 961 2685 etiam
973 2631 1262 2702 patiantur
1274 2634 1337 2685 ut
1346 2633 1472 2702 plus
1484 2632 1717 2687 deﬁnita
1727 2635 1886 2704 parte

258 2738 291 2774 a
315 2726 512 2776 nostra
532 2723 935 2778 constitutione
961 2741 1064 2794 pro
1084 2723 1350 2795 sportulis
1373 2725 1716 2796 accipiatur;
1742 2742 1884 2780 neve

259 2815 558 2886 descriptio
578 2816 650 2870 ob
672 2816 918 2887 aliquam
935 2818 1237 2871 causamin
1251 2817 1565 2872 civitatibus
1581 2819 1681 2872 fiat
1693 2819 1796 2873 nisi
1811 2818 1884 2873 ob

254 2906 382 2961 illas
395 2912 640 2976 tantum,
659 2925 796 2980 quas
817 2926 986 2980 supra
1004 2911 1486 2978 enumeravimus,
1506 2911 1880 2966 renuntiatio-

257 3016 356 3054 nes
377 3001 828 3072 processionum,
843 3003 1333 3071 constitutionum,
1357 3003 1503 3058 sacri
1524 3007 1581 3058 et
1603 3005 1882 3075 generalis

1995 1886 2367 1954 bernationis,
2405 1886 2526 1941 sine
2555 1886 2749 1958 aliqua
2783 1885 3148 1941 satisdatione
3177 1886 3388 1942 creatio
3414 1905 3615 1961 proce-

1992 1979 2107 2035 dat.
2130 1979 2228 2035 Sin
2247 1984 2443 2034 autem
2473 1995 2586 2033 non
2599 1979 2733 2033 talis
2757 1994 2962 2033 census
2981 1979 3029 2050 ej
3040 1997 3101 2033 us
3115 1978 3459 2048 inveniatur,
3481 1985 3619 2037 tunc

1992 2077 2049 2128 et
2067 2071 2378 2143 ﬁdejussio,
2401 2073 2461 2126 in
2490 2076 2773 2143 quantum
2801 2071 3066 2143 possibile
3098 2077 3203 2142 est,
3227 2073 3298 2126 ab
3326 2090 3394 2128 eo
3423 2074 3613 2145 explo-

1989 2169 2174 2231 retur;
2219 2165 2510 2220 creatione
2562 2163 2831 2233 omnino,
2889 2166 3258 2220 sacrosanctis
3313 2165 3616 2238 Scripturis

1988 2258 2309 2331 propositis,
2344 2258 2404 2313 in
2431 2259 2594 2313 omni
2647 2274 2818 2312 causa
2857 2258 3222 2326 celebranda;
3266 2259 3388 2330 ipso
3423 2264 3616 2315 autem

1988 2355 2270 2419 curatore,
2302 2351 2690 2423 cujuscunque
2718 2351 3047 2406 substantia
3075 2352 3166 2406 vel
3197 2351 3491 2422 dignitatis
3520 2353 3612 2421 sit,

1986 2445 2292 2516 prafatum
2316 2447 2733 2500 sacramentum
2763 2461 2869 2516 pro
2909 2444 3126 2499 utiliter
3152 2444 3319 2500 rebus
3347 2445 3614 2517 gerendis

1985 2540 2318 2610 prastante,
2350 2542 2408 2592 et
2433 2537 2817 2592 inventarium
2845 2537 3072 2609 publice
3099 2536 3523 2606 conscribente;
3558 2543 3615 2594 et

1986 2631 2308 2702 hypotheca
2334 2647 2530 2685 rerum
2551 2630 2830 2686 curatoris
2855 2631 3043 2685 modis
3059 2632 3324 2686 omnibus
3343 2631 3614 2687 adhiben-

1987 2723 2076 2790 da,
2097 2725 2378 2794 quatenus
2403 2741 2495 2778 res
2521 2724 2740 2794 possint
2765 2724 2962 2778 furiosi
2991 2725 3246 2796 undique
3275 2724 3487 2779 utiliter
3511 2741 3614 2796 gu-

1982 2816 2232 2871 bernari.
2265 2802 2469 2871 Datum
2518 2816 2642 2871 Kal.
2693 2817 2848 2888 Sept.
2893 2817 3276 2885 Constantin.,
3309 2818 3506 2890 Lamp.
3553 2820 3612 2872 et

1983 2909 2177 2965 Oreste
2204 2925 2294 2963 vv.
2321 2925 2401 2964 cc.
2430 2925 2574 2964 coss.
2607 2913 2729 2965 530.

2608 3007 2735 3061 LEX
2760 3008 2981 3063 XXVIII.

255 3098 698 3167 commonitorii,
735 3103 834 3154 aut
866 3101 1085 3168 forma,
1130 3105 1230 3156 aut
1253 3101 1594 3172 litterarum,
1627 3105 1683 3157 et
1711 3102 1880 3173 hujus
1899 3133 1954 3207 Ο
2047 3094 2207 3207 idem
2234 3097 2523 3207 JAugUSElfs
2548 3094 2938 3207 Julianoppol’.

252 3191 409 3245 modi
445 3191 704 3247 omnium
743 3209 956 3262 rerum,
993 3194 1063 3248 de
1093 3194 1296 3267 quibus
1336 3199 1509 3250 antea
1551 3195 1875 3250 sanximus:

253 3282 392 3338 item
410 3300 534 3354 qua
561 3287 791 3354 propter
815 3302 974 3339 suam
1003 3287 1514 3355 conservationem,
1535 3291 1706 3358 atque
1723 3287 1876 3342 salu-

253 3382 368 3431 tem
386 3377 533 3430 cives
554 3377 740 3431 facere
764 3377 1043 3431 voluerint
1062 3379 1134 3432 ad
1157 3395 1332 3449 opera
1351 3380 1496 3433 forte
1517 3380 1765 3450 publica,
1795 3381 1880 3434 vel

251 3471 321 3523 ad
372 3469 662 3536 sitoniam,
699 3471 785 3524 vel
823 3471 894 3524 ad
933 3470 1105 3525 aliam
1159 3471 1415 3541 quamvis
1453 3487 1700 3538 causam,
1749 3488 1878 3542 qua

253 3562 518 3616 omnibus
557 3563 777 3633 placeat
823 3566 1060 3634 propter
1106 3563 1261 3617 urbis
1299 3564 1582 3619 honorem
1625 3564 1768 3632 fieri,
1813 3580 1879 3618 ex

252 3671 365 3725 quo
393 3655 711 3726 respublica
751 3655 1070 3726 adjuvetur.
1102 3659 1436 3713 Contraeos
1461 3673 1594 3711 vero
1629 3657 1727 3728 qui
1755 3657 1878 3711 hac

252 3748 571 3818 transgredi
625 3749 989 3816 tentaverint,
1031 3753 1090 3803 et
1131 3749 1176 3803 si
1207 3749 1281 3803 ad
1318 3767 1419 3804 nos
1461 3749 1878 3820 religiosissimi

249 3840 500 3912 episcopi
516 3841 575 3896 id
600 3858 714 3896 non
739 3841 1056 3909 retulerint,
1081 3859 1149 3897 ea
1177 3846 1473 3897 serventur
1499 3859 1627 3913 qua
1655 3846 1825 3898 antea
1844 3859 1877 3897 a

250 3933 413 3988 nobis
434 3934 788 3989 commonita
817 3939 969 3990 sunt.
991 3967 1056 3974 -—
1085 3935 1115 4008 §
1147 3939 1197 3990 8.
1223 3938 1406 4007 Atque
1438 3939 1663 4007 oportet
1686 3936 1877 4008 singu-

247 4027 434 4081 larum
453 4027 681 4081 urbium
706 4028 802 4081 Dei
827 4029 1250 4083 amantissimos
1273 4029 1582 4100 episcopos,
1605 4045 1735 4083 cum
1758 4045 1877 4084 om-

250 4121 340 4174 nia
369 4121 738 4191 cognoverint
764 4137 891 4192 qua
921 4137 953 4175 a
984 4122 1148 4176 nobis
1175 4122 1242 4177 de
1279 4121 1368 4176 his
1401 4121 1570 4177 rebus
1603 4121 1874 4194 disposita

246 4217 400 4278 sunt,
434 4217 492 4268 et
521 4214 589 4268 de
618 4217 960 4268 metatorum
1000 4215 1306 4282 exactione,
1342 4220 1399 4271 et
1433 4215 1502 4271 de
1537 4215 1873 4286 rapinarum

248 4305 652 4377 prohibitione,
683 4323 746 4361 ac
777 4307 847 4362 de
877 4308 1098 4363 cateris
1129 4308 1298 4363 rebus
1331 4325 1458 4380 qua
1491 4313 1683 4363 nostra
1717 4325 1872 4363 sacra

246 4399 648 4454 constitutione
694 4400 1077 4465 continentur,
1129 4418 1256 4471 qua
1301 4401 1370 4456 de
1413 4401 1677 4456 omnibus
1721 4400 1873 4455 edita

2047 3184 2187 3237 Tam
2230 3183 2515 3239 dementis
2555 3201 2732 3256 quam
2767 3185 2968 3240 furiosi
2997 3185 3184 3256 liberi,
3217 3186 3606 3257 cujuscunque

1979 3292 2164 3344 sexus,
2201 3280 2443 3347 possunt
2477 3277 2762 3348 legitimas
2807 3279 3148 3333 contrahere
3200 3277 3448 3349 nuptias,
3484 3281 3603 3332 tam

1981 3368 2111 3422 dote
2135 3385 2306 3438 quam
2326 3374 2456 3424 ante
2480 3370 2706 3440 nuptias
2728 3371 3040 3424 donatione
3070 3387 3103 3424 a
3131 3374 3385 3424 curatore
3405 3387 3604 3425 eorum

1978 3461 2298 3532 prastanda
2322 3479 2336 3516 :
2359 3462 2738 3517 aestimatione
2762 3466 2957 3517 tamen
2977 3463 3036 3517 in
3058 3464 3163 3517 hac
3184 3463 3418 3535 quidem
3443 3463 3606 3535 regia

1979 3553 2120 3608 urbe
2152 3554 2609 3610 excellentissimi
2635 3555 2886 3626 prafecti
2915 3556 3064 3625 urbi,
3092 3557 3151 3610 in
3179 3557 3481 3628 provinciis
3509 3574 3605 3612 au-

1976 3649 2097 3700 tem
2141 3647 2392 3702 virorum
2439 3648 2886 3704 clarissimorum
2928 3666 3130 3704 earum
3165 3650 3473 3722 prasidum
3516 3651 3604 3705 vel

1975 3741 2232 3795 locorum
2257 3741 2594 3810 antistitum,
2613 3745 2734 3798 tam
2752 3743 3021 3814 opinione
3039 3760 3296 3814 persona
3311 3760 3483 3815 quam
3500 3743 3601 3798 do-

1975 3833 2048 3888 tis
2070 3834 2486 3901 moderatione,
2515 3838 2574 3889 et
2590 3839 2722 3890 ante
2749 3837 2978 3907 nuptias
2996 3837 3342 3906 donationis,
3357 3839 3602 3893 statuen-

1977 3925 2074 3992 da;
2107 3926 2485 3997 prasentibus
2500 3932 2618 3983 tam
2635 3929 2988 3984 curatoribus
3017 3930 3300 3986 dementis
3321 3947 3495 4002 quam
3519 3932 3603 3986 fu-

1972 4017 2128 4089 riosi,
2173 4036 2402 4075 necnon
2437 4020 2526 4075 his
2561 4021 2656 4093 qui
2696 4039 2765 4078 ex
2795 4040 3010 4095 genere
3042 4041 3246 4080 eorum
3291 4024 3601 4080 nobiliores

1975 4120 2134 4185 sunt;
2162 4117 2242 4172 ita
2268 4121 2560 4186 tamen,ut
2575 4120 2736 4174 nulla
2756 4137 2823 4175 ex
2849 4121 2955 4175 hac
2982 4138 3150 4177 causa
3175 4121 3408 4190 oriatur,
3424 4123 3511 4176 vel
3541 4122 3599 4177 in

1971 4211 2080 4266 hac
2107 4211 2267 4282 regia
2294 4212 2455 4280 urbe,
2486 4213 2575 4267 vel
2604 4213 2664 4267 in
2690 4214 2992 4284 provinciis
3013 4215 3240 4285 jactura
3271 4215 3600 4270 substantia

1971 4304 2188 4370 furiosi,
2216 4304 2306 4358 vel
2336 4304 2641 4371 dementis,
2655 4306 2738 4360 vel
2756 4309 2950 4361 mente
2971 4306 3141 4377 capti,
3161 4308 3261 4363 sed
3279 4307 3452 4380 gratis
3473 4324 3598 4361 om-

1973 4396 2070 4452 nia
2093 4396 2420 4468 procedant,
2459 4413 2531 4451 ne
2551 4397 2665 4452 tale
2686 4398 2988 4453 hominum
3015 4399 3392 4457 infortunium
3427 4401 3598 4457 etiam

247 4497 352 4561 est,
381 4493 554 4547 finem
591 4496 1006 4564 competentem
1044 4493 1358 4565 imponant.
1391 4495 1595 4549 Datum
1626 4510 1724 4549 VIII
1761 4494 1871 4548 Ka-
1891 4498 1951 4570 D
1975 4505 2353 4561 expensarum
2381 4489 2724 4546 detrimento
2754 4497 3164 4564 pragravetur.

246 4585 400 4640 Iend.
426 4586 556 4654 Jul.,
588 4587 876 4654 Chalced.,
907 4587 1176 4658 Lampad.
1207 4603 1322 4642 cos.
1358 4589 1478 4660 530.

875 4685 998 4738 LEX
1037 4686 1233 4739 XXVII.

316 4773 474 4829 Idem
504 4775 790 4845 Augustus
804 4772 1024 4828 Juliano
1049 4775 1109 4827 P.
1138 4774 1198 4828 P.

316 4868 394 4921 De
427 4866 807 4921 creationibus
827 4871 1174 4936 curatorum,
1200 4867 1299 4938 qui
1325 4866 1548 4921 furiosis
1573 4867 1872 4939 utriusque

245 4977 406 5015 sexus
439 4960 664 5028 dantur,
704 4960 1088 5015 necessarium
1129 4960 1292 5014 nobis
1318 4961 1502 5015 visum
1543 4965 1628 5015 est
1662 4961 1869 5016 consti-

246 5058 402 5109 tuere
447 5053 936 5125 quemadmodum
976 5071 1069 5109 eas
1095 5054 1371 5109 celebrari
1402 5057 1684 5125 oporteat.
1715 5055 1801 5123 Et,
1827 5055 1874 5109 si

245 5147 478 5219 quidem
492 5149 655 5219 pater
674 5151 999 5203 curatorem
1016 5147 1231 5203 furioso
1247 5147 1336 5202 vel
1353 5147 1581 5202 furiosa
1593 5147 1652 5202 in
1673 5148 1872 5203 ultimo

247 5241 436 5313 elogio
462 5240 788 5296 haredibus
816 5241 1087 5298 institutis
1114 5242 1201 5296 vel
1228 5241 1603 5296 exharedatis
1632 5241 1870 5306 dederit,

249 5334 342 5389 ubi
381 5337 437 5388 et
482 5335 908 5406 ﬁdejussionem
965 5351 1182 5390 cessare
1220 5351 1446 5390 necesse
1481 5338 1584 5401 est,
1631 5337 1871 5406 paterno

245 5428 575 5483 testimonio
602 5446 704 5500 pro
731 5429 853 5499 ejus
873 5429 1238 5484 satisdatione
1261 5428 1602 5495 sufficiente,
1627 5428 1746 5500 ipse
1775 5427 1874 5499 qui

243 5521 412 5577 datus
443 5525 527 5577 est
555 5523 626 5578 ad
649 5523 1008 5578 curationem
1035 5522 1358 5594 perveniat:
1391 5521 1472 5576 ita
1492 5530 1707 5591 tamen,
1732 5525 1793 5576 ut
1812 5521 1872 5576 in

246 5615 553 5687 provinciis
580 5616 731 5688 apud
768 5616 1039 5686 prasides
1076 5631 1295 5682 earum,
1325 5618 1605 5687 prasente
1643 5614 1725 5669 eis
1757 5618 1873 5669 tam

248 5709 369 5763 viro
408 5709 839 5781 religiosissime
880 5710 1135 5763 locorum
1180 5708 1450 5775 antistite,
1485 5724 1662 5780 quam
1693 5707 1873 5763 tribus

248 5803 614 5874 primatibus,
647 5802 784 5859 actis
822 5801 1346 5874 intervenientibus,
1387 5801 1547 5859 tactis
1577 5818 1870 5858 sacrosan-

2050 4635 2055 4640 .
2616 4590 2742 4644 LEX
2782 4592 2936 4646 XXIX

2045 4675 2203 4732 Idem
2234 4677 2523 4748 Augustus
2545 4677 2770 4734 Juliano
2795 4681 2854 4735 P.
2886 4680 2947 4734 P.

2045 4768 2340 4825 Sancimus
2371 4774 2434 4825 ut
2463 4787 2636 4826 nemo
2662 4771 2999 4828 venerabilis
3036 4773 3277 4828 clericus
3311 4773 3380 4828 ab
3403 4775 3597 4845 aliquo

1974 4862 2089 4919 sive
2116 4863 2340 4933 clerico,
2373 4863 2489 4918 sive
2522 4864 2668 4919 laico
2696 4866 2765 4919 ab
2809 4866 2971 4921 initio
3000 4867 3152 4939 apud
3198 4866 3598 4923 beatissimum

1973 4956 2277 5031 provincia
2319 4955 2710 5013 Patriarcham
2746 4965 3061 5028 accusetur,
3104 4961 3206 5015 sed
3246 4961 3402 5032 prius
3441 4961 3602 5033 juxta

1975 5067 2134 5107 sacra
2159 5050 2420 5106 instituta
2447 5052 2598 5123 apud
2629 5053 2960 5124 episcopum
2993 5054 3232 5110 civitatis
3258 5055 3319 5109 in
3348 5072 3464 5127 qua
3493 5057 3601 5111 cle-

1973 5145 2124 5201 ricus
2155 5147 2450 5213 versatur;
2480 5147 2626 5213 tum,
2660 5145 2705 5199 si
2735 5146 2779 5200 is
2815 5150 3108 5219 suspectus
3139 5152 3240 5216 est,
3288 5149 3442 5221 apud
3477 5167 3596 5206 me~

1973 5239 2392 5311 tropolitanum
2421 5239 2749 5312 episcopum
2771 5257 2934 5296 reum
2963 5245 3128 5312 agat;
3162 5243 3259 5298 sed
3286 5243 3331 5298 si
3356 5243 3502 5300 forte
3529 5261 3600 5300 ne

1976 5332 2027 5387 ei
2057 5332 2287 5403 quidem
2307 5332 2590 5386 accusatio
2611 5333 2904 5404 placuerit,
2929 5334 3000 5389 ad
3020 5352 3241 5390 sacram
3260 5337 3381 5409 ejus
3409 5338 3599 5408 regio-

1976 5426 2064 5480 nis
2091 5425 2368 5497 synodum
2387 5429 2709 5480 accusatum
2731 5425 3004 5497 deducat;
3039 5433 3095 5484 et
3120 5447 3250 5484 cum
3276 5430 3600 5501 motropoli-

1972 5523 2132 5590 tano,
2151 5518 2332 5574 tribus
2353 5519 2817 5576 convenientibus
2837 5522 3280 5594 religiosissimis
3300 5521 3596 5594 episcopis,

1977 5613 2075 5686 qui
2117 5613 2335 5668 cateris
2374 5615 2607 5685 propter
2637 5615 3054 5671 ordinationem
3094 5616 3494 5687 praeferuntur,
3529 5617 3598 5673 de

1976 5723 2146 5762 causa
2172 5723 2365 5762 coram
2390 5711 2504 5762 tota
2525 5708 2744 5780 synodo
2767 5714 3174 5781 cognoscatur;
3208 5713 3265 5764 et
3293 5708 3338 5763 si
3365 5709 3598 5780 quidem

1978 5801 2032 5859 ei
2054 5799 2448 5876 quajudicata
2462 5807 2632 5862 erunt
2648 5802 2988 5879 placuerint,
3000 5800 3071 5857 ab
3089 5802 3406 5862 accusando
3421 5802 3598 5863 disce-
