4076 6186
467 241 602 294 10⁸79

1593 233 1848 288 ΞΛΕΟΙΠᾸ
1886 233 2078 288 SEXTI
2116 233 2672 296 SUPPLEMENTUM.

3675 243 3816 297 1080

467 343 582 400 dat.
618 342 676 399 Si
714 357 846 397 vero
888 357 944 396 se
979 339 1112 395 laedi
1151 337 1576 406 existimaverit,
1623 343 1890 411 provocet
1939 339 2090 394 illius
2111 343 2294 425 Αδυῦ
2325 345 2406 400 eis
2437 349 2572 400 sunt
2599 345 2984 402 ordinationes
3022 345 3252 414 faciunt,
3286 364 3350 402 ea
3379 348 3448 402 de
3476 364 3648 402 causa
3673 347 3818 402 illud

467 435 776 512 provinciae
795 433 1190 489 beatissimum
1231 433 1639 504 patriarcham,
1675 435 1846 503 atque
1873 433 1941 486 iis
1962 450 2089 503 quae

411 541 414 546 ‘
467 531 590 602 ipse
614 527 956 600 judicaverit
972 525 1207 581 omnino
1222 529 1435 596 parcat,
1453 525 1690 597 perinde
1713 543 1776 580 ac
1792 525 1840 580 si
1868 543 2000 581 eum
2018 527 2089 581 ab

395 653 402 680 ξ
465 623 631 679 initio
652 621 902 692 judicem
925 621 1075 674 esset
1098 623 1459 686 consecutus;
1491 636 1626 673 nam
1659 623 1854 674 contra
1879 619 2089 674 horum

467 717 786 773 antistitum
813 713 1124 768 sententias
1153 729 1272 768 non
1300 729 1420 766 esse
1449 713 1636 767 locum
1653 713 2033 784 appellationi,
2057 729 2091 768 δ,

467 809 783 880 majoribus
809 807 1018 862 nostris
1037 807 1410 860 constitutum
1438 809 1541 860 est.
1557 807 1672 859 Hoc
1693 805 1850 860 idem
1869 821 2092 860 servan-

470 903 606 959 dum
625 904 727 968 est,
755 900 800 954 si
833 901 1130 971 episcopus
1153 899 1223 954 ab
1254 899 1443 970 aliquo
1472 899 1633 967 laico,
1662 899 1773 952 sive
1802 899 1872 952 ab
1899 899 2090 969 aliquo

467 995 690 1062 clerico,
725 995 840 1048 sive
870 995 939 1048 ab
969 995 1148 1048 altero
1179 991 1604 1063 religiosissimo
1636 991 1897 1062 episcopo
1934 1008 2094 1046 accu-

468 1093 622 1144 satus
651 1088 738 1142 sit.
775 1089 916 1142 Nam
955 1089 1017 1140 ut
1049 1086 1236 1140 statim
1283 1085 1562 1140 accusatio
1593 1085 1666 1140 ad
1708 1085 2092 1140 sanctissimos

467 1182 816 1256 patriarchas
836 1181 1147 1246 deferatur,
1166 1183 1222 1234 et
1235 1185 1300 1234 ut
1320 1179 1562 1233 accusati
1587 1179 1647 1232 in
1667 1179 1842 1232 aliam
1871 1179 2096 1248 provin-

468 1277 612 1334 ciam
623 1275 944 1342 mittantur,
968 1273 1204 1327 omnino
1223 1271 1616 1344 prohibemus,
1641 1277 2022 1342 praeterquam
2048 1271 2094 1325 si

467 1369 888 1426 accusationem
905 1367 1030 1438 quis
1055 1367 1126 1420 ob
1148 1383 1278 1422 eam
1305 1383 1426 1420 rem
1453 1365 1726 1434 intulerit,
1743 1365 1896 1435 quod
1925 1381 2096 1420 causa

466 1465 616 1520 illius
643 1462 892 1534 regionis
911 1459 1336 1531 religiosissimo
1359 1459 1622 1530 episcopo
1644 1460 1951 1513 commissa
1979 1459 2097 1512 fue-

467 1559 562 1624 rit,
595 1574 709 1628 quo
737 1572 868 1610 casu
895 1555 1028 1608 licet
1056 1554 1124 1606 ad
1157 1555 1308 1623 ipsos
1337 1569 1564 1623 quoque
1592 1551 1970 1606 sanctissimos
1992 1569 2092 1623 pa-

467 1651 746 1706 triarchas
773 1647 998 1702 deferre
1026 1646 1464 1700 accusationem.
1495 1645 1720 1699 Litterae
1749 1647 1946 1698 tamen
1965 1661 2098 1699 con-

2193 439 2477 494 observari
2521 439 2824 508 sancimus,
2855 441 3008 512 quod
3050 441 3120 496 de
3151 441 3600 512 motrOpolitanis
3645 445 3820 496 antea

2191 531 2609 604 disposuimus;
2651 534 2696 588 is
2740 533 2894 589 enim
2922 535 3051 606 jure
3079 535 3550 606 metropolitanus
3579 537 3822 590 vocatur

2192 627 2288 698 qui
2315 627 2374 681 in
2407 628 2702 699 episcopos
2727 628 2982 682 minores
3013 645 3078 684 ex
3109 627 3280 682 sacris
3303 628 3516 700 regulis
3541 645 3672 683 eam
3717 645 3818 699 po-

2190 719 2454 772 testatem
2479 717 2673 772 habet.
2707 719 2831 772 Dat.
2865 735 2936 772 xv
2965 719 3083 773 Kal.
3127 718 3283 784 Nov.,
3311 717 3437 787 CP.,
3469 717 3666 788 Lamp.
3701 733 3816 771 eos.

2193 813 2314 866 530.

2857 883 2983 937 LEX
3013 883 3155 938 XXX.

2263 998 2420 1053 Idem
2441 999 2727 1068 Augustus
2749 999 2956 1054 Joanni
2973 1001 3035 1052 P.
3068 1001 3126 1052 P.

2265 1092 2582 1160 Sancimus,
2611 1092 2668 1146 in
2702 1092 3088 1147 curationibus
3106 1091 3422 1162 juniorum,
3446 1093 3560 1146 sive
3593 1091 3821 1161 prima,

2195 1186 2309 1240 sive
2359 1186 2621 1240 secundae
2657 1186 2772 1240 sint
2813 1187 3012 1252 aetatis,
3058 1189 3158 1240 aut
3186 1185 3279 1240 alii
3321 1185 3580 1256 quidam,
3615 1183 3824 1254 quibus

2193 1281 2282 1334 lex
2305 1279 2402 1334 dat
2422 1283 2733 1348 curatores,
2755 1279 3036 1350 siquidem
3053 1295 3233 1350 usque
3253 1279 3324 1332 ad
3349 1278 3485 1349 quin
3495 1281 3700 1348 gentos
3717 1293 3822 1329 au-

2194 1389 2319 1428 reos
2361 1377 2418 1428 et
2463 1373 2820 1428 solummodo
2859 1373 3158 1427 facultates
3197 1372 3310 1426 sint
3345 1371 3662 1442 juniorum,
3705 1385 3824 1423 non

2193 1466 2503 1538 praesidum
2531 1467 2950 1537 provinciarum
2979 1471 3302 1538 exspectare
3331 1465 3704 1530 creationem,
3731 1480 3826 1516 ne-

2195 1577 2306 1631 que
2321 1559 2590 1631 impensis
2603 1560 2867 1614 maximis
2879 1560 3098 1630 subjici,
3116 1559 3454 1630 praesidibus
3469 1559 3616 1612 forte
3635 1573 3822 1626 neque

2199 1653 2552 1708 morantibus
2580 1653 2638 1707 in
2669 1653 2902 1708 urbibus
2927 1653 3038 1706 illis
3067 1653 3126 1707 in
3157 1653 3362 1723 quibus
3389 1651 3638 1723 prospici
3666 1665 3826 1703 cura-

469 1745 733 1800 ﬁCiantUI‘
757 1742 830 1796 ad
859 1741 1111 1812 aliquem
1141 1756 1206 1793 ex
1222 1739 1496 1810 episcopis
1517 1754 1716 1792 eorum
1739 1739 2017 1805 1000mm.
2037 1745 2098 1794 ut
2115 1715 2172 1788 B
2197 1747 2334 1802 tioni
2356 1747 2656 1817 contingit,
2684 1747 2784 1800 sed
2804 1747 2956 1817 apud
2982 1715 3218 1800 civitatis
3245 1715 3408 1799 illius
3425 1715 3688 1798 ecdicum
3717 1741 3826 1812 fde-

471 1837 520 1895 is
552 1852 780 1892 causam
815 1834 1028 1898 audiat,
1060 1837 1126 1886 ut
1159 1837 1324 1886 antea
1353 1849 1386 1884 a
1431 1831 1589 1885 nobis
1636 1831 1852 1885 dictum
1895 1835 1997 1886 est.
2028 1863 2096 1872 —

470 1931 501 2006 §
531 1935 580 1985 1.
613 1931 737 1985 Νοη
767 1944 898 1982 vero
919 1926 972 1982 ei
1003 1926 1169 1980 liceat
1203 1927 1388 1980 facere
1417 1929 1478 1979 ut
1509 1925 1932 1980 descendantin
1957 1943 2093 1996 pro-

469 2023 684 2079 vincias
713 2021 1066 2076 venerabiles
1095 2019 1308 2085 clerici,
1340 2023 1396 2073 et
1433 2019 1774 2074 immodicas
1801 2020 2093 2090 sportulas,

471 2119 608 2174 dum
629 2118 987 2182 accusantur,
1009 2113 1275 2180 inferant,
1291 2129 1406 2183 qua
1424 2113 1482 2166 in
1505 2129 1564 2166 re
1587 2113 1882 2184 hucusque
1901 2129 2100 2184 pecca-

469 2215 592 2267 tum
625 2227 746 2264 esse
774 2207 1172 2278 cognovimus.
1199 2207 1390 2277 Neque
1425 2205 1580 2260 enim
1607 2205 1664 2260 in
1694 2206 1946 2276 singulas
1967 2223 2096 2261 reo-

471 2321 600 2360 rum
643 2319 918 2375 personas
963 2303 1089 2372 plus
1129 2303 1298 2354 sexta‘
1329 2299 1482 2353 aurei
1527 2299 1752 2353 nummi
1793 2301 1956 2370 parte
1997 2317 2098 2370 pro

473 2398 742 2470 sportulis
771 2397 894 2451 dari
930 2395 1295 2450 concedimus
1319 2393 1388 2447 iis
1415 2393 1514 2464 qui
1540 2410 1572 2446 a
1598 2391 1965 2447 sanctissimis
1997 2410 2098 2464 pa-

470 2491 734 2547 triarchis
759 2507 821 2544 ac
853 2487 1312 2558 metrOpolitanis
1330 2487 1666 2552 mittuntur;
1693 2490 1792 2540 aut
1819 2487 1862 2540 si
1891 2485 2100 2557 episco-

471 2602 576 2657 pus
595 2583 798 2638 missus
818 2587 922 2648 est,
938 2584 1282 2642 sextantum
1301 2579 1458 2634 aurei
1478 2596 1548 2634 ex
1563 2595 1903 2652 quacunque
1923 2597 2102 2650 quan-

470 2679 631 2732 titate
659 2694 723 2730 ac
753 2693 938 2742 causa,
975 2691 1163 2745 neque
1196 2673 1438 2744 amplius
1483 2673 1828 2744 praebeatur.
1877 2673 1992 2727 Hoc
2038 2673 2098 2730 in

470 2769 925 2842 metropolitanis
967 2767 1144 2822 etiam
1171 2771 1384 2833 teneat,
1420 2783 1551 2820 cum
1588 2767 1660 2821 ad
1698 2783 1794 2821 eos
1822 2766 2100 2821 accusatio

471 2869 668 2921 contra
697 2863 1029 2935 episcopum
1058 2861 1154 2932 qui
1181 2861 1286 2915 sub
1315 2877 1384 2914 eo
1411 2859 1482 2914 sit
1511 2863 1610 2914 aut
1635 2859 1756 2930 ejus
1791 2860 2100 2930 provincia:

471 2959 743 3014 clericum
769 2957 1043 3012 defertur.
1069 2956 1212 3009 Nam
1238 2954 1282 3008 si
1304 2953 1364 3008 in
1383 2953 1637 3007 civilibus
1645 2953 1876 3023 judiciis
1903 2954 2097 3009 mode-

471 3052 585 3128 rari
617 3051 1002 3122 sportularum
1028 3053 1085 3102 et
1115 3051 1446 3117 sumptuum
1487 3046 1728 3100 modum
1756 3047 2094 3114 curavimus,

470 3160 653 3214 eaque
691 3159 762 3196 ex
795 3143 922 3213 lege
965 3140 1222 3212 praestari
1253 3139 1555 3206 voluimus,
1597 3139 1782 3193 multo
1821 3139 2008 3210 magis
2039 3140 2098 3194 in

471 3235 860 3294 ecclesiasticis
899 3231 1355 3288 accusationibus
1389 3231 1628 3286 modum
1667 3231 1872 3286 servari
1911 3233 2098 3287 sanci-

473 3349 622 3388 mus.
646 3329 764 3402 —§
790 3333 843 3384 2.
865 3329 1192 3395 Enimvero,
1226 3327 1272 3380 si
1303 3325 1539 3380 remissa
1567 3341 1735 3380 causa
1761 3325 1832 3380 ad
1861 3327 2098 3381 sanctis-

473 3427 682 3482 simum
705 3423 1115 3496 patriarcham,
1151 3425 1250 3475 aut
1269 3420 1342 3474 ad
1370 3419 1620 3490 aliquem
1645 3436 1716 3474 ex
1743 3419 2099 3490 religiosissi-

471 3521 582 3576 mis
602 3515 1077 3588 metropolitanis,
1103 3517 1202 3568 aut
1223 3515 1294 3568 ad
1314 3513 1490 3568 alium
1513 3513 1614 3567 Dei
1641 3513 2102 3568 amantissimum

474 3615 807 3686 episcopum
828 3607 1246 3664 sententialata
1265 3607 1355 3674 sit,
1385 3623 1516 3678 qua:
1541 3607 1706 3661 alicui
1733 3607 1884 3678 parti
1907 3607 2099 3678 displi-

474 3711 600 3763 ceat
621 3723 686 3761 ac
707 3705 1069 3776 provocetur,
1091 3701 1162 3755 ad
1182 3700 1726 3772 archiepiscopalem
1749 3700 1896 3754 hanc
1910 3701 2104 3756 sedem

473 3801 758 3856 referatur
782 3795 1110 3869 appellatio,
1127 3794 1187 3848 in
1217 3810 1328 3865 qua
1349 3795 1434 3864 (ut
1463 3793 1651 3849 adhuc
1677 3796 1965 3848 servatum
1998 3795 2101 3865 est)

475 3893 544 3948 lis
570 3893 966 3964 cognoscatur.

548 3983 578 4056 §
604 3987 656 4038 3.
691 3983 748 4038 Si
775 3998 908 4036 vero
940 3981 1068 4052 quis
1099 3997 1270 4034 ausus
1301 3979 1474 4034 fuerit
1502 3980 1771 4034 adversus
1799 3981 1922 4035 hac
1944 3981 2104 4051 quid-

473 4094 644 4151 quam
685 4079 927 4140 tentare,
966 4073 1014 4127 is
1050 4073 1288 4144 quidem
1326 4089 1501 4126 omne
1533 4073 1687 4142 quod
1721 4074 1942 4144 accepit
1971 4091 2100 4129 cum

477 4173 654 4228 altero
691 4173 850 4225 tanto
877 4168 932 4222 ei
974 4167 1072 4238 qui
1101 4165 1402 4236 negotium
1433 4182 1631 4236 passus
1658 4169 1746 4220 est
1785 4167 2099 4238 praestabit,

474 4267 686 4338 fietque
714 4261 1107 4318 ecclesiasticas
1139 4261 1336 4314 multa:
1375 4259 1661 4330 subjectus
1685 4261 1836 4331 apud
1867 4261 2100 4316 sanctis-

475 4360 688 4415 simum
721 4357 1127 4429 patriarcham,
1159 4357 1259 4408 aut
1289 4353 1782 4424 religiosissimum
1815 4357 2104 4426 metropo-

2196 1839 2500 1911 fensorem]
2535 1843 2634 1894 aut
2669 1843 2985 1910 strategum
3039 1838 3458 1909 [magistratum
3503 1837 3822 1906 municipa-

2195 1935 2354 2003 lem,]
2371 1934 2460 1988 vel
2473 1932 2530 1986 in
2547 1933 2926 1988 Alexandrina
2939 1933 3164 1986 civitate
3184 1931 3334 2003 apud
3353 1931 3476 2001 ejus
3485 1929 3822 2001 juridicum,

2196 2045 2313 2082 una
2335 2043 2466 2080 cum
2481 2025 2911 2096 religiosissima
2931 2025 3053 2096 ejus
3075 2026 3362 2096 episcopo,
3381 2027 3482 2078 aut
3497 2023 3625 2076 aliis
3654 2023 3828 2076 etiam

2197 2120 2436 2192 publicis
2463 2119 2742 2190 personis,
2783 2119 2830 2172 si
2857 2119 3060 2173 harum
3100 2119 3324 2189 copiam
3365 2117 3580 2171 habeat
3607 2115 3824 2182 civitas,

2197 2215 2324 2268 ﬁeri
2353 2213 2672 2268 creationes
2697 2215 3024 2266 curatorum
3049 2229 3150 2266 seu
3175 2215 3460 2277 tutorum;
3486 2209 3829 2280 ﬁdejussore

2201 2307 2516 2362 secundum
2560 2323 2892 2360 mensuram
2943 2293 3275 2359 facultatum
3315 2304 3468 2372 dato,
3511 2301 3832 2356 secundum

2199 2401 2478 2456 dictarum
2523 2415 2903 2468 personarum
2933 2397 3252 2468 judicium;
3296 2401 3353 2451 et
3390 2397 3515 2450 aliis
3561 2395 3832 2450 omnibus

2199 2492 2663 2566 procedentibus,
2695 2509 3050 2564 quaecunque
3073 2508 3244 2563 super
3269 2495 3524 2545 tutorum
3549 2489 3640 2543 vel
3670 2505 3834 2542 cura-

2199 2591 2392 2642 torum
2419 2586 2780 2656 fidejussione
2809 2589 2865 2639 et
2890 2585 3205 2640 secundum
3231 2585 3468 2639 modum
3493 2584 3832 2638 facultatum

2199 2683 2470 2735 consueta
2510 2683 2676 2746 sunt;
2720 2681 2842 2733 sola
2891 2695 3268 2750 personarum
3321 2677 3828 2740 transmutatione,

2197 2791 2303 2846 per
2346 2789 2484 2844 quas
2531 2773 2654 2826 haec
2692 2773 2830 2826 fiant
2871 2775 3110 2843 propter
3145 2771 3438 2825 minorum
3467 2769 3776 2824 utilitatem
3799 2786 3832 2822 a

2199 2865 2468 2938 praesenti
2494 2865 2782 2920 sanctione
2803 2865 3153 2933 introducta;
3172 2863 3435 2919 omnibus
3457 2863 3728 2916 videlicet
3745 2861 3832 2915 his

2200 2961 2302 3014 sub
2315 2961 2434 3015 sola
2451 2959 2699 3014 duorum
2719 2959 2968 3012 numism
2977 2963 3132 3012 atum
3153 2957 3232 3028 [id
3250 2961 3353 3026 est,
3371 2955 3712 3024 solidorum]
3737 2954 3830 3008 da-

2198 3053 2356 3108 tione
2399 3051 2780 3120 conﬁciendis,
2825 3051 3146 3123 praesertim
3179 3067 3307 3104 cum
3339 3051 3444 3104 hac
3473 3049 3730 3103 maxime
3761 3047 3830 3100 de

2201 3163 2372 3200 causa
2409 3146 2530 3200 haec
2560 3145 2745 3215 posita
2785 3144 2856 3198 sit
2885 3143 3234 3210 constitutio,
3267 3159 3436 3213 paena
3463 3141 3827 3208 imminente;

2202 3241 2248 3294 si
2270 3239 2397 3310 quis
2423 3239 2546 3310 plus
2566 3238 2822 3308 accipere
2839 3255 3008 3292 ausus
3041 3237 3235 3304 fuerit,
3267 3241 3366 3290 aut
3387 3234 3672 3290 distulerit
3697 3250 3828 3288 con-

2203 3332 2436 3388 stituere
2465 3332 2703 3386 tutelam
2741 3349 2842 3385 seu
2869 3331 3226 3385 curationem
3257 3346 3356 3400 spe
3383 3327 3624 3398 majoris
3648 3327 3828 3392 lucri;

2203 3431 2258 3480 et
2289 3443 2357 3480 eo
2383 3442 2496 3479 non
2529 3426 2714 3479 solum
2741 3425 2974 3496 triplum
3013 3423 3307 3478 reddituro
3343 3419 3832 3492 omne'quidquid

2201 3519 2502 3589 acceperit,
2531 3519 2632 3572 sed
2653 3518 2826 3572 etiam
2855 3519 2924 3572 ab
2946 3518 3066 3589 ipsa
3083 3515 3460 3571 sollicitudine
3479 3519 3536 3570 et
3559 3513 3834 3568 adminis-

2203 3612 2443 3666 tratione
2473 3611 2842 3666 removendo.
2863 3611 3002 3664 Cum
3019 3613 3212 3664 autem
3239 3610 3406 3663 facta:
3435 3608 3652 3662 fuerint
3677 3611 3832 3662 tuto-

2203 3721 2332 3760 rum
2353 3709 2452 3760 aut
2480 3708 2808 3759 curatorum
2829 3703 3162 3772 creationes,
3187 3705 3467 3774 praesente
3489 3701 3670 3755 etiam
3697 3699 3832 3754 reli-

2205 3797 2524 3872 giosissimo
2572 3797 2811 3852 civitatis
2857 3797 3119 3868 episcopo
3142 3839 3155 3863 ,
3197 3795 3256 3850 in
3291 3795 3426 3866 ipsis
3457 3793 3836 3848 sanctissime

2205 3890 2454 3946 ecclesias
2477 3890 2684 3945 archiis
2706 3890 2919 3961 deponi
2943 3894 3104 3961 gesta
3123 3889 3430 3955 sancimus,
3451 3889 3520 3942 ut
3543 3886 3616 3941 sit
3636 3901 3838 3958 perpe-

2203 3989 2300 4039 tua
2323 3984 2406 4038 rei
2436 3984 2736 4052 memoria,
2769 3987 2825 4037 et
2847 3999 2962 4038 non
2993 3979 3297 4038 intercidat
3325 3981 3550 4037 casibus
3581 3979 3838 4035 fortuitis

2205 4077 2510 4132 curationis
2537 4077 2744 4132 exinde
2771 4077 3006 4149 quassita
3033 4077 3274 4132 cautela.
3317 4075 3411 4130 His
3441 4091 3572 4145 quae
3601 4075 3666 4127 in
3709 4090 3836 4127 ma-

2205 4188 2319 4244 gna
2345 4171 2452 4226 hac
2478 4171 2703 4226 civitate
2729 4171 2874 4225 fiunt
2903 4170 3096 4225 tutelis
3137 4175 3235 4224 aut
3259 4167 3654 4224 curationibus
3679 4167 3834 4238 apud

2203 4265 2388 4320 solum
2440 4264 2814 4318 clarissimum
2873 4269 3180 4334 praetorem
3230 4261 3536 4329 faciendis,
3579 4261 3668 4315 uti
3709 4261 3834 4332 jam

2202 4357 2484 4412 sancitum
2522 4361 2627 4412 est.
2657 4359 2782 4412 Dat.
2815 4374 2849 4412 ν
2887 4357 3126 4412 Kalend.
3167 4360 3335 4430 Aug.,
3368 4357 3495 4423 CP.,
3525 4359 3660 4426 post
3696 4371 3832 4409 con-

473 4453 740 4518 litanum,
773 4449 872 4522 qui
895 4453 1031 4504 tunc
1057 4447 1168 4502 erit
1194 4446 1706 4502 ecclesiasticarum
1733 4465 1978 4503 numero
2007 4449 2105 4519 eji—
2123 4451 2182 4524 D
2205 4452 2310 4508 sul.
2351 4451 2547 4522 Lamp.

478 4546 732 4602 ciendus.

547 4639 578 4712 §
609 4641 664 4694 4.
697 4640 806 4692 Has
829 4640 1022 4692 autem
1049 4635 1324 4702 actiones,
1358 4633 1642 4706 siquidem
1674 4635 1746 4689 ad
1774 4637 2104 4692 ecclesiasti-

476 4751 542 4790 ca
569 4731 802 4804 negotia
827 4729 1140 4801 pertinent,
1159 4744 1388 4783 necesse
1419 4729 1542 4782 fore
1559 4729 1829 4798 jubemus
1850 4733 1912 4784 ut
1930 4729 2108 4784 asolis

473 4823 914 4898 religiosissimis
959 4821 1236 4894 episcopis
1279 4824 1380 4875 aut
1419 4822 1904 4892 metropolitanis,
1937 4826 2040 4877 aut
2075 4841 2108 4878 a

477 4921 650 4976 sacris
676 4918 925 4992 synodis,
953 4920 1051 4971 aut
1083 4931 1116 4970 a
1145 4914 1511 4969 sanctissimis
1535 4916 1874 4988 patriarchis
1894 4933 2104 4988 cogno-

475 5017 732 5082 scantur;
751 5013 796 5066 si
815 5029 948 5067 vero
971 5010 1222 5064 civilium
1247 5025 1442 5063 rerum
1477 5011 1862 5064 controversia
1892 5011 1983 5078 sit,
2014 5029 2110 5066 vo-

477 5109 660 5162 lentes
687 5106 1066 5178 queestionem
1097 5103 1250 5175 apud
1270 5102 1546 5158 antistites
1571 5103 1887 5172 instituere,
1918 5105 2104 5176 patie-

479 5217 632 5268 mur,
660 5200 865 5254 invitos
885 5205 1080 5254 tamen
1113 5215 1230 5254 non
1258 5213 1550 5269 cogemus,
1581 5213 1711 5252 cum
1728 5197 1942 5268 judicia
1973 5199 2104 5254 civi-

473 5295 550 5351 lia
575 5293 706 5362 sint,
735 5291 779 5346 si
809 5309 876 5347 ea
896 5293 1054 5346 adire
1081 5293 1306 5362 malint,
1337 5291 1490 5364 apud
1521 5307 1650 5364 quae
1673 5291 1808 5346 licet
1838 5291 2014 5347 etiam
2035 5293 2105 5348 de

477 5386 814 5446 criminibus
839 5401 1196 5454 cognoscere.

547 5483 578 5556 §
607 5487 657 5538 5.
689 5478 972 5546 Quoniam
1001 5493 1135 5532 vero
1154 5479 1382 5548 quidam
1409 5481 1542 5534 sunt
1567 5478 1908 5534 sanctissimi
1933 5481 2108 5551 patri-

476 5577 687 5646 archae,
718 5575 814 5648 qui
837 5573 894 5628 in
920 5571 1225 5646 provinciis
1245 5572 1302 5626 in
1331 5573 1536 5644 quibus
1557 5575 1806 5628 existunt
1824 5577 2108 5646 metropo-

473 5672 786 5728 litanorum
818 5667 1074 5726 officium
1101 5668 1330 5738 gerunt,-
1360 5667 1452 5721 alii
1481 5683 1580 5738 per
1605 5671 1782 5723 totam
1815 5667 2102 5737 dioecesin,

477 5765 896 5836 episcoporum,
927 5759 1527 5834 metropolitanorum,
1551 5764 1724 5831 atque
1745 5761 1986 5818 aliorum
2008 5763 2104 5835 qui

2845 4523 2972 4578 LEX
3003 4523 3170 4577 XXXI.

2279 4638 2437 4693 Idem
2468 4641 2752 4710 Augustus
2773 4637 2975 4694 Joanni
2999 4639 3058 4692 P.
3089 4639 3148 4693 P.

2278 4732 2574 4788 Sancimus
2600 4737 2662 4788 ut
2691 4731 2738 4786 si
2766 4731 2994 4804 quando
3022 4731 3269 4786 abfuerit
3295 4730 3343 4784 is
3375 4729 3473 4802 qui
3491 4745 3586 4785 res
3620 4729 3838 4785 alienas

2207 4825 2294 4880 vel
2326 4825 2592 4880 creditori
2614 4825 2879 4880 obnoxias
2905 4825 3144 4892 detinet,
3179 4829 3236 4880 et
3255 4823 3546 4879 desideret
3566 4824 3840 4879 dominus

2207 4919 2292 4973 rei
2312 4919 2400 4973 vel
2419 4919 2668 4974 creditor
2683 4936 2848 4974 suam
2875 4918 3251 4973 intentionem
3271 4933 3614 4990 proponere,
3639 4923 3698 4973 et
3723 4935 3838 4972 non

2208 5013 2260 5066 ei
2289 5013 2516 5068 licentia
2541 5013 2632 5080 sit,
2663 5013 2895 5068 absente
2929 5013 3255 5066 adversario
3281 5029 3382 5067 suo
3409 5013 3508 5084 qui
3533 5013 3836 5082 rem:deti-

2206 5111 2324 5174 net,
2359 5107 2442 5161 vel
2470 5107 2733 5174 infantia,
2773 5107 2860 5160 vel
2887 5107 3078 5160 furore
3109 5107 3428 5174 laborante,
3456 5109 3514 5162 et
3539 5107 3838 5162 neminem

2207 5203 2456 5254 tutorem
2475 5201 2561 5254 vel
2589 5203 2909 5255 curatorem
2935 5201 3204 5268 habente,
3226 5201 3314 5254 vel
3339 5200 3398 5254 in
3425 5215 3654 5254 summa
3684 5205 3840 5272 pote-

2205 5295 2350 5347 state
2380 5293 2683 5348 constituto
2711 5292 2994 5366 [eamdem
3021 5310 3146 5348 rem
3175 5293 3511 5348 auctoritate
3533 5309 3641 5347 sua
3673 5311 3840 5349 usur-

2205 5387 2386 5458 pare],
2417 5387 2642 5442 licentia
2668 5387 2720 5441 ei
2749 5387 2916 5442 detur
2961 5387 3117 5443 adire
3161 5386 3464 5460 praesidem
3505 5389 3838 5459 provincia,

2207 5479 2576 5552 libellumque
2611 5481 2664 5536 ei
2702 5481 3020 5553 porrigere,
3070 5485 3128 5536 et
3171 5481 3289 5536 hanc
3321 5481 3380 5535 in
3409 5483 3840 5553 querimoniam

2208 5575 2510 5644 deducere,
2523 5579 2582 5644 et
2592 5575 2740 5630 intra
2756 5575 3064 5630 constituta
3077 5579 3338 5648 tempora
3355 5577 3838 5648 interruptionem

2206 5669 2429 5734 facere;
2467 5669 2554 5724 sin
2601 5671 2793 5725 autem
2840 5669 2993 5725 nullo
3039 5671 3250 5742 poterit
3291 5671 3470 5728 modo
3525 5672 3838 5744 praesidem

2207 5761 2384 5831 adire,
2425 5763 2629 5820 saltem
2677 5763 2750 5820 ad
2789 5763 3120 5837 episcopum
3159 5765 3420 5820 locorum
3459 5771 3552 5822 eat
3581 5769 3640 5819 et
3675 5783 3838 5820 suam
