4056 6184
253 280 382 334 1081

942 277 1309 333 JUSTINIANI
1347 275 1556 332 LEGES
1593 274 1882 331 SELECTA

1988 275 2096 330 ne.
2139 276 2180 342 1,
2221 274 2344 330 TIT.
2389 275 2472 341 IV,
2512 275 2642 330 LEX
2679 250 2902 330 xxxw.

3464 281 3484 333 1
3494 279 3598 334 082

245 383 611 440 manifestare
641 383 986 440 voluntatem
1018 386 1078 440 in
1114 386 1331 457 scriptis
1367 386 1719 456 deproperet.
1751 386 1872 439 Dat.
1897 385 2127 468 Atebat
2164 401 2266 455 per
2304 389 2646 455 praesentem
2700 385 3046 440 sanctionem
3100 387 3158 438 et
3197 383 3352 439 vobis
3391 385 3599 457 ubique

248 477 596 534 Constantin.
643 477 763 533 Kal.
809 479 1000 534 Octob.
1055 483 1184 551 post
1227 479 1440 534 consul.
1487 477 1779 550 Lampadii
1815 483 1876 533 et

247 572 456 628 Orestis
484 588 571 626 vv.
606 587 688 627 cc.
719 588 861 626 coss.
893 575 1013 628 531.

884 680 1014 735 LEX
1051 680 1243 735 XXXII.

320 749 474 804 ldem
507 753 810 820 Augustus.

320 843 622 898 Differente
639 843 869 898 domino
886 844 1133 915 recipere
1149 845 1575 916 emphyteuma,
1588 844 1876 900 licentiam

247 936 425 992 habet
459 937 823 1007 emphyteuta
850 938 1184 1009 consignare
1221 938 1430 1010 ipsum,
1460 941 1518 992 et
1555 939 1874 993 Constanti-

247 1029 440 1100 nopoli
485 1029 714 1100 quidem
753 1030 812 1085 in
850 1029 965 1084 fine
1006 1031 1235 1086 triennii
1273 1031 1572 1086 contestari
1602 1031 1660 1085 id
1688 1030 1876 1102 ipsum

249 1123 399 1194 apud
429 1123 750 1194 hyparchos
797 1122 914 1195 [seu
954 1124 1246 1195 praefectos
1280 1124 1567 1196 prastorio]
1598 1128 1696 1178 aut
1723 1125 1877 1196 apud

248 1216 578 1289 praefectum
599 1216 773 1285 urbis,
788 1221 886 1271 aut
911 1222 1324 1289 competentem
1347 1218 1657 1273 recusantis
1675 1217 1878 1288 magis-

246 1314 484 1376 tratum,
519 1314 617 1365 aut
645 1310 1047 1380 patriarcham,
1078 1311 1123 1364 si
1149 1311 1408 1366 dominus
1447 1311 1620 1365 homo
1657 1311 1730 1365 sit
1772 1328 1874 1382 Ρο-

247 1407 376 1458 tens
407 1419 421 1456 :
452 1403 510 1456 in
552 1403 853 1474 provinciis
881 1408 1071 1458 autem
1114 1405 1263 1474 apud
1305 1404 1626 1475 prmsidem,
1667 1409 1783 1473 aut,
1811 1420 1877 1459 eo

245 1512 368 1550 non
407 1501 664 1552 morante
690 1496 790 1564 ibi,
821 1497 970 1567 apud
1008 1498 1382 1566 defensorem,
1414 1501 1512 1552 aut
1553 1497 1878 1569 episcopum

249 1589 509 1656 civitatis,
537 1589 593 1643 in
621 1607 732 1660 qua
757 1594 841 1644 est
863 1589 910 1643 is
935 1590 1032 1662 qui
1062 1595 1317 1659 recusat;
1347 1596 1404 1645 et
1430 1591 1598 1646 unius
1624 1591 1878 1663 ipsorum

246 1698 534 1737 assumere
563 1682 919 1738 testationem
947 1700 960 1736 :
993 1700 1056 1738 ac
1092 1683 1202 1738 nisi
1229 1689 1328 1738 aut
1355 1684 1430 1739 sic
1470 1685 1748 1756 acceperit
1787 1701 1874 1738 ca-

1975 483 2255 534 terrarum
2280 477 2474 550 positis
2506 477 2940 548 religiosissimis
2970 477 3246 549 episcopis
3272 479 3393 533 hac
3416 479 3599 534 facere

1974 571 2288 642 manifesta,
2329 575 2628 643 propterea
2674 576 3082 643 congregantes
3127 588 3255 642 quae
3299 571 3371 625 ad
3415 571 3599 642 ipsam

1974 665 2278 736 pertinent,
2297 665 2651 738 expositione
2679 665 2872 720 latiore
2899 665 3130 732 sancita,
3151 664 3323 719 etiam
3342 665 3601 722 eamdem

1975 759 2226 813 divinam
2251 758 2712 813 constitutionem
2738 758 2978 813 fecimus
3002 758 3070 812 ad
3100 774 3216 825 vos,
3246 763 3312 812 ut
3337 759 3598 813 sacerdo-

1975 852 2148 907 talem
2171 857 2557 906 conservantes
2583 851 2975 913 reverentiam,
3007 856 3063 904 et
3088 850 3454 905 continentiae
3479 856 3598 906 stu-

1975 944 2136 1014 diosi,
2165 945 2288 999 haec
2312 944 2652 1013 custodiatis,
2682 949 2801 999 tam
2828 945 3022 1016 magni
3052 944 3153 998 Dei
3181 949 3402 998 metum
3429 960 3600 1014 quam

1975 1038 2333 1108 imperialem
2358 1038 2828 1109 indignationem,
2862 1038 2908 1092 si
2939 1037 3077 1108 quid
3118 1038 3322 1092 horum
3362 1042 3599 1108 praeter-

1976 1131 2263 1198 miseritis,
2310 1131 2750 1186 considerantes.
2798 1133 2920 1185 Dat.
2962 1131 3082 1186 Kal.
3127 1132 3284 1198 Nov.,
3329 1131 3455 1200 CP.,
3499 1131 3598 1186 dn.

1975 1223 2175 1280 Justin.
2208 1240 2262 1277 ιν
2290 1228 2345 1278 et
2374 1224 2604 1279 Paulino
2635 1241 2774 1278 coss.
2810 1225 2929 1278 534.

2605 1323 2729 1376 LEX
2767 1323 2984 1376 XXXIV.

2047 1411 2202 1467 Idem
2224 1413 2511 1482 Augustus
2530 1410 2846 1481 Epiphanio
2865 1410 3213 1465 sanctissimo
3236 1411 3604 1484 archiepisco-

1975 1522 2048 1578 po
2068 1505 2238 1576 hujus
2264 1504 2607 1559 felicissimae
2636 1503 2808 1572 urbis,
2833 1509 2889 1559 et
2913 1505 3217 1558 universali
3247 1505 3600 1575 patriarchae.

2047 1597 2364 1654 Certissime
2402 1597 2683 1652 credimus
2725 1598 2857 1668 quia
2901 1598 3255 1652 sacerdotum
3285 1599 3519 1668 puritas,
3552 1604 3608 1653 et

1977 1693 2164 1760 decus,
2189 1697 2247 1746 et
2263 1692 2334 1745 ad
2359 1690 2652 1745 dominum
2685 1691 2862 1744 Deum
2888 1695 2944 1744 et
2971 1690 3320 1746 Salvatorem
3348 1694 3608 1746 nostrum

247 1792 484 1842 nonem,
526 1793 706 1830 canon
755 1777 1006 1845 solvitur,
1052 1782 1108 1833 et
1148 1777 1403 1832 lucratur
1441 1793 1721 1833 canonem
1757 1794 1874 1833 em-
1896 1764 1954 1836 B
1976 1788 2165 1841 Jesum
2193 1784 2478 1839 Christum
2515 1784 2722 1849 fervor,
2756 1787 2813 1837 et
2842 1783 2910 1837 ab
2938 1783 3072 1853 ipsis
3105 1784 3292 1838 missae
3318 1789 3607 1856 perpetuae

247 1870 528 1940 phyteuta
564 1869 731 1924 etiam
760 1870 1047 1940 sequentis
1085 1871 1376 1942 temporis,
1405 1874 1462 1926 et
1489 1888 1733 1942 eousque
1763 1889 1878 1942 quo

250 1962 520 2017 dominus
547 1962 732 2017 mittat
759 1980 862 2034 per
881 1963 1237 2019 testationem
1263 1964 1536 2035 petitum:
1570 1965 1775 2020 exinde
1804 1970 1881 2019 et-

247 2055 428 2124 enim,
459 2072 576 2110 non
605 2060 794 2111 autem
822 2072 891 2110 ex
921 2056 1207 2126 praeterito
1238 2061 1512 2128 tempore,
1541 2057 1794 2129 accipiet,
1825 2062 1882 2112 et

249 2152 381 2219 post
409 2148 719 2202 triennium
747 2153 874 2219 post
896 2150 1314 2205 attestationem
1344 2150 1622 2220 ejusmodi
1647 2150 1876 2206 indevo-

246 2246 376 2298 tum
395 2243 822 2314 emphyteutam
849 2242 1130 2313 expellere
1155 2243 1381 2314 poterit.

873 2350 999 2404 LEX
1037 2351 1259 2406 XXXIII.

327 2435 482 2490 Idem
514 2438 800 2508 Augustus
841 2438 1051 2510 ubique
1085 2444 1368 2495 terrarum
1411 2440 1731 2496 constitutis
1769 2440 1884 2512 epi-

251 2544 454 2600 scopis.

327 2622 554 2677 Sacram
577 2622 812 2679 fecimus
832 2626 1314 2694 constitutionem,
1329 2628 1545 2682 nemini
1558 2628 1884 2698 permitten-

251 2719 358 2781 tes,
390 2731 571 2787 neque
596 2716 830 2772 invitam
859 2718 1179 2788 mulierem,
1209 2721 1489 2789 ancillam,
1526 2725 1624 2775 aut
1648 2720 1884 2775 liberam

250 2809 314 2862 in
343 2825 589 2877 scenam,
620 2815 716 2865 aut
748 2812 1096 2867 orchestram
1136 2815 1503 2883 pertrahere;
1540 2830 1723 2884 neque
1744 2831 1882 2869 con-

250 2902 395 2956 verti
427 2902 729 2973 volentem,
751 2905 1054 2975 prohibere
1077 2921 1202 2960 eam
1218 2907 1265 2976 ej
1275 2923 1338 2960 us
1353 2906 1709 2978 fidejussores
1725 2907 1885 2978 quasi

252 3012 427 3066 super
450 2996 555 3050 hoc
582 2997 702 3068 ipso
722 3002 939 3054 certum
964 2999 1087 3053 auri
1111 3000 1348 3055 modum
1363 3000 1705 3070 promissum
1720 3017 1880 3071 repe-

1977 1895 2191 1952 preces,
2214 1878 2459 1932 multum
2488 1877 2737 1931 favorem
2764 1881 2973 1930 nostrae
2998 1877 3318 1948 reipublicae
3345 1883 3401 1932 et
3429 1878 3608 1933 incre-

1977 1977 2236 2028 mentum
2256 1971 2535 2042 praabent,
2560 1987 2664 2041 per
2690 1986 2829 2040 quas
2859 1969 3024 2024 datur
3047 1970 3230 2038 nobis,
3261 1975 3315 2025 et
3338 1971 3608 2026 barbaros

1977 2065 2306 2136 subjugare,
2333 2068 2388 2118 et
2411 2064 2470 2117 in
2497 2063 2815 2118 dominium
2845 2062 3104 2134 redigere
3133 2063 3257 2118 illos
3287 2080 3416 2134 quas
3444 2069 3609 2119 antea

1981 2175 2096 2214 non
2121 2158 2504 2225 obtinuimus;
2532 2162 2587 2212 et
2614 2162 2824 2228 quanto
2851 2158 2977 2228 plus
3006 2157 3175 2211 rebus
3202 2158 3428 2212 illorum
3458 2174 3609 2212 acce-

1980 2253 2062 2308 dit
2097 2252 2408 2307 honestatis
2455 2256 2512 2306 et
2553 2251 2786 2318 decoris,
2816 2255 2974 2306 tanto
3023 2251 3210 2322 magis
3253 2257 3309 2306 et
3353 2257 3608 2306 nostram

1981 2345 2390 2416 rempublicam
2408 2361 2554 2416 auge
2565 2345 2609 2398 ri
2628 2344 2928 2398 credimus.
2945 2345 3000 2399 Si
3015 2343 3165 2398 enim
3183 2345 3241 2398 hi
3254 2345 3611 2416 praetulerint

1980 2439 2154 2495 vitam
2172 2440 2491 2506 honestam,
2513 2443 2570 2492 et
2587 2437 2835 2509 undique
2857 2438 3428 2509 irreprehensibilem,
3445 2443 3500 2492 et
3525 2454 3612 2492 re-

1981 2533 2204 2606 liquum
2224 2533 2500 2604 populum
2524 2531 2910 2598 instruxerint,
2931 2538 2994 2586 ut
3017 2533 3064 2586 is
3093 2533 3163 2586 ad
3189 2532 3418 2586 illorum
3440 2531 3612 2585 hone-

1983 2629 2186 2681 statem
2213 2625 2538 2697 respiciens,
2563 2625 2756 2678 multis
2782 2625 3024 2695 peccatis
3049 2625 3347 2690 abstineat,
3373 2625 3611 2695 planum

1983 2723 2069 2773 est
2097 2719 2248 2789 quod
2279 2718 2409 2773 inde
2440 2722 2497 2772 et
2521 2717 2730 2771 animae
2763 2717 3026 2771 omnibus
3051 2717 3311 2771 meliores
3339 2720 3524 2781 erunt,
3557 2721 3613 2770 et

1982 2813 2144 2866 facile
2185 2811 2352 2866 nobis
2390 2811 2673 2865 tribuetur
2702 2827 2735 2863 a
2777 2809 3027 2865 maximo
3073 2813 3182 2865 Deo
3228 2815 3285 2865 et
3326 2810 3612 2865 Salvatore

1985 2909 2174 2960 nostro
2201 2907 2329 2960 Jesu
2359 2904 2576 2960 Christo
2602 2904 2904 2958 clementia
2931 2903 3290 2958 conveniens.

2054 3000 2086 3070 §
2110 3003 2160 3053 1.
2181 2999 2308 3052 Haec
2337 2997 2514 3068 igitur
2537 2997 2701 3052 nobis
2731 2998 3144 3067 speculantibus
3163 2997 3486 3051 nuntiatum
3507 3001 3610 3064 est,

252 3088 461 3154 tendo;
490 3090 584 3144 sed
624 3091 670 3144 si
695 3091 832 3162 quid
858 3093 968 3147 tale
994 3093 1206 3148 factum
1234 3093 1422 3162 fuerit,
1457 3093 1741 3164 prohiberi
1762 3094 1883 3148 haec
1904 3133 1957 3206 Ο
1983 3096 2189 3164 prater
2215 3107 2577 3146 communem
2607 3107 2800 3145 rerum
2824 3091 3014 3157 ﬁdem,
3045 3090 3320 3160 quosdam
3347 3106 3417 3144 ex
3452 3105 3610 3144 reve-

257 3184 307 3206 Al
338 3198 363 3206 Α
401 3183 714 3206 -l--.:--2__:_
741 3185 1153 3206 _.____!_-_3-s___d-
1193 3203 1301 3206 ___--
1320 3187 1524 3206 ,tjfl.__,-
1576 3193 1619 3206 ξι
1652 3204 1664 3206 ,
1705 3187 1842 3206 ,Β--ἓι.
1985 3186 2328 3206 ~-__J3,A:_.-_'_
2381 3184 2620 3206 31---..1...
2687 3185 2933 3206 11-..“---
2981 3183 3322 3206 _____'L-_.l-_2_
3357 3183 3501 3206 1.......Α
3551 3199 3609 3206 Α-

253 3184 312 3236 et
336 3198 368 3234 a
397 3183 716 3238 clarissimis
741 3185 1164 3256 provinciarum
1192 3187 1547 3258 praesidibus,
1568 3193 1623 3242 et
1645 3204 1677 3240 a
1696 3187 1882 3241 civita-

251 3279 378 3329 tum
430 3275 818 3345 religiossimis
879 3279 1179 3350 episcopis,
1225 3280 1641 3347 constituimus,
1687 3282 1882 3354 dantes

250 3367 544 3423 licentiam
566 3367 1000 3439 religiosissimis
1026 3371 1320 3442 episcopis,
1347 3389 1465 3426 una
1496 3390 1626 3427 cum
1646 3373 1884 3427 clarissi-

250 3478 350 3516 mo
391 3460 698 3535 provinciae
730 3462 991 3532 praeside,
1021 3465 1188 3519 etiam
1232 3465 1432 3520 invitos
1470 3466 1690 3520 trahere
1726 3466 1797 3519 ad
1825 3481 1883 3520 se

252 3571 351 3610 eos
375 3555 478 3625 qui
502 3555 907 3627 compulerint,
936 3561 1034 3612 aut
1063 3558 1160 3628 qui
1186 3559 1396 3612 mutari
1422 3575 1520 3613 seu
1540 3560 1789 3613 converti
1813 3559 1884 3612 ab

253 3665 326 3703 ea
361 3648 580 3702 actione
619 3649 1046 3719 prohibuerint;
1083 3657 1140 3706 et
1180 3651 1466 3722 publicam
1505 3652 1734 3722 quidem
1763 3652 1884 3707 fieri

254 3758 455 3797 eorum
495 3742 886 3812 substantiam,
929 3743 1078 3814 ipsos
1121 3761 1254 3799 vero
1299 3745 1522 3800 civitate
1559 3745 1786 3816 expelli.
1829 3745 1885 3800 Si

251 3852 388 3890 vero
419 3835 516 3907 qui
540 3836 890 3907 provinciam
920 3837 1072 3908 regit
1102 3837 1220 3910 ipse
1247 3838 1316 3892 sit
1351 3839 1448 3909 qui
1471 3855 1561 3893 eas
1588 3839 1881 3910 compule-

249 3928 348 3995 rit,
380 3933 479 3983 aut
514 3947 545 3984 a
580 3929 850 4002 praedicta
883 3930 1100 3986 actione
1142 3932 1565 3987 conversionem
1603 3949 1699 3987 seu
1744 3932 1881 3986 resi-

251 4021 587 4092 piscentiam
626 4021 999 4093 prohibuerit,
1039 4024 1238 4079 damus
1288 4024 1593 4093 licentiam,
1643 4030 1697 4080 et
1739 4025 1885 4080 solos

253 4114 710 4185 religiosissimos
735 4117 1026 4187 episcopos
1049 4117 1204 4173 adire
1240 4135 1384 4186 eam,
1421 4135 1549 4189 qua:
1577 4119 1714 4173 talia
1739 4119 1884 4190 pati-

253 4211 370 4275 tur,
419 4212 518 4262 aut
549 4208 670 4278 ejus
710 4209 1118 4280 ﬁdejussorem,
1159 4211 1311 4266 hunc
1348 4227 1478 4266 vero
1521 4211 1885 4284 (episcopum)

254 4301 542 4355 adversari
571 4303 968 4374 magistratum
1006 4305 1256 4373 habenti,
1302 4309 1358 4360 et
1399 4322 1514 4359 non
1558 4306 1885 4376 permittere

256 4393 471 4464 injuste
500 4410 699 4465 agere;
734 4401 832 4451 aut
862 4396 906 4450 si
930 4397 1118 4451 minus
1146 4397 1358 4452 fuerint
1383 4398 1454 4452 ad
1486 4398 1546 4451 id
1574 4413 1883 4469 exsequen-

257 4487 398 4541 dum
425 4493 704 4558 potentes,
734 4489 982 4545 indicare
1023 4491 1082 4545 id
1122 4494 1312 4545 nostro
1338 4490 1596 4561 imperio,
1631 4495 1748 4544 uta
1779 4507 1884 4545 no-
1905 4507 1965 4580 D

254 4581 344 4636 bis
369 4586 697 4654 competens
738 4587 1069 4638 exerceatur
1106 4600 1290 4654 poena,
1336 4583 1789 4654 tidejussionibus
1809 4583 1884 4637 si-

256 4675 380 4730 mul
421 4675 744 4746 liberandis,
787 4682 843 4731 et
880 4676 1303 4747 ﬁdejussoribus
1345 4676 1710 4731 indemnibus
1753 4693 1886 4732 con-

256 4769 561 4838 servandis,
589 4769 872 4824 licentiam
898 4771 1091 4826 dantes
1110 4770 1397 4825 conversis
1416 4770 1746 4840 hujusmodi
1762 4786 1889 4825 mu-

253 4861 493 4917 lieribus
517 4862 708 4917 liberis
733 4867 790 4918 et
812 4863 1078 4934 ingenuis
1100 4864 1467 4919 existentibus
1494 4865 1563 4919 ad
1594 4865 1888 4920 matrimo-

255 4955 420 5010 nium
447 4956 686 5012 transire
707 4957 1050 5029 legitimum,
1083 4958 1303 5012 etiamsi
1331 4958 1675 5030 contigerint
1711 4960 1890 5014 hone-

256 5049 517 5104 stissimis
546 5051 920 5122 dignitatibus
939 5051 1037 5123 qui
1057 5051 1181 5106 illas
1203 5052 1468 5107 duxerint
1490 5052 1754 5123 decorati,
1777 5069 1890 5108 non

257 5143 502 5214 amplius
550 5144 938 5214 indigentibus
992 5145 1380 5216 imperialibus
1433 5146 1738 5217 rescriptis,
1794 5147 1891 5202 sed

258 5253 360 5290 sua
379 5241 653 5307 potestate
686 5239 915 5311 nuptias
950 5239 1379 5309 celebrantibus,
1413 5239 1760 5311 nuptialibus
1801 5240 1889 5294 ni-

257 5329 472 5384 mirum
519 5331 910 5388 instrumentis
952 5331 1278 5387 omnimodo
1318 5333 1468 5388 inter
1515 5333 1668 5404 ipsos
1711 5333 1888 5389 factis.

257 5423 579 5497 Eademque
619 5430 675 5481 et
709 5425 778 5481 de
820 5425 1038 5480 filiabus
1077 5426 1429 5481 scenicarum
1467 5427 1890 5482 constituentes.

257 5517 386 5589 -—§
422 5521 470 5573 1.
520 5520 672 5575 Hanc
710 5523 902 5574 autem
950 5519 1160 5575 dictam
1208 5520 1685 5590 constitutionem,
1727 5526 1784 5575 et
1833 5521 1894 5576 in

1983 3186 2331 3241 rendissimis
2373 3184 2640 3251 diaconis,
2687 3185 2936 3255 itemque
2981 3183 3325 3255 presbyteris
3356 3183 3508 3254 (nam
3547 3199 3613 3237 eo

1980 3279 2222 3350 amplius
2236 3280 2408 3334 etiam
2422 3279 2606 3332 dicere
2621 3278 3024 3345 erubescimus,
3042 3279 3158 3331 Deo
3173 3277 3612 3344 amantissimos,

1981 3389 2187 3442 nempe
2214 3373 2544 3442 episcopos),
2567 3371 2865 3440 quosdam,
2898 3371 3155 3440 inquam,
3182 3386 3252 3422 ex
3273 3369 3361 3423 his
3382 3386 3495 3422 non
3514 3386 3611 3422 ve-

1981 3469 2200 3532 rentur,
2232 3464 2328 3517 alii
2357 3463 2590 3533 quidem
2643 3479 2747 3534 per
2787 3463 2998 3532 seipsos
3034 3462 3204 3516 cubos
3234 3478 3334 3517 seu
3375 3467 3613 3516 tesseras

1983 3560 2351 3623 contrectare,
2380 3561 2437 3610 et
2482 3555 2622 3610 adeo
2662 3555 2995 3626 pudendum
3042 3559 3214 3626 atque
3256 3555 3392 3626 ipsis
3445 3555 3615 3609 etiam

1983 3649 2170 3705 idiotis
2207 3667 2240 3702 a
2285 3649 2449 3704 nobis
2476 3648 2805 3719 frequenter
2832 3648 3193 3703 interdictum
3235 3649 3615 3720 spectaculum

1983 3743 2353 3814 participare;
2383 3741 2475 3796 alii
2492 3758 2622 3796 vero
2645 3743 2815 3796 talem
2845 3741 3042 3796 ludum
3068 3758 3183 3796 non
3210 3747 3492 3809 accusant,
3517 3743 3616 3797 sed

1983 3837 2068 3891 vel
2094 3836 2514 3890 communicant
2544 3835 2898 3903 facientibus,
2920 3840 3018 3890 aut
3048 3835 3246 3890 sedent
3273 3837 3616 3906 spectatores

1984 3935 2142 3985 actus
2170 3929 2418 3985 indecori
2442 3948 2458 3998 ;
2508 3935 2564 3984 et
2612 3935 2868 4000 spectant
2909 3929 3140 4000 quidem
3183 3945 3314 3983 cum
3357 3928 3617 3984 aviditate

1985 4024 2310 4079 omnimoda
2330 4040 2420 4078 res
2441 4023 2698 4078 omnium
2728 4039 2920 4078 rerum
2945 4022 3486 4094 importunissimas;
3507 4039 3618 4077 ser-

1985 4134 2179 4173 mones
2216 4133 2347 4172 vero
2372 4116 2613 4191 audiunt
2641 4116 3020 4188 blasphemas,
3050 4133 3191 4187 quos
3221 4116 3280 4170 in
3299 4115 3503 4170 talibus
3522 4131 3618 4170 ne-

1987 4228 2135 4267 cesse
2152 4216 2236 4266 est
2259 4211 2414 4276 fieri;
2445 4211 2709 4281 polluunt
2728 4210 2899 4264 etiam
2928 4227 3054 4263 suas
3080 4225 3304 4277 manus,
3329 4211 3387 4262 et
3405 4207 3614 4274 oculos,

1986 4309 2040 4359 et
2066 4320 2230 4359 aures
2268 4304 2344 4357 sic
2387 4301 2668 4356 damnatis
2711 4306 2767 4355 et
2806 4301 3108 4373 prohibitis
3136 4300 3316 4369 ludis;
3365 4299 3457 4354 alii
3486 4316 3617 4354 vero

1986 4413 2170 4468 neque
2191 4396 2445 4463 obscure,
2471 4398 2570 4449 aut
2592 4396 2855 4462 latenter,
2883 4400 2981 4448 aut
3005 4411 3280 4464 equorum
3304 4393 3620 4456 certamini-

1986 4490 2091 4544 bus
2129 4505 2186 4543 se
2233 4489 2572 4556 immiscent,
2603 4491 2702 4542 aut
2730 4488 2898 4543 etiam
2928 4487 3167 4543 invitant
3207 4487 3422 4558 aliquos
3450 4504 3620 4558 super

1989 4599 2267 4654 equorum
2296 4581 2690 4654 proﬂigatione
2715 4587 2812 4636 aut
2838 4581 3090 4651 victoria,
3118 4583 3204 4637 vel
3232 4597 3336 4652 per
3360 4597 3417 4636 se
3445 4581 3617 4653 ipsos,

1988 4678 2073 4731 vel
2109 4694 2213 4748 per
2258 4677 2395 4731 alios
2439 4675 2735 4747 quosdam,
2761 4680 2826 4730 ut
2855 4675 2990 4747 quia
3032 4691 3146 4730 non
3193 4675 3457 4731 decenter
3489 4676 3620 4730 talia

1989 4771 2207 4839 ludant,
2239 4776 2336 4825 aut
2375 4769 2746 4836 scenicorum,
2773 4751 2858 4825 vel
2891 4769 3315 4841 thymelitarum
3345 4773 3618 4841 spectato-

1989 4881 2077 4919 res
2103 4865 2248 4918 tiunt
2277 4864 2564 4932 ludorum,
2594 4869 2692 4918 aut
2720 4879 2916 4918 varum
2947 4880 3072 4934 quae
3118 4863 3176 4917 in
3221 4863 3456 4917 theatris
3498 4879 3620 4916 cer-

1990 4958 2232 5014 tantium
2264 4959 2512 5012 ferarum
2534 4973 2747 5029 pugna:
2773 4957 2937 5025 fiunt,
2960 4973 3144 5027 neque
3165 4956 3412 5028 cogitant
3430 4973 3624 5028 quem-

1990 5052 2295 5107 admodum
2323 5051 2430 5123 ipsi
2467 5052 2552 5105 vel
2595 5051 2682 5105 his
2722 5051 2820 5122 qui
2868 5050 3040 5104 modo
3082 5055 3137 5104 et
3185 5066 3377 5104 recens
3421 5049 3626 5104 initiati

1991 5150 2124 5200 sunt
2148 5150 2203 5199 et
2230 5144 2529 5199 adorandis
2563 5144 2842 5215 mysteriis
2869 5143 3108 5213 dignati,
3138 5143 3244 5214 ipsi
3271 5144 3584 5215 praadicunt
3608 5161 3621 5199 :

1998 5242 2062 5294 Ut
2092 5240 2473 5293 abrenuntient
2501 5239 2808 5293 adversarii
2832 5238 3085 5292 daemonis
3105 5239 3294 5300 cultui,
3318 5243 3368 5292 et
3382 5240 3626 5293 omnibus

1985 5334 2200 5403 pompis
2229 5332 2363 5401 ejus,
2395 5347 2637 5402 quarum
2669 5347 2781 5384 non
2819 5330 3057 5384 minima
3087 5348 3214 5401 pars
3239 5332 3374 5387 talia
3403 5333 3622 5403 specta-

1994 5427 2118 5481 cula
2142 5426 2306 5480 ﬁunt.

2065 5519 2177 5589 §2.
2225 5519 2381 5588 Saepe
2432 5517 2664 5588 quidem
2714 5518 2848 5589 ipsis
2898 5518 3032 5574 talia
3087 5517 3368 5573 custodire
3423 5516 3628 5570 debere

257 5611 460 5682 quinto
485 5612 628 5668 libro
666 5613 924 5668 omnium
962 5613 1430 5669 constitutionum
1472 5614 1644 5685 hujus
1687 5613 1897 5670 scilicet
1993 5610 2424 5682 praedicavimus
2455 5628 2468 5666 :
2499 5610 2750 5667 videntes
2788 5616 2981 5668 autem
3025 5613 3094 5666 de
3120 5611 3206 5664 his
3237 5611 3438 5663 factam
3469 5609 3630 5663 nobis

258 5706 474 5758 nostras
502 5704 726 5776 pietatis
769 5704 1126 5775 cognominis
1164 5704 1312 5773 libri,
1365 5705 1434 5758 ad
1477 5704 1665 5758 civiles
1708 5704 1890 5776 magi-

258 5800 470 5853 stratus
496 5797 852 5872 rescriptam,
880 5798 1202 5872 posuimus.
1230 5797 1513 5863 Quoniam
1542 5797 1695 5856 enim
1725 5814 1890 5870 opor-

1989 5704 2349 5772 relationem,
2370 5704 2426 5759 in
2449 5705 2838 5761 necessitatem
2865 5705 3164 5759 incidimus
3193 5703 3264 5756 ad
3292 5707 3630 5774 praesentem

1995 5797 2258 5856 veniendi
2273 5799 2482 5873 legem,
2499 5803 2622 5856 tum
2642 5804 2872 5872 propter
2890 5801 3147 5855 nostrum
3168 5813 3339 5869 super
3356 5796 3630 5869 religione
