4076 6186
471 303 490 356 l
502 301 604 355 083

1613 297 1866 354 SEECULI
1907 299 2098 354 SEXT]
2139 295 2692 354 SUPPLEMENTUM.

3691 297 3830 352 1085

465 407 738 476 studium,
769 411 892 462 tum
931 407 1102 462 etiam
1129 410 1362 478 propter
1399 407 1694 462 sacerdotii
1723 407 1900 479 ipsius
1929 407 2096 462 simul
2115 423 2176 496 Α
2196 405 2378 460 siones
2403 405 2584 460 facere
2610 405 2680 460 de
2706 407 2910 459 caetero
2937 419 3108 460 ausus
3133 403 3322 470 fuerit,
3348 419 3482 459 eum
3503 419 3640 458 mox
3668 421 3704 458 a
3729 407 3834 458 tua

465 505 522 555 et
547 501 875 555 communis
903 500 1226 571 reipublicae
1251 500 1579 556 utilitatem.
1605 531 1674 542 -—
1702 503 1734 573 §
1761 503 1812 556 3.
1837 503 1902 555 Et
1921 501 2096 556 sanci-

467 609 594 648 mus
606 593 915 660 neminem,
930 609 1114 664 neque
1135 593 1454 662 diaconum,
1473 611 1656 666 neque
1677 595 2092 666 presbyterum,

465 691 522 742 et
551 688 728 741 multo
755 685 956 757 magis,
985 703 1170 758 neque
1199 687 1524 758 episcopum
1567 688 1738 759 (quod
1780 688 2008 759 quidem
2039 691 2098 742 et

465 781 792 835 incredibile
819 781 962 835 forte
991 780 1170 834 videri
1195 781 1385 851 possit,
1419 785 1483 834 ut
1507 797 1754 852 quorum
1781 782 1836 834 in
1865 781 2090 835 ordina-

465 874 709 926 tionibus
757 889 949 943 preces
997 875 1064 928 ad
1111 874 1410 928 Dominum
1461 874 1766 928 mittuntur
1809 875 2094 928 Christum

467 967 644 1020 Deum
677 971 952 1031 nostrum,
989 971 1044 1018 et
1071 966 1342 1020 invocatio
1381 967 1556 1020 sancti
1609 972 1664 1020 et
1707 967 1980 1020 adorandi
2026 968 2096 1021 sit

467 1059 725 1129 Spiritus,
757 1063 812 1113 et
837 1075 1038 1113 eorum
1066 1059 1363 1130 capitibus,
1383 1063 1480 1114 aut
1507 1060 1766 1114 manibus
1795 1061 2096 1131 imponun-

467 1158 560 1206 tur
585 1152 935 1206 sanctissima
961 1169 1156 1207 eorum
1184 1169 1312 1224 quae
1340 1153 1488 1224 apud
1517 1170 1618 1208 nos
1645 1157 1774 1207 sunt
1803 1154 2096 1224 mysterio-

465 1263 617 1314 rum,
659 1251 722 1300 ut
764 1245 970 1300 scilicet
1009 1245 1144 1317 ipsis
1189 1247 1439 1300 sensoria
1481 1247 1673 1300 omnia
1717 1247 2096 1302 instrumenta

465 1355 607 1410 pura
629 1339 784 1408 ﬁant,
807 1345 860 1392 et
885 1343 1282 1394 consecrentur
1299 1339 1454 1410 Deo),
1475 1340 1762 1395 neminem
1789 1340 1966 1411 igitur
1985 1341 2091 1394 ho-

465 1449 596 1486 rum
643 1433 851 1486 audere
895 1433 964 1486 de
1009 1437 1231 1502 caatero,
1277 1437 1334 1487 et
1375 1437 1502 1505 post
1544 1433 1793 1488 divinam
1839 1439 2090 1488 nostram

464 1526 671 1596 legem,
701 1529 800 1580 aut
827 1525 1082 1580 cubicare
1116 1524 1190 1598 [id
1219 1531 1304 1580 est
1331 1527 1556 1582 tesseris
1587 1543 1684 1582 seu
1713 1526 1846 1582 aleis
1872 1527 2092 1597 ludere]

465 1635 800 1690 quocunque
826 1619 962 1673 alea:
994 1635 1219 1690 genere,
1242 1625 1339 1674 aut
1367 1621 1520 1688 ludo,
1542 1625 1641 1675 aut
1665 1621 1742 1674 ita
1767 1621 2095 1675 ludentibus

468 1712 906 1778 communicare,
935 1716 1032 1766 aut
1061 1713 1395 1780 conversari,
1428 1718 1527 1768 aut
1551 1729 1666 1768 una
1705 1715 1966 1783 recreari,
1996 1717 2096 1768 aut

2193 498 2558 567 beatitudine,
2587 500 2686 552 aut
2713 513 2748 550 a
2767 497 3143 569 metropolita,
3173 501 3272 552 aut
3299 497 3412 551 Deo
3438 496 3834 552 amantissimo

2195 593 2458 664 episcopo
2495 592 2597 646 sub
2642 607 2756 662 quo
2800 591 3091 648 ordinatus
3135 595 3237 658 est,
3267 589 3312 644 si
3341 589 3576 661 quidem
3623 589 3834 661 aliquis

2193 686 2596 757 praedictorum
2617 685 2687 738 sit
2701 685 3058 752 clericorum,
3081 701 3114 737 a
3129 700 3282 738 sacra
3304 683 3550 753 separari
3575 683 3830 753 liturgia,

2193 778 2408 849 imponi
2465 782 2653 831 autem
2702 778 2807 848 ipsi
2851 777 3184 830 canonicam
3227 792 3471 846 pcenam,
3504 780 3560 829 et
3605 775 3834 830 deﬁniri

2193 878 2417 942 tempus
2443 871 2588 924 intra
2613 871 2764 942 quod
2792 869 3088 924 conveniat
3109 869 3296 940 ipsum
3313 868 3550 940 jejuniis
3589 873 3646 922 et
3693 885 3832 940 sup-

2193 965 2584 1036 plicationibus
2610 969 2882 1032 utentem,
2917 979 3190 1033 magnum
3219 961 3510 1032 propitiari
3537 963 3720 1015 Deum
3749 977 3838 1014 su-

2195 1074 2297 1128 per
2323 1058 2416 1112 tali
2445 1057 2908 1128 transgressione.
2937 1057 3004 1110 Et
3031 1055 3074 1109 si
3111 1071 3211 1126 per
3247 1055 3540 1108 deﬁnitum
3575 1059 3834 1124 tempus,

2193 1151 2293 1222 qui
2317 1151 2486 1205 talem
2517 1165 2742 1222 poenam
2783 1148 3042 1220 suscepit,
3075 1153 3309 1202 maneat
3332 1147 3602 1218 lacrymis
3625 1150 3680 1201 et
3709 1163 3830 1217 pce.-

2193 1244 2448 1312 nitentia,
2482 1247 2537 1297 et
2560 1243 2803 1313 jejunio,
2832 1245 2890 1296 et
2917 1241 2990 1296 ad
3019 1241 3321 1296 Dominum
3347 1241 3524 1294 Deum
3548 1239 3830 1309 oratione,

2193 1337 2582 1392 remissionem
2610 1335 2796 1391 delicti
2821 1351 3082 1402 exorans,
3110 1333 3406 1388 confestim
3433 1351 3566 1388 eum
3588 1333 3680 1387 cui
3705 1333 3834 1388 sub-

2186 1430 2372 1501 jectus
2394 1434 2476 1484 est
2493 1429 2599 1483 hoc
2619 1429 2918 1500 diligenter
2937 1427 3188 1499 cognito,
3209 1431 3265 1481 et
3281 1426 3514 1480 sollicite
3529 1427 3830 1497 requisita,

2194 1539 2556 1577 communem
2585 1521 2814 1592 quidem
2834 1537 2938 1592 pro
2961 1520 3082 1591 ipso
3103 1519 3416 1574 orationem
3443 1519 3566 1573 ﬁeri
3585 1519 3831 1587 curabit,

2193 1621 2250 1672 et
2273 1633 2404 1670 cum
2429 1615 2587 1669 omni
2613 1613 2904 1685 diligentia
2929 1612 3194 1684 injunget
3219 1612 3328 1684 ipsi
3353 1617 3418 1667 ut
3441 1619 3638 1684 postea
3664 1629 3698 1666 a
3731 1611 3832 1666 tali

2193 1707 2486 1764 sacerdotii
2515 1706 2940 1762 dedecoratione
2977 1705 3256 1760 abstineat
3301 1721 3316 1760 :
3358 1711 3416 1759 et
3460 1705 3506 1758 si
3545 1703 3834 1776 putaverit

467 1822 582 1858 una
607 1821 738 1859 cum
766 1805 844 1858 eis
873 1821 1060 1876 agere,
1098 1809 1196 1860 aut
1235 1806 1314 1858 eis
1357 1806 1742 1860 testimonium
1771 1807 2090 1876 perhibere,
2113 1793 2169 1865 B
2195 1802 2383 1873 ipsum
2413 1800 2757 1855 sufﬁcienter
2781 1799 2850 1854 ad
2883 1799 3274 1871 paenitentiam
3301 1797 3538 1867 venisse,
3569 1801 3710 1852 tunc
3741 1815 3828 1851 sa-

469 1904 566 1952 aut
619 1899 886 1952 interesse
933 1899 1164 1969 plebeiis
1215 1899 1540 1970 hujusmodi
1585 1899 1932 1970 spectaculis,
1967 1917 2096 1970 quae

465 1991 624 2060 prius
652 1991 916 2060 diximus,
943 1995 1040 2045 aut
1063 1992 1198 2062 quid
1227 2009 1422 2046 eorum
1443 2009 1570 2063 quas
1595 1993 1655 2046 in
1681 1993 1769 2046 his
1795 1991 2094 2063 prohiben-

467 2087 561 2137 tur
585 2085 784 2150 facere,
819 2085 914 2138 sed
959 2085 1116 2138 omni
1148 2086 1216 2139 ad
1263 2086 1352 2138 illa
1397 2085 1690 2156 participio
1723 2086 1780 2139 in
1809 2091 2094 2156 posterum

468 2177 770 2232 abstinere.
797 2177 954 2242 Quod
993 2177 1144 2231 enim
1183 2179 1468 2248 praicessit
1489 2179 1630 2248 jam,
1663 2179 1886 2233 tametsi
1923 2180 2095 2234 etiam

467 2270 753 2341 inquirere
765 2274 1110 2342 Oportuerat,
1125 2287 1230 2325 nec
1241 2271 1578 2344 participare
1593 2272 1919 2327 indecenter
1933 2289 2096 2343 opor-

466 2365 639 2430 tebat,
659 2369 848 2418 tamen
871 2369 1102 2436 propter
1121 2365 1538 2420 humanitatem
1557 2367 1939 2436 indulgemus,
1953 2383 2096 2437 pra:-

469 2457 638 2510 sentis
663 2457 804 2528 legis
831 2458 1280 2512 observationem
1308 2459 1570 2512 omnibus
1599 2459 1656 2512 in
1683 2465 1970 2529 posterum
2003 2459 2092 2513 in-

459 2550 766 2620 jungentes
791 2555 1037 2621 tempus.
1053 2552 1220 2606 Decet
1238 2551 1389 2606 enim
1407 2553 1558 2623 ipsos
1571 2553 1646 2622 jej
1657 2553 1802 2606 uniis
1821 2558 1877 2607 et
1891 2551 2096 2623 vigiliis

468 2649 524 2697 et
571 2643 1052 2712 meditationibus,
1091 2661 1188 2698 seu
1233 2645 1724 2700 exercitationibus
1775 2645 1836 2699 in
1890 2645 2094 2700 divinis

471 2737 733 2806 oraculis,
755 2743 810 2792 et
829 2755 934 2808 pro
960 2738 1216 2792 omnium
1234 2739 1412 2793 salute
1433 2739 1736 2794 fundendis
1753 2755 1950 2794 vacare
1973 2756 2096 2810 pre-

468 2826 624 2880 cibus
656 2847 669 2882 :
705 2833 762 2882 at
786 2843 880 2883 eos
907 2829 1006 2900 qui
1035 2829 1167 2883 talia
1197 2845 1311 2883 non
1339 2827 1692 2900 reliquerint,
1724 2845 1828 2882 nec
1853 2845 2096 2882 cessave-

469 2920 582 2974 rint
610 2921 842 2976 omnino
873 2923 1082 2992 polluta
1109 2927 1163 2977 et
1189 2922 1470 2994 prohibita
1508 2926 1874 2977 contrectare.

541 3013 693 3066 Idem
723 3013 875 3068 enim
907 3014 1072 3068 etiam
1101 3015 1402 3082 sancimus,
1426 3020 1482 3070 et
1507 3015 1565 3068 in
1591 3015 1839 3086 reliquos
1866 3015 2095 3069 clericos

473 3105 864 3172 (subdiaconos
891 3123 1100 3177 nempe
1128 3113 1183 3162 et
1209 3109 1486 3178 lectores),
1521 3108 1754 3179 quando
1783 3113 1838 3162 et
1871 3108 1976 3178 ipsi
2005 3125 2090 3161 sa-

470 3209 579 3247 cras
631 3211 840 3248 mensae
889 3201 946 3249 et
991 3195 1175 3249 omnis
1222 3196 1367 3249 circa
1413 3195 1784 3250 sanctissimas
1835 3159 2169 3250 ecclesiasC

468 3293 696 3341 ornatus
723 3288 1006 3344 constituti
1039 3295 1172 3342 sunt
1209 3289 1452 3343 ministri
1481 3293 1536 3343 et
1565 3289 1826 3360 operarii,
1861 3295 1916 3343 et
1943 3307 2096 3344 sacra

467 3385 872 3436 contrectantes
918 3382 1146 3454 eloquia
1175 3399 1188 3437 :
1217 3383 1352 3437 dum
1393 3399 1576 3436 sacras
1619 3383 1780 3436 nobis
1815 3400 1884 3437 ex
1926 3384 2096 3438 sacris

469 3475 674 3529 nostris
699 3475 888 3530 Bibliis
915 3477 998 3530 illi
1024 3476 1256 3548 quidem
1287 3477 1484 3548 legunt
1513 3475 1832 3547 scripturas,
1875 3475 1934 3530 hi
1963 3493 2096 3531 vero

471 3569 712 3640 hymnos
745 3574 800 3624 et
825 3570 956 3624 odas
979 3573 1210 3624 canunt.
1242 3600 1310 3610 —
1337 3571 1368 3642 §
1399 3571 1450 3624 4.
1485 3569 1544 3624 Si
1573 3585 1707 3623 vero
1733 3570 1860 3641 quis
1891 3571 1960 3626 de
1985 3587 2092 3624 ca:-

471 3665 592 3716 tero
619 3663 725 3717 tale
753 3663 888 3734 quid
923 3663 1128 3717 faciens
1154 3663 1540 3734 deprehensus
1579 3663 1770 3731 fuerit,
1797 3669 1853 3719 et
1879 3663 2096 3718 delatus

469 3755 659 3822 fuerit,
691 3755 750 3808 id
781 3756 866 3810 vel
895 3757 954 3810 in
991 3757 1094 3810 hac
1121 3755 1262 3811 felici
1294 3757 1518 3810 civitate
1547 3759 1654 3810 tua:
1681 3757 1980 3826 sanctitati,
2009 3758 2096 3812 vel

469 3848 772 3918 provinciis
797 3849 900 3903 sub
927 3849 1048 3920 ipsa
1074 3851 1287 3921 positis,
1321 3851 1433 3905 Deo
1459 3851 1862 3905 amantissimis
1881 3855 2092 3905 metro-

471 3940 656 4010 politis
699 3947 754 3994 et
797 3943 1013 3996 caeteris
1056 3943 1352 4014 episcopis,
1391 3960 1636 4014 quorum
1683 3945 2096 4000 ordinationem

469 4036 584 4086 tua:
621 4033 985 4088 beatitudinis
1012 4035 1144 4088 facit
1173 4037 1430 4102 thronus,
1463 4041 1518 4090 et
1553 4037 1676 4091 talis
1701 4039 1960 4108 quaedam
1997 4057 2092 4093 su-

469 4126 788 4198 pervenerit
813 4128 1114 4196 accusatio,
1144 4133 1243 4182 aut
1266 4129 1525 4198 diacono,
1553 4135 1651 4184 aut
1677 4131 2021 4203 presbytero,
2041 4138 2097 4187 et

469 4221 652 4276 multo
697 4222 879 4293 magis
917 4222 1312 4294 episcoporum
1341 4225 1450 4278 Deo
1480 4223 1808 4279 amabilium
1847 4225 2092 4294 cuidam,

468 4322 626 4370 tuam
665 4315 757 4370 hic
799 4315 1228 4386 beatitudinem,
1261 4323 1316 4372 et
1341 4318 1400 4372 in
1431 4317 1730 4389 provinciis
1755 4318 1963 4390 positos
1992 4319 2095 4373 sub

469 4415 524 4464 te
553 4411 664 4464 Deo
693 4409 1107 4466 amantissimos
1133 4411 1538 4482 metropolitas,
1567 4417 1623 4467 et
1663 4411 1760 4484 qui
1805 4411 1908 4466 sub
1957 4412 2096 4483 ipsis

469 4509 600 4556 sunt
628 4503 936 4574 episcopos,
965 4505 1086 4558 haec
1112 4521 1240 4558 cum
1271 4505 1568 4576 diligentia
1597 4507 1754 4560 omni
1782 4507 2094 4561 secundum
2114 4528 2172 4602 D

470 4595 840 4650 ordinationis
864 4597 1124 4652 ordinem
1149 4614 1425 4669 quaerere,
1451 4604 1507 4652 et
1533 4601 1889 4670 perscrutari,
1908 4616 2094 4670 neque

469 4689 883 4744 defunctoriam
909 4692 1088 4745 facere
1119 4691 1564 4762 inquisitionem,
1584 4692 1680 4746 sed
1706 4699 1762 4747 et
1789 4695 1956 4747 testes
1985 4693 2094 4748 ﬁde

468 4782 671 4854 dignos
712 4783 928 4852 audire,
957 4787 1014 4838 et
1057 4799 1159 4854 per
1201 4801 1430 4839 omnem
1481 4771 1633 4840 viam
1680 4785 1982 4856 procedere
2021 4787 2092 4840 ad

469 4877 778 4932 eruendam
805 4877 1116 4932 veritatem.
1141 4876 1298 4932 Sicut
1322 4879 1476 4932 enim
1497 4878 1635 4950 ipsis
1655 4877 1788 4932 talia
1809 4878 2090 4933 interdici-

469 4986 614 5038 mus,
647 4971 722 5024 ita
759 4975 814 5025 et
838 4971 1180 5026 calumniam
1210 4971 1326 5041 peti
1355 4988 1386 5024 a
1420 4971 1758 5042 quibusdam
1793 4976 2044 5026 vetemus
2075 4992 2089 5028 :

471 5065 526 5115 et
550 5062 615 5130 si,
644 5065 896 5135 undique
929 5065 1272 5120 discussione
1299 5065 1502 5120 divinis
1529 5065 1829 5136 propositis
1857 5065 2096 5136 eloquiis

467 5154 632 5223 facta,
665 5173 792 5210 vere
813 5175 870 5212 se
897 5159 1104 5214 habere
1131 5159 1406 5213 accusatio
1433 5159 1780 5230 apparuerit,
1809 5163 1864 5213 et
1901 5159 2092 5212 convi-

469 5253 592 5303 ctus
621 5249 792 5302 fuerit
826 5251 1090 5306 diaconus
1115 5258 1212 5308 aut
1239 5253 1548 5324 presbyter,
1581 5253 1668 5306 vel
1711 5253 1924 5307 aleator
1953 5269 2091 5322 esse,

467 5344 552 5397 vel
581 5343 892 5396 aleatorum
917 5346 1216 5416 particeps,
1245 5353 1344 5402 aut
1371 5347 1576 5402 talibus
1600 5346 1850 5401 assidens
1879 5346 2092 5402 vanita-

467 5439 638 5505 tibus,
668 5437 752 5491 vel
779 5437 1060 5508 pruzdictis
1109 5439 1378 5496 interesse
1417 5441 1769 5514 spectaculis,
1797 5445 1896 5494 aut
1925 5441 2095 5496 etiam

465 5534 610 5587 forte
635 5531 840 5604 aliquis
861 5533 972 5586 Deo
994 5531 1320 5586 amabilium
1349 5536 1740 5607 episcoporum
1775 5535 1946 5607 (quod
1968 5535 2092 5607 qui-

468 5627 598 5680 dem
629 5643 816 5698 neque
843 5627 1178 5681 eventurum
1197 5641 1311 5680 esse
1339 5628 1694 5700 conﬁdimus)
1719 5645 1946 5701 prorsus
1967 5629 2096 5683 talis

468 5720 754 5790 cujusdam
787 5721 1068 5792 particeps
1098 5737 1216 5774 esse
1243 5721 1568 5790 spectaculi,
1599 5728 1697 5776 aut
1723 5740 1850 5778 cum
1882 5707 2106 5777 aleator

469 5812 625 5866 ribus
667 5831 780 5868 una
815 5815 1010 5870 sedere
1035 5818 1090 5868 et
1123 5813 1422 5886 disponere
1453 5830 1518 5868 ac
1547 5815 1770 5886 pacisci,
1802 5822 1900 5870 aut
1925 5833 2090 5888 spon-

2195 1893 2460 1948 cerdotali
2487 1910 2618 1948 eum
2647 1893 2944 1948 restituere
2969 1892 3236 1964 dignetur
3253 1891 3599 1958 clementiae;
3625 1891 3670 1944 si
3695 1907 3830 1944 vero

2196 1990 2252 2043 et
2277 1991 2404 2058 post
2434 1985 3074 2041 excommunicationem
3115 1985 3377 2040 inventus
3419 1984 3612 2050 fuerit,
3645 1999 3832 2055 neque

2195 2098 2326 2134 vero
2353 2079 2683 2152 paenitentia
2705 2095 2863 2146 usus,
2895 2083 2951 2134 et
2977 2079 3115 2132 alias
3141 2079 3314 2133 etiam
3345 2083 3679 2149 aspernatus
3706 2094 3832 2131 eam

2194 2191 2336 2244 rem,
2371 2179 2428 2228 et
2473 2173 2768 2228 manifeste
2817 2172 2887 2226 ab
2937 2171 3259 2226 adversario
3313 2171 3580 2243 [diabolo]
3639 2175 3834 2224 mente

2195 2267 2494 2336 inescatus,
2523 2267 2708 2338 ipsum
2737 2264 2970 2336 quidem
2997 2265 3256 2319 sacerdos
3277 2264 3380 2318 sub
3414 2281 3526 2335 quo
3553 2263 3716 2334 degit
3743 2279 3832 2316 sa-

2195 2360 2302 2415 cris
2336 2361 2546 2414 eximat
2581 2359 2870 2430 catalogis,
2919 2358 3151 2412 omnino
3199 2374 3330 2412 eum
3373 2357 3684 2428 deponens.
3737 2355 3832 2410 Il]..-

2193 2459 2387 2508 autem
2417 2471 2532 2508 non
2575 2453 2820 2524 amplius
2865 2452 2977 2506 ullo
3011 2451 3179 2506 modo
3209 2451 3496 2506 licentiam
3521 2449 3736 2505 habeat
3763 2449 3830 2503 ad

2194 2547 2594 2602 sacerdotalem
2623 2545 2815 2600 venire
2850 2545 3124 2616 gradum;
3165 2545 3262 2598 sed
3289 2543 3336 2598 si
3361 2543 3594 2614 quidem
3625 2543 3838 2596 habeat

2193 2641 2504 2709 facultates,
2536 2639 2772 2694 civitatis
2799 2639 2947 2692 illius
2975 2637 3211 2706 curiam,
3241 2637 3302 2691 in
3327 2653 3438 2708 qua
3465 2641 3834 2690 consecratus

2195 2741 2278 2792 est
2305 2736 2589 2807 primum;
2638 2737 2734 2789 aut
2781 2735 2824 2788 si
2869 2751 2984 2788 non
3029 2734 3236 2788 habeat
3275 2733 3491 2786 curiam
3521 2749 3586 2786 ea
3613 2732 3830 2800 civitas,

2193 2830 2298 2884 alia
2342 2829 2496 2884 curia
2543 2828 2867 2900 provinciis,
2900 2843 3028 2898 qua:
3059 2825 3310 2880 maxime
3346 2825 3566 2895 indiget
3609 2825 3830 2892 curiali,

2193 2923 2428 2993 accipiet
2469 2923 2625 2976 illum
2664 2921 2722 2976 in
2771 2925 3057 2992 posterum
3089 2919 3260 2974 curiae
3287 2935 3418 2973 cum
3445 2919 3558 2972 suis
3585 2919 3828 2972 faculta-

2193 3016 2345 3070 tibus
2371 3015 2714 3070 serviturum
2742 3031 2754 3068 :
2792 3013 2834 3067 si
2861 3031 2994 3068 vero
3027 3013 3318 3068 facultates
3347 3029 3462 3066 non
3487 3011 3680 3081 habet,
3713 3011 3834 3066 ofﬁ-

2194 3109 2345 3162 cialis
2375 3108 2430 3162 in
2455 3113 2745 3179 posterum
2771 3109 2868 3164 ﬁat
2889 3105 3247 3179 provincialis
3269 3105 3440 3160 officii
3461 3122 3562 3176 pro
3585 3121 3655 3158 eo
3675 3105 3828 3176 quod

2193 3207 2322 3256 ante
2347 3201 2454 3255 fuit
2480 3207 2746 3270 sacratus,
2780 3207 2836 3256 et
2860 3217 2986 3256 eam
3015 3201 3086 3254 ob
3114 3217 3234 3254 rem
3260 3199 3410 3270 quod
3447 3199 3542 3253 Dei
3573 3197 3828 3252 ofﬁcium

2195 3295 2514 3366 dereliquit,
2541 3295 2648 3349 erit
2672 3295 2926 3350 ofﬁcialis
2953 3293 3326 3365 provincialis,
3351 3293 3494 3346 hanc
3519 3292 3628 3346 sibi
3655 3291 3830 3362 turpi-

2193 3389 2452 3444 tudinem
2480 3405 2582 3459 pro
2607 3389 2844 3460 pristino
2871 3388 3084 3442 honore
3109 3387 3429 3458 imponens.

2265 3483 2374 3552 §5.
2421 3483 2549 3536 Haec
2581 3481 2756 3553 igitur
2793 3481 2986 3536 omnia
3019 3479 3302 3534 sancimus
3345 3479 3404 3532 in
3445 3479 3553 3532 hac
3591 3479 3826 3549 quidem

2192 3575 2342 3630 felici
2372 3575 2590 3629 civitate
2617 3579 2774 3628 tuam
2800 3573 3078 3628 custodire
3103 3573 3476 3641 sanctitatem,
3497 3576 3552 3625 et
3575 3571 3828 3643 singula-

2193 3685 2324 3723 rum
2371 3668 2734 3723 ecclesiarum
2777 3667 3098 3722 defensores
3137 3671 3195 3720 et
3237 3681 3580 3734 ueconomos,
3625 3665 3830 3736 quibus

2194 3778 2344 3816 curae
2371 3762 2478 3816 erit
2503 3761 2626 3816 haec
2653 3761 2964 3832 inquirere,
2993 3765 3049 3815 et
3074 3758 3430 3827 denuntiare,
3455 3765 3512 3813 et
3543 3759 3832 3812 convictos

2193 3855 2414 3927 privare
2444 3855 2592 3909 data;I
2638 3855 2716 3908 eis
2761 3871 2793 3907 a
2837 3853 3043 3908 sanctis
3067 3853 3312 3908 ecclesiis
3353 3869 3598 3906 annonae
3627 3867 3828 3922 eroga-

2193 3947 2345 4003 tione
2381 3965 2394 4002 :
2427 3947 2487 4002 in
2511 3946 2812 4019 provinciis
2837 3951 3028 4000 autem
3056 3945 3152 4018 qui
3173 3945 3277 4000 sub
3307 3951 3404 3999 tua
3429 3945 3676 4000 ordinati
3701 3949 3832 3998 sunt

2193 4041 2557 4108 beatitudine,
2593 4042 2702 4094 Deo
2745 4039 3118 4100 amantissimi
3159 4037 3558 4109 metropolitm,
3593 4038 3666 4092 ad
3709 4039 3832 4092 hac

2193 4135 2366 4190 etiam
2393 4134 2491 4206 qui
2521 4134 2630 4188 illis
2661 4135 2900 4188 subsunt
2923 4133 3328 4204 religiosissimi
3357 4132 3636 4204 episcopi,
3661 4137 3720 4186 et
3745 4148 3830 4186 eo-

2193 4245 2322 4284 rum
2348 4227 2716 4283 ecclesiecdici
2761 4229 2818 4282 et
2859 4225 3156 4295 eaconomi,
3189 4229 3246 4280 et
3285 4225 3392 4296 ipsi
3435 4225 3509 4279 ad
3551 4225 3823 4279 eumdem

2195 4321 2430 4376 modum
2461 4321 2558 4394 qui
2587 4321 2890 4392 praedictus
2917 4324 3002 4374 est
3031 4335 3089 4374 re
3116 4323 3359 4388 utentes,
3392 4323 3448 4373 et
3477 4335 3695 4372 sacram
3735 4335 3824 4372 ve-

2193 4415 2550 4471 nerationem
2577 4414 2828 4486 undique
2855 4411 3410 4484 irreprehensibilem
3439 4417 3496 4467 et
3521 4411 3824 4483 inculpabi—

2195 4510 2308 4564 lem
2343 4509 2737 4577 custodientes,
2771 4506 3186 4562 conservabunt
3228 4505 3460 4578 quidem
3503 4505 3612 4559 ista
3643 4523 3656 4560 :
3685 4509 3830 4560 utet

2197 4602 2578 4675 gloriosissimi
2603 4617 2888 4656 sacrorum
2912 4607 3238 4655 nostrorum
3263 4599 3661 4671 praetoriorum
3691 4615 3830 4670 prm—

2193 4697 2324 4752 fecti
2351 4695 2609 4767 (dicimus
2638 4699 2828 4750 autem
2860 4693 3106 4748 Orientis
3133 4711 3262 4748 cum
3289 4693 3526 4748 subditis
3567 4691 3832 4764 gentibus

2196 4807 2395 4845 eorum
2417 4787 2816 4860 jurisdictioni,
2847 4787 2982 4842 item
3015 4787 3232 4858 Illyrici,
3261 4793 3428 4858 atque
3459 4787 3636 4841 etiam
3663 4787 3828 4841 Afro-

2195 4899 2326 4938 rum
2359 4881 2791 4953 prazeminentes
2815 4881 3058 4950 dioecesi)
3089 4883 3146 4934 et
3172 4879 3430 4951 parentia
3449 4879 3528 4934 eis
3547 4879 3756 4947 ofﬁcia,
3781 4883 3834 4933 et

2195 4975 2490 5030 clarissimi
2519 4975 2939 5046 provinciarum
2987 4973 3252 5044 prmsides
3297 4979 3354 5028 et
3383 4971 3680 5027 civitatum
3733 4973 3832 5026 de-

2194 5070 2462 5136 fensores,
2491 5069 2599 5139 ipsi
2627 5067 2860 5139 quidem
2887 5067 2984 5138 qui
3023 5067 3300 5121 maximos
3339 5067 3704 5136 magistratus
3733 5081 3832 5136 ge-

2195 5165 2348 5230 runt,
2395 5161 2850 5232 indignationem
2897 5163 3148 5215 nostram
3192 5159 3592 5226 subverentes;
3651 5159 3832 5213 ofﬁcia

2197 5259 2386 5311 autem
2419 5272 2532 5310 non
2557 5255 2994 5310 obsecundantia
3013 5253 3386 5324 ipsis,fdecem
3407 5254 3529 5307 auri
3553 5251 3832 5307 librarum

2195 5353 2498 5420 expertura
2525 5364 2752 5419 poenam
2785 5365 2796 5402 :
2831 5347 3098 5418 praesides
3125 5363 3256 5401 vero
3287 5346 3660 5417 provinciales
3707 5362 3832 5399 ma-

2187 5443 2342 5515 jores
2371 5443 2582 5514 pariter
2627 5445 2684 5495 et
2727 5441 2994 5511 minores,
3019 5444 3076 5495 et
3099 5440 3550 5512 obtemperantia
3575 5440 3720 5510 ipsis
3747 5439 3832 5493 of-

2195 5536 2340 5604 ﬁcia,
2371 5541 2426 5592 et
2467 5536 2700 5608 insuper
2725 5535 3018 5590 civitatum
3053 5534 3392 5602 defensores,
3421 5533 3680 5604 quinque
3711 5532 3830 5588 auri

2195 5629 2468 5684 librarum
2513 5645 2740 5700 pcenam
2783 5632 3122 5694 metuentes,
3153 5629 3198 5682 si
3237 5628 3360 5683 Ι]ωο
3403 5631 3828 5699 cognoscentes,

2194 5739 2306 5778 non
2337 5723 2799 5779 annuntiaverint
2837 5727 2893 5778 et
2931 5722 3036 5794 ipsi
3076 5721 3458 5777 sacerdotibus
3489 5721 3568 5792 (id
3597 5725 3704 5789 est,
3733 5723 3832 5774 aut

2194 5818 2309 5874 Deo
2337 5817 2671 5873 amabilibus
2701 5816 2995 5892 episcopis,
3028 5821 3125 5873 aut
3151 5815 3512 5873 sanctissimis
3535 5818 3832 5886 metropo-
