4056 6184
207 314 226 366 1
242 314 346 367 085

965 315 1336 371 IUSTINIANI
1374 310 1584 371 LEGES
1621 313 1952 371 SELECTE.
1993 314 2121 370 LIB.
2163 315 2204 381 Ι,
2245 313 2370 372 ΤΙΤ.
2416 315 2473 380 ν,
2514 309 2643 370 LEX
2680 315 2788 370 XV.

3420 317 3554 374 i086

201 417 342 488 litis,
377 419 475 512 aut
509 418 950 494 uniuscujusque
984 422 1289 478 dimceseos
1327 421 1698 477 sanctissimis
1722 438 1826 492 pa-
1849 437 1909 512 Α
1931 423 2056 478 ritas
2077 422 2459 494 prohibentur
2473 423 2872 494 magistratum
2889 437 3112 493 gerere,
3133 425 3193 477 et
3214 421 3556 494 dignitatem

207 509 493 581 triarchis,
526 513 841 568 secundum
868 530 1029 570 suam
1057 515 1261 586 cuique
1292 515 1614 586 regionem,
1632 517 1696 569 ut
1719 514 1830 586 ipsi

206 604 330 660 haec
375 605 782 678 intelligentes,
810 607 1122 662 secundum
1152 608 1308 680 quod
1335 613 1505 663 antea
1529 607 1830 663 deﬁnitum

158 742 170 752 .
206 708 310 768 est,
335 703 599 758 omnibus
613 720 674 758 se
703 711 998 776 opponant
1026 711 1084 762 et
1107 705 1386 777 resistant)
1405 723 1419 774 ;
1441 710 1498 761 et
1523 710 1830 778 postquam

207 796 278 850 ab
300 795 383 850 eis
407 795 453 850 is
471 795 568 867 qui
591 797 796 852 harum
818 814 1012 854 rerum
1039 799 1328 855 convictus
1349 799 1520 854 fuerit
1543 799 1830 870 depositus

208 888 402 956 fuerit,
433 905 548 944 non
579 890 750 946 curia:
774 891 1012 947 civitatis
1035 898 1134 948 aut
1170 893 1360 948 ofﬁcio
1397 909 1532 948 eum
1562 893 1710 948 tradi
1731 909 1828 948 cu-

211 983 458 1049 raverit;
490 987 546 1037 et
569 984 1004 1056 gloriosissimus
1025 986 1322 1057 prtefectus
1349 986 1520 1057 hujus
1551 985 1728 1042 felicis
1757 985 1832 1041 ci-

208 1075 401 1130 vitatis
425 1076 546 1130 hsec
569 1077 868 1145 custodiet,
893 1078 939 1133 si
962 1078 1198 1150 quidem
1229 1079 1287 1133 in
1317 1079 1424 1134 hac
1453 1082 1720 1150 peccetur
1737 1094 1827 1132 re-

211 1171 308 1242 gia
333 1173 528 1225 nostra
564 1170 808 1236 civitate,
845 1188 960 1227 una
985 1189 1116 1227 cum
1149 1172 1450 1228 obediente
1480 1173 1584 1244 ipsi
1617 1171 1826 1240 ofﬁcio,

208 1264 332 1335 ipse
358 1263 592 1336 quidem
621 1263 1082 1336 indignationem
1108 1269 1362 1321 nostram
1388 1264 1726 1335 subveritus,
1749 1264 1832 1336 ip-

208 1357 328 1413 sius
353 1360 548 1411 autem
586 1356 838 1411 ofﬁcium
867 1358 1064 1413 decem
1103 1359 1381 1414 librarum
1409 1358 1533 1414 auri
1564 1362 1830 1414 metuens

207 1466 460 1522 poenam.
481 1481 550 1490 —
565 1449 595 1523 §
613 1453 666 1505 6.
692 1451 904 1505 Verum
932 1451 1039 1506 ista
1064 1451 1299 1523 quidem
1329 1468 1433 1506 nos
1458 1451 1831 1522 legislationis

206 1544 381 1600 modo
400 1543 770 1599 confecimus.
790 1543 933 1598 Illud
953 1561 1087 1600 vero
1106 1544 1164 1600 in
1181 1545 1440 1600 confesso
1461 1549 1563 1612 est,
1577 1545 1714 1616 quia
1734 1561 1833 1599 no-

204 1637 298 1692 bis
338 1637 568 1708 quidem
617 1640 948 1691 consecrata
991 1625 1123 1692 sunt
1156 1638 1270 1694 Deo
1315 1654 1418 1710 pro
1463 1637 1830 1693 sacerdotum

208 1730 390 1802 ipsius
419 1730 740 1787 honestate.
774 1729 830 1785 Si
858 1746 992 1785 vero
1019 1731 1126 1802 ipsi
1159 1731 1498 1803 transgressi
1520 1731 1739 1786 fuerint
1763 1748 1832 1786 ea

205 1799 336 1895 quae
359 1825 491 1878 sunt
515 1822 801 1890 ordinata,
816 1828 872 1879 et
887 1799 1263 1892 dissimulent,
1295 1799 1494 1881 etnon
1517 1825 1827 1892 vindicent,
1853 1799 1908 1872 Β

208 1917 308 1970 sed
323 1915 575 1987 quadam
597 1915 862 1971 videlicet
875 1917 1233 1972 humanitate
1250 1934 1367 1973 non
1389 1917 1658 1974 laudabili
1683 1918 1832 1989 capti

209 2009 450 2077 fuerint,
496 2013 706 2080 praeter
733 2011 987 2064 ccclestes
1027 2027 1221 2082 poenas
1259 2011 1552 2066 habebunt
1593 2016 1650 2066 et
1679 2011 1832 2066 illinc

206 2102 778 2170 condemnationem,
810 2119 940 2174 quae
965 2102 1149 2158 illisin
1174 2103 1296 2176 ipso
1325 2103 1426 2159 Dei
1454 2109 1829 2176 repraesenta-

205 2196 366 2252 bitur
380 2195 670 2263 tribunali,
685 2212 812 2267 quas
833 2195 1191 2251 indecentem
1216 2196 1730 2252 dissimulationem
1747 2214 1832 2252 ar-

209 2293 349 2360 guet
375 2292 433 2344 et
467 2287 792 2343 vindicabit.
831 2288 886 2344 Si
929 2305 1063 2343 vero
1106 2292 1162 2344 et
1194 2289 1398 2360 aliquis
1432 2289 1683 2344 civilium
1711 2305 1829 2344 ma-

210 2382 554 2453 gistratuum
583 2381 1005 2452 majorum,aut
1021 2381 1334 2450 minorum,
1363 2381 1835 2450 ofﬁcialium,aut

210 2475 602 2542 defensorum,
633 2477 750 2544 aut,
773 2489 906 2529 cum
937 2474 1058 2528 haec
1086 2474 1369 2544 didicerit,
1405 2491 1522 2530 non
1537 2475 1830 2547 judicave-

210 2567 306 2634 rit,
330 2570 447 2634 aut,
479 2583 608 2622 cum
647 2566 934 2622 vindicare
963 2567 1182 2634 liceret,
1215 2568 1551 2638 neglexerit,
1584 2571 1683 2622 aut
1709 2583 1832 2621 rem

211 2659 478 2715 mercede
499 2659 833 2730 prodiderit,
858 2659 1000 2714 sciat
1017 2659 1192 2731 quod,
1216 2659 1835 2731 praeterinterminatas

210 2773 248 2812 a
270 2756 434 2811 nobis
452 2771 671 2828 poenas,
688 2756 920 2812 habebit
946 2761 1006 2812 et
1025 2773 1058 2812 a
1087 2757 1334 2812 maximo
1361 2759 1479 2813 Deo
1503 2762 1697 2813 nostro
1722 2774 1836 2828 poe-

212 2866 345 2904 nam
388 2853 745 2921 sequentem,
783 2852 842 2906 et
867 2850 1145 2906 obnoxius
1196 2851 1306 2906 erit
1354 2850 1835 2906 exsecrationibus

211 2943 485 2998 omnibus
511 2959 640 3014 qua:
669 2943 841 2998 sacris
866 2943 1234 2999 continentur
1255 2944 1431 2999 libris.
1453 2943 1573 3016 —§
1599 2949 1651 2998 '7.
1680 2943 1838 2999 Sicut

210 3039 408 3092 autem
457 3037 579 3092 haec
620 3036 786 3092 nobis
824 3037 894 3092 ob
925 3037 1068 3092 nihil
1111 3037 1265 3092 aliud
1311 3054 1482 3110 quam
1510 3037 1582 3093 ob
1609 3037 1835 3092 Domini

209 3129 431 3185 sancita
459 3136 592 3185 sunt
617 3129 854 3198 cultum,
874 3131 952 3185 sic
981 3134 1038 3186 et
1063 3132 1170 3186 hoc
1197 3131 1482 3199 addimus,
1505 3135 1570 3186 ut
1597 3130 1832 3202 inquisi-

210 3223 396 3278 tiones
439 3239 570 3278 cum
610 3239 834 3277 summa
875 3224 1172 3295 diligentia
1205 3226 1364 3291 ﬁant,
1398 3229 1455 3280 et
1484 3241 1557 3279 ne
1586 3225 1712 3296 quis
1741 3240 1833 3279 ca-

207 3316 525 3372 lumniator
542 3315 805 3385 insurgat
831 3315 889 3370 in
911 3317 1134 3387 aliquos
1160 3321 1258 3372 aut
1285 3318 1428 3372 falso
1449 3321 1833 3384 accusaturus,

207 3413 311 3465 aut
337 3408 543 3464 falsum
577 3407 968 3463 testimonium
997 3409 1216 3463 laturus
1239 3409 1328 3464 his
1355 3409 1426 3463 de
1457 3410 1660 3475 rebus;
1694 3409 1838 3464 sicut

207 3502 367 3557 enim
395 3499 804 3568 sacerdotibus,
836 3501 884 3555 si
910 3500 1050 3573 quid
1077 3501 1188 3556 tale
1211 3501 1452 3573 egerint,
1481 3503 1624 3556 tales
1649 3502 1832 3573 impo-

206 3595 432 3651 suimus
452 3611 668 3666 poenas,
689 3594 770 3649 ita
791 3597 848 3648 et
874 3594 961 3649 his
987 3594 1084 3665 qui
1113 3594 1446 3650 calumniari
1475 3595 1624 3666 ipsos
1656 3599 1837 3650 tenta-

207 3689 347 3756 rint,
370 3704 440 3742 ex
465 3688 606 3742 caelo
634 3691 690 3742 et
715 3687 935 3758 legibus
961 3687 1168 3743 nostris
1194 3704 1392 3759 poenas
1419 3687 1719 3743 imminere
1745 3704 1838 3742 vo-

207 3783 424 3848 lumus,
472 3779 538 3848 si,
582 3780 940 3836 accusatione
989 3783 1189 3852 coepta,
1237 3798 1335 3836 seu
1375 3781 1834 3850 annuntiatione,

207 3877 315 3929 aut
323 3873 596 3945 persequi
604 3873 915 3942 noluerint,
930 3877 1030 3930 aut
1047 3891 1412 3946 perseverare
1424 3875 1486 3930 in
1505 3873 1839 3946 hujusmodi

209 3966 662 4022 accusationibus
711 3983 828 4022 non
877 3967 1218 4040 quieverint.
1261 3969 1327 4024 Ι).
1369 3969 1460 4024 Pr.
1499 3969 1643 4024 Non.
1677 3969 1834 4037 Nov.,

209 4063 274 4117 C.
303 4061 397 4129 P.,
448 4053 767 4116 Iustiniano
813 4061 874 4116 P.
923 4061 983 4116 P.
1038 4063 1106 4116 A.
1160 4077 1215 4117 iv
1266 4063 1325 4116 et
1375 4061 1614 4118 Paulino
1670 4078 1723 4118 v.
1785 4077 1834 4116 c.

210 4169 354 4208 coss.
385 4153 506 4210 543.

747 4335 896 4400 LIB.
946 4335 1004 4413 Ι,
1049 4335 1200 4402 ΤΙΤ.
1245 4337 1319 4402 ν.

457 4439 531 4492 De
555 4439 814 4494 haereticis
833 4443 886 4494 et
909 4441 1217 4496 manichceis
1243 4445 1294 4496 et
1315 4442 1623 4498 Samaritis.

918 4621 1043 4676 LEX
1069 4622 1154 4676 XI.

313 4713 499 4763 σασα
523 4712 824 4764 constitutio
848 4713 1138 4826 Anastpsii;
1162 4717 1257 4762 aut
1283 4711 1589 4764 Iustiniani.
1621 4711 1754 4776 Ejus

920 4789 1002 4826 em
1027 4788 1108 4826 om
1142 4809 1156 4823 .

920 4788 1156 4840 epitome.

287 4849 638 4927 Ubicunque.
676 4855 969 4912 Manichaei
1020 4855 1404 4925 inveniantur,
1449 4855 1635 4928 capite
1675 4854 1837 4910 dam-

211 4951 396 5008 nandi
423 4954 576 5008 sunt.

275 5056 404 5109 Alia
429 5059 649 5124 epitome
675 5072 744 5111 ea:
764 5058 945 5124 Eclog.
980 5060 1148 5109 Βασιλ.
1179 5059 1268 5124 tib.
1294 5073 1332 5118 ι,
1359 5061 1436 5110 tit.
1463 5059 1582 5124 Περὶ
1607 5059 1757 5108 Μανι-

806 5120 978 5186 χαίῶν,
1019 5135 1136 5187 cap.
1165 5123 1247 5176 25.

286 5205 598 5268 Manichaee
637 5204 697 5262 in
735 5207 862 5262 loco
905 5207 1160 5262 Romano
1197 5207 1408 5279 degere
1463 5204 1840 5278 deprehenso,

213 5303 386 5370 caput
409 5301 760 5372 amputator.

901 5395 1027 5450 LEX
1059 5396 1174 5450 ΧΠ.

247 5483 432 5546 Graeca
456 5481 768 5546 constitutio
785 5482 1095 5546 Iustiniani.
1126 5483 1259 5545 Ejus
1285 5483 1505 5546 epitome
1526 5494 1594 5531 ea:
1618 5479 1796 5532 collec-

353 5545 494 5596 tione
527 5545 710 5595 Grcca
735 5543 1176 5596 Constitutionuni
1206 5543 1694 5596 ecclésiasticarum.

285 5628 576 5685 Manichasi
587 5629 842 5702 undique
859 5630 1300 5702 expelluntor,et
1310 5628 1492 5700 capite
1507 5627 1840 5700 puniuntur.

215 5722 444 5795 Reliqui
469 5727 663 5778 autem
690 5723 942 5778 haeretici
960 5723 1276 5794 (haereticus
1296 5726 1378 5778 est
1402 5721 1591 5778 omnis
1613 5738 1728 5778 non
1758 5738 1845 5777 or-

215 5815 522 5889 thodoxus)
549 5821 606 5872 et
625 5816 799 5874 Grmci
836 5815 955 5890 [seu
979 5815 1211 5890 pagani)
1237 5818 1295 5872 et
1331 5815 1531 5888 Judaei,
1560 5821 1616 5872 et
1643 5815 1840 5872 Sama-

1928 515 2162 583 habere,
2195 519 2294 572 aut
2330 516 2426 588 jus
2469 516 2679 585 dicere,
2711 519 2810 572 aut
2839 515 3194 583 defensores,
3237 519 3338 570 aut
3366 521 3556 588 patres

1928 609 2214 664 civitatum
2238 609 2364 663 ﬁeri
2393 609 2486 681 (ne
2513 609 2766 665 habeant
2779 608 3071 664 licentiam
3095 625 3324 676 vexare,
3348 613 3448 664 aut
3457 610 3554 682 ju-

1930 701 2119 757 dicare
2163 701 2533 770 Christianos,
2584 705 2682 756 aut
2726 701 3062 774 episcopos).
3112 703 3258 784 Item
3307 701 3556 759 militare

1929 811 2156 866 quoque
2182 794 2580 866 prohibentur,
2613 797 3000 867 praeterquam
3029 793 3075 848 si
3105 811 3174 848 ex
3215 811 3428 865 genere
3456 811 3550 850 co-

1929 887 2347 942 hortalinorum
2373 891 2538 956 sunt;
2567 887 2628 942 hi
2651 887 2806 942 enim
2831 892 3091 955 manent,
3121 903 3297 942 onera
3317 887 3552 958 quidem

1928 981 2292 1048 sustinentes,
2315 997 2430 1037 non
2451 980 2808 1036 ofl'endentes
2829 985 3043 1051 autem,
3069 997 3257 1052 neque
3283 980 3343 1034 in
3371 981 3562 1036 ortho-

1929 1074 2101 1129 doxos
2121 1074 2257 1145 quid
2273 1078 2641 1146 exsequentes
2663 1074 2720 1128 in
2741 1074 2980 1146 publicis
2992 1075 3077 1128 vel
3101 1073 3338 1144 privatis
3353 1073 3557 1130 causis.

1930 1165 2240 1231 Quiautem
2260 1166 2566 1222 tentaverit
2582 1167 2719 1238 quid
2736 1166 2939 1221 horum
2957 1167 3161 1234 facere,
3177 1169 3558 1237 prasterquam

1931 1259 2086 1331 quod
2111 1259 2326 1314 factum
2351 1274 2456 1330 pro
2487 1259 2698 1315 infecto
2722 1259 2848 1327 erit,
2879 1258 3040 1314 dabit
3064 1259 3238 1314 etiam
3264 1275 3333 1315 xx
3363 1259 3556 1326 libras,

1931 1358 1989 1408 et
2017 1353 2112 1424 qui
2142 1352 2382 1424 publicis
2407 1353 2558 1424 ipsos
2587 1352 3060 1424 descriptionibus
3091 1351 3346 1407 inserere
3370 1352 3558 1408 conati

1930 1445 2163 1516 fuerint,
2192 1447 2366 1502 etiam
2397 1461 2483 1513 xx,
2507 1449 2568 1499 et
2590 1445 2862 1500 Praasides
2889 1463 2940 1514 L,
2962 1450 3019 1500 et
3042 1462 3238 1500 omnes
3254 1447 3344 1500 hae
3371 1445 3556 1517 priva-

1930 1539 2001 1594 tis
2037 1539 2206 1594 rebus
2256 1539 2600 1593 inferuntur.
2638 1538 3008 1611 Excipiuntur
3053 1539 3242 1606 Gothi,
3285 1538 3382 1610 qui
3415 1539 3562 1593 ﬁunt

1930 1631 2211 1700 faederati,
2249 1637 2307 1687 et
2337 1631 2521 1702 aliter,
2564 1638 2739 1704 prout
2774 1632 2956 1686 visum
3004 1630 3338 1704 imperatori
3364 1631 3556 1699 fuerit,

1931 1726 2308 1782 honorantur.

2086 1845 2206 1896 Atia
2232 1845 2467 1909 ejusdem
2487 1859 2618 1910 pars
2641 1857 2708 1894 ex
2733 1845 2994 1894 Theodoro
3021 1843 3399 1909 Hermopolim.

2003 1951 2034 2024 ξ
2065 1955 2112 2006 1.
2140 1951 2477 2006 Parentibus
2511 1950 2743 2004 diversa:
2779 1949 2912 2004 ﬁdei
2939 1948 3308 2004 existentibus
3339 1951 3397 2002 et
3420 1947 3558 2002 reli-

1933 2044 2136 2115 gionis,
2165 2043 2312 2098 illius
2325 2041 2610 2098 sententia
2629 2043 2954 2114 prtevaleat,
2974 2041 3070 2114 qui
3085 2041 3155 2096 ad
3183 2041 3560 2096 orthodoxam

1933 2137 2060 2192 illos
2085 2136 2321 2207 elegerit
2346 2136 2660 2207 perducere
2687 2135 2884 2202 ﬁdem,
2920 2138 2976 2190 et
3011 2134 3272 2206 quamvis
3299 2138 3463 2204 pater
3487 2132 3562 2186 sit

1933 2230 2030 2301 qui
2078 2229 2436 2297 contradicit,
2488 2245 2560 2283 ne
2597 2227 2801 2284 exinde
2847 2227 3211 2283 succensendi
3253 2226 3558 2281 materiam

1933 2326 2190 2394 captans,
2230 2321 2560 2377 necessariis
2596 2337 2690 2376 eos
2730 2320 2913 2394 privet
2962 2319 3268 2388 alimentis,
3308 2325 3407 2376 aut
3435 2318 3560 2376 aliis

1935 2415 2262 2470 necessariis
2285 2415 2562 2486 expensis.

2593 2534 2720 2589 LEX
2751 2536 2882 2591 XIII.

2012 2627 2088 2678 l3.
2129 2628 2312 2678 Grsca
2340 2626 2888 2754 comtitutiqPIgs’ggi,
2917 2626 2998 2678 vel
3020 2626 3327 2678 Iustiniani.
3356 2627 3486 2691 Ejus

2683 2704 2698 2738 t
2841 2727 2852 2738 .

2683 2704 2852 2738 uome.

2006 2787 2264 2843 Haeretici
2291 2790 2482 2860 patres
2513 2787 2656 2842 nihil
2685 2787 2963 2844 habentes
2989 2786 3310 2858 legitimum
3340 2802 3454 2858 quo
3474 2801 3562 2840 ac-

1934 2885 2136 2936 cusent
2155 2881 2503 2936 orthodoxos
2524 2881 2690 2948 ﬁlios,
2723 2884 3008 2952 coguntur
3031 2883 3240 2951 praeter
3264 2879 3562 2934 facultates

1935 2993 2066 3030 suas
2092 2975 2268 3029 etiam
2295 2975 2574 3030 alimenta
2598 2990 2837 3044 erogare
2868 2973 2997 3041 illis,
3031 2977 3091 3027 et
3119 2973 3340 3045 reliqua
3371 2989 3564 3028 neces-

1936 3069 2106 3136 saria,
2135 3072 2194 3123 et
2221 3067 2572 3140 conjungere
2601 3067 2678 3137 (in
2721 3066 3178 3138 matrimonium)
3208 3065 3560 3133 orthodoxis,

1857 3165 1912 3239 C
1937 3166 1995 3217 et
2011 3162 2149 3216 dare
2173 3162 2335 3217 dotes
2357 3164 2415 3216 et
2433 3161 2858 3232 antenuptiales
2879 3159 3240 3226 donationes,
3262 3159 3565 3231 providen-

1935 3256 2015 3311 tia
2045 3254 2354 3327 praesidum
2384 3257 2440 3308 et
2466 3254 2889 3326 episcoporum.
2913 3285 2982 3293 —
3004 3253 3035 3325 §
3056 3257 3104 3308 1.
3132 3251 3443 3307 Orthodoxi
3461 3252 3562 3306 ﬁlii

1935 3348 2360 3414 haereticorum,
2379 3347 2475 3418 qui
2505 3347 2646 3400 nihil
2675 3341 3040 3416 deliquerunt
3059 3345 3119 3399 in
3147 3347 3436 3416 parentes,
3462 3344 3564 3398 illi-

1935 3441 2133 3495 batum
2165 3439 2472 3511 accipiunt,
2499 3443 2558 3492 et
2585 3437 3034 3503 indeminutum,
3065 3437 3220 3508 quod
3251 3437 3333 3490 eis
3361 3437 3432 3491 ab
3474 3437 3561 3490 in-

1934 3537 2144 3587 testato
2175 3532 2473 3604 competit,
2501 3535 2560 3586 et
2588 3531 2858 3586 adversus
2883 3531 3007 3586 haec
3036 3532 3188 3585 facta
3230 3529 3434 3584 ultima
3462 3546 3560 3584 vo-

1937 3625 2510 3681 luntas'inﬁrmatur:
2539 3623 2886 3679 conservatis
2916 3623 3296 3689 libertatibus,
3322 3622 3428 3676 nisi
3460 3622 3563 3676 ali-

1937 3734 2052 3791 qua
2081 3720 2208 3790 lege
2239 3717 2672 3789 prohibeantur.
2709 3717 2766 3772 Si
2796 3733 2929 3772 vero
2961 3717 3098 3788 quid
3130 3715 3480 3788 deliquerint
3506 3715 3564 3770 in

1937 3815 2224 3884 parentes,
2257 3815 2614 3879 accusantur,
2637 3816 2696 3865 et
2725 3810 3059 3881 puniuntur.
3095 3810 3318 3864 Habent
3345 3813 3562 3877 autem,

1939 3909 1997 3960 et
2033 3921 2164 3959 cum
2210 3903 2576 3976 deliquerint,
2624 3907 2888 3976 quartam
2928 3904 3265 3958 facultatum
3303 3902 3563 3975 ipsorum

1943 3997 2209 4071 [partem]
2236 4000 2586 4052 testamento
2619 3997 2790 4053 facto.
2828 4029 2896 4038 —
2923 3996 3027 4070 §2.
3055 3996 3274 4052 Eadem
3303 4001 3362 4052 et
3383 3995 3443 4052 in
3469 3997 3563 4051 Ju-

1939 4091 2076 4148 daais
2097 4094 2156 4146 et
2181 4091 2478 4147 Samaritis
2510 4090 2793 4146 obtinent.

2603 4213 2728 4268 LEX
2754 4213 2882 4267 XIV.

1941 4312 2124 4362 Graeca
2166 4308 2466 4370 constitutio
2516 4307 2747 4370 ejusdem
2797 4306 3152 4370 imperatoris.
3176 4303 3444 4370 AEpitome
3500 4318 3568 4354 ea:

2002 4373 2185 4422 Graeca
2208 4369 2508 4418 collectione
2535 4366 2980 4418 Constitutionum
3009 4366 3484 4418 ecclesiastican
3519 4373 3567 4416 et

2002 4435 2312 4489 Nomocan.,
2346 4431 2423 4481 tit.
2452 4431 2530 4492 12,
2563 4443 2680 4494 cap.
2706 4431 2757 4482 2.

1853 4524 1913 4597 D
2007 4529 2265 4584 Haeretici
2290 4528 2633 4602 synacteria,
2657 4544 2755 4583 seu
2782 4527 3048 4584 collectas
3073 4528 3262 4584 facere
3289 4543 3406 4583 non
3437 4543 3564 4599 pos-

1939 4626 2090 4691 sunt,
2115 4625 2215 4677 aut
2237 4638 2642 4695 parasynaxes,
2683 4625 2782 4677 aut
2814 4621 3084 4694 synodos,
3117 4624 3218 4676 aut
3247 4620 3561 4676 ordinatio-

1941 4734 2062 4785 nes,
2095 4719 2194 4770 aut
2221 4715 2586 4788 baptismate,
2617 4719 2717 4770 aut
2745 4715 3022 4770 exarchos
3056 4715 3292 4783 habere,
3322 4717 3422 4769 aut
3463 4731 3566 4786 pa-

1939 4810 2238 4865 ternitates
2265 4826 2364 4864 seu
2405 4808 2682 4877 ahhatias,
2721 4812 2821 4864 aut
2851 4807 3216 4864 defensiones
3246 4807 3565 4875 instituere,

1942 4908 2042 4959 aut
2065 4920 2264 4959 curare
2295 4920 2396 4958 seu
2424 4902 2829 4958 administrare
2859 4902 3022 4958 villas
3047 4919 3152 4974 per
3198 4901 3436 4973 seipsos,
3470 4904 3570 4956 aut

1942 5013 2046 5068 per
2064 4996 2432 5068 interpositas
2450 5011 2744 5068 personas,
2765 4999 2866 5050 aut
2890 4995 3029 5066 quid
3053 4993 3472 5066 prohibitorum
3489 4995 3570 5049 fa-

1941 5106 2090 5146 cere.
2127 5090 2235 5155 Qui
2265 5093 2652 5162 transgressus
2679 5089 2801 5144 haec
2832 5088 3024 5156 fuerit,
3054 5088 3324 5144 ultimum
3352 5088 3567 5162 suppli-

1942 5183 2093 5239 cium
2122 5184 2246 5239 luit.

2617 5278 2744 5333 LEX
2789 5277 2896 5333 XV.

2020 5377 2203 5427 Graca
2227 5375 2543 5427 constitutio.
2577 5375 2813 5452 Epitome
2837 5389 2906 5452 ea:
2937 5375 3110 5426 indice
3135 5375 3491 5428 Basilicorum

2559 5451 2682 5486 κατα
2706 5451 2945 5514 στιχδιαρν.

2013 5531 2308 5588 Manichaei
2328 5531 2537 5588 liberos
2557 5532 2795 5604 quidem
2818 5533 3098 5590 habentes
3118 5533 3485 5599 orthodoxos,
3509 5531 3567 5586 in

1944 5643 2044 5682 eos
2059 5629 2119 5681 et
2143 5626 2293 5681 solos
2310 5625 2380 5681 ab
2402 5626 2671 5683 intestato
2695 5627 3152 5700 (transmittant:
3184 5624 3344 5696 nulli)
3375 5627 3570 5680 autem

1943 5719 2039 5777 alii
2058 5719 2312 5774 viventes
2329 5725 2426 5776 aut
2447 5721 2764 5777 morientes
2777 5722 3066 5777 alienanto
3090 5721 3208 5786 (seu
3231 5735 3334 5789 per
3353 5717 3570 5773 institu-

1946 5813 2183 5884 tionem,
2207 5831 2303 5871 seu
2323 5832 2429 5888 per
2447 5816 2722 5888 legatum,
2759 5832 2860 5870 seu
2887 5830 2990 5886 per
3009 5811 3430 5885 donationem),
3453 5828 3570 5868 om-
