4076 6186
525 287 658 344 1087

1649 284 1904 340 SECULI
1941 284 2136 342 SEXTI
2173 287 2727 345 SUPPLEMENTUM.

3743 295 3874 348 1088

520 391 754 448 nimodo
797 407 999 462 eorum
1041 389 1406 448 facultatibus
1437 389 1512 448 ad
1551 389 1806 448 ﬁscalem
1837 390 2148 448 reddituris
2171 407 2230 480 Α
2251 395 2584 466 praesidibus
2625 396 2887 454 referunt
2929 397 3196 470 principi,
3229 413 3414 470 pcena
3441 413 3578 454 vero
3609 397 3745 452 ﬁsco
3771 415 3874 470 ap-

527 486 835 542 rationem.

1189 559 1314 614 LEX
1344 559 1467 614 XVI.

527 651 719 710 Graecas
761 653 1157 706 constitutionis
1210 655 1454 722 epitome,
1509 669 1575 707 ea:
1626 654 1928 708 collectione
1971 655 2152 710 Gravca

842 723 1322 778 ecclesiasticarum
1351 726 1820 780 Constitutionum.

593 839 666 892 Ex
695 837 1220 918 Manichaaofactus
1259 839 1630 908 orthodoxus,
1672 840 1718 894 si
1747 839 2011 894 inventus
2033 841 2150 894 fue-

523 931 598 984 rit
628 947 694 984 ea
714 947 838 1002 quae
866 931 1134 1002 [pristini]
1169 933 1377 986 erroris
1409 939 1572 987 erant
1595 938 1806 1000 tacere,
1831 936 1930 986 aut
1949 934 2151 988 saltem

523 1040 636 1078 una
665 1023 878 1094 degere
907 1025 1203 1092 duntaxat,
1229 1029 1286 1079 et
1302 1027 1624 1080 conversari
1645 1043 1774 1080 cum
1803 1027 2146 1094 Manichaeis,

523 1133 630 1170 nec
657 1117 954 1174 confestim
979 1118 1297 1189 prodiderit
1317 1121 1412 1174 illa
1427 1119 1772 1191 competenti
1793 1119 1992 1190 judici,
2025 1120 2150 1174 ulti-

521 1227 619 1264 mo
647 1211 922 1281 supplicio
945 1212 1198 1282 punitur.
1225 1212 1343 1284 -ξ
1374 1217 1424 1268 1.
1453 1213 1612 1268 Idem
1637 1213 1734 1284 qui
1765 1213 1822 1266 in
1854 1212 2145 1282 dignitati-

519 1302 626 1356 bus
653 1309 709 1358 et
735 1303 950 1358 militiis
977 1309 1110 1358 sunt
1135 1305 1370 1360 sollicite
1395 1323 1492 1360 eos
1519 1307 1618 1378 qui
1645 1306 1702 1360 in
1732 1323 1830 1360 suo
1859 1305 2147 1360 consortio

523 1401 654 1450 sunt
683 1397 966 1466 ejusmodi
995 1399 1305 1470 inquirant,
1332 1405 1388 1452 et
1413 1399 1663 1469 prodant
1691 1416 1704 1453 :
1739 1399 1871 1470 quia
1912 1399 1959 1452 si
1989 1415 2144 1452 com-

523 1491 840 1560 prehensus
865 1491 1204 1545 Manichacus
1237 1492 1442 1546 dixerit
1467 1493 1594 1546 sciri
1617 1509 1674 1546 se
1704 1496 1761 1546 et
1787 1493 1943 1546 nosci
1973 1492 2146 1546 talem

524 1600 558 1636 a
589 1583 956 1652 quibusdam,
979 1601 1232 1654 congrue
1261 1585 1340 1638 illi
1367 1585 1700 1655 puniuntur,
1737 1589 1796 1638 ut
1822 1585 1916 1655 qui
1945 1585 2148 1639 eadem

525 1675 888 1746 deliquerint,
917 1677 1146 1730 tametsi
1179 1695 1292 1732 non
1319 1677 1434 1731 sint
1455 1679 1595 1732 tales
1617 1695 1629 1744 ;
1649 1679 1848 1732 eadem
1877 1678 2032 1731 enim
2055 1677 2148 1730 de-

523 1767 785 1838 linquere
821 1769 1089 1823 videntur
1128 1770 1370 1824 scientes
1417 1771 1650 1842 quidem
1692 1771 2226 1849 delinquentem,B

525 1877 641 1914 non
669 1860 942 1915 facientes
971 1867 1162 1916 autem
1197 1863 1358 1917 illum
1385 1863 1776 1918 manifestum.
1800 1896 1867 1903 —
1896 1863 1925 1934 §
1955 1868 2006 1918 2.
2042 1863 2150 1927 Qui

523 1953 698 2008 habet
726 1954 903 2009 libros
927 1955 1320 2022 Manichaicos,
1353 1961 1410 2011 et
1439 1973 1555 2012 non
1584 1957 1912 2012 manifestat
1938 1974 2056 2024 eos,
2091 1960 2152 2011 ut

525 2047 958 2116 comburantur,
988 2049 1244 2120 punitur.

1191 2167 1316 2220 LEX
1347 2167 1499 2220 XVII.

593 2259 784 2314 Grecae
809 2261 1201 2314 constitutionis
1227 2262 1524 2385 {pstiniam‘
1545 2263 1770 2330 epitome
1799 2276 1866 2315 ea:
1893 2261 2079 2315 eadem

1175 2346 1232 2385 co
1281 2333 1496 2385 ectione.

1175 2333 1496 2386 collectione.

593 2434 837 2500 Sanctae,
867 2439 974 2489 etc.
999 2435 1490 2491 Samaritanorum
1523 2453 1828 2508 synagogas
1850 2437 2150 2490 destruun-

523 2530 649 2594 tur;
683 2530 760 2595 et,
793 2527 838 2580 si
874 2528 1012 2582 alias
1051 2533 1274 2584 tentent
1309 2531 1518 2596 facere,
1571 2529 1902 2600 puniuntur.
1941 2561 2008 2569 ——
2037 2529 2067 2600 §
2099 2533 2148 2584 ί.

523 2620 646 2674 Non
677 2627 912 2690 possunt
937 2637 1289 2676 successores
1325 2623 1535 2676 habere
1567 2639 1632 2676 ex
1661 2626 2027 2688 testamento,
2061 2623 2150 2676 vel

523 2713 595 2767 ab
615 2713 909 2781 intestato,
937 2719 1147 2784 praeter
1172 2716 1551 2778 orthodoxos;
1578 2733 1764 2786 neque
1792 2715 2026 2782 donant,
2055 2720 2154 2770 aut

525 2805 691 2860 aliter
718 2806 976 2861 alienant
1003 2808 1062 2862 hi
1084 2809 1182 2878 qui
1209 2827 1320 2862 non
1354 2813 1485 2864 sunt
1505 2809 1825 2878 orthodoxi,
1861 2809 1958 2864 sed
1985 2809 2152 2862 ﬁscus

521 2899 644 2971 ipsa
671 2900 920 2955 vindicat
945 2901 1302 2972 providentia
1321 2903 1722 2973 episcoporum
1747 2908 1804 2956 et
1821 2902 2147 2974 praesidum.

1165 3019 1291 3072 LEX
1331 3019 1510 3074 XVIII.

525 3108 716 3164 Greca:
757 3111 1146 3164 constitutionis
1190 3111 1422 3178 ejusdem
1463 3113 1764 3166 Justiniani
1809 3113 2032 3180 epitome
2088 3126 2155 3164 ea:

1071 3181 1255 3235 eadem
1281 3182 1605 3235 collectio-ne.

595 3282 730 3346 Quae
747 3282 817 3336 de
834 3283 1128 3337 Samaritis
1151 3285 1276 3354 lege
1299 3287 1510 3338 statuta
1527 3286 1656 3337 sunt
1671 3283 1818 3337 circa
1831 3299 2152 3354 synagogas

525 3381 581 3430 et
606 3377 1011 3444 successiones,
1045 3377 1306 3432 obtinent
1331 3381 1388 3431 et
1411 3377 1470 3431 in
1489 3377 1862 3442 Montanistis,
1897 3381 1954 3430 et
1977 3379 2152 3431 Asco-

525 3469 783 3540 drogitis,
815 3473 872 3524 et
898 3469 1136 3541 Ophitis.
1173 3471 1288 3526 Soli
1319 3471 1472 3525 enim
1507 3470 1804 3526 orthodoxi
1838 3469 2152 3524 succedunt

523 3563 659 3634 ipsis
686 3580 750 3617 ex
783 3567 1152 3630 testamento,
1193 3569 1250 3618 et
1290 3565 1361 3618 ab
1387 3564 1682 3630 intestato,
1726 3567 1784 3617 et
1827 3564 2014 3632 legata
2057 3580 2150 3617 ca-

523 3657 692 3727 piunt
719 3673 732 3710 :
763 3658 956 3711 caeteri
1001 3663 1194 3712 autem
1223 3657 1496 3724 haeretici,
1531 3657 1587 3711 id
1618 3661 1722 3722 est,
1758 3657 1854 3728 qui
1879 3673 1994 3710 non
2023 3658 2154 3710 sunt

525 3749 850 3818 orthodoxi,
895 3755 953 3804 et
981 3751 1176 3818 Graeci,
1211 3767 1310 3804 seu
1343 3750 1576 3822 pagani,
1601 3755 1658 3805 et
1684 3749 2004 3817 Samaritae,
2033 3766 2151 3804 non

525 3847 792 3912 militant,
811 3864 998 3918 neque
1021 3851 1134 3903 ulla
1154 3849 1434 3916 dignitate
1460 3849 1826 3916 decorantur,
1849 3865 2034 3920 neque
2057 3863 2155 3918 pu-

521 3939 734 3992 blicam
783 3940 1174 4010 adipiscuntur
1230 3959 1447 4008 curam,
1487 3959 1674 4012 neque
1707 3943 1933 4008 docent,
1965 3957 2154 4011 neque

524 4031 985 4087 advocationibus
1023 4033 1359 4104 funguntur.
1397 4035 1452 4090 Si
1483 4051 1617 4090 vero
1647 4035 1772 4104 quis
1804 4035 1876 4089 ad
1909 4051 1976 4088 ea
2006 4033 2149 4088 obti-

523 4126 712 4180 nenda
738 4125 967 4180 simulet
1003 4143 1063 4180 se
1093 4127 1498 4195 orthodoxum,
1530 4132 1588 4182 et
1609 4131 1885 4198 appareat
1911 4143 2150 4182 uxorem

523 4219 763 4286 habens,
793 4223 892 4274 aut
925 4221 1133 4275 liberos
1165 4221 1481 4289 haereticos,
1519 4225 1577 4274 et
1600 4237 1716 4276 non
1745 4221 1992 4276 adducat
2019 4221 2152 4290 ipsis

523 4313 594 4366 ad
625 4313 1046 4380 orthodoxiam,
1083 4313 1322 4384 ejicitur.
1357 4315 1414 4370 Si
1435 4331 1570 4370 vero
1595 4315 1771 4370 etiam
1801 4315 1998 4382 lateat,
2035 4329 2152 4368 non

525 4407 860 4478 potestquid
881 4424 1115 4462 suarum
1135 4425 1326 4462 rerum
1346 4409 1583 4478 donare,
1599 4413 1696 4464 aut
1713 4408 1880 4462 aliter
1901 4407 2150 4462 alienare

2253 488 2557 562 plicantur.

2927 587 3058 642 LEX
3089 587 3212 643 XIX.

2321 697 2480 752 Idem
2503 700 2788 768 Augustus
2809 697 3034 752 Iuliano
3057 700 3116 752 P.
3145 699 3206 752 P.

2322 790 2704 860 Cognovimus
2743 791 2954 844 multos
2983 807 3106 844 esse
3133 790 3482 845 orthodoxos
3509 790 3724 845 liberos
3751 791 3878 862 qui-

2249 883 2355 936 bus
2385 899 2490 936 nec
2511 887 2674 953 pater
2695 899 2800 937 nec
2825 886 3010 937 mater
3037 883 3370 938 orthodoxae
3397 887 3528 936 sunt
3553 883 3874 954 religionis.

2249 977 2318 1030 Et
2357 975 2484 1030 ideo
2513 976 2797 1030 sancimus
2825 981 2886 1030 ut
2921 993 3036 1030 non
3075 979 3302 1030 tantum
3345 977 3404 1030 in
3433 993 3569 1030 casu
3611 977 3706 1030 ubi
3739 977 3882 1030 alter

2251 1069 2410 1140 [non]
2460 1069 2798 1123 orthodoxse
2847 1069 3141 1140 religionis
3185 1075 3287 1134 est,
3329 1069 3432 1122 sed
3469 1069 3644 1123 etiam
3691 1069 3752 1122 in
3796 1069 3882 1122 his

2249 1162 2470 1216 casibus
2493 1162 2550 1216 in
2568 1162 2772 1233 quibus
2793 1165 3034 1232 uterque
3055 1178 3263 1232 parens
3291 1163 3494 1216 alienae
3515 1167 3688 1216 secta:
3711 1163 3804 1228 sit,
3827 1161 3884 1216 id

2250 1259 2354 1318 est,
2373 1257 2536 1324 pater
2557 1259 2614 1309 et
2635 1259 2838 1322 mater,
2861 1255 2920 1308 hi
2949 1255 3348 1310 tantummodo
3379 1255 3544 1310 liberi
3569 1255 3644 1308 ad
3675 1271 3882 1309 eorum

2247 1349 2687 1414 successionem,
2726 1349 2840 1402 sive
2867 1365 2937 1403 ex
2967 1353 3334 1418 testamento,
3368 1349 3482 1402 sive
3513 1349 3584 1402 ab
3611 1349 3882 1402 intestato

2245 1445 2539 1508 vocentur,
2573 1445 2628 1496 et
2655 1442 3012 1510 donationes,
3057 1457 3154 1496 seu
3185 1442 3311 1495 alim
3341 1441 3638 1496 libertates
3669 1442 3762 1495 his
3793 1457 3882 1494 ac-

2248 1534 2451 1588 cedere
2465 1535 2703 1606 possint,
2723 1535 2818 1606 qui
2837 1536 3287 1590 orthodoxorum
3297 1535 3608 1590 venerabili
3629 1539 3768 1588 sunt
3787 1551 3884 1588 no-

2247 1627 2402 1682 mine
2437 1628 2690 1682 decorati
2721 1645 2733 1682 :
2778 1627 2996 1682 caeteris
3025 1629 3222 1682 liberis
3259 1645 3460 1682 eorum
3491 1629 3592 1699 qui
3623 1645 3746 1682 non
3785 1629 3882 1682 Dei

2253 1720 2663 1791 omnipotentis
2704 1737 2985 1787 amorem,
3027 1721 3127 1774 sed
3171 1725 3494 1792 paternam,
3535 1723 3624 1774 vel
3667 1725 3878 1776 mater-
3949 1741 3964 1756 ο

2251 1829 2385 1866 nam
2413 1813 2650 1884 impiam
2671 1813 3034 1869 affectionem
3057 1813 3232 1868 secuti
3253 1817 3404 1880 sunt,
3421 1815 3492 1868 ab
3513 1815 3678 1868 omni
3705 1814 3878 1868 bene—

2251 1907 2378 1961 ficio
2411 1907 2776 1978 repellendis.
2795 1907 3012 1960 Liberis
3035 1912 3227 1962 autem
3249 1907 3576 1962 orthodoxis
3607 1923 3728 1961 non
3759 1907 3872 1961 exi-

2252 1999 2548 2066 stentibus,
2584 2001 2656 2054 ad
2689 2000 3084 2070 agnationem,
3111 2000 3198 2054 vel
3234 2001 3642 2072 cognationem
3671 2015 3876 2054 eorum

2252 2093 2616 2162 (orthodoxos
2656 2095 2872 2164 tamen)
2917 2093 3148 2148 easdem
3199 2111 3312 2161 res,
3359 2095 3448 2148 vel
3489 2093 3876 2148 successiones

2250 2187 2570 2257 pervenire.

2323 2274 2488 2338 Quod
2508 2275 2552 2328 si
2572 2273 2696 2346 [nec
2711 2276 2967 2346 agnatio]
2981 2278 3068 2330 vel
3085 2276 3352 2346 cognatio
3363 2281 3518 2330 recta
3533 2275 3884 2342 inveniatur,

2251 2371 2386 2422 tunc
2407 2367 2640 2422 easdem
2667 2385 2758 2422 res
2777 2369 2898 2422 ﬁsci
2921 2369 3100 2423 nostri
3109 2369 3334 2439 juribus
3349 2369 3654 2423 vindicari-
3679 2369 3794 2440 -ξ
3833 2375 3880 2423 l.

2251 2460 2362 2516 Sed
2375 2477 2448 2514 ne
2465 2461 2764 2516 videamur
2781 2461 3156 2516 morientibus
3175 2463 3410 2532 quidem
3435 2463 3798 2533 genitoribus
3815 2463 3880 2516 li-

2249 2559 2402 2613 beris
2415 2559 2736 2629 providere,
2750 2559 3067 2614 viventibus
3081 2565 3272 2614 autem
3291 2561 3508 2614 nullam
3523 2561 3740 2615 inferre
3759 2577 3886 2631 pro-

2251 2651 2564 2706 videntiam
2585 2651 2760 2722 (quod
2781 2652 2954 2707 etiam
2975 2669 3040 2707 ex
3067 2653 3214 2707 facto
3236 2653 3403 2706 nobis
3425 2653 3726 2722 cognitum
3751 2655 3878 2718 est],

2253 2745 2648 2799 necessitatem
2663 2745 2738 2798 im
2746 2746 3012 2816 ponimus
3025 2746 3229 2800 talibus
3242 2746 3602 2816 genitoribus
3615 2747 3886 2800 orthodo-

2251 2855 2349 2892 xos
2377 2839 2587 2892 liberos
2617 2839 2930 2892 secundum
2961 2839 3078 2892 vim
3108 2839 3440 2910 patrimonii
3471 2840 3646 2906 alere,
3679 2843 3742 2893 et
3769 2857 3886 2894 om-

2253 2931 2346 2984 nia
2375 2931 2456 2984 eis
2487 2935 2778 3002 praestare,
2813 2948 2938 3002 quae
2977 2931 3048 2986 ad
3079 2931 3428 3002 quotidianae
3465 2931 3596 2985 vitae
3643 2949 3884 2986 conser-

2251 3023 2540 3078 vationem
2566 3023 2877 3078 sufﬁciant:
2903 3024 3004 3078 sed
3027 3029 3082 3077 et
3098 3024 3260 3078 dotes
3285 3041 3390 3094 pro
3411 3025 3634 3078 ﬁliabus
3661 3028 3724 3079 et
3751 3041 3888 3096 nep-

2172 3141 2226 3216 C
2252 3117 2402 3170 tibus
2433 3117 2588 3182 dare,
2621 3119 2677 3170 et
2697 3121 2828 3170 ante
2853 3117 3078 3188 nuptias
3105 3117 3446 3172 donationes
3476 3134 3583 3188 pro
3611 3117 3764 3184 ﬁliis,
3797 3119 3886 3172 vel

2253 3210 2556 3280 nepotibus
2577 3210 2942 3280 perscribere,
2957 3211 3016 3264 in
3040 3211 3200 3265 omni
3229 3227 3360 3264 casu
3390 3211 3708 3265 secundum
3729 3211 3882 3266 vires

2253 3303 2582 3375 patrimonii
2608 3303 2936 3374 hujusmodi
2953 3303 3389 3358 liberalitatibus
3406 3304 3787 3370 aestimandis,
3807 3321 3882 3360 ne

2251 3401 2487 3468 propter
2517 3397 2690 3450 divini
2711 3397 2924 3452 amoris
2953 3398 3314 3464 electionem,
3343 3403 3610 3468 paterna,
3639 3397 3728 3450 vel
3753 3415 3882 3452 ma-

2253 3495 2419 3545 terna
2449 3491 2561 3544 sint
2583 3489 2746 3544 liberi
2779 3489 3099 3561 provisione
3129 3491 3477 3545 defraudati.

2324 3584 2602 3638 Omnibus
2645 3583 2906 3639 videlicet
2933 3601 3060 3654 qua:
3097 3589 3305 3638 nostra:
3341 3584 3782 3639 constitutiones
3811 3585 3884 3639 de

2253 3676 2433 3746 poenis
2455 3693 2836 3748 paganorum,
2870 3681 2927 3730 et
2961 3677 3426 3745 Manichaeorum,
3461 3681 3521 3731 et
3551 3677 3882 3732 Borborita-

2254 3785 2402 3836 rum,
2433 3773 2490 3822 et
2513 3769 2941 3836 Samaritarum,
2969 3769 3464 3836 Montanistarum,
3495 3773 3552 3824 et
3565 3770 3882 3824 Tascodro-

2253 3862 2526 3933 gitarum,
2571 3867 2628 3916 et
2665 3863 3026 3933 Ophitarum,
3067 3867 3524 3934 caeterorumque
3571 3863 3880 3918 haeretico-

2253 3972 2382 4010 rum
2419 3956 2544 4026 jam
2585 3955 3022 4023 constituerunt,
3055 3971 3118 4011 ex
3149 3957 3255 4010 hac
3285 3961 3481 4011 nostra
3510 3957 3643 4028 lege
3673 3955 3882 4010 conﬁr-

2253 4047 2499 4116 mandis,
2518 4053 2576 4104 et
2595 4049 2652 4102 in
2679 4051 3022 4120 perpetuum
3041 4049 3460 4104 valituris.Dat.
3485 4049 3682 4104 Const.
3709 4049 3878 4103 xKal.

2253 4143 2406 4209 Dec.,
2438 4142 2746 4214 Lampadio
2767 4145 2823 4197 et
2843 4143 3039 4197 Oreste
3067 4157 3158 4196 vv.
3181 4159 3262 4197 cc.
3297 4159 3439 4198 coss.
3475 4145 3600 4197 530.

2935 4290 3062 4346 LEX
3097 4291 3199 4346 XX.

2289 4385 2692 4442 Constitutionis
2719 4383 2916 4439 Greca
2938 4386 3162 4454 epitome
3189 4399 3256 4439 ea:
3285 4384 3468 4438 eadem
3495 4383 3820 4440 collectione.

523 4500 813 4566 haeretico,
847 4501 948 4554 sed
977 4501 1097 4555 haec
1125 4505 1182 4554 et
1207 4501 1533 4556 haereticam
1554 4501 1804 4555 delatam
1829 4501 2005 4571 ipsius
2034 4516 2152 4554 suc-
2169 4508 2228 4580 D
2323 4499 2584 4555 Haretici
2607 4500 3112 4568 communicantes,
3135 4503 3236 4554 aut
3259 4516 3514 4570 synaxes,
3541 4504 3643 4553 aut
3663 4499 3872 4570 baptis-

525 4593 844 4648 cessionem
857 4593 1111 4647 vindicat
1123 4593 1308 4648 ﬁscus.
1327 4597 1386 4648 In
1405 4595 1732 4648 universum
1750 4594 1908 4648 enim
1921 4595 2018 4665 qui
2033 4609 2154 4664 par-

523 4686 722 4757 ticipes
751 4689 882 4740 sunt
899 4687 1137 4753 militiae,
1167 4691 1264 4740 aut
1285 4687 1598 4758 dignitatis,
1622 4691 1721 4740 aut
1741 4687 2150 4754 advocationis,

526 4784 626 4834 aut
649 4780 893 4851 publica:
915 4780 1296 4848 liberalitatis,
1326 4785 1424 4834 aut
1449 4783 1770 4852 applausus,
1791 4782 1938 4836 solos
1963 4781 2154 4836 ortho-

522 4875 698 4930 doxos
715 4875 931 4929 habent
959 4890 1330 4940 successores,
1353 4879 1408 4928 et
1429 4891 1520 4928 res
1535 4875 1794 4944 ipsorum
1809 4890 2152 4945 quocunque

524 4969 695 5022 modo
726 4968 800 5022 ad
831 4967 1167 5022 haereticum
1201 4967 1439 5032 delatas,
1463 4967 1628 5022 ﬁscus
1659 4967 1926 5022 vindicat.
1949 4967 2072 5040 —§
2101 4971 2148 5022 l.

525 5059 580 5114 Si
601 5062 745 5114 alter
765 5063 1076 5132 conjugum
1093 5061 1442 5116 orthodoxus
1461 5062 1550 5128 sit,
1575 5065 1632 5116 et
1657 5062 1802 5116 alter
1827 5062 2150 5128 haereticus,

525 5157 753 5222 oportet
777 5155 900 5208 ﬁeri
933 5157 1142 5210 liberos
1175 5171 1376 5210 eorum
1409 5155 1774 5209 orthodoxos.
1809 5155 1972 5218 Quod
2006 5155 2053 5208 si
2085 5171 2154 5208 ex

525 5245 614 5300 his
641 5245 737 5300 alii
772 5247 1074 5304 orthodoxi
1101 5249 1263 5318 ﬁant,
1298 5249 1392 5304 alii
1439 5247 1692 5303 haeretici
1725 5252 2020 5314 maneant,
2049 5247 2152 5302 soli

522 5339 836 5394 succedunt
852 5341 1079 5412 utrique
1112 5344 1336 5414 parenti
1369 5341 1690 5398 orthodoxi.
1715 5341 1923 5398 Sivero
1953 5357 2152 5396 omnes

521 5432 924 5500 sintheeretici,
944 5435 1166 5504 cognati
1181 5436 1484 5492 orthodoxi
1500 5435 1830 5502 succedunt,
1847 5433 2022 5489 autiis
2035 5451 2151 5490 non

523 5527 896 5584 existentibus
921 5526 1106 5580 ﬁscus.
1129 5557 1195 5566 —
1221 5527 1251 5598 §
1280 5533 1332 5582 2.
1363 5529 1545 5584 liabet
1569 5528 1932 5600 (constitutio)
1967 5528 2150 5583 diver-

519 5637 612 5677 sas
641 5637 838 5692 pmnas
867 5623 1068 5675 contra
1101 5621 1478 5690 neglectores,
1509 5625 1566 5676 et
1597 5637 1712 5677 non
1743 5623 2154 5692 persequentes

518 5719 620 5771 aut
645 5715 960 5770 indicantes
981 5713 1254 5785 prsesides
1278 5717 1334 5768 et
1356 5713 1544 5768 ofﬁcia
1566 5715 1769 5780 civilia,
1809 5716 1896 5768 vel
1940 5714 2154 5769 milita-

517 5811 604 5863 ria
635 5812 690 5860 et
731 5807 1050 5882 episcopos,
1092 5809 1190 5883 qui
1239 5807 1477 5882 quidem
1515 5809 1572 5863 et
1615 5807 1686 5862 de
1729 5807 2154 5878 neglectoribus

2253 4597 2408 4648 mata
2445 4593 2721 4648 facientes
2763 4593 3096 4664 puniuntur,
3145 4597 3206 4647 ut
3241 4593 3338 4664 qui
3389 4595 3544 4664 leges
3583 4597 3874 4663 transgre-

2255 4686 2507 4754 diuntur,
2525 4691 2582 4740 et
2601 4686 2698 4758 qui
2717 4687 2922 4742 domos
2942 4686 3077 4756 ipsis
3092 4687 3166 4741 ad
3185 4687 3295 4740 hoc
3316 4685 3594 4757 praebent,
3611 4685 3738 4754 jam
3761 4702 3880 4738 san-

2253 4779 2377 4834 citis
2403 4780 2584 4851 poenis
2607 4779 3136 4852 subjiciuntur.-—§
3166 4783 3213 4834 l.
3243 4779 3363 4834 Soli
3395 4779 3704 4833 orthodoxi
3735 4779 3878 4832 intra

2254 4889 2414 4928 sacra
2457 4877 2619 4944 septa
2663 4873 2940 4928 habentes
2979 4873 3312 4944 ergasteria,
3353 4875 3594 4926 utuntur
3637 4871 3870 4944 privile-

2253 4967 2382 5038 giis,
2421 4983 2538 5021 non
2578 4967 2718 5020 item
2749 4967 3017 5034 hieretici,
3048 4966 3146 5036 qui
3183 4981 3289 5020 nec
3333 4965 3486 5020 intra
3528 4981 3694 5018 sacra
3723 4969 3880 5036 septa

2255 5060 2639 5132 negotiantur,
2683 5076 2755 5114 ne
2799 5059 2990 5114 divina
3033 5059 3273 5113 audiant
3326 5057 3622 5130 mysteria.
3657 5089 3730 5097 —-—
3761 5057 3792 5130 §
3829 5062 3878 5112 2.

2252 5153 2606 5210 Montanistze
2627 5169 2780 5220 vero,
2825 5169 3009 5224 neque
3041 5157 3474 5208 commorantur
3503 5169 3636 5206 cum
3675 5152 3770 5206 his
3791 5151 3882 5222 qui

2255 5264 2320 5302 ex
2347 5248 2432 5302 his
2461 5247 2760 5303 orthodoxi
2787 5246 2922 5301 facti
2950 5251 3114 5312 sunt;
3147 5250 3204 5302 et
3233 5246 3335 5316 qui
3359 5246 3627 5300 dicuntur
3657 5262 3730 5300 ex
3755 5245 3882 5316 ipsis

2255 5341 2527 5412 episc0pi,
2562 5343 2661 5395 aut
2685 5340 2897 5407 clerici,
2923 5339 3289 5412 expelluntur
3303 5339 3449 5394 urbe
3477 5341 3882 5395 Constantino-

2255 5434 2530 5506 politana.

2323 5528 2353 5600 §
2373 5529 2706 5583 3.Vetantur
2721 5527 2964 5582 mercari
2985 5527 3292 5600 mancipia,
3313 5544 3504 5599 neque
3523 5529 3884 5596 erogationes

2255 5621 2575 5692 percipiunt
2602 5621 2702 5692 qui
2730 5637 2794 5676 ex
2823 5621 2910 5676 his
2932 5625 3168 5693 egentes
3188 5625 3324 5676 sunt
3347 5637 3446 5676 eas
3465 5637 3599 5692 quae.
3627 5619 3886 5675 dicuntur

2255 5715 2565 5769 honoraria
2591 5731 2652 5769 ex
2679 5714 2911 5785 judiciis
2931 5715 3016 5770 vel
3050 5715 3336 5784 ecclesiis;
3373 5719 3430 5768 et
3461 5713 3558 5786 qui
3579 5714 3790 5768 tribuit
3809 5715 3882 5768 eis

2253 5807 2706 5867 irrationabilem
2729 5809 3149 5882 prefecturam,
3175 5809 3379 5866 decem
3404 5808 3564 5866 libris
3583 5809 3884 5874 multatur,
