4056 6184
188 261 324 316 1089

941 257 1303 314 IUSTINIANI
1344 257 1550 313 LEGES
1588 257 1916 314 SELECTE.
1960 259 2083 313 LIB.
2127 259 2166 324 I,
2209 257 2333 313 TIT.
2376 259 2532 325 XVII,
2573 259 2702 314 LEX
2743 259 2782 312 I.

3403 265 3538 317 I090

177 373 236 422 et
259 369 453 421 decem
482 380 705 438 quoque
740 365 894 420 libris
922 366 1189 437 priesides
1228 384 1297 420 ex
1339 367 1703 438 negligentia,
1746 372 1802 422 et
1822 384 1880 456 Α
1902 370 1957 422 et
1983 367 2181 422 mundi
2211 368 2382 422 totius
2405 368 2682 422 elementa
2697 371 3115 438 processerunt,
3130 373 3187 422 et
3217 384 3409 422 rerum
3431 370 3542 422 dis-

177 476 369 514 comes
397 460 762 531 privatarum,
791 464 846 513 et
874 459 1122 513 ofﬁcium
1151 476 1370 514 eorum.

289 540 340 560 ⁴
857 571 982 626 LEX
1021 572 1144 626 XXI.

253 665 412 719 Idem
437 666 718 734 Augustus
744 665 942 718 Ioanni
969 667 1026 718 P.
1059 666 1120 718 P.

247 753 528 816 Quoniam
564 753 732 806 multi
773 753 992 823 judices
1027 752 1085 806 in
1118 752 1450 806 dirimendis
1479 751 1677 822 litigiis
1705 769 1807 806 nos

178 845 702 917 interpellaverunt,
751 851 941 899 nostro
993 845 1308 915 indigentes
1346 846 1586 911 oraculo,
1617 849 1683 899 ut
1729 846 1807 899 eis

179 943 464 993 reseretur
492 937 627 1008 quid
656 938 723 992 de
751 938 982 992 testibus
1011 938 1288 992 haereticis
1319 938 1681 992 statuendum
1712 938 1802 1007 sit,

176 1038 448 1086 utrumne
493 1031 840 1102 accipiantur
880 1047 1082 1085 eorum
1115 1031 1456 1100 testimonia,
1499 1049 1571 1085 an
1609 1048 1804 1102 respu-

177 1130 366 1192 antur,
391 1124 670 1178 sancimus
694 1129 888 1178 contra
917 1125 1255 1179 orthodoxos
1275 1125 1502 1196 quidem
1523 1125 1805 1195 litigantes

177 1217 396 1271 nemini
424 1218 702 1285 haeretico,
730 1218 816 1271 vel
842 1217 929 1271 his
960 1217 1132 1271 etiam
1158 1217 1256 1288 qui
1274 1218 1562 1272 Iudaicam
1587 1235 1806 1288 supers-

173 1310 436 1364 titionem
461 1311 670 1378 colunt,
701 1326 820 1364 esse
861 1310 919 1363 in
967 1310 1294 1364 testimonia
1324 1311 1801 1380 communionem,

175 1403 291 1457 sive
320 1407 559 1474 utraque
587 1419 716 1474 pars
747 1403 1056 1457 orthodoxa
1082 1403 1172 1471 sit,
1206 1403 1318 1457 sive
1344 1405 1538 1458 altera.
1569 1405 1717 1458 Inter
1746 1421 1804 1458 se

173 1502 368 1549 autem
399 1495 697 1564 haereticis,
728 1497 814 1549 vel
839 1495 1067 1561 Iudaeis,
1098 1496 1195 1550 u'bi
1243 1496 1581 1566 litigandum
1608 1496 1801 1552 existi-

172 1589 475 1655 maverint,
505 1589 861 1643 concedimus
900 1589 1076 1643 foedus
1117 1589 1482 1660 permixtum,
1516 1595 1572 1643 et
1606 1589 1804 1661 dignos

171 1681 554 1752 litigatoribus
582 1681 752 1735 etiam
783 1685 953 1736 testes
980 1681 1339 1736 introducere
1371 1699 1383 1736 :
1413 1683 1656 1752 exceptis
1693 1683 1800 1736 sci-

1911 461 2110 531 positio
2151 461 2207 514 in
2253 462 2449 515 orbem
2485 466 2767 514 terrarum
2808 460 3080 531 producta
3116 461 3277 534 est.§
3323 465 3369 514 I.
3402 463 3544 516 Cum

1908 553 2097 624 itaque
2129 554 2272 607 nihil
2301 559 2418 608 tam
2445 554 2757 608 studiosum
2789 553 2844 607 in
2887 554 3154 607 omnibus
3191 555 3359 608 rebus
3390 555 3543 609 inve-

1906 647 2081 714 nitur,
2115 664 2286 717 quam
2312 648 2502 717 legum
2532 647 2857 715 auctoritas,
2883 663 3008 718 qua:
3033 653 3090 702 et
3118 645 3332 701 divinas
3361 652 3419 702 et
3444 649 3546 702 hu-

1907 756 2102 794 manas
2133 758 2218 794 res
2238 741 2381 794 bene
2412 740 2681 812 disponit,
2713 745 2768 793 et
2795 757 3022 793 omnem
3052 739 3408 810 iniquitatem
3444 758 3542 795 ex-

1908 833 2084 903 pellit,
2103 833 2420 904 reperimus
2435 838 2625 888 autem
2641 850 2872 888 omnem
2891 833 3086 903 legum
3109 833 3422 902 tramitem,
3447 835 3547 904 qui

1908 926 1978 979 ab
2011 927 2148 980 urbe
2177 928 2352 982 Roma
2378 927 2601 980 condita
2623 931 2679 980 et
2709 926 2993 981 Romuleis
3016 926 3303 980 descendit
3329 929 3546 996 tempo-

1905 1019 2060 1073 ribus
2083 1020 2158 1072 ita
2193 1037 2310 1074 esse
2337 1021 2656 1088 confusum,
2675 1025 2740 1074 ut
2762 1019 2856 1090 [in]
2883 1019 3166 1076 inﬁnitum
3191 1019 3544 1086 extendatur,

1906 1117 1962 1166 et
1988 1113 2196 1166 nullius
2236 1114 2500 1166 humanae
2543 1118 2763 1167 natura:
2807 1113 3116 1183 capacitate
3154 1112 3542 1182 concludatur,

1905 1205 2154 1276 primum
2182 1206 2341 1260 nobis
2361 1206 2467 1259 fuit
2491 1206 2744 1260 studium
2765 1223 2796 1260 a
2813 1206 3195 1260 sacratissimis
3216 1209 3369 1260 retro
3387 1205 3544 1275 prin-

1906 1293 2120 1363 cipibus
2162 1294 2386 1348 initium
2441 1310 2684 1360 sumere,
2740 1299 2796 1349 et
2843 1311 3039 1349 eorum
3111 1294 3539 1349 constitutiones

1905 1387 2224 1455 emendare,
2248 1392 2303 1440 et
2321 1388 2422 1440 viae
2443 1387 2964 1458 dilucidze‘tradere,
2983 1392 3260 1458 quatenus
3292 1389 3350 1441 in
3363 1402 3546 1441 unum

1905 1479 2164 1534 Codicem
2190 1485 2547 1551 congregatae
2575 1485 2630 1534 et
2656 1480 2810 1534 omni
2838 1497 3180 1550 supervacua
3229 1481 3546 1535 similitudi-

1903 1587 1994 1639 ne,
2024 1577 2080 1626 et
2106 1572 2458 1642 iniquissima
2483 1573 2758 1628 discordia
2788 1573 3081 1641 absolutae,
3113 1573 3399 1626 universis
3436 1573 3540 1626 ho-

1903 1664 2150 1719 minibus
2174 1669 2503 1737 promptum
2531 1683 2648 1720 suae
2675 1666 3012 1720 sinceritatis
3035 1667 3327 1736 praebeant
3343 1666 3542 1738 praesi-

170 1747 310 1828 lice‘t
338 1774 425 1828 his
451 1791 590 1845 quos
615 1776 700 1828 vel
723 1775 1092 1829 Manichaicus
1122 1776 1280 1829 furor
1296 1776 1472 1846 (cujus
1500 1747 1720 1846 partem
1747 1780 1802 1830 et

1903 1758 2080 1812 dium.
2113 1789 2182 1799 —
2230 1759 2260 1830 §
2307 1763 2362 1813 2.
2404 1760 2626 1830 Hocque
2674 1762 3290 1829 operelconsummato,
3329 1759 3388 1812 in
3424 1775 3541 1813 uno

174 1867 496 1921 Borboritas
527 1884 643 1922 esse
673 1868 1039 1921 manifestum
1067 1871 1164 1936 est)
1189 1869 1273 1922 vel
1299 1885 1518 1940 pagana
1542 1871 1807 1940 supersti-

170 1960 252 2014 tio
281 1960 522 2029 detinet;
555 1961 843 2015 Samaritis
870 1961 1260 2030 nihilominus,
1309 1967 1365 2015 et
1407 1962 1505 2032 qui
1548 1963 1658 2016 illis
1688 1980 1804 2016 non

168 2053 459 2108 absimiles
511 2059 661 2122 sunt,
716 2054 1084 2119 Montanistis,
1144 2057 1200 2108 et
1262 2055 1686 2126 Tascodrogitis,
1750 2061 1806 2110 et

166 2146 392 2216 Ophitis
421 2163 433 2199 :
465 2147 670 2216 quibus
696 2163 796 2217 pro
823 2151 1011 2202 reatus
1039 2147 1413 2202 similitudine
1446 2148 1629 2202 omnis
1659 2148 1801 2217 legi-

166 2239 346 2293 timus
383 2243 540 2293 actus
565 2240 893 2294 interdictas
923 2245 1025 2295 est.
1051 2240 1163 2312 Sed
1183 2240 1270 2294 his
1318 2241 1566 2311 quidem,
1612 2241 1666 2294 id
1698 2245 1800 2310 est,

167 2331 510 2400 Manichaeis,
535 2331 860 2400 Borboritis,
886 2338 940 2386 et
965 2334 1220 2404 paganis,
1253 2351 1472 2387 necnon
1494 2334 1800 2402 Samaritis,

167 2428 230 2478 et
254 2424 620 2492 Montanistis,
641 2428 697 2478 et
725 2426 1154 2496 Tascodrogitis,
1179 2431 1234 2481 et
1259 2427 1476 2496 Ophitis
1503 2444 1670 2480 omne
1698 2432 1805 2480 tes-

163 2517 498 2583 timonium,
541 2518 682 2571 sicut
734 2517 806 2572 et‘
833 2518 969 2571 alias
1017 2519 1296 2590 legitimas
1335 2521 1800 2586 conversationes,

163 2609 452 2663 sancimus
480 2625 594 2663 esse
622 2610 1002 2664 interdictum.
1035 2611 1171 2664 Aliis
1199 2628 1330 2665 vero
1375 2612 1648 2665 haareticis
1675 2617 1800 2666 tan-

160 2703 465 2756 tummodo
509 2702 798 2772 judicialia
824 2704 1147 2758 testimonia
1201 2710 1398 2758 contra
1438 2705 1800 2772 orthodoxos,

162 2796 487 2849 secundum
512 2796 663 2866 quod
689 2797 1062 2850 constitutum
1085 2802 1186 2863 est,
1215 2797 1474 2850 volumus
1502 2813 1620 2851 esse
1648 2797 1798 2851 inhi-

160 2887 308 2941 bita.
341 2882 618 2942 Caeterum
657 2889 1084 2943 testamentaria
1123 2889 1445 2943 testimonia
1490 2906 1707 2958 eorum,
1748 2895 1804 2945 et

163 2996 301 3051 quae
325 2979 382 3033 in
408 2981 624 3035 ultimis
649 2981 848 3052 elogiis
875 2983 958 3036 vel
987 2983 1046 3036 in
1075 2983 1454 3037 contractibus
1492 2982 1803 3038 consistunt

165 3078 409 3144 propter
431 3074 731 3128 utilitatem
761 3076 1057 3130 necessarii
1078 3093 1210 3130 usus
1237 3077 1318 3130 eis
1343 3076 1461 3130 sine
1481 3077 1593 3130 ulla
1612 3076 1802 3130 distin-

163 3165 357 3220 ctione
389 3166 788 3236 permittimus,
820 3185 889 3222 ne
915 3169 1311 3238 probationum
1341 3170 1575 3223 facultas
1599 3186 1804 3240 angus-

161 3262 338 3312 tetur.
377 3259 499 3310 Dat.
543 3273 578 3311 v
619 3259 846 3313 Kalend.
891 3265 1150 3330 August.,
1192 3262 1633 3332 Constantinop.,
1679 3268 1804 3332 post

167 3351 538 3406 consulatum
559 3351 756 3422 Lamp.
786 3356 841 3406 et
868 3351 1076 3406 Orestis
1101 3369 1187 3406 vv.
1215 3369 1295 3407 cc.
1320 3355 1442 3407 532.

831 3466 958 3521 LEX
984 3468 1133 3522 XXII.

240 3558 400 3613 Idem
426 3561 711 3630 Augustus
739 3560 939 3614 Joanni
963 3561 1022 3614 P.
1048 3561 1110 3615 P.

238 3651 499 3705 Divinam
525 3656 775 3706 nostram
805 3653 1171 3722 sanctionem,
1202 3670 1310 3724 per
1331 3669 1508 3725 quam
1527 3654 1802 3724 jussimus

160 3745 462 3800 neminem
489 3761 678 3800 errore
706 3747 1069 3801 constrictum
1098 3747 1524 3817 haereticorum,
1557 3748 1798 3803 heredi-

160 3843 365 3907 tatem,
411 3839 494 3892 vel
543 3839 814 3909 Iegatum,
857 3840 944 3893 vel
983 3839 1478 3894 ﬁdeicommissum
1525 3841 1799 3911 accipere,

165 3931 346 3985 etiam
371 3930 431 3983 in
459 3931 674 3985 ultimis
698 3932 946 3986 militum
973 3933 1350 3987 voluntatibus
1374 3933 1564 3988 locum
1592 3934 1801 3988 habere

164 4023 552 4095 praecipimus,
576 4024 688 4078 sive
715 4025 1002 4080 communi
1022 4027 1173 4096 jure,
1206 4026 1320 4080 sive
1346 4027 1576 4081 militari
1600 4032 1804 4081 testen-

165 4122 285 4171 tur.
317 4115 445 4170 Dat.
474 4117 589 4172 Kal.
620 4119 867 4189 Septem.
901 4125 1027 4191 post
1051 4121 1403 4174 consulatum
1430 4121 1720 4191 Lampadii
1747 4124 1803 4175 et

167 4208 385 4265 Orestis
435 4226 522 4263 vv.
583 4227 664 4266 cc.
714 4228 848 4266 ann.
905 4213 1148 4268 secundo
1198 4213 1441 4285 [imperii
1481 4214 1800 4284 Iustiniani]

168 4304 300 4357 532.

650 4483 797 4547 LIB.
846 4483 892 4560 1,
942 4465 1092 4549 TIT.
1138 4485 1323 4550 xvn.

168 4587 249 4639 Dr
273 4589 438 4639 veteri
453 4591 596 4657 j_ure_
621 4592 964 4657 enucleando,
997 4597 1046 4657 et
1080 4593 1143 4641 de
1181 4592 1496 4657 auctoritate
1517 4595 1801 4657 jurispru-

454 4652 688 4703 dentium
722 4655 816 4717 qui
849 4657 906 4702 in
941 4655 1159 4719 Digestis
1191 4654 1514 4718 refe-runtur.

788 4821 911 4874 LEX
951 4821 1181 4876 PRIMA.

242 4917 561 4986 Imperator
600 4917 943 4974 Iustinianus
991 4923 1279 4991 Augustus
1314 4920 1654 4976 Triboniano
1680 4921 1803 4976 viro

166 5009 616 5065 eminentissimo
635 5011 899 5082 quaestori
931 5013 1070 5066 sacri
1092 5013 1297 5083 palatii.

251 5103 364 5156 Deo
389 5108 616 5159 auctore
641 5108 899 5159 nostrum
927 5105 1278 5176 gubernante
1305 5107 1629 5179 imperium,
1652 5108 1805 5179 quod

169 5194 340 5250 nobis
368 5212 401 5248 a
425 5197 632 5252 ccelesti
660 5198 941 5269 Majestate
971 5199 1243 5254 traditum
1287 5205 1389 5271 est,
1421 5206 1475 5256 et
1499 5201 1646 5256 bella
1673 5201 1800 5255 feli-

172 5289 320 5343 citer
345 5291 692 5361 peragimus,
714 5296 770 5346 et
797 5307 999 5363 pacem
1021 5292 1370 5362 decoramus,
1395 5297 1450 5348 et
1471 5300 1681 5348 statum
1703 5294 1807 5349 rei-

171 5380 421 5453 publica:
464 5388 844 5439 sustentamus
874 5402 887 5439 :
922 5389 979 5439 et
1007 5386 1082 5441 ita
1119 5392 1338 5441 nostros
1366 5388 1587 5441 animos
1609 5388 1679 5441 ad
1708 5387 1805 5442 Dei

176 5474 597 5545 Omnipotentis
625 5477 896 5550 erigimus
929 5479 1291 5550 adjutorium,
1318 5485 1382 5534 ut
1415 5496 1598 5551 neque
1635 5480 1807 5534 armis

177 5567 554 5636 conﬁdamus,
576 5586 761 5642 neque
774 5572 982 5626 nostris
1007 5573 1297 5639 militibus,
1314 5589 1496 5645 neque
1523 5573 1804 5627 bellorum

177 5660 438 5731 ducibus,
457 5664 544 5718 vel
573 5669 762 5719 nostro
791 5665 1040 5736 ingenio,
1058 5667 1153 5720 sed
1182 5683 1410 5720 omnem
1437 5682 1594 5737 spem
1620 5667 1689 5720 ad
1717 5683 1803 5721 so-

176 5753 294 5814 lam
322 5755 741 5829 providentiam
757 5759 1068 5818 referamus
1081 5775 1317 5816 summa:
1332 5758 1641 5832 Trinitatis,
1660 5760 1808 5816 unde

1820 4475 1880 4547 D

1904 1850 2206 1920 volumine,
2249 1856 2442 1906 nostro
2472 1851 2702 1905 nomine
2741 1850 3139 1922 prazfulgente,
3199 1851 3538 1920 coadunato,

1905 1960 2033 1998 cum
2062 1961 2125 1997 ex
2154 1944 2344 2014 paucis
2370 1949 2425 1998 et
2455 1944 2806 1998 tenuioribus
2834 1944 3063 1999 relevati
3090 1943 3161 1997 ad
3187 1959 3469 1998 summam
3485 1946 3542 1997 et

1905 2037 2289 2106 plenissimam
2308 2037 2457 2107 juris
2479 2037 2935 2092 emendationem
2961 2036 3253 2107 pervenire
3273 2052 3544 2107 propera-

1905 2146 2115 2197 remus,
2147 2135 2201 2184 et
2231 2147 2458 2184 omnem
2478 2132 2792 2185 Romanam
2823 2131 3170 2184 sanctionem
3201 2134 3254 2183 et
3273 2129 3540 2199 colligere

1903 2227 1958 2276 et
1987 2223 2309 2289 emendare,
2338 2229 2394 2278 et
2423 2227 2503 2277 tot
2529 2227 2824 2278 auctorum
2845 2224 3096 2293 dispersa
3123 2223 3411 2276 volumina
3443 2221 3540 2275 uni

1904 2316 2087 2370 Codici
2119 2317 2294 2370 indita
2326 2317 2643 2385 ostendere,
2669 2317 2819 2387 quod
2840 2333 3010 2370 nemo
3038 2317 3180 2370 alius
3208 2332 3394 2385 neque
3419 2331 3539 2386 spe-

1902 2425 2028 2462 rare
2059 2425 2243 2481 neque
2269 2416 2460 2480 optare
2493 2426 2662 2463 ausus
2689 2415 2789 2474 est,
2821 2426 2909 2462 res
2940 2409 3172 2480 quidem
3205 2408 3365 2462 nobis
3396 2407 3540 2462 difﬁ-

1904 2501 2132 2569 cillima,
2155 2503 2270 2556 imo
2296 2503 2477 2572 magis
2499 2502 2859 2572 iinpossibilis
2886 2501 3200 2568 videbatur,
3227 2501 3322 2554 sed
3357 2500 3541 2554 mani-

1901 2593 2006 2646 bus
2043 2593 2114 2647 ad
2153 2596 2359 2649 coelum
2394 2595 2611 2663 erectis,
2659 2601 2716 2648 et
2761 2599 2974 2648 aeterno
3011 2594 3222 2647 auxilio
3262 2595 3537 2660 invocato,

1903 2702 2030 2740 eam
2065 2703 2290 2758 quoque
2316 2704 2508 2741 curam
2537 2687 2743 2741 nostris
2771 2703 3134 2756 reposmmus
3163 2686 3389 2755 animis,
3426 2688 3538 2740 Deo

1904 2779 2164 2850 freti,qui
2179 2785 2234 2834 et
2264 2797 2354 2834 res
2371 2781 2596 2850 penitus
2621 2781 2938 2851 desperatas
2965 2779 3194 2844 donare,
3210 2782 3266 2833 et
3284 2795 3543 2834 consum-

1905 2888 2058 2926 mare
2099 2889 2215 2926 suae
2247 2873 2464 2927 virtutis
2497 2873 2892 2944 magnitudine
2914 2875 3116 2943 potest.
3143 2903 3211 2912 -—
3237 2871 3268 2944 §
3297 2875 3350 2926 3.
3379 2874 3445 2927 Et
3467 2872 3540 2926 ad

1905 2969 2017 3018 tute
2043 2966 2374 3020 sinceritatis
2406 2966 2686 3038 Optimum
2720 2966 3070 3036 respeximus
3110 2965 3489 3020 ministerium
3521 2980 3535 3019 :

1900 3058 2112 3129 tibique
2139 3059 2321 3130 primo
2370 3064 2425 3114 et
2466 3060 2572 3113 hoc
2602 3076 2744 3130 opus
2773 3059 3178 3127 commisimus,
3210 3059 3428 3128 ingenii
3455 3056 3541 3111 tui

1909 3109 2110 3129 μὴτ--
2375 3109 2424 3114 η
2466 3109 2568 3113 --η
2607 3109 2739 3130 ,τη
3210 3109 3428 3128 ,__O____
3463 3109 3536 3111 ﬁ,

1823 3109 1877 3182 Ο
1902 3151 2278 3221 documentis,
2307 3169 2375 3207 ex
2412 3153 2589 3206 nostri
2618 3152 2840 3207 Codicis
2888 3152 3241 3206 ordinatione
3276 3151 3536 3222 acceptis,

1901 3250 1956 3299 et
1977 3245 2250 3314 jussimus
2294 3261 2436 3315 quos
2481 3245 2828 3315 probaveris,
2862 3250 2980 3298 tam
3017 3261 3086 3298 ex
3123 3245 3539 3298 facundissimis

1900 3338 2342 3390 antecessoribus
2359 3353 2527 3407 quam
2549 3353 2617 3390 ex
2639 3337 2770 3389 viris
2789 3337 3169 3390 disertissimis
3189 3336 3393 3407 togatis
3417 3336 3532 3390 fori

1899 3429 2264 3499 amplissimaa
2289 3429 2458 3496 sedis,
2480 3429 2550 3483 ad
2569 3429 2897 3482 sociandum
2915 3429 3166 3484 laborem
3182 3429 3414 3500 eligere.
3442 3429 3538 3483 His

1900 3522 2088 3592 itaque
2114 3523 2380 3588 collectis,
2414 3527 2470 3576 et
2497 3523 2556 3576 in
2582 3525 2841 3576 nostrum
2870 3523 3144 3592 palatium
3170 3521 3532 3589 introductis,

1900 3614 2172 3686 nobisque
2184 3621 2282 3670 tuo
2305 3615 2626 3669 testimonio
2638 3615 2874 3686 placitis,
2894 3619 3071 3669 totam
3086 3632 3206 3670 rem
3219 3615 3534 3670 faciendam

1900 3712 2262 3782 permisimus
2303 3727 2315 3766 :
2364 3713 2441 3767 ita
2470 3717 2683 3782 tamen,
2715 3718 2777 3767 ut
2803 3713 2887 3767 tui
2915 3712 3328 3784 vigilantissimi
3356 3712 3531 3767 animi

1903 3804 2309 3874 gubernatione
2345 3822 2434 3859 res
2464 3805 2647 3859 omnis
2665 3805 3000 3860 celebretur.
3026 3837 3093 3846 —
3125 3805 3154 3877 §
3185 3807 3237 3860 4.
3265 3806 3541 3861 Iubemus

1903 3897 2076 3967 igitur
2095 3898 2249 3951 vobis
2263 3898 2629 3968 antiquorum
2652 3899 3045 3966 Prudentium,
3069 3899 3278 3970 quibus
3295 3900 3535 3954 auctori‘

1901 3993 2073 4043 tatem
2101 3990 2628 4045 conscribendarum
2655 3991 3322 4064 interpretendarumque
3342 3993 3535 4063 legum

1901 4083 2260 4137 sacratissimi
2288 4084 2571 4156 principes
2601 4084 2988 4155 praebuerunt,
3018 4085 3191 4139 libros
3217 4086 3286 4138 ad
3309 4085 3405 4154 jus
3434 4087 3540 4139 Ro-

1901 4191 2134 4229 manum
2174 4177 2520 4247 pertinentes
2555 4182 2612 4230 et
2641 4178 2849 4247 legere,
2881 4182 2936 4230 et
2969 4177 3218 4243 elimare,
3251 4182 3316 4230 ut
3345 4193 3414 4230 ex
3443 4177 3533 4231 his

1902 4269 2085 4324 omnis
2110 4269 2342 4323 materia
2369 4269 2685 4338 colligatur,
2710 4269 2864 4321 nulla
2887 4268 3214 4335 (secundum
3234 4270 3384 4339 quod
3407 4285 3535 4340 pos-

1900 4361 2058 4415 sibile
2089 4361 2189 4430 est)
2218 4376 2401 4431 neque
2441 4360 2832 4425 similitudine,
2861 4376 3046 4432 neque
3075 4361 3352 4415 discordia
3381 4362 3538 4418 dere-

1901 4453 2066 4521 licta;
2100 4452 2195 4506 sed
2216 4469 2282 4506 ex
2306 4452 2393 4506 his
2410 4453 2517 4506 hoc
2537 4452 2745 4524 colligi,
2773 4453 2922 4524 quod
2946 4469 3123 4507 unum
3144 4470 3247 4524 pro
3268 4454 3534 4510 omnibus

1902 4545 2159 4600 sufﬁciat.
2191 4545 2330 4609 Quia
2358 4550 2548 4600 autem
2579 4551 2634 4600 et
2660 4546 2752 4599 alii
2779 4546 2951 4601 libros
2981 4547 3050 4601 ad
3069 4547 3166 4617 jus
3184 4548 3535 4618 pertinentes

1901 4639 2263 4709 scripserunt,
2307 4654 2548 4709 quorum
2596 4639 2887 4710 scripturae
2930 4657 2961 4693 a
3004 4640 3174 4694 nullis
3211 4641 3533 4696 auctoribus

1901 4737 2165 4803 receptae,
2196 4748 2298 4786 nec
2327 4732 2544 4785 usitatae
2562 4737 2712 4801 sunt,
2744 4749 2928 4804 neque
2949 4749 3053 4787 nos
3073 4749 3277 4788 eorum
3300 4734 3539 4788 volumi-

1901 4842 1974 4879 na
1995 4830 2245 4879 nostram
2273 4825 2590 4896 inquietare
2610 4825 2917 4897 dignamur
2937 4827 3311 4881 sanctionem.
3343 4827 3457 4899 —§
3481 4832 3533 4884 5.

1903 4920 2158 4989 Cumque
2189 4919 2309 4972 haec
2335 4918 2568 4973 materia
2598 4935 2822 4973 summa
2857 4920 3030 4973 nostri
3058 4919 3309 4973 numinis
3329 4919 3532 4975 libera-

1901 5012 2054 5066 litate
2081 5012 2312 5066 collecta
2338 5012 2528 5081 fuerit,
2562 5017 2782 5083 oportet
2808 5029 2936 5066 eam
2963 5012 3347 5084 pulcherrimo
3366 5029 3536 5085 opere

1904 5109 2188 5172 extruere,
2222 5111 2278 5160 et
2305 5105 2462 5177 quasi
2505 5106 2804 5177 proprium
2847 5111 2902 5160 et
2945 5105 3355 5161 sanctissimum
3401 5112 3541 5162 tem‘

1904 5199 2063 5270 plum
2087 5199 2324 5254 Iustitiae
2354 5214 2708 5264 consecrare,
2741 5203 2795 5252 et
2818 5199 2878 5252 in
2909 5199 3084 5253 libros
3100 5199 3536 5273 quinquaginta,

1905 5297 1958 5346 et
1987 5298 2169 5347 certos
2196 5293 2383 5348 titulos
2404 5297 2587 5346 totum
2617 5290 2747 5362 [jus]
2785 5290 3062 5362 digerere,
3087 5296 3207 5346 tam
3227 5295 3538 5348 secundum

1904 5386 2085 5440 nostri
2115 5387 2343 5441 Codicis
2380 5385 2857 5454 constitutionem,
2890 5402 3060 5456 quam
3091 5387 3261 5442 edicti
3282 5383 3544 5458 perpetui

1905 5479 2299 5548 imitationem,
2324 5483 2492 5550 prout
2517 5479 2624 5532 hoc
2650 5478 2804 5534 vobis
2822 5479 3328 5550 commodumjesse
3345 5483 3542 5549 patue‘

1905 5572 2000 5643 rit,
2019 5576 2082 5626 ut
2100 5572 2246 5627 nihil
2269 5577 2429 5627 extra
2448 5577 2822 5628 memoratam
2843 5571 3394 5628 consummationem
3413 5586 3540 5641 pos—

1907 5666 1978 5722 sit
1998 5681 2114 5720 esse
2142 5666 2472 5722 derelictum
2496 5684 2508 5722 :
2535 5668 2630 5722 sed
2648 5668 2734 5722 his
2755 5665 3165 5740 quinquaginta
3187 5663 3343 5718 libris
3357 5668 3539 5719 totum

1901 5759 1996 5832 jus
2015 5759 2315 5834 antiquum
2341 5775 2444 5834 per
2465 5762 2617 5818 mille
2648 5766 2705 5816 et
2723 5760 3170 5833 quadringentos
3198 5773 3344 5830 pene
3363 5773 3542 5818 annos
