4076 6186
554 249 682 304 1094

1690 247 1946 304 SECULI
1983 245 2172 302 SEXTI
2209 247 2760 304 SUPPLEMENTUM.

3773 251 3792 302 t
3804 252 3898 306 09‘)

552 355 866 424 confusum,
899 359 954 410 et
979 371 1012 408 a
1033 351 1192 407 nobis
1209 357 1537 424 purgatum,
1560 355 1718 424 quasi
1743 355 1988 426 quodam
2005 371 2169 410 muro
2193 367 2252 438 Α
2273 355 2484 410 oriatur
2503 355 2718 426 aliquid
2749 357 2807 410 in
2823 355 2920 410 tali
2941 359 3102 426 prato
3127 355 3436 426 spinosum.
3459 355 3582 426 -ξ
3609 358 3696 410 10.
3723 355 3828 410 Sed
3851 365 3898 410 et

549 449 838 518 vallatum,
865 447 1010 501 nihil
1039 451 1196 500 extra
1225 463 1284 499 se
1311 446 1546 501 habeat:
1567 448 1830 502 omnibus
1855 449 2179 506 auctoribus

543 543 692 614 juris
722 557 882 612 aequa
908 539 1186 610 dignitate
1215 539 1577 612 pollentibus,
1611 545 1667 595 et
1687 541 1908 596 nemini
1935 543 2178 612 quadam

551 634 922 707 praerogativa
951 633 1242 699 servanda,
1273 633 1404 704 quia
1419 650 1533 688 non
1553 650 1748 688 omnes
1777 635 1834 688 in
1847 635 2058 704 omnia,
2084 637 2180 690 sed

555 729 688 783 certi
707 743 810 798 per
837 729 1008 796 certa,
1029 727 1113 780 vel
1143 726 1419 794 meliores,
1437 727 1522 780 vel
1543 728 1849 781 deteriores
1875 727 2176 783 inveniun-

553 827 666 876 tur.
697 850 765 860 —
791 817 821 892 §
836 823 886 874 6.
903 819 1012 874 Sed
1027 835 1212 890 neque
1229 837 1298 874 ex
1324 836 1380 872 m
1391 819 1692 875 ultitudine
1705 821 2179 892 auctorum,quod

553 913 754 968 melius
800 917 856 967 et
903 913 1116 984 aequius
1162 915 1266 981 est,
1289 913 1620 984 judicatote,
1649 931 1780 968 cum
1807 914 1985 984 possit
2010 915 2178 968 unius

557 1005 829 1078 [forsitan]
858 1011 913 1060 et
929 1006 1226 1060 deterioris
1253 1007 1550 1072 sententia,
1582 1013 1638 1061 et
1667 1007 1888 1074 multas,
1919 1013 1974 1062 et
1997 1008 2175 1078 majo-

553 1117 644 1155 res
671 1101 729 1154 in
755 1100 941 1170 aliqua
963 1104 1120 1170 parte
1151 1115 1438 1170 superare.
1461 1100 1528 1152 Et
1547 1099 1676 1154 ideo
1691 1117 1754 1154 ea
1783 1117 1910 1170 qua:
1941 1106 2104 1154 antea
2121 1101 2179 1154 in

555 1193 702 1247 notis
731 1193 917 1246 Emili
951 1193 1246 1262 Papiniani
1277 1195 1332 1245 et
1363 1191 1616 1263 Ulpiano,
1644 1196 1700 1246 et
1726 1194 1918 1260 Paulo,
1959 1209 2180 1247 necnon

552 1286 830 1341 Marciano
858 1285 1097 1355 ascripta
1127 1288 1276 1352 sunt,
1308 1301 1436 1356 quae
1475 1289 1641 1340 antea
1663 1285 1882 1340 nullam
1905 1286 2016 1340 vim
2043 1286 2182 1340 obti-

554 1379 765 1434 nebant
800 1384 1032 1450 propter
1069 1378 1344 1432 honorem
1388 1378 1826 1448 splendidissimi
1859 1379 2178 1450 Papiniani,

553 1490 672 1528 non
697 1472 888 1526 statim
918 1487 1181 1542 respuere
1207 1489 1221 1538 ;
1251 1472 1347 1526 sed
1373 1471 1416 1524 si
1446 1471 1584 1543 quid
1610 1487 1676 1524 ex
1699 1471 1788 1526 his
1813 1471 1883 1526 ad
1911 1473 2178 1544 repletio-

553 1583 688 1620 nem
711 1565 918 1618 summi
943 1565 1160 1636 ingenii
1179 1563 1470 1636 Papiniani
1493 1565 1770 1632 laborum,
1799 1565 1884 1618 vel
1907 1565 2182 1637 interpre-

552 1659 822 1714 tationem
851 1659 1228 1712 necessarium
1254 1673 1370 1712 esse
1401 1657 1819 1728 perspexeritis,
1851 1663 1907 1712 et
1933 1659 2040 1712 hoc
2073 1675 2176 1730 po-

2278 447 2322 501 si
2352 465 2478 518 qua:
2499 449 2655 518 leges
2683 448 2742 503 in
2767 449 3049 504 veteribus
3073 448 3230 503 libris
3249 449 3465 520 positae,
3489 449 3612 520 jam
3635 449 3694 502 in
3717 449 3896 502 desue-

2277 541 2534 596 tudinem
2557 541 2839 610 abierunt,
2869 542 3027 596 nullo
3055 542 3222 596 modo
3251 542 3406 596 vobis
3433 542 3660 596 easdem
3696 557 3894 612 ponere

2279 633 2677 704 permittimus,
2711 637 2856 698 :‘cum
2893 635 3013 688 haec
3061 635 3454 689 tantummodo
3491 635 3748 689 obtinere
3779 635 3896 689 veli-

2279 743 2404 780 mus
2432 743 2560 797 quas
2587 727 2672 781 vel
2691 727 3038 796 judiciorum
3067 727 3559 800 frequentissimus
3589 728 3728 781 ordo
3753 744 3896 781 excr-

2278 818 2410 884 cuit,
2441 819 2526 874 vel
2557 820 2728 892 longa
2762 821 3110 876 consuetudo
3151 821 3324 890 hujus
3352 821 3518 874 almae
3559 821 3718 874 urbis
3751 837 3896 874 com-

2279 911 2550 981 probavit,
2569 913 2882 968 secundum
2899 913 3290 984 SalviiJuliani
3310 913 3805 984 scripturam,qu_ae
3827 915 3900 967 in-

2280 1004 2426 1060 dicat
2451 1005 2653 1061 debere
2679 1023 2874 1061 omnes
2913 1007 3164 1061 civitates
3199 1006 3670 1060 consuetudinem
3713 1007 3898 1061 Romae

2278 1097 2434 1168 sequi
2469 1097 2760 1170 [etleges],
2792 1116 2919 1171 quas
2956 1105 3124 1170 caput
3154 1105 3236 1154 est
3262 1099 3414 1152 orbis
3449 1105 3760 1166 terrarum,
3793 1117 3900 1154 non

2249 1190 2458 1260 ~ipsam
2477 1191 2613 1246 alias
2629 1192 2896 1248 civitates.
2923 1193 3166 1246 Romam
3187 1197 3376 1247 autem
3405 1191 3778 1262 intelligimus
3795 1209 3902 1246 non

2281 1284 2464 1337 solum
2513 1273 2778 1354 veterem,
2834 1285 2930 1339 sed
2975 1285 3148 1340 etiam
3193 1284 3408 1356 regiam
3456 1287 3740 1352 nostram,
3784 1301 3902 1356 qua

2281 1377 2393 1430 Deo
2417 1377 2663 1448 prepitio
2692 1394 2822 1432 cum
2855 1379 3185 1432 melioribus
3215 1377 3436 1432 condita
3463 1383 3548 1432 est
3571 1378 3842 1448 auguriis.

2351 1469 2383 1541 §
2415 1473 2496 1524 Η.
2531 1469 2660 1524 ldeo
2679 1471 2948 1540 jubemus
2976 1471 3196 1526 duobus
3223 1471 3348 1525 istic
3383 1470 3680 1525 Codicibus
3715 1471 3901 1525 omnia

2281 1562 2587 1634 gubernari
2616 1579 2628 1616 :
2665 1580 2778 1617 uno
2808 1563 3295 1632 constitutionum,
3318 1565 3498 1618 altero
3518 1563 3666 1634 juris
3694 1565 3902 1618 enucle-

2280 1656 2356 1710 ati
2384 1661 2440 1710 et
2469 1657 2526 1710 in
2558 1655 2808 1710 futurum
2835 1657 3098 1712 Codicem
3127 1657 3532 1728 componendi,
3563 1657 3654 1710 vel
3682 1657 3730 1710 si
3777 1657 3900 1727 quid

557 1767 710 1818 nere,
741 1750 879 1820 legis
903 1751 1083 1804 vicem
1101 1751 1377 1820 obtinens,
1397 1767 1512 1804 non
1533 1750 1867 1806 moremini:
1887 1754 1948 1805 ut
1961 1768 2178 1820 omnes,
2199 1733 2256 1804 Β
2279 1748 2432 1802 aliud
2450 1749 2656 1802 anobis
2667 1749 2837 1803 fuerit
2849 1751 3270 1822 promulgatum
3291 1749 3716 1804 institutionum
3735 1750 3900 1804 vicem

555 1845 656 1916 qui
677 1843 834 1898 relati
854 1843 1068 1898 fuerint
1087 1843 1144 1897 in
1167 1843 1319 1898 hunc
1339 1844 1600 1898 Codicem
1621 1845 2178 1916 prudentissimiviri,

553 1937 802 1990 habeant
825 1937 1235 2004 auctoritatem,
1279 1941 1552 2007 tanquam
1598 1938 1642 1990 si
1680 1954 1878 1992 eorum
1903 1939 2087 1993 studia
2113 1954 2182 1994 ex

553 2027 952 2101 principalibus
994 2029 1490 2084 constitutionibus
1531 2030 1804 2102 profecta,
1846 2035 1956 2084 eta
1991 2037 2182 2086 nostro

555 2123 745 2176 divino
771 2123 980 2178 fuerint
991 2139 1086 2176 ore
1101 2123 1330 2194 profusa
1351 2139 1365 2176 :
1385 2123 1576 2177 omnia
1591 2123 1744 2178 enim
1767 2125 1966 2178 merito
1986 2130 2184 2178 nostra

555 2215 810 2284 facimus,
843 2216 974 2286 quia
999 2232 1066 2270 ex
1095 2215 1258 2270 nobis
1288 2216 1474 2270 omnis
1501 2217 1580 2270 eis
1607 2216 1962 2287 impertietur
1983 2221 2179 2271 aucto-

553 2308 718 2378 ritas;
745 2325 878 2362 nam
907 2308 1004 2379 qui
1037 2307 1187 2380 [non]
1215 2309 1494 2363 subtiliter
1517 2311 1724 2364 factum
1754 2311 2034 2379 emendat,
2067 2311 2180 2364 lau-

555 2401 794 2456 dabilior
821 2407 904 2456 est
931 2417 996 2456 eo
1015 2401 1112 2472 qui
1140 2402 1358 2472 primus
1383 2402 1620 2456 invenit.
1649 2434 1716 2441 —-
1738 2403 1834 2474 §7.
1860 2403 1966 2457 Sed
1995 2407 2052 2456 et
2077 2403 2180 2458 hoc

555 2493 868 2548 studiosum
894 2493 1049 2548 vobis
1075 2509 1193 2548 esse
1211 2496 1486 2561 volumus,
1503 2501 1568 2548 ut
1586 2495 1632 2549 si
1655 2495 1794 2566 quid
1817 2496 1876 2550 in
1903 2496 2182 2550 veteribus

553 2602 670 2641 non
691 2587 832 2642 bene
858 2587 1106 2658 positum
1125 2587 1282 2642 libris
1309 2587 1622 2656 inveniatis,
1651 2589 1736 2644 vel
1754 2589 1967 2660 aliquid
1985 2605 2184 2660 super-

554 2679 758 2746 ﬂuum,
785 2680 871 2734 vel
889 2680 1079 2734 minus
1101 2680 1414 2751 perfectum
1441 2679 1804 2752 [supervacua
1825 2682 2181 2752 longitudine

556 2778 791 2840 semota,
821 2777 878 2828 et
903 2773 1487 2846 quodimperfectum]
1515 2777 1598 2828 est
1619 2775 1903 2846 repleatis,
1933 2781 1988 2829 et
2013 2791 2182 2830 omne

556 2883 701 2940 opus
725 2868 1103 2936 moderatum,
1127 2871 1182 2921 et
1197 2883 1370 2938 quam
1385 2867 1836 2938 pulcherrimum
1855 2868 2176 2923 ostendatis.

553 2961 665 3016 Hoc
697 2960 868 3014 etiam
899 2960 1266 3014 nihilominus
1295 2961 1667 3028 observando,
1707 2963 1768 3014 ut
1810 2961 1854 3015 si
1884 2961 2092 3032 aliquid
2121 2961 2178 3014 in

552 3053 836 3107 veteribus
863 3053 1104 3123 legibus,
1135 3054 1220 3107 vel
1255 3054 1767 3121 constitutionibus,
1798 3071 1936 3124 quas
1963 3053 2180 3124 antiqui

555 3145 614 3199 in
627 3145 742 3198 suis
755 3144 914 3198 libris
929 3149 1260 3214 posuerunt,
1275 3162 1392 3200 non
1411 3149 1560 3200 recte
1575 3147 1846 3216 scriptum
1863 3146 2179 3216 inveniatis,

555 3244 612 3294 et
641 3238 746 3292 hoc
773 3237 1108 3306 reformetis,
1139 3243 1194 3292 et
1213 3238 1396 3292 ordini
1421 3239 1711 3294 moderato
1727 3239 2060 3306 tradatis,ut
2077 3241 2184 3294 hoc

553 3331 811 3386 videatur
835 3347 954 3384 esse
979 3347 1196 3398 verum,
1229 3335 1286 3385 et
1311 3329 1612 3402 optimum,
1641 3335 1696 3386 et
1723 3331 1882 3402 quasi
1923 3331 1992 3386 ab
2021 3333 2184 3386 initio

555 3424 852 3495 scriptum,
873 3423 1025 3495 quod
1045 3440 1078 3476 a
1107 3423 1261 3478 vobis
1277 3425 1538 3490 electum,
1553 3429 1608 3478 et
1623 3423 1698 3478 ibi
1718 3425 1962 3495 positum
1991 3425 2180 3480 fuerit.

555 3519 624 3572 Et
651 3533 820 3572 nemo
863 3533 930 3572 ex
969 3516 1386 3588 comparatione
1427 3517 1628 3571 veteris
1669 3517 1988 3586 voluminis,
2025 3519 2186 3590 quasi

553 3609 814 3664 vitiosam
839 3609 1178 3680 scripturam
1205 3625 1447 3680 arguere
1475 3609 1698 3664 audeat.
1723 3611 1862 3664 Cum
1883 3611 2036 3666 enim
2060 3611 2185 3682 lege

553 3703 807 3776 antiqua,
835 3719 963 3774 qua:
989 3703 1168 3773 Regia
1192 3703 1642 3774 nuncupabatur,
1670 3719 1838 3758 omne
1857 3704 1954 3773 jus
1978 3704 2187 3758 omnis-

555 3813 666 3870 que
679 3801 926 3868 potestas
943 3795 1138 3868 populi
1151 3793 1386 3850 Romani
1405 3795 1461 3849 in
1475 3795 1896 3864 imperatoriam
1917 3796 2187 3850 translata

554 3894 687 3945 sunt
715 3893 1070 3959 potestatem,
1117 3905 1218 3944 nos
1261 3905 1394 3942 vero
1421 3888 1766 3944 sanctionem
1811 3905 2042 3942 omnem
2071 3905 2186 3943 non

557 3981 862 4038 dividimus
885 3981 945 4034 in
980 3981 1136 4050 alias,
1183 3984 1240 4034 et
1286 3981 1420 4034 alias
1453 3981 1810 4036 conditorum
1855 3987 2060 4052 partes,
2089 3981 2186 4038 sed

553 4081 730 4132 totam
759 4077 1010 4130 nostram
1035 4089 1154 4128 esse
1183 4073 1466 4139 volumus,
1495 4073 1631 4143 quid
1669 4075 1842 4144 possit
1880 4074 2187 4145 antiquitas

556 4167 996 4240 nostrislegibus
1007 4167 1282 4238 abrogare
1296 4167 1322 4220 ?
1338 4167 1404 4220 Et
1419 4166 1478 4219 in
1503 4169 1728 4220 tantum
1745 4166 1947 4220 eadem
1974 4167 2185 4236 omnia,

556 4281 688 4320 cum
711 4261 953 4334 reposita
967 4264 1120 4330 sunt,
1141 4260 1414 4326 obtinere,
1433 4262 1492 4313 ut
1507 4263 1563 4314 et
1579 4259 1625 4313 si
1647 4259 1808 4314 aliter
1818 4259 2029 4314 fuerint
2039 4260 2190 4330 apud

555 4363 771 4413 veteres
790 4355 1124 4426 conscripta,
1156 4353 1214 4408 in
1235 4351 1582 4408 contrarium
1607 4358 1798 4407 autem
1827 4352 1886 4406 in
1905 4353 2182 4424 positione

2203 3094 2257 3168 C

2283 1842 2578 1908 obtinens;
2609 1847 2670 1896 ut
2697 1842 2854 1896 rudis
2881 1843 3108 1897 animus
3139 1843 3370 1898 studiosi
3399 1843 3752 1914 simplicibus
3781 1859 3900 1897 enu-

2281 1934 2466 2002 tritus,
2495 1935 2710 1989 facilius
2741 1935 2810 1990 ad
2833 1935 3042 1990 altioris
3063 1935 3378 2006 prudentiae
3409 1937 3702 2008 redigatur
3727 1937 3896 1990 scien.

2283 2027 2437 2080 tiam.
2471 2058 2536 2066 ——
2581 2025 2610 2098 ἓ
2655 2031 2736 2082 l2.
2787 2029 3042 2082 Nostram
3089 2035 3278 2082 autem
3333 2029 3900 2094 consummationem,

2282 2137 2406 2191 qua:
2427 2137 2458 2173 a
2477 2121 2636 2174 nobis
2665 2121 2779 2174 Deo
2809 2127 3098 2176 annuente
3129 2127 3520 2192 componetur,
3553 2121 3900 2190 Digestorum

2281 2215 2366 2266 vel
2419 2213 2830 2267 Pandectarum
2881 2231 3088 2268 nomen
3143 2214 3350 2268 habere
3395 2215 3702 2282 sancimus,
3749 2215 3904 2267 nullis

2273 2307 2418 2377 juris
2441 2305 2638 2378 peritis
2663 2305 2722 2360 in
2753 2309 3040 2378 posterum
3083 2307 3419 2361 audentibus
3473 2307 3908 2360 commentarios

2281 2399 2358 2454 illi
2409 2401 2690 2470 applicare
2730 2405 2786 2454 et
2827 2399 3161 2454 verbositate
3205 2417 3304 2454 sua
3349 2399 3660 2472 supradicti
3695 2401 3905 2454 Codicis

2281 2492 2681 2563 compendium
2711 2493 3055 2547 confundere
3091 2511 3103 2546 :
3143 2493 3632 2564 quemadmodum
3677 2494 3742 2546 in
3767 2494 3904 2547 anti-

2281 2586 2570 2658 quioribus
2598 2585 2984 2658 [temporibus]
3017 2586 3232 2640 factum
3259 2592 3360 2654 est,
3395 2603 3524 2640 cum
3561 2603 3665 2656 per
3690 2593 3904 2640 contra-

2281 2681 2392 2733 rias
2417 2679 2914 2750 interpretantium
2936 2679 3242 2734 sententias
3271 2685 3458 2734 totum
3479 2679 3574 2750 jus
3603 2696 3756 2750 pene
3783 2697 3904 2733 eon-

2279 2773 2568 2828 turbatum
2593 2777 2676 2827 est
2698 2789 2710 2840 ;
2735 2773 2830 2828 sed
2857 2773 3095 2828 sufﬁciat
3121 2789 3222 2844 per
3263 2772 3476 2826 indices
3517 2771 3906 2828 tantummodo

2281 2871 2336 2920 et
2361 2866 2652 2920 titulorum
2663 2865 3028 2920 subtilitatem
3049 2863 3906 2938 [(Ῑιιίθςπαράτιτὴζηιωουρίὶῃίωζ

2279 2959 2542 3030 quaedam
2567 2958 2946 3013 admonitoria
2971 2959 3090 3029 ejus
3112 2959 3314 3028 facere,
3337 2959 3496 3013 nullo
3527 2975 3596 3012 ex
3639 2959 3908 3030 interpre-

2282 3053 2494 3106 tatione
2521 3069 2718 3106 eorum
2741 3051 2874 3106 vitio
2905 3051 3166 3106 oriundo.
3199 3082 3266 3092 -—
3293 3052 3324 3124 §
3351 3055 3434 3107 t3.
3465 3053 3544 3106 Ne
3579 3057 3780 3106 autem
3817 3069 3908 3122 per

2281 3145 2614 3215 scripturam
2639 3145 2831 3216 aliqua
2853 3195 2862 3212 ,
2881 3144 2980 3198 ﬁat
3009 3145 3068 3198 in
3095 3150 3386 3216 posterum
3415 3143 3714 3212 dubitatio,
3746 3145 3902 3214 jube-

2285 3253 2411 3292 mus
2435 3254 2550 3291 non
2581 3254 2682 3308 per
2708 3237 3048 3309 simplorum
3089 3238 3374 3309 captiones
3413 3241 3472 3292 et
3511 3237 3910 3308 compendiosa

2283 3331 2604 3402 aenigmata,
2632 3349 2760 3402 qua:
2805 3331 3013 3385 multas
3050 3347 3153 3402 per
3179 3347 3237 3386 se
3269 3334 3324 3384 et
3359 3347 3462 3402 per
3497 3347 3667 3386 suum
3713 3333 3908 3384 vitium

2283 3423 2620 3478 antinomias
2641 3424 3002 3492 induxerunt,
3026 3425 3278 3494 ejusdem
3301 3423 3518 3478 Codicis
3537 3427 3760 3478 textum
3785 3441 3908 3478 con-

2284 3517 2469 3583 scribi,
2512 3517 2729 3571 etiamsi
2769 3531 3044 3571 numerus
3087 3517 3360 3570 librorum
3409 3515 3784 3588 significetur,
3818 3521 3906 3570 aut

2283 3609 2432 3663 aliud
2462 3609 2799 3680 quidquam;
2832 3627 2937 3664 nec
2961 3609 3112 3664 enim
3131 3627 3231 3680 per
3251 3611 3511 3681 specialia
3537 3611 3700 3680 signa
3723 3627 3908 3664 nume-

2285 3719 2480 3756 rorum
2507 3703 2873 3772 manifestari,
2889 3703 2984 3758 sed
3005 3703 3438 3774 perlitterarum
3449 3705 3908 3774 consequentiam

2286 3795 2575 3866 explanari
2616 3795 2998 3850 concedimus.
3045 3827 3112 3835 —
3151 3797 3184 3867 ς
3225 3797 3308 3852 14,
3345 3798 3470 3850 Haec
3515 3797 3690 3868 igitur
3725 3797 3910 3851 omnia

2285 3889 2398 3942 Deo
2429 3889 2648 3959 placido
2673 3889 2857 3944 facere
2879 3893 2974 3942 tua
2993 3890 3292 3960 prudentia
3315 3906 3426 3944 una
3439 3907 3566 3944 cum
3581 3890 3708 3944 aliis
3733 3892 3908 3944 facun-

2286 3981 2531 4036 dissimis
2557 3981 2690 4034 viris
2718 3981 2954 4048 studeat,
2989 3987 3047 4036 et
3073 3985 3184 4036 tam
3214 3983 3402 4037 subtili
3429 4001 3602 4056 quam
3621 3983 3908 4038 celerrimo

2285 4073 2386 4128 ﬁni
2405 4073 2647 4139 tradere;
2669 4078 2734 4128 ut
2759 4073 2944 4130 Codex
2974 4079 3420 4146 consummatus,
3451 4081 3508 4130 et
3537 4077 3598 4130 in
3625 4077 3904 4148 quinqua-

2289 4171 2444 4242 ginta
2473 4171 2642 4226 libros
2669 4171 2921 4242 digestus
2950 4171 3112 4226 nobis
3137 4173 3404 4228 offeratur
3433 4171 3488 4227 in
3517 4174 3827 4228 maximam
3851 4177 3902 4226 et

2289 4269 2560 4318 aeternam
2597 4263 2682 4318 rei
2708 4265 3068 4336 memoriam,
3101 4267 3308 4337 Deique
3341 4265 3748 4338 omnipotentis
3779 4284 3902 4338 pru-

2288 4356 2494 4410 dentia:
2531 4363 2954 4429 argumentum,
2997 4359 3284 4430 nostrique
3333 4359 3572 4430 imperii,
3635 4363 3906 4432 vestrique

549 4447 1160 4516 invenianturmullum
1174 4447 1388 4500 crimen
1417 4445 1708 4516 scriptura:
1737 4445 2070 4516 imputetur,
2091 4446 2188 4500 sed
2206 4457 2266 4528 D
2289 4451 2586 4504 ministerii
2603 4453 2856 4522 gloriam.
2883 4453 3001 4506 Dat.
3031 4470 3164 4508 xvui
3190 4453 3422 4508 Kalend.
3439 4453 3743 4520 Ianuariis,
3761 4455 3908 4508 Lam-

555 4549 765 4606 nostrgi
790 4539 1048 4607 electioni
1075 4541 1179 4594 hoc
1206 4537 1538 4593 ascribatur.
1569 4569 1635 4578 -—
1667 4537 1696 4610 §
1726 4540 1779 4593 8.
1811 4538 1973 4592 Nulla
1997 4539 2184 4610 itaque

557 4644 615 4698 in
641 4643 902 4698 omnibus
928 4631 1182 4713 praedicti
1207 4631 1422 4686 Codicis
1452 4631 1722 4686 membris
1744 4631 2062 4686 antinomia
2093 4631 2186 4700 (sic

555 4737 710 4794 enim
739 4753 772 4790 a
811 4738 1082 4790 vetustate
1113 4727 1304 4786 Greco
1343 4723 1614 4780 vocabulo
1661 4725 2038 4796 nuncupatur)
2081 4723 2182 4779 ali-

556 4847 729 4902 quem
756 4828 860 4884 sibi
887 4827 1132 4882 vindicet
1154 4825 1360 4890 locum,
1391 4817 1488 4876 sed
1509 4817 1580 4874 sit
1603 4834 1718 4872 una
1742 4817 2054 4886 concordia,
2070 4833 2188 4873 una

555 4921 976 4996 consequentia,
1004 4917 1328 4974 adversario
1361 4915 1585 4970 nemine
1629 4911 1952 4968 constituto.
1981 4941 2050 4950 —
2075 4911 2108 4984 §
2130 4913 2183 4966 9.

559 5015 670 5070 Sed
694 5021 748 5070 et
773 5013 1200 5070 similitudinem
1229 5010 1563 5082 (secundum
1591 5007 1741 5078 quod
1761 5005 1974 5062 dictum
1999 5007 2099 5078 est)
2117 5004 2186 5060 ab

559 5107 886 5178 hujusmodi
914 5105 1405 5162 consummatione
1431 5103 1694 5157 volumus
1726 5101 2004 5170 exsulare,
2037 5101 2094 5153 et
2121 5115 2188 5154 ea

559 5215 688 5270 quas
712 5199 1098 5254 sacratissimis
1130 5197 1629 5254 constitutionibus
1657 5209 1797 5268 quas
1829 5193 1888 5248 in
1924 5192 2187 5250 Codicem

557 5296 816 5348 nostrum
833 5293 1163 5362 redegimus
1183 5299 1344 5348 cauta
1363 5294 1514 5360 sunt,
1537 5290 1747 5344 iterum
1763 5287 1898 5360 poni
1924 5305 1990 5343 ex
2007 5287 2190 5343 veteri

548 5387 681 5460 jure
711 5401 825 5440 non
851 5385 1228 5452 concedimus,
1257 5401 1388 5440 cum
1417 5383 1684 5438 divalium
1724 5381 2188 5436 constitutionum

557 5479 770 5538 sanctio
799 5477 1042 5534 sufﬁciat
1060 5477 1132 5530 ad
1156 5493 1352 5532 eorum
1377 5477 1792 5542 auctoritatem,
1819 5475 2089 5545 nisiforte
2103 5475 2189 5530 vel

553 5581 786 5649 prepter
815 5570 1168 5638 divisionem,
1193 5570 1278 5624 vel
1297 5574 1528 5641 propter
1547 5569 1938 5642 repletionem,
1953 5569 2040 5624 vel
2063 5585 2190 5640 pro-

553 5675 679 5742 pter
705 5669 1016 5740 pleniorem
1043 5662 1376 5736 indaginem
1404 5663 1511 5717 hoc
1538 5662 1866 5735 contigerit;
1898 5665 1956 5719 et
1979 5662 2086 5718 hoc
2109 5663 2188 5717 ta-

555 5781 688 5828 men
711 5781 963 5840 perraro,
991 5781 1065 5825 ne
1093 5781 1164 5824 ex
1189 5759 1609 5821 continuatione
1633 5759 1968 5830 hujusmodi
1993 5759 2184 5834 lapsus

2281 4543 2452 4616 padio
2483 4549 2538 4599 et
2555 4545 2745 4600 Oreste
2773 4545 2906 4600 viris
2931 4545 3257 4600 clarissimis
3281 4563 3422 4601 coss.
3471 4549 3596 4602 530.
3635 4547 3906 4604 Feliciter.

2979 4647 3104 4702 LEX
3135 4649 3224 4702 IlI.

2441 4741 2500 4789 In
2525 4740 2734 4788 nomine
2767 4739 2976 4790 Domini
3000 4745 3047 4790 et
3071 4740 3168 4790 Dei
3191 4742 3362 4790 nostri
3383 4739 3508 4790 Iesu
3529 4741 3746 4792 Christi.

2357 4827 2672 4895 Imperator
2687 4827 2868 4880 Caesar
2883 4825 3140 4880 Flavius.)
3147 4825 3906 4892 ustinianus,Alemannicus,

2285 4917 2564 4986 Gothicus,
2597 4917 2912 4984 Francicus,
2945 4917 3329 4985 Germanicus,
3355 4918 3608 4986 Anticus,
3629 4921 3906 4982 Alanicus,

2285 5009 2632 5081 Vandalicus,
2663 5010 2974 5082 Africanus,
3017 5011 3170 5082 pius,
3207 5011 3364 5079 felix,
3403 5011 3666 5082 inclytus,
3713 5013 3904 5078 victor,

2285 5104 2686 5176 triumphator,
2710 5121 2932 5176 semper
2957 5105 3224 5160 colendus
3247 5107 3536 5176 Augustus
3549 5106 3620 5161 ad
3639 5121 3906 5177 magnum

2285 5201 2544 5252 senatum
2574 5203 2629 5252 et
2653 5199 2945 5270 populum,
2969 5201 3026 5253 et
3043 5215 3240 5254 omnes
3260 5199 3412 5254 orbis
3431 5199 3614 5254 nostri
3635 5199 3904 5254 civitates.

2357 5291 2524 5346 Dedit
2551 5291 2712 5346 nobis
2743 5291 2888 5346 Deus
2916 5296 3040 5363 post
3079 5308 3284 5364 pacem
3309 5309 3438 5347 cum
3479 5293 3668 5347 Persis
3691 5294 3904 5356 initam,

2285 5389 2415 5456 post
2439 5383 2742 5440 Vandalica
2771 5385 3047 5456 trophaaa,
3070 5389 3128 5439 et
3155 5387 3328 5439 totam
3357 5384 3544 5456 Libyae
3577 5385 3900 5458 acquisitio-

2285 5495 2439 5546 nem,
2471 5483 2706 5550 postque
2735 5476 3242 5534 nominatissimam
3273 5479 3676 5549 Carthaginem
3719 5485 3900 5534 nostri:

2287 5572 2489 5626 iterum
2519 5571 2760 5642 imperio
2787 5570 3072 5636 sociatam,
3097 5576 3162 5625 ut
3185 5576 3438 5626 veterum
3465 5573 3664 5643 legum
3679 5589 3902 5626 renova-

2291 5665 2454 5720 tionis
2483 5681 2623 5737 opus
2635 5665 2704 5720 ad
2715 5669 2970 5737 optatum
2987 5663 3157 5720 linem
3169 5665 3624 5736 perduceremus,
3647 5665 3800 5737 quod
3809 5681 3898 5720 ne-

2287 5773 2383 5816 mo
2396 5758 2720 5832 principum
2729 5761 2860 5816 ante
2873 5763 3130 5816 nostrum
3141 5758 3450 5832 imperium
3458 5763 3576 5830 ,aut
3585 5759 3648 5816 in
3657 5765 3906 5817 mentem
