4056 6184
241 255 256 307 l
269 253 361 308 093

941 249 1304 307 JUSTINIANI
1345 250 1554 306 LEGES
1592 249 1923 305 SELECTAZ.
1967 250 2090 308 LIB.
2137 250 2176 317 Ι,
2217 249 2339 304 ΤΙΤ.
2381 247 2536 315 XVII,
2579 251 2706 306 LEX
2746 249 2835 306 III.

3427 255 3562 310 1094

235 359 412 414 induci
435 372 612 428 posse,
636 361 735 412 aut
760 358 1015 414 humano
1042 357 1276 430 ingenio
1300 357 1562 429 possibile
1593 374 1708 412 esse
1729 357 1843 412 exi-
1864 371 1922 443 Α
1941 356 2264 425 maritimis,
2283 362 2340 412 et
2362 359 2432 412 de
2449 357 2886 429 probationibus
2917 360 3088 430 atque
3105 361 3558 431 praesumptioni-

235 451 479 507 stimavit.
507 451 636 505 Erat
656 451 810 506 enim
830 451 1090 506 mirabile
1114 467 1341 506 omnem
1369 453 1688 506 Romanam
1709 468 1839 505 san-

235 545 466 600 ctionem
503 560 533 596 a
561 544 786 599 condita
812 548 1003 600 vetere
1027 546 1210 600 Roma
1237 561 1416 617 usque
1437 545 1507 598 ad
1534 544 1716 598 nostri
1742 544 1844 598 im-

233 637 364 709 perii
387 640 665 707 tempora,
697 655 824 709 quae
846 655 990 710 pene
1018 639 1080 692 in
1100 638 1261 693 mille
1287 642 1344 692 et
1364 641 1642 692 trecentos
1660 654 1841 692 annos

233 735 578 798 concurrunt,
608 747 725 785 non
747 732 930 786 solum
944 748 1140 786 secum
1159 731 1221 785 in
1240 731 1408 786 variis
1425 730 1536 784 suis
1562 731 1837 801 partibus,

232 823 322 877 sed
350 823 406 876 in
433 822 824 894 imperialibus
855 841 1080 896 quoque
1109 825 1428 896 praesertim
1461 823 1840 883 sanctionibus

231 915 366 971 inter
384 932 614 970 omnem
627 920 832 972 nutare
853 918 1288 973 consonantiam
1303 916 1519 988 pariter
1534 935 1597 971 ac
1625 917 1836 970 discor-

233 1008 402 1076 diam;
441 1025 556 1062 non
595 1013 787 1065 tamen
817 1011 875 1065 id
912 1012 1099 1066 solum
1126 1011 1279 1083 quod
1304 1027 1498 1065 secum
1527 1010 1836 1082 pugnabat,

231 1101 431 1168 tollere,
470 1102 572 1156 sed
599 1104 770 1157 etiam
797 1105 952 1176 quod
981 1105 1152 1172 idem,
1185 1109 1284 1160 aut
1307 1103 1492 1159 simile
1517 1103 1834 1174 reperieba-

230 1200 328 1264 tur,
342 1195 640 1266 expellere,
658 1197 987 1268 variamque
1006 1197 1180 1269 ipsius
1195 1197 1632 1269 pulchritudinis
1646 1197 1838 1250 ideam

229 1287 477 1355 tribuere,
495 1288 576 1342 ita
605 1293 666 1343 ut
689 1306 794 1361 pro
814 1291 1052 1362 singulis
1077 1291 1248 1346 rebus
1268 1291 1506 1362 singulae
1529 1291 1683 1362 leges
1702 1306 1836 1344 con-

228 1380 419 1434 stituta:
436 1381 790 1439 viderentur.
809 1385 969 1448 Quod
996 1383 1369 1455 proculdubio
1401 1383 1706 1454 superioris
1731 1384 1839 1436 Nu-

227 1473 381 1527 minis
411 1477 468 1528 et
495 1474 727 1531 ﬂuentis
748 1477 880 1531 inde
901 1476 1267 1548 benignitatis
1289 1477 1417 1544 fuit,
1439 1493 1557 1532 non
1573 1477 1840 1530 humanae

225 1567 588 1636 cogitationis,
612 1572 710 1622 aut
741 1569 973 1641 incepti,
997 1574 1097 1625 aut
1127 1569 1448 1641 potestatis.
1476 1571 1588 1624 Nos
1621 1569 1836 1640 itaque,

225 1675 370 1715 more
399 1661 566 1715 solito
591 1662 856 1716 manibus
875 1664 946 1718 ad
967 1664 1148 1717 Deum
1177 1663 1399 1731 erectis,
1431 1679 1633 1734 eoque,
1655 1665 1720 1718 ut
1737 1679 1841 1716 nos

1941 449 2046 504 bus
2060 449 2118 504 in
2133 468 2310 505 unum
2323 451 2557 520 librum;
2578 451 2665 504 his
2682 454 2876 505 autem
2893 452 3072 506 tribus
3086 453 3563 524 monobiblis,sin-

1943 543 2237 614 gularibus
2257 544 2415 597 libris
2435 547 2566 616 post
2589 548 2894 599 tractatum
2917 546 2986 600 de
3008 546 3173 601 rebus
3195 547 3301 600 sibi
3322 547 3562 603 invicem

1941 636 2208 707 proximis
2225 637 2518 708 depositis,
2549 643 2605 692 et
2620 655 2849 692 rursum
2869 655 2936 692 ea
2956 656 3083 710 qua
3102 640 3170 694 de
3186 641 3560 711 sponsalibus,

1941 731 1998 783 et
2018 729 2248 800 nuptiis,
2274 734 2331 783 et
2353 730 2421 784 de
2445 730 2575 785 dote
2597 731 2818 802 legibus
2835 731 2985 786 dicta
3006 735 3564 804 suntcongregantes

1940 821 2028 875 his
2060 822 2232 876 etiam
2263 823 2372 877 tria
2407 823 2616 878 habere
2653 824 2710 877 in
2755 824 2861 878 hac
2887 824 3245 880 ordinatione
3275 828 3565 882 volumina

1940 916 2340 970 concessimus.
2370 917 2449 970 De
2469 917 2746 971 tutoribus
2773 921 2967 972 autem
2998 919 3237 973 minoris
3262 921 3444 975 astatis
3462 938 3559 992 ge-

1941 1007 2125 1062 minos
2151 1008 2344 1077 libros,
2377 1026 2493 1076 eos,
2520 1010 2779 1080 inquam,
2815 1011 2912 1081 qui
2945 1010 3014 1064 de
3042 1012 3232 1066 tutelis
3258 1014 3407 1084 apud
3436 1031 3561 1068 om-

1940 1086 2042 1154 nes
2055 1100 2444 1169 nominantur,
2461 1105 2518 1155 et
2533 1102 2623 1155 hic
2641 1102 2814 1156 etiam
2826 1103 2884 1156 in
2902 1104 3307 1174 compendium
3321 1106 3565 1160 concidi-

1940 1210 2067 1247 mus
2097 1198 2474 1248 memoratam
2520 1198 2648 1249 octo
2698 1196 2972 1250 librorum
3019 1197 3464 1268 ordinationem,
3508 1202 3565 1254 et

1939 1286 2192 1341 mediam
2233 1287 2314 1357 (ut
2343 1287 2560 1342 dictum
2586 1290 2685 1358 est)
2725 1289 2871 1342 hanc
2904 1294 3125 1360 partem
3158 1292 3329 1345 totius
3356 1293 3562 1363 -operis

1939 1379 2306 1450 confecimus,
2335 1381 2721 1452 pulcherrima
2740 1387 2797 1435 et
2815 1382 3115 1437 utilissima
3129 1384 3331 1454 jurain
3359 1386 3446 1439 his
3469 1387 3561 1441 de-

1941 1472 2344 1527 scribentes.—
2363 1473 2456 1545 §6.
2481 1475 2560 1528 De
2585 1475 2940 1529 testamentis
2963 1479 3243 1543 autem,et
3266 1479 3489 1549 legatis,
3505 1483 3562 1534 et

1940 1564 2414 1636 ﬁdeicommissis,
2447 1567 2640 1622 omnia
2665 1569 3139 1639 congregavimus
3173 1569 3231 1623 in
3274 1588 3478 1626 novem
3501 1573 3562 1626 li-

1939 1657 2175 1712 brorum
2193 1676 2529 1714 numerum:
2551 1676 2797 1730 quorum
2817 1661 3199 1732 principatum
3217 1663 3478 1718 obtinent
3495 1683 3561 1738 ea

224 1753 509 1824 complecti
541 1755 894 1825 dignaretur,
919 1756 1203 1824 invocato,
1238 1760 1296 1810 et
1321 1772 1444 1812 rem
1473 1755 1730 1827 aggressi
1752 1772 1838 1809 su-
1859 1735 1915 1806 B
1940 1766 2068 1821 qua:
2097 1755 2226 1804 sunt
2249 1752 2317 1805 de
2337 1753 2708 1822 testamentis,
2731 1756 2787 1806 et
2799 1754 3089 1822 codicillis,
3117 1771 3247 1809 cum
3278 1757 3558 1826 Omnium,

222 1860 354 1914 mus,
383 1850 439 1900 et
467 1847 666 1902 omnia
686 1848 924 1902 tandem
951 1849 1320 1918 confecimus,
1351 1849 1698 1903 Triboniano
1720 1849 1839 1918 glo-

221 1937 512 1994 riosissimo
541 1942 836 2012 magistro,
860 1945 917 1995 et
939 1948 1294 2013 exquaastore
1313 1941 1456 1997 sacri
1479 1941 1658 1996 nostri
1679 1959 1753 2012 pa
1776 1958 1833 1995 a-

219 2029 294 2099 tii,
323 2036 376 2086 et
401 2034 722 2102 exconsule,
757 2035 827 2088 ad
857 2051 1025 2090 omne
1053 2036 1438 2090 ministerium
1470 2035 1576 2103 usi,
1611 2051 1836 2090 necnon

217 2122 330 2178 aliis
359 2126 705 2196 quibusdam
739 2127 1047 2182 illustribus
1073 2132 1132 2182 et
1160 2128 1535 2200 prudentibus
1559 2129 1712 2195 viris,
1741 2129 1831 2182 in-

219 2217 498 2286 quirentes
518 2237 751 2292 semper
781 2237 850 2275 ea
876 2239 1002 2292 qua:
1031 2223 1102 2276 ab
1124 2221 1204 2277 eis
1229 2223 1752 2294 componebantur;
1779 2225 1836 2275 et

217 2308 285 2376 id,
304 2312 451 2381 quod
472 2316 600 2367 erat
620 2313 857 2368 dubium
875 2315 1587 2385 perscrutantes,omnibus
1605 2332 1833 2387 quoque

218 2406 516 2460 secundum
546 2405 739 2461 datam
768 2408 933 2461 nobis
961 2426 993 2461 a
1028 2408 1267 2463 Domino
1300 2410 1416 2463 Deo
1449 2412 1508 2463 et
1545 2410 1834 2464 Salvatore

216 2500 398 2551 nostro
425 2501 558 2554 Jesu
582 2499 801 2555 Christo
831 2501 1128 2556 scientiam
1150 2506 1207 2555 et
1234 2502 1556 2556 intellectus
1573 2502 1830 2573 vigorem

216 2588 568 2661 imponentes
592 2597 1015 2665 competentem
1044 2595 1308 2650 formam.
1325 2625 1394 2635 —
1419 2595 1449 2667 §
1483 2601 1530 2650 l.
1565 2597 1632 2649 Et
1657 2595 1833 2666 piissi-

216 2697 328 2738 mas
348 2667 522 2756 igitur
543 2687 990 2742 Constitutiones
1002 2688 1126 2758 jam
1140 2692 1269 2743 ante
1281 2689 1341 2742 in
1357 2688 1657 2743 duodecim
1675 2688 1834 2742 libris

216 2779 668 2849 comprehensas,
693 2780 959 2836 Codicem
985 2785 1196 2836 nostra
1223 2781 1452 2852 pietatis
1482 2781 1831 2852 cognomine

212 2868 525 2941 fulgentem
559 2874 1013 2944 composuimus:
1038 2891 1190 2929 nunc
1221 2891 1354 2929 vero
1389 2874 1653 2929 omnium
1673 2879 1828 2928 vete-

213 2978 334 3018 rum
339 2964 489 3034 juris
505 2965 869 3021 conditoriun
889 2967 1195 3022 sententias
1209 2983 1274 3022 ex
1295 2967 1681 3036 multitudine,
1704 2984 1830 3038 quae

212 3053 279 3108 ad
309 3055 421 3111 duo
454 3058 636 3112 millia
665 3075 812 3128 pene
841 3060 1118 3114 librorum
1146 3063 1205 3115 et
1231 3063 1520 3115 trecentas
1540 3061 1830 3132 myriadas
1850 3099 1904 3172 Ο

210 3162 469 3204 versuum
496 3151 880 3221 pertingebat,
912 3152 970 3206 in
997 3153 1353 3208 moderatum
1382 3157 1437 3207 et
1466 3153 1830 3224 perspicuum

210 3240 537 3311 collegimus
569 3245 997 3313 compendium.
1029 3245 1457 3317 Quinquaginta
1477 3247 1652 3317 igitur
1671 3248 1829 3302 libris

210 3334 397 3388 omnia
411 3334 693 3404 complexi
715 3352 866 3389 nunc
884 3353 1082 3391 sumus
1095 3339 1302 3391 coelesti
1319 3338 1532 3408 favore,
1552 3339 1826 3409 colligen-

206 3429 283 3481 tes
311 3443 488 3482 omne
511 3427 568 3482 id
600 3427 755 3498 quod
786 3431 908 3482 erat
929 3429 1085 3497 utile,
1114 3432 1172 3483 et
1201 3446 1405 3484 omnes
1429 3430 1830 3501 ambiguitates

210 3519 554 3587 decidentes,
579 3520 735 3574 nullo
756 3521 1024 3578 seditioso
1048 3522 1265 3577 relicto.
1300 3522 1452 3587 Quos
1478 3523 1651 3578 libros
1670 3524 1830 3595 Dige-

211 3613 290 3666 sta
318 3628 418 3667 seu
456 3612 767 3668 Pandectas
798 3615 1230 3686 appellavimus,
1263 3633 1328 3671 ex
1355 3633 1422 3671 eo
1455 3617 1610 3687 quod
1636 3617 1829 3688 legum

210 3703 455 3760 habeant
472 3704 779 3760 divisiones
797 3710 855 3761 et
871 3707 1218 3777 decisiones;
1235 3709 1491 3780 itemque
1511 3726 1576 3763 ex
1594 3727 1660 3765 eo
1675 3710 1829 3780 quod

211 3813 375 3853 omne
408 3799 469 3853 in
508 3815 687 3854 unum
729 3804 1146 3871 congregatum
1179 3802 1521 3874 receperint,
1560 3803 1707 3856 hanc
1748 3803 1829 3856 eis

211 3891 648 3962 appellationem
696 3892 1097 3964 imponentes:
1151 3911 1254 3948 nec
1305 3896 1451 3949 ultra
1499 3896 1826 3966 quindecim

211 3984 531 4054 myriadum
569 4001 834 4040 versuum
868 4003 1178 4041 numerum
1210 3988 1289 4041 eis
1322 3988 1540 4055 dantes,
1571 3993 1625 4042 et
1658 3989 1715 4042 in
1747 4006 1828 4044 se-

209 4080 355 4144 ptem
378 4094 474 4132 eos
499 4077 864 4149 disponentes
882 4082 1177 4134 tractatus.
1201 4081 1374 4152 quue
1393 4098 1509 4135 non
1528 4099 1827 4152 perperam

210 4181 392 4239 neque
413 4171 535 4226 sine
565 4171 807 4240 ratione,
845 4173 944 4226 sed
973 4173 1045 4226 ad
1075 4190 1449 4229 numerorum
1477 4180 1741 4229 naturam
1773 4180 1831 4230 et

208 4257 569 4318 harmoniam
595 4265 1057 4336 respicientes.——-
1081 4265 1177 4338 §2.
1202 4269 1281 4321 Ea
1306 4267 1498 4338 igitur,
1523 4285 1648 4339 quze
1675 4269 1829 4339 apud

210 4368 398 4410 omnes
431 4364 614 4428 πρῶτα,
631 4357 687 4411 id
715 4361 799 4412 est
814 4359 1150 4429 primordia,
1172 4364 1592 4429 nuncupantur,
1615 4363 1675 4414 in
1697 4377 1831 4431 qua-

1939 1847 2062 1898 tum
2077 1844 2248 1899 etiam
2267 1845 2534 1913 militum,
2551 1846 2647 1916 qui
2669 1863 2756 1914 ea,
2773 1849 2836 1899 ut
2853 1847 3324 1917 volunt,faciunt,
3341 1851 3560 1906 duobus

1937 1937 2098 1991 libris
2125 1938 2408 2007 ordinata,
2431 1942 2488 1993 et
2507 1939 2576 1992 de
2599 1939 2956 1993 testamentis
2977 1939 3271 2011 inscripta;
3305 1943 3558 2014 quinque

1939 2035 2131 2085 autem
2147 2032 2518 2103 sequentibus
2529 2031 2894 2086 continentur
2909 2049 2976 2086 ea
2993 2049 3118 2104 qua:
3132 2034 3200 2087 de
3222 2035 3419 2104 legatis
3433 2037 3561 2090 etii-

1939 2123 2369 2192 deicommissis,
2389 2128 2445 2178 et
2467 2125 2626 2179 omni
2646 2142 2847 2180 eorum
2876 2125 3252 2196 ambiguitate
3275 2127 3560 2198 disputata

1937 2219 2097 2271 sunt:
2114 2221 2170 2272 et
2192 2217 2467 2288 quoniam
2485 2218 2745 2272 Falcidiaa
2761 2218 3010 2272 narratio
3037 2219 3337 2274 continens
3355 2226 3412 2275 et
3428 2238 3559 2275 con-

1937 2312 2212 2365 sentanea
2243 2313 2363 2365 erat
2386 2311 2704 2381 legatorum
2728 2314 2785 2364 et
2813 2311 2946 2365 ﬁdei
2967 2312 3402 2367 commissorum
3432 2331 3557 2385 pro-

1934 2402 2058 2473 prio
2073 2403 2353 2470 tractatui,
2369 2407 2673 2475 propterea
2691 2404 2941 2475 etipsam
2959 2405 3229 2460 continuo
3243 2407 3562 2478 legatorum

1934 2497 2337 2567 supposuimus
2365 2497 2710 2563 tractationi,
2734 2498 2878 2552 libro
2901 2498 3126 2570 integro
3151 2498 3234 2552 rei
3254 2500 3556 2571 applicato,

1935 2605 2064 2642 cum
2101 2589 2260 2644 brevi
2303 2590 2553 2660 quadam
2587 2591 2946 2661 adjectione;
2980 2595 3036 2645 et
3064 2609 3290 2646 rursum
3321 2594 3455 2664 quia
3486 2595 3560 2648 ad

1934 2682 2196 2736 Falcidiae
2227 2683 2610 2737 imitationem
2643 2683 3072 2759 [introductum]
3108 2688 3228 2738 erat
3251 2686 3554 2741 Trebellia-

1932 2791 2074 2829 num
2093 2776 2648 2830 senatusconsultum
2676 2775 2735 2829 in
2755 2775 3232 2846 ﬁdeicommissis,
3251 2782 3308 2832 et
3327 2779 3457 2834 huic
3479 2780 3561 2833 ul-

1933 2869 2139 2922 timum
2155 2868 2322 2938 hujus
2336 2869 2709 2924 ordinationis
2723 2869 3026 2923 tribuimus
3045 2870 3250 2938 locum,
3266 2874 3447 2926 totum
3461 2873 3556 2943 jus

1933 2977 2104 3031 super
2123 2961 2211 3014 his
2230 2961 2498 3032 positum,
2517 2961 2868 3016 Trebelliano
2889 2965 3379 3019 senatusconsulto
3399 2965 3559 3019 attri-

1931 3053 2189 3120 buentes,
2223 3060 2278 3109 et
2300 3071 2709 3125 supervacuam
2727 3072 2845 3110 esse
2872 3055 3169 3126 Pegasiani
3197 3062 3557 3112 senatuscon-

1930 3147 2060 3202 sulti
2091 3148 2434 3218 positionem
2466 3148 2833 3215 invenientes,
2863 3152 2921 3202 et
2949 3149 3222 3204 absurdas
3243 3151 3450 3205 horum
3469 3168 3555 3207 se-

1931 3242 2489 3296 natusconsultorum
2508 3242 2658 3296 inter
2674 3259 2732 3295 se
2747 3241 3117 3309 differentias,
3136 3247 3194 3295 et
3206 3243 3557 3299 communio-

1929 3349 2200 3403 nes,quas
2212 3350 2348 3387 sane
2363 3339 2419 3388 et
2440 3338 2656 3387 veteres
2671 3333 2862 3404 perosi
2877 3334 3150 3404 captiosas
3172 3339 3229 3388 et
3248 3335 3556 3392 damnosas

1931 3425 2308 3496 appellarunt,
2345 3425 2686 3496 simpliciore
2718 3425 2961 3496 quadam
3002 3427 3348 3498 narratione,
3383 3447 3555 3485 omne

1931 3518 2038 3572 hoc
2051 3518 2282 3572 schema
2293 3521 2733 3590 congregantes,
2750 3522 2808 3573 et
2819 3519 2891 3573 ad
2905 3519 3072 3574 unius
3084 3524 3556 3578 senatusconsulti

1929 3611 2267 3666 Trebelliani
2300 3611 2723 3666 ordinationem
2755 3613 3124 3683 applicantes,
3150 3618 3205 3669 et
3233 3615 3556 3688 hancquino

1928 3708 2049 3758 tam
2066 3709 2288 3775 partem
2306 3705 2479 3759 totius
2494 3705 2869 3760 ordinationis
2882 3723 3089 3760 novem
3112 3706 3196 3761 his
3208 3709 3554 3778 perfecimus

1928 3797 2122 3865 libris;
2158 3799 2215 3852 in
2244 3799 2447 3869 quibus
2469 3815 2676 3853 novem
2705 3799 2864 3853 libris
2879 3799 3017 3853 nihil
3047 3801 3118 3854 de
3132 3802 3427 3872 quondam
3460 3821 3552 3858 cas

1931 3891 2089 3946 ducis
2123 3892 2336 3946 dictum
2368 3909 2402 3946 a
2421 3893 2587 3947 nobis
2610 3897 2713 3959 est,
2745 3893 2879 3964 quia
2906 3897 3143 3964 propter
3165 3911 3328 3950 usuin
3358 3913 3559 3968 quemi

1930 3983 2062 4037 dam
2081 4002 2197 4039 non
2215 4001 2573 4056 prosperum,
2594 4002 2723 4040 cum
2741 3985 3223 4042 increbuissentin
3239 3990 3551 4060 republica,

1929 4080 1987 4129 et
2001 4078 2320 4132 luctuosum
2333 4081 2775 4132 monumentum
2786 4078 3064 4133 bellorum
3079 4081 3325 4135 civilium
3343 4087 3552 4153 essent,

1928 4186 2042 4223 non
2074 4171 2377 4240 oportebat
2407 4170 2466 4224 in
2502 4170 2589 4223 his
2617 4187 2848 4224 manere
2881 4173 3231 4242 temporibus
3259 4173 3317 4226 in
3347 4175 3553 4244 quibus

1930 4267 1986 4316 et
2009 4265 2154 4316 Deus
2186 4263 2345 4315 dedit
2370 4279 2568 4332 pacem
2600 4278 2768 4333 agere
2799 4263 2955 4315 domi
2995 4267 3051 4316 et
3095 4263 3250 4331 foris,
3303 4268 3378 4333 et,
3421 4284 3551 4323 cum

1930 4354 2182 4424 oportuit
2209 4355 2423 4407 bellum
2451 4370 2667 4423 gerere,
2696 4355 2858 4408 facile
2880 4371 3009 4408 cum
3039 4356 3214 4425 ipsius
3239 4358 3431 4412 favore
3457 4361 3553 4416 ho-

209 4446 330 4501 tuor
347 4449 525 4504 libros
549 4450 1103 4523 seposuimus.—-§3.
1129 4452 1408 4523 Deinceps
1429 4469 1498 4506 ea
1519 4469 1646 4523 qua:
1667 4453 1736 4507 de
1741 4453 1906 4530 ju-D
1930 4449 2041 4500 stes
2076 4462 2345 4517 superare
2374 4450 2432 4499 et
2451 4463 2673 4517 capere.
2707 4478 2774 4486 —
2804 4447 2834 4519 §
2863 4452 2913 4501 7.
2943 4447 3211 4519 Sequitur
3249 4451 3454 4507 deinde
3496 4457 3551 4509 et

213 4537 362 4594 diciis
379 4545 646 4611 tractant,
666 4542 724 4596 in
751 4543 893 4598 alios
921 4547 1140 4615 septem
1160 4544 1351 4599 libros.
1373 4576 1441 4584 —-
1464 4544 1560 4617 §4.
1594 4546 1735 4601 Item
1757 4562 1826 4600 ea

213 4647 329 4701 qum
352 4634 420 4688 de
444 4635 637 4703 rebus,
658 4653 776 4690 non
801 4637 864 4690 in
884 4637 1074 4706 plures
1093 4655 1267 4709 quam
1295 4641 1422 4692 octo
1441 4638 1708 4694 1ibros.—
1728 4638 1824 4711 §5.

215 4722 554 4796 Sequentem
575 4745 709 4784 vero
728 4720 916 4801 operis
934 4734 1178 4801 partem,
1196 4747 1320 4802 quas
1333 4735 1540 4804 quarta
1557 4735 1614 4785 et
1632 4731 1827 4786 media

215 4821 294 4870 est
310 4820 475 4876 totius
491 4823 679 4894 operis
692 4821 857 4885 (μέσον
869 4821 968 4870 ἐστι
979 4821 1062 4871 τοῦ
1076 4824 1285 4887 παντὸς),
1299 4825 1356 4878 in
1379 4824 1505 4879 aliis
1527 4829 1652 4880 octo
1671 4825 1827 4879 libris

214 4906 588 4982 deposuimus,
610 4915 668 4969 in
693 4917 899 4988 quibus
912 4923 996 4971 est
1023 4917 1254 4988 quidem
1282 4919 1827 4990 hypothecaria,non

212 4997 374 5074 longe
395 5008 709 5063 admodum
732 5027 765 5064 a
785 5010 1153 5082 pignoratitia
1165 5012 1387 5066 actione
1411 5013 1647 5079 distans;
1669 5016 1755 5067 est
1773 5016 1829 5067 et

214 5093 514 5154 Edilitium
561 5101 833 5171 edictum,
883 5105 941 5157 et
983 5103 1052 5158 de
1082 5104 1454 5172 evictionibus
1483 5105 1775 5176 stipulatio
1812 5122 1824 5160 :

128 5229 132 5234 .
215 5200 333 5256 quae
360 5190 468 5248 duo
497 5196 825 5263 accessoria,
848 5199 905 5250 et
931 5198 1344 5268 consequentia
1360 5199 1667 5254 constituta
1693 5215 1826 5253 ven-

217 5276 506 5356 ditionum,
526 5289 697 5358 longe
714 5292 902 5344 tamen
924 5289 1308 5345 admodumin
1327 5292 1505 5346 veteri
1520 5292 1664 5363 juris
1685 5292 1828 5346 ordi-

217 5373 430 5432 natione
480 5380 551 5433 ab
594 5381 680 5435 his
711 5381 1055 5455 devagantia
1086 5385 1562 5456 congregavimus
1593 5387 1828 5456 propius

215 5471 439 5538 prOpter
468 5476 728 5528 mutuam
755 5475 906 5530 inter
936 5493 993 5530 se
1025 5477 1454 5548 cognationem,
1488 5495 1558 5532 ne
1599 5495 1725 5548 quae
1756 5478 1824 5532 de

219 5558 412 5617 eodem
425 5581 570 5635 pene
591 5567 903 5639 loquuntur
933 5571 1106 5642 longe
1120 5588 1152 5624 a
1171 5587 1228 5624 se
1242 5570 1535 5625 distarent.
1559 5573 1690 5625 Post
1708 5573 1829 5627 haec

217 5646 624 5716 introduximus
646 5664 776 5733 post
794 5661 936 5718 duos
955 5662 1078 5718 illos
1104 5663 1277 5718 libros
1299 5680 1367 5719 ea
1388 5679 1514 5734 qua!
1537 5668 1668 5717 sunt
1692 5665 1824 5719 scri-

219 5745 308 5810 pta
333 5747 400 5803 de
430 5755 607 5808 usuris
642 5760 760 5813 tam
791 5757 1152 5814 terrestribus
1186 5774 1356 5832 quam
1386 5757 1707 5829 trajectitiis
1730 5775 1829 5813 seu

1929 4539 2183 4595 exoritur
2203 4539 2362 4593 nobis
2379 4542 2435 4593 et
2447 4545 2597 4594 sexta
2613 4556 2746 4610 pars
2764 4539 2933 4596 totius
2949 4543 3398 4613 compositionis,
3423 4551 3548 4602 octo

1928 4635 2193 4689 conclusa
2232 4632 2411 4686 libris.
2459 4633 2694 4687 Pulchre
2736 4638 2928 4688 autem
2967 4634 3167 4707 incipit
3206 4637 3277 4692 ab
3302 4637 3390 4692 his
3423 4655 3549 4711 qua

1925 4726 2313 4799 possessiones
2334 4725 2723 4794 nominantur,
2758 4744 2898 4798 quas
2929 4745 3033 4782 nos
3057 4728 3334 4800 similiter,
3363 4737 3424 4786 ut
3450 4750 3552 4788 caa-

1927 4824 2048 4875 tera
2073 4819 2382 4891 diligenter
2410 4820 2854 4890 considerantes,
2878 4826 2997 4875 tam
3023 4838 3116 4877 eas
3143 4840 3270 4894 quae
3299 4824 3371 4878 ad
3398 4825 3550 4897 inge-

1930 4930 2074 4968 nuos
2099 4930 2271 4983 quam
2314 4930 2442 4983 quae
2474 4913 2545 4966 ad
2595 4913 2888 4968 libertinos
2922 4915 3230 4984 pertinent,
3279 4933 3342 4970 ex
3375 4919 3553 4974 multa

1929 5005 2282 5060 anteriorum
2314 5011 2642 5076 temporum
2675 5007 3009 5061 confusione
3038 5013 3092 5062 et
3123 5008 3459 5066 obscuritate
3488 5013 3549 5068 in

1927 5116 2135 5171 purum
2161 5099 2497 5154 deduximus
2522 5099 2944 5170 compendium,
2979 5101 3341 5170 geminorum
3354 5103 3552 5180 illisli-

1928 5199 2161 5254 brorum
2182 5214 2486 5252 numerum
2499 5198 2756 5252 sufﬁcere
2770 5197 3550 5272 arbitrantes.Applicavimus

1928 5294 2118 5347 autem
2142 5291 2277 5362 ipsis
2305 5294 2360 5346 et
2394 5306 2592 5344 omnes
2611 5290 2680 5344 ab
2700 5290 2968 5346 intestato
2998 5294 3308 5364 appellatas
3328 5313 3545 5350 succes-

1927 5386 2137 5452 siones,
2163 5387 2221 5439 et
2239 5384 2391 5454 ipsos
2408 5400 2685 5453 generum
2707 5383 2956 5454 ordines,
2980 5401 3174 5442 eorum
3193 5389 3467 5459 gradibus
3486 5405 3543 5442 es

1927 5478 2068 5532 tiam
2087 5477 2230 5531 libro
2243 5476 2604 5547 inscriptis,et
2621 5476 2768 5532 circa
2785 5479 3044 5534 omnium
3062 5482 3239 5534 ﬁnem
3256 5481 3550 5536 Tertulliaa

1929 5587 2070 5624 num
2093 5573 2151 5624 et
2169 5569 2523 5624 Orsicianum
2537 5572 2957 5643 composuimus
2971 5575 3546 5642 senatusconsultum,

1929 5680 1995 5718 ex
2022 5663 2228 5735 quibus
2247 5667 2463 5718 matres
2488 5669 2545 5720 et
2568 5665 2729 5720 liberi
2752 5666 2994 5720 invicem
3015 5681 3363 5720 successores
3379 5667 3542 5722 fiunt.

1926 5757 2188 5813 Procedit
2213 5761 2406 5813 autem
2430 5763 2559 5830 post
2575 5760 2696 5815 haec
2721 5759 2861 5814 alius
2887 5757 3050 5826 liber,
3079 5757 3177 5832 qui
3197 5759 3266 5814 de
3286 5757 3549 5818 aedificitr
