4076 6186
497 303 629 358 1095

1637 297 1890 353 SECULI
1927 295 2112 350 SEXTI
2150 292 2704 350 SUPPLEMENTUM.

3717 291 3736 342 l
3749 291 3853 344 096

492 425 622 464 rum
645 407 912 480 operibus
933 407 1068 460 etde
1102 421 1168 459 ea
1193 420 1318 476 quas
1345 403 1415 458 ob
1442 403 1670 458 ruinosa
1697 405 1957 459 etdiruta
1978 403 2112 458 aedi-
2137 413 2197 486 Α
2219 417 2364 468 mus,
2393 400 2440 452 si
2460 399 2790 453 conferatur
2818 396 2891 450 ad
2916 399 3098 450 totam
3117 394 3634 450 consummationis
3665 396 3858 466 perfe-

495 503 621 556 ﬁcia
656 501 862 573 [datur]
913 497 1325 565 satisfactione,
1371 501 1430 552 et
1459 497 1546 551 his
1574 498 1670 569 qui
1697 498 1756 551 in
1788 497 1877 550 his
1907 497 2122 568 aliquid

495 594 832 649 insidiarum
863 595 958 645 aut
985 591 1199 645 fraudis
1225 590 1580 660 admiserint,
1625 595 1682 645 et
1709 591 1778 645 de
1810 590 1897 644 bis
1921 591 2020 661 qui
2052 607 2123 645 ex

496 703 772 760 aquarum
801 686 1016 756 impetu
1043 685 1258 738 vicinos
1283 684 1550 751 laeserint,
1580 689 1637 738 et
1667 683 1737 738 de
1763 684 2122 754 publicorum

495 779 854 849 vectigalium
869 778 1246 846 coactoribus,
1259 780 1426 849 atque
1447 777 1678 848 insuper
1698 777 1769 830 de
1800 777 2119 831 donationi-

495 873 601 926 bus
625 875 745 924 tam
771 870 1084 924 indefinitis
1103 871 1222 941 [seu
1244 870 1639 940 simplicibus],
1671 886 1848 940 quam
1876 869 1936 922 in
1966 868 2121 940 cogi-

495 964 776 1018 tationem
807 963 1011 1018 mortis
1035 963 1230 1017 relatis
1250 965 1408 1034 leges
1429 980 1494 1016 ac
1507 963 1640 1033 jura
1673 962 1956 1016 ordinant.
1985 963 2122 1015 Rur-

495 1074 622 1112 sum
653 1061 847 1112 autem
888 1057 1165 1128 quidquid
1192 1057 1261 1110 de
1300 1072 1639 1128 quacunque
1675 1055 2122 1109 manumissione

497 1155 696 1218 exstat,
713 1152 800 1205 vel
827 1151 895 1204 de
917 1151 1004 1204 his
1025 1167 1153 1221 quae
1185 1167 1354 1220 super
1379 1150 1502 1221 ipsa
1533 1129 1821 1220 agitantur
1845 1148 2042 1214 causis,
2068 1149 2125 1200 et

496 1245 604 1298 hoc
649 1244 748 1297 uni
781 1243 1058 1298 traditum
1084 1249 1170 1297 est
1197 1243 1364 1297 libro.
1389 1243 1646 1312 Amplius
1678 1247 1868 1296 autem
1901 1257 1969 1295 ea
1999 1257 2124 1312 quae

498 1337 568 1392 de
595 1337 970 1408 possessione,
995 1339 1054 1390 et
1075 1353 1179 1408 per
1199 1337 1381 1408 ipsam
1404 1335 1800 1406 acquisitione,
1825 1339 1882 1388 et
1905 1335 1974 1388 de
1996 1351 2124 1388 cau-

496 1430 570 1484 sis
591 1447 716 1485 eam
747 1429 1240 1484 introducentibus
1272 1432 1424 1497 sunt,
1454 1429 1512 1482 in
1547 1445 1729 1482 unum
1771 1426 2124 1498 seposuimus

496 1527 802 1577 tractatum
822 1521 942 1592 [Seu
960 1523 1214 1592 librum].
1235 1523 1300 1576 Et
1313 1521 1593 1592 quidquid
1610 1521 1782 1574 etiam
1804 1521 1872 1574 de
1887 1519 2126 1590 judicia-

497 1617 596 1670 riis
627 1619 804 1670 exstat
828 1615 1145 1684 sententiis,
1181 1619 1238 1668 et
1265 1613 1353 1668 his
1385 1615 1484 1685 qui
1515 1615 1572 1667 in
1607 1614 1687 1666 eis
1711 1613 1900 1683 aliqua
1930 1616 2126 1667 contra

499 1709 717 1780 seipsos
751 1709 990 1763 confessi
1030 1711 1180 1774 sunt,
1219 1713 1275 1761 et
1313 1707 1382 1760 de
1425 1707 1711 1761 bonorum
1741 1705 2016 1772 cessione,
2069 1707 2128 1758 et

2221 493 2467 548 ctionem
2495 493 2613 562 [seu
2634 489 3042 562 harmoniam].
3077 519 3147 529 --
3172 487 3202 562 §
3225 493 3277 543 9.
3309 491 3444 556 Quae
3469 490 3669 544 omnia
3689 504 3856 543 com-

2219 586 2404 656 posita
2433 587 2584 652 sunt,
2605 586 2664 638 et
2683 584 2974 638 elaborata
2993 581 3337 654 peroptime,
3354 586 3412 636 et
3437 585 3500 635 ut
3529 585 3722 636 nostra
3733 583 3860 652 jus-

2221 679 2380 733 sione
2413 677 2654 748 dignum
2679 679 2805 744 fuit,
2833 691 2938 748 per
2955 675 3362 730 Tribonianum
3381 674 3856 742 illustrissimum,

2223 787 2328 825 nec
2339 787 2454 824 non
2467 768 3420 841 prudentissimum,magistrum,et
3435 771 3858 840 exquaestorem

2223 867 2550 918 nostrorum
2585 863 2952 934 palatiorum,
2988 867 3047 916 et
3076 863 3462 940 exconsulem,
3493 861 3684 916 virum
3711 865 3772 916 et
3793 861 3858 914 in

2219 955 2356 1028 ipsis
2387 973 2578 1010 rerum
2605 954 3032 1026 experimentis,
3060 957 3117 1009 et
3135 955 3194 1008 in
3222 955 3572 1024 eloquentia,
3605 957 3666 1007 et
3689 955 3752 1006 in
3783 955 3861 1009 le-

2223 1049 2386 1121 gibus
2405 1049 2716 1104 scribendis
2737 1049 2874 1102 satis
2893 1051 3229 1118 spectatum,
3251 1051 3308 1102 et
3321 1047 3418 1118 qui
3435 1046 3577 1100 nihil
3593 1062 3858 1116 unquam

2223 1148 2550 1197 nostrarum
2577 1142 2903 1212 jussionum
2930 1139 3292 1211 contempsit,
3322 1156 3548 1194 necnon
3577 1155 3685 1210 per
3713 1139 3859 1192 alios

2224 1235 2415 1306 [viros]
2429 1234 2526 1306 qui
2543 1235 2643 1288 sub
2665 1235 2787 1305 ipso
2807 1235 2973 1289 nobis
2991 1235 3101 1288 hoc
3123 1249 3265 1305 Opus
3287 1232 3670 1299 elaborarunt,
3685 1232 3746 1285 id
3765 1235 3860 1286 est

2221 1328 2648 1383 Constantinum
2657 1326 3278 1400 magniﬁcentissimum
3290 1325 3553 1380 comitem
3565 1341 3856 1378 sacrarum

2222 1421 2682 1491 largitionum,et
2694 1411 3193 1490 antigrapharium
3206 1419 3328 1490 [seu
3341 1417 3860 1489 magistrum]sacri

2225 1514 2437 1581 scrinii,
2453 1517 2508 1568 et
2527 1529 2816 1567 sacrorum
2839 1511 3162 1566 libellorum
3187 1517 3243 1565 et
3259 1511 3660 1582 cognitionum
3679 1511 3860 1581 impe-

2224 1606 2473 1672 rialium,
2503 1607 2598 1676 qui
2621 1605 2780 1659 nobis
2797 1605 3009 1659 bonam
3039 1604 3108 1658 de
3137 1621 3196 1658 se
3229 1604 3562 1674 opinionem
3583 1605 3644 1658 in
3671 1603 3858 1657 omni-

2223 1698 2640 1770 busOpraebuit;
2682 1715 2908 1752 necnon
2947 1697 3322 1768 TheoPhilum
3359 1696 3856 1768 magniﬁcentissi-

499 1802 850 1856 creditorum
865 1799 1651 1866 detentione,etvenditione,
1677 1803 1735 1853 et
1749 1799 1818 1853 de
1839 1799 2126 1852 bonorum
2147 1793 2204 1865 B
2229 1808 2388 1845 mum
2415 1791 2776 1862 magistrum,
2811 1795 2868 1845 et
2891 1793 3046 1862 leges
3077 1791 3196 1861 [seu
3239 1791 3392 1860 jura]
3437 1791 3498 1844 in
3545 1791 3704 1860 regia
3749 1791 3860 1843 hac

501 1894 862 1965 separatione
889 1897 946 1947 et
961 1893 1273 1960 curatione,
1296 1897 1352 1947 et
1372 1909 1446 1946 ne
1466 1892 1602 1963 quid
1623 1892 1912 1963 patiantur
1942 1892 2124 1946 credi-

497 1989 651 2042 tores
682 1986 920 2054 fraudis,
962 1991 1019 2040 et
1055 1986 1114 2039 id
1145 1987 1204 2039 in
1247 2003 1421 2039 unum
1452 1986 1722 2040 similiter
1747 1986 2012 2040 collatum
2043 1989 2127 2039 est

496 2081 731 2135 librum.
767 2080 880 2134 Sed
905 2083 962 2134 et
988 2080 1420 2134 lnterdictorum
1447 2080 1682 2133 modum
1711 2095 1828 2133 non
1869 2079 2125 2149 pluribus

501 2189 676 2244 quam
709 2172 806 2226 uni
837 2172 1098 2226 dedimus
1121 2171 1284 2225 libro.
1309 2172 1447 2226 Inde
1464 2177 1656 2227 autem
1682 2173 1736 2226 et
1764 2171 1837 2225 ad
1864 2170 2124 2240 praescri-

495 2265 725 2338 ptiones
751 2263 868 2337 [seu
895 2265 1272 2336 exceptiones]
1302 2264 1432 2317 etin
1455 2263 1542 2318 his
1572 2264 1837 2318 ordinata
1862 2267 2126 2335 tempora

497 2359 776 2412 venimus.
811 2359 878 2411 Et
904 2358 1314 2428 obligationum
1355 2357 1606 2428 quidem,
1635 2361 1691 2411 et
1717 2358 2004 2412 actionum
2038 2373 2122 2411 se-

496 2452 793 2522 posuimus
817 2451 1039 2518 modos,
1069 2456 1126 2504 et
1154 2451 1446 2522 coegimus
1467 2467 1700 2506 omnem
1729 2452 1877 2504 hanc
1901 2453 2126 2521 partem

498 2540 590 2594 cui
619 2541 870 2610 praesunt
897 2539 1278 2610 possessiones
1311 2542 1392 2608 (ut
1412 2539 1626 2594 dictum
1658 2540 1760 2610 est)
1793 2544 1918 2594 octo
1949 2539 2122 2593 libro-

497 2649 628 2687 rum
647 2649 889 2688 numero
914 2633 1274 2703 descriptam,
1297 2637 1515 2687 sextam
1536 2633 1685 2687 hanc
1708 2636 1928 2704 partem
1953 2632 2126 2686 totius

497 2727 804 2780 voluminis
829 2729 1268 2798 seponentes.-—
1293 2725 1323 2798 §
1355 2729 1406 2780 8.
1429 2726 1618 2780 Totius
1647 2729 1838 2780 autem
1870 2729 2127 2780 extrema

495 2835 648 2891 pars,
679 2836 807 2890 quas
838 2825 894 2874 et
919 2819 1159 2890 septima
1194 2823 1280 2873 est
1312 2819 1486 2874 totius
1531 2819 1895 2886 tractationis,
1937 2835 2032 2873 sex
2067 2818 2128 2872 li-

497 2912 734 2967 brorum
757 2929 1000 2966 numero
1031 2912 1384 2967 demandata
1409 2917 1512 2980 est,
1533 2913 1812 2983 incipiens
1834 2911 2068 2983 quidem
2094 2929 2126 2964 a

499 3006 979 3076 stipulationibus,
1025 3005 1343 3074 procedens
1381 3023 1513 3060 vero
1560 3007 1634 3060 ad
1662 3023 1732 3060 ea
1763 3023 1888 3076 quas
1917 3005 2126 3076 scripta

499 3103 632 3150 sunt
657 3097 728 3150 de
749 3097 1132 3167 ﬁdejussione,
1161 3103 1218 3152 et
1242 3097 1572 3152 debitorum
1605 3098 2022 3165 numeratione,
2043 3114 2127 3151 so-

2225 1885 2364 1938 urbe
2401 1885 2781 1955 laudabiliter,
2805 1889 2863 1938 et
2881 1901 3011 1938 cum
3035 1883 3276 1937 summis
3301 1883 3527 1954 vigiliis,
3557 1888 3615 1936 et
3639 1887 3704 1936 ut
3726 1899 3857 1936 ma-

2225 1979 2456 2049 gisteria
2482 1979 2778 2032 sedulitate
2811 1978 3050 2048 dignum
3081 1981 3185 2044 est,
3209 1977 3537 2045 docentem;
3585 1982 3642 2030 et
3677 1978 3857 2030 Doro-

2224 2072 2426 2125 theum
2449 2071 3080 2142 magnificentissimum
3102 2074 3467 2141 quaestorem,
3483 2073 3541 2123 et
3557 2070 3858 2124 doctorem

2225 2166 2285 2219 in
2305 2165 2500 2235 legum
2517 2165 2738 2218 civitate
2771 2165 3157 2234 designatum;
3188 2163 3430 2217 dicimus
3448 2169 3644 2218 autem
3655 2179 3858 2218 veren-

2227 2257 2362 2312 dam
2385 2262 2442 2312 et
2459 2258 2822 2329 splendidam
2837 2257 3254 2328 Berytiensium
3273 2257 3660 2328 metropolim,
3679 2273 3860 2327 quem

2227 2351 2298 2404 de
2326 2351 2452 2422 ipso
2481 2352 2698 2422 optima
2727 2351 2921 2422 opinio
2959 2355 3016 2404 et
3059 2351 3259 2422 gloria,
3287 2355 3344 2405 et
3379 2351 3451 2404 ad
3477 2367 3581 2404 nos
3623 2350 3868 2404 deduxit

2223 2443 2432 2515 ipsum,
2449 2449 2506 2498 et
2521 2449 2582 2498 ut
2597 2445 2765 2516 hujus
2791 2445 2979 2515 operis
2995 2443 3334 2516 participem
3351 2443 3689 2512 faceremus,
3713 2444 3860 2497 hor-

2224 2541 2342 2592 tata
2371 2541 2488 2592 est:
2509 2539 2608 2593 sed
2633 2541 2692 2592 et
2717 2538 3044 2592 Anatolium
3065 2537 3698 2608 magniﬁcentissimum
3727 2552 3860 2590 ma-

2227 2631 2486 2701 gistrum,
2515 2631 2613 2702 qui
2637 2635 2695 2684 et
2717 2631 2838 2702 ipse
2871 2631 3025 2702 apud
3046 2631 3400 2702 Berytienses
3425 2647 3494 2685 ea
3524 2646 3652 2700 quas
3667 2645 3750 2683 ex
3775 2630 3858 2682 Ie-
3935 2679 3940 2682 .

2227 2724 2392 2794 gibus
2421 2725 2845 2796 [proﬁscuntur]
2867 2724 3103 2795 pulchre
3125 2723 3306 2790 docet,
3337 2723 3424 2777 vir
3448 2739 3516 2776 ex
3535 2723 3706 2777 tertia
3735 2723 3864 2776 stir-

2225 2833 2296 2887 pe
2341 2817 2616 2872 laudabili
2651 2817 2796 2888 juris
2841 2818 2994 2888 apud
3029 2817 3321 2871 Phaenices
3347 2816 3728 2887 interpretum
3753 2815 3858 2869 de-

2227 2909 2530 2976 scendens;
2560 2911 2737 2964 refert
2758 2909 2914 2964 enim
2935 2925 3118 2980 genus
3138 2909 3211 2962 ad
3239 2907 3563 2975 Leontium,
3595 2912 3654 2961 et
3673 2907 3863 2961 Eudo-

2225 3002 2398 3070 xium,
2441 3003 2708 3058 homines
2745 3003 2804 3057 in
2853 3003 3074 3074 legibus
3116 3002 3348 3073 optimas
3376 3003 3691 3068 memoriae,
3729 3004 3862 3071 post

2227 3095 2532 3150 Patricium
2554 3097 2780 3167 inclytae
2804 3096 3238 3163 recordationis,
3263 3094 3631 3166 quaestorium
3662 3097 3721 3147 et
3751 3110 3858 3146 an-

497 3189 716 3244 lutione
749 3193 807 3243 et
837 3190 1170 3244 liberatione
1197 3191 1474 3260 ipsorum,
1506 3195 1564 3244 et
1589 3191 1660 3245 de
1686 3191 2025 3246 introductis
2055 3207 2126 3245 ex
2145 3157 2200 3230 Ο
2227 3189 2587 3258 ticensorem,
2629 3195 2684 3244 et
2711 3189 3008 3244 Leontium
3043 3188 3537 3260 gloriosissimum,
3565 3188 3850 3257 expraefe-

497 3285 804 3354 praetorum
836 3281 1205 3353 juridictione
1254 3283 1728 3354 stipulationibus,
1764 3301 1892 3355 qua:
1935 3285 2127 3338 omnia

499 3377 719 3431 duobus
741 3393 774 3432 a
792 3377 956 3431 nobis
981 3379 1272 3431 contracta
1293 3383 1422 3432 sunt
1451 3377 1626 3445 libris,
1646 3395 1776 3432 cum
1798 3377 1950 3449 apud
1978 3381 2127 3432 vete-

498 3487 590 3525 res
617 3487 722 3525 nec
749 3471 860 3524 dici
891 3474 1082 3541 posset
1107 3475 1244 3541 quot
1267 3475 1454 3526 essent
1483 3472 1610 3525 libri
1639 3473 1726 3542 [ea
1755 3472 1824 3525 de
1853 3473 1959 3541 re].
1988 3473 2121 3526 Pro-

498 3563 650 3618 cedit
670 3567 725 3619 et
748 3563 1017 3634 deinceps
1039 3565 1111 3619 ad
1130 3564 1469 3618 delictorum
1492 3565 1901 3632 narrationem,
1933 3570 1990 3620 et
2009 3581 2126 3619 om-

498 3657 596 3711 nia
625 3662 882 3712 recenset
917 3674 1045 3729 quaa
1073 3658 1148 3712 ad
1176 3657 1398 3728 majora
1424 3657 1631 3712 delicta
1657 3658 1965 3729 pertinent,
1995 3673 2124 3728 quae

496 3757 703 3806 vocant
727 3751 976 3822 privata;
1010 3755 1068 3804 et
1087 3751 1228 3805 item
1253 3767 1382 3822 qua:
1413 3751 1481 3806 ad
1509 3767 1578 3806 ea
1606 3767 1734 3822 quze
1763 3751 2012 3806 necdum
2039 3769 2124 3806 or-

499 3841 717 3898 dinaria
727 3845 1036 3914 appellant,
1057 3844 1158 3898 sed
1171 3844 1309 3916 ipsis
1330 3845 1910 3900 extraordinariorum
1929 3845 2120 3916 appel-

497 3935 772 3989 lationem
807 3934 1148 4007 imponunt:
1183 3937 1476 3992 descendit
1507 3939 1680 3993 etiam
1709 3943 1766 3993 et
1794 3939 1868 3994 ad
1897 3939 2124 4010 publica

497 4026 757 4098 crimina,
783 4043 910 4099 quae
929 4029 1286 4082 atrocissima
1303 4036 1436 4085 sunt
1457 4034 1514 4084 et
1529 4047 1803 4100 magnam
1834 4031 1938 4085 sibi
1955 4032 2124 4086 advo-

497 4124 633 4176 cant
663 4137 910 4192 pcenam.
965 4123 1086 4176 Duo
1128 4127 1320 4176 autem
1351 4127 1408 4176 et
1443 4123 1535 4177 hic
1565 4129 1696 4178 sunt
1723 4123 1873 4191 libri,
1901 4125 2000 4195 qui
2026 4125 2123 4179 illa

498 4215 730 4286 quidem
762 4231 886 4286 quae
915 4215 988 4270 ad
1017 4215 1224 4270 delicta
1243 4221 1298 4271 et
1309 4215 1550 4270 crimina
1565 4217 1855 4288 pertinent
1875 4218 2122 4289 comple-

496 4311 767 4364 ctuntur:
802 4309 1006 4380 quibus
1033 4309 1313 4380 permixta
1354 4313 1486 4364 sunt
1523 4313 1580 4364 et
1617 4327 1684 4366 ea
1727 4327 1855 4382 quae
1901 4311 1972 4366 de
2008 4311 2120 4366 reis

495 4401 800 4456 criminum
823 4403 920 4473 qui
939 4420 998 4456 se
1016 4403 1196 4457 celare
1215 4407 1410 4457 tamen
1427 4407 1710 4458 conantur
1736 4403 1944 4476 scripta
1967 4409 2117 4472 sunt,

2225 3285 2381 3336 ctum
2407 3285 2464 3336 et
2487 3284 2847 3337 exconsulem
2865 3283 3036 3354 atque
3056 3281 3364 3336 Patricium
3383 3282 3433 3352 ej
3445 3299 3508 3335 us
3523 3281 3668 3336 ﬁlios
3689 3283 3858 3350 (sum-

2224 3393 2333 3431 ma
2361 3376 2758 3431 admirationis
2783 3375 2976 3446 viros);
3004 3379 3060 3430 et
3078 3375 3372 3431 Cratinum
3401 3373 3854 3446 magnificentis-

2225 3470 2438 3524 simum
2487 3473 2655 3541 atque
2703 3469 3212 3541 prudentissimum
3241 3469 3513 3523 comitem
3559 3483 3856 3522 sacrarum

2223 3563 2594 3634 largitionum
2616 3565 2696 3634 [et
2719 3563 2971 3634 optimus
2993 3579 3222 3634 quoque
3245 3563 3389 3616 estis
3409 3563 3604 3633 legum
3625 3577 3858 3616 enarra-

2225 3659 2316 3711 tor
2337 3655 2394 3710 in
2425 3657 2586 3726 regia
2610 3657 2716 3710 hac
2742 3655 2929 3726 urbe],
2960 3661 3018 3711 et
3047 3660 3257 3728 praeter
3283 3655 3386 3710 hos
3415 3655 3592 3710 etiam
3616 3654 3859 3725 Stepha-

2225 3751 2638 3820 num,Menam,
2657 3750 3053 3817 Prosdocium,
3071 3749 3444 3816 Eutolmium,
3461 3749 3854 3815 Timotheum,

2223 3845 2555 3914 Leonidem,
2575 3843 2896 3912 Leontium,
2915 3845 3234 3912 Platonem,
3250 3843 3543 3910 Jacobum,
3572 3845 3852 3896 Constan-

2223 3938 2428 4007 tinum,
2454 3941 2756 4006 Joannem,
2780 3939 2928 3992 viros
2953 3935 3455 4008 prudentissimos,
3487 3936 3582 4007 qui
3603 3935 3854 3989 universi

2222 4033 2480 4087 rhetores
2498 4032 2733 4104 quidem
2748 4035 2882 4086 sunt
2897 4031 3436 4103 gloriosissimorum
3447 4031 3852 4101 praefectorum

2223 4141 2510 4180 sacrorum
2555 4129 2880 4180 nostrorum
2912 4125 3350 4196 praetoriorum;
3381 4124 3630 4194 gloriam
3658 4127 3854 4177 autem

2223 4234 2322 4272 seu
2347 4219 2576 4273 laudem
2607 4220 2758 4290 apud
2785 4233 2985 4272 omnes
3005 4217 3326 4288 prudentiae
3349 4217 3501 4287 juste
3533 4217 3766 4281 habent,
3793 4217 3852 4268 et

2222 4327 2256 4365 a
2297 4312 2461 4366 nobis
2500 4311 2706 4366 merito
2741 4311 2980 4382 judicati
3022 4314 3154 4364 sunt
3194 4310 3356 4381 digni
3390 4313 3455 4364 ut
3500 4310 3851 4381 eligerentur

2219 4405 2361 4458 tanti
2389 4405 2721 4458 certaminis
2751 4403 3072 4476 participes.
3114 4405 3243 4458 Haec
3282 4403 3460 4474 igitur
3495 4403 3659 4456 nobis
3699 4401 3852 4454 circa

499 4498 556 4598 et
573 4494 642 4549 de
664 4511 864 4549 eorum
879 4495 1063 4598 bonis,
1081 4499 1137 4549 et
1148 4495 1217 4549 de
1243 4513 1310 4551 ea
1323 4512 1451 4566 quae
1465 4496 1740 4567 inﬂigitur
1761 4497 2115 4552 condemna-
2137 4525 2196 4598 D
2219 4497 2580 4568 Digestorum
2593 4497 2884 4552 elaborata
2895 4497 3516 4567 suntconscriptionem
3530 4511 3631 4566 per
3633 4495 3761 4565 jam
3775 4493 3854 4547 di-

495 4585 567 4641 tis
591 4603 758 4658 paena
789 4590 876 4642 vel
905 4587 1278 4659 indulgentia.
1312 4590 1541 4644 lnitium
1573 4595 1764 4644 autem
1791 4591 1952 4644 nobis
1973 4593 2115 4644 alte-

493 4679 614 4735 rius
637 4697 866 4736 rursum
887 4681 1015 4735 libri
1035 4683 1100 4736 ﬁt
1112 4681 1364 4737 narratio
1385 4683 1454 4737 de
1475 4684 1966 4754 appellationibus,
1993 4699 2119 4755 quae

494 4774 814 4829 communis
834 4778 917 4829 est
935 4775 1185 4845 profecto
1203 4775 1276 4829 ad
1293 4775 1702 4830 rescindendas
1723 4781 1838 4830 tam
1854 4777 2120 4848 pecunia-

493 4868 608 4923 rias
637 4869 760 4940 [seu
791 4867 995 4940 civiles]
1025 4867 1351 4934 sententias,
1383 4885 1556 4940 quam
1583 4869 1927 4925 criminales.
1950 4873 2117 4935 Qua:-

495 4977 719 5033 cunque
742 4965 936 5016 autem
953 4963 1024 5016 de
1046 4962 1258 5018 civibus
1281 4963 1402 5034 [seu
1423 4963 1850 5035 municipibus],
1875 4967 1933 5018 et
1953 4964 2122 5018 decu-

495 5054 767 5122 rionibus,
793 5059 850 5109 et
868 5055 1220 5123 muneribus,
1251 5058 1308 5109 et
1327 5055 1566 5126 publicis
1595 5055 1879 5127 operibus,
1901 5060 1960 5111 et
1977 5075 2121 5111 nun-

498 5143 664 5212 dinis,
684 5151 742 5200 et
751 5147 1036 5202 redituum
1049 5147 1640 5220 pollicitationibus,et
1651 5149 1818 5204 variis
1833 5149 2116 5222 cognitio-

493 5237 663 5293 nibus
678 5237 794 5309 ]seu
805 5239 1450 5313 interrogationibus],et
1465 5243 1692 5314 publica
1713 5239 2115 5314 descriptione,

493 5329 780 5386 veteribus
811 5331 1044 5388 inventa
1077 5341 1227 5402 sunt,
1261 5341 1314 5391 et
1337 5349 1688 5409 quascunque
1716 5337 1785 5393 de
1813 5337 2118 5392 verborum

493 5429 713 5483 exstant
731 5423 1233 5498 signiﬁcatione,et
1252 5429 1321 5484 de
1343 5429 1432 5484 his
1452 5447 1577 5502 qua:
1601 5448 1704 5503 pro
1727 5431 1940 5502 regulis
1965 5431 2118 5502 apud

489 5525 713 5578 veteres
734 5520 882 5576 dicta
900 5523 1049 5588 sunt,
1079 5519 1200 5574 haec
1225 5523 1416 5579 omnia
1431 5520 1490 5578 in
1509 5541 1631 5580 sese
1652 5525 1854 5597 recipit
1883 5525 2117 5580 ultimus

489 5617 654 5672 liber.
679 5615 854 5685 Hujus
870 5615 1044 5687 igitur
1065 5615 1513 5686 compositionis,
1543 5619 1702 5689 cujus
1717 5619 1949 5674 initium
1970 5621 2055 5673 est
2084 5636 2117 5674 a

491 5707 976 5781 stipulationibus,
995 5709 1088 5764 hic
1111 5709 1256 5764 liber
1273 5713 1357 5764 est
1367 5715 1554 5764 sextus
1575 5711 1811 5781 quidem
1826 5712 1871 5768 si
1888 5713 1960 5768 ad
1980 5729 2112 5784 pro-

489 5802 684 5874 prium
697 5800 1042 5875 principium
1061 5805 1458 5878 comparetur;
1487 5802 1588 5859 sed
1605 5807 1691 5860 est
1711 5805 2117 5880 quinquagesi-

2219 4595 2338 4645 ctos
2355 4591 2789 4662 gloriosissimos
2819 4591 3058 4646 viros.-——
3085 4589 3115 4662 §
3146 4594 3230 4644 10.
3263 4591 3442 4644 Tanta
3459 4593 3656 4643 autem
3683 4588 3852 4642 nobis

2219 4685 2542 4738 reverentia
2564 4684 2922 4756 antiquitatis
2945 4685 3072 4754 fuit,
3097 4688 3158 4737 ut
3183 4699 3369 4753 neque
3387 4681 3597 4736 mutari
3613 4681 3854 4736 nomina

2219 4782 2478 4832 veterum
2498 4779 3040 4848 jurisconsultorum
3061 4777 3522 4842 sustinuerimus,
3543 4776 3641 4830 sed
3661 4776 3854 4829 unius-

2220 4873 2492 4943 cujusque
2511 4873 2738 4927 illorum
2757 4873 3200 4944 appellationem
3217 4871 3443 4942 legibus
3457 4869 3852 4941 inscripsimus

2219 4969 2505 5020 mutantes
2525 4965 2781 5037 quidem,
2805 4966 2851 5020 si
2869 4966 3006 5037 quid
3029 4965 3155 5036 jam
3176 4965 3388 5019 habere
3405 4963 3586 5018 visum
3618 4967 3706 5017 est
3731 4980 3852 5018 non

2218 5063 2392 5126 recte,
2423 5062 2616 5130 partes
2637 5075 2767 5114 vero
2799 5059 2921 5114 illas
2949 5076 3102 5115 nunc
3127 5059 3406 5126 tollentes,
3441 5059 3546 5113 has
3571 5073 3728 5111 nunc
3755 5057 3854 5111 ad-

2219 5152 2439 5220 dentes,
2468 5169 2534 5207 ex
2558 5153 2753 5208 multis
2775 5153 3023 5225 denique
3055 5153 3338 5224 optimum
3368 5151 3666 5222 eligentes,
3689 5154 3749 5205 et
3777 5167 3846 5205 u-

2217 5261 2354 5300 nam
2393 5245 2583 5318 [atque
2619 5247 2840 5320 parem]
2881 5247 3146 5302 omnibus
3187 5246 3510 5318 praebentes
3547 5245 3850 5317 potestatis

2216 5339 2330 5393 vim
2361 5340 2480 5410 [seu
2509 5341 2726 5411 robur],
2765 5341 2844 5394 ita
2881 5345 2941 5395 ut
2977 5340 3252 5411 quidquid
3278 5341 3552 5415 scriptum
3581 5347 3666 5397 est
3693 5343 3755 5396 in
3779 5357 3847 5396 eo

2217 5432 2388 5502 llbro,
2423 5433 2481 5487 id
2508 5437 2702 5489 nostra
2723 5435 2794 5488 sit
2811 5435 3128 5490 sententia:
3161 5435 3399 5490 nemine
3427 5437 3676 5493 audente
3696 5453 3847 5492 com-

2215 5541 2420 5599 parare
2443 5545 2512 5582 ea
2537 5544 2662 5600 quae
2689 5546 2841 5584 nunc
2863 5529 3012 5584 facta
3039 5533 3172 5584 sunt
3193 5529 3280 5584 his
3308 5547 3437 5602 qua;
3466 5531 3624 5603 prius
3654 5535 3838 5598 erant,

2218 5621 2352 5692 quia
2389 5623 2570 5676 multa
2597 5625 2656 5677 et
2677 5627 2980 5678 numeratu
3015 5641 3131 5678 non
3157 5623 3342 5680 facilia
3380 5625 3844 5697 transposuimus

2215 5714 2274 5769 in
2307 5716 2530 5788 melius,
2586 5717 2810 5773 etiamsi
2839 5718 2974 5791 quid
3018 5717 3304 5792 imperiali
3353 5719 3548 5793 aliqua
3581 5721 3846 5794 antiquo-

2215 5825 2344 5866 rum
2385 5809 2796 5884 imperatorum
2837 5813 3241 5871 constitutione
3299 5815 3359 5871 in
3403 5816 3576 5872 aliam
3625 5813 3844 5872 dictum
