4076 6186
233 213 371 264 1097

995 217 1022 268 Ι
1027 215 1218 270 USTlN
1224 216 1336 271 IAN
1339 218 1360 270 Ι
1400 219 1613 273 LEGES
1651 219 1872 275 SELEC'.

1975 261 1982 273 .
2026 223 2150 276 LIB.
2195 223 2232 287 l,
2275 223 2398 277 TlT.
2446 223 2551 287 νη,
2594 221 2722 275 LEX
2762 222 2849 276 IIl.

3458 228 3592 281 1098

223 315 414 370 fuerat
443 316 706 373 formam.
736 320 879 375 Nam
905 323 1136 380 nomina
1164 324 1395 395 quidem
1439 327 1716 382 veteribus
1747 344 1862 382 ser-
1886 339 1946 414 Α
1966 335 2022 384 et
2041 329 2312 384 similium
2327 330 2735 401 assumpsimus
2748 328 3218 400 positionem,vel
3231 330 3399 384 rebus
3412 331 3596 402 subje-

225 409 501 480 vavimus,
531 411 724 482 legum
752 419 942 470 autem
974 417 1269 472 veritatem
1307 425 1561 475 nostram
1607 421 1861 476 fecimus.

231 504 422 573 Itaque
453 505 500 558 si
528 506 664 576 quid
697 513 820 562 erat
854 508 912 563 in
941 509 1052 564 illis
1083 511 1416 566 seditiosum
1445 513 1644 584 (multa
1672 519 1864 570 autem

226 596 361 650 talia
382 603 544 652 erant
563 599 638 654 ibi
659 601 941 672 reposita),
960 604 1068 658 hoc
1090 604 1341 661 decisum
1363 611 1447 661 est
1466 612 1522 662 et
1540 609 1861 679 deﬁnitum,

225 689 286 739 et
316 686 374 739 in
401 687 766 757 perspicuum
797 691 969 745 linem
1010 692 1252 748 deducta
1278 700 1362 750 est
1389 711 1630 768 quaeque
1659 697 1767 752 lex.
1797 729 1864 736 —

129 811 135 820 -
225 779 260 850 §
296 783 380 833 11.
411 780 516 834 Sed
537 798 667 835 cum
693 785 986 854 oportebat
1016 791 1070 840 et
1099 787 1349 858 aliquam
1378 789 1722 844 mediocrem
1752 791 1862 844 isa-

227 889 438 944 gogem
477 874 660 930 facere
697 876 756 930 in
795 894 991 932 eorum
1031 881 1270 951 gratiam
1295 881 1394 952 qui
1421 889 1677 938 recenter
1711 885 1865 955 leges

228 966 541 1037 attingunt,
571 985 677 1022 nec
705 971 984 1040 majorem
1014 969 1326 1028 doctrinam
1356 981 1580 1045 portare
1611 981 1862 1047 possunt,

228 1074 417 1130 neque
444 1060 548 1114 hoc
577 1066 737 1116 extra
766 1069 1016 1119 nostram
1054 1067 1470 1136 providentiam
1509 1070 1862 1141 reliquimus,

227 1151 444 1206 scilicet
481 1154 824 1211 Triboniano
877 1158 1306 1228 gloriosissimo,
1338 1162 1434 1231 qui
1484 1168 1540 1217 et
1581 1163 1651 1218 ad
1697 1164 1867 1218 totius

227 1245 421 1315 operis
459 1247 702 1317 legitimi
741 1250 1209 1320 gubernationem
1254 1254 1464 1309 electus
1505 1260 1608 1325 est,
1646 1273 1868 1312 necnon

227 1338 562 1409 Theophilo,
586 1346 641 1395 et
662 1343 942 1399 Dorotlieo
959 1347 1530 1418 magniﬁcentissimis
1551 1353 1608 1403 et
1626 1351 1868 1420 pruden-

227 1431 464 1486 tissimis
512 1435 963 1491 anticensoribus
1013 1440 1296 1494 accersitis
1347 1442 1758 1513 mandavimus,
1805 1449 1871 1498 ut

230 1520 537 1590 seligereut
557 1538 621 1576 ex
648 1523 733 1578 his
759 1541 885 1595 qua:
913 1527 1063 1596 apud
1083 1534 1298 1584 veteres
1319 1536 1481 1584 erant
1505 1531 1867 1603 isagogarum

230 1612 405 1667 modo
431 1617 758 1686 composita,
783 1634 850 1672 ea
876 1636 1005 1690 quae
1033 1627 1218 1676 essent
1247 1623 1554 1694 aptissima,
1579 1629 1636 1679 et
1655 1626 1713 1680 in
1734 1625 1869 1696 ipsis

230 1721 426 1761 rerum
457 1711 811 1778 argumentis
839 1711 1176 1784 obtinentia;
1220 1721 1395 1788 utque
1435 1718 1789 1789 colligerent,
1816 1723 1873 1774 et
1891 1709 1947 1781 B

228 1798 395 1852 nobis
413 1799 701 1872 offerrent,
721 1807 778 1857 et
797 1807 861 1858 ut
887 1808 1237 1863 mentionem
1263 1810 1437 1864 etiam
1480 1811 1732 1866 facerent
1773 1829 1869 1868 no-

233 1894 480 1946 strarum
515 1894 1018 1966 Constitutionum,
1046 1917 1184 1972 quas
1215 1919 1318 1972 pro
1349 1905 1742 1960 emendatione
1773 1923 1867 1961 ve-

232 1984 370 2038 teris
389 1986 536 2056 juris
556 1991 1060 2064 promulgavimus,
1093 1999 1149 2048 et
1175 1995 1252 2049 ita
1277 2004 1682 2068 componerent
1700 2000 1871 2054 libros

231 2081 476 2147 quatuor
490 2080 711 2136 futuros
732 2083 914 2153 prima
931 2086 1212 2142 elementa
1233 2089 1403 2144 totius
1424 2091 1706 2162 isagoges,
1724 2109 1872 2164 quos

233 2171 423 2225 vocari
441 2173 696 2229 Insti'tuta
722 2176 903 2231 visum
924 2183 1036 2248 est;
1065 2197 1233 2251 quam
1253 2199 1389 2236 sane
1413 2183 1653 2254 legitimi
1687 2186 1872 2257 operis

233 2267 457 2334 partem
509 2269 876 2339 compositam
921 2272 1082 2326 nobis
1126 2274 1471 2346 obtulerunt,
1506 2282 1562 2332 et
1599 2295 1704 2333 nos
1748 2296 1873 2333 eam

236 2359 413 2410 totam
436 2360 845 2417 consideratam
873 2382 906 2418 a
933 2366 1115 2437 nobis,
1146 2373 1200 2423 et
1226 2385 1586 2441 perpensam,
1610 2375 1872 2444 recteque

236 2448 446 2506 habere
485 2453 683 2523 visam,
715 2457 918 2512 nostris
963 2459 1216 2514 sensibus
1260 2479 1376 2517 non
1419 2464 1712 2536 indignam
1755 2483 1873 2521 esse

227 2541 628 2614 judicavimus,
662 2552 719 2602 et
758 2566 859 2620 pro
891 2553 1095 2607 nostris
1121 2554 1323 2610 haberi
1349 2558 1870 2628 Constitutionibus,

240 2641 294 2690 et
309 2642 630 2694 nostrarum
653 2641 1133 2700 Constitutionum
1152 2648 1327 2702 robur
1342 2650 1549 2706 habere
1562 2652 1837 2722 jussimus
1857 2671 1870 2708 :

237 2731 387 2799 quod
429 2735 486 2786 et
516 2749 581 2786 ex
610 2734 697 2787 his
726 2752 855 2807 quae
882 2738 940 2792 in
965 2741 1261 2809 prooemiis
1287 2743 1542 2812 ejusdem
1573 2746 1874 2800 voluminis

239 2822 625 2892 disseruimus,
657 2829 922 2883 omnibus
951 2832 1318 2888 manifestum
1343 2835 1598 2891 fecimus.
1626 2869 1694 2878 —
1725 2840 1758 2910 §
1787 2843 1871 2895 12.

240 2915 329 2969 Sic
353 2917 542 2989 itaque
572 2921 728 2976 omni
758 2923 1002 2978 Romani
1021 2926 1166 2996 juris
1199 2927 1562 2999 dispositione
1591 2933 1871 3000 ordinata,

239 3012 295 3062 et
337 3009 397 3063 in
439 3012 621 3066 tribus
656 3013 891 3086 integris
936 3022 993 3072 et
1032 3019 1416 3076 voluminibus
1449 3028 1504 3076 et
1526 3025 1690 3078 annis
1720 3030 1875 3080 tanto

238 3117 410 3172 opere
451 3107 698 3175 perfecto
734 3110 900 3179 (quod
928 3111 1089 3165 nobis
1135 3113 1205 3166 ab
1246 3113 1405 3169 initio
1439 3131 1668 3171 omnem
1716 3135 1874 3189 spem

239 3196 532 3265 excedere,
561 3199 706 3252 circa
730 3200 902 3256 ﬁnem
929 3207 1138 3272 autem,
1162 3222 1292 3260 cum
1315 3208 1436 3278 jam
1462 3212 1873 3280 penetrabilem

237 3303 358 3342 esse
377 3304 500 3343 rem
528 3290 840 3362 docuimus,
864 3311 935 3348 ne
958 3296 1016 3349 in
1036 3297 1232 3352 decem
1254 3301 1483 3371 quidem
1503 3303 1666 3358 annis
1692 3310 1874 3360 totum

237 3380 449 3435 absolvi
479 3399 645 3453 posse
671 3385 1006 3459 videbatur),
1039 3395 1196 3445 tanta
1226 3408 1361 3464 ergo
1393 3396 1570 3451 trium
1593 3414 1874 3454 annorum

239 3473 562 3531 celebritate
584 3486 977 3536 consummato
1009 3499 1200 3555 opere,
1233 3490 1288 3541 et
1315 3487 1417 3542 hac
1443 3506 1614 3560 opera
1634 3492 1873 3547 Domino

239 3567 356 3621 Deo
387 3568 592 3641 oblata,
631 3572 730 3643 qui
760 3573 912 3628 dedit
939 3581 996 3630 et
1019 3593 1212 3647 pacem
1241 3596 1431 3651 agere,
1453 3587 1509 3637 et
1527 3583 1677 3638 bella
1694 3586 1870 3640 felici-

239 3662 328 3714 ter
352 3660 617 3733 dirigere,
656 3669 713 3719 et
741 3665 896 3738 leges
921 3684 1133 3738 ponere
1160 3673 1467 3742 praeterito,
1498 3678 1784 3747 praesenti,
1819 3683 1875 3733 et

238 3752 429 3808 futuro
455 3757 720 3828 tempori,
742 3759 961 3829 justum
993 3778 1112 3816 esse
1141 3767 1463 3834 putavimus
1491 3770 1756 3824 omnibus
1777 3772 1875 3827 ho-

240 3846 486 3901 minibus
537 3849 722 3905 facere
773 3854 1136 3910 manifestum
1179 3861 1436 3912 nostrum
1481 3861 1539 3915 in
1576 3862 1664 3917 his
1707 3864 1874 3919 rebus

241 3941 490 3995 studium
541 3943 711 3998 simul
762 3951 820 3999 et
864 3949 1298 4020 providentiam,
1327 3955 1610 4022 quomodo
1662 3974 1873 4030 nempe

241 4033 419 4103 priori
443 4037 607 4091 soluti
633 4039 1077 4108 perturbatione,
1107 4045 1164 4096 et
1188 4045 1535 4115 confusione,
1570 4054 1625 4104 et
1651 4053 1872 4108 nullum

241 4125 416 4180 linem
441 4128 683 4185 habente
700 4131 849 4202 juris
879 4135 1177 4206 positione,
1204 4140 1358 4193 usuri
1389 4147 1522 4197 sunt
1545 4147 1777 4213 posthac
1800 4149 1875 4203 le-

243 4219 406 4290 gibus
450 4224 636 4291 rectis,
665 4229 1104 4299 compendiosis,
1138 4236 1194 4286 et
1235 4236 1498 4290 omnibus
1536 4239 1606 4293 ad
1637 4257 1874 4296 manum

240 4316 538 4385 promptis,
567 4321 623 4370 et
647 4317 834 4373 litium
859 4324 1258 4393 compendium
1289 4327 1674 4402 aﬂ‘erentibus,
1698 4340 1753 4388 et
1772 4351 1872 4405 pa-

1896 3077 1951 3150 C

1966 424 2066 478 ctis
2085 424 2146 478 id
2171 425 2551 496 exigentibus,
2574 429 2638 478 ut
2666 427 2955 495 oporteret
2976 422 3125 476 idem
3147 423 3399 492 pluribus
3417 426 3594 495 appli-

1965 517 2079 571 cari
2116 517 2308 586 titulis,
2340 519 2428 572 vel
2456 518 2588 588 quia
2612 533 2741 571 cum
2771 520 3042 570 extraneo
3087 516 3210 570 loco
3250 521 3394 570 esset
3433 533 3590 571 com-

1965 611 2212 666 mixtum
2233 611 2289 665 id
2309 611 2464 681 quod
2492 611 2673 665 simile
2701 608 2979 681 superiori
3000 609 3316 677 videbatur,
3340 609 3597 681 impossi-

1965 704 2074 759 bile
2100 705 2208 759 fuit
2235 722 2364 760 eam
2390 704 2824 759 similitudinem
2854 702 3105 771 detrahi;
3146 703 3232 756 vel
3259 703 3432 757 etiam
3464 703 3597 774 quia

1966 814 2113 868 saepe
2139 798 2508 853 custodienda
2537 798 2644 852 fuit
2672 798 2896 867 integra
2921 796 3090 851 totius
3116 795 3349 850 theoriaa
3373 797 3496 866 [seu
3521 797 3598 851 vi-

1967 892 2154 963 sionis]
2198 892 2565 958 continentia,
2593 908 2696 944 nec
2739 890 3051 960 separanda
3098 888 3216 960 [aut
3259 889 3594 959 divellenda]

1964 1001 2125 1039 mens
2151 990 2206 1039 et
2230 986 2544 1039 intellectus
2591 982 2936 1056 [legentium]
2970 999 3070 1053 per
3095 998 3294 1037 eorum
3320 998 3449 1052 qum
3470 983 3594 1052 jam

1967 1078 2173 1148 scripta
2209 1078 2440 1132 fuerant
2482 1077 2906 1149 ademptionem
2940 1093 2952 1129 :
2992 1075 3132 1146 quin
3176 1080 3232 1129 et
3273 1075 3376 1128 hoc
3416 1075 3600 1129 sicubi

1966 1176 2319 1242 assumptum
2351 1175 2435 1224 est
2473 1174 2704 1241 propter
2749 1170 2829 1224 rei
2872 1169 3283 1236 necessitatem,
3317 1173 3510 1223 tamen
3539 1169 3596 1222 id

1967 1263 2133 1318 breve
2173 1269 2273 1332 est,
2308 1280 2410 1318 nec
2455 1264 2636 1317 ullum
2677 1263 2796 1316 fere
2839 1263 2924 1316 sui
2960 1279 3188 1315 sensum
3215 1261 3499 1332 praebens.
3528 1291 3598 1302 —-

1969 1357 2002 1428 §
2034 1359 2118 1411 14.
2153 1359 2265 1411 Hoc
2300 1357 2471 1411 etiam
2503 1357 2711 1427 ipsum,
2740 1361 2795 1410 et
2839 1356 2897 1408 in
2944 1354 3453 1409 Constitutionibus
3477 1354 3598 1424 jam

1969 1451 2120 1504 inter
2156 1450 2478 1521 imperiales
2506 1448 2942 1504 Constitut‘iones
2967 1448 3177 1516 relatis,
3212 1453 3268 1502 et
3286 1449 3416 1517 jure
3447 1448 3600 1518 quod

1970 1559 2038 1598 ex
2062 1543 2151 1596 his
2178 1544 2430 1611 resultat,
2463 1542 2882 1596 observavimus
2909 1557 2922 1595 :
2947 1557 3081 1594 nam
3109 1556 3237 1612 quia
3265 1541 3322 1594 in
3350 1541 3457 1595 illis
3479 1542 3600 1610 jam

1971 1640 2130 1690 cauta
2170 1641 2352 1704 erant,
2387 1652 2454 1689 ea
2481 1651 2584 1689 nec
2607 1635 2667 1688 in
2696 1635 2802 1688 hoc
2828 1634 3116 1687 volumine
3152 1633 3284 1704 poni
3328 1633 3601 1687 concessi-

1969 1746 2116 1798 mus,
2139 1729 2248 1784 nisi
2269 1730 2338 1783 ob
2363 1729 2614 1800 aliquam
2639 1727 2924 1781 interdum
2955 1726 3432 1780 circumstantiam
3454 1727 3604 1781 simi-

1967 1823 2223 1878 litudinis
2242 1822 2432 1894 aliqua
2457 1839 2618 1876 causa
2647 1821 2840 1875 relicta
2866 1823 2970 1875 est.
2989 1820 3110 1890 —§
3137 1823 3222 1874 15.
3244 1820 3603 1874 Contrariam

1971 1920 2162 1971 autem
2184 1916 2304 1970 aliis
2331 1915 2552 1988 legibus
2570 1916 2756 1986 legem
2777 1931 2844 1969 ex
2865 1913 2954 1967 his
2970 1929 3096 1984 quae
3114 1913 3172 1966 in
3193 1913 3298 1966 hoc
3318 1913 3604 1968 volumine

1970 2011 2170 2082 positae
2216 2015 2349 2064 sunt
2387 2025 2504 2063 non
2548 2009 2710 2063 facile
2749 2007 2876 2079 quis
2916 2006 3212 2076 repererit,
3241 2005 3286 2059 si
3326 2006 3494 2060 modo
3533 2006 3605 2060 ad

1973 2119 2168 2158 omnes
2188 2102 2600 2157 contrarietatis
2618 2101 2758 2156 ﬁnes
2771 2100 3026 2154 animum
3043 2099 3334 2154 intendere
3355 2099 3604 2162 festinet,

1975 2198 2068 2251 sed
2099 2197 2247 2251 inest
2271 2195 2482 2267 aliquid
2504 2195 2810 2261 diversum,
2830 2193 2983 2264 quod
3003 2197 3358 2262 assumptum
3379 2191 3608 2246 alterius

1975 2289 2198 2360 generis
2220 2289 2363 2344 forte
2384 2289 2528 2343 hanc
2549 2293 2605 2344 et
2619 2288 2776 2342 illam
2801 2287 2945 2356 legis
2971 2285 3311 2357 positionem
3331 2300 3608 2356 apparere

1971 2382 2157 2438 faciet.

2045 2477 2076 2548 §
2102 2480 2186 2532 l6.
2219 2477 2327 2532 Sed
2357 2479 2414 2530 et
2443 2475 2489 2529 si
2512 2475 2644 2547 quid
2672 2475 2818 2529 forte
2841 2472 3288 2545 praetermissum
3305 2477 3388 2527 est
3407 2488 3608 2527 eorum

1973 2587 2101 2642 quae
2129 2570 2263 2640 poni
2294 2569 2577 2623 debebant
2608 2568 2768 2638 (forte
2795 2567 2950 2621 enim
2987 2570 3044 2620 et
3081 2565 3293 2637 aliquid
3318 2565 3429 2620 tale
3469 2581 3606 2620 con-

1972 2662 2103 2731 tigit
2128 2667 2362 2732 propter
2383 2662 2646 2715 humanae
2674 2659 3112 2714 imbecillitatem
3139 2659 3400 2728 naturae),
3428 2658 3610 2712 multo

1975 2772 2107 2810 sane
2151 2754 2355 2809 melius
2404 2737 2489 2808 est
2536 2754 2744 2808 nostris
2792 2752 3030 2810 subditis
3076 2751 3271 2806 multis
3315 2749 3610 2806 inutilibus

1975 2848 2201 2902 liberari
2228 2846 2511 2919 [legibus],
2535 2847 2670 2901 dum
2691 2846 2986 2918 privantur
3003 2845 3148 2899 forte
3171 2844 3362 2915 paucis
3382 2844 3610 2915 quibus-

1977 2920 2108 2996 dam
2138 2958 2266 3012 quae
2304 2941 2643 2995 videbantur
2673 2939 2900 3006 idonea,
2931 2938 3280 3010 myriadibus
3306 2953 3485 3008 prope
3515 2938 3607 2992 in-

1976 3034 2150 3088 finitis
2175 3035 2390 3088 defossa
2423 3040 2479 3089 et
2507 3033 2780 3105 deposita,
2800 3038 2856 3086 et
2874 3031 3089 3086 nemini
3114 3031 3259 3084 forte
3284 3030 3610 3085 mortalium

1975 3128 2384 3182 animadversa.
2419 3157 2486 3166 —-
2533 3128 2564 3197 §
2614 3131 2697 3181 17.
2748 3127 2898 3179 Hanc
2941 3125 3094 3179 enim
3141 3124 3214 3178 ob
3258 3139 3486 3178 causam
3527 3129 3613 3178 tot

1974 3221 2130 3275 libris
2168 3238 2313 3291 quos
2358 3227 2525 3275 antea
2564 3219 2729 3272 scribi
2769 3218 3062 3288 oportebat
3092 3216 3343 3271 destituti
3364 3216 3609 3287 judices,

1973 3313 2192 3368 facilius
2217 3331 2287 3368 ex
2311 3311 2663 3383 paucissimis
2693 3311 2840 3382 juris
2875 3309 3200 3364 auctoribus
3243 3314 3302 3362 et
3337 3309 3497 3363 libris
3538 3309 3611 3365 ad

1973 3407 2148 3461 linem
2173 3407 2359 3461 litium
2386 3405 2810 3476 perveniebant,
2835 3406 2892 3458 et
2907 3403 3122 3474 judicia
3146 3402 3499 3470 decidebant,
3523 3403 3610 3458 vel

1973 3503 2206 3574 propter
2230 3500 2484 3570 inopiam
2511 3499 2806 3566 librorum,
2835 3497 2922 3552 vel
2950 3496 3084 3569 quia
3109 3513 3228 3551 non
3255 3495 3612 3552 sufﬁciebant

1972 3593 2168 3648 multis
2209 3593 2496 3648 laboribus
2535 3592 2608 3646 ad
2648 3591 2986 3646 invenienda
3015 3591 3193 3644 multa
3222 3589 3381 3644 utilia
3413 3605 3607 3645 neces-

1975 3687 2157 3757 sariis,
2190 3690 2247 3740 et
2271 3686 2483 3740 viribus
2512 3689 2674 3741 erant
2714 3685 2977 3756 impares.
3020 3685 3082 3737 In
3128 3683 3392 3755 praesenti
3417 3687 3609 3739 autem

1975 3780 2458 3835 consummatione
2501 3780 2784 3834 maximus
2823 3779 3018 3849 legum
3054 3777 3434 3832 obtinentium
3471 3793 3609 3832 con-

1977 3879 2166 3945 gestus
2185 3877 2269 3927 est
2288 3890 2563 3928 numerus
2589 3889 2658 3927 ex
2678 3872 2836 3927 libris
2864 3872 3023 3941 raris,
3043 3875 3101 3925 et
3120 3871 3219 3942 qui
3244 3871 3337 3926 vix
3364 3872 3610 3928 inveniri

1973 3967 2282 4039 potuerint,
2313 3973 2368 4023 et
2394 3984 2637 4039 quorum
2675 3983 2776 4021 nec
2814 3966 3047 4020 nomina
3090 3981 3194 4020 nec
3237 3966 3606 4020 eruditissimi

1975 4061 2208 4133 quidem
2229 4062 2288 4116 in
2307 4062 2528 4133 legibus
2544 4063 2864 4132 complures
2877 4060 3146 4113 homines
3161 4064 3451 4112 noverant.
3466 4059 3610 4122 Quo-

1974 4172 2104 4210 rum
2138 4172 2269 4210 sane
2294 4156 2512 4225 copiam
2555 4156 2675 4224 [seu
2717 4152 3037 4220 materiam]
3069 4151 3229 4205 nobis
3255 4151 3607 4206 uberrimam

1975 4249 2154 4302 dictus
2181 4247 2610 4318 gloriosissimus
2625 4245 2996 4299 Tribonianus
3022 4243 3266 4314 praebuit
3290 4244 3605 4328 multorum

1974 4339 2274 4408 librorum,
2305 4341 2362 4392 et
2385 4339 2483 4410 qui
2506 4339 2601 4392 vix
2625 4337 2913 4392 numerari
2949 4341 3208 4408 possunt,
3247 4336 3607 4408 suppeditata

239 4406 397 4474 ratis,
417 4413 586 4479 atque
605 4411 871 4482 expositis
891 4417 1153 4472 omnibus
1176 4418 1542 4494 [hominibus]
1563 4425 1632 4479 ad
1646 4426 1870 4483 facilem
1890 4443 1950 4514 D
1973 4406 2360 4499 multitudine,
2400 4406 2606 4504 quibus
2656 4430 2918 4485 omnibus
2953 4406 3200 4501 perfecte
3250 4406 3428 4497 lectis,
3468 4447 3604 4486 con-

242 4500 1373 4582 acquisitionem,necampliusegentibus
1389 4516 1582 4571 multis
1597 4500 1945 4599 pecuniis,"
1980 4530 2135 4598 gesta
2161 4530 2293 4581 sunt
2319 4527 2440 4580 haec
2465 4524 2782 4591 volumina;
2825 4524 2923 4578 sed
2958 4539 3028 4577 ex
3066 4523 3274 4578 horum
3316 4523 3508 4578 multis
3551 4528 3610 4579 et

244 4599 308 4648 ut
333 4593 561 4650 illorum
597 4597 885 4655 inutilium
917 4602 1193 4659 librorum
1220 4615 1533 4678 congerant
1555 4593 1875 4673 multitudi;

243 4703 399 4756 nem,
429 4690 525 4744 sed
551 4690 818 4746 vilissima
845 4697 1106 4765 pecunia,
1134 4703 1254 4754 tam
1281 4701 1578 4760 ditioribus
1609 4724 1780 4780 quam
1809 4729 1878 4767 ex

243 4781 497 4837 tenuiore
518 4784 780 4854 profectis
798 4789 1159 4862 patrimonio,
1175 4795 1397 4866 copiam
1412 4798 1497 4852 sui
1516 4806 1879 4873 comparandi

244 4874 648 4944 praebentibus.
680 4909 749 4919 —-
777 4880 810 4951 §
843 4883 925 4936 13.
955 4883 1009 4937 Si
1039 4886 1178 4956 quid
1203 4893 1392 4944 autem
1420 4907 1489 4946 ex
1516 4895 1878 4954 multitudine

245 4981 311 5020 ea
353 4985 482 5040 quae
516 4987 670 5026 nunc
701 4980 967 5046 congesta
998 4984 1099 5046 est,
1130 4985 1187 5035 et
1229 4997 1298 5050 ex
1336 4985 1506 5039 tantis
1533 4989 1879 5060 myriadibus

245 5060 499 5132 collecta,
527 5065 809 5122 videbitur
844 5085 963 5123 esse
994 5071 1177 5128 simile
1221 5074 1300 5144 [et
1342 5079 1711 5154 geminatum]
1752 5085 1880 5152 (hoc

245 5159 434 5209 autem
461 5163 727 5227 putamus
745 5166 937 5217 ratum
964 5168 1119 5238 esse),
1143 5172 1398 5226 attamen
1425 5172 1692 5231 humanae
1721 5184 1880 5233 natu-

247 5262 326 5301 rae
343 5247 828 5324 [imbecillitatem]
847 5258 1350 5333 considerantibus,
1366 5281 1480 5320 non
1495 5274 1656 5323 extra
1667 5270 1880 5341 justam

245 5341 571 5413 apologiam
610 5362 681 5400 ne
708 5347 816 5402 hoc
842 5350 1074 5421 quidem
1111 5355 1396 5413 videbitur
1435 5376 1591 5428 esse;
1633 5364 1690 5417 in
1722 5367 1879 5420 nullo

248 5434 402 5488 enim
421 5436 683 5492 aberrare
706 5440 824 5510 [seu
847 5442 905 5496 iu
929 5445 1189 5502 omnibus
1210 5449 1763 5524 irreprehensibilem
1781 5475 1884 5518 seu

246 5527 733 5586 inemendabilem
761 5536 924 5604 esse],
957 5537 1159 5595 divinae
1186 5544 1384 5617 utique
1410 5549 1602 5618 solius,
1624 5567 1746 5610 non
1775 5575 1882 5617 au-

1977 4620 2143 4674 variis
2167 4620 2236 4675 hi
2262 4620 2361 4691 qui
2403 4637 2436 4674 a
2473 4619 2636 4674 nobis
2661 4619 2732 4673 ad
2767 4617 2873 4672 hoc
2899 4617 3231 4689 congregati
3264 4622 3447 4684 erant,
3476 4633 3609 4672 cum

1979 4713 2121 4769 nihil
2141 4713 2486 4769 invenissent
2502 4713 2792 4778 idoneum,
2812 4716 2914 4766 aut
2925 4727 3136 4766 novum
3151 4711 3220 4765 ab
3241 4710 3328 4764 his
3346 4726 3474 4781 quae
3486 4710 3609 4781 jam

1979 4811 2327 4879 congregata
2353 4813 2531 4874 erant,
2563 4807 2877 4861 illationem
2903 4821 2971 4860 ex
2993 4805 3079 4859 his
3107 4805 3166 4858 in
3193 4805 3302 4858 hoc
3329 4819 3500 4874 opere
3523 4805 3607 4859 fa-

1980 4901 2238 4956 ciendam
2262 4901 2476 4972 optimo
2507 4901 2698 4955 animo
2720 4903 3082 4971 respuerunt.

2051 4997 2083 5066 §
2117 4999 2200 5050 l8.
2231 4995 2284 5051 Si
2302 5011 2436 5050 vero
2465 4999 2662 5066 postea
2680 4993 2893 5063 aliquid
2922 4991 3053 5046 novi
3075 4995 3608 5063 controverteretur,

1980 5091 2131 5161 quod
2162 5106 2276 5144 non
2321 5089 2617 5161 apparebit
2656 5087 2878 5158 legibus
2919 5086 3007 5139 his
3047 5084 3382 5155 inscriptum
3412 5085 3611 5158 (multa

1981 5184 2135 5239 enim
2161 5200 2366 5238 novare
2392 5182 2546 5236 novit
2570 5183 2809 5251 natura),
2838 5179 2933 5234 sed
2961 5178 3269 5250 imperium
3300 5179 3445 5233 Deus
3475 5195 3606 5249 pro-

1980 5283 2106 5349 pter
2131 5278 2236 5332 hoc
2265 5275 2537 5349 imposuit
2560 5274 2902 5342 hominibus,
2931 5277 2995 5327 ut
3022 5273 3376 5344 emergentia
3395 5277 3450 5325 et
3470 5271 3613 5341 legis

1981 5371 2207 5443 egentia
2247 5372 2372 5441 lege
2413 5369 2662 5437 definiat,
2698 5371 2755 5421 et
2792 5368 3056 5422 humanae
3081 5371 3302 5421 natura:
3328 5365 3614 5418 incertum

1981 5461 2217 5532 repleat,
2245 5466 2301 5515 et
2324 5459 2489 5514 certis
2513 5458 2809 5513 concludat
2831 5457 3056 5529 legibus
3079 5473 3144 5510 ac
3171 5454 3402 5522 regulis,
3426 5467 3614 5524 neque

1984 5553 2089 5609 hoc
2117 5558 2375 5610 nostrum
2410 5568 2561 5608 nunc
2596 5552 2857 5623 dicimus,
2885 5551 2983 5607 sed
3012 5551 3136 5620 jam
3172 5546 3432 5600 omnium
3465 5545 3615 5617 juris

246 5625 364 5675 tem
413 5621 672 5678 mortalis
709 5631 795 5681 est
841 5633 1164 5688 constantiae
1209 5636 1327 5705 [seu
1378 5640 1637 5715 roboris],
1675 5663 1888 5721 quem-
1990 5649 2343 5706 conditorum
2369 5647 2468 5720 qui
2486 5647 2622 5702 olim
2646 5621 2990 5712 claruerunt,
3021 5640 3496 5713 prudentissimus
3514 5642 3612 5696 Ju-

247 5714 558 5774 αάωοάῑιω
576 5721 641 5830 ξι
667 5735 702 5774 ﬂ
719 5721 1268 5830 malorfb‘uidictum
1295 5737 1379 5787 est
1411 5749 1423 5788 :
1457 5714 1656 5794 deinde
1678 5714 1769 5817 est
1788 5714 1897 5830 :bi
1993 5743 2173 5804 lienus
2198 5746 2303 5802 hoc
2327 5714 2515 5816 ipsum
2539 5742 2760 5800 videtur
2783 5738 3008 5802 dixisse,
3030 5734 3129 5807 qui
3158 5739 3216 5788 et
3239 5735 3310 5790 ab
3335 5734 3620 5807 imperiali

575 5813 848 5886 PATROL.
894 5819 1131 5890 LXXII.
1757 5813 1768 5817 ⁷
1794 5813 1865 5830 ’⁷
2351 5813 2369 5816 ’
3227 5836 3306 5896 35
