4076 6186
481 288 618 342 1099

1617 287 1872 344 SECULI
1911 285 2102 342 SEXTI
2139 282 2696 340 SUPPLEMENTUM.

3701 285 3846 339 1100

469 395 800 452 auctoritate
865 396 1134 468 implorat
1177 395 1300 450 ﬁeri
1357 396 1550 468 legum
1609 397 1988 469 repletionem
2041 397 2102 451 in
2121 409 2182 482 Α
2201 400 2391 451 torum
2415 395 2808 466 paratitlorum
2834 393 2919 465 (ut
2947 392 3289 448 conveniens
3313 393 3414 464 est)
3431 391 3714 448 ascribere
3743 411 3846 448 vo-

472 490 897 562 emergentibus
924 489 1389 561 ambiguitatibus
1429 495 1485 544 et
1523 491 1961 562 quaestionibus;
2004 491 2101 545 sed

472 587 530 638 et
573 585 637 639 D.
678 583 956 638 Adrianus
999 583 1108 653 pias
1157 583 1467 652 memoriae,
1501 585 1728 655 quando
1772 601 1860 654 ea,
1904 600 2031 655 quae
2069 600 2103 636 a

467 677 800 748 praetoribus
822 676 1126 745 quotannis
1151 676 1332 732 edicta
1349 677 1580 732 fuerant
1601 677 1759 732 brevi
1775 677 2103 748 complexus

473 759 558 824 est
581 770 786 834 libello,
806 773 1094 840 assumpto
1114 770 1185 826 ad
1203 771 1264 824 id
1285 788 1355 842 op
1381 771 1498 826 imo
1517 770 1754 838 Juliano,
1771 771 1829 825 in
1849 771 2102 825 oratione

470 879 640 934 quam
657 861 714 915 in
733 879 1036 918 commune
1049 863 1246 918 habuit
1263 864 1322 919 in
1341 864 1560 920 seniore
1577 865 1773 933 Roma,
1794 865 1899 920 hoc
1915 864 2102 934 ipsum

471 971 694 1026 quoque
717 956 796 1010 ait
820 973 832 1010 :
857 961 920 1012 ut
941 957 986 1011 si
1011 957 1144 1028 quid
1169 960 1377 1029 praeter
1393 958 1448 1013 id
1469 959 1618 1030 quod
1638 959 1760 1029 jam
1778 957 2102 1013 ordinatum

469 1051 556 1104 est
565 1064 689 1104 eme
695 1048 876 1117 rserit,
893 1052 1232 1106 conveniens
1247 1055 1330 1107 est
1341 1069 1434 1108 eos
1447 1052 1544 1123 qui
1557 1052 1616 1106 in
1626 1052 1960 1123 magistratu
1973 1055 2104 1106 sunt

466 1141 606 1196 illud
633 1143 822 1198 conari
851 1143 1133 1214 decidere,
1156 1150 1212 1200 et
1236 1145 1556 1200 remedium
1579 1146 1872 1217 imponere
1900 1161 2098 1200 secun-

467 1236 608 1290 dum
645 1253 847 1292 eorum
874 1253 1002 1308 qua:
1023 1239 1146 1308 jam
1172 1238 1438 1294 ordinata
1465 1245 1604 1310 sunt
1641 1239 2102 1310 consequentiam

473 1327 914 1401 [imitationem].
953 1361 1010 1370 --
1045 1331 1078 1402 §
1111 1335 1196 1386 l9.
1227 1334 1352 1386 Hace
1397 1333 1575 1403 igitur
1612 1349 1808 1388 omnes
1847 1333 2103 1403 (dicimus

465 1428 658 1478 autem
679 1441 796 1492 vos,
817 1425 1017 1495 magni
1045 1429 1270 1480 senatus
1299 1431 1354 1482 et
1383 1443 1578 1481 omnes
1605 1433 1812 1482 nostrae
1837 1425 2100 1497 reipubli-

465 1533 546 1572 cae
577 1517 858 1588 homines)
886 1521 1312 1589 cognoscentes,
1344 1520 1586 1590 gratiam
1612 1520 1844 1592 quidem
1869 1518 2102 1574 conﬁte—

467 1610 612 1664 mini
657 1612 786 1680 Deo,
834 1611 930 1682 qui
977 1613 1186 1666 nostris
1230 1613 1579 1684 temporibus
1624 1617 1848 1668 tantum
1889 1613 2104 1668 bonum

469 1703 735 1770 servavit;
781 1705 1005 1759 utimini
1036 1722 1168 1760 vero
1205 1707 1415 1761 nostris
1463 1706 1703 1777 legibus,
1737 1707 1878 1762 nulli
1909 1723 2104 1762 earum

2201 489 2412 545 luerint
2429 506 2629 558 usum;
2659 488 2810 543 aliud
2830 491 3022 543 autem
3036 487 3182 542 nihil
3203 487 3438 542 omnino
3455 503 3528 542 ne
3549 487 3848 543 tantillum

2201 583 2434 654 quidem
2477 584 2626 638 circa
2655 599 2722 638 ea
2748 582 2951 650 facere,
2983 597 3086 636 nec
3115 597 3344 636 rursum
3371 581 3504 636 dare
3529 581 3844 648 seditionis,

2201 680 2259 731 et
2312 676 2698 747 dubitationis,
2743 681 2844 730 aut
2895 675 3131 731 inﬁnitas
3183 674 3567 730 multitudinis
3617 675 3840 748 legibus

2199 771 2570 839 occasionem,
2599 771 2657 824 id
2683 770 2836 840 quod
2863 773 3029 824 antea
3065 769 3126 824 in
3153 767 3370 840 antiqui
3417 768 3585 823 edicti
3623 769 3838 824 factum

2203 868 2287 918 est
2329 863 2704 926 ordinatione,
2731 863 2814 918 ita
2851 867 2914 916 ut
2953 861 3090 918 illud
3128 861 3522 916 brevissimum
3559 863 3844 918 constitu-

2199 961 2325 1012 tum
2373 973 2442 1012 ex
2493 956 2880 1012 differentium
2929 955 3474 1011 commentariorum
3519 955 3848 1018 differentia

2201 1067 2305 1104 seu
2341 1049 2660 1106 diversitate
2685 1050 2745 1104 in
2775 1047 3056 1104 inﬁnitam
3083 1049 3484 1105 extenderetur
3517 1049 3842 1104 multitudi-

2201 1159 2356 1200 nem.
2375 1143 2434 1198 Si
2463 1143 2598 1215 quid
2631 1142 2784 1198 enim
2809 1143 2954 1198 forte
2983 1142 3318 1214 ambiguum
3337 1142 3510 1196 fuerit
3525 1143 3736 1212 visum,
3755 1143 3846 1198 vel

2200 1237 2388 1291 litium
2413 1235 2802 1306 certatoribus,
2821 1236 2909 1292 vel
2929 1235 3016 1290 his
3035 1235 3134 1307 qui
3153 1235 3322 1290 rebus
3343 1234 3665 1305 judicandis
3685 1253 3840 1306 prae-

2201 1335 2352 1398 sunt,
2381 1331 2487 1385 hoc
2515 1330 2824 1401 imperator
2851 1329 3320 1400 interpretabitur
3347 1333 3498 1383 recte
3523 1345 3537 1383 :
3559 1345 3694 1383 nam
3711 1329 3842 1384 haec

2201 1423 2440 1479 facultas
2455 1423 2534 1478 illi
2555 1423 2658 1478 soli
2673 1441 2706 1477 a
2721 1424 2940 1495 legibus
2956 1423 3232 1494 permissa
3251 1425 3355 1478 est.
3369 1425 3567 1493 Itaque
3583 1421 3844 1493 quisquis

2203 1534 2382 1574 ausus.
2398 1517 2571 1572 fuerit
2599 1517 2670 1571 ad
2695 1517 2844 1571 hanc
2870 1521 3120 1571 nostram
3151 1516 3344 1587 legum
3370 1515 3844 1586 compositionem

2203 1611 2678 1666 commentarium
2708 1610 2941 1680 aliquod
2965 1609 3228 1680 adjicere,
3248 1609 3412 1663 aliter
3435 1613 3604 1680 atque
3635 1615 3845 1662 nostrae

2203 1705 2376 1776 hujus
2398 1703 2666 1775 jussionis
2685 1705 2870 1758 forma
2897 1703 3233 1775 praiscribit,
3257 1702 3304 1757 is
3325 1702 3460 1756 sciat
3487 1702 3640 1774 quod
3661 1707 3719 1756 et
3737 1701 3848 1772 ipsi

468 1813 596 1867 quae
624 1798 907 1852 veteribus
933 1798 1092 1852 libris
1117 1799 1400 1870 inscriptae
1429 1805 1562 1854 sunt
1589 1801 1962 1868 attendentes,
1999 1817 2096 1855 ne-
2117 1789 2176 1862 B
2198 1798 2323 1854 falsi
2349 1813 2446 1853 reo
2464 1797 2684 1869 legibus
2703 1798 2916 1866 futuro,
2939 1799 2996 1852 et
3020 1797 3175 1868 quod
3200 1795 3600 1867 composuerit,
3625 1795 3844 1866 eripie—

467 1906 577 1960 que
606 1891 676 1945 ad
713 1907 778 1944 ea
812 1907 938 1962 quae
971 1909 1123 1946 nunc
1159 1893 1343 1964 posita
1369 1897 1500 1948 sunt
1529 1893 1655 1948 illas
1680 1899 2097 1966 comparantes;

467 1983 600 2053 quia
619 1983 722 2038 etsi
750 1984 1048 2039 videantur
1066 1987 1324 2058 quadam
1355 1987 1598 2041 invicem
1629 2004 1746 2042 non
1769 2003 2096 2055 consonare,

464 2080 658 2132 tamen
683 2078 843 2148 prius
867 2079 1008 2133 illud
1037 2082 1092 2134 et
1114 2081 1390 2135 vetustius
1419 2081 1582 2134 nobis
1605 2085 1671 2134 ut
1695 2081 2098 2152 imperfectum

465 2170 770 2240 displicuit,
793 2188 944 2226 nunc
963 2177 1150 2227 autem
1175 2174 1280 2228 hoc
1293 2175 1476 2228 visum
1499 2179 1580 2229 est
1601 2174 1805 2228 debere
1823 2175 2096 2229 obtinere.

465 2265 606 2318 Nam
635 2265 1002 2334 prohibemus
1039 2267 1148 2321 illis
1177 2268 1238 2322 in
1277 2271 1567 2337 posterum
1595 2267 1682 2321 uti
1713 2284 1726 2322 :
1760 2268 1882 2321 haec
1909 2272 2100 2322 autem

465 2357 582 2412 sola
621 2357 904 2412 observari
942 2359 1002 2414 in
1043 2361 1332 2432 republica
1359 2365 1416 2416 et
1440 2361 1696 2415 obtinere
1738 2361 2100 2416 concedimus

467 2455 530 2504 et
551 2451 863 2520 sancimus;
911 2453 988 2506 ita
1018 2457 1082 2506 ut
1121 2455 1220 2524 qui
1255 2457 1488 2508 conatus
1525 2455 1698 2508 fuerit
1721 2470 1786 2508 ex
1819 2453 2100 2524 prioribus

463 2543 642 2612 libris,
674 2548 732 2599 et
761 2561 876 2599 non
903 2563 972 2600 ex
1003 2546 1092 2600 his
1119 2547 1334 2601 duobus
1362 2547 1492 2601 solis
1527 2552 1584 2602 et
1624 2547 2099 2602 Constitutionum

466 2635 650 2709 [libro]
684 2655 716 2690 a
745 2639 906 2693 nobis
933 2639 1274 2710 compositis,
1303 2641 1392 2696 vel
1435 2640 1612 2708 factis,
1641 2641 1722 2696 uti
1761 2640 2100 2712 quibusdam

463 2730 703 2800 legibus,
731 2733 818 2787 vel
846 2749 937 2787 eas
967 2734 1024 2787 in
1045 2733 1272 2803 judiciis
1295 2734 1504 2806 legere,
1535 2735 1622 2788 vel
1653 2734 1698 2788 si
1721 2734 1849 2805 quis
1876 2733 2097 2805 judica-

463 2818 607 2874 verit
631 2836 700 2876 ex
719 2821 808 2875 his
825 2822 977 2892 apud
1001 2838 1057 2876 se
1083 2821 1306 2876 recitari
1327 2839 1421 2877 eas
1442 2839 1658 2894 passus,
1673 2823 1800 2878 falsi
1819 2840 1949 2878 reus
1971 2823 2097 2890 erit,

465 2918 521 2969 et
541 2913 894 2984 publicorum
907 2915 1218 2971 criminum
1232 2915 1536 2986 judicatus,
1551 2921 1608 2972 et
1623 2934 1802 2988 poenas
1817 2917 2096 2972 addictus:

465 3007 619 3076 quod
643 3008 749 3062 etsi
775 3025 892 3063 non
915 3009 1252 3079 diceremus,
1271 3011 1360 3064 vel
1378 3026 1448 3064 ex
1469 3011 1574 3064 hoc
1598 3011 1719 3081 ipso
1739 3011 2102 3066 manifestum

466 3104 629 3152 esset.
663 3129 730 3138 —
755 3100 787 3170 §
815 3103 905 3154 20.
945 3101 1058 3155 Sed
1101 3107 1156 3155 et
1197 3102 1300 3155 hoc
1348 3103 1628 3172 optimum
1669 3104 1789 3158 fore
1820 3103 2098 3172 judicavi-

465 3206 614 3258 mus,
663 3209 998 3263 praponere
1051 3195 1412 3264 Digestorum
1459 3196 1732 3250 volumini
1783 3200 1840 3250 et
1887 3201 2101 3250 veteres

457 3285 606 3355 juris
632 3285 974 3356 conditores;
1005 3291 1060 3341 et
1085 3287 1315 3342 illorum
1351 3288 1662 3356 volumina,
1689 3295 1746 3344 et
1787 3289 1939 3343 unde
1985 3290 2096 3343 col-

463 3377 630 3432 lectio
662 3379 809 3434 facta
848 3379 918 3434 sit
961 3380 1158 3451 legum
1203 3397 1353 3435 nunc
1393 3400 1424 3435 a
1464 3381 1623 3436 nobis
1651 3387 2051 3453 congestamm
2083 3400 2097 3437 ε

466 3472 617 3542 quod
644 3476 700 3526 et
738 3473 860 3528 fieri
899 3473 1192 3544 jussimus,
1223 3479 1279 3529 et
1307 3475 1518 3529 factum
1563 3481 1679 3544 est;
1722 3481 1778 3530 et
1823 3477 1992 3530 simul
2037 3491 2100 3531 ea

465 3576 594 3632 quae
632 3561 700 3614 de
735 3561 823 3615 his
850 3561 1020 3616 rebus
1045 3563 1366 3634 conscripta
1385 3569 1533 3634 sunt,
1563 3565 1808 3636 supponi
1849 3566 1983 3620 huic
2013 3566 2099 3620 di-

467 3654 609 3732 vinae
653 3659 858 3710 nostrae
901 3655 1299 3712 Constitutioni
1335 3657 1718 3728 praecipimus,
1751 3663 1812 3712 ut
1840 3659 2102 3714 omnibus

466 3747 564 3802 ﬁat
593 3748 976 3818 manifestum,
997 3753 1052 3804 et
1072 3750 1211 3822 quid
1229 3749 1431 3820 prioris
1457 3751 1886 3823 inexperientiaa
1905 3753 2096 3819 simul,

468 3845 524 3894 et
547 3840 964 3898 incertitudinis
982 3847 1141 3909 esset,
1159 3849 1214 3898 et
1233 3843 1370 3914 quid
1389 3861 1421 3898 a
1436 3845 1600 3900 nobis
1619 3845 1693 3899 sit
1711 3845 2098 3901 adinventum.

471 3931 841 4002 Legislatores
867 3940 1060 3998 autem
1090 3952 1190 3990 seu
1219 3937 1415 4008 legum
1441 3938 1782 4010 interpretes
1810 3939 1932 3994 illos
1965 3957 2098 3996 con-

471 4025 770 4095 gessimus,
798 4027 894 4098 qui
922 4027 1074 4098 apud
1111 4045 1306 4082 omnes
1333 4031 1551 4099 probati
1581 4035 1637 4087 et
1677 4033 1889 4103 recepti
1918 4038 2098 4104 erant,

471 4123 528 4174 et
553 4119 836 4190 prioribus
859 4120 1299 4192 imperatoribus
1329 4123 1675 4193 placuerant,
1710 4128 1766 4180 et
1787 4126 1880 4196 qui
1914 4127 1984 4180 ab
2013 4127 2103 4182 his

469 4212 750 4267 nominari
787 4219 1139 4270 meruerunt.
1169 4214 1225 4270 Si
1253 4215 1406 4270 enim
1435 4216 1639 4287 aliquis
1665 4219 1920 4274 nondum
1946 4225 2100 4275 vete-

471 4307 626 4361 ribus
651 4307 1060 4378 legislatoribus
1087 4309 1347 4380 cognitus
1377 4314 1478 4377 est,
1507 4327 1608 4364 nos
1654 4317 1710 4366 et
1747 4313 1879 4367 huic
1923 4314 2100 4368 inter-

471 4400 714 4457 diximus
728 4402 894 4471 hujus
905 4403 1208 4458 voluminis
1224 4404 1812 4460 communicationem.
1829 4407 2103 4462 Omnibus

2197 1897 2310 1962 tur,
2345 1897 2402 1947 et
2429 1891 2610 1946 modis
2641 1891 2906 1945 omnibus
2933 1896 3350 1961 corrumpetur.
3373 1920 3442 1929 —
3461 1889 3495 1960 §
3513 1891 3599 1944 22.
3622 1889 3848 1942 Eadem

2197 2001 2362 2058 poena
2387 1985 2655 2056 imposita
2681 1989 2736 2040 et
2763 1985 3030 2040 adversus
3064 2001 3157 2039 eos
3185 1983 3285 2055 qui
3313 1983 3461 2038 notis
3493 1983 3604 2050 (seu
3644 1981 3848 2054 signis)

2197 2079 2536 2151 quibusdam
2577 2079 2638 2133 in
2680 2078 2958 2150 scriptura
2995 2083 3227 2132 utentur
3269 2077 3418 2148 (quae
3464 2075 3628 2146 signa
3670 2075 3848 2145 siglas

2197 2175 2418 2242 vocant)
2449 2176 2506 2226 et
2545 2172 2644 2243 qui
2683 2188 2786 2243 per
2815 2187 2879 2226 ea
2910 2171 3248 2225 conturbare
3285 2169 3628 2239 scripturam
3657 2171 3844 2222 tenta-

2196 2266 2398 2334 verint,
2429 2283 2532 2320 nec
2557 2281 2660 2337 per
2685 2269 2860 2321 totam
2889 2262 3354 2335 consequentiam
3379 2263 3702 2317 litterarum
3729 2279 3844 2315 nu-

2199 2375 2401 2426 meros,
2417 2361 2476 2413 et
2485 2359 2722 2413 nomina
2733 2363 2987 2413 veterum
3001 2357 3368 2428 prudentum,
3387 2361 3442 2410 et
3459 2359 3632 2409 totam
3645 2355 3846 2425 legum

2199 2452 2538 2523 positionem
2591 2451 2940 2524 scripserint.
2973 2450 3163 2506 Sciant
3209 2451 3382 2504 etiam
3430 2449 3710 2502 librorum
3759 2447 3844 2500 ita

2199 2546 2540 2617 scriptorum
2571 2549 2986 2617 comparatores
3015 2559 3074 2598 se
3099 2543 3316 2597 inutilis
3341 2543 3462 2596 fore
3488 2541 3618 2596 libri
3647 2541 3846 2594 domi-

2197 2655 2330 2708 nos;
2361 2655 2546 2710 neque
2575 2639 2728 2692 enim
2759 2638 2961 2692 damus
2989 2635 3282 2692 licentiam
3325 2635 3534 2690 talibus
3581 2633 3744 2688 libris
3783 2634 3846 2686 in

2191 2731 2418 2802 judiciis
2435 2733 2536 2800 uti,
2552 2734 2608 2787 et
2627 2731 2840 2802 aliquid
2861 2747 3052 2802 agere,
3073 2729 3295 2784 etiamsi
3313 2729 3612 2799 contingat
3629 2727 3846 2781 librum

2197 2825 2258 2878 in
2289 2843 2356 2880 ea
2381 2825 2504 2896 ipsa
2545 2828 2703 2896 parte
2731 2841 2856 2896 quae
2899 2823 3170 2878 recitatur
3205 2822 3428 2876 nullum
3475 2821 3688 2876 habere
3735 2821 3848 2874 tale

2199 2919 2428 2990 signum
2451 2920 2572 2988 [aut
2595 2917 2837 2990 notam],
2859 2918 2954 2972 sed
2975 2917 3036 2971 in
3054 2917 3168 2971 alia
3193 2931 3532 2988 quacunque
3549 2915 3636 2968 sui
3657 2919 3846 2984 parte,

2199 3012 2457 3084 quamvis
2483 3012 2657 3066 semel
2681 3013 2906 3066 tantum
2935 3011 2990 3064 id
3021 3009 3335 3064 admissum
3363 3009 3456 3064 sit.
3499 3009 3691 3078 Itaque
3721 3008 3848 3078 ipse

2201 3106 2430 3177 quidem
2457 3121 2589 3160 eum
2611 3105 2820 3159 librum
2841 3120 2944 3175 pro
2964 3121 3082 3158 non
3104 3103 3314 3174 scripto
3334 3117 3564 3172 prorsus
3587 3100 3846 3154 habebit.

2200 3200 2248 3253 Is
2295 3204 2484 3254 autem
2532 3199 2628 3268 qui
2673 3213 2804 3252 eum
2848 3197 3154 3268 scripserit,
3184 3201 3240 3250 et
3269 3194 3558 3266 ignoranti
3598 3193 3850 3264 emptori

2199 3291 2436 3360 dederit,
2467 3291 2704 3362 duplum
2733 3292 2908 3346 solvet
2937 3295 3058 3360 ejus
3085 3287 3478 3344 aestimationis
3521 3287 3574 3342 ei
3620 3287 3722 3358 qui
3763 3287 3846 3340 ita

2201 3385 2260 3438 in
2285 3385 2596 3456 quantitate
2628 3385 2904 3440 damnum
2931 3400 3124 3454 passus
3149 3383 3341 3450 fuerit,
3367 3380 3743 3436 nihilominus
3759 3379 3848 3432 in-

2201 3479 2449 3549 ﬂigenda
2477 3478 2757 3533 criminali
2783 3494 2968 3550 poena.
3001 3478 3112 3531 Hoc
3141 3475 3352 3531 etenim
3379 3479 3438 3529 et
3465 3475 3525 3528 in
3555 3473 3680 3528 aliis
3706 3488 3842 3526 con-

2200 3571 2589 3626 stitutionibus
2610 3587 2674 3626 ea
2692 3571 2762 3626 de
2789 3589 2850 3625 re
2873 3570 3068 3642 positis
3099 3568 3445 3640 scripsimus,
3465 3571 3586 3620 tam
3603 3566 3696 3620 his
3717 3581 3846 3637 quae

2201 3665 2400 3720 Latina
2423 3667 2844 3736 ﬁprocesserunt
2885 3681 3036 3732 voce,
3069 3679 3240 3735 quam
3267 3679 3332 3717 ea
3357 3677 3486 3733 quae
3512 3661 3848 3715 Graecorum

2199 3757 2421 3830 lingua,
2451 3775 2624 3829 quam
2657 3757 2886 3830 quidem
2925 3757 2998 3812 ad
3039 3759 3234 3829 legum
3267 3755 3610 3827 professores
3635 3752 3842 3807 rescri-

2201 3851 2437 3923 psimus.

2273 3946 2305 4017 §
2334 3949 2422 4000 23.
2453 3947 2581 4000 Haec
2605 3945 2784 4016 igitur
2808 3943 3100 3999 volumina
3138 3941 3550 4012 (lnstitutorum
3579 3943 3638 3994 et
3671 3938 3842 4009 Dige-

2203 4044 2418 4094 storum
2448 4038 2704 4106 dicimus)
2739 4055 2810 4093 ex
2835 4039 2948 4092 ﬁne
2979 4037 3130 4092 tertii
3155 4035 3338 4090 nostri
3363 4033 3678 4088 felicissimi
3707 4047 3844 4085 con-

2201 4134 2420 4188 sulatus
2470 4149 2638 4186 suum
2677 4132 2856 4186 robur
2893 4129 3151 4186 obtinere
3197 4128 3498 4196 sancimus,
3529 4126 3588 4180 id
3635 4129 3742 4192 est,
3773 4141 3844 4178 ex

2201 4231 2331 4280 ante
2351 4225 2582 4279 tertium
2603 4225 2968 4278 calendarum
2985 4223 3380 4278 Ianuariarum
3393 4219 3686 4292 praesentis
3702 4217 3846 4271 duo-

2201 4318 2435 4374 decimae
2465 4317 2805 4383 indictionis,
2831 4317 2890 4370 in
2919 4333 3086 4371 omne
3123 4331 3308 4370 aevum
3334 4313 3597 4378 valitura,
3625 4315 3683 4365 et
3719 4326 3846 4364 una

2203 4428 2334 4466 cum
2357 4409 2746 4482 imperialibus
2767 4409 3258 4464 constitutionibus
3283 4407 3540 4479 vigorem
3565 4409 3622 4459 et
3643 4404 3840 4458 locum

469 4511 600 4550 sane
629 4495 719 4548 hic
743 4495 938 4565 positis
963 4513 1142 4552 unum
1172 4497 1430 4552 ordinem
1455 4503 1508 4552 et
1531 4498 1868 4569 dignitatem
1899 4517 2100 4571 parem
2121 4521 2180 4593 D
2203 4503 2464 4560 habitura
2487 4509 2604 4559 tam
2631 4503 2690 4558 in
2717 4503 2804 4557 his
2830 4519 2956 4574 quae
2981 4508 3178 4574 postea
3215 4500 3553 4556 emerserint
3579 4513 3754 4569 quam
3787 4497 3846 4550 in

473 4587 750 4656 dedimus,
777 4588 920 4642 nulli
959 4590 1204 4660 cuipiam
1249 4591 1466 4661 majore
1509 4609 1678 4663 quam
1717 4593 1934 4648 caeteris
1977 4587 2168 4649 data—
2203 4597 2293 4652 his
2322 4614 2450 4670 quae
2474 4598 2534 4652 in
2554 4597 2783 4668 judiciis
2811 4596 2994 4651 adhuc
3023 4595 3294 4667 pendent,
3331 4611 3436 4650 nec
3463 4594 3602 4648 dum
3629 4591 3846 4646 amica-

473 4681 870 4752 prasrogativa.
905 4683 965 4738 Si
1001 4683 1154 4736 enim
1183 4684 1270 4738 his
1314 4701 1440 4755 qua:
1471 4684 1540 4739 ab
1575 4685 1686 4740 illis
1726 4687 1933 4757 scripta
1973 4692 2106 4742 sunt

473 4775 738 4830 omnibus
787 4775 1170 4846 imperialinm
1205 4778 1679 4834 Constitutionum
1717 4779 1974 4836 dedimus
2013 4798 2102 4836 ro-

421 4877 436 4894 ‘
471 4868 600 4938 bur,
632 4869 768 4940 quid
798 4875 881 4924 est
909 4869 1062 4941 quod
1106 4871 1166 4925 in
1213 4871 1300 4926 his
1342 4872 1586 4943 amplius
1621 4874 1890 4945 quodque
1917 4875 2106 4930 minus

474 4962 670 5016 haberi
700 4962 936 5018 debeat?

547 5055 693 5125 §2L
739 5057 879 5110 Illud
915 5059 1130 5124 autem,
1159 5059 1310 5129 quod
1351 5059 1558 5128 statim,
1587 5077 1716 5116 cum
1757 5061 1906 5116 hanc
1950 5079 2104 5118 com-

477 5148 816 5220 positionem
829 5151 879 5204 le
885 5167 1020 5222 gum
1035 5153 1368 5224 congregari
1383 5169 1512 5208 man
1521 5153 1804 5224 daremus,
1812 5156 1834 5226 j
1845 5156 2104 5227 ussimus,

475 5243 686 5296 iterum
701 5247 756 5296 et
775 5259 925 5297 nunc
945 5245 1226 5300 sancimus
1249 5246 1384 5301 illud
1409 5247 1824 5304 conﬁrmando:
1844 5250 2109 5305 omnibus

477 5335 736 5390 similiter
763 5335 1151 5393 interdicimus
1187 5357 1256 5396 ne
1295 5341 1422 5412 quis
1455 5342 1659 5398 audeat
1683 5343 1980 5398 hominum
2011 5345 2110 5415 qui

476 5433 610 5485 sunt
661 5445 832 5495 nunc,
875 5433 970 5484 aut
1011 5430 1068 5484 in
1111 5439 1402 5501 posterum
1445 5441 1632 5506 erunt,
1673 5437 2110 5493 commentarios

475 5524 717 5580 scribere
745 5525 952 5578 harum
983 5523 1196 5594 legum,
1227 5531 1608 5601 praeterquam
1643 5530 1690 5584 si
1719 5532 1855 5585 velit
1887 5532 2014 5603 quis
2053 5533 2110 5587 in

473 5619 724 5674 Graecam
739 5618 1000 5690 linguam
1017 5618 1138 5672 haec
1153 5620 1472 5690 transferre,
1487 5641 1660 5694 quem
1674 5625 1842 5680 etiam
1855 5625 2113 5680 volumus

477 5713 596 5766 sola
635 5713 948 5768 secundum
987 5713 1194 5784 pedem
1236 5729 1336 5768 seu
1360 5723 1484 5771 κατὰ
1513 5724 1638 5774 πόδα
1663 5725 1992 5792 nuncupata
2026 5719 2112 5776 uti

474 5804 672 5876 legum
695 5805 1180 5876 interpretatione,
1206 5813 1262 5863 et
1288 5807 1336 5862 si
1363 5807 1502 5880 quid
1523 5811 1838 5866 secundum
1857 5813 2115 5868 nomina-

2205 4691 2410 4746 bilihus
2457 4691 2664 4745 tradita
2715 4693 2847 4744 sunt
2900 4689 3406 4757 transactionibus;
3464 4685 3848 4758 quodcunque

2206 4783 2360 4840 enim
2409 4784 2685 4839 hactenus
2727 4785 2813 4838 vel
2849 4783 3187 4854 judicatum,
3215 4782 3304 4836 vel
3347 4785 3696 4835 transactum
3739 4782 3846 4844 est,

2207 4877 2500 4933 retractari
2515 4893 2632 4932 non
2649 4877 3012 4931 sustinemus.
3031 4877 3210 4940 Quem
3232 4875 3466 4946 quidem
3488 4871 3848 4927 consulatum

2207 4972 2442 5026 tertium
2469 4971 2632 5026 nobis
2663 4969 3184 5025 nominatissimum
3226 4968 3382 5022 dedit
3417 4968 3578 5034 Deus,
3611 4963 3851 5036 quando

2209 5067 2268 5119 et
2311 5065 2415 5119 sub
2458 5065 2580 5136 ipso
2627 5081 2736 5134 pax
2781 5079 2910 5118 cum
2957 5061 3137 5118 Persis
3165 5061 3494 5116 conﬁrmata
3523 5063 3624 5125 est,
3659 5063 3718 5112 et
3743 5057 3852 5110 hoc

2207 5163 2430 5213 tantum
2449 5159 2644 5228 legum
2659 5157 2928 5214 volumen
2945 5155 3257 5226 repositum
3279 5159 3381 5222 est,
3400 5152 3548 5224 quod
3563 5167 3596 5204 a
3613 5151 3852 5205 nemine

2209 5253 2495 5324 majorum
2529 5267 2785 5323 unquam
2829 5248 3208 5321 excogitatum
3247 5246 3377 5314 fuit,
3406 5251 3572 5316 atque
3603 5243 3680 5298 ad
3725 5243 3852 5298 haec

2209 5346 2376 5401 tertia
2416 5361 2547 5417 pars
2591 5344 2790 5400 mundi
2835 5342 3093 5414 (dicimus
3126 5345 3315 5396 autem
3363 5344 3538 5394 totam
3589 5335 3850 5407 Lybiarn)

2210 5439 2418 5495 nostris
2446 5439 2710 5510 adjuncta
2755 5439 2841 5492 est
2881 5436 3135 5507 sceptris,
3167 5435 3356 5489 omnia
3383 5433 3500 5487 hinc
3547 5447 3578 5483 a
3618 5445 3854 5484 summo

2210 5534 2326 5588 Deo
2365 5535 2423 5588 et
2459 5533 2746 5588 Servatore
2788 5535 2982 5586 nostro
3035 5529 3164 5584 Jesu
3211 5526 3430 5583 Christo
3480 5525 3628 5580 dona
3681 5521 3853 5577 tertio

2212 5629 2404 5682 nostro
2476 5626 2770 5680 consulatu
2839 5623 3077 5678 indulta.
3131 5653 3199 5661 —-
3255 5620 3343 5675 24.
3397 5619 3602 5674 Omnes
3657 5617 3852 5687 itaque

2211 5719 2586 5775 laudatissimi
2617 5723 2824 5773 nostras
2853 5716 3179 5788 reipublicaa
3205 5713 3558 5786 Magistratus
3595 5709 3850 5765 divinam

2213 5815 2361 5870 hanc
2377 5819 2631 5870 nostram
2649 5811 3016 5884 suscipientes
3035 5807 3512 5878 constitutionem,
3531 5809 3596 5861 ut
3613 5809 3852 5860 utantur
