4076 6186
303 210 430 262 MOI

296 311 580 384 praedictis
619 313 824 368 nostris
855 313 1098 385 legibus,
1133 314 1522 387 unusquisque
1557 315 1617 369 in
1655 331 1758 370 suo
1793 331 1897 386 pro

297 407 518 461 curabit
535 407 770 477 judicio.
803 410 1085 479 Proponet
1115 409 1306 464 alitem
1337 426 1462 465 eam
1497 409 1558 462 in
1595 409 1846 463 maxima
1875 414 1931 464 et

296 501 452 571 regia
499 501 603 554 hac
651 502 807 569 urbe,
855 505 912 556 et
955 503 1076 572 ejus
1127 502 1564 573 gloriosissimus
1607 503 1926 574 praefectus.

297 595 458 648 Cura:
470 599 660 649 autem
675 595 780 650 erit
791 595 1256 650 excellentissimo
1267 595 1724 652 etlaudatissimo
1736 601 1929 651 nostro

297 689 592 758 magistro,
623 692 679 743 et
704 689 1118 760 gloriosissimis
1142 694 1309 761 atque
1339 690 1676 745 beatissimis
1703 691 1931 761 praefec-

297 780 366 835 tis
390 797 684 836 sacrorum
705 788 1027 837 nostrorum
1047 783 1463 854 praetoriorum,
1481 787 1597 838 tam
1617 783 1676 838 in
1696 783 1785 838 his
1804 801 1929 855 quae

295 874 366 927 ad
391 874 568 928 solem
596 875 874 930 orientem
899 893 1071 947 quam
1094 877 1183 931 bis
1207 892 1335 948 qua).
1354 877 1414 931 in
1444 877 1684 948 lllyride,
1709 893 1930 932 necnon

296 967 384 1020 his
415 967 585 1021 etiam
615 985 743 1040 quas
773 969 830 1023 in
868 970 1041 1040 Lybia
1067 973 1219 1040 sunt,
1249 987 1351 1043 per
1377 987 1476 1026 sua
1503 971 1685 1026 edicta
1715 970 1802 1025 his
1832 970 1931 1042 qui

296 1065 400 1118 sub
431 1065 564 1136 ipsis
602 1066 847 1120 ordinati
886 1071 1019 1121 sunt
1059 1074 1116 1123 et
1149 1068 1254 1123 ista
1290 1069 1474 1124 facere
1515 1069 1826 1139 manifesta,
1857 1069 1928 1122 ad

295 1158 553 1212 omnium
579 1165 902 1214 nostrorum
929 1161 1282 1217 subditorum
1311 1163 1750 1218 inexcusabilem
1778 1161 1926 1216 noti-

295 1251 453 1306 tiam.
502 1253 638 1306 Data
680 1270 787 1308 xvu
835 1255 1064 1310 Calend.
1107 1257 1421 1328 Januarias,
1464 1256 1694 1311 domino
1734 1258 1926 1311 nostro

293 1345 610 1400 Justiniano
641 1351 918 1418 perpetuo
948 1351 1199 1420 Augusto
1228 1367 1287 1405 ιιι
1319 1366 1434 1406 cos.
1464 1353 1586 1405 533.

303 1459 504 1468 .-—--—.—--—
535 1462 712 1470 σς-“-“
735 1465 1188 1474 ρκ’-.-θαρῄ---σ-
1201 1470 1206 1473 .
1223 1469 1286 1475 -.-
1304 1467 1754 1475 —__-‘———-———-...
1767 1467 1926 1475 .o—h.

741 1547 893 1612 LIB.
940 1549 987 1626 Ι,
1035 1549 1183 1614 ΤΙΤ.
1230 1550 1471 1615 XXVII.

293 1648 368 1702 De
390 1650 566 1718 ofﬁcio
589 1653 835 1719 praefecti
845 1656 1101 1778 pgiztorio
1121 1656 1345 1781 Afit‘ictae,
1372 1654 1507 1710 etde
1526 1656 1672 1710 omni
1691 1654 1929 1724 ejusdem

915 1741 1149 1781 urceseos
1177 1742 1204 1780 s
1231 1743 1263 1780 α
1290 1743 1346 1781 u.

915 1741 1149 1781 ιωσθεεοδ
1177 1741 1346 1781 stam.

914 1893 1042 1948 LEX
1077 1893 1309 1950 PRIMA.

531 1985 598 2038 In
631 1987 843 2040 nomine
874 1989 1093 2042 Domini
1120 1991 1293 2044 nostri
1318 1991 1442 2044 Iesu
1467 1990 1687 2047 Christi.

366 2082 674 2152 Imperator
698 2085 882 2138 Cmsar
907 2084 1126 2140 Flavius
1150 2086 1517 2156 Justinianus,
1543 2087 1924 2157 Alemauicus,

293 2173 580 2242 Gothicus,
611 2175 992 2248 Germanicus,
1017 2179 1335 2248 Francicus,
1363 2181 1616 2251 Anticus,
1645 2180 1923 2249 Alanicus,

293 2267 644 2338 Vandalicus,
675 2269 984 2341 Africanus,
1011 2272 1162 2343 pius,
1190 2273 1346 2344 felix,
1372 2274 1633 2346 inclytus,
1663 2273 1839 2329 victor
1863 2290 1926 2328 ac

293 2360 690 2433 triumphator,
735 2380 958 2436 semper
997 2369 1302 2438 Augustus,
1344 2367 1619 2423 Archelao
1659 2368 1926 2424 Praefecto

292 2455 559 2524 prmtorio
587 2456 804 2512 Africae.

361 2550 508 2612 Quas
542 2551 767 2622 gratias,
804 2556 901 2607 aut
932 2569 1071 2623 quas
1098 2554 1290 2609 laudes
1321 2555 1565 2610 Domino
1593 2555 1703 2610 Deo
1735 2557 1926 2609 nostro

291 2642 416 2696 Jesu
454 2643 678 2699 Christo
719 2646 984 2701 exhibere
1025 2647 1349 2715 debeamus,
1394 2664 1498 2704 nec
1532 2664 1690 2702 mens
1734 2653 1924 2703 nostra

292 2738 479 2806 potest
515 2737 828 2810 concipere,
871 2755 974 2794 nec
1013 2741 1211 2812 lingua
1252 2742 1523 2812 proferre.
1567 2741 1762 2796 Multas
1805 2741 1926 2812 qui-

293 2829 423 2883 dem
457 2834 515 2885 et
551 2836 719 2886 antea
743 2849 776 2885 a
813 2833 926 2888 Deo
964 2835 1277 2889 meruimus
1310 2835 1617 2907 largitates,
1659 2841 1715 2891 et
1751 2835 1921 2890 innu-

294 2923 586 2979 merabilia
622 2925 768 2980 circa
805 2943 907 2981 nos
947 2928 1068 2998 ejus
1102 2927 1376 2984 beneﬁcia
1418 2928 1774 2996 conﬁtemur,
1822 2945 1926 3000 pro

293 3015 498 3086 quibus
528 3018 672 3073 nihil
709 3019 948 3091 dignum
989 3038 1090 3076 nos
1128 3021 1308 3094 egisse
1347 3022 1763 3093 cognoscimus.
1807 3024 1925 3077 Prae

1043 207 1411 264 JUSTINIANI
1452 207 1660 284 LEGES
1697 207 2033 264 SELECTE.
2074 208 2201 262 LIB.
2246 209 2288 264 1.
2329 208 2453 262 ΤΙΤ.
2496 209 2696 274 XXVII,
2743 209 2871 264 LEX
2911 211 2950 262 l.

2053 100 2082 123 Ι

3533 213 3665 264 H02

2028 315 2180 369 nitas
2220 313 2478 384 contulit,
2508 314 2616 368 hoc
2647 314 2714 368 de
2751 313 2970 369 Domini
3003 313 3098 367 Dei
3136 314 3312 368 nostri
3344 313 3664 371 misericor-

2029 408 2120 464 dia
2158 409 2525 479 postulamus,
2555 412 2618 462 ut
2655 408 2972 478 provincias
2998 424 3140 478 quas
3173 407 3335 462 nobis
3370 409 3667 464 restituere

2029 502 2299 574 dignatus
2325 506 2408 556 est
2436 502 2626 555 ﬁrmas
2656 505 2712 556 et
2737 502 2934 556 illmsas
2964 501 3257 567 custodiat,
3289 506 3343 555 et
3370 501 3538 556 faciat
3561 519 3666 557 nos

2030 612 2127 650 eas
2157 595 2470 650 secundum
2499 595 2844 650 voluntatem
2871 611 3030 649 suam
3062 611 3124 648 ac
3154 593 3427 665 placitum
3457 595 3665 666 guber-

2028 705 2185 759 nare,
2229 694 2290 744 ut
2328 689 2590 745 universa
2622 689 2807 743 Africa
2840 688 3046 742 sentiat
3088 687 3534 758 [omnipotentis]
3572 689 3669 744 Dei

2028 783 2504 852 misericordiam,
2559 788 2614 837 et
2666 787 3013 854 cognoscant
3067 782 3189 852 ejus
3242 781 3584 836 habitatores
3637 800 3671 837 a

2031 893 2204 947 quam
2245 877 2548 931 durissima
2577 876 2895 947 captivitate
2932 882 2986 930 et
3015 876 3159 946 jugo
3194 874 3490 930 barbarico
3527 875 3668 930 libe-

2028 970 2159 1038 rati,
2190 970 2248 1024 iu
2277 973 2488 1042 quanta
2512 970 2771 1024 libertate
2797 969 2900 1023 sub
2927 968 3246 1025 felicissimo
3276 971 3468 1023 nostro
3493 968 3670 1038 impe-

2029 1063 2114 1117 rio
2151 1063 2358 1134 degere
2398 1068 2749 1119 meruerunt.
2782 1064 2893 1116 Hoc
2931 1061 3102 1116 etiam
3132 1061 3501 1132 deprecantes
3535 1078 3664 1116 exo-

2029 1173 2220 1211 ramus
2270 1162 2478 1212 sauctaa
2521 1162 2577 1212 et
2621 1155 2883 1227 gloriosae
2925 1170 3150 1225 semper
3193 1154 3429 1225 virginis
3475 1159 3531 1208 et
3573 1155 3670 1209 Dei

2031 1250 2318 1322 genitricis
2360 1251 2546 1305 Mariae
2593 1250 2873 1321 precibus,
2924 1253 2987 1303 ut
3030 1248 3308 1320 quidquid
3351 1248 3541 1302 minus
3583 1252 3670 1304 est

2028 1343 2350 1415 reipublicae
2379 1349 2589 1398 nostrze
2617 1359 2720 1414 per
2745 1358 2848 1397 nos
2874 1342 3098 1397 ultimos
3123 1358 3312 1396 servos
3342 1357 3472 1396 suos
3501 1341 3664 1396 resti-

2027 1439 2152 1491 tuat
2184 1437 2245 1490 in
2279 1453 2383 1491 suo
2422 1435 2656 1490 nomine
2695 1436 2862 1504 Deus,
2892 1440 2948 1490 et
2984 1434 3184 1505 dignos
3212 1450 3314 1489 nos
3353 1435 3520 1490 faciat
3545 1449 3664 1490 ser-

2027 1530 2227 1584 vitium
2254 1531 2376 1601 ejus
2403 1529 2734 1600 adimplere.

2098 1623 2132 1694 §
2179 1626 2228 1677 1.
2274 1623 2382 1677 Deo
2423 1622 2614 1692 itaque
2651 1619 2973 1690 auxiliante,
3017 1636 3122 1690 pro
3169 1619 3434 1676 felicitate
3479 1621 3668 1692 reipu-

1948 1724 2005 1798 B
2027 1715 2188 1770 blica:
2213 1719 2442 1782 nostrae,
2475 1731 2578 1786 per
2606 1715 2755 1769 hanc
2782 1712 3031 1768 divinam
3058 1713 3250 1784 legem
3280 1713 3581 1780 sancimus,
3603 1718 3668 1768 ut

2029 1809 2214 1864 omnis
2238 1807 2447 1877 Africa,
2486 1824 2660 1880 quam
2695 1807 2858 1862 nobis
2885 1807 3028 1862 Deus
3052 1806 3334 1877 praestitit,
3363 1823 3466 1876 per
3490 1806 3666 1878 ipsius

2029 1901 2480 1958 misericordiam
2518 1902 2798 1974 optimum
2839 1899 3108 1971 suscipiat
3136 1899 3416 1968 ordinem,
3459 1905 3515 1954 et
3541 1915 3668 1970 pro-

2025 1996 2212 2067 priam
2250 1997 2455 2052 habeat
2485 1996 2881 2067 praefecturam
2909 2011 2923 2049 :
2953 1999 3018 2049 ut
3050 1993 3194 2048 sicut
3235 1993 3452 2062 Oriens,
3495 1999 3667 2063 atque

2026 2089 2333 2160 Illyricum,
2364 2091 2443 2144 ita
2470 2095 2526 2144 et
2549 2088 2735 2143 Africa
2760 2087 3097 2159 prmtoriana
3121 2086 3368 2143 maxima
3391 2089 3665 2156 potestate

2026 2183 2343 2253 specialiter
2375 2200 2409 2236 a
2451 2187 2647 2236 nostra
2687 2181 2990 2237 clementia
3029 2181 3342 2236 decoretur.
3372 2179 3547 2249 Cujus
3584 2195 3667 2233 se-

2026 2276 2157 2330 dem
2194 2277 2464 2346 jubemus
2507 2291 2628 2330 esse
2672 2275 3096 2345 Carthaginem,
3143 2279 3199 2327 et
3235 2273 3293 2327 in
3336 2271 3666 2343 praefatione

2025 2369 2381 2441 publicarum
2410 2369 2737 2424 chartarum
2765 2367 3117 2441 prefecturis
3146 2366 3272 2420 aliis
3297 2366 3420 2436 ejus
3455 2380 3666 2420 nomen

2025 2463 2282 2536 adjungi,
2322 2479 2495 2534 quam
2523 2479 2676 2518 nunc
2718 2465 2875 2518 tuam
2914 2459 3304 2517 excellentiam
3344 2459 3665 2530 gubernare

2025 2557 2402 2613 decernimus.

2097 2651 2199 2721 §2.
2219 2651 2363 2705 Etab
2384 2666 2449 2705 ea
2469 2649 2793 2721 (auxiliante
2811 2647 2942 2717 Deo)
2974 2650 3189 2717 septem
3214 2644 3521 2717 provincias
3535 2660 3667 2701 cum

2024 2744 2142 2798 suis
2172 2734 2459 2816 judicibus
2499 2742 2872 2814 disponantur
2903 2757 2916 2795 :
2961 2755 3207 2811 quarum
3243 2738 3408 2810 Tingi
3446 2745 3502 2794 et
3539 2755 3666 2810 qua:

2024 2837 2439 2892 Proconsularis
2492 2840 2658 2890 antea
2709 2833 3032 2901 vocabatur,
3067 2833 3349 2903 Carthago
3392 2837 3449 2888 et
3492 2834 3664 2904 Byza-

2024 2931 2176 2986 cium
2216 2947 2279 2986 ac
2309 2929 2546 3002 Tripolis
2578 2933 2826 2984 rectores
2866 2927 3110 2982 habeant
3150 2927 3499 2995 consulares;
3534 2925 3667 2982 reli-

2025 3037 2154 3092 quae
2193 3037 2346 3090 vero,
2387 3019 2442 3073 id
2480 3024 2582 3086 est,
2614 3017 2877 3072 Numidia
2903 3021 2961 3071 et
2999 3015 3356 3082 Mauritania,
3387 3018 3445 3070 et
3481 3015 3665 3072 Sardi-

292 3109 555 3164 omnibus
594 3117 787 3168 tamen
828 3116 953 3185 hoc,
994 3117 1144 3186 quod
1176 3093 1340 3171 nunc
1385 3117 1740 3188 omnipotens
1780 3093 2002 3172 DeusC
2025 3114 2123 3168 nia
2161 3132 2194 3167 a
2232 3112 2565 3184 praesidibus
2603 3128 2735 3166 cum
2779 3109 2877 3164 Dei
2915 3108 3118 3164 auxilio
3155 3109 3568 3179 gubementur.
3597 3139 3665 3148 —-

291 3220 395 3275 per
428 3221 530 3258 nos
566 3222 669 3274 pro
710 3223 811 3260 sua
848 3207 1031 3276 laude,
1061 3215 1117 3263 et
1151 3227 1254 3280 pro
1291 3227 1392 3264 suo
1434 3211 1664 3264 nomine
1695 3212 1926 3266 demon-

290 3300 470 3350 strare
508 3297 770 3368 dignatus
809 3304 913 3366 est,
954 3301 1176 3356 excedit
1205 3303 1397 3356 omnia
1426 3303 1706 3357 mirabilia
1733 3321 1922 3375 opera,

291 3406 420 3462 quae
452 3390 512 3442 in
553 3390 756 3445 seculo
787 3392 1168 3463 contigerunt,
1207 3397 1271 3448 ut
1301 3395 1485 3450 Africa
1526 3411 1630 3466 per
1667 3412 1771 3450 nos
1811 3399 1924 3450 tam

290 3483 448 3538 brevi
472 3487 728 3556 tempore
756 3485 1032 3558 reciperet
1057 3487 1395 3556 libertatem,
1423 3493 1586 3544 antea
1614 3489 1925 3560 nonaginta
1948 3539 1954 3544 .

291 3577 544 3650 quinque
583 3595 760 3633 annos
793 3597 826 3634 a
860 3581 1122 3635 Vandalis
1149 3582 1448 3654 captivata,
1480 3583 1577 3654 qui
1605 3583 1926 3637 animarum

290 3670 517 3726 fuerant
541 3673 710 3728 simul
733 3674 923 3729 hostes
949 3678 1005 3730 et
1029 3691 1333 3746 corporum
1364 3695 1377 3732 :
1408 3693 1537 3730 nam
1569 3676 1784 3731 animas
1802 3677 1924 3748 qui-

291 3765 421 3819 dem
456 3765 670 3821 diversa
696 3772 982 3823 tormenta
1015 3772 1184 3840 atque
1211 3770 1480 3841 supplicia
1511 3787 1628 3825 non
1657 3771 1920 3841 ferentes,

292 3858 686 3930 rebaptizando
713 3862 783 3916 ad
809 3877 970 3916 suam
999 3862 1298 3932 perﬁdiam
1327 3864 1765 3933 transferebant;
1797 3881 1921 3918 cor-

290 3967 430 4022 pora
457 3969 586 4007 vero
617 3953 807 4009 liberis
835 3957 1111 4011 natalibus
1139 3957 1310 4025 clara,
1330 3957 1473 4028 jugo
1503 3958 1797 4012 barbarico
1827 3958 1926 4013 du-

290 4044 513 4100 rissime
546 4047 941 4120 subjugabant.
972 4047 1128 4121 lpsas
1160 4066 1387 4122 quoque
1419 4051 1517 4106 Dei
1546 4056 1924 4107 sacrosanctas

289 4139 552 4194 ecclesias
585 4141 699 4195 suis
732 4143 982 4213 perﬁdiis
1023 4145 1398 4215 maculabant,
1431 4145 1646 4217 aliquas
1685 4162 1816 4202 vero
1855 4163 1924 4202 ex

291 4233 372 4287 eis
411 4234 628 4288 stabula
666 4237 940 4291 fecerunt.
981 4238 1234 4293 Vidimus
1266 4240 1614 4295 venerabiles
1641 4241 1788 4295 viros
1826 4241 1924 4312 qui

290 4327 546 4382 abscissis
582 4329 853 4385 radicitus
887 4331 1099 4402 linguis
1133 4349 1260 4387 suas
1298 4350 1490 4403 poenas
1529 4334 1926 4388 miserabiliter

287 4421 684 4494 loquebantur,
714 4423 807 4478 alii
836 4442 969 4479 vero
999 4429 1128 4496 post
1153 4427 1370 4482 diversa
1395 4433 1678 4482 tormenta
1704 4444 1808 4498 per
1833 4428 1916 4482 di-

285 4532 474 4571 versas
491 4517 730 4589 dispersi
743 4519 1055 4589 provincias
1071 4520 1241 4574 vitam
1258 4521 1316 4574 in
1337 4521 1533 4576 exsilio
1552 4527 1916 4593 peregerunt.

284 4610 404 4674 Quo
431 4628 569 4682 ergo
606 4628 886 4682 sermone,
920 4617 1018 4667 aut
1049 4614 1252 4685 quibus
1282 4615 1548 4686 operibus
1577 4615 1777 4688 dignas
1808 4617 1918 4671 Deo

286 4703 494 4774 gratias
518 4721 687 4776 agere
713 4707 1016 4776 valeamus,
1040 4707 1136 4779 qui
1155 4724 1257 4779 per
1280 4725 1371 4764 me
1397 4709 1665 4764 ultimum
1691 4725 1917 4765 servum

284 4812 472 4867 suum,
502 4799 756 4854 Ecclesia:
790 4818 906 4856 suae
942 4801 1180 4873 injurias
1212 4802 1496 4858 vindicare
1523 4803 1785 4874 dignatus
1810 4806 1914 4874 est,

284 4893 342 4944 et
371 4896 653 4947 tantarum
686 4895 1104 4965 provinciarum
1132 4898 1370 4968 populos
1402 4915 1435 4950 a
1466 4898 1610 4969 jugo
1637 4897 1917 4953 servitutis

283 4984 540 5056 eripere?
583 4988 741 5051 Quod
783 4989 1122 5045 beneﬁcium
1167 4991 1266 5046 Dei
1313 4996 1694 5048 antecessores
1734 4992 1914 5048 nostri

281 5093 400 5133 non
427 5087 777 5151 meruerunt,
805 5084 1009 5155 quibus
1037 5101 1150 5139 non
1187 5086 1372 5140 solum
1406 5087 1648 5141 Africam
1674 5087 1914 5142 liberare

284 5189 397 5227 non
427 5174 605 5245 licuit,
634 5177 731 5231 sed
763 5179 819 5232 et
841 5177 1022 5248 ipsam
1046 5180 1283 5234 Romam
1310 5180 1572 5236 viderunt
1601 5181 1670 5235 ab
1700 5181 1912 5236 eisdem

282 5267 540 5322 Vandalis
567 5273 811 5340 captam,
843 5275 900 5325 et
931 5272 1123 5327 omnia
1146 5273 1464 5345 imperialia
1491 5278 1824 5330 ornamenta
1853 5275 1912 5329 in

279 5361 524 5416 Africam
550 5362 752 5418 exinde
787 5366 1076 5422 translata.
1107 5368 1264 5422 Nunc
1295 5385 1426 5423 vero
1453 5369 1597 5424 Deus
1625 5385 1728 5440 per
1751 5387 1911 5424 suam

279 5456 726 5511 misericordiam
761 5475 876 5514 non
919 5461 1099 5515 solum
1146 5462 1414 5531 Africam,
1455 5468 1512 5518 et
1555 5479 1752 5518 omnes
1792 5464 1912 5535 ejus

280 5549 597 5621 provincias
653 5552 812 5606 nobis
860 5555 1121 5627 tradidit,
1174 5557 1272 5614 sed
1322 5563 1378 5613 et
1435 5559 1554 5628 ipsa
1601 5557 1912 5629 imperialia

279 5647 631 5717 ornamenta,
668 5663 794 5720 quae
835 5656 1000 5722 capta
1045 5654 1225 5709 Roma
1267 5652 1490 5708 fuerant
1525 5653 1710 5708 ablata
1748 5653 1910 5708 nobis

278 5740 542 5797 restituit.
572 5741 720 5815 Ergo
756 5749 888 5816 post
912 5749 1067 5802 tanta
1092 5748 1382 5817 beneﬁcia,
1411 5766 1538 5822 quae
1572 5749 1734 5804 nobis
1761 5747 1908 5802 Divi-

2025 3210 2059 3279 §
2086 3212 2138 3263 3.
2170 3210 2236 3263 Et
2265 3209 2322 3262 in
2349 3208 2535 3262 ofﬁcio
2567 3206 2797 3277 quidem
2829 3207 2942 3258 tua:
2977 3203 3405 3272 magnitudinis,
3437 3219 3664 3257 necnon

2024 3317 2128 3371 pro
2155 3304 2408 3371 tempore
2437 3299 2539 3352 viri
2568 3295 2861 3368 magniﬁci
2887 3295 3138 3366 prmfecti
3165 3294 3434 3365 praetorio
3464 3295 3665 3352 Africe

2023 3398 2307 3449 trecentos
2344 3392 2659 3463 nonaginta
2688 3407 2786 3444 sex
2820 3389 2967 3443 viros
3004 3405 3109 3461 per
3134 3387 3356 3442 diversa
3381 3387 3586 3443 scrinia
3613 3392 3669 3444 et

2025 3487 2211 3542 ofﬁcia
2238 3487 2482 3541 militare
2509 3483 2886 3540 decernimus.
2917 3485 2978 3538 ln
3015 3482 3212 3537 ofﬁciis
3238 3498 3372 3536 vero
3404 3483 3664 3537 consula—

2024 3581 2176 3636 rium
2212 3596 2276 3634 ac
2314 3578 2625 3651 praesidum
2668 3576 3086 3648 quinquaginta
3125 3575 3390 3631 homines
3423 3591 3528 3646 per
3555 3575 3666 3631 sin-

2028 3676 2159 3746 gula
2183 3673 2368 3729 ofﬁcia
2393 3689 2512 3728 esse
2538 3671 2841 3726 sancimus.

2097 3769 2130 3840 §
2173 3770 2226 3823 4.
2272 3768 2406 3832 Quae
2453 3781 2584 3820 vero
2629 3763 3031 3831 emolumenta,
3084 3761 3198 3817 sive
3246 3761 3669 3835 magniﬁcentia

2024 3867 2141 3932 tua,
2170 3863 2286 3916 sive
2310 3861 2660 3926 consulares,
2689 3863 2745 3913 et
2774 3857 3065 3930 praesides,
3093 3863 3150 3912 et
3179 3857 3331 3928 quod
3357 3859 3664 3930 unusquis-

2023 3973 2136 4030 que
2175 3973 2243 4010 ex
2287 3954 2472 4009 ofﬁcio
2512 3969 2710 4008 eorum
2753 3952 2822 4007 de
2860 3951 3082 4022 publico
3128 3952 3395 4023 consequi
3438 3952 3662 4019 debeat,

2023 4051 2222 4107 notitia
2245 4049 2440 4104 subter
2470 4064 2694 4102 annexa
2719 4047 2984 4102 declarat.

2095 4147 2127 4218 §
2156 4149 2208 4199 5.
2237 4144 2509 4214 Optamus
2536 4157 2676 4211 ergo
2712 4145 2774 4193 ut
2799 4154 2995 4193 omnes
3016 4137 3238 4207 judices
3262 4137 3444 4191 nostri
3469 4153 3662 4193 secun-

2024 4240 2161 4294 dum
2194 4237 2543 4291 voluntatem
2583 4237 2640 4287 et
2675 4233 2943 4287 timorem
2980 4230 3102 4299 Dei,
3145 4235 3202 4284 et
3230 4234 3485 4284 nostram
3514 4231 3658 4286 elec-

2022 4333 2236 4386 tionem
2262 4333 2430 4400 atque
2454 4325 2866 4381 ordinationem
2887 4324 2964 4378 sic
2994 4340 3122 4378 suas
3149 4323 3664 4380 administrationes

2026 4426 2345 4497 gubernare
2373 4421 2673 4489 studeant;
2704 4423 2769 4474 ut
2796 4418 2986 4473 nullus
3011 4433 3209 4472 eorum
3240 4422 3339 4472 aut
3367 4418 3662 4489 cupiditati

2019 4519 2092 4574 sit
2128 4517 2370 4583 deditus,
2409 4520 2505 4569 aut
2547 4513 2836 4568 violentias
2881 4512 3102 4584 aliquas
3144 4512 3232 4567 vel
3274 4511 3394 4583 ipse
3432 4512 3656 4582 inferat,

2017 4613 2107 4668 vel
2138 4610 2426 4683 judicibus
2463 4614 2560 4664 aut
2597 4607 2794 4662 ofliciis
2831 4623 3050 4677 eorum,
3092 4611 3190 4660 aut
3227 4605 3657 4678 quibuscunque

2017 4708 2140 4763 aliis
2173 4703 2534 4760 collatoribus
2572 4701 2781 4757 inferre
2821 4701 3132 4772 permittat.
3177 4700 3330 4754 Licet
3365 4699 3518 4754 enim
3555 4716 3658 4772 per

2016 4819 2211 4858 omnes
2247 4797 2559 4871 provincias
2596 4800 2812 4850 nostras
2853 4794 2985 4867 (Deo
3013 4795 3265 4865 juvante)
3298 4794 3653 4862 festinemus,

2016 4902 2081 4952 ut
2117 4897 2319 4951 illaesos
2365 4893 2611 4948 habeant
2655 4891 2972 4958 collatores,
3022 4887 3270 4942 maxime
3315 4893 3506 4942 tamen
3550 4889 3652 4941 tri-

2013 4991 2250 5047 butariis
2299 4989 2599 5044 diceceseos
2648 4983 2921 5041 Africanae
2970 4981 3344 5050 consulimus,
3390 4981 3489 5052 qui
3530 4989 3657 5053 post

2013 5089 2302 5141 tantorum
2350 5089 2672 5154 temporum
2719 5077 3096 5150 captivitatem
3142 5081 3478 5131 meruerunt
3522 5077 3653 5146 (Deo

2005 5182 2258 5253 juvante)
2317 5193 2418 5250 per
2469 5193 2568 5230 uos
2615 5175 2809 5228 lumen
2855 5169 3130 5225 libertatis
3173 5170 3448 5240 aspicere.
3501 5173 3648 5241 Ergo

2005 5277 2274 5348 jubemus
2302 5288 2500 5328 omnes
2534 5267 2823 5324 violentias
2855 5270 2909 5319 et
2944 5281 3180 5320 omnem
3207 5265 3502 5320 avaritiam
3540 5280 3653 5318 ces-

2013 5388 2167 5439 sare,
2225 5372 2282 5422 et
2328 5364 2611 5438 justitiam
2662 5367 2831 5433 atque
2892 5360 3185 5415 veritatem
3255 5360 3402 5413 circa
3456 5373 3648 5411 omnes

2009 5470 2232 5520 nostros
2284 5458 2610 5516 tributarios
2670 5453 2959 5510 reservari.
3026 5454 3112 5507 Sic
3177 5452 3331 5506 enim
3381 5454 3438 5505 et
3497 5451 3646 5504 Deus

2010 5556 2340 5631 placabitur,
2389 5558 2443 5609 et
2485 5551 2595 5624 ipsi
2641 5552 2877 5623 possunt
2926 5546 3193 5612 celerius,
3243 5545 3386 5598 sicut
3423 5543 3649 5599 collato-

2010 5672 2100 5709 res
2155 5651 2249 5707 alii
2316 5651 2522 5703 nostra
2589 5643 2949 5716 reipublicae,
3012 5637 3249 5693 relevari
3310 5641 3480 5708 atque
3539 5639 3645 5695 ﬁo-

2009 5765 2158 5805 rere.
2200 5776 2268 5787 —
2305 5745 2338 5815 §
2371 5745 2422 5798 6.
2465 5741 2750 5812 Sportulas
2802 5736 2972 5791 etiam
3037 5731 3107 5785 ab
3154 5731 3340 5786 ofﬁcio
3391 5738 3504 5788 tam
3543 5733 3649 5791 viri
