4076 6186
423 227 554 285 1103

1559 212 1814 281 SECULI
1853 222 2042 279 SEXTI
2081 221 2635 280 SUPPLEMENTUM.

3651 229 3788 284 1104

417 333 988 408 magniﬁci,pmfecti
1012 332 1314 407 [praetorio]
1341 331 1792 404 Africani,quam
1811 331 2052 404 reliquo-
2072 331 2322 416 AFiunt
2358 333 2518 388 solid.
2551 335 2641 388 27.
2687 333 2747 388 In
2787 332 2992 388 scrinio
3031 333 3102 388 ab
3137 335 3271 388 actis
3317 333 3652 389 hominibus
3701 339 3786 402 10,

417 447 548 484 rum
570 430 829 502 judicum
857 430 934 483 sic
959 427 1106 499 exigi
1125 427 1418 498 juhemus,
1446 427 1732 498 quomodo
1760 428 1820 482 in
1845 426 2051 481 nostris

416 523 637 594 legibus
667 525 751 577 est
787 521 1137 592 dispositum,
1169 525 1224 574 et
1258 521 1328 574 ab
1359 520 1514 574 omni
1543 521 1833 591 republica
1863 524 2053 574 nostra

418 617 749 684 custoditur,
799 619 862 668 ut
905 614 1094 668 nullus
1139 614 1342 668 audeat
1384 629 1720 684 quocunque
1757 616 2048 684 tempore,

417 711 504 764 vel
553 723 894 780 quocunque
946 707 1134 776 modo,
1193 723 1388 762 earum
1441 707 1709 762 excedere
1763 708 2048 778 quantita-

417 809 553 857 tem.
595 831 664 842 ——
704 802 736 872 §
773 805 824 854 7.
866 802 980 855 Hoc
1023 800 1192 856 etiam
1233 801 1498 870 priesenti
1543 800 1828 854 sanctione
1866 799 2048 854 credi-

415 911 541 949 mus
593 893 1004 963 ordinandum,
1055 899 1121 948 ut
1179 910 1298 948 non
1359 894 1540 948 multa
1593 893 1885 964 dispendia
1944 909 2048 964 pro

415 987 794 1059 completione
840 988 1204 1052 chartarum,
1253 987 1340 1041 vel
1391 986 1814 1054 codicillorum,
1861 986 1948 1040 vel
1991 985 2049 1040 in

413 1087 604 1136 nostro
654 1081 946 1147 laterculo,
993 1081 1079 1134 vel
1129 1081 1188 1134 in
1239 1080 1456 1134 scriniis
1493 1079 1744 1150 praefecti
1786 1079 2049 1149 praztorio

413 1193 517 1247 per
569 1175 812 1228 Africam
855 1173 1073 1244 judices
1125 1174 1406 1228 sustinere
1449 1172 1768 1238 videantur,
1819 1172 1954 1244 quia
2002 1172 2048 1226 si

411 1268 520 1339 ipsi
561 1267 868 1338 dispendiis
911 1267 1032 1320 lzesi
1066 1283 1182 1321 non
1224 1266 1456 1336 fuerint,
1496 1265 1713 1320 nullam
1755 1265 2050 1320 habebunt

412 1361 808 1416 necessitatem
875 1360 1128 1430 ejusdem
1191 1363 1398 1414 nostras
1460 1359 1660 1414 Africae
1721 1358 2049 1414 tributarios

411 1454 824 1528 praagravandi.
877 1454 1148 1508 Jubemus
1192 1469 1328 1524 ergo
1379 1458 1440 1507 ut
1481 1455 1703 1523 judices
1750 1455 2048 1508 direceseos

413 1550 687 1605 Africanas
726 1552 842 1602 tam
882 1547 1074 1601 civiles
1111 1563 1282 1618 quam
1329 1547 1602 1603 militares
1645 1549 1704 1602 in
1746 1553 1938 1603 nostro
1973 1548 2050 1602 la-

409 1643 628 1698 terculo
655 1659 760 1714 pro
790 1641 1170 1696 codicillorum
1197 1643 1366 1712 atque
1394 1641 1778 1697 chartularum
1815 1657 2044 1713 promo-

411 1738 580 1792 tionis
628 1753 744 1790 sum
783 1734 1282 1789 consuetudinibus
1328 1733 1472 1788 nihil
1511 1735 1662 1790 ultra
1709 1753 1806 1790 sex
1843 1710 2122 1790 solidosB

411 1831 720 1902 praebeant,
753 1833 808 1882 at
835 1825 971 1882 vero
1003 1827 1064 1881 in
1099 1827 1305 1882 scrinio
1339 1828 1735 1898 prafectorum
1759 1846 1876 1884 non
1899 1829 2046 1884 ultra

410 1923 704 1978 duodecim
733 1921 936 1976 solidos
961 1923 1242 1992 cogantur
1269 1920 1502 1976 inferre.
1532 1923 1711 1986 Quem
1737 1923 1971 1978 modum
1997 1921 2044 1976 si

408 2017 534 2088 quis
563 2015 872 2083 excesserit,
901 2015 1020 2085 ipse
1049 2013 1283 2085 quidem
1301 2014 1480 2085 judex
1513 2016 1744 2087 triginta
1767 2016 2044 2070 librarum

409 2111 533 2164 auri
577 2108 869 2179 dispendio
915 2107 1256 2178 subjacebit;
1305 2108 1554 2162 officium
1593 2125 1726 2163 vero
1771 2109 1892 2180 ejus
1929 2125 2044 2163 non

407 2203 590 2258 solum
619 2201 800 2255 simile
827 2199 1210 2272 dispendium,
1243 2201 1340 2254 sed
1369 2206 1425 2255 et
1449 2202 1691 2272 capitale
1723 2201 2040 2273 periculum

405 2294 722 2350 sustinebit.
753 2295 892 2348 Nam
917 2293 964 2346 si
996 2293 1196 2363 aliquis
1223 2310 1292 2348 ex
1329 2311 1662 2364 quacunque
1693 2300 1851 2364 parte
1875 2311 2044 2350 ausus

405 2389 578 2443 fuerit
611 2387 893 2457 jussiones
940 2391 1160 2440 nostras
1206 2387 1496 2455 excedere,
1549 2392 1604 2441 et
1655 2404 1768 2440 non
1809 2388 2040 2442 festina-

405 2481 550 2536 verit
575 2497 706 2534 cum
737 2480 830 2533 Dei
859 2479 1060 2534 timore
1095 2496 1186 2532 eas
1217 2496 1455 2548 servare,
1484 2497 1598 2534 non
1628 2481 1814 2534 solum
1850 2480 2038 2550 digni-

404 2575 533 2630 tatis
563 2579 660 2628 aut
689 2573 1016 2627 substantias
1045 2571 1358 2643 periculum
1391 2573 1706 2640 sustinebit,
1735 2573 1830 2628 sed
1867 2574 2042 2628 etiam

402 2669 604 2724 ultimo
651 2666 928 2738 supplicio
972 2665 1300 2735 subjacebit.
1348 2697 1415 2706 —
1451 2667 1483 2736 §
1523 2669 1576 2720 8.
1617 2668 1683 2720 Et
1724 2672 1808 2721 est
1845 2667 2041 2722 notitia

403 2763 518 2817 Deo
553 2760 874 2816 auxiliante.
905 2761 1009 2813 Pro
1045 2758 1284 2812 annonis
1328 2765 1382 2813 et
1417 2759 1607 2830 capitu
1645 2777 1748 2830 pro
1787 2765 2040 2831 tempore

401 2855 671 2926 praefecto
718 2853 986 2924 praetorio
1033 2869 1134 2923 per
1177 2855 1354 2906 totam
1393 2853 1664 2922 Africam,
1706 2854 1830 2907 auri
1870 2853 2040 2908 libras

405 2951 655 3001 centum.
699 2947 806 2999 Pro
845 2946 1084 3000 annonis
1129 2945 1533 3014 consularium,
1576 2945 1702 3000 auri
1741 2945 1909 2999 libras
1947 2949 2037 3001 20.

401 3041 508 3094 Pro
539 3039 777 3092 annonis
804 3037 1266 3092 cancellariorum
1292 3039 1414 3092 auri
1450 3038 1618 3092 libras
1647 3044 1699 3092 7.
1743 3041 1882 3092 ltem
1911 3038 2035 3092 ofﬁ-
2057 3075 2112 3150 Ο

435 3133 494 3150 ⁸⁸.
535 3133 644 3150 nia-
674 3131 741 3150 ἐι-
801 3131 855 3150 τῴ
904 3129 1099 3150 __._£__2-
1142 3131 1321 3150 μυξη--
1358 3131 1679 3150 1_-_._2__3L,4,
1718 3131 1895 3150 3---“,
1935 3149 1999 3150 ,,,,

401 3133 500 3187 ciis
525 3133 648 3202 ejus
674 3131 770 3184 ita.
801 3131 862 3186 ln
901 3129 1107 3184 scrinio
1142 3131 1328 3200 primo
1358 3131 1683 3184 hominibus
1710 3131 1904 3185 decem
1935 3149 2036 3202 pro
2061 3129 2082 3162 ‘

401 3225 641 3280 annonis
697 3227 791 3292 18;
853 3239 956 3295 pro
1001 3223 1190 3294 capit.,
1241 3223 1344 3276 sol.
1405 3227 1489 3278 12.
1537 3223 1704 3278 Fiunt
1757 3224 1858 3278 sol.
1913 3225 2031 3280 148.

401 3322 540 3375 ltem
588 3317 946 3386 numerario,
997 3333 1101 3387 pro
1149 3315 1415 3382 annonis,
1477 3316 1640 3372 solid.
1694 3321 1761 3386 5;
1817 3322 1872 3372 et
1931 3334 2036 3389 pro

399 3413 592 3484 capit,
637 3412 740 3465 sol.
788 3411 842 3464 4.
898 3409 1064 3463 Fiunt
1110 3409 1212 3464 sol.
1255 3411 1342 3465 46.
1391 3409 1647 3464 Secundo
1695 3427 1801 3482 pro
1853 3427 1946 3465 an.
2004 3414 2034 3466 3

401 3523 617 3561 annuos
653 3506 754 3560 sol.
799 3507 859 3572 5;
907 3507 964 3557 et
1005 3519 1108 3574 pro
1149 3503 1315 3570 capit.
1356 3507 1387 3556 7
1429 3520 1555 3574 cap.
1593 3504 1694 3558 sol.
1741 3507 1792 3572 5,
1839 3508 1894 3558 et
1933 3521 2038 3574 pro

400 3600 572 3672 capit.
607 3601 640 3654 2
677 3615 797 3670 cap.
835 3596 1000 3651 solid.
1045 3597 1098 3651 4.
1133 3596 1304 3650 Fiunt
1341 3596 1499 3651 solid.
1546 3599 1630 3651 16.
1665 3599 1695 3651 3
1730 3613 1860 3652 vero
1894 3600 1950 3652 et
1981 3597 2034 3667 4,

399 3694 468 3748 ad
507 3709 641 3748 ann.
681 3695 776 3758 50,
827 3707 940 3744 ann
1009 3689 1169 3744 solid.
1215 3693 1280 3758 5;
1331 3694 1388 3744 et
1437 3689 1508 3744 ad
1550 3706 1671 3760 cap.
1723 3693 1810 3760 50,
1863 3691 2034 3761 capit.

401 3786 564 3842 solid.
608 3786 660 3840 4.
717 3784 880 3838 Fiunt
923 3786 1011 3838 24.
1057 3783 1308 3854 Reliquis
1357 3786 1410 3850 3,
1456 3783 1526 3838 ad
1573 3800 1707 3838 ann.
1763 3787 1850 3854 50,
1899 3800 2033 3839 anu.

401 3879 562 3932 solid.
619 3881 684 3945 5;
740 3883 797 3930 et
841 3877 912 3929 ad
955 3877 1120 3946 capit.
1179 3879 1267 3944 50,
1328 3877 1498 3947 capit.
1549 3877 1707 3930 solid.
1761 3877 1815 3931 4.
1871 3877 2040 3932 Fiunt

401 3971 562 4026 solid.
589 3972 679 4025 28.
715 3971 774 4022 111
805 3967 1013 4022 scrinio
1043 3969 1307 4038 secundo,
1335 3973 1400 4022 ut
1425 3985 1592 4040 supra
1619 3969 1892 4040 scriptum
1933 3976 2035 4026 est.

403 4067 464 4120 In
501 4063 706 4119 scrinio
739 4061 926 4129 tertio,
968 4067 1033 4116 ut
1064 4077 1236 4131 supra
1275 4061 1548 4132 scriptum
1583 4065 1688 4116 est.
1735 4065 1792 4116 In
1835 4063 2039 4118 scrinio

402 4161 626 4231 quarto,
665 4161 725 4211 ut
751 4171 918 4226 supra
945 4154 1218 4225 scriptum
1247 4159 1350 4208 est.
1383 4157 1444 4210 In
1471 4154 1673 4209 scrinio
1701 4156 1871 4226 primi
1899 4157 2036 4211 scri—

399 4253 510 4320 nii,
561 4250 713 4322 quod
771 4253 854 4304 est
903 4248 1224 4319 subadjuvaa
1275 4247 1602 4303 hominibus
1663 4252 1748 4317 10,
1800 4267 1894 4304 an.
1953 4251 2038 4319 14,

403 4363 524 4417 cap.
567 4348 652 4399 12.
695 4345 860 4398 Fiunt
895 4342 1056 4396 solid.
1103 4345 1220 4408 116,
1259 4341 1488 4396 scilicet.
1523 4344 1602 4396 Ita
1629 4343 1798 4414 primi
1838 4343 2041 4398 scrinio

2151 442 2284 481 ann.
2333 427 2417 494 14,
2462 445 2584 499 cap.
2637 430 2723 496 12,
2761 427 2922 482 solid.
2967 431 3088 483 118.
3147 429 3224 482 Ita
3264 427 3481 498 primo,
3529 445 3664 484 ann.
3717 431 3786 496 3;

2149 536 2252 590 pro
2294 537 2428 574 ann.
2470 525 2521 587 1,
2565 520 2728 576 solid.
2769 525 2828 586 6;
2870 537 2992 592 cap.
3033 524 3087 590 2,
3131 521 3302 592 capit.
3342 520 3503 584 solid.
3537 522 3588 575 4.
3621 521 3790 575 Fiunt

2149 612 2314 668 solid.
2357 617 2445 669 23.
2489 613 2746 670 Secundo
2787 619 2844 669 et
2875 615 3062 680 tertio,
3104 614 3176 668 ad
3215 631 3307 668 an.
3351 615 3606 683 secund.,
3647 631 3784 670 ann.

2149 706 2311 760 solid.
2358 710 2422 776 5;
2471 713 2528 762 et
2563 708 2634 762 ad
2672 709 2841 779 capit.
2879 711 2934 776 2,
2975 725 3100 779 cap.
3143 707 3306 762 solid.
3337 708 3392 762 4.
3425 707 3596 762 Fiunt
3623 708 3784 762 solid.

2150 802 2236 853 32.
2280 801 2528 870 Reliquis
2573 805 2657 870 17,
2702 802 2773 856 ad
2815 817 2951 856 ann.
2997 804 3048 863 1,
3095 801 3254 856 solid.
3303 803 3354 855 5.
3401 801 3474 854 ad
3517 801 3686 871 capit.
3739 805 3785 868 1,

2149 892 2314 962 capit.
2353 893 2514 948 solid.
2552 897 2604 949 8.
2637 895 2805 948 Fiunt
2836 894 2998 949 solid.
3030 895 3118 949 64.
3153 895 3214 948 In
3251 893 3454 948 scrinio
3488 895 3792 948 libellorum

2149 985 2474 1042 hominibus
2523 993 2575 1055 7,
2621 1004 2753 1042 ann.
2801 991 2852 1054 6,
2905 1003 3028 1058 cap.
3072 990 3126 1042 6.
3171 986 3340 1041 Fiunt
3383 986 3546 1040 solidi
3588 991 3640 1042 5.
3683 989 3790 1041 Pro

2149 1096 2272 1151 cap.
2321 1084 2375 1151 2,
2420 1097 2547 1152 cap.
2595 1081 2756 1136 solid.
2799 1082 2852 1136 4.
2895 1081 3064 1135 Fiunt
3099 1080 3264 1136 solid.
3305 1083 3389 1134 16.
3433 1080 3711 1148 Secundo,
3757 1083 3792 1134 2

2147 1189 2251 1244 pro
2291 1190 2449 1240 ann.,
2495 1175 2678 1242 solid.,
2728 1177 2828 1243 10;
2872 1191 2975 1245 pro
3019 1174 3188 1246 capit.
3233 1178 3283 1242 1,
3322 1173 3484 1228 solid.
3523 1175 3578 1228 4.
3619 1172 3792 1228 Fiunt

2149 1267 2311 1321 solid.
2359 1270 2442 1322 12.
2495 1267 2744 1339 Reliquis
2787 1267 3114 1322 hominibus
3153 1268 3206 1334 4,
3257 1267 3328 1322 ad
3375 1283 3510 1322 ann.
3559 1271 3609 1332 1,
3647 1283 3788 1322 ann.

2147 1359 2308 1414 solid.
2349 1363 2410 1430 5;
2453 1366 2511 1416 et
2546 1362 2616 1416 ad
2655 1361 2822 1432 capit.
2869 1365 2918 1429 1,
2965 1359 3128 1415 solid.
3177 1361 3230 1415 4.
3279 1361 3446 1415 Fiunt
3489 1360 3648 1415 solid.
3699 1363 3788 1414 36.

2149 1454 2208 1506 In
2257 1453 2450 1508 schola
2499 1459 2834 1525 exceptorum
2876 1453 3206 1509 hominibus
3248 1456 3334 1520 60,
3383 1470 3516 1508 ann.
3565 1455 3654 1519 74,
3703 1469 3792 1508 ca-

2145 1546 2248 1616 pit.
2288 1549 2374 1612 62,
2415 1546 2577 1602 solid.
2621 1551 2744 1602 618.
2791 1549 2870 1602 lta
2905 1548 3093 1619 primo
3143 1552 3202 1601 et
3241 1547 3508 1614 secundo,
3550 1563 3686 1600 ann.
3735 1553 3788 1612 3,

2145 1656 2251 1710 pro
2288 1656 2423 1694 ann.
2463 1641 2626 1698 solid.
2665 1645 2727 1709 5;
2765 1644 2822 1696 et
2858 1641 2930 1695 ad
2963 1657 3114 1712 cap.,
3143 1639 3310 1711 capit.
3347 1640 3506 1695 solid.
3535 1641 3591 1694 4.
3621 1640 3796 1694 Fiunt

2146 1731 2312 1787 solid.
2349 1733 2437 1788 46.
2477 1733 2611 1788 Aliis
2653 1733 2980 1788 hominibus
3021 1735 3074 1800 6,
3114 1733 3188 1788 ad
3229 1749 3365 1787 ann.
3410 1736 3477 1800 2,
3523 1749 3662 1788 ann.
3705 1749 3796 1789 so-

2143 1825 2246 1880 lid.
2281 1829 2344 1896 5;
2388 1826 2460 1880 ad
2499 1843 2620 1898 cap.
2655 1832 2707 1896 1,
2747 1827 2912 1898 capit.
2953 1827 3116 1882 solid.
3155 1828 3210 1882 4.
3257 1827 3427 1882 Fiunt
3455 1827 3620 1882 solid.
3667 1831 3790 1882 116.

2143 1917 2396 1990 Reliquis
2421 1919 2752 1974 hominibus
2783 1923 2867 1986 10,
2900 1921 2970 1975 ad
3001 1937 3138 1974 ann.
3179 1925 3230 1988 1,
3260 1937 3396 1974 ann.
3437 1919 3600 1974 solid.
3631 1924 3694 1988 5;
3735 1924 3794 1974 et

2145 2012 2216 2065 ad
2255 2012 2418 2082 capit.
2471 2017 2518 2080 1,
2561 2013 2726 2084 capit.
2772 2013 2933 2068 solid.
2979 2015 3034 2069 4.
3073 2014 3240 2068 Fiunt
3279 2013 3443 2067 solid.
3489 2016 3608 2068 115.
3643 2013 3794 2067 Reli-

2143 2105 2269 2176 quis
2310 2105 2638 2186 hominihus
2680 2109 2768 2175 44,
2809 2107 2880 2162 ad
2918 2124 3052 2162 ann.
3099 2111 3148 2174 1,
3190 2106 3352 2162 solid.
3385 2110 3449 2174 5;
3491 2108 3549 2160 et
3581 2105 3658 2159 ad
3697 2123 3790 2159 ca-

2141 2197 2271 2268 pit.,
2317 2199 2476 2252 solid.
2525 2201 2577 2254 4.
2622 2199 2789 2255 Fiunt
2831 2201 2996 2256 solid.
3038 2203 3162 2256 386.
3208 2203 3271 2254 In
3315 2199 3504 2254 schola
3547 2200 3794 2268 singula-

2141 2293 2288 2345 rium
2325 2291 2652 2348 hominibus
2697 2297 2784 2360 50,
2814 2310 2948 2348 ann.
2993 2297 3048 2360 3,
3090 2311 3212 2364 cap.
3263 2297 3313 2363 1,
3354 2291 3516 2346 solid.
3551 2293 3679 2346 473.
3713 2293 3792 2346 lta

2147 2387 2196 2452 1,
2243 2401 2374 2439 ann.
2413 2390 2476 2452 2,
2519 2403 2654 2441 ann.
2695 2387 2856 2442 solid.
2897 2391 2966 2456 5;
3008 2387 3177 2458 capit.
3223 2391 3275 2454 1,
3315 2387 3488 2456 capit.
3531 2385 3698 2440 solid.
3734 2388 3791 2440 3.

2143 2477 2310 2532 Fiunt
2345 2479 2504 2534 solid.
2547 2481 2633 2534 34.
2667 2480 2945 2548 Secundo,
2985 2481 3154 2536 tertio
3199 2483 3257 2534 et
3291 2483 3514 2552 quarto,
3545 2479 3616 2533 ad
3649 2494 3788 2532 ann.

2141 2573 2194 2638 5,
2225 2588 2360 2626 ann.
2397 2572 2562 2627 solid.
2595 2577 2646 2638 5,
2691 2578 2747 2628 et
2785 2575 2854 2628 ad
2884 2591 3006 2645 cap.
3055 2578 3102 2643 1,
3142 2573 3312 2644 capit.
3344 2572 3503 2628 solid.
3537 2573 3590 2627 4.
3621 2572 3794 2626 Fiunt

2141 2663 2303 2718 solid.
2355 2665 2442 2720 34.
2490 2666 2542 2720 S.
2587 2666 2840 2737 Reliquis
2879 2669 2967 2736 46,
3014 2667 3084 2722 ad
3126 2683 3261 2722 ann.
3309 2671 3360 2734 1,
3407 2665 3566 2720 solid.
3617 2669 3682 2730 5;
3735 2671 3794 2719 et

2141 2774 2264 2828 cap.
2311 2762 2361 2826 1,
2407 2775 2533 2830 cap.
2579 2759 2738 2813 solid.
2787 2761 2839 2814 4.
2882 2761 3050 2814 Fiunt
3095 2760 3255 2814 solid.
3309 2761 3434 2814 418.
3481 2761 3544 2812 111
3597 2758 3792 2812 schola

2139 2852 2608 2906 mittendarz'orum
2637 2852 2964 2907 hominibus
3002 2856 3090 2920 50,
3124 2871 3216 2907 an.
3255 2855 3341 2918 52,
3388 2853 3442 2908 S.
3480 2851 3654 2923 capit.
3697 2855 3790 2918 50,

2139 2945 2298 2998 solid.
2345 2945 2468 3000 442.
2513 2943 2590 2999 Ita
2629 2946 2834 3016 primo,
2869 2963 3006 3000 ann.
3053 2949 3108 3012 2,
3147 2963 3282 3000 ann.
3327 2944 3490 3000 solid.
3523 2947 3576 3012 5,
3621 2949 3682 2998 et
3717 2944 3794 2998 ad

2139 3037 2307 3108 capit.
2355 3041 2404 3104 1,
2451 3055 2570 3109 cap.
2626 3039 2786 3094 solid.
2833 3041 2887 3094 4.
2941 3039 3108 3094 Fiunt
3155 3038 3316 3094 solid.
3372 3039 3458 3094 14.
3501 3037 3792 3104 Secundo,

2137 3131 2306 3184 tertio
2342 3137 2398 3184 et
2427 3135 2646 3202 quarto,
2689 3132 2758 3186 ad
2797 3149 2933 3187 ann.
2979 3136 3028 3198 1,
3061 3149 3194 3187 ann.
3241 3131 3404 3186 solid.
3446 3134 3512 3200 5;
3543 3137 3598 3185 et
3627 3131 3700 3185 ad
3731 3133 3790 3198 8,

2136 3239 2258 3294 cap.
2306 3228 2352 3292 1,
2393 3240 2516 3295 cap.
2561 3225 2720 3280 solid.
2763 3225 2814 3280 4.
2862 3226 3032 3280 Fiunt
3071 3225 3236 3280 solid.
3283 3225 3372 3280 34.
3425 3225 3476 3280 S.
3529 3223 3795 3295 Reliquis

2135 3315 2458 3370 hominibus
2490 3317 2576 3385 46,
2619 3317 2690 3372 ad
2725 3334 2861 3374 ann.
2898 3322 2948 3388 1,
2979 3335 3115 3374 ann.
3151 3317 3256 3373 sol.
3289 3322 3320 3372 5
3347 3335 3360 3382 ;
3391 3321 3448 3372 et
3479 3317 3550 3371 ad
3577 3333 3702 3387 cap.
3735 3320 3792 3385 1,

2137 3426 2259 3480 cap.
2298 3410 2458 3464 solid.
2499 3411 2554 3466 4.
2595 3411 2764 3466 Fiunt
2799 3411 2960 3467 solidi
3003 3412 3131 3466 324.
3181 3413 3242 3465 In
3279 3411 3468 3466 schola
3507 3425 3794 3465 cursorum

2135 3503 2465 3558 hominibus
2499 3507 2586 3573 30,
2637 3521 2772 3559 ann.
2809 3507 2899 3572 22,
2945 3505 3000 3560 S.
3032 3521 3154 3576 cap.
3198 3507 3288 3574 30,
3331 3503 3492 3560 solid.
3529 3506 3656 3559 232.
3703 3505 3794 3556 Ita

2137 3596 2342 3668 primo,
2388 3613 2546 3664 ann.,
2589 3614 2724 3652 anu.
2768 3597 2938 3654 solid.
2987 3601 3040 3666 5,
3085 3615 3211 3670 cap.
3257 3602 3307 3666 1,
3349 3613 3471 3669 cap.
3517 3598 3684 3652 solid.
3725 3597 3792 3650 4.

2137 3690 2303 3744 Fiunt
2327 3689 2487 3745 solidi
2521 3695 2603 3746 17.
2635 3691 2908 3758 Secundo,
2939 3691 3105 3746 tertio
3133 3695 3190 3746 et
3215 3696 3438 3762 quarto,
3463 3691 3534 3746 ad
3559 3708 3698 3746 ann.
3725 3696 3752 3746 1
3774 3735 3790 3761 ,

2137 3783 2191 3838 8.
2225 3799 2360 3838 ann.
2393 3783 2552 3838 solid.
2591 3789 2650 3854 5;
2691 3789 2746 3839 et
2783 3785 2853 3840 ad
2883 3801 3008 3856 cap.
3043 3787 3094 3853 1,
3132 3785 3300 3856 capit.
3331 3785 3494 3840 solid.
3531 3785 3586 3839 4.
3617 3785 3802 3840 Fiunt

2139 3877 2300 3931 solid.
2329 3877 2416 3932 34.
2448 3877 2504 3932 S.
2536 3878 2786 3950 Reliquis
2816 3878 3144 3934 hominibus
3173 3881 3264 3946 26,
3295 3878 3368 3933 ad
3393 3894 3528 3933 ann.
3562 3883 3615 3945 1,
3645 3895 3792 3934 ann.

2139 3969 2299 4024 solid.
2341 3973 2404 4038 5;
2450 3975 2505 4024 et
2545 3971 2616 4024 ad
2655 3987 2777 4042 cap.
2822 3975 2872 4038 1,
2913 3971 3081 4042 capit.
3115 3970 3276 4026 solid.
3317 3971 3374 4025 4.
3416 3971 3580 4024 Fiunt
3623 3971 3800 4026 solidi

2139 4063 2262 4117 234.
2297 4063 2355 4116 111
2395 4063 2590 4118 schola
2625 4064 3117 4120 nomenculath
3159 4063 3486 4118 hominibus
3521 4067 3613 4132 22,
3647 4081 3794 4119 ann.

2141 4155 2302 4210 solidi
2340 4160 2392 4224 5,
2436 4157 2627 4227 capitu
2669 4161 2755 4223 12,
2805 4157 2966 4212 solid.
3017 4157 3071 4212 4.
3120 4157 3288 4211 Fiunt
3329 4156 3492 4212 solidi
3535 4161 3658 4212 115.
3708 4159 3800 4212 Ita

2139 4249 2348 4319 primo,
2385 4265 2541 4314 ann.,
2581 4267 2714 4305 ann.
2753 4249 2919 4304 solid.
2964 4253 3026 4320 5;
3074 4251 3242 4320 capit.
3284 4253 3335 4319 1,
3377 4250 3432 4304 S.
3478 4251 3652 4322 capit.
3693 4267 3798 4304 so-

2141 4341 2286 4396 lidos
2315 4343 2367 4397 4.
2407 4343 2576 4398 Fiunt
2611 4343 2774 4398 solid.
2818 4347 2903 4398 16.
2949 4343 3200 4414 Reliquis
3237 4341 3565 4398 hominibus
3601 4346 3689 4410 11,
3715 4345 3798 4399 ad

403 4455 507 4510 pro
553 4455 688 4492 ann.
735 4439 788 4505 3,
833 4452 967 4489 ann.
1013 4434 1176 4490 solid.
1231 4439 1289 4502 5;
1338 4439 1394 4488 et
1436 4451 1540 4505 pro
1580 4452 1705 4506 cap.
1747 4439 1802 4506 2,
1852 4437 2273 4513 capituDann.
2309 4441 2359 4505 1,
2400 4454 2534 4492 ann.
2574 4437 2731 4492 solid.
2775 4441 2828 4506 5,
2861 4441 2919 4491 et
2949 4437 3020 4492 ad
3050 4437 3216 4508 capit.
3255 4441 3304 4505 1,
3333 4437 3503 4507 capit.
3535 4437 3700 4492 solid.
3731 4438 3793 4493 4.

406 4532 564 4586 solid.
603 4532 654 4586 4.
694 4529 863 4582 Fiunt
891 4528 1054 4582 solidi
1089 4531 1178 4582 23.
1219 4527 1474 4582 Secundo
1505 4545 1608 4600 pro
1647 4546 1781 4584 anu.
1821 4534 1874 4599 2,
1909 4547 2039 4584 ann.

407 4624 590 4694 solidi,
619 4629 684 4678 ut
717 4638 888 4694 supra
919 4621 1192 4692 scriptum
1231 4625 1343 4690 est;
1377 4627 1434 4676 et
1458 4638 1561 4693 pro
1596 4638 1716 4693 cap.
1751 4623 1916 4694 capit.
1951 4639 2041 4677 so—

405 4721 528 4788 lid.,
563 4721 628 4772 ut
663 4732 832 4787 supra
871 4715 1144 4785 scriptum
1181 4719 1284 4782 est,
1329 4720 1386 4770 et
1418 4714 1563 4770 fiunt
1597 4716 1756 4770 solidi
1791 4720 1876 4771 16.
1919 4718 2046 4772 Ter-

403 4817 478 4872 tio
529 4816 586 4869 et
627 4815 844 4884 quarto,
893 4825 996 4880 pro
1039 4825 1172 4863 ann.
1224 4811 1272 4876 1,
1330 4825 1555 4864 annona
1601 4809 1928 4880 solidorum,
1979 4815 2044 4865 ut

407 4925 578 4980 supra
605 4907 874 4976 scriptum
911 4907 1032 4970 est;
1071 4907 1126 4956 et
1163 4919 1264 4973 pro
1299 4919 1422 4974 cap.
1461 4907 1508 4970 1,
1551 4920 1670 4974 cap.
1713 4903 2039 4973 solidorum,

411 5008 473 5056 ut
506 5017 675 5072 supra
704 4998 977 5070 scriptum
1009 5001 1110 5051 est.
1143 4996 1310 5050 Fiunt
1337 4996 1440 5052 sol.
1469 4999 1557 5052 23.
1589 4996 1840 5068 Reliquis
1865 4997 2044 5052 homi-

411 5095 578 5151 nibus
604 5097 656 5162 6,
685 5094 752 5146 ad
787 5109 918 5146 ann.
961 5095 1010 5160 1,
1055 5107 1282 5145 annona
1319 5089 1482 5145 solidi
1515 5095 1578 5159 5;
1621 5096 1676 5145 et
1699 5107 1802 5162 pro
1831 5091 2038 5162 capitu,

409 5187 577 5260 capit.
610 5184 772 5238 solid.
803 5185 852 5238 4.
885 5184 1050 5238 Fiunt
1079 5183 1243 5238 solidi
1273 5187 1361 5240 58.
1394 5185 1452 5237 111
1487 5183 1690 5238 scrinio
1717 5189 2038 5239 commenta-

409 5283 603 5338 riensis
641 5276 970 5332 hominibus
1009 5281 1092 5344 12,
1129 5295 1262 5334 ann.
1307 5281 1392 5346 17,
1433 5294 1557 5348 cap.
1599 5277 1650 5330 4.
1685 5277 1850 5332 Fiunt
1881 5277 2041 5333 solidi

414 5381 534 5434 153.
585 5373 774 5429 Primo
823 5373 1312 5428 commentariensi
1353 5387 1488 5426 ann.
1536 5374 1587 5438 3,
1635 5371 1796 5426 solid.
1841 5374 1903 5438 5;
1938 5388 2040 5442 pro

410 5471 580 5544 capit.
624 5471 678 5539 2,
719 5465 886 5538 capit.
933 5465 1033 5519 sol.
1079 5467 1132 5518 4.
1177 5466 1342 5520 Fiunt
1379 5463 1546 5520 solidi
1595 5467 1684 5520 23.
1728 5463 2040 5536 Sequentes

409 5564 672 5620 homines
717 5565 769 5631 3,
807 5559 878 5614 ad
916 5573 1049 5611 ann.
1089 5560 1143 5623 2,
1187 5573 1321 5613 ann.
1363 5558 1524 5612 solid.
1564 5561 1628 5627 5;
1669 5575 1773 5629 pro
1816 5575 1938 5630 cap.
1982 5562 2036 5628 2,

410 5658 578 5729 capit.
613 5655 773 5710 solid.
807 5653 858 5707 4.
899 5651 1071 5706 Fiunt
1109 5649 1268 5706 solidi
1309 5651 1398 5706 48.
1437 5650 1654 5722 Reliqui
1691 5651 1957 5708 homines
1983 5657 2036 5722 8,

409 5751 480 5810 ad
513 5765 651 5808 ann.
689 5751 740 5818 1,
775 5761 910 5802 ann.
947 5745 1106 5802 solid.
1146 5748 1209 5816 5;
1247 5749 1304 5800 et
1335 5760 1456 5816 cap.
1501 5747 1550 5812 1,
1581 5745 1750 5820 capit.
1781 5745 1941 5803 solid.
1982 5747 2036 5804 4.

2146 4531 2314 4586 Fiunt
2351 4530 2512 4585 solid.
2555 4533 2644 4585 99.
2689 4533 2752 4587 In
2797 4530 2984 4586 schola
3027 4535 3325 4586 stratarum
3355 4529 3688 4585 hominibus
3733 4534 3792 4601 6,

2143 4641 2277 4680 ann.
2318 4629 2371 4694 7,
2413 4624 2582 4695 capit.
2629 4627 2681 4694 6,
2727 4624 2888 4680 solid.
2930 4627 3018 4679 59.
3066 4625 3144 4679 lta
3185 4624 3397 4695 primo,
3432 4640 3590 4692 ann.,
3645 4641 3796 4680 ann.

2145 4719 2301 4772 solid.
2351 4721 2412 4788 5;
2463 4733 2586 4789 cap.
2633 4721 2684 4786 1,
2735 4717 2902 4789 capit.
2953 4715 3114 4772 solid.
3165 4717 3218 4772 4.
3269 4717 3438 4772 Fiunt
3486 4717 3654 4771 solidi
3699 4719 3796 4773 14.
3829 4729 3842 4739 ‘

2142 4811 2395 4882 Reliquis
2429 4810 2754 4865 hominibus
2783 4815 2836 4879 5,
2869 4811 2942 4864 ad
2979 4826 3114 4865 ann.
3157 4814 3206 4876 1,
3244 4827 3378 4865 ann.
3423 4811 3580 4866 solid.
3623 4814 3694 4880 5;
3735 4815 3802 4866 et

2115 4906 2212 4984 -ad
2240 4921 2362 4976 cap.
2404 4909 2454 4972 1,
2487 4904 2657 4976 capit.
2698 4903 2860 4958 solid.
2900 4905 2953 4958 4.
2985 4903 3157 4958 Fiunt
3183 4904 3346 4959 solid.
3381 4905 3468 4959 45.
3499 4905 3558 4957 ln
3597 4905 3806 4960 schola

2135 5001 2591 5070 praetorianorum
2619 4997 2950 5052 hominibus
2973 4997 3188 5066 decem,
3217 5014 3352 5052 ann.
3383 5002 3468 5062 12,
3497 4997 3674 5068 capit.
3699 5003 3766 5054 11
3783 5043 3800 5068 ,

2143 5092 2300 5148 solid.
2335 5095 2422 5146 97.
2457 5094 2536 5147 lta
2577 5092 2786 5163 primo,
2817 5107 3080 5160 annonae,
3121 5107 3226 5163 pro
3259 5107 3396 5146 ann.
3429 5093 3496 5158 2;
3531 5091 3700 5147 solid.
3739 5096 3800 5162 5,

2141 5203 2247 5258 pro
2285 5185 2452 5257 capit.
2493 5185 2657 5240 solid.
2685 5186 2738 5240 4.
2779 5185 2947 5240 Fiunt
2987 5183 3150 5240 solid.
3187 5187 3272 5240 16.
3303 5183 3552 5255 Reliquis
3589 5185 3802 5240 homi-

2143 5279 2308 5334 nibus
2347 5283 2399 5348 9,
2448 5279 2520 5334 ad
2558 5295 2692 5334 ann.
2742 5283 2792 5347 1,
2841 5295 2944 5350 pro
2994 5294 3152 5348 ann.,
3197 5276 3360 5333 solid.
3399 5281 3462 5347 5;
3505 5278 3678 5348 capit.
3741 5285 3800 5346 1,

2141 5389 2244 5444 pro
2278 5373 2444 5444 capit.
2475 5373 2638 5428 solid.
2675 5373 2730 5427 4.
2769 5371 2936 5426 Fiunt
2965 5371 3126 5427 solid.
3155 5375 3244 5426 71.
3277 5371 3338 5425 In
3363 5371 3552 5426 schola
3583 5372 3802 5428 draco-

2137 5471 2418 5522 nariorum
2465 5465 2791 5521 hominibus
2837 5468 2923 5533 10,
2967 5482 3102 5520 ann.
3153 5469 3240 5532 11,
3283 5482 3408 5537 cap.
3455 5468 3544 5532 10,
3591 5466 3656 5522 S.
3703 5483 3808 5522 so-

2139 5559 2239 5616 lid.
2284 5563 2409 5616 206.
2452 5561 2530 5616 Ita
2567 5560 2774 5632 primo,
2813 5575 2971 5626 ann.,
3011 5575 3117 5630 pro
3154 5575 3290 5614 ann.
3331 5558 3497 5614 solid.
3547 5560 3656 5628 14;
3699 5577 3804 5615 ca-

2139 5653 2242 5725 pit.
2284 5659 2334 5722 1,
2365 5671 2468 5725 pro
2497 5654 2668 5725 capit.
2707 5653 2868 5709 solid.
2899 5651 2955 5708 4.
2997 5653 3167 5708 Fiunt
3193 5652 3358 5708 solidi
3401 5655 3485 5708 16.
3527 5652 3802 5726 Reliquis

2141 5747 2462 5810 hominibus
2496 5751 2550 5820 9,
2577 5748 2649 5806 ad
2676 5764 2807 5806 ann.
2843 5751 2896 5818 1,
2933 5763 3037 5824 pro
3063 5763 3198 5804 ann.
3226 5747 3390 5806 solid.
3419 5749 3488 5820 5;
3520 5747 3696 5824 capit.
3735 5751 3798 5828 1³
