4076 6186
308 239 443 295 1105

1029 242 1391 298 JUSTINIANI
1430 242 1639 298 LEGES
1675 242 2009 298 SELECT/E.
2052 242 2177 296 LIB.
2221 243 2262 307 l,
2305 240 2432 295 'l‘lT.
2474 236 2677 307 XXVII,
2720 241 2848 296 LEX
2889 240 2952 296 ll.

3534 244 3665 299 1106

302 363 407 418 pro
440 345 610 417 capit.
644 347 807 402 solid.
836 348 890 403 4.
925 348 1094 403 Fiunt
1128 351 1230 405 sol.
1261 353 1348 407 80.
1384 352 1444 405 In
1477 351 1684 406 scrinio
1719 367 1939 422 operum
1959 362 2019 435 Α
2038 366 2142 422 per
2168 351 2356 422 ipsum
2385 349 2637 404 Africam
2663 349 2971 403 defendere
3004 351 3061 402 et
3084 348 3186 403 sub
3208 352 3468 404 nostrum
3493 349 3669 422 impe-

306 439 635 495 hominibus
665 444 755 507 20,
786 457 918 497 ann.
952 444 1040 510 24,
1084 459 1208 515 cap.
1241 448 1330 513 21,
1364 445 1508 500 solid
1543 446 1665 500 224.
1697 446 1780 500 lta
1819 445 1934 516 pri-

304 549 422 599 mo,
465 550 603 589 ann.
635 536 687 601 3,
720 551 824 605 pro
867 552 1003 590 ann.
1052 536 1216 591 solid.
1253 541 1284 592 5
1311 555 1328 607 ;
1360 554 1484 609 cap.
1515 541 1567 606 2,
1609 555 1713 610 pro
1762 540 1932 611 capit.

305 626 471 681 solid.
502 629 555 681 8.
588 628 754 682 Fiunt
784 628 947 683 solid.
984 631 1072 685 24.
1111 629 1368 702 Reliquis
1410 631 1740 687 hominibus
1779 636 1831 698 3,
1863 632 1935 687 ad

307 736 441 775 ann.
470 723 524 775 2.
554 737 658 792 pro
688 737 819 775 ann.
850 723 1016 777 solid.
1052 726 1114 791 5;
1148 729 1205 779 et
1237 724 1309 778 ad
1344 724 1514 795 capit.
1547 728 1597 793 1,
1629 743 1733 797 pro
1762 726 1932 798 capit.

304 812 469 868 solid.
500 814 551 868 4.
588 814 757 868 Fiunt
776 815 941 870 solid.
975 819 1061 871 62.
1093 817 1345 889 Reliquis
1371 818 1495 873 aliis
1522 819 1853 875 hominibus
1881 822 1933 886 6,

303 906 377 960 ad
406 922 543 960 ann.
578 910 745 979 l,pro
773 925 905 963 ann.
927 910 1092 964 solid.
1141 914 1204 978 5;
1238 916 1296 966 et
1321 911 1394 966 ad
1424 912 1593 983 capit.
1635 917 1684 980 1,
1719 929 1820 984 pro
1851 929 1938 968 ca-

303 999 406 1070 pit.
435 999 601 1054 solid.
632 1001 684 1054 4.
721 1001 889 1056 Fiunt
918 1002 1083 1058 solid.
1136 1006 1224 1059 99.
1255 1005 1313 1057 ln
1341 1004 1549 1060 scrinio
1576 1022 1715 1061 arca
1745 1006 1934 1061 homi-

304 1092 471 1147 nibus
513 1096 601 1161 20,
634 1111 770 1148 ann.
804 1098 893 1165 28,
924 1097 1094 1167 capit.
1124 1099 1214 1166 21,
1255 1097 1419 1152 solid.
1452 1098 1576 1153 224.
1609 1100 1690 1154 lta
1724 1100 1932 1171 primo,

303 1202 437 1240 ann.
473 1189 525 1255 3,
560 1203 660 1257 pro
700 1204 836 1243 ann.
883 1189 1048 1244 solid.
1093 1194 1158 1256 5;
1191 1190 1361 1262 capit.
1409 1195 1460 1259 2,
1494 1208 1597 1263 pro
1637 1193 1807 1263 capit.
1843 1211 1933 1249 so-

2036 444 2189 500 rium
2218 443 2486 515 redigere
2508 443 2673 499 nobis
2694 458 3030 497 concessum
3060 446 3165 512 est,
3189 459 3294 513 per
3316 442 3504 513 ipsum
3528 460 3666 514 quo-

2038 554 2149 610 que
2162 540 2229 592 ut
2246 540 2443 592 nostro
2471 536 2864 591 moderamine
2882 538 3036 590 recte
3051 536 3405 607 gubernetur
3425 540 3482 591 et
3500 537 3664 592 ﬁrme

2037 630 2394 686 custodiatur
2406 630 2767 684 confidimus.
2787 630 2945 684 Unde
2963 646 3067 701 per
3080 629 3204 699 ejus
3221 630 3466 700 gratiam
3488 630 3664 684 etiam

2037 724 2283 781 civilium
2303 724 2868 778 administrationum
2888 723 3113 793 judices
3134 725 3192 777 et
3211 723 3399 777 ofticia
3424 723 3666 794 singulis

2035 818 2309 874 Africanis
2340 817 2647 889 provinciis
2673 815 3097 885 constituimus,
3126 816 3502 871 attribuentes
3534 817 3663 887 qui-

2038 912 2168 967 dem
2189 912 2649 966 emolumentum
2673 910 2825 981 quod
2846 909 3242 981 unusquisque
3268 910 3559 980 percipere
3574 910 3669 965 de-

2035 1005 2188 1059 beat.
2203 1004 2286 1059 Ad
2302 1005 2612 1075 ejusigitur
2628 1003 3047 1075 providentiam
3067 1002 3385 1058 etiamnum
3408 1003 3665 1057 animum

2034 1102 2297 1153 nostrum
2320 1098 2634 1153 reférentes
2655 1101 2711 1152 et
2736 1100 2990 1152 armatas
3012 1096 3265 1163 militias,
3291 1100 3349 1150 et
3374 1096 3543 1169 duces
3564 1097 3667 1150 mi-

2033 1190 2202 1244 litum
2231 1189 2490 1245 ordinare
2521 1189 2895 1261 disponimus.
2918 1221 2986 1228 —
3007 1188 3037 1260 §
3062 1193 3110 1243 1.
3140 1188 3438 1243 Sancimus
3470 1189 3663 1259 itaque

301 1279 402 1333 lid.
448 1280 500 1333 4.
550 1280 716 1335 Fiunt
763 1281 924 1337 solid.
963 1285 1051 1338 23.
1099 1283 1353 1356 Reliquis
1405 1285 1736 1340 hominibus
1769 1287 1823 1355 4,
1860 1287 1934 1341 ad
2034 1290 2099 1338 ut
2123 1283 2233 1337 dux
2258 1282 2506 1338 militum
2543 1283 2911 1353 Tripolitanae
2952 1282 3256 1353 provincia
3287 1282 3345 1336 in
3375 1282 3659 1353 Leptima-

303 1389 440 1426 ann.
471 1377 523 1440 2,
554 1390 657 1445 pro
685 1390 822 1429 ann.
855 1375 957 1430 sol.
995 1379 1055 1443 5;
1084 1382 1141 1431 et
1168 1348 1262 1432 ad-
1279 1348 1403 1449 cap.
1439 1382 1487 1445 1,
1523 1395 1626 1449 pro
1651 1395 1777 1450 cap.
1810 1348 1933 1435 Isol.
2037 1377 2237 1447 gnensi
2261 1376 2486 1431 civitate
2518 1348 2684 1431 sedes
2712 1348 3209 1429 interim-habeat.
3244 1376 3364 1430 Dux
3396 1348 3528 1430 vero
3557 1377 3661 1447 By-

302 1466 354 1520 4.
384 1466 555 1521 Fiunt
595 1467 760 1522 solid.
807 1470 894 1523 42.
941 1470 1193 1541 Reliquis
1231 1471 1354 1525 aliis
1411 1472 1739 1526 hominibus
1777 1476 1829 1539 6,
1864 1473 1935 1529 ad
2036 1486 2257 1525 zacena
2278 1469 2585 1541 provincia
2621 1468 2713 1541 [et]
2747 1469 2806 1523 in
2838 1470 3039 1539 Capsa,
3066 1469 3309 1523 etaltera
3329 1470 3501 1539 Lepte
3527 1470 3661 1524 civi-

302 1576 437 1613 ann.
466 1563 518 1626 2,
551 1561 715 1615 solid.
751 1565 812 1628 5;
844 1567 899 1617 et
927 1562 1001 1616 ad
1027 1580 1151 1634 cap.
1184 1567 1230 1631 l,
1264 1581 1368 1635 pro
1400 1581 1526 1636 cap.
1551 1566 1653 1620 sol.
1683 1567 1735 1620 4.
1768 1566 1937 1621 Fiunt
2035 1563 2500 1619 tatibusinterim
2528 1563 2746 1618 sedeat.
2766 1563 2887 1616 Dux
2904 1578 3036 1616 vero
3064 1561 3341 1616 Numidia
3362 1563 3663 1632 provincia

303 1651 466 1707 solid.
501 1655 587 1708 68.
622 1654 875 1727 Reliquis
910 1655 1035 1711 aliis
1085 1657 1420 1713 hominibus
1464 1661 1583 1726 110,
1610 1659 1683 1729 ad
1711 1677 1846 1714 ann.
1882 1664 1932 1728 1,
2036 1657 2095 1712 in
2113 1656 2570 1712 Constantinensi
2590 1655 2818 1710 civitate
2847 1656 3008 1709 sedes
3034 1654 3268 1709 interim
3284 1654 3514 1709 habeat.
3540 1656 3667 1711 Dux

300 1761 406 1817 pro
434 1762 571 1801 ann.
615 1748 719 1802 sol.
755 1752 813 1815 5;
846 1752 904 1803 et
948 1749 1022 1804 ad
1064 1750 1229 1821 capit.
1268 1754 1318 1818 1,
1362 1767 1465 1821 pro
1506 1768 1628 1822 cap.
1671 1752 1836 1807 solid.
1878 1754 1932 1808 4.
1956 1730 2013 1803 B
2040 1754 2234 1805 autem
2275 1748 2622 1805 Mauritania
2654 1747 2960 1819 provincia
2986 1747 3047 1802 in
3076 1748 3412 1803 Caesariensi
3442 1749 3664 1804 civitate

303 1838 468 1893 Fiunt
509 1840 668 1895 solid.
710 1843 797 1896 90.
841 1842 903 1897 In
944 1842 1140 1898 schola
1188 1845 1649 1900 chartulariorum
1693 1846 1937 1901 homini—
2038 1844 2271 1899 interim
2294 1843 2505 1898 sedeat.
2525 1874 2593 1882 —
2622 1842 2725 1914 §2.
2754 1841 3028 1897 Jubemus
3053 1841 3227 1895 etiam
3245 1845 3308 1896 ut
3328 1841 3385 1895 in
3402 1842 3664 1912 trajectu,

301 1931 408 1985 bus
450 1935 537 1999 50,
570 1950 703 1987 ann.
744 1937 832 2001 58,
873 1951 994 2007 cap.
1033 1938 1086 2003 2,
1128 1952 1230 2007 pro
1266 1936 1437 2008 capit.
1483 1938 1648 1993 solid.
1691 1940 1745 1994 4.
1770 1940 1937 1995 Fiunt
2039 1937 2242 2009 quiest
2262 1940 2463 1991 contra
2484 1936 2828 2008 Hispaniam,
2859 1934 2958 2006 qui
2987 1938 3149 2005 septa
3164 1934 3391 2001 dicitur,
3418 1938 3665 2006 quantos

301 2024 463 2080 solid.
492 2026 581 2081 24.
611 2028 695 2082 Ita
723 2028 935 2098 primo,
965 2042 1100 2083 ann.
1132 2032 1184 2099 3,
1210 2046 1314 2101 pro
1346 2046 1479 2085 ann.
1509 2032 1673 2086 solid.
1708 2036 1739 2087 5
1764 2050 1777 2097 ;
1807 2050 1931 2105 cap,

304 2121 356 2185 2,
385 2134 490 2189 pro
518 2135 637 2191 cap.
668 2121 829 2176 solid.
863 2122 915 2176 4.
956 2122 1124 2177 Fiunt
1153 2122 1317 2178 solid.
1343 2127 1430 2179 23.
1462 2124 1714 2196 Reliquis
1743 2125 1931 2181 homi-

303 2210 469 2266 nibus
497 2215 548 2279 3,
571 2212 643 2267 ad
665 2230 798 2268 ann.
817 2218 870 2282 2,
903 2232 1007 2286 pro
1036 2231 1168 2270 ann.
1200 2216 1365 2271 solid.
1392 2222 1424 2272 5
1454 2234 1467 2284 ;
1497 2221 1555 2272 et
1584 2218 1657 2273 ad
1679 2219 1848 2291 capit.
1883 2224 1932 2287 1,

300 2321 405 2376 pro
437 2322 560 2377 cap.
595 2307 760 2361 solid.
793 2308 844 2362 4.
876 2309 1042 2364 Fiunt
1070 2310 1234 2365 solid.
1268 2312 1355 2366 48.
1390 2311 1642 2383 Reliquis
1677 2313 1801 2367 aliis
1828 2313 1930 2369 ho-

303 2399 556 2453 minibus
583 2402 649 2469 6;
681 2401 753 2455 ad
792 2417 926 2456 ann.
962 2406 1011 2471 1,
1060 2420 1163 2473 pro
1194 2420 1329 2459 ann.
1361 2405 1525 2460 solid.
1557 2409 1621 2472 5;
1653 2411 1710 2461 et
1739 2406 1814 2461 ad
1838 2424 1930 2463 ca-

300 2487 403 2557 pit.
432 2491 481 2557 l,
513 2505 617 2559 pro
649 2490 820 2560 capit.
848 2491 933 2546 sol
953 2493 1006 2546 4.
1038 2492 1204 2547 Fiunt
1228 2493 1394 2547 solid.
1422 2496 1512 2550 49.
1545 2493 1802 2566 Reliquis
1828 2498 1932 2552 ho-

302 2580 554 2637 minibus
578 2583 667 2649 40,
692 2583 766 2637 ad
790 2601 926 2639 ann.
961 2588 1010 2652 1,
1033 2602 1138 2656 pro
1168 2603 1304 2641 ann.
1331 2588 1437 2643 sol.
1466 2592 1532 2655 5;
1559 2595 1615 2645 et
1632 2591 1704 2645 ad
1722 2607 1846 2662 cap.
1879 2595 1928 2663 1,

300 2690 402 2745 pro
431 2675 603 2745 capit.
648 2676 813 2732 solid.
857 2678 909 2732 4.
954 2678 1123 2735 Fiunt
1168 2680 1313 2735 solid
1356 2684 1477 2737 360.
1533 2684 1702 2738 Fiunt
1741 2685 1929 2740 homi-

298 2783 402 2821 nes
441 2770 563 2836 396,
593 2785 727 2824 ann.
773 2770 898 2837 499,
933 2772 1095 2826 solid.
1131 2777 1181 2840 2,
1229 2776 1352 2841 390,
1386 2775 1555 2846 capit.
1596 2779 1721 2832 420.
1766 2777 1932 2833 Fiunt

300 2860 464 2916 solid.
493 2862 546 2927 4,
577 2865 665 2931 73,
696 2866 748 2931 3,
787 2865 908 2919 682.
942 2866 1086 2919 Item
1124 2882 1229 2938 pro
1262 2883 1397 2921 ann.
1445 2873 1502 2924 et
1530 2886 1652 2941 cap.
1686 2887 1928 2926 censua-

298 2952 439 3008 lium
469 2954 635 3009 solid.
678 2956 803 3011 449.
847 2957 1180 3014 Officiorum
1208 2959 1332 3031 ejus
1370 2961 1535 3017 solid.
1574 2965 1693 3018 160.
1742 2968 1929 3035 potest

300 3046 455 3102 medi
498 3048 831 3105 hominibus
859 3055 911 3121 5,
950 3068 1083 3107 ann.
1122 3055 1211 3121 48,
1253 3055 1424 3126 capit.
1472 3058 1555 3124 18,
1607 3056 1768 3113 solid.
1800 3059 1923 3114 418.

294 3142 375 3195 Ita
420 3141 628 3211 primo,
684 3160 842 3211 ann.,
895 3163 999 3217 pro
1050 3164 1184 3202 ann.
1256 3152 1366 3215 l5;
1424 3151 1594 3221 capit.
1652 3156 1705 3217 5,
1757 3152 1925 3208 solid.

298 3237 348 3287 5.
381 3234 667 3302 Secundo,
701 3253 805 3306 pro
846 3254 982 3292 ann.
1026 3242 1111 3308 10,
1148 3241 1319 3312 capit.
1364 3247 1416 3311 5,
1466 3243 1631 3297 solid.
1679 3248 1764 3299 70.
1817 3247 1924 3300 Re-

296 3326 468 3397 liquis
507 3327 835 3383 hominibus
866 3332 916 3398 3,
948 3331 1020 3384 ad
1058 3347 1193 3387 ann.
1235 3336 1287 3400 8,
1322 3338 1377 3388 et
1413 3335 1484 3389 ad
1512 3351 1637 3406 cap.
1671 3340 1724 3404 2,
1759 3336 1923 3391 solid.

302 3422 419 3475 150.
468 3421 847 3478 Grammaticis
890 3424 1222 3479 hominibus
1262 3429 1315 3495 2,
1350 3427 1423 3481 ad
1463 3444 1598 3483 ann.
1642 3432 1726 3498 10,
1771 3434 1827 3485 et
1856 3430 1927 3485 ad

299 3530 420 3585 cap.
456 3517 508 3584 2,
537 3515 609 3569 ad
650 3516 814 3571 solid.
850 3520 937 3584 70,
972 3518 1219 3574 sortitas.
1253 3522 1569 3577 Oratoribus
1600 3522 1927 3579 hominibus

298 3610 350 3674 2,
398 3607 472 3661 ad
502 3625 637 3663 ann.
685 3613 767 3678 10,
816 3627 941 3682 cap.
994 3615 1046 3678 5,
1094 3614 1165 3667 ad
1211 3614 1376 3669 solid.
1424 3618 1511 3670 70.
1539 3646 1607 3657 —-
1644 3615 1673 3689 §
1715 3620 1768 3671 9.
1798 3618 1926 3673 Hac

296 3699 502 3771 igitur,
574 3718 703 3773 qua
774 3720 876 3775 pro
925 3705 1239 3777 dispendiis
1309 3708 1566 3764 civilibus
1631 3710 1923 3781 judicibus

296 3793 516 3862 Africa,
572 3811 892 3869 eorumque
929 3798 1149 3868 ofﬁciis,
1188 3801 1248 3856 id
1293 3806 1398 3871 est,
1444 3807 1565 3858 tam
1615 3803 1927 3860 scriniariis

298 3888 667 3959 amplissima
714 3890 839 3961 ejus
894 3893 1252 3963 prafectura
1300 3912 1478 3966 quam
1524 3897 1923 3966 cohortalibus,

297 3996 402 4051 per
442 3981 590 4037 hanc
638 3982 889 4038 divinam
939 3985 1404 4043 constitutionem
1450 3989 1776 4058 statuimus,
1826 3994 1926 4047 tua

297 4074 633 4145 magnitudo
658 4092 998 4148 cognocens,
1022 4096 1091 4134 ex
1109 4080 1232 4136 Kal.
1262 4081 1552 4153 Septemb.
1584 4084 1793 4139 futura
1819 4087 1926 4141 ter-

296 4167 389 4222 tia
416 4168 651 4223 decima
680 4168 1008 4227 indictionis
1034 4173 1265 4229 effectui
1294 4176 1636 4248 mancipari,
1667 4179 1926 4235 observa-

294 4260 457 4332 rique
484 4266 775 4333 procuret,
819 4269 993 4337 atque
1031 4267 1228 4323 edictis
1263 4269 1503 4339 publicis
1539 4272 1807 4326 omnibus
1836 4273 1922 4327 in-

293 4357 569 4422 notescat,
616 4356 723 4424 his,
774 4357 1005 4425 scilicet,
1060 4360 1158 4431 qui
1208 4361 1451 4417 ordinati
1499 4363 1713 4418 fuerint
1750 4381 1784 4418 a
1828 4368 1926 4420 tua

2037 2029 2353 2102 providerit
2371 2032 2471 2083 tua
2492 2028 2855 2101 magnitudo,
2880 2028 2951 2082 de
2977 2027 3254 2099 militibus
3271 2043 3389 2081 una
3411 2044 3541 2083 cum
3569 2028 3667 2082 tri-

2036 2123 2190 2177 buno
2216 2139 2318 2178 suo
2340 2122 2576 2177 homine
2597 2122 2902 2193 prudente,
2932 2124 2992 2176 et
3013 2120 3378 2175 devotionem
3404 2126 3665 2175 servante

2035 2216 2364 2287 reipublica
2389 2220 2740 2287 nostra,per
2753 2214 2945 2269 omnia
2965 2213 3295 2280 constituas,
3320 2213 3417 2284 qui
3448 2214 3666 2285 possint

2035 2315 2092 2365 et
2117 2309 2303 2380 ipsum
2322 2309 2625 2379 trajectum
2652 2324 2880 2378 semper
2908 2323 3155 2374 servare,
3180 2312 3237 2362 et
3262 2306 3475 2374 omnia,
3506 2297 3660 2378 qua-

2035 2419 2260 2474 cunque
2280 2402 2339 2456 in
2370 2402 2623 2473 partibus
2653 2400 2961 2473 Hispania,
2990 2402 3079 2455 vel
3108 2400 3327 2467 Gallia,
3359 2417 3459 2455 seu
3490 2401 3661 2455 Fran-

2034 2512 2235 2551 corum
2261 2500 2529 2567 aguntur,
2558 2495 2679 2551 viro
2709 2494 3005 2566 spectabili
3034 2493 3163 2548 duci
3209 2494 3568 2559 denuntiare,
3600 2499 3668 2548 ut

2032 2590 2154 2661 ipse
2183 2593 2296 2644 tua
2321 2588 2709 2661 magnitudini
2736 2589 2965 2643 referat.
2986 2590 3048 2643 In
3076 2603 3187 2659 quo
3218 2587 3460 2657 trajectu
3488 2587 3661 2641 etiam

2032 2683 2354 2750 dromones,
2401 2687 2649 2754 quantos
2695 2681 3026 2753 provideris,
3069 2680 3324 2736 ordinari
3372 2680 3562 2735 facias.
3595 2711 3662 2721 —

2032 2776 2063 2849 §
2092 2780 2142 2832 3.
2176 2779 2238 2831 In
2267 2776 2530 2832 Sardinia
2556 2780 2748 2831 autem
2771 2775 3045 2845 jubemus
3070 2766 3276 2829 ducem
3304 2773 3579 2841 ordinari,
3605 2780 3663 2830 et

2033 2886 2166 2924 eum
2180 2870 2341 2940 juxta
2359 2873 2604 2936 montes,
2625 2869 2723 2924 ubi
2748 2868 3064 2923 barbarica
3082 2871 3279 2939 gentes
3297 2865 3562 2922 videntur
3582 2884 3665 2922 se-

2031 2963 2184 3031 dere,
2212 2963 2522 3018 habentem
2539 2962 2748 3018 milites
2768 2978 2872 3033 pro
2895 2960 3153 3016 custodia
3173 2961 3453 3030 locorum,
3479 2977 3662 3032 quan-

1948 3096 2003 3171 Ο
2031 3059 2120 3112 tos
2145 3060 2203 3113 et
2224 3056 2303 3111 ibi
2329 3060 2426 3112 tua
2452 3055 2796 3127 magnitudo
2826 3053 3157 3127 providerit.

2099 3152 2129 3225 §
2155 3152 2208 3205 4.
2242 3152 2309 3205 Et
2334 3166 2534 3205 omnes
2569 3149 2880 3220 diligenter
2910 3165 3013 3220 pro
3045 3148 3365 3203 commissis
3396 3163 3514 3203 sua
3555 3166 3655 3204 cu-

2028 3243 2229 3298 stodia
2248 3242 2553 3314 provinciis
2580 3242 2899 3311 invigilent,
2929 3244 2985 3294 et
3011 3241 3082 3294 ab
3111 3239 3270 3294 omni
3301 3240 3551 3294 hostium
3577 3241 3662 3296 in-

2028 3335 2292 3390 cursione
2318 3335 2603 3404 subjectos
2623 3336 2850 3387 nostros
2876 3336 3145 3387 tueantur
3166 3332 3389 3399 illasos,
3422 3338 3480 3388 et
3505 3334 3661 3389 festi-

2028 3432 2171 3483 nent
2194 3427 2285 3483 die
2315 3431 2595 3499 nocteque
2622 3427 2726 3482 Dei
2750 3426 3068 3481 invocando
3100 3424 3397 3494 auxilium,
3430 3432 3487 3481 et
3519 3427 3651 3482 dili-

2027 3525 2230 3592 genter
2274 3520 2610 3590 laborando,
2645 3536 2826 3591 usque
2869 3519 2941 3574 ad
2988 3519 3112 3574 illos
3148 3520 3291 3574 ﬁnes
3341 3520 3658 3591 provincias

2025 3614 2319 3670 Africanas
2349 3614 2680 3682 extendere,
2721 3612 2817 3668 ubi
2845 3616 2977 3668 ante
3005 3612 3355 3669 invasionem
3382 3614 3660 3670 Vandalo-

2025 3725 2158 3763 rum
2185 3713 2243 3763 et
2255 3710 2579 3764 Maurorum
2592 3707 2913 3779 respublica
2926 3708 3188 3763 Romana
3209 3708 3354 3762 ﬁnes
3374 3707 3659 3763 habuerat

2028 3804 2086 3856 et
2104 3800 2202 3856 ubi
2230 3802 2489 3857 custodes
2513 3800 2736 3872 antiqui
2764 3800 3086 3868 servabant,
3117 3800 3265 3855 sicut
3294 3817 3359 3856 ex
3381 3801 3658 3856 clausuris

2027 3899 2086 3949 et
2106 3896 2306 3968 burgis
2335 3894 2688 3961 ostenditur;
2732 3894 2979 3949 maxime
3004 3899 3198 3951 autem
3231 3894 3486 3951 civitates
3526 3912 3657 3968 qua

2024 4006 2202 4061 prope
2237 3991 2527 4045 clausuras
2563 3991 2621 4044 et
2649 3989 2794 4043 fines
2821 3991 2987 4044 antea
3009 3989 3374 4057 tenebantur,
3408 4006 3539 4044 cum
3568 4006 3655 4045 es-

2025 4086 2154 4138 sent
2172 4085 2274 4139 sub
2305 4085 2565 4139 Romano
2600 4083 2850 4154 imperio
2871 4083 3213 4147 constituta,
3244 4081 3547 4137 auxiliante
3579 4083 3659 4136 di-
3688 4130 3697 4137 .

2027 4178 2156 4233 vina
2170 4177 2580 4243 misericordia,
2601 4192 2729 4230 cum
2742 4176 2935 4229 hostes
2948 4192 3053 4245 per
3065 4177 3257 4245 partes
3270 4174 3655 4246 expelluntur,

2028 4271 2298 4327 festinent
2325 4268 2837 4341 comprehendere,
2870 4271 3041 4338 atque
3066 4267 3329 4334 munire;
3360 4272 3418 4323 et
3454 4267 3514 4322 in
3545 4268 3657 4323 illis

2027 4364 2195 4418 duces
2207 4366 2265 4416 et
2283 4361 2493 4417 milites
2512 4378 2616 4433 per
2627 4365 2822 4433 partes
2834 4361 3129 4428 accedant,
3150 4360 3249 4415 ubi
3262 4363 3431 4416 antea
3441 4360 3584 4415 fines
3600 4367 3658 4417 et

296 4448 647 4503 sublimitate
693 4450 1009 4505 secundum
1040 4458 1383 4523 prasentem
1425 4454 1673 4511 divinam
1714 4458 1924 4513 consti-
1944 4461 2004 4533 Ι)
2027 4457 2298 4511 clausura
2324 4454 2743 4527 provinciarum
2773 4457 2960 4523 erant,
2992 4454 3221 4526 quando
3251 4454 3495 4526 integra
3519 4455 3657 4510 Afri-

294 4541 601 4612 tutionem,
634 4542 965 4599 firmitatem
991 4545 1080 4600 sui
1108 4548 1288 4602 status
1312 4547 1368 4602 in
1398 4552 1675 4620 perpetuo
1704 4550 1925 4608 habitu-

294 4635 390 4689 ris.
419 4636 565 4691 Nam
597 4637 710 4691 Deo
734 4637 972 4708 juvante
1000 4638 1070 4694 de
1098 4640 1440 4696 militaribus
1452 4643 1739 4713 judicibus
1765 4647 1823 4699 et
1853 4646 1924 4700 de

296 4728 499 4783 ofﬁciis
529 4745 745 4799 eorum,
776 4733 835 4785 et
864 4731 934 4786 de
965 4732 1075 4788 alio
1106 4737 1298 4790 nostro
1330 4736 1579 4792 exercitu
1605 4753 1710 4809 per
1755 4738 1926 4794 aliam

297 4823 657 4879 sanctionem
686 4827 1023 4882 statuemus.
1058 4828 1185 4883 Dat.
1226 4829 1651 4904 Constantinop.
1680 4832 1927 4889 Domino

296 4920 491 4973 nostro
514 4918 836 4975 Iustiniano
862 4921 921 4974 P.
948 4922 1008 4976 P.

997 5014 1125 5072 LEX
1157 5016 1221 5072 II.

367 5103 525 5160 Idem
559 5108 846 5177 Augustus
890 5107 1160 5165 Belisario
1212 5110 1491 5183 magistro
1536 5111 1785 5168 militum
1823 5129 1929 5185 per

296 5198 611 5254 Orientem.
688 5215 695 5223 '

369 5293 428 5346 In
460 5293 693 5349 nomine
741 5295 967 5349 Domini
1006 5297 1185 5352 nostri
1215 5300 1348 5354 Iesu
1390 5299 1596 5355 Christi
1625 5301 1699 5355 ad
1731 5302 1929 5357 omnia

298 5386 537 5441 consilia
566 5403 881 5459 omnesque
911 5392 1069 5444 actus
1091 5407 1317 5464 semper
1347 5394 1750 5465 progredimur
1778 5412 1792 5462 ;
1825 5412 1929 5467 per

296 5481 486 5552 ipsum
517 5481 671 5536 enim
701 5480 837 5552 jura
852 5482 1079 5554 imperii
1096 5486 1472 5558 suscepimus,
1494 5503 1600 5559 per
1622 5488 1812 5559 ipsum
1838 5505 1929 5561 pa-

298 5589 423 5629 cem
445 5590 575 5629 cum
592 5576 772 5632 Persis
798 5576 857 5632 in
882 5579 1166 5634 atemum
1194 5579 1678 5649 conﬁrmavimus,
1710 5599 1814 5653 per
1838 5583 1924 5656 ip-

298 5685 424 5723 sum
451 5669 845 5725 acerbissimos
872 5671 1064 5726 hostes
1093 5676 1150 5737 et
1167 5672 1507 5731 fortissimos
1536 5680 1813 5747 tyrannos
1835 5676 1931 5730 de-

292 5762 555 5834 jecimus,
570 5765 876 5837 peripsum
899 5766 1109 5822 multas
1126 5766 1490 5825 difﬁcultates
1514 5770 1927 5843 superavimus,

2025 4566 2183 4605 cana
2210 4549 2585 4606 servabantur
2613 4542 2717 4603 s’ub
2749 4549 3008 4603 Romano
3041 4546 3283 4618 imperio
3327 4547 3653 4620 provincia,

2026 4643 2182 4716 quod
2193 4644 2311 4699 Deo
2321 4646 2611 4698 annuente
2625 4642 2730 4713 (cuj
2740 4659 2804 4696 ns
2814 4641 3025 4696 auxilio
3037 4641 3202 4697 nobis
3216 4640 3492 4696 restituta
3505 4642 3655 4714 sunt)

2026 4752 2327 4809 speramus
2352 4736 2464 4791 cito
2493 4735 2702 4791 nostris
2732 4735 3033 4806 provenire
3081 4734 3438 4806 temporibus
3461 4752 3479 4803 ;
3513 4739 3571 4790 et
3597 4738 3659 4789 ut

2026 4831 2086 4886 in
2111 4830 2414 4885 securitate
2441 4833 2498 4884 et
2524 4846 2664 4901 pace
2686 4829 2994 4901 provincia
3020 4845 3153 4884 cum
3177 4827 3427 4899 antiquis
3448 4828 3658 4883 ﬁnibus

2028 4924 2269 4996 integra
2296 4926 2616 4991 serventur,
2642 4926 2700 4978 et
2718 4922 2928 4995 vigiliis
2951 4939 3016 4977 ac
3045 4922 3336 4977 laboribus
3363 4922 3657 4977 devotissi-

2026 5034 2256 5074 morum
2286 5018 2557 5087 militum,
2591 5021 2649 5073 et
2678 5033 2816 5072 cura
2842 5015 3241 5089 spectabilium
3268 5032 3372 5088 pro
3393 5019 3657 5089 tempore

2028 5114 2247 5168 Ducum
2267 5111 2664 5167 custodiantur
2682 5111 2891 5181 illasa,
2908 5110 3185 5182 quoniam
3205 5110 3286 5165 ita
3311 5110 3580 5166 convenit
3594 5114 3658 5165 ut

2028 5223 2256 5278 semper
2298 5206 2562 5261 custodes
2598 5204 2739 5261 ﬁnes
2768 5204 3072 5277 provincia
3100 5208 3347 5273 servent,
3387 5222 3460 5260 ne
3490 5205 3659 5260 detur

2029 5300 2283 5356 hostibus
2306 5300 2537 5355 licentia
2557 5298 2887 5354 incurrendi
2905 5303 3005 5355 aut
3019 5299 3354 5355 devastandi
3382 5299 3501 5353 loca
3527 5312 3657 5366 qua

2030 5394 2208 5450 nostri
2227 5394 2467 5465 subjecti
2508 5393 2821 5464 possident.
2841 5425 2909 5433 —
2925 5392 2955 5466 §
2974 5397 3024 5448 5.
3041 5393 3298 5458 Quantos
3328 5395 3520 5445 autem
3545 5389 3655 5444 mi-

2027 5488 2171 5555 lites,
2204 5487 2320 5542 sive
2348 5486 2587 5558 pedites,
2625 5487 2739 5542 sive
2771 5487 3009 5560 equites,
3047 5503 3151 5558 per
3180 5498 3657 5554 unumquemque

2026 5581 2270 5637 limitem
2286 5580 2555 5637 collocari
2575 5584 2800 5653 oportet
2820 5581 2893 5637 ad
2916 5576 3314 5636 custodiendas
3337 5574 3659 5648 provincias

2030 5675 2374 5743 etcivitates,
2400 5680 2498 5731 tua
2514 5675 2875 5748 magnitudo,
2902 5676 3071 5745 prout
3090 5668 3553 5735 consideraverit,
3572 5686 3661 5725 or-

2029 5769 2190 5827 dinet
2216 5774 2276 5826 et
2294 5770 2460 5827 nobis
2485 5770 2717 5841 referat,
2746 5775 2809 5825 ut
2835 5768 2882 5824 si
2906 5764 3338 5839 praviderimus
3364 5762 3657 5821 sufﬁcien-
