4076 6186
413 207 548 260 1107

1569 202 1822 259 SECULI
1863 203 2056 258 SEXTI
2093 203 2651 264 SUPPLEMENTUM.

3638 217 3779 272 1108
3811 223 3824 234 ’

399 315 520 368 tem
548 327 671 368 esse
699 310 1153 378 ordinationem,
1191 309 1602 366 confirmemus
1628 328 1796 379 eam;
1824 312 1912 368 sin
1937 330 2034 368 au-
2053 323 2113 398 Α
2133 315 2444 370 necessitas
2469 315 2792 384 emerserit,
2819 315 2925 372 viri
2957 315 3300 390 spectabiles
3325 319 3500 375 duces
3525 320 3777 380 invicem

397 404 521 457 tem
552 399 970 473 perspeximus,
1000 405 1058 454 et
1087 398 1306 470 aliquid
1338 400 1586 472 amplius
1619 401 1766 468 ﬁeri,
1811 404 1873 456 ut
1898 419 2032 460 eam

400 497 860 566 augmentemus.
876 523 943 532 —
963 491 993 566 §
1017 495 1070 548 6.
1087 492 1236 558 Quid
1253 496 1450 548 autem
1476 493 1588 548 dux
1612 495 2033 566 stipendiorum

342 607 347 613 ·
401 589 640 644 nomine
671 603 772 660 pro
797 602 856 640 se
877 585 1108 657 suisque
1128 585 1482 655 hominibus,
1503 590 1562 641 et
1580 587 1718 659 quid
1745 589 1870 659 ejus
1903 590 2028 646 offi-

399 681 551 737 cium
572 682 972 751 consequetur,
997 678 1186 734 hocin
1208 679 1438 734 subdita
1459 680 1784 736 declaratur
1809 683 2029 739 notitia.

401 775 511 848 --§
537 779 587 829 7.
604 774 756 830 Sicut
775 789 916 845 ergo
937 772 1277 845 praadictum
1298 776 1403 841 est,
1431 773 1664 829 interim
1685 791 1837 830 nunc
1859 777 2034 832 duces

398 886 464 924 ac
511 867 723 922 milites
753 867 1072 922 secundum
1121 873 1377 923 nostram
1415 867 1846 940 dispositionem
1873 871 2030 940 locis,

399 979 498 1018 seu
523 961 864 1029 civitatibus,
911 961 972 1016 in
998 961 1208 1034 quibus
1237 960 1536 1033 jussimus,
1567 962 1821 1032 sedeant,
1849 964 2033 1020 donec

395 1056 515 1111 Deo
537 1054 843 1110 auxiliante
874 1055 1041 1110 nobis
1071 1072 1137 1110 ac
1165 1054 1492 1126 reipublicae
1507 1057 1720 1110 nostrae
1749 1073 1854 1128 per
1879 1057 2031 1114 labo-

395 1166 484 1204 res
512 1153 740 1204 nostros
769 1149 828 1203 in
857 1147 969 1203 illis
995 1148 1135 1203 locis
1163 1148 1427 1203 constitui
1457 1148 1698 1220 possint,
1733 1149 1794 1204 in
1822 1151 2031 1222 quibus

391 1243 842 1314 uniuscujusque
869 1241 1177 1314 provinciae
1198 1242 1467 1314 antiquus
1493 1241 1661 1297 limes
1688 1243 2030 1300 constitutus

394 1340 538 1404 erat,
567 1337 800 1409 quando
821 1336 1066 1391 ﬂorente
1096 1337 1359 1390 Romana
1379 1335 1671 1409 republica
1695 1342 2030 1394 memoratae

398 1429 708 1503 provincia:
731 1429 974 1501 integra
990 1429 1356 1484 tenebantur.
1376 1461 1444 1470 —
1465 1428 1495 1501 §
1520 1431 1572 1486 8.
1595 1431 1702 1486 Pro
1719 1431 2028 1488 limitaneis

395 1541 531 1580 vero
559 1523 890 1579 ordinandis
920 1523 1309 1578 necessarium
1343 1522 1507 1578 nobis
1538 1541 1662 1578 esse
1689 1524 1936 1593 videtur,
1967 1531 2030 1582 ut

395 1621 554 1674 extra
579 1616 987 1672 comitatenses
1015 1615 1244 1685 milites,
1273 1616 1370 1687 qui
1400 1633 1504 1688 per
1528 1623 1714 1672 castra
1745 1624 1895 1688 sunt,
1923 1621 2028 1675 mi-

2137 407 2264 478 sibi,
2309 409 2543 482 quando
2578 426 2714 466 usus
2744 411 3016 483 exegerit,
3051 411 3326 467 auxilium
3360 414 3678 486 praebeant,
3713 422 3777 473 ut

2137 503 2470 576 provinciae,
2511 520 2612 558 seu
2653 503 2864 578 limites
2906 521 3106 560 eorum
3133 505 3343 578 vigiliis
3384 510 3442 562 et
3481 508 3774 566 laboribus

2136 575 2274 668 (Deo
2293 596 2547 668 juvante)
2579 575 3182 654 illaesi'custodiantur.
3201 575 3273 639 7—-
3303 598 3334 671 §
3363 603 3448 656 11.
3483 600 3643 657 Sicut
3667 620 3770 659 au-

2133 693 2256 745 tem
2275 689 2550 761 jubemus
2573 690 2820 746 audaces
2847 693 2906 746 et
2932 691 3152 746 feroces
3168 695 3370 747 contra
3396 693 3663 751 inimicos
3681 697 3771 768 ju-

2137 783 2291 840 dices
2319 801 2385 840 ac
2414 783 2628 840 milites
2653 788 2880 840 nostros
2905 801 3049 852 esse,
3077 785 3157 840 sic
3182 787 3444 843 volumus
3471 804 3570 843 eos
3599 790 3774 847 mites

2133 881 2190 934 et
2216 877 2528 933 benevolos
2545 877 2697 933 circa
2725 879 3024 935 collatores
3049 883 3279 935 nostros
3299 880 3772 950 existere,etnul-

2131 973 2253 1028 lum
2283 972 2582 1040 damnum,
2615 971 2951 1044 nullamque
2982 972 3272 1028 laesionem
3300 974 3359 1030 in
3386 991 3486 1030 eos
3517 977 3767 1033 efﬁcere.

2133 1065 2233 1122 Sin
2256 1070 2451 1120 autem
2473 1065 2781 1138 quisquam
2804 1065 2875 1120 de
2896 1065 3354 1122 militibusausus
3377 1069 3552 1125 fuerit
3568 1087 3771 1142 quam-

2131 1176 2358 1232 cunque
2377 1159 2673 1214 lesiouem
2688 1159 3006 1214 tributariis
3022 1160 3232 1215 nostris
3254 1160 3489 1230 inferre,
3508 1164 3766 1234 periculo

2130 1253 2234 1308 viri
2278 1252 2601 1326 spectabilis
2636 1252 2794 1308 ducis
2822 1269 2921 1308 seu
2949 1252 3164 1308 tribuni
3193 1259 3253 1308 et
3278 1255 3552 1328 principis
3587 1257 3767 1328 digna

2129 1346 2380 1402 vindicta
2410 1346 2712 1414 afficiatur,
2739 1351 2803 1402 ut
2825 1345 3128 1401 indemnes
3148 1347 3435 1403 tributarii
3462 1351 3644 1404 nostri
3673 1368 3768 1406 cu-

2130 1441 2474 1496 stodiantur.
2507 1471 2574 1480 —
2604 1439 2635 1512 §
2681 1442 2766 1494 12.
2800 1439 2860 1496 Si
2889 1456 3024 1495 vero
3052 1456 3156 1511 pro
3196 1440 3541 1512 quibusdam
3578 1445 3766 1500 causis

2127 1533 2515 1606 interpellatio
2547 1533 2699 1606 apud
2719 1538 2942 1588 nostros
2957 1533 3183 1604 judices
3209 1534 3360 1588 facta
3389 1536 3583 1604 fuerit,
3597 1537 3766 1606 jube-

2127 1643 2257 1682 mus
2284 1643 2400 1682 non
2421 1625 2668 1698 amplius
2692 1627 3074 1697 sportularum
3106 1626 3337 1682 nomine
3355 1644 3532 1699 quam
3549 1631 3766 1685 nostris

391 1709 820 1766 liteslimitanei
846 1709 1287 1778 constituantur,
1307 1710 1405 1782 qui
1430 1709 1651 1782 possint
1667 1714 1725 1766 et
1747 1716 1952 1781 castra,
1969 1718 2026 1769 et
2046 1693 2102 1766 Β
2126 1720 2350 1792 legibus
2382 1693 2684 1775 definitum
2720 1693 2806 1776 est
2831 1724 3188 1776 exsecutores
3216 1693 3498 1792 accipere,
3527 1739 3762 1794 pugnam

393 1803 629 1861 civitatis
653 1803 864 1858 limites
885 1802 1220 1872 defendere,
1245 1807 1302 1858 et
1321 1806 1500 1858 terras
1527 1805 1737 1876 colere,
1761 1810 1819 1861 et
1845 1809 1907 1861 ut
1926 1807 2025 1862 alii

391 1895 767 1970 provinciales
794 1896 1056 1952 videntes
1081 1912 1180 1952 eos
1208 1913 1314 1968 per
1338 1901 1552 1969 partes,
1585 1897 1659 1952 ad
1688 1898 1786 1953 illa
1811 1900 1934 1955 loca
1963 1917 2023 1955 se

392 1992 712 2047 conferant.
727 1991 795 2046 Et
818 1990 1146 2062 exemplum
1167 1990 1409 2045 fecimus
1429 1991 1598 2046 unius
1624 1993 1854 2048 numeri
1876 1993 2026 2049 limi-

391 2089 716 2152 taneorum,
744 2088 806 2138 ut
836 2083 1152 2138 secundum
1180 2083 1510 2156 exemplum
1543 2084 1700 2156 quod
1723 2101 1830 2141 nos
1860 2086 2021 2142 misi-

395 2195 522 2234 mus
533 2180 835 2250 percastra
851 2177 1043 2233 etloca
1063 2193 1192 2249 quas
1210 2177 1527 2249 providerit
1538 2181 1635 2233 tua
1656 2179 2020 2252 magnitudo,

391 2289 490 2326 eos
517 2271 590 2326 ad
615 2269 1052 2326 similitudinem
1077 2271 1257 2326 nostri
1283 2271 1530 2342 exempli
1557 2271 1812 2340 ordinet;
1836 2273 1915 2328 sic
1943 2277 2024 2329 ta-

387 2380 542 2430 men,
572 2370 638 2420 ut
662 2364 710 2418 si
739 2363 1024 2418 inveneris
1053 2363 1124 2417 de
1170 2363 1475 2435 provinciis
1509 2355 1724 2420 idonea
1756 2382 2019 2438 corpora,

388 2464 486 2514 aut
510 2459 581 2513 de
608 2457 714 2512 illis
744 2474 888 2529 quos
915 2461 1087 2512 antea
1114 2457 1325 2512 milites
1353 2458 1660 2526 habebant,
1690 2459 2017 2516 limitaneo-

389 2569 517 2608 rum
545 2551 859 2607 constituas
885 2550 944 2606 in
973 2566 1240 2619 numero,
1259 2551 1318 2606 in
1344 2567 1696 2625 unoquoque
1723 2552 1924 2624 limite,
1960 2558 2024 2610 ut

389 2651 434 2704 si
456 2647 901 2722 aliquaforsitan
917 2648 1230 2704 commotio
1251 2649 1444 2718 fuerit,
1465 2649 1682 2721 possint
1693 2650 1802 2722 ipsi
1818 2651 2022 2708 limita-

389 2745 485 2799 nei
509 2744 633 2798 sine
659 2742 1124 2798 comitatensibus
1155 2741 1454 2811 militibus,
1487 2760 1603 2799 una
1627 2761 1757 2800 cum
1783 2746 2020 2802 ducibus

388 2841 502 2896 suis
540 2841 811 2914 adjuvare
845 2841 990 2908 loca,
1018 2840 1116 2896 ubi
1149 2839 1407 2913 dispositi
1438 2841 1672 2910 fuerint,
1703 2859 1821 2898 non
1847 2845 2019 2916 longe

387 2939 634 2996 limitem
660 2943 952 3008 exeuntes,
983 2955 1088 2993 nec
1117 2938 1225 3010 ipsi
1253 2937 1560 3008 limitanei,
1587 2957 1692 2996 nec
1720 2940 1892 2997 duces
1919 2959 2016 2999 eo-

385 3048 540 3103 rum,
574 3037 632 3086 et
671 3032 892 3086 nullum
939 3031 1115 3086 etiam
1165 3030 1526 3102 dispendium
1560 3051 1594 3088 a
1638 3035 1893 3103 ducibus,
1929 3036 2094 3138 velC

386 3129 645 3186 ducianis
673 3129 931 3202 pradicti
972 3128 1258 3184 limitanei
1295 3129 1631 3199 sustineant,
1661 3148 1768 3187 nec
1799 3132 2018 3204 aliquas

386 3223 492 3279 sibi
515 3222 960 3280 consuetudines
975 3222 1047 3277 de
1069 3239 1270 3278 eorum
1298 3221 1593 3296 stipendiis
1619 3241 1722 3296 per
1750 3226 2019 3282 fraudem

386 3320 459 3374 ad
475 3334 643 3374 suum
668 3318 892 3372 lucrum
911 3320 1267 3374 convertant.
1298 3318 1428 3373 Rrec
1455 3322 1649 3374 autem
1680 3336 1798 3375 non
1831 3321 2016 3376 solum

382 3413 444 3468 in
465 3410 792 3466 limitaneos
809 3411 1073 3466 volumus
1099 3409 1411 3479 observari,
1428 3411 1528 3466 sed
1560 3411 1735 3467 etiam
1767 3413 1826 3468 in
1842 3414 2019 3469 comi-

383 3510 636 3561 tatenses
663 3503 894 3560 milites.
915 3536 982 3545 —
1005 3502 1036 3577 §
1062 3507 1116 3558 9.
1139 3507 1208 3560 Et
1239 3520 1710 3576 unumquemque
1731 3505 1940 3562 ducem
1959 3511 2018 3562 et

382 3599 644 3655 tribunos
692 3597 1031 3653 eorumdem
1070 3596 1321 3652 militum
1357 3596 1650 3668 jubemus,
1684 3601 1748 3653 ut
1787 3617 2018 3672 semper

383 3692 594 3748 milites
620 3691 690 3747 ad
722 3691 1189 3747 exercitationem
1211 3707 1507 3746 armorum
1535 3693 1792 3760 teneant,
1816 3696 1874 3747 et
1897 3710 2016 3750 non

385 3785 706 3840 concedant
731 3801 826 3839 eos
845 3783 1118 3854 divagari,
1140 3785 1208 3839 ut
1225 3783 1270 3838 si
1289 3783 1522 3856 quando
1552 3784 1859 3840 necessitas
1875 3802 2012 3842 con-

381 3875 832 3948 tigerit,possint
856 3875 1103 3930 inimicis
1121 3875 1408 3945 resistere,
1436 3879 1493 3931 et
1519 3877 1742 3932 nullum
1765 3879 2019 3935 audeant

385 3971 558 4026 duces
583 3974 684 4025 aut
719 3968 937 4024 tribuni
963 3969 1406 4024 commeatalem
1437 3970 1507 4024 de
1541 3969 1679 4042 ipsis
1702 3971 2013 4042 dimittere,

383 4081 478 4132 ne,
512 4063 650 4119 dum
671 4063 780 4118 sibi
804 4064 1026 4118 lucrum
1057 4061 1291 4118 student
1319 4063 1623 4132 conficere,
1641 4063 2015 4122 incustoditas

383 4161 608 4214 nostras
639 4157 968 4230 relinquant
1002 4156 1340 4229 provincias.
1371 4157 1513 4212 Nam
1540 4157 1588 4212 si
1615 4159 2016 4231 usurpaverint

382 4251 694 4308 memorati
715 4252 906 4318 duces,
924 4251 1014 4306 vel
1031 4250 1222 4306 officia
1245 4266 1469 4319 eorum,
1485 4267 1586 4306 seu
1610 4251 2016 4323 tribuni,com-

379 4345 691 4402 meatalem
705 4346 775 4400 de
788 4345 1064 4400 militibus
1076 4345 1420 4417 relinquere,
1440 4351 1540 4401 aut
1549 4345 1782 4418 aliquod
1793 4347 2015 4404 lucrum

2127 1814 2344 1870 eisdem
2377 1814 2602 1886 legibus
2651 1813 2927 1868 insertam
2967 1830 3033 1868 ex
3061 1815 3514 1886 transgressione
3553 1817 3758 1872 formi-

2125 1908 2351 1964 dantes.

2195 2001 2226 2074 §
2255 2005 2339 2057 13.
2369 2003 2513 2058 Cum
2550 2004 2744 2056 autem
2771 2001 2888 2056 Deo
2921 2006 3210 2057 annuente
3235 2003 3520 2058 Africanae
3549 2011 3761 2062 nostra:

2125 2095 2432 2168 provinciae
2463 2110 2568 2166 per
2591 2099 2751 2150 tuam
2783 2093 3268 2165 magnitudinem,
3301 2097 3618 2154 secundum
3649 2117 3758 2154 no-

2124 2195 2302 2246 stram
2313 2187 2748 2260 dispositionem
2764 2188 3064 2256 ordinatae,
3079 2193 3138 2244 et
3161 2189 3370 2244 limites
3381 2190 3438 2245 in
3451 2192 3758 2264 antiquum

2124 2286 2336 2338 statum
2382 2282 2622 2349 reducti,
2658 2286 2716 2336 et
2746 2282 2935 2337 omnis
2979 2283 3170 2338 Africa
3200 2283 3279 2338 sic
3306 2284 3540 2341 detenta
3582 2287 3761 2344 fuerit

2123 2377 2267 2433 sicut
2293 2382 2435 2445 erat,
2466 2393 2597 2431 cum
2623 2392 2762 2447 ergo
2795 2375 2916 2431 haec
2935 2377 3133 2432 omnia
3160 2377 3299 2448 (Deo
3317 2379 3572 2450 juvante)
3595 2398 3755 2453 pra;-

2123 2475 2282 2528 sente
2310 2475 2412 2526 tua
2436 2469 2836 2543 magnitudine
2852 2469 3128 2542 disposita
3145 2476 3204 2527 et
3230 2472 3489 2543 perfecta
3515 2474 3754 2545 fuerint,

2121 2567 2181 2621 et
2201 2581 2307 2637 per
2329 2565 2556 2621 labores
2581 2569 2707 2621 tuos
2738 2563 3038 2639 [antiquos]
3069 2564 3214 2620 ﬁnes
3235 2581 3440 2622 omnes
3459 2567 3650 2624 Africa
3669 2586 3758 2624 re-

2121 2659 2356 2731 ceperit,
2390 2664 2448 2715 et
2475 2659 2739 2715 docuerit
2765 2677 2872 2715 nos
2898 2659 2968 2714 de
3001 2659 3162 2714 omni
3191 2659 3550 2716 ordinatione
3578 2663 3758 2717 totius

2117 2752 2404 2808 Africanae
2426 2753 2757 2821 dimceseos,
2784 2752 2845 2810 id
2873 2758 2976 2820 est,
2997 2753 3200 2826 quanti
3229 2756 3288 2808 et
3308 2754 3408 2824 qui
3436 2754 3671 2822 milites,
3695 2757 3755 2811 in

2121 2845 2499 2918 quibuslocis,
2528 2847 2615 2902 vel
2641 2845 2962 2902 civitatibus
2987 2845 3277 2902 constituti
3300 2851 3451 2917 sunt,
3468 2853 3526 2902 et
3550 2850 3758 2919 quanti

2119 2939 2422 3009 limitanei,
2454 2943 2512 2996 et
2540 2941 2599 2996 in
2620 2940 2827 3014 quibus
2850 2940 2989 2997 locis
3009 2946 3066 2996 et
3082 2939 3300 2996 militiis
3319 2941 3586 2996 collocati
3597 2945 3754 3010 sunt,

2121 3035 2258 3089 tunc
2275 3033 2548 3105 jubemus
2572 3037 2734 3090 tuam
2761 3033 3223 3106 magnitudinem
3255 3033 3328 3089 ad
3357 3039 3614 3090 nostram
3635 3037 3753 3091 cle-

2120 3122 2399 3178 mentiam
2429 3139 2712 3178 remeare.
2744 3155 2813 3164 —
2843 3122 2874 3196 §
2907 3124 2990 3178 14.
3026 3125 3251 3178 Interea
3277 3139 3413 3179 vero
3449 3123 3496 3179 si
3527 3125 3755 3198 aliquas

2117 3216 2368 3272 civitates
2383 3233 2485 3272 seu
2507 3216 2738 3273 castella
2757 3234 2863 3289 per
2880 3215 3090 3274 limites
3113 3217 3420 3274 constituta
3434 3218 3755 3290 providerit

2117 3313 2218 3365 tua
2246 3310 2588 3382 magnitudo
2608 3309 2803 3366 nimiae
2829 3327 2952 3366 esse
2975 3310 3412 3383 magnitudinis,
3436 3316 3494 3368 et
3511 3317 3756 3386 prapter

2116 3404 2225 3460 hoc
2249 3421 2366 3460 non
2393 3421 2563 3477 posse
2588 3404 2738 3461 bene
2769 3404 3062 3472 custodiri,
3097 3405 3168 3461 ad
3200 3406 3374 3461 talem
3405 3405 3651 3462 modum
3682 3425 3754 3464 ea

2116 3499 2368 3555 construi
2390 3499 2676 3570 disponat,
2693 3503 2755 3555 ut
2767 3499 2987 3572 possint
3005 3516 3110 3571 per
3127 3515 3340 3571 paucos
3349 3499 3500 3556 bene
3510 3504 3749 3558 servari.

2116 3623 2184 3633 —
2209 3591 2240 3665 §
2273 3595 2354 3647 15.
2379 3593 2520 3649 Cum
2547 3595 2740 3648 autem
2761 3592 3100 3666 magnitudo
3127 3596 3245 3662 tua,
3271 3593 3534 3650 omnibus
3561 3595 3754 3668 dispo-

2115 3685 2256 3754 sitis,
2273 3685 2345 3741 ad
2369 3703 2474 3742 nos
2498 3703 2760 3742 remeare
2773 3687 2934 3757 jussa
2953 3686 3144 3756 fuerit,
3175 3690 3312 3743 tunc
3343 3687 3514 3744 duces
3545 3690 3747 3745 unius-

2115 3779 2389 3852 cujusque
2421 3779 2648 3850 limitis;
2685 3779 2908 3852 quoties
2937 3797 3041 3853 pro
3069 3782 3485 3854 componendis
3507 3782 3754 3840 civitati-

2113 3873 2239 3942 bus,
2275 3878 2375 3929 aut
2402 3874 2618 3943 castris,
2647 3877 2706 3929 et
2739 3891 2843 3946 pro
2871 3874 3183 3946 dispendiis
3207 3875 3342 3944 suis,
3375 3879 3475 3932 aut
3498 3893 3604 3948 pro
3637 3894 3745 3934 an-

2115 3967 2285 4024 nonis
2327 3965 2562 4040 aliquod
2607 3985 2752 4040 opus
2797 3968 3127 4038 habuerint,
3158 3969 3399 4026 celerius
3441 3970 3514 4026 ad
3554 3971 3746 4028 virum

2113 4059 2489 4134 magniﬁcum
2529 4061 2865 4133 prmfectum
2894 4079 2998 4134 per
3025 4062 3280 4119 Africam
3310 4062 3655 4136 significent,
3685 4071 3752 4122 ut

2111 4155 2235 4228 ipse
2259 4172 2388 4228 qua:
2408 4155 2727 4211 necessaria
2749 4156 2965 4212 fuerint
2983 4157 3218 4214 festinet
3231 4156 3440 4226 facere,
3460 4174 3533 4214 ne
3553 4158 3750 4232 aliqua

2113 4249 2422 4322 protractio
2449 4249 2756 4321 provinciis
2785 4255 3008 4306 noceat.

2185 4342 2216 4415 §
2255 4347 2338 4400 16.
2379 4344 2460 4399 Ea
2489 4359 2645 4411 vero,
2683 4360 2813 4416 quae
2848 4343 2969 4415 ipse
3005 4343 3220 4412 fecerit,
3251 4345 3338 4400 vel
3382 4360 3511 4416 quas
3556 4345 3752 4402 adhuc

382 4441 455 4496 de
483 4455 686 4495 eorum
700 4437 1105 4494 emolumentis
1117 4437 1225 4492 sibi
1237 4438 1554 4510 acquirere,
1569 4439 1677 4496 hoc
1695 4457 1812 4496 non
1828 4442 2012 4498 solum
2030 4435 2092 4509 D
2112 4437 2432 4493 necessario
2453 4437 2817 4510 procuranda
2841 4440 3205 4510 suntpostea,
3220 4440 3280 4493 et
3289 4442 3647 4494 memoratus
3662 4440 3752 4495 vir

379 4533 438 4589 in
451 4533 837 4606 quadruplum
844 4531 1116 4605 jubemus
1124 4531 1351 4603 publico
1368 4533 1706 4604 rependere,
1725 4535 1825 4589 sed
1839 4535 2015 4591 etiam

381 4626 666 4699 dignitate
693 4642 790 4681 eos
815 4623 1047 4698 privari.
1069 4624 1246 4696 Magis
1272 4624 1428 4680 enim
1455 4625 1671 4683 debent
1693 4627 1934 4684 etduces
1957 4633 2015 4684 et

375 4720 591 4776 tribuni
623 4737 796 4792 supra
822 4719 1094 4791 deputata
1126 4717 1232 4774 sibi
1275 4720 1668 4776 emolumenta
1698 4721 2012 4778 secundum

374 4815 598 4871 labores
648 4831 780 4870 suos
819 4813 890 4868 de
932 4815 1128 4869 nostra
1172 4812 1438 4884 largitate
1479 4813 2011 4872 remunerationem

376 4924 630 4979 sperare,
667 4911 725 4962 et
756 4924 872 4963 non
911 4907 981 4961 de
1010 4905 1350 4962 commeatis
1388 4905 1638 4962 militum
1680 4911 1781 4964 aut
1808 4925 2010 4965 eorum

374 5000 674 5072 stipendiis
703 5002 921 5056 lucrum
951 5000 1056 5056 sibi
1087 4999 1404 5072 acquirere,
1437 5001 1715 5073 quoniam
1747 5003 1876 5059 ideo
1913 5019 2007 5059 or-

375 5093 556 5149 dinati
579 5098 712 5150 sunt
731 5094 961 5164 milites,
995 5097 1054 5150 ut
1078 5111 1184 5167 per
1209 5093 1362 5166 ipsos
1387 5095 1697 5166 provincia
1722 5095 2010 5154 vindicen-

373 5191 487 5257 tur,
525 5187 810 5260 prascipue
847 5205 980 5244 cum
1019 5187 1374 5244 sufficienter
1396 5191 1453 5244 et
1490 5189 1628 5262 ipsis
1659 5189 1918 5260 ducibus,
1951 5194 2010 5246 et

374 5298 578 5338 eorum
605 5280 804 5338 officiis
834 5283 1224 5338 emolumenta
1252 5283 1640 5354 pmstitimus,
1673 5288 1730 5340 et
1774 5301 2008 5356 semper

369 5376 728 5448 providimus
753 5390 1231 5449 unumquemque
1267 5376 1587 5432 secundum
1616 5377 1846 5434 labores
1873 5395 2006 5435 suos

373 5470 448 5530 ad
463 5471 729 5526 meliores
755 5469 987 5543 gradus,
1015 5473 1073 5523 et
1101 5469 1174 5524 ad
1201 5470 1452 5540 majores
1467 5471 1776 5544 dignitates
1801 5473 2006 5544 perdu-

369 5579 519 5619 cere.
554 5596 622 5606 —
661 5564 692 5638 §
725 5567 810 5621 10.
839 5565 1151 5636 Postquam
1181 5579 1318 5618 vero
1343 5565 1460 5620 Deo
1485 5565 1782 5637 placuerit,
1813 5569 1872 5621 et
1898 5583 2004 5638 per

2115 4530 2455 4604 magniﬁcus
2486 4531 2787 4602 praefectus
2815 4531 3123 4602 [praetorio]
3147 4530 3367 4601 Africa,
3397 4535 3457 4587 et
3479 4531 3584 4587 viri
3611 4549 3750 4606 spe-

2113 4625 2344 4681 ctabiles
2369 4625 2560 4693 duces,
2588 4627 2646 4680 et
2671 4624 2742 4680 de
2773 4624 2899 4680 aliis
2927 4624 3198 4681 omnibus
3227 4641 3359 4697 quae
3383 4624 3464 4680 ibi
3491 4629 3751 4698 aguntur

2113 4719 2446 4791 frequenter
2474 4718 2547 4774 ad
2578 4734 2683 4775 nos
2709 4718 2985 4787 referant,
3017 4721 3084 4774 ut
3109 4717 3411 4775 benefacta
3437 4719 3750 4776 conﬁrme-

2110 4831 2260 4883 mus,
2291 4817 2351 4870 et
2374 4829 2502 4886 quae
2527 4813 2906 4885 opportunius
2932 4812 3146 4869 debent
3168 4812 3316 4881 ﬁeri,
3340 4829 3406 4868 ex
3425 4816 3624 4870 nostra
3655 4815 3744 4871 di-

2111 4908 2424 4980 spositione
2453 4910 2826 4978 peragantur.
2858 4937 2928 4946 --
2957 4905 2988 4979 §
3024 4910 3105 4962 17.
3126 4906 3241 4962 Hoc
3269 4905 3446 4964 etiam
3473 4907 3746 4964 decerni-

2109 5019 2258 5070 mus,
2282 5004 2346 5056 ut
2366 5001 2591 5073 judices
2616 4999 2713 5072 qui
2737 4999 3042 5056 ordinandi
3070 5005 3204 5056 sunt
3228 5017 3333 5072 per
3353 5001 3655 5057 Africanos
3679 5003 3746 5058 1i-

2108 5096 2296 5164 mites,
2323 5095 2467 5151 nihil
2497 5093 2742 5166 amplius
2773 5093 2830 5150 in
2855 5092 3236 5150 sacratissimo
3267 5093 3478 5166 palatio
3503 5094 3744 5152 cuilibet

2107 5206 2369 5263 personae
2409 5193 2508 5244 aut
2535 5187 2820 5260 dignitati,
2849 5189 2936 5243 vel
2965 5188 3022 5242 in
3060 5187 3329 5259 praetorio
3357 5204 3464 5260 per
3485 5188 3745 5246 Africam

2106 5284 2461 5356 praefecturae
2499 5285 2559 5337 et
2600 5281 2948 5353 magisteria;
2982 5281 3252 5354 potestati
3283 5281 3596 5354 praebeant,
3626 5282 3744 5339 nisi

2107 5381 2388 5451 quantum
2408 5375 2605 5432 subter
2623 5392 2848 5432 annexa
2869 5375 3124 5431 declarat
3136 5375 3340 5432 notitia
3359 5392 3372 5443 ;
3394 5392 3532 5432 nam
3541 5375 3590 5431 si
3609 5377 3744 5449 quis

2103 5472 2346 5544 amplius
2371 5487 2545 5544 quam
2571 5471 2630 5526 in
2654 5469 2883 5526 subdita
2902 5469 3107 5527 notitia
3118 5473 3372 5526 taxatum
3394 5475 3480 5526 est
3499 5487 3740 5544 usurpa-

2102 5565 2264 5634 verit,
2294 5581 2396 5621 seu
2434 5563 2737 5638 acceperit,
2763 5563 3001 5635 triginta
3041 5563 3214 5620 libras
3240 5563 3365 5620 auri
3395 5565 3596 5621 multae
3623 5564 3730 5620 de-

367 5661 529 5712 tuam
543 5658 1006 5729 magnitudinem
1018 5658 1183 5714 limes
1195 5655 1384 5712 omnis
1399 5657 1458 5712 in
1473 5659 1776 5730 antiquum
1789 5662 1999 5716 statum
2100 5659 2318 5732 pendat
2350 5659 2603 5728 nomine,
2630 5675 2763 5716 cum
2790 5675 2903 5732 quo
2946 5663 3004 5714 et
3019 5657 3280 5731 periculo
3309 5657 3733 5730 indignationis

367 5751 714 5819 pervenerit,
729 5754 788 5806 et
799 5751 949 5808 bene
961 5750 1264 5808 ordinatus
1280 5749 1496 5808 fuerint
1509 5753 1646 5807 tunc
1671 5751 1998 5826 ubicunque

2104 5756 2316 5812 nostra:
2353 5753 2709 5826 [serenitatis]
2757 5752 3088 5825 subjacebit,
3130 5753 3289 5810 nulla
3321 5752 3432 5810 alia
3472 5752 3734 5825 qualibet
