4076 6186
301 157 431 212 1109

1010 151 1377 207 JUSTINIANI
1415 151 1626 208 LEGES
1665 152 2000 208 SELECTAE.
2040 151 2167 207 LIB.
2213 151 2250 216 l,
2291 152 2416 206 TIT.
2459 153 2660 220 XXVII,
2703 155 2832 210 LEX
2870 157 2935 210 ll.

3511 163 3648 214 1110

297 279 558 337 persona,
587 264 684 318 aut
703 259 1004 334 dignitate,
1033 263 1135 316 aut
1151 235 1338 316 ofﬁcio
1363 260 1676 332 accipiente
1703 259 1919 333 aliquid
1939 275 2000 348 Α
2021 264 2078 315 et
2103 276 2228 332 cap.
2259 263 2309 316 3.
2339 259 2485 315 ﬁunt
2514 277 2638 334 cap.
2663 265 2715 317 2.
2743 263 3094 318 Centenariis
3119 267 3171 319 9.
3205 265 3276 318 ad
3307 282 3442 320 ann.
3479 271 3562 322 10.
3588 272 3647 322 et

297 359 365 414 ab
393 356 492 423 eis,
522 359 729 428 prater
754 355 884 410 illos
912 371 1157 426 quorum
1188 353 1419 409 nomina
1447 354 1506 408 in
1536 353 1790 426 subjecta
1811 371 1916 410 no-

295 449 412 506 titia
438 449 825 504 continentur.
845 479 913 488 —
952 447 982 520 §
1015 451 1098 503 18.
1130 447 1213 502 Ad
1247 448 1354 503 hoc
1379 447 1652 518 jubemus
1689 449 1769 514 (ut
1805 449 1916 503 Deo

285 541 542 616 juvante)
568 541 959 613 unusquisque
989 540 1100 596 dux
1121 557 1218 596 seu
1247 557 1450 596 eorum
1479 541 1688 609 ofﬁcia,
1715 557 1913 595 secun-

293 638 427 692 dum
463 635 619 708 quod
662 635 861 690 notitia
899 635 1096 689 subter
1135 651 1358 690 annexa
1395 633 1670 702 continet,
1703 635 1919 689 emolu-

291 732 486 786 menta
506 746 609 784 sua
626 746 694 784 ex
713 727 938 783 tributis
954 728 1235 784 Africana
1259 727 1563 800 provincia
1581 744 1645 782 ex
1673 727 1914 782 Kalend.

292 821 645 895 Septembris
682 821 946 876 instantis
985 821 1324 877 felicissimae
1349 821 1533 876 tertia
1561 819 1798 876 decima
1825 821 1914 875 in-

293 915 552 972 dictionis
595 914 934 988 percipiant.
971 946 1040 955 —
1079 914 1109 988 §
1160 917 1243 970 19.
1281 917 1350 970 Et
1381 915 1504 970 hac
1538 914 1761 982 notitia,
1800 916 1915 970 Deo

290 1005 536 1076 volente,
569 1008 740 1064 debet
770 1008 1026 1080 delegari
1049 1007 1306 1076 ducibus,
1331 1010 1388 1062 et
1415 1023 1615 1063 eorum
1634 1006 1836 1062 ofﬁciis
1853 1005 1916 1062 in

289 1102 477 1158 Africa
500 1101 839 1172 constitutis,
862 1117 966 1172 pro
987 1101 1231 1156 annonis
1254 1105 1311 1156 et
1329 1100 1520 1172 capitu
1539 1116 1642 1172 per
1657 1100 1916 1172 singulos

291 1212 470 1251 annos
497 1195 838 1267 prabendis.
881 1197 966 1250 Ita
1003 1193 1318 1250 clarissimo
1357 1193 1477 1250 viro
1518 1192 1644 1249 duci
1673 1193 1914 1264 Tripoli-

290 1295 436 1345 tana
471 1288 796 1360 provincia,
837 1292 894 1344 et
935 1287 1265 1343 hominibus
1298 1287 1420 1358 ejus
1456 1286 1694 1358 singulis
1723 1286 1828 1342 sol.
1859 1289 1911 1342 5.

289 1401 411 1456 cap.
449 1386 567 1438 159.
601 1381 842 1454 singulis
869 1398 994 1453 cap.
1029 1380 1132 1436 sol.
1176 1383 1301 1436 783.
1329 1380 1609 1436 Assessori
1644 1379 1820 1447 ducis,
1858 1383 1916 1434 et

291 1478 478 1532 ofﬁcio
505 1493 572 1532 ac
599 1475 932 1530 hominibus
963 1474 1085 1546 ejus
1115 1475 1202 1529 40.
1236 1491 1372 1530 ann.
1397 1475 1484 1528 96.
1515 1474 1573 1529 S.
1601 1472 1750 1545 sing.
1774 1490 1910 1528 ann.

289 1587 411 1641 cap.
445 1569 550 1624 sol.
583 1572 636 1623 6.
670 1568 851 1624 Simul
885 1567 1030 1621 ﬁunt
1064 1584 1166 1639 pre
1204 1583 1340 1621 ann.
1387 1571 1445 1621 et
1481 1583 1606 1638 cap.
1642 1567 1744 1621 sol.
1787 1567 1910 1620 674.

2019 353 2093 409 ad
2118 351 2287 426 capit.
2312 357 2362 409 3.
2393 353 2538 409 ﬁunt
2563 354 2734 426 capit.
2759 358 2810 410 3.
2841 355 3088 411 Biarchis
3120 359 3171 412 8.
3194 357 3560 415 Circitoribus
3571 361 3644 416 ad

2018 463 2112 502 an.
2143 450 2194 503 8.
2223 447 2368 502 ﬁunt
2387 464 2521 503 ann.
2549 451 2632 504 18.
2663 451 2721 503 et
2740 448 2814 502 ad
2835 465 2960 520 cap.
2985 453 3036 505 3.
3067 450 3214 506 ﬁunt
3237 451 3404 522 capit.
3430 455 3480 506 3.
3502 453 3647 508 ﬁunt

2015 557 2140 612 cap.
2183 544 2266 596 11.
2295 543 2439 596 Item
2465 541 2582 597 viro
2607 542 2922 598 clarissimo
2953 542 3084 598 duci
3115 543 3395 599 Sardinia
3423 545 3643 614 insula,

2017 639 2076 689 et
2102 633 2433 689 hominibus
2452 635 2574 706 ejus
2601 652 2735 690 ann.
2759 638 2878 691 190.
2910 635 3150 708 singulis
3177 653 3312 692 ann.
3340 637 3505 693 solidi
3519 642 3644 694 282.

2015 727 2297 782 Assessori
2326 727 2504 796 du'cis,
2540 733 2597 782 et
2619 727 2806 784 ofﬁcio
2833 729 2958 800 ejus
2995 729 3324 784 horninibus
3364 731 3452 786 40.
3505 749 3640 787 ann.

2017 821 2168 876 96.8.
2188 821 2429 892 singulis
2449 837 2584 877 ann.
2610 821 2776 878 solid.
2799 823 2970 894 capit.
2987 824 3074 880 48.
3095 823 3332 895 singulis
3349 824 3516 895 capit.
3541 827 3643 889 sol.

2017 917 2068 969 9.
2107 913 2288 970 Simul
2314 915 2462 970 ﬁunt
2486 932 2588 986 pro
2623 919 2831 972 ann.et
2849 933 2972 988 cap.
3000 919 3118 984 150,
3154 921 3274 973 186.
3308 917 3646 972 Dividuntur

2015 1007 2126 1063 sic:
2158 1008 2442 1064 Assessori
2463 1026 2600 1064 ann.
2632 1012 2684 1064 9.
2715 1011 2774 1064 et
2801 1027 2926 1081 cap.
2959 1013 3010 1066 3.
3040 1009 3373 1066 Primicerio
3393 1010 3452 1065 in
3473 1028 3567 1066 an.
3591 1015 3644 1067 2.

2015 1117 2140 1172 cap.
2171 1103 2222 1156 3.
2249 1102 2589 1158 Numerario
2614 1102 2676 1157 in
2701 1119 2794 1156 an.
2824 1119 2948 1174 cap.
2981 1106 3032 1158 3.
3061 1103 3394 1158 Ducenariis
3419 1105 3470 1158 4.
3505 1121 3641 1159 ann.

2017 1197 2069 1249 3.
2097 1198 2230 1249 sunt
2252 1211 2388 1250 ann.
2423 1198 2508 1250 16.
2542 1199 2600 1249 et
2627 1211 2747 1267 cap.
2778 1199 2830 1250 3.
2861 1201 2993 1251 sunt
3013 1200 3072 1250 et
3095 1213 3220 1268 cap.
3251 1200 3304 1252 9.
3353 1197 3643 1252 Circitori-

2015 1287 2119 1342 bus
2145 1289 2198 1341 9.
2226 1305 2319 1342 an.
2345 1291 2394 1342 3.
2431 1287 2578 1343 ﬁunt
2603 1305 2696 1343 an.
2731 1291 2819 1343 29.
2848 1291 2936 1343 29.
2969 1292 3027 1344 et
3053 1306 3176 1362 cap.
3201 1292 3253 1345 3.
3272 1289 3419 1344 ﬁunt
3443 1307 3564 1362 cap.
3590 1293 3641 1345 9.

2013 1379 2384 1436 Circitoribus
2419 1383 2471 1436 9.
2511 1397 2647 1436 ann.
2687 1385 2740 1447 3,
2771 1381 2920 1436 ﬁunt
2945 1399 3080 1437 ann.
3108 1385 3160 1437 4.
3200 1400 3326 1454 cap.
3355 1386 3408 1438 9.
3449 1385 3644 1440 semis.

2013 1472 2150 1556 Aliis
2178 1476 2262 1529 11.
2286 1474 2358 1529 ad
2389 1491 2524 1529 ann.
2560 1477 2644 1530 16.
2681 1477 2815 1529 sunt
2844 1479 2902 1530 et
2939 1475 3014 1530 ad
3049 1475 3218 1548 capit.
3257 1479 3308 1531 3.
3342 1477 3488 1531 ﬁunt
3517 1494 3643 1550 cap.

2014 1555 2103 1622 20.
2139 1598 2208 1608 —-
2245 1567 2276 1640 §
2315 1569 2402 1623 20.
2436 1566 2648 1622 Notitia
2687 1567 3189 1637 consuetudinum,
3232 1585 3372 1641 quas
3399 1569 3457 1624 in
3489 1587 3649 1625 sacro

287 1661 630 1717 Dividuntur
664 1661 742 1715 sic
774 1677 786 1715 :
816 1659 1100 1715 Assessori
1130 1660 1189 1714 in
1219 1675 1354 1714 ann.
1382 1662 1433 1714 8.
1465 1675 1589 1730 cap.
1626 1659 1679 1714 4.
1718 1648 1991 1721 Primi-B
2014 1660 2309 1729 laterculo,
2359 1662 2419 1714 et
2457 1660 2518 1715 in
2567 1660 2832 1731 pratorio
2869 1661 3237 1732 amplissima
3297 1661 3650 1734 praefectura

286 1755 437 1810 cerio
464 1755 525 1809 in
551 1771 686 1809 ann.
717 1757 768 1810 8.
793 1770 918 1824 cap.
950 1756 1002 1808 2.
1033 1751 1361 1808 Ducenariis
1382 1755 1434 1808 3.
1463 1751 1536 1807 ad
1561 1768 1696 1808 ann.
1727 1755 1780 1807 6.
1812 1753 1913 1807 sol.

285 1849 431 1904 ﬁunt
459 1865 596 1902 ann.
627 1847 826 1920 capitis
855 1847 1002 1901 ﬁunt
1029 1847 1284 1918 capitum
1321 1862 1444 1918 cap.
1475 1845 1834 1902 Centenariis
1861 1848 1912 1900 6.

285 1959 419 1997 ann.
445 1945 495 1996 5.
521 1941 687 1996 ﬁunt.
722 1941 888 1996 Fiunt
917 1957 1052 1995 ann.
1083 1940 1133 1995 4.
1164 1942 1223 1994 et
1250 1939 1323 1994 ad
1351 1955 1471 2010 cap.
1511 1941 1557 1993 l.
1591 1939 1738 1994 ﬁunt
1775 1955 1912 1994 ann.

290 2039 374 2090 16.
408 2038 466 2090 et
492 2034 567 2090 ad
592 2050 716 2105 cap.
747 2037 796 2088 1.
819 2034 875 2089 8.
906 2033 1054 2088 ﬁunt
1079 2049 1214 2088 ann.
1251 2035 1304 2088 3.
1333 2032 1481 2087 ﬁunt
1507 2047 1632 2104 cap.
1663 2035 1715 2087 8.
1748 2031 1916 2088 Circi-

283 2129 505 2184 toribus
541 2131 592 2183 9.
630 2127 820 2182 semis.
863 2127 1000 2183 Aliis
1042 2129 1127 2182 11.
1167 2126 1240 2182 ad
1285 2142 1380 2180 an.
1429 2125 1515 2180 14.
1549 2130 1698 2180 sunt.
1750 2128 1808 2180 et
1845 2125 1912 2180 ad

285 2239 410 2294 cap.
443 2225 494 2277 3.
525 2221 672 2276 ﬁunt
697 2237 821 2292 cap.
856 2223 940 2274 11.

2015 1769 2120 1826 per
2137 1753 2411 1820 Africam,
2441 1753 2569 1808 etin
2595 1753 2785 1808 ofﬁcio
2805 1753 3066 1824 magistri
3088 1754 3357 1824 militum,
3380 1772 3483 1826 pro
3501 1761 3648 1811 tem-

2015 1861 2154 1918 pore
2185 1846 2294 1902 dux
2325 1845 2583 1917 prabere
2602 1845 2775 1901 debet
2802 1846 3249 1919 uniuscujusque
3283 1848 3500 1918 limitis,
3535 1849 3646 1904 sic:

2017 1941 2080 1994 In
2117 1955 2278 1994 sacro
2313 1938 2589 1994 laterculo
2623 1939 2724 1994 sol.
2767 1942 2817 1994 6.
2853 1941 2916 1996 In
2949 1939 3138 1995 ofﬁcio
3174 1939 3520 2012 magisteria
3551 1941 3652 1996 mi-

2021 2033 2186 2088 litum
2230 2031 2526 2104 potestatis
2563 2048 2668 2104 pro
2723 2031 3088 2088 insinuandis
3137 2033 3652 2090 administrationis

2019 2142 2136 2181 sua
2167 2125 2374 2181 divinis
2399 2129 2610 2180 nostra
2630 2125 2950 2181 serenitatis
2981 2125 3246 2182 affatibus
3271 2126 3436 2182 solid.
3473 2127 3559 2182 12.
3589 2129 3652 2182 In

2019 2218 2206 2274 ofﬁcio
2233 2217 2606 2290 amplissima
2635 2219 2993 2290 prafectura
3017 2236 3122 2292 per
3146 2219 3398 2276 Africam
3426 2237 3530 2292 pro
3561 2220 3646 2275 in-

353 2317 498 2370 Item
529 2315 649 2370 viro
673 2313 984 2369 clarissimo
1016 2312 1148 2368 duci
1173 2313 1480 2383 Byzacena
1499 2310 1828 2384 provincia,
1859 2314 1919 2366 et
2017 2311 2312 2367 sinuandis
2342 2310 2604 2382 ejusdem
2629 2311 2860 2379 chartis,
2894 2312 3060 2368 solid.
3096 2316 3178 2367 12.

285 2408 618 2464 hominibus
643 2408 765 2480 ejus
791 2425 926 2462 ann.
946 2409 1063 2462 190.
1089 2405 1400 2476 singulisin
1427 2422 1564 2461 ann.
1589 2405 1693 2460 sol.
1719 2409 1768 2460 5.
1787 2421 1912 2476 cap.

207 2479 226 2490 ’
285 2506 406 2558 158.
434 2479 681 2574 singulis
711 2517 838 2572 cap.
867 2501 970 2556 sol.
1000 2503 1084 2555 10.
1118 2499 1295 2554 Simul
1324 2499 1469 2554 ﬁunt
1493 2515 1596 2570 pro
1621 2515 1755 2553 ann.
1789 2515 1913 2569 cap.

281 2597 387 2651 sol.
417 2599 540 2650 670.
567 2595 780 2650 Omnes
802 2593 1136 2650 dividuntur
1161 2593 1240 2647 sic
1265 2609 1277 2647 :
1305 2591 1589 2648 Assessori
1616 2591 1676 2646 in
1697 2607 1830 2647 ann.
1860 2595 1912 2646 7.

281 2706 406 2760 cap.
422 2691 476 2744 4.
494 2687 826 2744 Primicerio
841 2689 900 2742 in
913 2703 1048 2742 ann.
1067 2691 1117 2742 5.
1132 2703 1257 2757 cap.
1277 2689 1329 2740 2.
1345 2685 1686 2741 Numerario
1703 2684 1762 2739 in
1775 2701 1912 2740 ann.

279 2787 332 2838 6.
369 2799 493 2854 cap.
523 2781 905 2838 3.Ducenario
933 2781 984 2834 4.
1011 2779 1084 2834 ad
1113 2797 1249 2834 ann.
1274 2782 1327 2835 3.
1354 2779 1518 2834 ﬁunt.
1546 2795 1671 2851 cap.
1699 2781 1752 2834 3.
1775 2779 1918 2834 Cen-

279 2875 516 2932 tenariis
537 2879 587 2931 6.
612 2893 748 2930 ann.
777 2891 912 2929 ann.
951 2877 1035 2928 15.
1069 2875 1126 2928 et
1154 2889 1280 2944 cap.
1316 2876 1364 2927 1.
1398 2873 1547 2927 ﬁunt
1574 2889 1696 2944 cap.
1725 2876 1777 2926 7.
1802 2871 1918 2928 Cir-

2087 2403 2118 2477 §
2143 2407 2228 2460 21.
2259 2404 2451 2460 Gloria
2475 2404 2674 2476 itaque
2697 2408 2812 2472 tua,
2843 2421 2970 2476 qua
3005 2423 3110 2477 per
3145 2406 3294 2462 hanc
3334 2407 3646 2480 pragmati-

2015 2514 2145 2554 cam
2167 2497 2527 2553 sanctionem
2552 2502 2751 2554 nostra
2776 2499 2974 2554 statuit
2989 2499 3300 2570 aternitas,
3330 2499 3558 2556 eﬁ'ectui
3581 2517 3650 2556 ea

2016 2591 2330 2664 mancipari
2361 2591 2769 2663 observarique
2796 2591 3109 2664 pracipiat.

2089 2683 2120 2757 §
2160 2687 2247 2742 22.
2281 2685 2500 2740 Emissa
2523 2684 2616 2739 lex
2659 2685 2804 2741 Idib.
2851 2685 3079 2757 Aprilis,
3125 2686 3251 2754 CP.,
3291 2686 3348 2742 d.
3386 2704 3445 2742 n.
3489 2686 3656 2743 Justi-

2015 2778 2187 2832 niano
2214 2779 2274 2833 P.
2307 2780 2367 2833 P.
2401 2781 2468 2834 A.
2494 2795 2571 2845 1v,
2605 2782 2662 2834 et
2680 2777 2917 2834 Paulino
2945 2795 3000 2834 v.
3029 2796 3076 2834 c.
3101 2796 3287 2834 conss.
3321 2811 3390 2822 —
3420 2779 3559 2852 §23.
3584 2782 3654 2836 Et

2015 2872 2138 2926 hac
2169 2871 2390 2940 notitia,
2438 2874 2550 2928 Deo
2579 2872 2828 2942 volente,
2863 2871 3036 2927 debet
3065 2873 3320 2944 delegari
3337 2873 3650 2946 judicibus,

279 2969 556 3024 citoribus
575 2971 626 3024 9.
659 2969 734 3024 ad
761 2985 854 3023 an.
884 2967 1032 3022 ﬁunt
1055 2983 1148 3021 an.
1189 2970 1272 3022 13.
1305 2971 1361 3022 et
1403 2966 1477 3020 ad
1515 2983 1638 3038 cap.
1676 2968 1728 3021 3.
1771 2965 1916 3020 ﬁunt
1938 3015 1987 3038 η
2015 2969 2072 3020 et
2110 2981 2314 3020 eorum
2342 2963 2546 3020 ofﬁciis
2579 2965 2638 3019 in
2673 2963 2860 3020 Africa
2893 2965 3217 3021 constitutis
3243 2984 3348 3038 pro
3381 2967 3648 3037 annonis,

277 3080 403 3134 cap.
425 3067 477 3118 7.
502 3062 868 3119 Circitoribus
897 3064 950 3116 9.
973 3061 1046 3115 ad
1067 3078 1202 3114 ann.
1231 3063 1285 3115 2.
1307 3059 1455 3114 ﬁunt
1481 3063 1565 3115 18.
1583 3015 1658 3114 ret
1686 3059 1761 3114 ad
1789 3075 1910 3131 cap.
1934 3015 1990 3090 Ο
2016 3062 2074 3114 et
2099 3057 2290 3130 capitu
2315 3075 2419 3130 per
2455 3057 2710 3130 singulos
2751 3074 2933 3113 annos
2975 3015 3319 3131 praebendis.
3359 3061 3499 3116 Item
3529 3015 3652 3118 viro

276 3158 429 3212 ﬁunt
455 3173 548 3209 an.
585 3158 668 3209 13.
701 3171 824 3225 cap.
855 3157 908 3208 9.
936 3153 1127 3210 semis.
1159 3153 1264 3209 Alii
1298 3157 1381 3208 11.
1415 3153 1489 3208 ad
1522 3169 1656 3208 ann.
1688 3155 1740 3208 3.
1770 3153 1917 3208 ﬁunt
2014 3151 2330 3207 clarissimo
2349 3151 2480 3206 duci
2501 3150 2868 3222 Tripolitanae
2896 3151 3224 3223 provincia,
3249 3157 3306 3208 et
3320 3153 3652 3210 hominibus

276 3266 379 3304 an.
413 3251 499 3303 13.
533 3247 590 3302 8.
618 3248 676 3301 et
691 3246 766 3300 ad
793 3262 918 3316 cap.
950 3246 1035 3300 11.
1079 3247 1219 3299 Item
1251 3245 1372 3300 viro
1424 3245 1739 3300 clarissimo
1783 3245 1914 3300 duci
2015 3243 2136 3314 ejus
2165 3260 2320 3298 anno
2348 3243 2725 3312 nonagesimo
2751 3243 2976 3314 singula
3003 3261 3229 3298 annona
3253 3245 3466 3300 solidos
3491 3247 3652 3318 quin-

272 3340 563 3398 Numidia
607 3338 933 3411 provincia,
983 3341 1039 3393 et
1081 3337 1414 3393 hominibus
1459 3338 1581 3408 ejus
1621 3355 1758 3392 ann.
1789 3339 1908 3393 190.

273 3433 486 3507 singul.
520 3450 656 3488 ann.
691 3431 856 3488 solid.
899 3435 950 3488 8.
981 3449 1107 3503 cap.
1150 3435 1268 3488 158.
1297 3431 1536 3502 singulis
1563 3447 1688 3503 cap.
1719 3431 1823 3486 sol.
1857 3433 1908 3486 9.

2013 3351 2123 3408 que
2142 3335 2314 3408 capit,
2337 3337 2565 3391 centum
2593 3334 3014 3407 quinquaginta
3031 3353 3239 3392 novem
3267 3337 3508 3409 singulis
3521 3355 3645 3411 cap.

2013 3429 2221 3484 solidos
2248 3428 2524 3485 ducentos
2549 3427 2839 3499 octoginta
2869 3428 3012 3484 duos
3043 3447 3056 3485 :
3091 3430 3363 3486 assessori
3391 3431 3568 3502 ducis,
3592 3436 3651 3488 et

275 3529 462 3586 Simul
491 3527 638 3582 ﬁunt
655 3542 758 3598 pro
778 3543 914 3581 ann.
943 3529 1003 3581 et
1026 3543 1149 3598 cap.
1184 3525 1287 3580 sol.
1335 3527 1457 3581 351.
1501 3525 1588 3580 34.
1631 3523 1910 3581 Assessori
2011 3521 2200 3604 ofﬁcio
2236 3539 2303 3578 ac
2339 3521 2669 3578 hominibus
2701 3521 2824 3594 ejus
2849 3523 3229 3595 quadraginta
3263 3525 3429 3580 annis
3462 3541 3645 3581 nona-

273 3621 441 3679 ducis
469 3625 528 3677 et
557 3619 750 3677 ofﬁcio
773 3620 896 3692 ejus
919 3618 1251 3675 hominibus
1279 3621 1369 3674 40.
1393 3635 1532 3674 ann.
1571 3621 1629 3673 et
1653 3634 1776 3690 cap.
1804 3618 1908 3674 sol.

275 3721 330 3772 5.
361 3732 485 3788 cap.
511 3716 601 3770 49.
624 3713 835 3786 singuli
855 3730 980 3786 cap.
1011 3713 1118 3769 sol.
1147 3716 1338 3784 5.cap.
1363 3713 1485 3768 472.
1514 3711 1756 3784 singulis
1780 3729 1906 3784 cap.

274 3813 383 3866 sol.
423 3813 476 3865 3.
507 3809 691 3866 Simul
720 3809 870 3863 ﬁunt
895 3824 1003 3880 pro
1028 3823 1162 3862 ann.
1193 3810 1252 3862 et
1277 3823 1401 3878 cap.
1436 3807 1540 3862 sol.
1577 3807 1696 3862 164.
1725 3805 1781 3862 8.
1817 3805 1905 3861 Di-

271 3904 550 3959 viduntur
568 3903 676 3958 sic:
698 3901 983 3957 Assessori
1004 3901 1064 3956 in
1083 3917 1219 3956 ann.
1241 3903 1324 3956 l3.
1347 3917 1472 3972 cap.
1505 3903 1557 3955 6.
1571 3899 1906 3955 Primicerio

273 4015 416 4054 ann.
455 4013 582 4069 cap.
615 3999 668 4052 3.
700 3994 1041 4051 Numerario
1061 3994 1121 4050 in
1151 4011 1368 4050 annum
1399 3994 1450 4049 4.
1481 3993 1648 4049 Fiunt
1667 3993 1742 4049 ad
1767 4010 1902 4048 ann.

2013 3615 2174 3688 ginta
2208 3621 2266 3672 et
2294 3618 2536 3688 septem.
2575 3617 2722 3671 Item
2747 3615 2870 3672 viro
2909 3615 3220 3674 ciarissimo
3248 3619 3380 3674 duci
3405 3618 3644 3691 Byzace-

2011 3725 2123 3778 na,
2163 3711 2222 3763 et
2244 3708 2580 3764 hominibus
2605 3709 2728 3780 ejus
2749 3709 3034 3766 similiter.
3071 3711 3214 3766 ltem
3245 3711 3367 3768 viro
3397 3712 3644 3769 clarissi-

2008 3819 2106 3859 mo
2133 3802 2267 3858 duci
2286 3801 2587 3870 Numidia,
2617 3805 2676 3858 et
2695 3801 3028 3858 hominibus
3048 3803 3169 3876 ejus
3193 3804 3476 3862 similiter.
3500 3809 3643 3864 Item

2007 3895 2129 3952 viro
2161 3895 2474 3952 clarissimo
2499 3895 2630 3951 duci
2655 3896 3008 3954 Mauritania
3035 3899 3341 3970 provincia
3368 3903 3426 3956 et
3449 3901 3644 3957 homi-

2008 3990 2176 4046 nibus
2202 3990 2325 4062 ejus
2350 3989 2630 4046 similiter.
2659 3992 2803 4048 Item
2829 3991 2958 4048 duci
2978 3991 3278 4061 Sardinia,
3307 3996 3368 4049 et
3389 3994 3644 4050 homini-

277 4094 367 4148 16.
386 4093 446 4146 et
463 4091 539 4156 ad
559 4107 685 4162 cap.
714 4087 1058 4146 centenariis
1078 4088 1153 4144 ad
1183 4104 1319 4144 ann.
1351 4091 1436 4142 11.
1465 4087 1524 4144 8.
1558 4087 1724 4142 Fiunt
1773 4087 1909 4143 duo-
2006 4083 2115 4140 bus
2139 4085 2265 4156 ejus
2289 4083 2575 4140 similiter.

273 4184 485 4241 decim.
527 4189 586 4240 et
611 4183 685 4239 ad
725 4199 850 4255 cap.
883 4183 1072 4254 capita
1102 4185 1154 4238 6.
1187 4175 1514 4237 Biarcbis‘8.
1545 4180 1906 4238 Circitoribus

273 4281 330 4335 9.
361 4277 435 4333 ad
461 4293 595 4332 ann.
623 4279 676 4332 2.
721 4277 870 4332 ﬁunt
895 4293 988 4332 an.
1026 4278 1144 4330 127.
1175 4278 1234 4330 et
1263 4275 1336 4330 ad
1361 4291 1486 4345 cap,
1517 4276 1568 4330 3.
1603 4273 1750 4328 ﬁunt
1777 4290 1900 4344 cap.

2077 4177 2108 4250 §
2139 4178 2226 4232 24.
2257 4179 2402 4232 Item
2432 4175 2636 4230 notitia
2663 4176 3166 4244 consuetudinum,
3199 4193 3341 4249 quas
3384 4177 3444 4233 in
3483 4195 3642 4236 sacro

2003 4271 2297 4338 laterculo,
2327 4273 2384 4324 et
2409 4269 2468 4324 in
2489 4269 2757 4341 pratorio
2774 4269 3144 4341 amplissima
3163 4271 3519 4342 prafectura
3538 4291 3645 4346 per

272 4376 330 4429 8.
365 4370 556 4426 semis.
584 4369 720 4426 Aliis
748 4373 834 4468 1.1.
862 4368 938 4424 ad
965 4384 1100 4424 ann.
1132 4371 1185 4424 2.
1215 4369 1364 4468 ﬁunt
1387 4383 1481 4468 an:
1519 4369 1604 4422 16.
1626 4369 1902 4468 sunt-15.
1925 4395 1984 4468 Β
2007 4363 2282 4468 Africam,
2301 4365 2360 4418 et
2378 4361 2437 4418 in
2468 4361 2656 4468 ofﬁcio
2683 4362 2946 4468 magistri
2973 4364 3220 4468 militum
3233 4368 3640 4468 pro-tempore

273 4468 336 4522 et
372 4465 445 4520 ad
493 4481 618 4536 cap.
664 4465 716 4519 3.
758 4462 906 4517 ﬁunt
941 4477 1066 4533 cap.
1116 4464 1200 4516 11.
1253 4462 1396 4516 Item
1430 4459 1550 4516 viro
1595 4457 1976 4516 clarissimo"
2008 4457 2120 4514 dux
2148 4457 2405 4530 prabere
2436 4457 2583 4512 solet
2609 4457 3058 4530 uniuscujusque
3079 4457 3297 4529 limitis,
3325 4459 3440 4516 sic:
3473 4462 3533 4516 In
3557 4479 3640 4518 sa-

272 4559 409 4615 duci
438 4556 794 4614 Mauritiana
834 4554 1145 4628 provincia
1184 4557 1243 4610 et
1281 4553 1611 4610 hominibus
1649 4553 1772 4625 ejus
1809 4569 1906 4610 an.

277 4655 400 4710 190.
433 4651 674 4724 singulis
709 4667 803 4706 an.
842 4649 1008 4706 solid.
1041 4653 1090 4705 5.
1121 4665 1244 4720 cap.
1289 4647 1454 4704 solid.
1494 4649 1618 4704 200.
1653 4650 1772 4704 160.
1815 4650 1904 4704 35.

271 4745 561 4802 Assessori
586 4744 762 4814 ducis,
791 4748 850 4800 et
869 4742 1056 4800 ofﬁcio
1084 4742 1208 4815 ejus
1223 4741 1555 4799 hominibus
1573 4743 1663 4798 40.
1689 4757 1783 4796 an.
1815 4743 1904 4796 96.

274 4841 335 4897 S.
369 4843 421 4895 3.
449 4840 506 4896 S.
547 4839 696 4895 ﬁunt
729 4837 897 4894 simul
931 4853 1038 4910 pro
1059 4853 1194 4892 ann.
1241 4839 1299 4892 et
1317 4852 1440 4908 cap.
1473 4836 1576 4891 sol.
1610 4836 1734 4891 670.
1764 4837 1815 4890 3.
1845 4834 1903 4891 S.

274 4933 618 4990 Dividuntur
644 4933 725 4988 sic
757 4949 770 4988 :
813 4930 1096 4988 Assessori
1125 4930 1184 4986 in
1218 4947 1355 4986 ann.
1387 4932 1440 4985 9.
1481 4928 1651 5001 capit.
1691 4930 1746 4984 4.
1783 4927 1905 4984 Pri-

275 5026 514 5082 micerio
537 5026 599 5082 in
626 5041 760 5082 ann.
791 5029 978 5098 5.cap.
1015 5025 1066 5079 1.
1089 5021 1426 5080 Numerario
1453 5022 1514 5077 in
1536 5039 1671 5077 ann.
1705 5037 1831 5094 cap.
1851 5023 1902 5078 3.

275 5119 605 5178 Ducenariis
632 5123 683 5176 3.
715 5119 796 5174 ad
817 5118 891 5175 ad
909 5135 1047 5174 ann.
1075 5121 1126 5173 3.
1161 5117 1218 5174 S.
1252 5117 1400 5173 ﬁunt
1419 5132 1556 5172 ann.
1587 5118 1647 5172 et
1675 5114 1904 5187 capit.3.

277 5215 426 5270 ﬁunt
449 5215 619 5287 capit.
653 5217 707 5269 2.
747 5211 1102 5269 Centenariis
1121 5215 1172 5269 3.
1205 5211 1280 5267 ad
1307 5227 1440 5267 ann.
1466 5213 1516 5267 3.
1550 5210 1606 5266 S.
1638 5209 1785 5266 ﬁunt
1809 5227 1904 5268 an.

2007 4567 2104 4608 cro
2133 4551 2411 4607 laterculo
2441 4567 2537 4606 sex
2563 4550 2797 4607 solidos.
2828 4552 2888 4606 In
2919 4551 3122 4608 ofﬁciis
3147 4553 3495 4624 magisteria
3528 4555 3636 4610 mi-

2005 4645 2174 4701 litum
2195 4645 2490 4717 potestatis
2519 4661 2623 4716 pro
2651 4644 3010 4701 insinuandis
3040 4645 3244 4702 divinis
3279 4647 3642 4704 administra-

2003 4739 2273 4808 tionibus,
2315 4755 2415 4794 seu
2455 4737 2663 4794 divina
2709 4739 3046 4796 Serenitatis
3094 4740 3381 4811 affatibus,
3429 4743 3639 4799 solidos

2007 4832 2345 4899 duodecim;
2375 4849 2479 4904 pro
2523 4831 2712 4888 ofﬁcio
2753 4833 3126 4905 amplissima
3158 4835 3511 4906 prafectura
3533 4854 3640 4910 per

2004 4926 2256 4982 Africam
2283 4943 2390 5000 pro
2419 4926 2778 4983 insinuandis
2805 4927 2930 5000 ejus
2949 4928 3162 4984 chartis
3181 4929 3392 4986 solidos
3417 4930 3634 4988 duode-

2006 5021 2211 5077 cim.—
2239 5020 2271 5094 §
2295 5024 2383 5077 25.
2412 5021 2604 5077 Gloria
2629 5021 2822 5094 itaque
2863 5024 2962 5077 tua
3006 5039 3134 5094 qua
3170 5038 3274 5095 per
3313 5025 3464 5082 hanc
3513 5043 3641 5099 pra-

2007 5115 2319 5187 gmaticam
2345 5114 2706 5172 sanctionem
2750 5119 3009 5172 nostram
3047 5119 3376 5175 statuuntur
3407 5119 3634 5177 aterni-

2007 5208 2142 5264 tatis
2167 5209 2392 5266 effectui
2420 5209 2732 5282 mancipari
2767 5209 3169 5284 observarique
3197 5213 3510 5286 pracipiat.

1467 5452 2554 5515 -.ψη
2596 5475 2604 5480 .
