4076 6186
359 355 3712 378 ——-———_——————-——-————————————————_—______._____
2177 313 3712 356 ἡ

1351 411 1798 478 JUSTINIANI
1841 411 2230 478 EPISTOLA
2272 413 2376 478 AD
2419 413 2728 481 PATRES

1089 511 1302 592 (Hanc
1329 512 1670 595 epistolam
1704 511 1943 576 videsz's
1972 511 2220 577 Patro].
2253 521 2408 576 tam.
2443 513 2680 592 LXIX,
2713 515 2830 579 col.
2864 516 2992 598 30.)

991 673 1544 740 JUSTINIANI
1617 675 2044 741 EDICTUM
2114 675 2494 741 CONTRA
2573 676 3075 744 ORIGENEM

1128 772 1291 852 (Hoc
1319 773 1599 837 edictum
1627 773 1866 838 videsz's
1894 773 2144 839 Patrol.
2180 782 2334 838 tom.
2363 775 2600 853 LXIX,
2633 777 2752 840 col.
2791 780 2958 859 177.)

779 932 1222 999 JUSTINIANI
1255 899 1629 1000 .EDICTUM
1691 935 2005 1002 CONTRA
2065 935 2556 1003 THEODORUM
2616 937 3281 1005 MOPSUESTENUM.

1134 1034 1298 1115 (Hoc
1327 1034 1613 1097 edictum
1639 1034 1878 1098 videsz's
1906 1035 2156 1100 Patro].
2191 1043 2345 1099 tom.
2378 1035 2617 1114 LXIX,
2645 1037 2762 1100 col.
2791 1038 2960 1119 273.)

993 1239 3098 1639 GLYCERIUSHIMPEBATOR.

1563 1741 1926 1806 GLYCERII
1989 1742 2521 1830 IMPERATORIS

671 1861 1168 1956 EDICTUM
1239 1861 1696 1956 CONTRA
1764 1861 2623 1957 OBDINATIONES
2691 1860 3410 1958 SIMONIACAS.

1162 1993 1181 2073 (
1191 1993 1326 2057 Hoc
1349 1992 1634 2055 ea’z’ctum
1665 1991 1907 2055 videsz's
1940 1992 2189 2056 Patrol.
2225 2000 2378 2054 tom.
2409 1993 2461 2057 L
2478 1992 2583 2070 VI,
2609 1993 2726 2056 col.
2758 1992 2926 2072 896.)

1149 2395 2938 2624 THEODORICUS,

1432 2665 1728 2841 REX
1816 2663 2664 2838 GOTHOEM

1140 2893 1850 2986 THEODORICI,
1931 2895 2532 2969 GOTHORUM
2611 2894 2964 2983 REGIS,
3073 3005 3078 3016 ⁴

1612 3019 2493 3208 PRMCEP’I‘IO‘,

625 3235 959 3322 MISSA
1028 3237 1248 3338 PER
1315 3237 1943 3324 GERMANUM
2013 3237 2152 3322 ET
2223 3235 2753 3324 CAROSUM
2824 3232 3474 3322 EPISCOPOS.

2111 3369 2271 3377 —————

438 3433 699 3492 Dominis
738 3432 946 3488 sanctis
985 3436 1044 3487 et
1078 3431 1502 3489 venerabilibus
1539 3433 1814 3506 patribus.
1854 3435 1995 3490 Lau-
2021 3445 2325 3519 Amerum
2370 3431 2698 3500 convenire,
2746 3431 2844 3505 qui
2889 3432 3110 3488 dudum
3151 3433 3340 3488 fuerat
3376 3435 3742 3489 convocatus.

373 3529 580 3595 rentia,
612 3526 960 3596 Marcellino,
985 3529 1044 3580 et
1070 3527 1262 3595 Petro,
1295 3530 1352 3582 et
1379 3527 1598 3582 cunctis
1623 3527 1903 3600 episcopis
1939 3527 1998 3582 in

370 3623 522 3679 Urbe
543 3619 948 3686 residentibus,
979 3619 1362 3675 Theodoricus
1387 3636 1500 3676 rex.

438 3718 549 3772 Vos
579 3713 814 3788 quidem
845 3729 967 3768 rem
1004 3712 1216 3768 fecistis
1245 3714 1538 3786 proposito
1567 3716 2000 3786 congruentem,

371 3827 476 3866 nos
501 3808 692 3880 potius
714 3807 784 3862 de
803 3807 993 3862 reditu
1011 3810 1202 3861 vestro
1224 3807 1475 3862 secundo
1495 3807 1812 3874 consulere,
1827 3823 2002 3878 quam

371 3903 655 3959 indictum
687 3899 991 3956 concilium
1018 3900 1218 3955 aliena;
1247 3900 1532 3956 facilitatis
1551 3900 1874 3956 imitatione
1901 3901 2000 3956 de-

377 4011 598 4062 serere;
623 4009 695 4048 ne
721 3991 1140 4047 discedentibus
1164 3991 1440 4048 universis
1465 3994 1568 4048 sub
1586 3995 1892 4049 manifesta
1913 3993 2006 4049 de-

375 4088 512 4146 s'erti
536 4087 907 4160 dispositione
933 4085 1136 4156 judicii
1167 4085 1349 4156 major
1377 4087 1576 4141 urbem
1614 4087 1834 4158 regiam
1864 4087 2008 4142 sedi-

372 4184 534 4240 tiosis
549 4181 801 4238 motibus
825 4179 996 4235 turba
1019 4182 1368 4234 concuteret.
1399 4179 1512 4236 Sed
1537 4196 1656 4235 non
1687 4180 2008 4252 aptavimus

375 4276 743 4343 commisisse,
773 4276 983 4330 sanctae
996 4272 1462 4346 congregationis
1485 4273 1762 4328 examinis
1782 4274 1885 4328 sub
1901 4274 2008 4330 hac

374 4369 632 4444 protrahi
645 4368 920 4423 dilatione
933 4367 1252 4437 negotium,
1266 4383 1374 4422 nec
1391 4366 1775 4422 universitatis
1789 4367 2010 4423 animos

377 4464 608 4532 gravius
649 4461 984 4534 praejudicio
1021 4460 1280 4532 pendere
1339 4477 1663 4532 suspensos.
1716 4461 1860 4526 Quia
1903 4478 2010 4517 nec

376 4555 780 4629 tranquillitati
800 4554 959 4608 urbis
983 4553 1333 4610 deﬁnitionis
1351 4570 1535 4622 mora,
1556 4571 1662 4610 nec
1680 4554 2010 4610 sacerdotali

375 4650 669 4726 proposito
697 4646 982 4704 sententia
1011 4650 1198 4718 potest
1221 4647 1526 4703 convenire
1556 4648 1869 4704 discordia.
1890 4649 2009 4704 Mo-

379 4747 523 4802 lesta
548 4743 726 4816 igitur
749 4743 978 4812 accepta
1003 4739 1359 4810 confusione,
1388 4757 1517 4813 quae
1544 4743 1682 4796 nata
1716 4745 1820 4808 est,
1844 4746 2006 4798 cate-

2101 3529 2250 3599 Ergo
2294 3527 2608 3598 ingravatis
2653 3527 3015 3582 sanctitatem
3063 3529 3316 3582 vestram
3379 3525 3744 3598 reliquorum

2101 3620 2467 3692 praesentiam
2487 3620 2756 3676 convenit
2769 3621 3045 3694 opperiri,
3063 3625 3129 3676 ut
3147 3632 3470 3693 compresso
3485 3621 3746 3676 tumultu

2103 3718 2160 3770 et
2191 3713 2539 3770 dissensione
2573 3713 2860 3781 submota,
2909 3731 3037 3786 quae
3076 3714 3147 3770 ab
3186 3713 3452 3770 omnibus
3477 3716 3602 3769 orta
3631 3718 3744 3782 est,

2103 3807 2174 3862 ab
2195 3807 2460 3863 omnibus
2485 3825 2650 3863 causa
2676 3810 3002 3880 peragatur.
3026 3809 3169 3864 Nam
3183 3809 3540 3876 Ravennam,
3561 3824 3749 3880 quem

2102 3900 2416 3956 admodum
2437 3901 2700 3974 speratis,
2722 3919 2841 3957 non
2857 3901 3184 3974 putavimus
3211 3901 3600 3957 revocandum
3622 3917 3751 3956 esse

2105 3994 2434 4062 concilium,
2468 3995 2606 4050 dum
2643 3995 2887 4050 aliorum
2921 3994 3139 4063 labore,
3170 3995 3410 4050 aliorum
3445 4011 3750 4068 permove—

2105 4104 2239 4143 mur
2269 4091 2460 4158 aetate,
2494 4087 2676 4160 parati
2711 4093 2771 4144 ut
2799 4087 2906 4143 nisi
2951 4088 3204 4144 secundo
3249 4093 3530 4144 c’onventu
3561 4105 3750 4144 causa

2105 4181 2283 4236 finem
2309 4181 2592 4252 judicium
2621 4181 2893 4253 synodale
2918 4181 3184 4254 posuerit
3193 4181 3359 4254 juxta
3397 4181 3750 4238 desiderium

2107 4277 2380 4344 vestrum,
2403 4292 2515 4348 quo
2548 4291 2649 4330 nos
2673 4275 2904 4346 poscitis
2929 4291 3050 4330 esse
3069 4278 3403 4348 praesentes,
3427 4275 3755 4348 occupatio-

2111 4367 2277 4422 nibus
2314 4367 2522 4424 nostris
2564 4369 2759 4424 Romm
2808 4368 3017 4441 quietis
3042 4369 3225 4424 amori
3254 4369 3603 4442 postpositis,
3640 4386 3754 4424 nos

2109 4461 2298 4532 potius
2327 4461 2572 4516 Romam
2604 4462 2722 4517 Deo
2745 4464 2977 4517 auctore
3005 4461 3326 4530 veniamus,
3362 4465 3426 4517 ut
3446 4462 3750 4534 presenti-

2109 4553 2216 4608 bus
2229 4555 2428 4610 saltem
2449 4554 2615 4610 nobis
2633 4554 2774 4611 citra
2796 4555 3188 4611 confusionem
3215 4559 3388 4628 atque
3403 4555 3755 4612 discordiam

2112 4647 2428 4704 secundum
2448 4648 2547 4703 Dei
2571 4648 2873 4720 timorem,
2901 4654 3064 4706 tanta
3087 4666 3260 4705 causa
3289 4649 3604 4705 terminum
3635 4667 3758 4706 sor-

2113 4740 2304 4796 tiatur.
2339 4743 2411 4798 Ut
2432 4759 2552 4798 non
2580 4742 2794 4797 diutius
2823 4743 2981 4799 urbis
3000 4743 3162 4816 regia
3183 4743 3488 4799 turbarum
3523 4745 3755 4816 tempe-

378 4853 693 4910 rorumque
735 4835 1006 4899 discessu,
1051 4833 1148 4906 qui
1190 4839 1428 4906 propter
1479 4835 1706 4890 turbam
1739 4851 1865 4908 quae
1911 4817 2086 4892 autB
2110 4837 2254 4890 state
2282 4834 2568 4906 fatigetur,
2601 4836 2702 4891 sed
2729 4837 2895 4892 vestri
2922 4837 3191 4910 (equitate
3213 4836 3414 4908 judicii
3441 4835 3646 4892 redeat
3676 4838 3762 4892 ad

379 4950 520 4988 ausu
539 4937 636 4987 aut
653 4929 789 4985 vitio
811 4929 1138 5000 aliquorum
1160 4927 1422 4999 conligit,
1453 4927 1662 4984 iterata
1688 4945 1816 5000 quae
1835 4945 2018 5001 ccepe-

378 5029 514 5080 runt
528 5024 809 5094 reliquere
825 5021 1042 5094 judicia
1056 5021 1175 5092 (qui
1195 5024 1410 5089 tamen,
1428 5021 1475 5075 si
1501 5021 1640 5093 quid
1661 5021 1892 5090 dixerit,
1909 5039 2012 5093 po-

379 5119 495 5172 tius
520 5117 866 5188 cogitassent
881 5116 1140 5187 exemplo
1161 5117 1349 5169 vestro
1367 5114 1424 5169 in
1445 5115 1585 5170 urbe
1610 5115 1882 5183 residere,
1917 5132 2014 5170 ex-

378 5213 697 5286 spectantes
709 5210 778 5264 de
791 5209 879 5264 his
892 5226 1020 5282 quae
1032 5209 1145 5264 illic
1157 5208 1308 5264 facta
1324 5208 1393 5264 de
1409 5211 1616 5264 nostra:
1637 5209 2014 5280 providentiae

381 5303 744 5360 ordinatione
781 5303 1143 5374 remedium),
1185 5317 1314 5357 cum
1361 5301 1419 5354 in
1450 5301 1661 5357 multas
1686 5318 1742 5356 se
1771 5301 1886 5355 vias
1915 5318 2012 5358 co-

381 5398 584 5472 gitatio
605 5399 803 5452 nostra
830 5395 1180 5467 disperserit,
1205 5396 1280 5450 ad
1305 5395 1457 5450 hunc
1486 5411 1543 5450 se
1579 5395 1871 5450 tramitem
1885 5412 2018 5450 con-

380 5491 489 5547 silii
509 5506 648 5546 cura
677 5488 975 5556 convertit,
998 5491 1061 5541 ut
1085 5505 1314 5543 rursum
1343 5488 1410 5543 ad
1440 5488 1724 5543 Kalendas
1749 5489 2012 5560 Septem-

378 5585 494 5640 bris
523 5583 702 5648 diem,
743 5579 1010 5636 eumdem
1065 5581 1454 5636 censuerimus
1499 5581 1861 5638 sacerdotum
1906 5597 2012 5637 nu-

446 5708 591 5788 ξΗω
618 5703 1032 5788 ρτωεθριὶοιιθδ
1061 5704 1232 5788 regis:
1263 5705 1610 5788 antecedunt
1629 5705 2014 5788 ‘synodumoiv

380 5773 718 5847 palmarém.
739 5773 864 5844 Eas,
887 5793 1014 5831 cum
1038 5773 1196 5848 prius
1214 5775 1439 5830 mendis
1459 5780 1649 5831 essent
1666 5773 2007 5848 inquinatis~

2117 4928 2394 5000 quietem.
2439 4929 2518 4983 Ne
2558 4945 2724 4985 mora
2759 4931 2920 4986 vobis
2958 4931 3216 4987 videatur
3254 4947 3517 4998 onerosa,
3549 4930 3638 4985 fas
3667 4934 3764 4986 est

2115 5026 2318 5077 vestrae
2367 5022 2651 5078 aestimare
2693 5024 3091 5096 providentiae,
3124 5024 3170 5079 si
3201 5023 3503 5080 commodo
3531 5023 3624 5090 sit,
3655 5029 3769 5080 aut

2115 5115 2219 5170 sub
2239 5118 2569 5171 nostrorum
2589 5120 2918 5190 temporum
2936 5117 3342 5191 tranquillitate
3359 5116 3762 5184 tolerandum,

2117 5209 2408 5264 solitumve
2435 5208 2495 5264 in
2521 5209 2713 5282 aliqua
2749 5211 3081 5268 definitione
3111 5211 3354 5268 concilio
3391 5211 3495 5265 sub
3531 5210 3766 5268 incerto

2114 5301 2420 5357 Ecclesiam
2447 5302 2552 5358 sub
2579 5303 2686 5358 hoc
2715 5305 3028 5360 certamine
3057 5306 3379 5360 Romanam
3414 5304 3662 5376 perdere
3688 5306 3769 5361 ci-

2097 5393 2364 5450 vitatem.
2407 5395 2542 5451 Alia
2589 5413 2774 5452 manu.
2831 5399 3003 5454 Orate
3041 5415 3148 5472 pro
3189 5397 3374 5468 nobis,
3414 5397 3644 5454 domini
3691 5417 3758 5455 ac

2112 5487 2468 5544 venerabiles
2505 5493 2717 5562 patres.
2765 5491 2972 5547 Datum
3017 5491 3122 5547 sub
3152 5491 3243 5548 die
3272 5509 3328 5548 γι
3358 5491 3490 5548 ldus
3513 5493 3763 5564 Augusti

2113 5581 2260 5638 Rufo
2287 5597 2516 5654 magno,
2546 5583 2750 5640 Fausto
2764 5585 2981 5642 Avieno
2998 5602 3049 5640 ν.
3078 5602 3126 5640 c.
3141 5601 3253 5642 cos.
3270 5587 3447 5658 (Anno
3462 5585 3587 5644 Chr.
3604 5589 3760 5658 501.)

2114 5706 2296 5776 simae,
2327 5708 2662 5765 emendatas
2693 5710 2768 5766 ad
2795 5711 3203 5769 Collectionem
3225 5727 3332 5767 ms.
3366 5711 3672 5767 Canonum
3693 5712 3754 5766 in

2111 5777 2252 5834 Bibl.
2285 5779 2457 5835 Paris.
2489 5796 2598 5836 soc.
2629 5783 2762 5838 Iesu
2789 5781 2997 5839 damus
3024 5799 3092 5838 ex
3113 5782 3422 5839 Harduino.
