4076 6186
1107 388 1824 480 THEODORICI,
1903 383 2524 459 GOTHORUM
2599 382 2952 472 REGIS,

1331 503 2096 668 Pli/ECEP'I‘IO
2178 501 2684 664 ALTERA

1217 714 1669 811 MISSA
1779 712 1962 808 AD

2082 707 2923 845 SYNODUM..

403 911 482 966 F1.
509 908 888 965 Theodericus
932 923 1030 964 rex
1069 907 1344 964 universis
1371 907 1648 981 episcopis
1685 909 1756 965 ad
1785 923 1954 978 syno-
1979 917 2038 992 Α
2057 905 2401 960 multuosam
2422 903 2723 975 expectat?
2745 901 2986 958 Intentio
3005 901 3256 957 estvobis
3273 902 3562 958 servandae
3573 903 3691 972 jus-

331 1005 470 1062 dum
499 1003 840 1059 convocatis.

405 1099 680 1154 Romanae
733 1094 994 1150 Ecclesiae
1053 1111 1271 1166 pacem,
1323 1096 1588 1168 episcopo
1635 1097 1972 1168 Symmacho

337 1189 654 1248 criminosis
698 1187 1180 1262 propositionibus
1215 1189 1499 1262 impetito,
1541 1190 1646 1245 sub
1689 1206 1757 1246 ea
1797 1207 1973 1263 quam

337 1285 566 1342 cernitis
590 1282 920 1339 confusione
939 1282 1142 1353 turbae,
1170 1282 1657 1354 quemadmodum
1674 1284 1857 1356 magis
1874 1301 1975 1356 po-

338 1379 449 1435 tuit
471 1376 828 1452 providentia
847 1379 1040 1432 nostra
1059 1377 1369 1444 consulere,
1386 1393 1560 1449 quam
1580 1382 1642 1433 ut
1653 1377 1819 1450 juxta
1835 1379 1974 1450 peti-

338 1473 553 1528 tionem
580 1471 817 1528 Senatus
847 1473 906 1526 et
930 1469 1088 1536 cleri,
1114 1470 1186 1526 ad
1201 1471 1627 1542 congregandos
1643 1487 1712 1526 ex
1741 1471 1975 1527 diversis

339 1564 642 1638 provinciis
667 1580 897 1619 causam
935 1579 1198 1619 revocare
1229 1563 1530 1631 antistites,
1562 1568 1620 1620 et
1642 1565 1712 1621 de
1736 1565 1970 1637 religio-

339 1677 418 1715 sas
447 1658 734 1714 sanctione
757 1674 1018 1729 personae
1049 1661 1307 1712 sanctum
1336 1657 1520 1714 facere
1537 1657 1799 1730 judicare
1837 1675 1972 1714 con-

345 1751 540 1807 cilium
557 1752 586 1806 ?
608 1753 669 1806 In
689 1751 862 1806 oculis
875 1754 1008 1805 sunt
1020 1750 1052 1805 d
1062 1751 1238 1806 udum
1258 1751 1330 1806 ad
1341 1751 1663 1806 universam
1693 1751 1976 1823 synodum

347 1845 644 1914 destinata,
673 1849 728 1900 et
753 1843 1115 1900 conscientiae
1145 1848 1352 1900 nostra:
1381 1845 1761 1916 astipulantur
1787 1862 1978 1901 oracu-

343 1941 418 2010 la,
439 1938 644 2011 quibus
667 1937 842 1992 solius
880 1937 1229 2009 integritatis
1262 1937 1464 1994 affectu
1494 1939 1603 1994 hoc
1621 1939 1718 2010 jus
1743 1939 1974 2012 pontiﬁ-

343 2033 499 2088 cibus
515 2029 905 2087 commisimus
921 2031 1188 2102 evocatis,
1203 2034 1267 2086 ut
1284 2031 1386 2086 sub
1411 2032 1692 2104 synodalis
1707 2033 1978 2104 aequitate

345 2124 660 2194 sententiae,
691 2129 790 2180 aut
817 2127 1051 2196 propter
1073 2123 1290 2196 objecta
1318 2124 1622 2196 convictus,
1651 2126 1832 2182 reatui
1853 2125 1980 2180 sub-

337 2215 576 2288 jaceret.
603 2215 736 2270 Post
759 2213 1094 2284 hujusmodi
1119 2213 1442 2286 constituta,
1466 2213 1593 2287 quis
1622 2213 1798 2272 finem
1820 2218 1978 2270 tanto

2068 997 2210 1054 titiae
2239 997 2299 1054 in
2322 997 2670 1070 cognitione,
2688 995 3436 1052 libertasremotisomnibus
3462 996 3704 1050 occasio-

2069 1090 2240 1147 nibus
2269 1091 2492 1162 integra
2519 1090 2594 1146 sit
2617 1094 2820 1144 vestra:
2844 1089 3180 1160 voluntatis;
3212 1089 3564 1161 objectorum
3589 1087 3700 1144 cri-

2070 1184 2293 1240 minum
2305 1201 2469 1240 causa
2483 1183 2800 1239 examinate
2809 1182 3114 1254 judicium,
3131 1183 3440 1238 dummodo
3453 1181 3706 1238 studiosa

2071 1276 2380 1332 certamina
2404 1277 2633 1333 defendi
2659 1293 2873 1344 amore,
2910 1280 2968 1332 et
3007 1292 3176 1332 omne
3214 1275 3554 1332 confusionis
3578 1291 3701 1330 am-

2071 1375 2306 1443 putetur
2315 1370 2672 1442 ambiguum,
2697 1370 2944 1425 maxime
2963 1387 3094 1424 eum
3109 1369 3426 1426 hancvobis
3445 1387 3551 1442 pro
3578 1368 3705 1425 reli-

2076 1464 2260 1536 gionis
2275 1463 2612 1530 reverentia,
2629 1480 2733 1519 con
2741 1463 3080 1518 sideratione
3087 1465 3110 1534 j
3120 1465 3324 1518 ustitize
3338 1467 3565 1532 nostrae,
3581 1479 3702 1518 ora-

2074 1558 2203 1612 cula
2221 1556 2812 1612 tribuantfacultatem
2822 1599 2836 1627 ,
2851 1561 2912 1610 ut
2923 1557 3067 1611 sicut
3081 1555 3237 1612 vobis
3249 1559 3332 1612 est
3349 1557 3706 1628 inquirendae

2073 1651 2134 1706 in
2153 1651 2260 1706 hoc
2285 1649 2516 1722 negotio
2527 1651 2788 1706 voluntas
2812 1655 2870 1705 et
2884 1666 3018 1706 cura
3031 1649 3300 1716 veritatis,
3319 1651 3572 1721 personis
3593 1649 3708 1704 illic

2077 1745 2344 1800 omnibus
2391 1743 2732 1812 constitutis,
2764 1759 2868 1814 per
2907 1759 3048 1814 quas
3091 1747 3278 1816 potest
3330 1743 3471 1798 ﬁdes
3515 1759 3709 1799 rerum

2075 1837 2314 1911 quaesita
2341 1841 2633 1910 praestare,
2652 1853 2749 1892 vos
2773 1835 3068 1907 noveritis,
3089 1842 3147 1892 et
3173 1838 3340 1906 Deus,
3360 1837 3569 1908 quidin
3589 1837 3712 1909 ipsa

2075 1947 2239 1986 causa
2253 1930 2514 2002 judicare
2535 1930 2806 2000 debeatis,
2829 1945 3028 2001 pacem
3052 1929 3238 1985 modis
3259 1929 3522 1984 omnibus
3541 1931 3709 2000 clero,

2077 2023 2298 2080 senatui
2327 2028 2383 2078 et
2408 2025 2664 2078 Romano
2689 2022 2900 2094 populo
2942 2027 3071 2094 post
3091 2022 3375 2094 judicium
3411 2021 3708 2091 reddituri,

2077 2133 2150 2173 ne
2178 2133 2290 2188 qua
2313 2116 2756 2185 turbatio,nulla
2782 2115 3057 2172 discordia
3072 2116 3133 2172 in
3152 2115 3373 2172 civitate
3398 2119 3710 2171 remaneat.
3801 2137 3807 2143 ο

2079 2210 2135 2264 Si
2159 2226 2295 2264 vero
2321 2209 2488 2265 vultis
2513 2213 2577 2264 ut
2614 2209 2766 2282 quod
2799 2209 3153 2282 propositum
3177 2214 3280 2280 est,
3325 2211 3574 2266 transeat
3594 2209 3716 2264 sine

346 2307 597 2362 dandum
631 2306 902 2362 dubitarit
933 2321 1052 2362 esse
1076 2307 1492 2380 negotio?quis
1530 2307 1601 2364 de
1625 2311 1744 2363 tam
1772 2323 1974 2364 nume-
1997 2296 2054 2369 B
2078 2303 2420 2360 discussione
2455 2303 2758 2375 judicium,
2801 2320 2900 2358 vos
2935 2303 3142 2371 sciatis,
3179 2307 3236 2358 et
3270 2304 3442 2368 Deus,
3474 2303 3717 2375 qualiter

344 2417 477 2458 roso
503 2399 741 2456 concilio
771 2399 1127 2455 sacerdotum
1153 2399 1339 2472 magis
1359 2400 1512 2457 nasci
1527 2401 1831 2458 crediderit
1844 2417 1976 2457 con-

346 2493 584 2551 fusionis
621 2493 957 2564 ambiguum
976 2493 1004 2548 Τ
1049 2493 1188 2566 quid
1217 2493 1430 2566 profuit
1453 2494 1480 2526 ⁸
1523 2494 1644 2550 sine
1680 2495 1734 2550 vi
1763 2498 1882 2550 tam
1911 2495 1981 2551 de

349 2587 570 2661 prolixo
595 2585 798 2643 itinere
837 2589 1044 2642 caetera
1073 2587 1145 2642 ad
1184 2603 1289 2642 nos
1330 2587 1666 2659 imposuisse
1708 2587 1982 2660 negotia?

353 2681 490 2754 quid
513 2684 802 2736 tantarum
829 2679 1205 2736 Ecclesiarum
1234 2679 1564 2736 absentibus
1601 2681 1982 2737 sacerdotibus

352 2774 524 2830 fuisse
544 2789 884 2845 suspensum
900 2774 928 2829 Υ
942 2772 1080 2845 quid
1089 2772 1370 2846 supererit
1383 2773 1688 2846 reliquum,
1704 2775 1750 2829 si
1767 2775 1838 2830 de
1854 2778 1980 2829 tan-

352 2872 413 2924 to
441 2867 595 2922 exitu
622 2883 736 2922 non
761 2867 932 2922 datur
965 2865 1246 2939 immrare
1277 2865 1449 2939 [Forte
1490 2867 1810 2940 impetrare]
1848 2883 1982 2923 con-

356 2964 586 3016 ventum
604 2959 633 3016 ?
670 2959 775 3016 Sed
813 2963 1094 3024 transacta
1122 2958 1422 3030 sufﬁciant,
1463 2975 1592 3034 quae
1623 2961 1690 3014 ad
1719 2961 1825 3016 hoc
1855 2965 1982 3016 tan-

358 3058 479 3109 tum
503 3055 564 3109 in
583 3052 920 3109 memoriam
946 3053 1076 3108 satis
1105 3057 1190 3109 est
1207 3069 1491 3122 revocare,
1525 3054 1676 3126 quod
1701 3054 1983 3110 desinant.

355 3149 508 3203 Bona
527 3152 612 3204 est
633 3146 1052 3218 praeteritorum
1080 3147 1414 3216 recordatio,
1443 3147 1489 3202 si
1516 3164 1645 3219 quae
1667 3147 1983 3220 displicent,

357 3246 548 3297 secuta
568 3257 702 3296 cura
727 3241 1093 3312 correptionis
1123 3241 1412 3296 emendet.
1433 3241 1554 3296 Non
1583 3243 1780 3296 saltem
1807 3241 1984 3296 disce-

360 3333 624 3391 dentibus
671 3333 954 3405 aliquibus
1006 3333 1296 3406 dilatoque
1347 3334 1576 3406 negotio
1613 3335 1684 3390 ad
1725 3333 1987 3389 secundae

357 3427 809 3500 congregationis
839 3427 1120 3482 venientis
1159 3427 1396 3499 repetita
1422 3427 1657 3498 judicia,
1701 3443 1806 3497 pro
1854 3427 1984 3494 ﬁde,

358 3539 462 3596 pro
488 3521 838 3590 innocentia,
859 3538 964 3592 pro
984 3521 1249 3593 aequitate
1275 3519 1589 3588 concordis,
1616 3519 1851 3575 remotis
1879 3522 1990 3574 stu-

360 3617 466 3672 diis
491 3615 772 3688 aliquibus
797 3615 1093 3670 dissentiat
1115 3615 1432 3686 integritas.
1456 3615 1568 3669 Hoc
1595 3613 1869 3686 petitione
1893 3630 1990 3668 no-

361 3715 474 3766 stra
502 3711 771 3765 Romana:
794 3707 1084 3764 confertur
1113 3707 1323 3764 civitati
1347 3713 1413 3762 ut
1446 3693 1778 3764 sacerdotali
1805 3707 1987 3762 consi-

361 3803 653 3860 deratione
699 3802 987 3874 proposito
1029 3802 1286 3874 delegato
1329 3801 1640 3857 terminum
1689 3801 1832 3856 detis
1868 3800 1991 3854 sine

361 3897 724 3954 contentione
743 3895 992 3969 negotio,
1014 3894 1252 3950 scientes
1275 3911 1533 3950 examem
1548 3897 1800 3948 vestrum
1817 3893 1886 3948 de
1905 3893 2000 3949 his

361 4007 626 4047 securum
643 4005 762 4044 esse
776 3989 1078 4062 judicium.
1101 3988 1356 4060 Cogitate
1380 3991 1622 4042 matrem
1650 3987 1993 4042 confusionis

363 4101 482 4142 esse
509 4084 872 4153 discordiam,
906 4088 963 4138 et
1001 4081 1486 4155 quemadmodum
1517 4097 1792 4136 consensu
1823 4080 1996 4136 dubia

365 4179 698 4248 solidantur,
729 4177 808 4232 ita
834 4176 1005 4233 etiam
1027 4175 1192 4232 ﬁrma
1214 4175 1558 4232 dissensione
1585 4174 1828 4230 dissolvi.
1847 4175 1996 4229 Nun-

365 4272 498 4346 quid
530 4271 828 4340 laboriosa,
873 4269 1135 4342 nunquid
1161 4269 1514 4325 conscientiae
1545 4271 1742 4324 vestrae
1783 4267 1994 4340 gravia,

364 4365 621 4438 nunquid
651 4364 880 4420 inimica
903 4364 1190 4436 proposito
1208 4363 1277 4420 ab
1299 4362 1642 4419 antistitibus
1667 4361 1781 4416 suis
1801 4376 1997 4432 pacem

365 4459 545 4532 poscit
579 4459 841 4528 Ecclesia,
875 4461 932 4513 et
955 4457 1026 4512 ab
1060 4457 1148 4510 his
1175 4457 1380 4529 quibus
1409 4472 1514 4528 per
1552 4454 1832 4510 rationem
1863 4469 1991 4524 pro-

363 4552 620 4608 fessionis
641 4557 840 4606 vestrae
859 4567 994 4606 cura
1012 4549 1212 4606 debeat
1230 4565 1348 4605 esse
1367 4547 1700 4621 prOpensior
1715 4546 1886 4602 ﬁdem
1904 4549 1996 4601 tu-

437 4655 462 4685 ·
481 4653 660 4707 Locus
688 4650 748 4706 in
767 4651 865 4706 Ms.
894 4647 1352 4704 immedicabilis.

2009 3660 2065 3734 C

2079 2396 2367 2464 ordinetis,
2409 2396 2720 2452 dummodo
2769 2413 2873 2469 pax
2902 2397 3077 2464 clero,
3107 2397 3348 2466 senatui,
3389 2396 3714 2469 populoque

2079 2492 2333 2548 Romano
2363 2490 2467 2545 sub
2484 2491 3028 2547 vestraordinatione
3049 2490 3334 2546 reddatur.
3364 2491 3500 2545 Ecce
3525 2505 3716 2544 coram

2082 2585 2196 2641 Deo
2226 2589 2282 2641 et
2305 2584 2632 2640 hominibus
2669 2583 2904 2640 arbitrio
2926 2589 3109 2640 vestro
3138 2583 3558 2640 committentes
3586 2582 3716 2638 uni-

2081 2694 2242 2734 versa
2269 2677 2679 2734 conscientiam
2710 2681 2988 2748 nostram,
3016 2677 3163 2733 sicut
3194 2676 3448 2746 decebat,
3476 2677 3717 2732 absolvi-

2082 2787 2228 2827 mus.
2257 2772 2500 2828 Tantum
2531 2775 2616 2827 est
2641 2771 2744 2826 sub
2766 2771 2919 2842 justa
2944 2770 3299 2827 ordinatione
3319 2786 3439 2826 rem
3458 2770 3630 2825 fuisse
3657 2769 3722 2824 fi.

2083 2865 2284 2932 nitam,
2317 2869 2374 2920 et
2397 2865 2678 2920 unitatem
2703 2865 2988 2920 redditam
3027 2863 3443 2920 discedentibus
3486 2863 3716 2918 incidet.

2084 2959 2277 3030 Neque
2303 2959 2459 3014 enim
2485 2956 2772 3014 tolerabile
2797 2963 2882 3013 est
2911 2958 2982 3014 ob
3020 2959 3162 3013 hanc
3190 2957 3600 3030 negligentiam
3625 2973 3718 3012 re-

2087 3053 2196 3124 giae
2236 3052 2474 3107 civitatis
2513 3067 2766 3107 amorem
2795 3069 2911 3124 quo
2958 3056 3220 3108 tenemur
3263 3051 3580 3118 adremitti,
3621 3055 3722 3106 aut

2085 3146 2256 3200 rebus
2270 3145 2534 3200 omnibus
2551 3146 2662 3202 Deo
2689 3151 2916 3201 auctore
2936 3145 3147 3217 pacatis
3172 3146 3290 3200 sola
3309 3143 3723 3216 tranquillitate

2088 3239 2253 3310 erigi,
2283 3242 2339 3294 et
2365 3239 2423 3294 in
2449 3239 2636 3294 media
2666 3239 2806 3295 urbe
2836 3238 3124 3308 confundi,
3153 3244 3218 3294 ut
3246 3238 3596 3294 desideratur
3637 3239 3720 3292 ci-

2085 3331 2269 3386 vilitas
2289 3333 2352 3385 in
2381 3332 2740 3386 archilatiora
2769 3333 2814 3401 δ,
2845 3348 2973 3402 qua:
2999 3335 3083 3386 est
3109 3330 3214 3384 sub
3238 3331 3490 3386 hostium
3529 3331 3726 3385 vicini-

2087 3424 2217 3479 tatis
2247 3440 2403 3478 cura.
2439 3425 2505 3478 Et
2531 3439 2602 3478 ne
2644 3423 2784 3494 quid
2833 3423 3086 3478 omisisse
3115 3423 3428 3492 videamur,
3458 3441 3589 3478 eum
3618 3441 3721 3478 ne-

2087 3517 2389 3572 cessariam
2417 3515 2771 3572 credideritis
2800 3516 3052 3589 episc0pi
3077 3516 3400 3588 Symmachi
3425 3517 3486 3572 in
3522 3517 3723 3589 cogni-

2088 3611 2240 3665 tione
2261 3610 2644 3682 praesentiam,
2671 3609 2929 3666 Gudilam
2961 3613 3018 3664 et
3050 3610 3439 3682 Bedeulphum
3455 3610 3725 3664 sublimes

2090 3705 2258 3772 viros,
2287 3704 2530 3775 majores
2546 3703 2751 3758 domus
2779 3709 3006 3770 nostrae,
3033 3720 3178 3774 quos
3208 3703 3276 3758 de
3305 3709 3583 3774 praesente
3614 3703 3722 3758 mi-

2091 3799 2268 3853 simus
2279 3814 2408 3852 cum
2423 3797 2822 3852 Gonzatrierno
2836 3798 2958 3868 [Με.
2976 3813 3106 3852 cum
3122 3797 3287 3851 illum
3301 3813 3450 3852 com.
3462 3797 3724 3865 Arierno;

2089 3893 2250 3959 forte,
2281 3907 2410 3945 cum
2439 3889 2643 3946 illustri
2663 3891 2866 3945 comite
2895 3889 3154 3960 Arierno]
3177 3905 3249 3944 ne
3270 3889 3407 3962 quid
3429 3890 3729 3946 dubitatio-

2091 3985 2180 4040 nis
2206 3984 2416 4040 habeat
2419 3985 2442 4056 j
2453 3984 2600 4038 ussio
2609 3988 2822 4054 nostra,
2837 3987 3188 4038 sacramenta
3200 3983 3554 4056 praestabunt
3565 3984 3725 4038 satis-

2093 4077 2296 4134 faetnri
2311 4078 2602 4150 designato
2623 4077 2904 4150 episcopo,
2921 4078 3402 4150 quemadmodum
3420 4077 3729 4134 aestimave-

2093 4173 2170 4228 rit
2191 4171 2474 4228 ordinatio
2501 4177 2684 4228 vestra
2713 4189 2726 4226 :
2758 4171 3040 4226 suffecerit
3077 4176 3142 4225 ut
3170 4175 3400 4224 vocatus
3427 4169 3498 4223 ad
3541 4169 3728 4224 conci-

2094 4267 2236 4322 lium
2262 4266 2400 4321 citra
2420 4266 2629 4320 Urbem
2647 4270 2704 4319 et
2729 4264 3004 4318 molestias
3025 4267 3182 4318 metu
3202 4279 3432 4316 securus
3451 4266 3730 4317 occurrat.

2097 4361 2262 4414 Orate
2292 4376 2393 4429 pro
2421 4375 2532 4426 me,
2580 4357 2796 4412 domini
2838 4356 3014 4411 sancti
3049 4361 3104 4410 et
3139 4355 3487 4410 venerabiles
3515 4359 3728 4427 patres.

2097 4454 2298 4506 Datum
2312 4456 2394 4506 est
2409 4451 2512 4505 sub
2525 4451 2614 4506 die
2625 4467 2677 4504 vi
2695 4451 2816 4505 Kal.
2837 4449 3122 4521 Septemb.
3133 4491 3146 4516 ,
3166 4449 3731 4521 Ravenna,regnante

2097 4544 2422 4618 supradicto
2453 4543 2730 4611 feliciter;
2765 4543 2968 4599 Ruﬁno
2993 4543 3202 4598 Avieno
3235 4543 3435 4597 Fausto
3459 4558 3510 4596 v.
3540 4559 3588 4598 c.
3621 4559 3732 4597 cos.

2171 4645 2197 4684 ι)
2226 4645 2406 4700 Locus
2433 4643 2554 4698 sine
2583 4658 2688 4714 ope
2714 4643 2956 4697 aliorum
2985 4640 3254 4698 Codicum
3285 4640 3624 4696 insanabilis.

368 4728 3725 4752 ______________________,________.________.

1530 4798 1636 4862 AD
1677 4795 2246 4863 THEODORICUM
2297 4793 2568 4860 REGEM

1195 4907 1785 5003 RELATIO
1899 4903 2911 5000 EPISCOPORUM.

439 5097 674 5176 Agimns
704 5097 816 5151 Deo
848 5093 1188 5168 gratias,qui
1205 5109 1410 5166 regum
1429 5093 1603 5148 corda
1629 5092 1855 5164 pietatis
1881 5107 2000 5146 suae
2018 5104 2079 5178 D
2103 5073 2275 5162 (Joan.
2300 5092 2406 5161 xv),
2437 5089 2588 5162 quod
2611 5089 2813 5161 utique
2828 5086 2966 5144 boni
2995 5085 3430 5158 intelligendum
3459 5091 3562 5140 est.
3586 5085 3736 5140 ldeo—

371 5207 548 5246 manu
577 5195 636 5246 et
661 5189 943 5262 gubernat
967 5193 1026 5244 et
1053 5191 1354 5260 temperat,
1383 5186 1611 5259 quando
1659 5186 1730 5241 ab
1758 5185 1880 5258 ipso
1901 5201 1999 5242 ve-

373 5285 460 5339 nit
488 5284 638 5356 quod
663 5283 965 5338 clementia
991 5285 1172 5337 vestra
1198 5296 1266 5336 ex
1293 5296 1604 5349 amore_suo
1619 5279 1915 5352 praeceptis
1933 5279 2004 5334 ad

372 5394 479 5434 nos
506 5375 970 5433 moderatissimis
994 5391 1100 5448 per
1126 5375 1374 5446 majores
1400 5375 1606 5431 domus
1633 5373 1897 5429 Gudilam
1949 5377 2007 5428 et

375 5465 765 5542 Bedeulphum
805 5468 1074 5524 sublimes
1117 5470 1330 5524 vestros
1372 5468 1560 5523 missis
1598 5467 1860 5523 ostendit.
1919 5466 2005 5522 Sic

376 5563 538 5620 enim
571 5566 894 5619 mansuetos
926 5562 1214 5635 principes
1253 5562 1376 5618 εωὶί
1419 5561 1690 5616 Dominus
1713 5561 1847 5616 fecit
1886 5575 2007 5615 esse

375 5673 517 5730 quos
561 5655 768 5730 diligit,
807 5659 863 5711 et
900 5655 1206 5729 propitiata
1252 5655 1522 5712 Divinitas
1557 5671 1654 5712 eos
1709 5654 1769 5710 in
1824 5653 2007 5710 causis

376 5749 644 5808 omnibus
672 5749 952 5806 mandatis
985 5749 1102 5805 suis
1137 5749 1365 5806 ordinat
1399 5750 1656 5818 obedire;
1684 5749 1841 5821 quod
1869 5747 2004 5804 scri-

377 5850 540 5919 ptum
571 5850 677 5919 est,
707 5843 932 5902 dicente
960 5845 1074 5901 Deo
1108 5860 1121 5900 :
1151 5845 1277 5904 Sine
1302 5859 1383 5902 me
1406 5843 1564 5901 mihi!
1579 5845 1806 5916 potestis
1828 5843 2010 5911 facere

2104 5201 2216 5257 que
2242 5189 2436 5239 nostro
2451 5188 2568 5238 toto
2579 5182 2784 5238 affectu
2813 5184 2869 5236 el
2889 5181 3156 5253 obsequio
3169 5179 3405 5251 jussioni
3427 5184 3624 5234 vestras
3645 5196 3740 5250 pa-

2103 5295 2227 5333 rere
2251 5277 2555 5344 voluimus,
2585 5281 2642 5332 et
2663 5275 2734 5330 ad
2759 5291 2968 5346 papam
2987 5275 3085 5346 qui
3110 5274 3511 5345 impetebatur,
3539 5275 3742 5344 quater

2107 5387 2236 5426 cum
2261 5369 2580 5426 sacerdotes
2605 5373 2829 5423 nostros
2870 5383 2938 5422 ex
2985 5367 3230 5422 secunda
3268 5367 3480 5438 synodo
3527 5364 3736 5418 direxi-

2105 5481 2254 5533 mus,
2287 5467 2349 5517 ut
2390 5463 2461 5517 ad
2490 5461 2772 5532 judicium
2820 5461 3166 5517 conveniret.
3197 5460 3308 5516 Sed
3343 5472 3638 5514 occurrere
3679 5473 3736 5510 se

2105 5556 2389 5614 audentia“:
2420 5559 2628 5611 nostrae
2639 5555 2868 5628 penitus
2883 5571 2995 5611 non
3013 5570 3175 5628 posse
3201 5552 3412 5617 statuit,
3441 5549 3732 5604 mandans.

2107 5651 2362 5708 Primum
2389 5649 2462 5705 ad
2489 5653 2828 5705 conventum
2865 5655 3136 5716 vestrum,
3171 5644 3396 5718 quando
3424 5645 3617 5700 Roma!
3640 5660 3737 5697 ve-

2105 5744 2286 5815 nistis,
2318 5743 2440 5799 sine
2467 5743 2656 5816 aliqua
2682 5743 3035 5800 dubitatione
3063 5737 3380 5810 properavi,
3410 5743 3466 5792 et
3508 5736 3739 5808 privile-

2109 5837 2203 5910 gia
2226 5853 2356 5895 mea
2380 5836 2656 5896 voluntati
2669 5837 2842 5910 regia
2866 5831 3121 5902 submisi,
3136 5834 3194 5888 et
3206 5830 3599 5888 auctoritatem
3615 5847 3744 5903 syn-
