4076 6186
366 278 510 332 1115

1510 273 1766 330 διΕουιι
1805 275 1997 332 SEXTI
2034 275 2588 333 SUPPLEMENTUM.

3599 281 3738 334 1116

363 381 458 437 odi
496 380 658 450 dedi;
705 379 851 436 sicut
886 381 1057 436 habet
1100 381 1473 438 ecclesiastica
1519 379 1838 453 disciplina,
1907 399 1998 439 re-
2022 393 2082 468 Α
2103 383 2470 455 congruebat.
2498 383 2644 449 Quia
2671 383 3003 441 confusione
3023 387 3198 440 tantm
3225 383 3465 441 civitatis
3481 387 3537 440 et
3559 385 3740 457 gemi-

361 474 767 530 staurationem
809 474 1174 530 ecclesiarum
1220 477 1560 548 regulariter
1601 477 1848 550 poposci,
1904 478 2002 533 sed

360 567 554 623 nullus
579 567 722 622 mihi
747 584 781 622 a
801 567 956 623 vobis
975 567 1205 624 effectus
1232 575 1334 626 est.
1362 571 1573 629 Deinde
1589 589 1720 628 cum
1749 571 2002 629 venirem

363 677 494 716 cum
521 661 673 716 clero
691 677 840 730 meo,
864 661 1168 718 crudeliter
1185 668 1460 720 mactatus
1477 683 1625 723 sum.
1648 667 1891 723 Ulterius
1909 682 2003 722 me

362 757 550 810 vestro
581 753 832 810 examini
856 771 975 810 non
1001 757 1298 817 committo
1331 775 1344 813 :
1375 759 1435 814 in
1463 763 1739 832 potestate
1773 760 1870 816 Dei
1894 765 1999 829 est,

369 852 427 904 et
447 847 661 904 domini
691 847 861 919 regis,
889 849 1026 922 quid
1053 850 1122 906 de
1149 867 1239 906 me
1265 851 1538 908 deliberet
1561 854 1842 910 ordinare.
1872 856 2004 909 Post

367 941 654 1014 episcopos
677 945 868 996 tamen
900 942 950 998 ei
981 944 1255 1016 majorem
1283 946 1485 1002 domus
1509 952 1706 1002 vestrm
1726 947 2001 1003 illustrem

365 1035 552 1089 virum
590 1034 936 1107 Arigernum
975 1037 1306 1106 direximus,
1335 1039 1423 1094 cui
1455 1041 1592 1113 quid
1620 1041 1876 1114 responsi
1900 1041 2000 1098 de-

367 1127 517 1183 derit
534 1145 636 1183 sua
659 1129 1021 1201 suggestione
1050 1133 1362 1194 renuntiat;
1385 1138 1440 1189 et
1464 1133 1793 1190 intimamus
1813 1138 2002 1190 tamen

367 1221 726 1278 serenissimo
748 1223 976 1291 domno,
1008 1225 1140 1296 quia
1165 1227 1332 1282 nobis
1351 1227 1490 1300 quid
1518 1228 1795 1300 possimus
1821 1229 2003 1284 facere

365 1332 480 1371 non
494 1316 786 1386 remansit,
800 1333 905 1372 nec
919 1317 1161 1374 invitum
1177 1321 1246 1376 ad
1261 1321 1733 1394 disceptationem
1749 1326 2004 1377 nostram

365 1409 649 1466 adducere
677 1427 1000 1482 possumus.
1033 1413 1146 1485 lpsi
1173 1429 1279 1486 per
1311 1432 1558 1471 canones
1593 1416 2002 1488 appellationes

367 1503 627 1558 omnium
655 1503 1050 1576 episcoporum
1088 1508 1403 1563 commissas
1443 1513 1603 1578 sunt;
1633 1513 1689 1564 et
1719 1526 1850 1564 cum
1881 1509 2003 1582 ipse

365 1597 635 1670 appellat,
666 1597 869 1668 ecquid
912 1597 1276 1655 faciendum?
1301 1617 1433 1657 cum
1470 1617 1575 1657 nec
1606 1603 1665 1656 in
1707 1603 2004 1658 absentem

361 1688 650 1744 valeamus
692 1690 841 1746 ferre
866 1691 1227 1760 sententiam,
1273 1709 1377 1749 nec
1426 1694 1772 1750 contumacis
1814 1695 2004 1750 locum

2101 493 2250 544 mus,
2277 481 2334 534 et
2360 477 2776 534 horrescimus:
2797 479 2871 535 ad
2895 479 3310 552 amplissimum
3329 482 3594 534 senatum
3614 478 3737 534 col-

2099 572 2366 644 legasque
2426 575 2651 629 nostros
2703 573 2950 628 secundo
2999 572 3337 643 direximus,
3387 576 3614 628 orantes
3659 589 3733 627 ex

2105 665 2285 722 verbis
2308 667 2584 738 Apostoli,
2625 667 2723 740 qui
2773 671 2969 723 monet
2997 683 3011 722 :
3041 667 3194 735 Quod
3218 682 3286 721 ea:
3311 666 3460 721 vobis
3486 671 3584 729 est,
3614 681 3736 721 cum

2101 761 2341 816 omnibus
2363 777 2553 830 pacem
2581 762 2854 824 habentes,
2883 777 2989 816 non
3013 761 3355 830 vosmetipsos
3374 759 3732 823 vindicantes,

2100 854 2426 916 charissimi,
2451 853 2546 909 sed
2577 853 2702 909 date
2743 854 2916 909 locum
2946 856 3064 908 ira.
3098 854 3373 924 Scriptum
3411 857 3488 906 est
3524 855 3688 907 etiam
3715 871 3734 906 :

2099 949 2240 1002 Mihi
2265 947 2582 1012 vindictam,
2609 963 2702 1015 ego
2737 947 3057 1009 retribuam,
3099 946 3235 1001 dicit
3266 947 3522 1001 Dominus
3560 949 3735 1015 (Rom.

2101 1041 2220 1112 x11).
2250 1041 2361 1095 Nec
2399 1040 2776 1096 admonitioni
2820 1040 3152 1096 clericorum
3185 1038 3485 1107 defuimus,
3525 1039 3738 1111 quibus

2101 1134 2438 1206 regulariter
2464 1135 2724 1190 volumus
2752 1133 3074 1188 subvenire.
3101 1132 3247 1197 Quia
3271 1132 3446 1188 etiam
3485 1133 3734 1187 salutare

2101 1228 2385 1283 monitum
2419 1232 2914 1300 contempserunt;
2964 1227 3096 1281 ideo
3145 1225 3315 1281 vestri
3360 1226 3467 1280 erit
3509 1225 3736 1296 imperii

2101 1326 2245 1376 nutu
2274 1321 2371 1376 Dei
2399 1321 2680 1394 respicere
2721 1320 2982 1376 Ecclesiae
3025 1318 3589 1390 redintegrationem,
3620 1320 3730 1373 Ro-

2100 1431 2286 1470 manae
2315 1413 2555 1470 civitatis
2579 1419 2637 1470 et
2661 1414 3082 1486 provinciarum
3107 1413 3382 1485 quietem.
3397 1413 3438 1466 Ν
3446 1429 3554 1467 unc
3572 1428 3736 1484 roga-

2102 1525 2228 1564 mus
2247 1513 2313 1565 ut
2347 1507 2774 1563 inﬁrmitatibus
2801 1513 2859 1563 et
2901 1506 3204 1563 deunitatis
3241 1507 3416 1577 [Forte
3441 1504 3734 1562 indemni-

2101 1601 2223 1674 tati]
2254 1607 2482 1668 nostras,
2512 1600 2994 1673 quemadmodum
3024 1600 3104 1671 pii
3117 1599 3351 1667 domini,
3372 1597 3736 1668 succurratis;

2102 1695 2375 1768 quoniam
2403 1694 2692 1750 calliditati
2717 1693 2975 1749 saeculari
3015 1692 3372 1748 sacerdotum
3404 1691 3738 1764 simplicitas

366 1781 662 1854 deputare,
716 1783 813 1855 qui
849 1800 909 1840 se
949 1785 1236 1856 judicibus
1279 1788 1588 1843 occurrisse
1639 1789 1962 1860 preclamat
1985 1807 1998 1858 ;
2021 1771 2078 1844 B
2101 1807 2216 1845 non
2237 1788 2464 1858 sufﬁcit,
2493 1789 2682 1860 etjam
2709 1787 2920 1843 diutius
2944 1790 3267 1842 nostrorum
3291 1789 3524 1854 mortes,
3558 1787 3618 1840 et
3643 1800 3741 1856 pe-

367 1875 613 1931 maxime
639 1876 772 1948 quia
807 1893 896 1933 res
935 1895 1082 1934 nova
1102 1884 1204 1950 est,
1236 1885 1293 1936 et
1312 1881 1644 1952 pontiﬁcem
1670 1882 1816 1938 sedis
1843 1882 2002 1938 istius

366 1969 521 2041 apud
547 1986 650 2024 nos
675 1970 881 2039 audiri,
913 1972 1132 2028 nullum
1163 1977 1385 2030 constat
1421 1977 1766 2048 exemplum.
1807 1977 2001 2032 Volui-

369 2079 498 2118 mus
525 2063 678 2136 quod
698 2065 942 2122 restabat
959 2083 1156 2138 pacem
1173 2067 1342 2140 juxta
1362 2074 1709 2142 pmceptum
1726 2075 1782 2126 et
1798 2071 2002 2126 volun-

368 2159 547 2213 tatem
573 2161 818 2214 vestram
842 2160 1083 2216 reddere
1109 2161 1338 2230 civitati,
1367 2180 1498 2236 quaa
1527 2180 1614 2219 res
1639 2167 1697 2220 et
1718 2165 2006 2236 proposito

369 2253 562 2306 nostro
586 2253 770 2308 amica
787 2256 892 2323 est,
907 2259 964 2310 ct
977 2253 1314 2311 beatitudini
1340 2261 1655 2312 vestrorum
1680 2262 2007 2330 temporum

2100 1884 2278 1939 ricula
2307 1883 2665 1955 propriarum
2700 1882 2818 1954 pati
2844 1897 2960 1936 non
2987 1895 3289 1952 possumus
3331 1895 3347 1931 :
3393 1878 3492 1934 sed
3533 1894 3738 1933 conce-

2101 1977 2218 2033 dite
2244 1977 2406 2032 nobis
2432 1975 2780 2048 optatissime
2827 1977 3110 2047 preacepto
3139 1977 3346 2040 vestro,
3367 1977 3432 2027 ut
3456 1972 3526 2026 ad
3555 1971 3737 2026 eccle-

2103 2071 2212 2125 sias
2255 2075 2472 2125 nostras
2514 2070 2677 2125 liceat
2709 2086 2813 2124 nos
2845 2067 3071 2134 reverti,
3105 2065 3239 2138 quia
3273 2070 3400 2137 post
3445 2065 3570 2120 haec
3605 2080 3740 2136 quas

2105 2165 2514 2235 suggessimus,
2533 2163 2681 2219 nihil
2697 2167 2782 2218 est
2792 2161 2946 2234 quod
2958 2177 2990 2216 a
3005 2159 3168 2216 nobis
3179 2159 3359 2232 possit
3371 2157 3644 2214 ordinari.
3669 2161 3742 2214 Et

2105 2258 2222 2312 alia
2247 2257 2726 2328 manu:0ptamus
2735 2255 2893 2310 vobis
2908 2254 3171 2322 salutem,
3194 2251 3420 2308 domine
3446 2251 3736 2323 princeps.

1145 2422 1841 2515 THEODORICI,
1922 2423 2525 2497 GOTHORUM
2602 2421 2957 2510 REGIS,

1366 2547 2740 2759 PRMCEWEBTIA.

442 2801 662 2858 Flavius
703 2803 1090 2859 Theudericus
1133 2821 1254 2874 rex,
1304 2804 1576 2860 universis
1615 2804 1896 2878 episcopis
1932 2805 2003 2860 ad
2025 2817 2080 2892 ρ
2102 2809 2289 2871 vente,
2335 2806 2522 2875 optata
2563 2819 2668 2875 per
2715 2819 2810 2858 vos
2848 2801 3151 2858 concordia
3195 2801 3548 2858 redderetur.
3575 2802 3743 2856 Nunc

371 2895 652 2966 synodum
677 2897 1012 2952 convocatis.

447 2989 716 3044 Decuerat
765 2991 998 3062 quidem
1055 2991 1464 3046 beatitudinem
1509 2996 1756 3046 vestram
1801 2991 2006 3047 divina:

371 3080 842 3136 considerationis
881 3085 1196 3139 reverentia
1240 3090 1503 3139 exortum
1537 3085 1660 3155 jam
1688 3085 1876 3139 ﬁnisse
1901 3102 2004 3140 ne-

373 3176 618 3247 gotium,
646 3179 711 3230 ut
727 3174 883 3230 vobis
897 3175 1287 3232 ordinantibus
1308 3177 1626 3231 submoveri
1646 3178 1918 3248 potuisset
1937 3179 2005 3232 de

370 3273 528 3324 tanta
557 3267 777 3324 civitate
803 3269 1056 3326 confusio
1090 3287 1102 3324 :
1132 3269 1378 3324 maxime
1401 3287 1532 3324 cum
1554 3270 1841 3341 praetentis
1867 3269 2003 3324 aﬁ'e-

371 3361 554 3416 ctibus
588 3361 949 3434 jusserimus,
997 3363 1481 3436 quemadmodum
1525 3369 1778 3418 vestrum
1820 3365 2004 3418 visum

371 3454 566 3510 fuisset
589 3455 908 3527 arbitrium,
927 3460 1306 3512 memoratum
1332 3474 1432 3512 vos
1462 3457 1769 3512 terminare
1799 3457 2006 3513 debere

372 3553 663 3604 certamen
688 3566 702 3616 ;
731 3549 1044 3605 dummodo
1073 3551 1177 3606 sub
1197 3551 1351 3622 justa
1377 3550 1730 3606 ordinatione
1756 3550 2003 3617 ﬁnitum,

372 3641 766 3698 dissentientes
788 3644 989 3699 unitati
1009 3650 1066 3699 et
1095 3643 1408 3699 concordia:
1419 3643 2004 3709 redderentur.Quam

371 3735 652 3791 miramur
689 3736 876 3792 denuo
914 3737 1085 3793 fuisse
1128 3737 1450 3793 consultum
1493 3754 1506 3792 :
1546 3754 1676 3792 cum
1707 3737 1753 3792 si
1795 3754 1899 3792 nos
1934 3737 2005 3792 de

371 3829 644 3900 praisenti
679 3835 812 3885 ante
854 3831 1224 3886 voluissemus
1258 3831 1514 3903 judicare
1544 3829 1792 3903 negotio,
1814 3830 2007 3886 habito

373 3937 505 3976 cum
545 3923 873 3993 proceribus
911 3925 1116 3979 nostris
1143 3925 1211 3980 de
1245 3925 1582 3998 inquirenda
1628 3925 1859 3980 veritate
1887 3929 2004 3980 tra-

373 4017 548 4081 ctatu,
577 4015 690 4070 Deo
715 4016 962 4088 auspice,
994 4018 1376 4088 potuissemus
1413 4019 1664 4074 invenire
1700 4018 2003 4089 justitiam,

371 4124 501 4180 quas
531 4124 636 4164 nec
661 4111 927 4180 praesenti
947 4111 1170 4181 smculo,
1201 4127 1304 4166 nec
1323 4111 1532 4166 futurae
1557 4111 1792 4168 forsitan
1820 4112 2008 4183 displi-

2103 2915 2238 2954 vero
2258 2898 2456 2953 eadem
2473 2913 2600 2969 quae
2625 2897 2840 2952 dudum
2866 2896 3242 2968 praesentibus
3267 2894 3599 2950 intimamus
3617 2910 3745 2948 ora-

2106 2992 2262 3061 culis,
2306 3009 2420 3046 non
2463 3006 2653 3046 coram
2681 2991 2796 3044 Deo
2827 2995 2883 3044 et
2911 2989 3238 3044 hominibus
3277 2988 3646 3054 absolventes,
3677 2991 3746 3042 ut

2105 3103 2330 3140 causam
2360 3085 2665 3157 Dei,quam
2696 3089 2896 3138 vestrae
2907 3083 3360 3155 congregationis
3385 3081 3744 3152 amplissimo

2107 3179 2351 3244 senatui,
2383 3183 2438 3233 et
2463 3194 2661 3248 pacem
2715 3176 2934 3232 clericis
2972 3179 3282 3249 sperantes,
3325 3174 3740 3243 commisimus,

2105 3271 2586 3344 quemadmodum
2611 3271 2796 3325 visum
2817 3269 2974 3325 vobis
2998 3270 3191 3339 fuerit,
3223 3269 3494 3324 ordinetis
3514 3286 3534 3337 ;
3579 3285 3684 3338 nec
3705 3285 3740 3321 a

2105 3365 2268 3420 nobis
2296 3365 2466 3419 vestri
2485 3368 2815 3436 expectetur
2843 3363 3028 3418 forma
3049 3361 3271 3434 judicii,
3299 3362 3397 3418 sed
3431 3378 3530 3416 vos
3558 3360 3739 3432 quali-

2105 3464 2195 3514 ter
2213 3459 2380 3512 vultis
2405 3459 2676 3512 ordinate.
2706 3457 2830 3513 Sive
2861 3457 3129 3524 discussa,
3146 3456 3260 3511 sive
3280 3455 3587 3511 indiscussa
3611 3471 3742 3509 cau-

2106 3570 2166 3607 sa
2189 3552 2442 3624 proferre
2471 3550 2828 3620 sententiam,
2850 3550 2919 3605 de
2949 3566 3061 3622 qua
3085 3549 3216 3604 estis
3243 3549 3518 3604 rationem
3545 3547 3742 3602 divino

2098 3645 2316 3718 judicio
2353 3643 2671 3713 reddituri;
2713 3643 3044 3712 dummodo,
3085 3642 3250 3698 sicuti
3288 3658 3438 3714 saepe
3465 3641 3738 3708 diximus,

2105 3740 2213 3795 hoc
2241 3737 2572 3794 deliberatio
2598 3741 2781 3793 vestra
2805 3736 3112 3808 provideat,
3145 3738 3212 3791 ut
3234 3751 3344 3807 pax
3383 3735 3603 3790 senatui
3629 3751 3739 3806 po-

2105 3833 2358 3905 puloque
2382 3831 2659 3899 Romano,
2683 3829 2944 3884 submota
2975 3828 3132 3884 omni
3161 3828 3486 3884 confusione
3529 3827 3742 3882 redda-

2106 3931 2220 3996 tur,
2242 3942 2315 3980 ne
2341 3942 2472 3998 qua,
2507 3923 2660 3995 quod
2685 3923 2848 3989 absit,
2865 3926 2993 3995 post
3001 3922 3284 3994 judicium
3305 3921 3490 3990 turba,
3513 3925 3614 3975 aut
3638 3921 3744 3975 ali-

2106 4037 2218 4093 qua
2240 4022 2532 4074 remaneat
2557 4019 2617 4072 in
2635 4017 2857 4072 civitate
2885 4015 3181 4071 discordia.
3208 4015 3304 4071 Sin
3323 4019 3511 4070 autem
3533 4030 3742 4069 secun-

2108 4114 2246 4186 dum
2268 4112 2536 4168 mandata
2567 4113 2763 4166 nostra
2787 4109 3084 4166 concordia
3109 4108 3502 4164 sacratissima:
3520 4107 3685 4162 urbis
3711 4124 3746 4161 a

374 4218 501 4257 cere
530 4202 808 4274 potuisset
834 4204 984 4259 aetati
999 4204 1026 4259 ?
1047 4203 1151 4260 Sed
1178 4205 1309 4276 quia
1325 4221 1439 4260 non
1456 4209 1718 4260 nostrum
1738 4205 2010 4276 judicavi-
2027 4186 2086 4258 D
2109 4206 2266 4262 vobis
2294 4205 2468 4261 fuerit
2491 4203 2769 4274 restituta,
2791 4207 2928 4258 tunc
2953 4202 3290 4258 universitas
3313 4218 3626 4274 agnoscere
3647 4218 3747 4273 po-

372 4311 502 4350 mus
530 4297 599 4351 de
625 4296 1014 4354 ecclesiasticis
1045 4298 1259 4370 aliquid
1291 4315 1523 4354 censere
1566 4299 1810 4370 negotiis
1839 4317 1852 4353 :
1882 4299 2008 4354 ideo

371 4406 468 4444 vos
496 4390 589 4445 die
619 4390 854 4446 diversis
879 4391 1180 4463 provinciis
1220 4392 1456 4448 fecimus
1493 4408 1755 4462 evocare;
1797 4397 1862 4447 ut
1904 4392 2008 4446 sub

375 4483 550 4538 divini
578 4484 784 4540 timore
803 4485 1026 4556 judicii,
1064 4486 1235 4541 totius
1260 4486 1583 4542 certaminis
1625 4486 1784 4541 vobis
1822 4486 2013 4558 dispo-

375 4578 646 4633 nentibus
689 4595 854 4634 causa
894 4579 1182 4647 transiret,
1233 4579 1471 4652 urbique
1513 4584 1742 4650 nostra,
1775 4580 1892 4635 Deo
1927 4581 2010 4635 fa-

2106 4300 2280 4356 tuerit
2301 4299 2524 4371 justum
2549 4295 2691 4352 sacri
2713 4295 2928 4352 ordinis
2948 4295 3117 4350 vestri
3165 4295 3413 4350 extitisse
3435 4294 3743 4366 judicium.

2110 4395 2275 4450 Orate
2310 4409 2416 4464 pro
2456 4390 2640 4460 nobis,
2682 4389 2896 4445 domini
2936 4389 3114 4444 sancti
3152 4405 3218 4444 ac
3262 4388 3609 4444 venerabiles
3635 4389 3746 4442 Pa-

2111 4492 2244 4543 tres.
2278 4487 2478 4542 Datum
2500 4485 2604 4540 sub
2631 4483 2722 4540 die
2751 4482 3128 4539 Kalendarum
3155 4481 3428 4538 Octobris.

1563 4739 1866 4806 SYNODO
1931 4740 2558 4806 ECCLESIASTICJE
3064 4738 3075 4747 ’

659 4855 901 4965 VIR
981 4855 1836 4966 SPECTABILIS
1913 4854 2919 4968 ANAGNOSTICUS
2996 4850 3439 4963 REGIS.

434 5065 676 5118 Primum
703 5063 988 5120 salutandi
1009 5066 1265 5135 episcopi,
1297 5069 1348 5120 et
1376 5065 1660 5122 dicendum
1681 5069 1755 5121 eis
1781 5083 1948 5122 causa

1023 5152 1144 5206 qua:
1168 5139 1373 5206 agitur.

447 5249 502 5306 Si
532 5249 678 5304 mihi
697 5250 880 5305 visum
907 5251 1124 5320 fuisset,
1151 5257 1251 5306 aut
1291 5251 1574 5323 justitiam
1602 5251 1906 5320 habuisset,
1948 5259 2010 5308 ut

374 5359 482 5416 ego
527 5343 847 5399 debuissem
879 5345 1076 5401 audire
1106 5361 1236 5401 cum
1277 5346 1602 5418 proceribus
1653 5345 1846 5418 palatii
1871 5346 2006 5416 mei,

373 5442 677 5510 potueram
703 5442 944 5493 tractare
969 5440 1256 5510 quomodo
1275 5443 1333 5494 et
1359 5441 1468 5496 Deo
1495 5439 1810 5512 placuisset,
1837 5444 1894 5495 et
1912 5456 2012 5510 po-

374 5530 615 5586 steritati
659 5529 951 5602 ingratum
996 5547 1112 5586 non
1140 5531 1360 5602 fuisset,
1401 5533 1501 5589 sed
1539 5533 1676 5606 quia
1718 5548 1887 5588 causa
1926 5538 2012 5589 est

373 5622 475 5678 Dei
506 5628 563 5680 et
587 5623 945 5694 clericorum,
991 5623 1235 5696 ideoque
1264 5625 1434 5680 modo
1460 5626 1532 5680 ad
1557 5626 1893 5699 petitionem
1919 5642 2007 5682 se-

375 5721 546 5772 natus
569 5717 661 5772 vel
693 5717 829 5774 cleri
853 5734 923 5774 ex
948 5717 1183 5774 diversis
1207 5716 1524 5774 civitatibus
1564 5736 1878 5776 convenere
1904 5737 2008 5776 an-

378 5807 598 5878 tistites,
629 5810 788 5865 velut
831 5812 944 5866 Deo
981 5810 1190 5877 medio,
1216 5809 1531 5866 secundum
1557 5812 1711 5884 quod
1735 5812 1923 5884 legitis
1950 5813 2011 5869 in

2108 5065 2430 5138 Evangelio,
2465 5069 2520 5120 et
2544 5063 2814 5137 Apostolo
2839 5061 2909 5117 ad
2942 5057 3288 5128 Corinthios,
3319 5058 3427 5113 hoc
3450 5057 3746 5128 sequami-

2107 5160 2187 5214 ni.
2233 5161 2373 5214 Nam
2408 5158 2453 5214 si
2496 5175 2692 5214 meum
2723 5155 2979 5212 animum
3017 5152 3334 5225 requiretis,
3376 5153 3442 5206 ut
3481 5150 3749 5222 superius

2107 5253 2246 5321 dixi,
2288 5269 2416 5324 quae
2460 5250 2718 5324 prascipit
2761 5251 2911 5304 Deus
2951 5247 3010 5303 in
3050 5244 3376 5318 Evangelia,
3409 5243 3517 5300 hoc
3545 5259 3752 5314 sequa—

2113 5345 2275 5402 mini.
2320 5346 2378 5402 Si
2418 5361 2553 5400 vero
2595 5343 2755 5399 vobis
2789 5343 2974 5397 visum
3022 5339 3194 5396 fuerit
3229 5338 3350 5394 sine
3400 5335 3750 5392 discussione

2108 5455 2338 5495 causam
2370 5437 2556 5506 ﬁnire,
2581 5441 2682 5495 aut
2701 5436 3030 5504 discussam,
3057 5431 3542 5506 quemadmodum
3559 5429 3753 5486 visum

2108 5533 2299 5601 fuerit,
2313 5531 2584 5604 judicate.
2605 5532 2784 5588 Meam
2802 5544 3104 5600 personam
3121 5527 3300 5584 nolite
3319 5528 3603 5593 metuere,
3618 5524 3751 5580 red-

2109 5626 2284 5682 dituri
2309 5627 2591 5683 rationem
2603 5627 2736 5681 ante
2755 5625 3124 5696 conspectum
3152 5619 3252 5676 Dei
3281 5635 3297 5674 :
3319 5622 3546 5675 tantum
3571 5620 3662 5672 est
3686 5623 3752 5673 ut

2110 5725 2390 5790 senatum,
2409 5719 2626 5776 clerum
2651 5721 2711 5776 et
2727 5717 3008 5792 populum
3032 5713 3334 5788 paciﬁcum
3352 5710 3678 5779 dimittatis,
3693 5714 3752 5766 et

2109 5814 2261 5886 quod
2283 5811 2672 5884 judicaveritis
2701 5810 2976 5868 scribatis.
3005 5810 3116 5866 Nos
3133 5812 3326 5866 autem
3347 5806 3456 5863 hoc
3483 5803 3753 5877 probabi-

2955 6036 2972 6064 Ι
