2038 3093
137 102 203 127 1117

586 102 749 129 CLODOVEI
770 102 867 129 REGIS
886 102 1095 130 PRECEPTUM
1114 103 1158 130 AD
1178 103 1367 131 EPISCOPOS.

1746 105 1812 132 1118

134 162 198 181 mus
210 161 259 181 vos
280 153 355 181 bene
378 154 522 188 ordinare,
539 155 561 182 si
580 156 698 191 populo,
723 155 845 188 senatui,
870 156 946 183 clero
958 162 987 198 Α
998 156 1143 192 proposuit
1155 156 1374 184 similitudinem
1385 156 1558 192 :Aliquando
1568 157 1664 193 utipse
1673 158 1812 185 ﬁeretim-

133 208 234 236 pacem
243 200 387 235 integram
400 201 537 228 reddatis.
549 201 631 233 Quod
641 202 663 228 si
674 202 796 229 minime
811 202 945 237 feceritis,

134 247 290 275 ostendatis
305 255 351 274 vos
366 248 416 274 uni
429 248 504 283 parti
518 249 631 276 favisse.
645 248 753 275 Nullius
764 257 834 284 ergo
848 258 944 284 perso-

134 302 201 322 nam
215 295 281 321 ante
297 294 394 321 oculos
410 295 540 322 habeatis
553 304 558 322 :
572 295 702 330 quamvis
716 295 739 322 si
751 295 830 322 vobis
846 295 947 331 aliquis

133 341 274 369 violenter
285 341 371 368 vellet
392 350 455 377 qua:
471 341 576 376 injusta
598 345 664 369 sunt
678 342 838 377 imponere,
854 342 946 370 missis

132 387 217 414 rebus
223 386 322 413 vestris
327 385 468 421 justitiam
475 386 619 413 custodire
628 386 767 414 debeatis.
778 388 849 414 Nam
863 387 947 414 multi

133 435 161 461 et
175 435 274 460 vestrze
294 435 323 459 et
341 435 445 460 nostrae
466 433 592 467 regionis
615 433 740 469 episcopi
762 437 881 469 propter
896 434 945 461 Dei

133 488 241 513 causas,
262 481 291 506 et
307 479 343 506 de
357 479 487 506 Ecelesiis
502 481 530 506 et
544 480 578 507 de
589 479 674 507 rebus
690 480 746 507 suis
756 480 855 516 jactati
869 482 945 514 sunt,

133 529 161 555 et
172 529 270 554 tamen
285 526 391 554 vivunt.
406 527 465 561 Ego
477 535 535 553 non
549 527 641 554 solum
656 527 786 562 impono,
796 527 847 554 sed
858 527 946 554 etiam

133 582 214 609 rogo,
229 575 260 600 ut
275 573 385 600 faciatis
398 581 460 609 qua:
476 573 549 600 Deus
557 574 702 609 praecepit.
720 575 749 601 et
761 582 824 609 qua:
838 574 946 609 legistis

132 621 160 648 in
177 620 327 655 Evangelio
337 623 365 647 et
376 620 520 655 Apostolo.
529 620 557 648 Si
566 622 662 647 autem
673 620 810 648 discutitis
820 629 945 653 causam,

131 668 175 695 vel
189 667 241 694 sub
253 667 347 703 aliquo
358 667 453 694 colore
466 667 566 694 melius
576 675 690 694 causam
698 667 843 702 judicatis.
855 667 883 694 Si
896 675 945 694 au-

132 716 190 741 tem
206 714 396 741 indiscussam
406 713 579 748 dimiseritis,
591 714 665 741 datis
678 714 842 749 exemplum
853 722 944 741 sacer-

131 761 245 788 dotibus
254 760 373 788 omnino
385 761 460 788 male
469 760 663 788 conversandi.
677 761 742 788 Haec
748 769 813 788 cum
825 761 944 793 diceret,

997 205 1122 240 perator,
1137 204 1236 239 Aspari
1252 212 1269 230 a
1284 205 1383 231 senatu
1400 204 1547 231 dicebatur
1563 213 1569 237 ;
1591 204 1639 240 qui
1652 205 1708 232 tale
1721 206 1812 232 fertur

998 250 1109 278 dedisse
1124 259 1279 286 reponsum
1292 260 1298 278 :
1315 250 1413 278 Timeo
1426 259 1461 277 ne
1478 259 1529 286 per
1540 260 1585 278 me
1599 251 1733 287 peccandi
1747 259 1813 278 con-

997 295 1116 322 suetudo
1139 295 1169 322 in
1187 303 1278 330 regno
1302 298 1443 322 nascatur.
1464 296 1504 322 lta
1524 296 1585 323 dico
1609 299 1637 323 et
1659 296 1752 328 modo,
1775 304 1811 322 ne

996 339 1152 367 irascantur
1167 340 1258 366 sancti
1271 340 1366 366 Patres
1377 339 1476 373 nostri,
1489 348 1523 367 ne
1537 349 1589 375 per
1604 348 1660 374 eos,
1674 349 1737 367 cum
1754 349 1812 369 non

997 386 1472 421 discusserintetitajudicaverint,
1487 387 1662 414 consuetudo
1676 388 1811 422 peccandi

996 433 1127 460 omnibus
1148 432 1345 460 sacerdotibus
1366 433 1538 468 generaliter
1559 434 1618 460 Iiat.
1634 434 1705 460 ltem
1726 434 1748 460 si
1765 443 1810 460 vo-

996 479 1082 507 luerit
1094 479 1236 507 discutere
1250 487 1375 513 causam,
1391 482 1422 507 ut
1432 488 1547 507 securus
1561 480 1737 515 egrediatur,
1752 481 1812 508 Ari-

996 534 1112 561 gernus,
1126 526 1239 560 Gudila,
1255 528 1284 553 et
1298 526 1480 562 Bedeulphus
1491 529 1671 554 sacramenta
1686 527 1712 554 ei
1722 536 1810 563 praes-

996 573 1106 600 tabunt.
1119 574 1157 600 De
1169 581 1236 600 area
1247 581 1313 600 vero
1322 573 1366 600 vel
1378 573 1412 600 de
1425 573 1511 600 domo
1525 574 1813 609 Lateranensi,prout

992 619 1154 654 judicatum
1163 619 1259 653 fuerit,
1270 619 1363 647 eidem
1375 620 1500 655 synodus
1508 620 1619 647 reddat.
1632 621 1669 648 De
1675 620 1810 654 vindicta,

996 675 1060 702 quae
1073 668 1191 702 sperant
1211 666 1419 694 discussionem
1434 667 1458 693 si
1472 667 1513 693 eis
1528 668 1676 702 placuerit,
1693 670 1742 695 aut
1760 668 1812 703 ipsi

995 713 1141 740 vindicent
1153 715 1203 740 aut
1215 721 1285 749 quos
1300 713 1471 749 deputemus
1489 714 1599 749 legibus
1620 717 1812 750 exsequantur

997 761 1095 795 culpas
1106 760 1128 787 ⁵.

167 814 179 828 ⁸
193 815 281 841 Locus
296 815 342 841 hic
356 815 526 850 depravatus
541 815 580 842 sic
595 815 789 842 restituendus
805 817 848 842 est
861 824 894 842 ex
909 815 978 843 Cod.
990 814 1113 842 Colbert.
1127 814 1276 842 Ballerinis
1291 815 1501 842 indicantibus:
1519 817 1568 842 aut
1588 816 1641 849 ipsi
1661 815 1809 845 vindicent,

131 852 180 877 aut
193 858 239 877 nos
253 851 419 885 deputemus,
434 852 481 885 qui
494 851 596 884 legibus
611 853 795 885 exsequantur
808 851 913 886 culpas.

516 934 865 978 THEODORICI,

910 934 1208 969 GOTHORUM
1251 934 1423 977 REGIS,

616 996 1030 1139 lilio/E93396.
1047 997 1331 1139 illiillo:

172 1098 251 1130 Sive
270 1098 321 1129 lex
345 1098 424 1145 data
446 1099 716 1145 a_glori_osz'ssz'rrzo
735 1109 813 1145 rege
830 1099 1030 1145 heodorico
1054 1100 1261 1145 [Tlgz'ctlcrico]
1276 1103 1395 1145 Trontra
1415 1100 1485 1130 illos
1508 1099 1697 1145 sacerdoles,
1714 1100 1772 1140 qui

330 1138 545 1170 substantiam
560 1140 712 1172 Ecclesiae
719 1138 800 1181 jure
815 1139 936 1171 directo
951 1144 1010 1171 aut
1024 1140 1171 1178 rem/errr,
1188 1138 1382 1171 nul/lunare
1392 1143 1607 1180 prwsumunt.

165 1224 302 1251 Domitori
312 1224 397 1258 orbis,
411 1225 525 1260 praesuli
533 1228 561 1253 et
568 1227 727 1261 reparatori
742 1226 889 1260 libertatis,
905 1234 946 1253 se-
956 1232 983 1268 B
997 1227 1076 1254 enim
1098 1226 1226 1254 frustrari
1240 1227 1299 1253 sola
1310 1226 1451 1262 pontificis
1467 1226 1610 1252 voluntate
1622 1225 1665 1252 vel
1677 1226 1745 1252 eleri
1760 1234 1809 1261 pe-

132 1270 210 1297 natui
220 1271 297 1298 urbis
312 1272 419 1305 Romae,
435 1272 545 1299 Flavius
560 1273 752 1300 Theodoricus
768 1274 835 1300 Rex.

167 1318 297 1345 Pervenit
313 1318 350 1345 ad
375 1327 436 1352 nos,
459 1320 554 1354 patres
574 1320 738 1355 conscripti,
761 1321 796 1347 de
819 1320 945 1347 ecclesia:

132 1365 219 1391 missa
239 1365 362 1392 utilitate
379 1366 535 1401 suggestio,
552 1368 580 1393 et
597 1368 699 1394 nostras
714 1366 946 1394 mansuetudinis

132 1413 212 1446 grata
227 1411 298 1438 sacri
313 1414 400 1439 caatus
415 1412 501 1439 vestri
515 1413 656 1439 ordinatio
669 1413 754 1440 corda
768 1413 897 1448 pulsavit.
912 1414 946 1440 Et

131 1457 196 1485 licet
210 1461 274 1493 post
288 1458 483 1485 venerabilem
503 1459 645 1494 synodum
661 1460 698 1486 ad
714 1460 879 1495 hujusmodi
899 1460 946 1486 de-

132 1504 297 1531 cretavestri
307 1505 580 1532 sui'ﬁciatordinatio
593 1506 651 1533 sola
660 1506 770 1540 judicii,
785 1508 881 1532 tamen
894 1515 944 1541 pro

130 1553 223 1578 vestra
233 1551 394 1586 hujusmodi
409 1552 598 1587 prmseutibus
607 1553 727 1579 oraculis
738 1552 871 1580 dedimus
880 1561 946 1580 ron-

130 1595 270 1622 solatione
282 1604 465 1630 responsum;
476 1599 508 1623 ut
521 1596 593 1623 nulli
609 1597 649 1623 fas
664 1597 699 1624 sit
713 1597 844 1624 Ecclesiae
855 1598 946 1631 cujus-

131 1641 199 1669 libet
215 1641 333 1669 antistiti
349 1642 401 1669 sub
421 1642 548 1677 qualibet
569 1643 740 1670 alienatione
758 1643 792 1669 de
814 1644 943 1678 proprie-

130 1691 189 1716 tate
204 1690 364 1715 contractus
380 1697 462 1715 usum
478 1689 602 1715 fructum
616 1690 702 1724 plane
718 1698 800 1715 suum
812 1689 856 1716 cui
871 1690 945 1716 salva

130 1735 272 1762 voluerint
284 1735 496 1771 [Al.,voverint]
507 1736 640 1770 aequitate
649 1735 835 1770 prmstabunt.
848 1736 945 1771 Neque

994 1273 1118 1309 regrinis
1125 1274 1221 1300 debita
1231 1273 1362 1300 omnibus
1370 1273 1414 1299 vel
1426 1272 1510 1300 statui
1517 1272 1647 1300 Ecclesiae
1656 1280 1702 1299 res
1709 1272 1809 1299 delata.

995 1321 1068 1353 Quid
1084 1320 1161 1346 enim
1176 1323 1237 1347 tam
1257 1320 1422 1355 profanum,
1442 1327 1529 1354 quam
1547 1320 1579 1345 ut
1595 1319 1647 1346 hac
1662 1319 1811 1354 largientis

995 1369 1074 1402 parte
1097 1360 1218 1393 violetur
1231 1366 1381 1393 arbitrium
1394 1366 1407 1393 ?
1423 1367 1496 1393 Dum
1512 1366 1590 1401 quod
1609 1366 1645 1392 ad
1660 1365 1809 1392 ecclesiam

995 1414 1115 1449 quisque
1133 1413 1221 1440 voluit
1235 1413 1389 1448 pertinere,
1401 1412 1518 1448 privatae
1529 1412 1635 1448 [prave]
1650 1412 1707 1439 sive
1718 1412 1809 1439 vindi-

995 1463 1059 1487 cent
1074 1468 1125 1495 per
1136 1459 1351 1487 usufructuarim
1365 1467 1495 1494 persona:
1507 1461 1694 1486 contractum.
1706 1460 1778 1493 Ergo
1788 1459 1811 1485 si

996 1507 1058 1542 quis
1081 1507 1206 1544 scelestis
1231 1506 1345 1533 ausibus
1367 1506 1519 1533 interdicta
1542 1505 1765 1541 prmsumpserit,
1783 1507 1811 1532 et

996 1554 1069 1580 ultra
1080 1554 1289 1580 usumfructum
1301 1553 1424 1580 retinere
1433 1553 1521 1587 cupit,
1532 1553 1664 1587 episcopo
1678 1552 1721 1578 vel
1735 1552 1810 1579 clero

995 1600 1147 1634 largiente,
1164 1600 1286 1626 alienata
1301 1608 1345 1626 res
1360 1599 1488 1634 protinus
1503 1607 1567 1625 cum
1583 1598 1720 1624 fructibus
1736 1606 1752 1624 a
1767 1607 1812 1624 ve-

996 1646 1124 1672 nerando
1138 1646 1258 1680 prtesule
1275 1645 1446 1672 vindicetur.
1464 1646 1496 1672 Et
1511 1647 1622 1671 cmtera.
1637 1645 1708 1671 Data
1722 1652 1737 1671 γ
1748 1644 1811 1671 ldus

995 1692 1108 1719 Martias
1138 1693 1290 1725 Ravenna',
1317 1692 1457 1718 Venantio
1482 1700 1507 1717 v.
1540 1699 1563 1717 ο.
1590 1691 1705 1717 consule
1732 1691 1811 1725 (anno

997 1737 1096 1765 Christ.
1115 1736 1186 1770 507).

205 1893 699 1991 ATHALARICUS,
744 1842 1288 2015 AMALIA‘SIIIJINTHA,
1332 1928 1747 1989 THEODATUS,

549 2031 626 2064 VEL
661 2015 1109 2073 THEODAHADUS,
1146 2017 1389 2063 VITIGES.

172 2090 312 2129 (Horum
323 2091 455 2131 pietatis
469 2094 500 2121 et
518 2091 543 2130 li

544 2090 598 2122 dei
617 2091 713 2121 varia
729 2095 939 2121 monumenta
960 2095 1088 2122 exstant
1101 2090 1194 2130 apud
1213 2090 1457 2127 Cassiodorzmz,
1475 2091 1508 2120 in
1530 2090 1705 2121 Variarum
1719 2089 1812 2120 libris

129 2140 193 2165 VIII,
211 2140 243 2161 1x
266 2135 295 2171 et
317 2130 350 2161 x.
370 2131 497 2170 Legesis
513 2130 794 2171 prasertimnlibri
810 2139 871 2171 vui
881 2132 972 2170 epist.
996 2134 1024 2165 8,
1047 2133 1095 2163 ~24.
1115 2132 1152 2171 3:}
1179 2130 1312 2171 [Pati-al.
1337 2134 1413 2160 tom.
1438 2130 1554 2168 LXIX,
1571 2130 1628 2160 col.
1650 2132 1808 2171 7397,7757,

130 2171 211 2211 763];
234 2170 312 2201 libri
330 2180 362 2201 1x
383 2168 474 2211 epist.
494 2168 522 2204 5'.
547 2173 596 2206 15,
621 2173 657 2201 16
680 2170 787 2210 [Ibi(l.,
808 2170 878 2200 coll.
896 2168 972 2208 '770,
990 2173 1058 2204 778,
1081 2170 1162 2209 78!];
1181 2168 1260 2200 libri
1278 2179 1298 2200 Χ
1322 2171 1413 2211 epist.
1438 2174 1467 2207 ‘J,
1496 2173 1543 2208 ‘15,
1566 2173 1615 2206 9.6,
1638 2172 1676 2201 34
1701 2168 1808 2209 [lbid..

129 2210 200 2241 coll.
223 2213 292 2246 798,
310 2213 380 2248 808,
396 2210 466 2247 9.15,
485 2210 579 2249 822].)

600 2319 1351 2518 CLODBVEUS,

732 2528 842 2563 REX
878 2528 1217 2564 FRANCOHUM.

386 2630 622 2669 CLODOVEI
647 2650 653 2651 ί
666 2630 803 2669 REGIS

846 2629 1147 2669 PR/ECEPTUM

1190 2630 1254 2669 AD
1296 2629 1544 2669 EPISCOPOS

711 2684 810 2717 POST
832 2684 990 2717 BELLUM
1013 2684 1226 2717 GOTHICUM.

224 2735 271 2766 De
288 2734 426 2774 captivis
441 2738 511 2765 tum
527 2734 661 2772 clericis,
678 2738 747 2765 tum
762 2734 864 2773 laz'cis,
881 2735 1105 2776 episcoporum
1120 2734 1256 2765 arbitrio
1271 2738 1302 2765 et
1316 2735 1497 2766 testimonio
1514 2734 1714 2765 relaxandis.

168 2820 293 2848 Dominis
301 2820 404 2847 sanctis
414 2822 442 2847 et
453 2819 606 2855 apostolica
617 2819 684 2847 sede
699 2819 876 2855 dignissimis
888 2821 946 2858 epi—
957 2825 984 2863 ρ
1033 2820 1205 2848 Enuutiaute
1212 2821 1299 2856 fama,
1308 2821 1375 2858 quid
1386 2823 1480 2848 actum
1491 2819 1624 2847 fueritvel
1635 2822 1808 2855 pra-ceptum

130 2868 220 2905 scopis
234 2867 440 2896 Chlotovechus
457 2875 516 2894 rex.

997 2868 1076 2897 omni
1090 2868 1224 2896 exercitui
1237 2870 1343 2902 nostro,
1354 2868 1521 2904 priusquam
1530 2865 1559 2894 in
1570 2867 1691 2902 patriam
1699 2866 1807 2894 Gotho-
