4076 6186
365 240 498 295 1119

1487 237 1742 296 SECULI
1778 237 1971 294 SEXTI
2009 235 2567 293 SUPPLEMENTUM.

3582 239 3726 293 1120

353 361 483 401 rum
515 343 975 418 ingrederemur,
989 343 1411 400 beatitudinem
1422 348 1672 400 vestram
1687 345 1986 416 praeterire
2006 356 2068 430 Α
2087 342 2318 416 captivis
2360 341 2538 410 laicis,
2587 341 2685 415 qui
2719 345 2878 398 extra
2914 357 3114 414 pacem
3159 345 3293 398 sunt
3331 342 3621 415 captivati,
3669 349 3730 399 et

358 457 477 495 non
508 439 715 512 potuit.
734 440 797 493 In
813 437 1001 510 primo
1021 453 1247 510 quoque
1268 437 1339 492 de
1356 437 1680 495 ministerio
1706 439 1984 496 Ecclesia-

354 549 487 588 rum
506 533 766 589 omnium
785 529 1182 604 praecepimus,
1206 531 1434 586 utullus
1453 531 1529 586 ad
1548 533 1986 605 subripiendum

353 626 416 681 in
449 627 638 699 aliquo
668 629 986 692 conaretur,
1015 640 1206 696 neque
1230 624 1303 678 de
1317 625 1864 696 sanctimonialibus,
1889 643 1988 682 ne-

359 737 471 792 que
492 720 564 775 de
595 717 800 786 viduis,
828 733 956 790 qua:
975 717 1036 774 in
1065 717 1345 789 religione
1369 718 1595 774 domini
1611 719 1834 775 devotae
1865 722 1992 775 esse‘

359 814 760 886 probarentur.
804 811 989 867 Simili
1033 811 1364 867 conditione
1404 817 1463 868 et
1499 812 1570 867 de
1615 813 1854 881 clericis,
1899 815 1988 868 vel

358 907 488 962 ﬁliis
516 905 996 978 supradictorum,
1036 908 1158 960 tam
1199 905 1560 976 clericorum,
1592 922 1764 978 quam
1789 906 1985 962 vidua-

358 1016 508 1067 rum,
539 999 639 1071 qui
669 1015 800 1054 cum
829 999 940 1054 illis
973 999 1031 1053 in
1063 998 1236 1054 domo
1269 999 1526 1071 ipsorum
1561 1000 1873 1055 consistere
1904 1001 1987 1055 vi-

360 1093 664 1149 debantur.
688 1093 845 1148 Idem
873 1096 932 1148 et
951 1093 1020 1148 de
1039 1093 1214 1146 servis
1235 1093 1622 1160 ecclesiarum,
1637 1110 1784 1166 quos
1803 1095 1873 1148 de
1897 1110 1988 1150 ec-

359 1186 546 1242 clesiis
565 1189 778 1240 tractos
796 1202 904 1258 per
923 1185 1315 1257 episcoporum
1345 1190 1706 1241 sacramenta
1728 1187 1993 1243 constite-

360 1280 454 1350 rit,
488 1283 843 1352 prteceptum
873 1283 960 1333 est
991 1279 1311 1345 observare,
1340 1283 1403 1333 ut
1425 1281 1614 1335 nullus
1643 1296 1710 1334 ex
1741 1281 1876 1352 ipsis
1894 1281 1993 1336 ali-

363 1390 535 1446 quam
565 1373 896 1428 violentiam
924 1373 1012 1427 vel
1043 1373 1322 1427 damnum
1362 1376 1678 1444 pateretur.
1723 1373 1886 1438 Quod
1912 1374 1994 1430 ita

367 1467 440 1522 ad
461 1467 755 1538 integrum
777 1471 861 1521 est
882 1465 1335 1538 agnoscendum,
1355 1471 1418 1520 ut
1437 1482 1504 1520 ex
1523 1466 1612 1521 his
1631 1467 1990 1539 supradictis,

367 1560 413 1615 si
441 1559 648 1633 aliquis
663 1560 780 1613 vim
799 1554 1142 1632 captivitatis
1161 1559 1508 1630 pertulisset,
1523 1559 1635 1615 sive
1656 1560 1715 1615 in
1738 1561 1992 1627 ecclesia,

368 1655 485 1709 sive
512 1659 672 1709 extra
701 1654 1015 1720 ecclesiam,
1046 1653 1284 1708 omnino
1318 1653 1438 1708 sine
1482 1653 1678 1724 aliqua
1721 1653 1995 1710 dilatione

370 1746 702 1803 reddendos
742 1763 864 1800 esse
909 1745 1325 1818 prmcipiamus.
1382 1747 1464 1802 De
1495 1747 1714 1802 caeteris
1759 1747 1994 1820 quidem

2085 436 2303 492 fuerint
2329 435 2649 510 approbati,
2697 434 3004 508 apostolica
3035 435 3125 491 cui
3164 435 3454 491 volueritis
3499 437 3730 492 arbitrii

2084 530 2256 586 vestri
2285 533 2372 585 est
2401 546 2522 585 non
2561 528 2916 600 negandum.
2947 529 3094 584 Nam
3132 528 3204 585 de
3234 529 3324 584 his
3352 530 3453 602 qui
3490 529 3550 584 in
3581 547 3728 602 pace

2086 627 2302 691 nostra,
2334 627 2453 680 tam
2499 623 2689 678 clerici
2714 639 2888 695 quam
2931 621 3078 692 laici,
3125 621 3380 694 subrepti
3409 623 3648 690 fuerint,
3681 624 3730 678 si

2086 718 2364 773 veraciter
2385 717 2713 788 agnoscitis,
2742 720 2956 772 vestras
2984 715 3253 788 epistolas
3278 716 3351 770 de
3381 717 3598 772 annulo
3637 733 3735 771 ve-

2089 815 2204 868 stro
2233 811 2384 866 infra
2407 810 2657 882 signatas
2673 809 2750 864 sic
2777 810 2849 866 ad
2867 826 2972 866 nos
2998 809 3348 865 omnimodis
3373 810 3655 882 dirigatis,
3671 813 3736 865 et

2087 923 2121 961 a
2137 909 2296 976 parte
2312 909 2507 960 nostra
2521 903 2970 976 praeceptionem
2988 905 3162 959 latam
3193 903 3461 959 noveritis
3485 920 3607 959 esse
3627 903 3732 958 fir-

2088 998 2388 1054 mandam.
2408 998 2496 1054 Sic
2519 1000 2715 1052 tamen
2730 997 2976 1069 populus
3003 1003 3199 1052 noster
3226 997 3390 1068 petit,
3413 1001 3475 1052 ut
3497 996 3738 1052 cuicun-

2090 1108 2200 1166 que
2231 1091 2499 1163 epistolas
2531 1095 2743 1146 vestras
2772 1093 3048 1163 praestare
3076 1089 3300 1145 fueritis
3328 1089 3567 1161 dignati,
3591 1105 3730 1145 cum

2090 1187 2447 1240 sacramento
2477 1201 2582 1256 per
2602 1184 2806 1251 Deum,
2828 1188 2886 1239 et
2905 1182 3306 1238 benedictione
3323 1188 3510 1238 vestra
3534 1183 3733 1238 dicere

2093 1296 2208 1334 non
2243 1277 2482 1334 tardetis
2525 1293 2649 1332 rem
2688 1277 2855 1332 istam
2891 1293 3020 1350 quas
3065 1276 3318 1348 poscitur
3350 1293 3544 1332 veram
3584 1292 3733 1343 esse,

2094 1372 2231 1444 quia
2253 1372 2561 1427 multorum
2582 1371 2881 1426 varietates
2899 1371 2988 1426 vel
3009 1369 3286 1426 falsitates
3306 1369 3551 1425 inventa:
3573 1374 3736 1438 sunt,

2093 1469 2157 1520 ut
2182 1464 2722 1536 comprehendatur,
2748 1463 2892 1519 sicut
2911 1463 3189 1536 scriptum
3221 1469 3306 1520 est
3334 1481 3348 1519 :
3387 1467 3535 1520 Perit
3546 1465 3743 1533 justus

2094 1574 2210 1613 cum
2238 1560 2405 1630 impio
2436 1559 2640 1628 (Genes.
2665 1560 2837 1628 xvm).
2872 1557 3044 1612 Orate
3069 1574 3174 1630 pro
3203 1573 3319 1624 me,
3351 1556 3573 1612 domini
3595 1573 3736 1611 san-

2095 1651 2194 1719 cti,
2225 1656 2282 1706 et
2309 1650 2624 1723 apostolica
2650 1651 2786 1706 sede
2812 1649 3136 1724 dignissimi
3161 1667 3344 1723 papae.

1366 2029 2774 2451 CLOTXIRIUS,

1581 2485 1805 2558 REX
1855 2487 2540 2562 FRANCORUM.

1392 2628 1786 2638 *αρ’-*-

1745 2723 2109 2790 CLOTARII
2155 2725 2387 2791 REGIS

1186 2853 2032 2950 CONSTITUTIO
2070 2853 2104 2892 ⁸
2173 2855 2931 2950 GENERALIS.

373 3099 823 3155 Chlodaeharius
852 3101 1215 3173 [Clotharius]
1244 3119 1342 3157 rex
1371 3103 1720 3158 Francorum
1741 3103 2006 3160 omnibus
2025 3119 2081 3190 Β
2107 3107 2341 3178 negotia
2367 3122 2667 3162 causarum
2694 3103 2961 3160 Romanis
2980 3102 3204 3176 legibus
3235 3099 3605 3174 precipimus
3625 3103 3752 3154 ter-

1011 3195 1313 3266 agentibus
1338 3215 1383 3255 b.

447 3288 587 3342 Usus
613 3289 700 3341 est
727 3287 1049 3342 clementia:
1081 3287 1410 3361 principalis
1451 3288 1848 3344 necessitatem
1879 3307 2007 3362 pro-

373 3378 675 3434 vincialem
717 3381 806 3436 vel
836 3381 1224 3452 subjectorum
1273 3381 1377 3437 sibi
1422 3381 1720 3455 [omnium]
1765 3383 2005 3455 populo-

373 3489 505 3528 rum
535 3472 770 3545 provida
799 3474 1073 3530 sollicitus
1103 3479 1294 3530 mente
1321 3478 1587 3543 tractare,
1607 3480 1665 3531 et
1684 3492 1786 3547 pro
1814 3476 2006 3548 quiete

375 3582 578 3622 eorum
605 3583 964 3639 quaecunque
989 3568 1142 3640 juste
1183 3572 1317 3624 sunt
1345 3568 1696 3623 observanda
1737 3569 1918 3625 indita
1948 3569 2009 3624 in

376 3658 554 3714 titulis
587 3661 1003 3716 constitutione
1050 3661 1441 3731 conscribere;
1474 3662 1682 3734 quibus
1725 3666 2009 3734 quantum

377 3753 504 3824 plus
555 3753 729 3808 fuerit
763 3754 1001 3824 justitiae
1045 3758 1214 3827 atque
1269 3753 1616 3826 integritatis
1657 3755 2007 3827 impensum,

379 3848 606 3900 tantum
637 3847 873 3917 pronius
901 3864 1063 3902 amor
1095 3847 1410 3904 devotionis
1435 3847 1733 3903 incumbit.
1765 3848 2011 3920 Ideoque

378 3954 486 4010 per
499 3939 650 3993 hanc
676 3940 1006 4010 generalem
1025 3941 1424 3996 auctoritatem
1444 3941 1842 4013 praecipientes
1849 3942 2012 4012 jube-

381 4047 511 4087 mus
522 4032 662 4089 utin
677 4033 946 4088 omnibus
958 4033 1141 4088 causis
1160 4034 1536 4106 antiquijuris
1557 4051 1758 4089 norma
1781 4033 2010 4106 [forma]

379 4130 656 4193 servetur,
679 4130 738 4181 et
764 4127 921 4182 nulla
948 4128 1237 4182 sententia
1266 4144 1300 4182 a
1329 4127 1588 4200 quolibet
1607 4127 1871 4198 judicum
1893 4128 2011 4182 vim

379 4220 666 4277 ﬁrmitatis
687 4220 960 4289 obtineat,
975 4237 1102 4294 quae
1125 4221 1360 4276 modum
1384 4221 1528 4292 legis
1540 4225 1711 4292 atque
1729 4220 2014 4292 mquitatis

383 4313 620 4370 excedit.
651 4317 714 4370 In
744 4319 1052 4386 parentum
1081 4331 1220 4386 ergo
1246 4313 1697 4370 successionibus
1735 4314 2014 4386 quidquid

382 4408 606 4481 legibus
631 4408 979 4475 decernitur,
1007 4399 1360 4476 observetur,
1384 4407 1650 4463 omnibus
1679 4413 1879 4462 contra
1904 4407 2014 4461 im-

2107 3199 2335 3256 minari.
2371 3201 2431 3256 Si
2478 3200 2605 3272 quis
2651 3197 3053 3254 auctoritatem
3106 3198 3366 3251 nostram
3405 3193 3752 3264 subreptitie

2107 3297 2305 3348 contra
2330 3295 2522 3366 legem
2538 3293 2798 3348 elicuerit
2823 3290 3070 3347 fallendo
3095 3287 3439 3362 principem,
3458 3303 3578 3342 non
3601 3286 3753 3340 vale-

2105 3387 2208 3442 bit.
2238 3387 2297 3443 Si
2319 3387 2496 3459 judex
2528 3387 2780 3459 aliquem
2809 3391 3008 3440 contra
3033 3385 3226 3455 legem
3254 3382 3462 3454 injuste
3499 3380 3750 3436 damna-

2108 3481 2269 3550 verit,
2301 3481 2362 3535 in
2394 3481 2574 3536 nostri
2601 3479 2861 3535 absentia
2896 3479 2967 3532 ab
2998 3476 3282 3548 episcopis
3305 3474 3658 3546 castigetur;
3689 3477 3756 3528 ut

2109 3574 2264 3646 quod
2291 3591 2536 3646 perpere
2559 3572 2852 3644 judicavit,
2889 3570 3162 3625 versatim
3189 3569 3384 3640 [Βοτἐῶ
3409 3567 3500 3621 vel
3529 3566 3749 3634 statim,

2111 3669 2306 3738 Hann]
2334 3667 2540 3722 melius
2581 3666 2928 3722 discussione
2961 3663 3153 3719 habita
3195 3661 3510 3716 emendare
3535 3675 3750 3732 procu~

2111 3765 2218 3816 ret.
2245 3761 2442 3818 Nullus
2465 3777 2569 3832 per
2594 3759 2993 3816 auctoritatem
3026 3759 3277 3812 nostram
3306 3753 3750 3810 matrimonium

2111 3855 2315 3922 viduae,
2349 3854 2434 3909 vel
2479 3854 2702 3926 puellae,
2737 3853 2860 3908 sine
2906 3851 3161 3924 ipsarum
3203 3849 3490 3904 voluntate
3521 3863 3750 3920 praesu-

2113 3951 2234 4004 mat
2261 3951 2557 4019 expetere;
2591 3962 2780 4018 neque
2811 3961 2919 4018 per
2943 3943 3339 4016 suggestiones
3375 3939 3752 4012 subreptitias

2112 4043 2405 4114 rapiantur
2426 4041 2655 4112 injuste.
2681 4037 3156 4096 Sanctimoniales
3177 4036 3362 4091 nullos
3394 4034 3500 4090 sibi
3533 4035 3592 4090 in
3619 4051 3754 4089 con-

2107 4135 2338 4207 jugium
2364 4135 2572 4190 audeat
2598 4133 2833 4188 sociare.
2865 4135 2935 4188 Ut
2964 4130 3333 4187 auctoritates
3371 4144 3505 4184 cum
3523 4127 3754 4199 justitia

2117 4233 2172 4283 et
2209 4230 2336 4299 lege
2381 4231 2750 4300 competente
2795 4227 2852 4280 in
2885 4224 3156 4281 omnibus
3190 4223 3440 4278 habeant
3478 4221 3749 4275 stabilem

2116 4322 2467 4390 firmitatem,
2484 4339 2590 4376 nec
2609 4319 3085 4392 subsequentibus
3100 4315 3536 4373 auctoritatibus
3547 4320 3755 4370 contra

2117 4417 2302 4487 legem
2332 4415 2533 4470 elicitis
2551 4418 2896 4480 vacuentur;
2925 4415 2989 4468 ut
3012 4410 3328 4468 oblationes
3345 4409 3754 4464 defunctorum

380 4501 650 4574 petrandi
675 4501 891 4574 aliquid
920 4501 1152 4556 licentia
1180 4501 1457 4572 derogata
1485 4517 1497 4555 :
1523 4517 1652 4571 quae
1683 4500 1730 4554 si
1760 4499 2019 4571 quolibet
2037 4484 2093 4558 Ο
2121 4484 2368 4564 ecclesiis
2407 4510 2696 4579 deputatae
2725 4507 3017 4562 nullorum
3055 4502 3557 4576 competitionibus
3594 4502 3757 4557 aufe-

382 4594 582 4650 ordine
607 4595 920 4666 impetrata
948 4594 1121 4649 fuerit
1146 4595 1230 4648 vel
1263 4594 1515 4658 obtenta,
1549 4611 1582 4647 a
1601 4593 1888 4664 judicibus
1922 4609 2011 4647 re-

380 4688 632 4760 pudiata,
663 4687 848 4742 inanis
886 4687 1166 4742 habeatur
1195 4691 1252 4741 et
1277 4703 1468 4742 vacua.
1503 4686 1560 4741 Si
1587 4685 1714 4758 quis
1737 4686 1794 4740 in
1823 4686 2014 4758 aliquo

385 4781 584 4838 ordine
624 4781 794 4836 fuerit
817 4785 1128 4846 accusatus,
1171 4797 1288 4835 non
1335 4779 1753 4835 condemnetur
1789 4778 2018 4850 penitus

381 4875 670 4931 inauditus
703 4893 716 4942 ;
764 4875 865 4930 sed
909 4875 957 4930 si
985 4874 1044 4928 in
1089 4873 1328 4929 crimine
1373 4878 1686 4939 accusatur,
1727 4877 1786 4927 et
1827 4872 2018 4927 habita

387 4968 734 5024 discussione
764 4969 940 5023 fuerit
969 4969 1203 5022 fortasse
1234 4966 1542 5032 convictus,
1574 4982 1680 5037 pro
1709 4965 1882 5020 modo
1916 4965 2019 5018 cri-

388 5061 563 5116 minis
591 5063 934 5118 sententiam
980 5061 1222 5134 excipiat
1250 5059 1501 5115 ultionis.
1536 5061 1690 5113 Inter
1735 5060 2018 5114 Romanos

457 5204 482 5235 ⁸
511 5205 632 5260 Duo
681 5205 848 5276 hujus
890 5204 1311 5260 constitutionis
1353 5201 1698 5276 exemplaria
1731 5201 2014 5276 vidimus:

389 5293 570 5355 unum
601 5293 631 5331 e
668 5271 1010 5355 monasterio
1056 5271 1712 5355 corbeiensi,‘q‘u_oduin
1764 5271 2018 5355 editione

388 5354 580 5404 nostra
606 5347 783 5402 secuti
813 5363 1045 5414 sumus;
1077 5349 1321 5402 alterum
1357 5364 1388 5400 e
1429 5343 1776 5399 bibliotheca
1805 5343 2022 5398 Titiana

431 5420 541 5475 uod
581 5419 768 5474 fuerat
816 5417 953 5472 olim
990 5418 1325 5472 monasterii
1371 5415 1795 5482 Corbionensis,
1829 5415 1886 5469 id
1913 5421 2016 5479 est,

431 5491 668 5547 lesensis
696 5487 874 5545 sancti
903 5489 1251 5543 Launomari
1276 5492 1298 5511 "
1327 5490 1444 5544 Jac.
1476 5488 1633 5542 Sum.

458 5561 782 5628 bTilianus,
829 5560 1076 5616 omnibus
1113 5559 1408 5614 comitibus.
1455 5559 1597 5613 Item
1649 5556 1820 5628 paulo
1871 5559 2019 5628 post,

387 5634 497 5690 sibi
517 5635 756 5688 omnium
776 5633 1122 5703 populorum,
1163 5635 1219 5684 et
1245 5643 1846 5703 Arursus,rqua9mm_qu_e
1865 5628 2024 5697 justa

384 5710 516 5828 ῗιίἓε
536 5699 1206 5828 1(ant’.uint‘i:a,'incumbent.
1243 5701 1404 5766 Item,
1437 5702 1489 5752 et
1523 5701 1708 5752 inanis
1736 5699 2020 5753 habeatur.

416 5791 506 5834 AC.
537 5789 694 5830 διιυι.

2116 4606 2334 4672 rantur,
2362 4601 2631 4675 praesenti
2663 4599 3068 4656 constitutione
3096 4601 3450 4669 praestamus.
3485 4595 3752 4666 Agraria,

2116 4695 2426 4766 pascuaria,
2459 4696 2546 4749 vel
2572 4694 2824 4749 decimas
2855 4707 3184 4764 porcorum,
3211 4688 3462 4745 ecclesias
3477 4704 3581 4758 pro
3613 4687 3754 4743 fidei

2117 4792 2328 4844 nostra;
2357 4789 2660 4844 devotione
2685 4785 3079 4853 concedimus;
3109 4784 3189 4838 ita
3211 4787 3278 4838 ut
3297 4786 3455 4837 actor
3471 4783 3573 4835 aut
3599 4781 3758 4836 deci-

2119 4885 2310 4937 mator
2349 4882 2409 4936 in
2459 4882 2630 4936 rebus
2677 4880 2930 4935 ecclesiae
2971 4877 3164 4933 nullus
3206 4875 3453 4942 accedat,
3494 4875 3754 4930 ecclesia

2117 4977 2203 5030 vel
2233 4975 2448 5031 clericis
2474 4975 2688 5030 nullam
2708 4973 3006 5046 requirant
3017 4975 3256 5043 agentes
3270 4968 3482 5041 publici
3495 4969 3756 5024 functio-

2121 5086 2278 5137 nem,
2295 5069 2392 5140 qui
2422 5069 2529 5135 avi,
2551 5069 2638 5123 vel
2669 5067 2968 5139 genitoris,
2994 5068 3094 5121 aut
3116 5063 3378 5136 germani
3409 5061 3583 5118 nostri
3604 5079 3630 5108 ο
3651 5062 3761 5117 im-

2187 5233 2210 5260 c
2239 5213 2365 5266 Haec
2407 5210 2944 5286 absunt_a_'l‘iliano.
2984 5206 3214 5286 A_mbi_gi
3243 5211 3439 5286 autem
3479 5204 3593 5286 hoc
3622 5205 3758 5286 loco

2114 5282 2245 5354 jure
2277 5287 2467 5354 queat,
2497 5283 2542 5338 si
2569 5282 2642 5337 ad
2669 5281 2981 5338 Clotarium
3015 5281 3034 5335 l
3066 5277 3362 5354 referatur
3393 5277 3759 5354 constitutio,

2121 5347 2436 5426 quemnam
2455 5347 2626 5431 avum
2647 5357 3023 5431 suum_vecet,
3053 5349 3147 5431 qui
3177 5348 3394 5431 clericis
3419 5347 3764 5431 immunita:

2120 5417 2240 5480 tem
2269 5425 2615 5480 concesserit
2641 5441 2654 5478 :
2696 5425 2740 5478 si
2771 5424 2844 5478 ad
2884 5417 3198 5480 Clotarium
3229 5421 3294 5487 ll,
3329 5434 3571 5490 ecquem
3603 5417 3767 5474 dicat

2123 5512 2488 5567 germanum.
2524 5497 2637 5552 JAc.
2667 5495 2820 5550 Sunt.

2125 5715 2475 5828 m;:)elenda
2505 5729 2628 5767 esse
2659 5714 2826 5766 verba
2853 5714 2948 5766 illa
2970 5712 3331 5767 Slrmondum
3377 5711 3765 5824 alimonui-
