4076 6186
300 174 426 234 1121

1496 165 1877 224 RECCAREDI
1915 163 2109 222 REGIS
2147 163 2457 221 EDICTUM.

3525 168 3659 220 H22

301 279 646 333 munitatem
675 282 1029 332 meruerunt.
1056 276 1423 347 Quaecunque
1439 277 1690 330 ecclesiae
1709 276 1793 329 vel
1821 277 1927 329 cle-
1950 273 2367 362 Arepetitione
2412 276 2741 342 consurgat,
2788 271 3147 343 possessione
3203 273 3261 326 in
3321 273 3658 342 possessoris

299 373 446 440 ricis,
471 376 571 426 aut
601 372 950 442 quibuslibet
964 370 1243 443 personis,
1267 387 1299 424 a
1328 370 1595 441 gloriosae
1626 369 1927 424 memoriae
2022 368 2151 438 jure
2185 367 2306 421 sine
2341 366 2513 421 dubio
2544 371 2944 438 permanente.
2986 366 3290 420 Provideat
3333 383 3470 436 ergo
3514 371 3658 420 stre-

299 467 552 539 praefatis
587 465 940 536 principibus
991 464 1401 518 muniﬁcentiae
1431 463 1698 534 largitate
1727 463 1931 516 collata

299 565 450 626 sunt,
492 559 652 614 omni
687 559 956 612 ﬁrmitate
984 558 1317 628 perdurent.
1354 555 1639 627 Quidquid
1671 555 1927 621 ecclesia,

301 652 511 719 clerici,
544 653 629 705 vel
667 651 1045 723 provinciales
1076 651 1275 717 nostri,
1309 650 1702 704 intercedente
1734 653 1932 703 tamen

294 748 450 818 justo
488 745 858 817 possessionis
897 745 1082 811 initio,
1114 761 1218 816 per
1256 744 1494 815 triginta
1521 760 1703 797 annos
1732 743 1932 796 incon-

301 855 463 893 cusso
488 838 618 908 jure
646 838 966 908 possedisse
1004 837 1342 908 probantur,
1372 837 1430 890 in
1471 852 1674 890 eorum
1715 835 1933 889 ditione

302 948 393 986 res
421 948 681 1002 possessa
706 934 1077 1002 permaneat;
1101 947 1207 984 nec
1231 930 1380 984 actio
1410 930 1587 983 tantis
1615 927 1717 983 aevi
1739 927 1936 999 spatiis

305 1027 524 1096 sepulta
555 1025 791 1078 ulterius
825 1029 1026 1079 contra
1065 1025 1264 1094 legum
1313 1023 1575 1078 ordinem
1619 1022 1720 1075 sub
1749 1022 1939 1092 aliqua

2031 461 2220 515 nuitas
2251 461 2650 515 universorum
2663 460 2944 530 judicum,
2971 463 3031 513 ut
3053 460 3496 531 praeceptionem
3513 460 3662 514 hanc

2032 555 2134 608 sub
2181 554 2338 609 omni
2390 553 2790 609 observatione
2823 553 3176 619 custodiant;
3210 570 3315 608 nec
3347 553 3661 624 quidquam

2033 647 2207 701 alium
2242 664 2415 718 agere
2457 652 2556 702 aut
2579 647 2859 717 judicare,
2905 663 3079 718 quam
3111 650 3172 701 ut
3200 647 3323 701 hac
3353 648 3661 717 praeceptio

2034 741 2348 795 secundum
2382 743 2576 811 legum
2604 741 3000 795 Romanarum
3029 741 3235 794 seriem
3267 741 3543 808 continet,
3575 741 3664 794 vel

2035 851 2199 888 sexus
2227 834 2614 904 quarumdam
2646 835 2906 903 gentium
2929 835 3084 904 justa
3117 833 3339 904 antiqui
3358 833 3503 903 juris
3525 851 3660 888 con-

2037 927 2330 982 stitutione
2353 927 2487 982 olim
2513 927 2712 982 vixisse
2741 927 3114 999 dignoscitur,
3146 928 3249 982 sub
3276 927 3469 998 aliqua
3490 931 3665 981 teme-

2036 1020 2203 1074 ritate
2229 1025 2602 1091 praesumant.

985 1247 2996 1656 CHILDEEERTUS,

1515 1686 1736 1757 REX
1784 1683 2464 1759 FRANCORUM.

1285 1880 1804 1957 CHILDEBERTI
1827 1932 1840 1957 ,
1888 1878 2377 1944 FRANCORUM
2433 1877 2688 1954 REGIS,

1597 1998 2381 2094 CONSTITUTIO.

472 2149 551 2192 DE
592 2149 936 2194 ABOLENDIS
994 2150 1299 2203 RELIQUIIS
1350 2149 1810 2204 IDOLOLATBIIE,
1858 2149 1935 2191 ET
1977 2149 2055 2191 DE
2102 2147 2426 2192 SACBOBUM
2483 2146 2713 2192 DIERUM
2765 2145 3266 2194 FESTIVITATIBUS
3317 2151 3508 2196 CASTE

1769 2228 2187 2274 CELEBRANDIS
2199 2259 2210 2271 .

1494 2310 1596 2370 (Ex
1632 2309 1854 2361 Labbaei
1888 2309 2197 2372 appendice
2233 2308 2370 2358 tomi
2405 2308 2494 2369 V.)

2017 2408 2120 2416 ...ς-

315 2473 560 2558 Epistola
580 2475 976 2558 clementis-simi
1002 2483 1052 2531 et
1085 2477 1227 2558 beati
1248 2480 1586 2558 regis-nostri
1615 2477 1942 2558 Childeberti
1961 2487 2018 2558 Β
2045 2475 2115 2528 de
2148 2475 2475 2546 Evangelio,
2504 2473 2821 2544 prophetis,
2845 2474 2933 2527 vel
2957 2475 3227 2543 Apostolo
3254 2474 3428 2530 fuerit
3451 2492 3674 2532 annun-

395 2543 526 2599 data
546 2560 648 2615 per
671 2547 916 2601 ecclesias
943 2543 1412 2610 sacerdotumft‘el
1439 2551 1583 2603 omni
1621 2549 1839 2618 papula.

385 2659 679 2715 Credimus
713 2661 842 2731 hoc,
877 2663 990 2717 Deo
1019 2663 1286 2734 propitio,
1321 2667 1378 2717 et
1407 2664 1479 2718 ad
1509 2668 1765 2718 nostram
1791 2679 1940 2717 mer-

318 2751 539 2821 cedem,
579 2758 637 2808 et
676 2753 750 2808 ad
785 2756 1025 2809 salutem
1061 2757 1256 2827 populi
1285 2756 1597 2826 pertinere,
1629 2757 1676 2810 si
1703 2757 1944 2826 populus

315 2845 667 2901 Christianus
691 2847 888 2902 relicta
918 2849 1198 2903 idolorum
1231 2851 1472 2917 cultura,
1512 2853 1649 2916 Deo,
1679 2850 1768 2903 cui
1799 2849 1943 2903 inte-

318 2954 483 3009 gram
515 2941 886 3010 promisimus
922 2942 1121 3009 ﬁdem,
1149 2943 1207 2997 in
1236 2947 1518 3014 quantum
1550 2944 1831 3014 inspirare
1857 2942 1940 2996 di-

321 3036 527 3102 gnatus
545 3033 735 3103 fuerit,
758 3052 900 3107 pure
923 3035 1208 3090 deservire
1239 3036 1571 3091 debeamus.
1604 3039 1671 3090 Et
1697 3035 1832 3106 quia
1853 3052 1948 3088 ne-

319 3141 473 3179 cesse
507 3129 592 3180 est
614 3131 676 3181 ut
698 3129 855 3198 plebs
878 3146 1004 3200 quae
1031 3130 1340 3185 sacerdotis
1358 3134 1710 3202 praeceptum
1729 3146 1846 3184 non
1868 3129 1947 3182 ita

321 3222 383 3271 ut
413 3221 639 3289 oportet
657 3221 904 3274 custodit
927 3226 1124 3276 nostro
1149 3223 1320 3276 etiam
1345 3223 1664 3292 corrigatur
1683 3223 1944 3292 imperio,

321 3312 470 3365 hanc
499 3312 759 3366 chartam
791 3314 1138 3384 generaliter
1169 3331 1272 3385 per
1303 3315 1498 3368 omnia
1543 3316 1665 3368 loca
1697 3313 1946 3368 decrevi-

321 3421 448 3459 mus
460 3404 824 3475 mittendam,
844 3407 1244 3478 prsecipientes
1257 3410 1319 3462 ut
1331 3407 1654 3479 quicunque
1668 3406 1949 3461 admoniti

323 3499 394 3555 de
440 3517 599 3572 agro,
647 3501 971 3573 ubicunque
1001 3503 1218 3557 fuerint
1255 3503 1560 3558 simulacra
1602 3504 1945 3570 constructa,

323 3596 410 3649 vel
452 3594 605 3649 idola
642 3595 999 3650 daemonibus
1035 3597 1296 3651 dedicata
1323 3597 1392 3650 ab
1419 3597 1767 3664 hominibus,
1801 3597 1948 3650 facto

325 3703 442 3742 non
478 3687 671 3742 statim
716 3689 1050 3758 abjecerint,
1095 3691 1181 3744 vel
1241 3689 1625 3745 sacerdotibus
1679 3690 1799 3744 haec
1849 3689 1947 3744 de-

2041 2568 2268 2635 tiatum,
2315 2569 2373 2621 in
2415 2571 2696 2638 quantum
2736 2569 2882 2622 Deus
2923 2566 3020 2620 dat
3045 2566 3422 2638 intellectum,
3455 2570 3530 2624 ad
3567 2589 3672 2626 nos

2045 2661 2408 2733 querimonia
2428 2661 2706 2732 processit
2726 2660 2907 2714 multa
2924 2660 3201 2731 sacrilega
3221 2660 3280 2715 in
3304 2664 3511 2733 populo
3527 2664 3671 2733 ﬁeri,

2024 2744 2198 2808 unde
2231 2757 2375 2809 Deus
2407 2755 2667 2823 laedatur,
2693 2760 2748 2808 et
2775 2755 3016 2824 populus
3039 2770 3141 2824 per
3169 2760 3466 2824 peccatum
3497 2758 3672 2811 decli-

2047 2852 2146 2902 net
2181 2848 2252 2901 ad
2295 2852 2576 2912 mortem;
2621 2850 2817 2902 noctes
2856 2846 3159 2917 pervigiles
3202 2864 3332 2902 cum
3375 2849 3674 2919 ebrietate,

2047 2941 2406 3007 scurrilitate,
2435 2942 2522 2994 vel
2541 2940 2793 3006 canticis,
2820 2939 2991 2993 etiam
3015 2939 3073 2993 in
3096 2940 3230 3011 ipsis
3251 2942 3426 2996 sacris
3453 2942 3674 3014 diebus,

2045 3034 2282 3100 Pascha,
2312 3034 2508 3088 Natale
2529 3033 2774 3099 Domini,
2799 3037 2856 3086 et
2876 3033 3110 3104 reliquis
3140 3034 3560 3105 festivitatibus,
3590 3038 3676 3092 vel

2049 3127 2389 3182 adveniente
2422 3127 2512 3181 die
2539 3126 2834 3181 Dominico
2855 3127 3208 3181 dansatrices
3229 3126 3253 3153 ³³
3273 3145 3376 3198 per
3387 3128 3548 3183 villas
3562 3147 3680 3184 am-

2047 3221 2266 3273 bulare.
2313 3221 2441 3273 Haec
2492 3219 2710 3284 omnia,
2765 3219 2916 3271 unde
2965 3220 3112 3272 Deus
3156 3220 3487 3289 agnoscitur
3523 3221 3674 3290 laedi,

2051 3313 2374 3365 nullatenus
2404 3311 2528 3365 ﬁeri
2563 3311 2966 3381 permittimus.
2995 3311 3325 3382 Quicunque
3357 3317 3487 3384 post
3517 3331 3676 3370 com-

2049 3405 2433 3459 monitionem
2474 3405 2858 3472 sacerdotum,
2905 3405 2993 3458 vel
3024 3408 3282 3460 nostrum
3307 3412 3678 3479 praeceptum,

2052 3498 2353 3568 sacrilegia
2394 3497 2502 3551 ista
2542 3501 2876 3568 perpetrare
2911 3500 3354 3569 praesumpserit,
3390 3500 3435 3554 si
3465 3500 3682 3556 servilis

2051 3608 2299 3663 persona
2320 3595 2424 3658 est,
2454 3594 2685 3645 centum
2721 3591 2864 3646 ictus
2903 3592 3266 3663 ﬂagellorum
3307 3597 3369 3647 ut
3416 3594 3685 3666 suscipiat

2044 3685 2344 3756 jubemus;
2380 3685 2425 3738 si
2453 3700 2584 3739 vero
2614 3684 2917 3755 ingenuus,
2948 3689 3047 3739 aut
3076 3686 3412 3741 honoratior
3438 3689 3680 3744 fortasse

326 3781 676 3836 struentibus
703 3783 1123 3854 prohibuerint,
1171 3783 1317 3838 datis
1361 3783 1793 3854 ﬁdejussoribus
1835 3799 1950 3836 non
1993 3852 2022 3854 ι
2049 3795 2293 3850 persona
2307 3783 2411 3845 est,
2439 3777 3021 3843 districtainclusione
3036 3779 3230 3850 digna.
3252 3780 3394 3836 Sunt
3413 3782 3682 3838 hiantem

326 3874 493 3929 aliter
519 3852 836 3944 discedant,
872 3875 978 3930 nisi
1008 3877 1068 3930 in
1114 3877 1323 3932 nostris
1361 3852 1653 3932 obtutibus
1698 3852 2027 3947 przesen-C
2054 3873 2112 3927 in
2176 3871 2570 3943 pcenitentiam
2621 3871 2942 3942 redigendi,
2994 3876 3053 3926 ut
3095 3873 3190 3944 qui
3236 3874 3488 3930 salubria
3543 3883 3601 3932 et
3652 3896 3685 3932 a

325 3971 539 4022 tentur.
574 3969 832 4033 Qualiter
851 3969 909 4024 in
932 3970 1241 4042 sacrilegos
1266 3971 1365 4025 Dei
1385 3970 1595 4041 injuria
1613 3970 1952 4037 vindicetur,

2057 3966 2261 4022 mortis
2295 3965 2545 4036 periculo
2592 3966 2919 4020 revocantia
2969 3967 3166 4021 audire
3216 3969 3389 4023 verba
3428 3975 3682 4025 contem-

328 4065 588 4117 nostrum
614 4067 698 4117 est
723 4064 1208 4135 pertractandum.
1242 4064 1460 4136 thuia
1490 4064 1630 4118 ﬁdes
1656 4068 1873 4131 nostra,
1898 4067 1958 4118 ut
2057 4065 2221 4128 nunt,
2271 4061 2551 4114 cruciatus
2595 4061 2796 4113 saltem
2835 4061 3091 4131 corporis
3131 4077 3229 4114 eos
3257 4062 3330 4115 ad
3357 4062 3684 4119 desideran-

328 4154 565 4209 verbum
587 4155 659 4210 de
681 4157 881 4211 altario
908 4174 940 4211 a
963 4158 1258 4213 sacerdote
1279 4158 1548 4224 faciente,
1573 4158 1957 4229 quodcunque

2061 4157 2196 4211 dam
2229 4155 2438 4208 mentis
2464 4153 2653 4206 valeat
2678 4152 2952 4207 reducere
2984 4153 3310 4208 sanitatem.

400 4273 424 4302 ⁸
454 4275 828 4343 Dansatrices,
862 4277 970 4332 hoc
1000 4283 1084 4333 est
1109 4278 1439 4344 saltatrices,
1474 4278 1644 4332 verbo
1677 4277 1772 4330 illo
1801 4278 2009 4331 saeculo
2042 4282 2098 4330 et
2128 4272 2301 4328 hodie
2334 4271 2392 4324 in
2423 4270 2602 4324 Gallia
2626 4269 2856 4335 usitato,
2892 4269 3080 4340 inquit
3105 4272 3443 4327 Holstenius.

1825 4513 2214 4634 VIII.

1191 4693 2848 4919 RECCAREDUS,

1459 4955 1679 5026 REX
1731 4949 2576 5025 VISIGOTHORUM.

344 5062 3612 5099 ’——-———————a———————_————’—h—-*

538 5268 1037 5362 EDICTUM
1106 5271 1260 5361 DE
1331 5144 2830 5362 CONFIIE§EX§FEiID§EGIEONCILII
2902 5260 3502 5356 TOLETANI.

409 5477 853 5533 Gloriosissimus
896 5482 953 5534 et
981 5479 1268 5550 piissimus
1299 5479 1568 5536 dominus
1595 5485 1793 5544 noster
1822 5483 1966 5538 Rec-
1988 5489 2049 5562 Β
2140 5471 2547 5531 Universorum
2570 5472 2672 5528 sub
2702 5473 2869 5545 regni
2889 5472 3070 5528 nostri
3090 5474 3370 5543 potestate
3387 5469 3700 5530 consisten-

1559 5409 1956 5420 —.—____—-———

338 5571 577 5627 caredus
596 5588 710 5627 rex.
799 5576 814 5590 ‘

2074 5571 2219 5628 tium
2262 5573 2554 5624 amatores
2595 5584 2702 5623 nos
2736 5584 2867 5623 suos
2910 5567 3098 5622 divina
3124 5563 3151 5592 ⁸
3199 5565 3416 5622 faciens
3467 5568 3696 5640 veritas,

412 5686 438 5718 ⁸
465 5689 660 5761 Hard.,
687 5706 752 5747 ex
781 5689 876 5747 Ms.
913 5707 926 5748 :
965 5689 1233 5750 Universis
1258 5691 1357 5750 sub
1384 5693 1641 5767 regimine
1664 5717 1879 5787 nostra
1906 5696 2184 5774 potestatis
2210 5688 2626 5750 consistentibus.
2657 5687 2942 5745 Amatores
2969 5697 3062 5740 nos
3085 5684 3174 5740 sui
3195 5682 3406 5753 divina,
3428 5689 3538 5748 etc.
