4076 6186
343 271 476 324 1123

743 266 995 322 SECULI
1033 265 1224 322 SEXTI
1265 265 1674 322 SUPPLEM.——
1703 267 1794 322 AD
1831 267 2250 323 SlGEBERTUM
2291 268 2495 324 EPIST.
2537 269 2828 327 CONCILll
2865 271 3290 330 PARISIENSIS.

3561 275 3704 328 1124

335 376 543 432 nostris
569 375 962 447 principaliter
983 375 1242 430 sensibus
1263 375 1580 448 inspiravit,
1612 383 1670 432 ut
1687 394 1858 432 causa
1878 377 1963 431 in-
1983 389 2042 462 Α
2062 381 2270 432 ventur
2294 381 2350 432 et
2377 383 2670 434 maneant.
2699 381 2762 436 ld
2783 383 2888 448 est,
2917 382 3196 453 primum,
3212 382 3282 437 de
3297 382 3700 438 observatione

337 469 662 526 staurandaa
679 469 812 523 fidei
834 487 898 523 ac
919 467 1230 539 disciplinae
1249 470 1967 544 ecclesiasticae,episcopos

339 581 542 620 omnes
565 563 846 634 Hispanias
869 564 1066 616 nostro
1093 563 1530 632 praesentandos
1553 564 1786 618 culmini
1803 565 1965 635 jube-

337 675 548 714 remus.
577 655 932 711 Prascedenti
953 659 1146 710 autem
1172 657 1434 728 diligenti
1465 661 1522 712 et
1549 663 1716 713 cauta
1748 659 1962 714 delibe-

337 752 582 816 ratione,
605 750 718 804 sive
733 766 860 821 quae
879 749 952 804 ad
971 749 1148 804 fidem
1167 751 1513 805 conveniunt
1529 752 1654 822 [pro
1687 752 1798 806 fide
1834 769 1965 808 vera

337 845 594 914 faciunt],
615 860 714 898 seu
727 859 854 914 quas
876 843 949 897 ad
964 859 1192 898 morum
1205 845 1619 900 correctionem
1631 845 1962 916 respiciunt;

339 955 468 995 cum
491 937 646 992 enim
673 953 873 991 sensus
897 937 1229 992 maturitate
1257 940 1314 992 et
1343 939 1740 1010 intelligentiae
1778 939 1961 1010 gravi-

336 1036 454 1088 tate
488 1033 758 1086 constant
795 1047 915 1084 esse
955 1031 1198 1101 digesta,
1229 1035 1422 1085 nostra
1446 1032 1690 1102 proinde
1719 1032 1962 1088 auctori-

337 1130 424 1180 tas
455 1125 513 1179 id
534 1125 803 1180 omnibus
825 1124 1156 1179 hominibus
1187 1125 1260 1178 ad
1291 1142 1534 1196 regnum
1559 1129 1818 1180 nostrum
1843 1143 1966 1197 per-

337 1219 650 1276 tinentibus
663 1219 848 1289 jubet,
874 1220 938 1272 ut
956 1217 1001 1272 si
1025 1233 1138 1288 qua
1155 1217 1394 1272 definita
1412 1221 1544 1273 sunt
1558 1218 1616 1273 in
1638 1220 1743 1273 hoc
1767 1223 1964 1274 sancto

337 1312 598 1381 concilio,
623 1312 820 1367 habito
843 1311 902 1364 in
929 1313 1071 1364 urbe
1098 1312 1390 1380 Toletana,
1415 1329 1569 1366 anno
1587 1313 1755 1384 regni
1783 1314 1966 1368 nostri

336 1406 578 1462 feliciter
603 1408 827 1476 quarto,
851 1403 992 1458 nulli
1009 1407 1378 1458 contemnere
1403 1405 1588 1472 liceat,
1611 1406 1798 1459 nullus
1819 1423 1961 1477 prte-

337 1500 511 1554 terire
533 1502 869 1571 praesumat;
891 1496 1138 1568 capitula
1159 1497 1312 1551 enim
1329 1514 1456 1568 qua:
1479 1498 1686 1552 nostris
1707 1499 1966 1553 sensibus

337 1593 546 1665 placita
572 1597 630 1647 et
658 1590 971 1662 disciplinae
1004 1605 1258 1660 congrua
1287 1606 1321 1644 a
1345 1592 1612 1660 praesenti
1645 1592 1967 1663 conscripta

339 1691 472 1740 sunt
501 1685 740 1756 synodo,
780 1684 839 1737 in
875 1683 1036 1737 omni
1073 1682 1432 1750 auctoritate,
1463 1683 1576 1736 sive
1606 1685 1960 1755 clericorum,

337 1780 452 1834 sive
489 1780 784 1844 laicorum,
821 1777 934 1830 sive
972 1792 1446 1847 quorumcunque
1475 1777 1732 1832 omnium
1767 1779 1959 1832 obser-

2067 472 2326 542 priorum
2339 489 2630 528 canonum
2651 492 2664 542 ;
2683 475 2950 543 alterum,
2965 475 3036 531 de
3065 476 3322 548 symbolo
3345 476 3700 547 proferendo

2063 582 2096 618 a
2114 565 2336 636 papulis
2357 567 2417 620 in
2437 567 2677 622 ecclesia
2699 567 2847 638 (νεά.
2875 571 3058 626 Μαηεί
3077 570 3204 626 Con.
3239 575 3278 625 t.
3311 572 3402 634 IX,
3435 571 3534 625 col.
3549 573 3696 632 993).

2136 660 2244 712 Has
2264 676 2466 714 omnes
2487 661 2919 716 constitutiones
2935 662 3360 733 ecclesiasticas,
3379 681 3520 735 quas
3541 680 3695 718 sum-

2063 752 2286 818 matim,
2327 753 2692 826 breviterque
2723 755 3156 826 perstrinximus
3186 756 3352 828 (sicut
3387 757 3612 828 plenius
3637 757 3698 810 in

2065 861 2286 900 canone
2307 848 2694 919 continentur)
2713 865 2949 904 manere
2972 851 3214 922 perenni
3235 849 3543 904 stabilitate
3563 867 3700 904 san-

2065 939 2266 993 cimus.
2304 939 2360 995 Si
2387 941 2512 1011 quis
2543 958 2677 996 vero
2703 943 2962 1011 clericus,
2992 947 3092 998 aut
3115 943 3292 998 laicus
3331 944 3538 998 harum
3565 961 3700 998 san-

2065 1032 2318 1087 ctionum
2340 1034 2613 1090 obediens
2635 1051 2756 1090 esse
2779 1036 3027 1092 noluerit
3047 1036 3347 1107 [obediens
3368 1037 3704 1092 observator

2065 1141 2186 1181 esse
2219 1127 2491 1196 noluerit,
2535 1129 2782 1200 superba
2815 1130 3004 1186 fronte
3036 1131 3322 1201 majorum
3350 1131 3572 1186 statutis
3603 1147 3698 1184 re-

2067 1221 2383 1293 pugnans];
2439 1221 2486 1275 si
2525 1223 2846 1294 episcopus,
2890 1223 3208 1296 presbyter,
3257 1224 3550 1292 diaconus,
3603 1227 3706 1279 aut

2066 1314 2302 1368 clericus
2327 1315 2520 1384 fuerit,
2553 1315 2625 1370 ab
2653 1317 2810 1371 omni
2843 1317 3084 1372 concilio
3115 1317 3702 1372 excommunicationi

2066 1407 2382 1478 subjaceat;
2419 1409 2464 1462 si
2489 1425 2621 1464 vero
2653 1411 2829 1464 laicus
2871 1411 3065 1479 fuerit,
3104 1415 3161 1466 et
3201 1412 3548 1466 honestioris
3586 1411 3702 1466 loci

2065 1517 2310 1570 persona
2331 1505 2437 1568 est,
2453 1503 2822 1558 medietatem
2843 1504 3180 1559 facultatum
3197 1521 3432 1560 suarum
3450 1504 3698 1570 amittat,

2065 1593 2182 1649 ﬁsci
2198 1594 2424 1664 jurihus
2444 1597 2840 1666 profuturam;
2874 1598 2919 1652 si
2956 1613 3090 1652 vero
3125 1598 3417 1653 inferioris
3442 1598 3548 1652 loci
3577 1614 3702 1669 per-

2066 1704 2208 1742 sona
2232 1693 2334 1756 est,
2367 1689 2676 1745 amissione
2707 1707 2898 1745 rerum
2937 1708 3170 1746 suarum
3201 1693 3475 1746 multatus
3513 1691 3574 1746 in
3603 1707 3697 1745 ex-

2067 1779 2190 1834 silio
2222 1781 2542 1851 deputetur.
2575 1786 2888 1853 Sequuntur
2907 1785 3364 1854 subscriptiones.-

1137 1969 2806 2374 ‘SIGEIiiiaTUS,
2953 2319 2962 2326 .

1544 2395 1767 2466 REX
1820 2395 2496 2469 FRANCORUM.

335 2505 3694 2542 Ἠ

1541 2591 1645 2653 AD
1693 2591 2195 2656 SlGEBERTUM
2239 2593 2510 2658 REGEM

1028 2708 1576 2804 EPISTOLA
1679 2710 2168 2806 CONCILII
2275 2715 3022 2828 PARISIENSIS,

1565 2860 1734 2905 ANNO
1772 2861 2016 2906 CHRISTI
2051 2849 2167 2906 573
2201 2853 2472 2908 HABITI‘.

1391 2939 1474 3002 Ut
1511 2940 1811 3004 Promotz'
1850 2959 2120 3004 causam
2163 2961 2294 3005 non
2336 2944 2665 3024 defendat.

413 3101 658 3157 Domino
687 3099 1120 3171 gloriosissimo,
1148 3103 1320 3172 atque
1351 3105 1563 3156 sanctae
1595 3103 1857 3158 Ecclesiae
1884 3121 1971 3158 ca-
1989 3117 2046 3189 B
2071 3107 2190 3159 tam
2221 3106 2466 3160 obscena
2491 3109 2549 3160 et
2577 3105 2838 3161 Ecclesiaa
2860 3106 3136 3162 universae
3157 3103 3442 3161 contraria
3461 3121 3706 3160 consen-

342 3195 568 3250 tholicae
611 3194 750 3264 filio,
799 3195 1098 3264 Sigeberto
1139 3194 1284 3265 regi,
1331 3195 1615 3266 Sapudus,
1653 3197 1968 3268 Philippus,

342 3289 583 3356 Priscus,
610 3287 982 3355 Constitutus,
1014 3287 1229 3354 Laban,
1259 3288 1434 3356 Felix,
1467 3288 1606 3343 item
1637 3287 1810 3358 Felix,
1840 3292 1974 3344 Ger-

343 3399 565 3450 manus,
607 3381 921 3448 Lucretius,
963 3381 1374 3447 Clementinus,
1431 3381 1720 3454 Syagrius,
1782 3383 1968 3438 Gallo-

342 3491 610 3546 magnus,
627 3475 884 3544 Optatus,
899 3473 1180 3544 Salonius,
1195 3475 1336 3528 item
1355 3475 1632 3543 Salonius,
1650 3477 1969 3546 Quinidius,

341 3571 661 3636 Promotus,
696 3568 984 3634 Silvester,
1014 3567 1305 3635 Genesius,
1327 3569 1632 3636 Polemius,
1665 3570 1968 3639 Palladius,

341 3662 549 3728 Victor,
591 3660 952 3732 Sagittarius,
987 3661 1396 3730 Aunacharius,
1448 3663 1775 3734 Hesychius;
1807 3664 1969 3718 Clau-

344 3757 564 3823 dianus,
599 3753 941 3821 Desiderius,
988 3754 1297 3821 Heraclius,
1329 3756 1645 3822 Tetradius,
1669 3757 1970 3828 Pappolus,

341 3848 608 3916 Licerius,
637 3851 694 3902 et
723 3847 1141 3916 Leudobaudis,
1169 3848 1439 3920 episcopi.

415 3942 705 4006 Quantum
739 3940 1012 3994 ineffabili
1039 3941 1248 4011 gaudio
1277 3941 1534 4013 synodali
1562 3941 1800 3998 concilio
1832 3959 1975 3998 nun-

345 4035 537 4100 tiatur,
572 4031 1044 4103 quandoquidem
1065 4049 1100 4087 a
1119 4035 1402 4090 catholico
1422 4035 1682 4106 principe
1703 4053 1794 4090 res
1827 4053 1973 4092 nova

342 4145 448 4201 pro
463 4126 768 4182 dilectione
779 4125 986 4184 Christi
1001 4126 1342 4199 concipitur,
1363 4131 1585 4182 tantum
1603 4129 1972 4184 lamentabile

343 4221 872 4293 exsecrandumque
901 4223 1186 4290 censetur,
1231 4237 1364 4276 eum
1395 4221 1454 4274 in
1498 4222 1748 4277 Ecclesia
1777 4227 1972 4278 sancta

343 4319 543 4372 contra
554 4316 735 4369 Deum
750 4317 1018 4370 etcontra
1030 4331 1310 4369 canonum
1325 4315 1682 4386 disciplinam
1697 4316 1971 4371 dissensio

341 4412 672 4482 generatur.
723 4409 912 4479 Nuper
947 4406 1162 4462 etenim
1209 4425 1327 4462 non
1363 4409 1574 4480 absque
1607 4409 1972 4464 conniventia
2005 4415 2018 4422 ’

2072 3199 2240 3266 sistis,
2263 3199 2332 3253 ab
2361 3199 2692 3270 hujusmodi
2714 3200 2966 3256 scandali
2993 3200 3328 3255 defensione
3361 3198 3706 3254 sinceritatis

2071 3295 2271 3347 vestrae
2313 3293 2724 3348 conscientiam
2768 3295 3028 3366 expietis,
3051 3294 3184 3366 quia
3211 3293 3385 3348 satius
3411 3297 3498 3347 est
3519 3295 3582 3346 ut
3609 3291 3704 3346 ille

2074 3386 2171 3456 qui
2208 3387 2535 3442 ambitionis
2582 3387 2852 3442 instinctu
2897 3404 3024 3442 rem
3045 3391 3164 3442 tam
3189 3387 3471 3442 nefariam
3503 3386 3704 3441 dolosa

2074 3479 2388 3536 ambitione
2418 3483 2709 3552 competit,
2743 3497 2847 3552 per
2875 3482 3320 3560 satisfactionem
3351 3479 3705 3552 poenitentiae

2071 3577 2296 3628 reatum
2327 3591 2492 3628 suum
2512 3575 2744 3630 abluere
2759 3577 3158 3647 compellatur,
3181 3591 3353 3646 quam
3385 3577 3574 3628 vestra
3597 3590 3704 3644 pu-

2072 3665 2212 3720 ritas
2242 3667 2417 3738 (quod
2448 3671 2663 3722 avertat
2692 3669 2983 3740 Divinitas)
3015 3670 3186 3740 hujus
3217 3667 3482 3723 facinoris
3501 3671 3704 3722 conta-

2075 3760 2245 3832 gione
2266 3763 2604 3816 maculetur.
2627 3763 2696 3816 Et
2715 3763 2850 3834 quia
2875 3763 3040 3818 nobis
3061 3779 3293 3818 necesse
3323 3761 3430 3816 fuit
3453 3765 3519 3815 ut
3541 3761 3708 3831 juxta

2072 3870 2360 3908 canonum
2415 3855 2714 3911 constituta
2769 3873 3031 3927 personas
3095 3855 3413 3911 temerariae
3465 3855 3710 3909 deberet

2075 3948 2448 4018 prtesumptio
2477 3949 2746 4016 coerceri,
2778 3949 2909 4004 ideo
2933 3949 3127 4004 salutis
3156 3949 3494 4020 obsequium
3527 3947 3710 4018 digno

2071 4039 2132 4094 in
2157 4041 2376 4097 Christo
2403 4041 2779 4098 officiositatis
2809 4046 2868 4098 et
2893 4043 3232 4098 reverentiae
3263 4043 3416 4098 cultu
3449 4041 3708 4113 praeben-

2071 4137 2175 4202 tes,
2219 4134 2504 4205 poscimus
2541 4139 2601 4190 ut
2641 4153 2758 4204 vos,
2799 4153 2942 4208 quos
2973 4137 3124 4191 Deus
3147 4140 3206 4190 et
3230 4135 3480 4190 culmine
3506 4135 3708 4207 praeci-

2071 4245 2212 4299 puos
2251 4232 2308 4282 et
2350 4229 2672 4284 sinceritate
2720 4232 3026 4301 praeclaros
3069 4247 3188 4286 esse
3237 4231 3533 4301 praecepit,
3583 4245 3704 4284 non

2073 4339 2456 4393 quocumque,
2502 4327 2602 4377 aut
2647 4341 3122 4396 quorumcumque
3156 4329 3434 4378 temerato
3462 4323 3704 4378 concilio

2073 4416 2146 4470 ad
2180 4415 2528 4471 defensanda
2569 4417 2900 4489 hujusmodi
2930 4418 3202 4474 scandala
3229 4417 3537 4484 misceatis,
3571 4417 3706 4488 quia

341 4503 539 4576 glorim
569 4505 792 4568 vestrm,
824 4501 966 4555 sicut
993 4502 1302 4568 credimus,
1345 4502 1562 4557 evocati
1604 4503 1846 4557 Parisios
1883 4483 2047 4558 ve-C
2073 4511 2250 4564 Deum
2292 4511 2498 4564 sufficit
2537 4527 2724 4578 nosse,
2771 4528 2870 4566 vos
2909 4529 3274 4584 nequaquam
3305 4511 3534 4582 penitus
3559 4511 3705 4565 velle

337 4597 797 4668 nientes,novam
813 4593 1248 4665 inauditamque
1266 4594 1692 4650 ordinationem
1705 4596 1762 4650 in
1779 4599 1971 4653 Castro

341 4691 615 4759 Dunensi,
643 4689 910 4760 parochia
935 4689 1184 4760 denique
1213 4689 1540 4758 Carnotina,
1565 4691 1777 4744 factam
1799 4689 1971 4746 fuisse

342 4784 730 4856 cognovimus.
767 4783 950 4846 Quam
977 4799 1100 4836 rem
1130 4781 1264 4836 licet
1289 4782 1378 4836 vix
1405 4783 1642 4837 credere
1671 4799 1972 4854 possumus

341 4895 471 4932 cum
498 4893 780 4932 consensu
803 4875 996 4947 glorias
1021 4880 1220 4930 vestra:
1251 4875 1374 4930 fieri
1399 4875 1673 4946 potuisse,
1697 4881 1896 4932 tamen
1924 4878 1972 4932 si

342 4972 730 5042 cujuscunque
775 4985 948 5040 prava
994 4970 1362 5041 suggestione
1405 4970 1700 5041 praeventi,
1753 4972 1810 5025 in
1864 4973 1970 5027 hac

413 5089 437 5116 ⁸
471 5090 528 5144 ld
555 5090 740 5160 ipsum
757 5089 1000 5157 videtur,
1021 5089 1179 5159 cujus
1195 5107 1227 5160 a
1240 5089 1512 5159 Gregorio
1531 5091 1846 5145 Turonensi
1867 5092 1964 5145 lib.

340 5175 414 5228 1v,
440 5177 562 5230 cap.
582 5162 644 5232 41
660 5202 672 5226 ,
687 5161 752 5213 ﬁt
765 5160 983 5214 mentio
997 5160 1084 5214 his
1099 5159 1310 5214 verbis:
1335 5162 1518 5214 «Cum
1537 5163 1966 5232 autem,inquit,

339 5231 631 5288 contentio
667 5231 815 5304 inter
849 5233 1267 5286 Guntramnum
1308 5234 1367 5304 et
1404 5231 1768 5304 Sigebertum
1801 5231 1970 5304 reges

337 5307 676 5369 verteretur,
701 5303 1082 5382 Guntramnus
1102 5319 1199 5356 rex
1220 5302 1372 5384 apud
1388 5303 1629 5384 Parisios
1645 5302 1970 5384 omnes-epi-

339 5391 538 5446 scopos
551 5373 716 5444 regni
730 5373 814 5426 sui
835 5379 1168 5446 congregat,
1183 5373 1406 5446 utinter
1421 5375 1856 5446 utrosque,quid
1871 5373 1964 5446 ve-

338 5443 476 5500 ritas
496 5443 755 5511 haberet,
793 5443 1130 5511 ediscerent,
1158 5447 1266 5499 etc.
1293 5443 1629 5500 SIRMONDUSI
1647 5477 1714 5483 —
1739 5443 1886 5500 Cum
1909 5445 1968 5500 in

339 5517 516 5572 Gallia
549 5517 766 5570 bellum
793 5514 953 5568 civile
987 5515 1432 5582 recrudesceret,
1465 5517 1850 5570 Guntramnus
1875 5533 1968 5571 rcx

379 5589 740 5643 rocreaverat
777 5587 839 5638 ut
882 5583 1107 5638 Parisiis
1145 5586 1448 5639 concilium
1487 5586 1893 5652 celebraretur,
1923 5588 1966 5641 si

379 5605 740 5643 rocreaverat
777 5605 839 5638 Πῐ,
883 5605 1107 5638 νᾶα-18115
1145 5605 1448 5639 concuium
1487 5605 1893 5652 CBleDI‘aI'BEUI',
1923 5605 1966 5641 Sl

277 5693 290 5710 κ
336 5605 486 5716 {orte
527 5675 629 5735 per
670 5655 1060 5735 sanctissimos
1105 5655 1398 5735 episcopos
1431 5673 1521 5711 res
1556 5658 1772 5735 absque
1815 5659 1966 5735 bello

338 5725 610 5802 componi
623 5729 1044 5802 posset.Verum
1068 5725 1168 5780 ubi
1189 5725 1366 5802 semel
1379 5745 1469 5802 res
1488 5729 1662 5782 armis
1674 5725 1768 5802 agi
1785 5733 1968 5802 empta

341 5796 891 5869 fuit,'ecclésiasticae
919 5799 1078 5868 leges
1105 5796 1344 5854 omnino
1375 5797 1674 5856 siluerunt.
1706 5796 1800 5856 Ait
1835 5796 1966 5857 G're-

2072 4608 2272 4658 contra
2311 4621 2406 4657 vos
2449 4603 2700 4658 divinam
2741 4604 3088 4660 iracundiam
3132 4603 3478 4677 promoveri.
3525 4603 3708 4660 Annis

2070 4699 2265 4752 multis
2309 4697 2552 4768 gloriam
2597 4698 2764 4769 regni
2810 4699 2980 4754 vestri
3031 4700 3289 4771 potentia
3330 4697 3522 4753 divina
3569 4715 3706 4752 cum

2072 4791 2234 4846 omni
2265 4789 2533 4845 felicitate
2565 4795 2881 4860 conservet,
2927 4793 3138 4848 domne
3176 4792 3602 4863 gloriosissime,
3647 4795 3708 4844 et

2073 4885 2603 4956 praecellentissime
2636 4885 2872 4940 domne.

2140 4981 2452 5049 Sequuntur
2477 4979 2914 5049 subscriptiones.

2071 5090 2266 5161 gorius
2285 5091 2354 5144 de
2384 5089 2560 5160 gestis
2581 5091 2929 5144 Francorum
2962 5089 3058 5144 lib.
3089 5105 3142 5144 1v
3173 5106 3296 5160 cap.
3325 5091 3393 5145 4⁸7
3419 5095 3474 5144 et
3497 5089 3588 5156 48,
3609 5091 3705 5145 his

2070 5161 2424 5232 temporibus
2445 5161 2714 5215 accidisse
2735 5164 2796 5214 ut
2816 5161 3168 5232 Chilpericus
3187 5177 3290 5231 per
3321 5161 3500 5214 lilium
3525 5179 3704 5216 suum

2067 5231 2526 5288 Theodobertum
2549 5231 2993 5299 Turonensibus,
3025 5231 3488 5298 Pictaviensibus,
3521 5235 3702 5302 atque

2069 5303 2308 5357 aliarum
2325 5303 2612 5358 civitatum
2630 5303 2878 5357 ecclesiis
2895 5319 3170 5373 magnam
3185 5303 3702 5358 clademintulerit.

2071 5375 2238 5445 Hane
2266 5375 2358 5428 ille
2407 5375 2600 5444 paucis
2647 5373 3064 5445 perstringens,
3107 5374 3184 5428 sic
3227 5374 3345 5445 ait:
3400 5395 3428 5422 ‹‹
3479 5375 3702 5445 Vastat,

2069 5444 2289 5512 evertit,
2333 5443 2597 5500 ecclesias
2631 5443 3251 5513 iiicendit,'ministeria
3274 5443 3546 5510 detrahit,
3589 5447 3706 5499 cle-

2067 5517 2235 5582 ricos,
2267 5515 2554 5583 interﬁcit,
2582 5517 2924 5572 monasteria
2953 5516 3206 5570 virorum
3235 5515 3447 5586 dejicit,
3474 5515 3706 5586 puellas

2069 5587 2306 5654 deludit,
2335 5591 2393 5641 et
2419 5592 2620 5642 cuncta
2641 5587 2929 5654 devastat;
2957 5587 3176 5658 fuitque
3193 5585 3291 5640 illo
3313 5585 3576 5656 tempore
3605 5603 3706 5657 pe-

2061 5657 2158 5784 jpr
2185 5659 2245 5712 in
2273 5659 2523 5740 ecclesiis
2552 5659 2820 5742 gemitus,
2837 5673 3010 5742 quam
3035 5657 3298 5746 tempore
3315 5659 3702 5729 persecutoris

2117 5730 2423 5784 locletiani.
2457 5751 2484 5780 n
2521 5731 2533 5784 ί
2547 5731 2682 5784 Vide
2705 5731 3018 5784 Baromum.
3045 5746 3191 5784 anno
3217 5731 3362 5784 576.)

2117 5729 2423 5786 iocletiani.
2457 5751 2484 5780 η
2521 5731 2682 5804 (Vide
2705 5731 3018 5798 Barom'um,
3045 5746 3191 5786 anno
3217 5731 3362 5804 ξῖϐ.)

3215 5799 3352 5858 εῖν(
3373 5799 3582 5859 Bmms.
