4072 6370
461 432 528 494 It
1457 420 1513 477 s.
1557 401 1828 475 cvmtu
1867 401 2331 469 ALEXANDRINI
2371 403 2698 464 sucum.
3641 395 3712 453 is

465 544 750 618 quemdam
817 541 1160 612 paedagogum
1215 537 1716 602 moderatoremque
1756 527 2037 586 constituit

2162 523 2251 575 ιλλ’
2285 521 2392 575 οὐδ’
2422 520 2516 573 ἐπὶ
2548 519 2687 572 τισίν
2715 517 2850 580 ὅλως
2873 514 2968 578 τὰς
2989 513 3130 567 οὕτω
3156 513 3394 584 σκληρὰς
3422 512 3711 584 ὲςήτηνται

469 642 685 696 beatum
728 634 1045 690 Zachariam
1081 648 1096 685 :
1131 629 1417 684 oriundum
1453 624 1670 694 quidem
1708 640 1739 677 e
1777 620 2036 690 sanguine

471 743 646 793 sacro,
683 739 875 796 nempe
904 739 972 780 ex
1002 723 1142 776 tribu
1180 719 1327 785 Levi,
1361 728 1514 788 patre
1545 714 1806 769 Barachia
1842 728 2034 767 secun-

467 821 598 874 dum
645 832 902 884 carnem,
952 813 1168 871 oracula
1221 819 1400 866 autem
1447 808 1694 863 edentem
1743 803 2037 858 sectmdum

469 911 740 982 spiritum,
769 919 824 965 et
858 907 1028 962 ﬁlium
1059 905 1213 960 Addo
1249 902 1543 973 prophetae.
1575 899 1740 968 Cujus
1774 896 2036 960 moribus,

471 1013 529 1058 ut
564 992 820 1058 Credibile
851 1010 955 1066 est,
986 999 1266 1061 educatus,
1298 994 1538 1065 ejusdem
1571 1005 1783 1062 quoque
1813 990 2040 1042 virtutes

473 1096 712 1150 imitatus
744 1103 846 1149 est.
883 1091 1014 1158 Qua:
1050 1090 1214 1159 igitur
1245 1085 1404 1156 hujus
1437 1084 1730 1154 prophetia:
1763 1081 1835 1136 sit
1871 1081 2038 1141 ratio,

473 1198 528 1241 et
551 1187 735 1256 quales
758 1183 1098 1238 narrationes
1123 1181 1356 1239 intexat.
1381 1191 1560 1245 Opera:
1584 1175 1813 1243 pretium
1839 1180 1922 1227 est
1947 1185 2042 1224 ex-

471 1294 693 1348 ponere.
715 1276 1024 1334 Vindictam
1054 1275 1196 1329 enim
1227 1286 1386 1341 quam
1419 1269 1788 1327 sustinebant.
1818 1265 2043 1333 captivi-

476 1377 587 1421 tate
613 1366 802 1422 solutis
831 1365 1085 1433 objectat,
1119 1373 1176 1416 ut
1205 1360 1292 1428 qui
1325 1359 1564 1413 divinum
1595 1356 1902 1410 mandatum
1935 1369 2040 1408 non

475 1459 665 1514 leviter
705 1456 1099 1526 neglexissent,
1137 1463 1191 1508 et
1231 1467 1326 1522 per
1362 1448 1816 1520 sapientissimum
1856 1445 2039 1500 Mosen

478 1550 737 1604 divinitus
771 1556 1034 1616 praecepta
1071 1556 1414 1599 contemnere
1445 1541 1855 1596 consuevissent
1889 1554 1905 1591 :
1943 1552 2042 1590 ex-

479 1651 796 1707 terrensque
847 1636 965 1690 illos
1022 1651 1126 1690 non
1183 1633 1541 1696 mediocriter,
1598 1632 1664 1684 ad
1715 1629 2040 1682 voluntatem

481 1729 873 1799 consequentia:
923 1726 1100 1780 laudis
1144 1741 1207 1777 ex
1261 1721 1514 1776 facultate
1562 1718 1672 1775 Deo
1719 1733 1816 1787 per
1862 1719 2042 1771 omnia

482 1819 761 1876 obediendi
801 1815 1045 1888 impellit.
1081 1816 1241 1870 Addit
1274 1829 1456 1885 porro,
1492 1811 1593 1866 nisi
1630 1810 1753 1864 boni
1787 1819 1841 1862 et
1877 1809 2041 1862 mori-

485 1912 620 1983 geri,
650 1909 954 1977 divinisque
983 1905 1188 1976 legibus
1217 1906 1577 1975 obsequentes
1606 1901 1825 1967 fuerint,
1857 1916 2046 1968 passu-

486 2019 576 2058 ros
597 2002 798 2056 diriora
825 2000 930 2054 illis
948 2038 964 2064 ,
989 2013 1110 2068 quae
1133 1997 1371 2065 ipsorum
1399 1993 1631 2060 majores
1657 1991 1893 2061 perpessi
1917 1990 2045 2042 sint.

485 2093 552 2148 Et
573 2091 967 2163 quodammodo
989 2087 1344 2145 institutionis
1367 2101 1474 2141 suze
1495 2100 1774 2141 sermones
1797 2084 2046 2144 dilataus,

488 2186 682 2239 docere
707 2181 1021 2253 aggreditur
1068 2193 1189 2248 qua:
1213 2187 1427 2247 patrum
1455 2176 1632 2230 studia
1661 2174 1880 2236 fuerint,
1904 2182 1956 2225 et
1983 2175 2050 2225 ob

487 2290 606 2345 quae
642 2273 856 2328 divinus
891 2286 1052 2341 super
1083 2285 1176 2326 eos
1212 2271 1362 2324 furor
1391 2268 1694 2329 stillaverit,
1731 2275 1783 2319 et
1821 2281 2050 2335 quonam

489 2365 647 2419 modo
677 2373 860 2433 postea
890 2360 1169 2432 perierint.
1199 2359 1328 2414 Item
1360 2374 1465 2428 quo
1497 2368 1653 2428 pacto
1687 2357 1782 2426 ipsi
1819 2356 2051 2418 liberati,

488 2464 545 2510 et
570 2456 846 2509 servitutis
865 2453 996 2524 iugo
1020 2453 1250 2521 exempti
1282 2455 1334 2505 in
1359 2449 1595 2506 Iudaeam
1625 2449 2050 2518 reniigraverint.

489 2546 743 2617 Adjungit
782 2546 888 2609 his,
923 2545 1120 2608 adhuc,
1155 2555 1212 2598 ut
1250 2545 1382 2606 dixi,
1416 2545 1661 2613 graviora
1699 2553 1972 2609 passuros,
2008 2539 2052 2592 si

491 2638 754 2706 majorum
780 2634 1026 2704 vestigiis
1056 2634 1108 2685 iu
1139 2647 1323 2686 amore
1356 2631 1448 2686 Dei
1481 2630 1772 2700 rejiciendo
1803 2627 2056 2681 insistere

491 2727 891 2784 contenderint.
941 2724 1149 2793 Ubique
1192 2733 1368 2777 autem
1415 2721 1750 2776 Iiberationis
1791 2717 1918 2774 olim
1961 2733 2055 2786 per

492 2819 765 2875 Christum
794 2817 984 2872 futurae
1013 2817 1278 2882 meminit,
1306 2823 1360 2870 et
1390 2812 1702 2883 mysterium
1730 2811 1782 2864 in
1815 2824 1880 2864 eo
1905 2810 2056 2863 exhi-

494 2908 725 2963 bendum
767 2906 1114 2960 multifariam
1156 2905 1312 2960 nobis
1351 2902 1623 2959 describit.
1666 2899 1917 2969 Singulas
1955 2902 2057 2952 ita-

491 3013 599 3070 que
632 3007 811 3068 partes
843 2997 1134 3068 prophetia:
1163 2994 1322 3064 hujus
1351 2995 1659 3048 accuratius
1691 2993 2058 3060 pervestigare

495 3089 772 3155 volentes,
808 3103 874 3142 ne
917 3088 1143 3142 otiosam
1184 3085 1555 3154 repetitionem
1591 3083 1902 3138 existiment
1939 3098 2060 3148 quae

2137 613 2306 676 δίκας,
2344 613 2480 682 πλὴν
2520 612 2642 664 ὅσον
2689 609 2748 674 ἐξ
2787 605 3142 677 ἠμελημένων
3183 604 3323 674 τάχα
3369 620 3470 656 που
3523 603 3713 673 διηγη-

2141 704 2348 774 μάτων,
2392 700 2704 770 ἀναγκαίως
2733 701 2760 752 ὁ
2790 697 2896 750 τῶν
2925 696 3062 750 ὅλων
3105 693 3236 757 Θεὸς
3274 694 3454 757 αὐτοῖς
3482 696 3592 757 τοῖς
3624 693 3712 745 λε-

2137 797 2502 866 λυτρωμένοις
2537 790 2876 859 παιδαγωγὸν
2917 787 3107 856 ὥσπερ
3146 787 3267 840 τινὰ
3299 785 3393 840 καὶ
3431 787 3712 857 ἁρμοστὴν

2139 887 2484 941 ἀναδείκνυσι
2522 885 2612 936 τὸν
2664 883 2933 952 μακάριον
2988 880 3282 950 Ζαχαρίαν,
3331 878 3458 930 ὄντα
3511 877 3607 948 μὲν
3653 877 3714 940 ἐξ

2141 979 2368 1049 αἵματος
2420 975 2587 1047 ἱεροῦ,
2626 975 2902 1028 τουτέστιν
2950 974 3013 1026 ἐκ
3061 971 3161 1041 τῆς
3199 970 3372 1040 φυλῆς
3420 969 3568 1029 Λευῖ,
3621 970 3715 1021 καὶ

2140 1069 2400 1138 γεγονότα
2428 1069 2525 1138 μὲν
2547 1070 2610 1120 ἐκ
2632 1069 2832 1136 πατρὸς
2859 1067 3128 1138 Βαραχίου
3147 1064 3288 1117 κατά
3310 1080 3372 1130 γε
3397 1061 3492 1132 τὴν
3513 1061 3711 1131 σάρκα,

2143 1163 2580 1234 κεχρηματικότα
2630 1162 2685 1214 δε
2721 1163 2859 1213 κατά
2900 1159 3116 1229 πνεῦμα
3148 1159 3242 1210 καὶ
3269 1156 3382 1208 υἱὸν
3422 1146 3592 1207 Ἂδδὼ
3619 1152 3712 1206 τοῦ

2144 1258 2442 1325 προφήτου.
2497 1254 2806 1324 Τέθραπται
2850 1254 2977 1322 γὰρ,
3027 1253 3101 1314 ὼς
3147 1250 3310 1312 εἰκὸς,
3361 1251 3473 1310 τοῖς
3506 1247 3714 1300 ἐκείνου

2141 1349 2383 1418 τρόποις,
2420 1348 2513 1401 καὶ
2554 1347 2660 1398 τῶν
2695 1347 2823 1398 ἴσων
2862 1343 3360 1416 ἀνδραγαθημάτων
3401 1342 3586 1410 γέγονε
3626 1358 3715 1408 μι-

2148 1443 2341 1510 μητής.
2375 1440 2418 1491 Τ
2425 1439 2471 1502 ίς
2513 1433 2604 1491 οὗν
2648 1437 2796 1506 αὑτῴ
2825 1437 2919 1505 τῆς
2969 1435 3299 1506 προφητείας
3343 1434 3370 1484 ό
3416 1433 3590 1497 λόγος,
3626 1433 3717 1482 καὶ

2144 1530 2231 1582 διὰ
2264 1530 2428 1581 ποίων
2459 1529 2567 1582 τῶν
2591 1526 2942 1599 διηγημάτων
2976 1528 3212 1596 ἔρχεται,
3247 1525 3363 1586 πῶς
3409 1525 3505 1576 οὐκ
3533 1522 3599 1575 ἀν
3636 1521 3717 1573 δί-

2147 1635 2298 1672 καιον
2328 1620 2536 1679 είπεῖνς
2564 1618 2674 1688 Τὴν
2702 1619 2858 1685 δίκην
2891 1617 2989 1686 μὲν
3021 1616 3150 1684 γάρ,
3183 1615 3272 1682 ὑφ’
3301 1615 3368 1682 ἦν
3401 1614 3557 1673 εἰσιν,
3595 1613 3716 1663 em-

2149 1713 2378 1781 σκήπτει
2408 1712 2518 1770 τοῖς
2549 1708 2994 1778 λελυτρωμένοις,
3030 1708 3124 1759 ἅτε
3165 1705 3227 1773 δὴ
3259 1704 3357 1774 τῆς
3381 1703 3528 1765 θείας
3572 1705 3719 1755 ἐντο-

2147 1803 2244 1873 λῆς
2275 1802 2333 1855 οὐ
2372 1801 2605 1872 μετρίως
2645 1799 2968 1869 ἠμεληκόσι,
2998 1798 3090 1851 καὶ
3118 1797 3226 1850 τῶν
3267 1795 3355 1848 διὰ
3396 1795 3486 1847 τοῦ
3520 1794 3719 1847 πανσό-

2151 1910 2249 1962 φου
2278 1891 2518 1953 Μωσέως
2549 1887 2988 1957 τεθεσπισμένων
3022 1887 3234 1954 ἀλογεῖν
3276 1883 3522 1936 εἰωθόσι*
3553 1899 3720 1936 κατα-

2149 1986 2515 2056 δεδιττόμενος
2573 1983 2632 2036 δὲ
2679 1983 2740 2036 οὐ
2795 1983 3028 2053 μετρίως
3096 1981 3332 2044 αὐτοὺς,
3393 1980 3720 2049 μεταφοιτᾷν

2151 2076 2434 2131 ἀναπείθει
2463 2074 2596 2146 πρὸς
2622 2075 2682 2127 τὸ
2709 2074 2817 2126 δεῖν
2844 2073 3058 2126 ἑλέσθαι
3093 2071 3293 2143 μᾶλλον
3315 2071 3617 2140 εὐδοκιμεῖν
3637 2069 3722 2121 δια

2152 2170 2245 2238 τῆς
2263 2171 2342 2230 εις
2358 2169 2464 2220 πᾶν
2479 2165 2656 2219 ὁτιοῦν
2670 2165 2975 2228 εὐπειθείας
2987 2167 3082 2218 καὶ
3095 2163 3359 2233 ὑπακοῆς.
3382 2162 3722 2234 Προσεπάγει

2151 2259 2228 2320 δὲ,
2250 2261 2396 2313 ὃτιεξ
2423 2260 2498 2328 μὴ
2531 2255 2639 2312 εἷεν
2665 2259 2878 2326 ἀγαθοὶ,
2898 2257 2991 2310 καὶ
3025 2257 3248 2328 εὐήνιοιη,
3291 2254 3390 2307 καὶ
3416 2256 3526 2316 τοῖς
3557 2251 3722 2313 θείοις

2154 2352 2391 2415 εἴκοντες
2417 2353 2622 2421 νόμοις,
2639 2350 2917 2404 πείσονται
2941 2349 3033 2402 καὶ
3051 2349 3202 2400 αὐτοὶ
3228 2347 3336 2400 τῶν
3364 2346 3474 2408 τοῖς
3487 2345 3724 2413 πατράσι

2156 2443 2579 2513 συμϐεϐηκότων
2614 2442 2679 2496 τὰ
2715 2441 3107 2514 φορτικώτερα.
3143 2439 3502 2510 Κατευρὺνων
3525 2437 3578 2491 δὲ
3615 2436 3725 2488 ὧσ-

2157 2553 2262 2607 περ
2305 2537 2404 2606 τῆς
2440 2535 2813 2603 παιδαγωγίας
2858 2533 2986 2596 τοὺς
3023 2534 3234 2600 λόγους,
3292 2533 3547 2602 πειρᾶται
3582 2530 3728 2584 διδαο

2157 2644 2325 2692 σκειν,
2356 2628 2476 2679 τίνα
2511 2617 2702 2698 μὲν’ἦν
2743 2626 2907 2679 πάλαι
2947 2623 3016 2677 τά
3045 2623 3153 2678 τῶν
3183 2624 3430 2693 πατέρων
3453 2621 3726 2692 ἐπιτηδεύ-

2159 2734 2324 2786 ματα,
2354 2717 2448 2770 καὶ
2479 2718 2571 2769 ἐπὶ
2610 2716 2752 2769 τίσιν
2785 2716 2964 2778 αὐτοῖς
2989 2718 3016 2768 ό
3049 2715 3192 2777 θεῖος
3238 2712 3499 2778 ἐπέσταξε
3533 2713 3722 2783 θυμὸς,

2157 2809 2276 2861 τίνα
2309 2809 2352 2860 δ’
2383 2803 2448 2861 αὖ
2476 2806 2758 2860 διολώλασι
2785 2809 2984 2879 τρόπον
3001 2824 3013 2838 ⁸
3051 2807 3143 2859 καὶ
3167 2805 3271 2876 μὴν
3292 2807 3385 2858 καὶ
3405 2805 3552 2867 ὅπως
3576 2805 3726 2856 λελύ-

2157 2917 2413 2972 τρωνται,
2467 2900 2559 2952 καὶ
2611 2901 2700 2953 τὸν
2749 2903 2848 2968 τῆς
2899 2898 3272 2968 αἰχμαλωσίας
3332 2898 3726 2964 ἀπολυσάμενοι

2160 2991 2342 3059 ζυγὸν,
2372 2991 2807 3062 ἀνεκομίσθησαν
2847 2992 2924 3052 είς
2950 2991 3046 3062 τὴν
3077 2982 3360 3043 Ἰουδαίαν.
3387 2991 3726 3059 Προσεπάγει

2157 3081 2214 3132 δὲ
2247 3081 2476 3146 τούτοις,
2504 3083 2606 3144 ὅτι,
2639 3081 2891 3152 καθάπερ
2931 3081 3066 3150 ἔφην
3101 3079 3322 3150 ἀρτίως,
3360 3081 3633 3133 πείσονται
3663 3084 3732 3133 τὰ

495 3176 814 3240 afferuntur.
855 3186 910 3231 et
951 3177 1017 3231 de
1058 3175 1345 3245 praeteritis
1385 3183 1877 3230 commemorantur
1913 3190 1929 3228 :
1967 3173 2057 3226 sed

2162 3173 2353 3244 χείρω,
2381 3174 2480 3242 τῆς
2511 3173 2618 3226 τῶν
2652 3173 2902 3243 πατέρων
2925 3173 3238 3242 ἀφιλοθεῖας
3272 3173 3391 3227 κατ’
3425 3175 3566 3243 ἴχνος
3599 3175 3730 3226 ἰέναι

497 3264 841 3320 meminerint
871 3265 1068 3334 potius,
1093 3280 1161 3320 ex
1193 3264 1504 3333 captivitate
1533 3266 1583 3318 in
1609 3263 1848 3319 Judzeam
1878 3277 2059 3317 rever-

497 3370 620 3420 sos,
655 3355 968 3410 narratione
1006 3369 1228 3409 casuum
1268 3367 1699 3425 antegressorum
1739 3368 2064 3422 magnopere

498 3462 632 3517 opus
661 3445 930 3502 habuisse.
963 3445 1054 3500 Sic
1080 3450 1223 3500 enim
1255 3448 1388 3500 alios
1419 3448 1744 3516 corrigebat,
1775 3449 1826 3500 in
1857 3460 2064 3501 memo-

499 3543 634 3595 riam
670 3540 751 3594 eis
784 3540 1031 3608 redigens
1061 3554 1181 3608 quae
1213 3540 1558 3609 pertulissent
1592 3557 1604 3592 :
1632 3539 1938 3610 junioribus
1967 3555 2062 3592 au-

502 3642 608 3687 tem
655 3642 712 3686 et
739 3642 982 3684 veterum
1019 3631 1221 3699 ignaris
1249 3632 1595 3685 securitatem
1626 3630 1966 3695 conciliabat,
1999 3646 2064 3684 ne

502 3725 723 3795 paribus
756 3723 990 3777 miseriis
1023 3723 1440 3784 involvereutur,
1501 3723 1545 3777 si
1579 3723 1741 3776 vitam
1779 3724 2055 3789 profanam

502 3826 555 3871 et
589 3815 1042 3885 improbissimam
1078 3822 1434 3869 sectarentur.

2173 3263 2580 3329 σπουδάζοντες.
2610 3264 2985 3335 Διαμέμνηται
3006 3265 3063 3317 δὲ
3091 3266 3338 3335 πανταχῆ
3364 3265 3464 3334 τῆς
3493 3266 3578 3318 διὰ
3603 3267 3734 3335 Χρι-

2171 3355 2298 3408 στοῢ
2337 3355 2656 3424 λυτρώσεως
2691 3356 2954 3426 ἐσομένης
2987 3356 3130 3410 κατά
3159 3358 3405 3428 καιροὺς,
3433 3359 3610 3410 καὶτὸ
3647 3359 3733 3409 ἐπ’

2170 3448 2319 3518 αὐτῷ
2346 3450 2640 3518 μυστήριον
2663 3447 2751 3501 διὰ
2774 3431 2984 3502 πολλῶν
3004 3450 3135 3518 ἡμῖν
3163 3451 3468 3520 ἀναγράφει
3496 3449 3733 3520 τρόπων.

2170 3543 2259 3592 Δεῖ
2295 3540 2350 3592 δὲ
2377 3537 2471 3593 οὖν
2518 3539 2726 3594 ἕκαστα
2765 3541 2864 3610 τῆς
2904 3541 3237 3612 προφητείας
3285 3541 3352 3594 τὰ
3395 3541 3533 3612 μέρη
3574 3539 3736 3592 πολυ-

2171 3635 2504 3702 πραγμονεῖν
2545 3630 2851 3696 ἐθέλοντας,
2887 3633 2962 3702 μὴ
2995 3632 3348 3700 ταυτολογίαν
3387 3632 3635 3702 ἡγεῖσθαι
3674 3647 3738 3684 τα

2173 3726 2230 3775 ὲν
2262 3724 2418 3794 αὐτῇ,
2448 3723 2691 3794 καὶπερὶ
2730 3723 2827 3794 τὴν
2857 3725 3130 3794 ἀφήγησιν
3164 3724 3272 3776 τῶν
3301 3724 3399 3794 ἤδη
3440 3721 3742 3791 γεγενημέ-

2175 3831 2280 3866 νων
2299 3831 2312 3844 ·
2344 3813 2751 3886 διαμεμνῆσθαι
2779 3815 2835 3867 δὲ
2861 3815 3084 3884 μᾶλλον,
3121 3815 3205 3867 ὃτι
3230 3816 3340 3876 τοῖς
3363 3814 3428 3865 ὲκ
3464 3813 3563 3882 τῆς
3589 3815 3746 3882 αἰχμι⁴

505 3911 740 3975 αλωσίας
771 3911 1205 3981 ὑπονοστήσασιν
1237 3911 1318 3972 είς
1354 3911 1451 3980 τὴν
1499 3908 1775 3972 Ἰουδαίαν,
1846 3908 2281 3977 ἀναγκαιοτάτην
2325 3907 2440 3978 ἔχει
2506 3909 2615 3962 τῶν
2660 3909 2760 3980 ἢδη
2825 3908 3246 3980 συμϐεϐηκότων
3296 3907 3395 3976 τὴν
3446 3907 3740 3976 ἀφήγησιν.

517 4005 864 4077 Ἐπηνώρθου
898 4005 996 4077 μὲν
1022 4005 1128 4076 γὰρ
1169 4007 1293 4068 τοὺς
1333 4005 1561 4070 εἰδότας,
1627 3997 1702 4057 ὧν
1739 4005 1838 4075 ἤδη
1862 4003 2193 4056 πεπόνθασιν
2262 4005 2550 4076 ἀναφέρων
2608 4006 2743 4076 πρὸς
2780 4005 3104 4075 ἀνάμνησιν·
3148 4006 3260 4067 τοῖς
3285 4004 3341 4057 δὲ
3386 4003 3451 4074 δὴ
3485 4003 3624 4064 νέοις
3652 4019 3743 4052 xo-

508 4104 656 4176 μιδῇ,
682 4104 782 4156 καὶ
807 4105 906 4156 οὑκ
951 4101 1114 4155 εἰδόσι
1145 4102 1212 4154 τά
1246 4101 1436 4164 πάλαι,
1465 4101 1742 4170 προεξένει
1767 4101 1864 4170 τὴν
1899 4099 2214 4169 ἀσφάλειαν,
2243 4101 2327 4153 ἴνα
2387 4099 2462 4171 μὴ
2482 4102 2591 4162 τοῖς
2623 4099 2762 4162 ἴσοις
2824 4099 3061 4152 ὲναλοῖεν
3092 4102 3314 4166 κακοῖς,
3368 4097 3467 4166 τὴν
3522 4095 3744 4166 βέϐηλον

507 4198 601 4254 καὶ
631 4195 988 4266 ἀνομωτάτην
1019 4193 1342 4262 ἀγαπῶντες
1374 4194 1536 4262 ζωήν.

797 4341 1204 4435 TOMUS
1290 4342 1776 4431 PRIMUS.

1078 4488 1241 4562 554
1275 4487 1425 4543 car.
1469 4490 1506 4542 ι.

589 4627 750 4684 Vens.
781 4629 833 4689 l,
858 4626 914 4683 2.
946 4623 1011 4680 In
1042 4639 1216 4678 acturo
1247 4639 1414 4676 mense
1439 4623 1562 4674 anni
1588 4621 1823 4683 secundi,
1847 4621 1943 4676 sub
1973 4619 2075 4672 Da-

513 4725 612 4786 iio,
646 4723 842 4788 factum
875 4729 946 4772 est
986 4719 1190 4771 verbum
1224 4713 1530 4768 Domini-ad
1569 4711 1879 4765 Zachariam
1907 4710 2080 4778 ﬁlium

514 4813 812 4874 Baracliiie,
841 4809 1011 4879 ﬁlium
1045 4807 1194 4860 Addo
1228 4807 1507 4876 prophetw,
1539 4806 1714 4858 dicens
1744 4819 1761 4856 :
1792 4803 1972 4857 Iratus
2005 4809 2081 4855 est

519 4903 768 4956 Dominus
800 4908 979 4952 contra
1009 4911 1182 4966 patres
1211 4905 1404 4950 vestros
1435 4895 1517 4950 ira
1543 4911 1753 4964 magna.

589 5102 652 5155 ll.
708 5095 1104 5153 Animadvertis
1151 5094 1419 5163 quomodo
1468 5091 1774 5147 narratione
1817 5099 2083 5146 terrorem

522 5193 653 5261 ipsis
685 5190 922 5259 injiciat,
953 5196 1012 5242 et
1041 5186 1374 5256 impuberes,
1403 5199 1522 5253 qua:
1549 5191 1674 5238 ante
1700 5182 1819 5238 illos
1843 5184 2088 5252 contige-

525 5291 649 5337 runt
681 5295 991 5351 exponens,
1027 5278 1093 5332 ad
1127 5276 1447 5346 probitatem
1484 5275 1797 5346 compellat,
1832 5275 2087 5330 minitans

525 5373 938 5442 quodammodo,
969 5369 1256 5435 similibus,
1287 5375 1382 5422 aut
1414 5366 1930 5422 intolerabilioribus
1963 5366 2091 5421 sub-

520 5467 694 5535 jectos
723 5462 1122 5517 calamitatibus
1150 5461 1342 5516 acerbe
1379 5460 1792 5521 Iamentaturos.
1827 5458 1928 5512 nisi
1959 5471 2089 5526 pru-

529 5559 716 5611 denter
739 5554 949 5609 illorum
981 5553 1224 5624 exempla
1255 5554 1552 5622 despicere,
1579 5561 1633 5606 et
1663 5550 1757 5606 Dei
1789 5551 2094 5619 beneplaei-

532 5659 666 5712 tum,
696 5657 754 5700 ut
778 5636 1082 5702 omni'cura
1109 5656 1162 5701 et
1186 5646 1542 5700 aestimatione
1567 5645 1784 5711 dignum
1811 5642 2091 5710 complecti

533 5742 886 5798 instituerint.
905 5741 1089 5811 Magna
1103 5749 1281 5796 autem
1301 5743 1378 5794 ira
1397 5742 1610 5804 iratum,
1636 5739 1829 5807 inquit,
1849 5738 2090 5791 omnium

529 5849 710 5890 rerum
744 5843 1011 5905 potentem
1048 5835 1212 5890 Deum
1250 5851 1262 5886 :
1299 5847 1394 5888 nec
1428 5832 1714 5885 verborum
1749 5843 1968 5883 suorum
2007 5842 2096 5881 ve—

2496 4332 2876 4418 ΤΟΜΟΣ
2951 4329 3418 4416 ΠΡΩΤΟΣ.

2750 4497 2766 4546 .t
2783 4487 3029 4539 ΚΕΦΑΛ.
3067 4487 3124 4538 A'

2262 4623 2357 4674 Ἑν
2389 4621 2467 4687 τῷ
2511 4622 2698 4691 draco)
2741 4625 2888 4693 μηνὶ
2939 4626 3114 4689 ἔτους
3163 4624 3468 4692 δευτέρου,
3501 4624 3597 4677 ἐπὶ
3646 4627 3750 4677 Διι-

2173 4713 2362 4781 ρείου,
2393 4711 2626 4782 ἐγένετο
2655 4716 2848 4784 λόγος»
2875 4717 3099 4783 Κυρίου
3142 4716 3292 4786 πρὸς
3324 4719 3624 4787 Ζαχαρίαν
3651 4721 3752 4771 τὸν

2183 4805 2289 4858 τοῦ
2311 4805 2632 4874 Βαραχίου,
2670 4805 3011 4860 υίὸνἈδδὼ
3048 4807 3153 4860 τοῦ
3186 4808 3516 4877 προφήτου,
3538 4807 3748 4878 λέγων·

2197 4898 2468 4966 Ὠργίσθη
2501 4900 2712 4966 Κύριος
2753 4899 2851 4951 ἐπὶ
2889 4901 3029 4964 τοὺς
3075 4901 3332 4968 πατέρας
3366 4900 3532 4968 ὑμῶν
3571 4901 3753 4969 ὀργὴν

2181 4987 2474 5058 μεγάλην.

2257 5101 2330 5154 B'.
2364 5101 2557 5171 Συνίης
2608 5104 2756 5166 ὅπως
2804 5106 3100 5156 καταπτοεῑ
3141 5107 3250 5169 τοίς
3298 5106 3620 5176 διηγήμασι,
3667 5107 3756 5158 καὶ

2189 5193 2299 5254 τοῖς
2327 5191 2522 5262 κομιδῇ
2573 5193 2709 5255 νέοις
2751 5193 2818 5246 τὰ
2866 5198 2977 5257 τοῖς
3007 5194 3112 5265 πρὸ
3148 5195 3326 5248 αὐτῶν
3379 5193 3758 5264 συμϐεϐηκότα

2190 5281 2512 5350 παρατιθεὶς
2539 5284 2616 5344 είς
2643 5280 2921 5351 ἐξήγησιν,
2944 5283 3235 5352 μετασοϐεῖ
3265 5284 3398 5354 πρὸς
3431 5284 3492 5336 τὺ
3515 5283 3756 5353 ἄμεινον,

2190 5371 2470 5434 οἱονείπως
2487 5374 2746 5437 ἀπειλῶν,
2779 5375 2859 5426 ὅτι
2881 5377 2993 5436 τοῖς
3013 5374 3168 5438 ἴσοις,
3201 5374 3232 5445 ἢ
3259 5376 3352 5428 καὶ
3383 5376 3496 5438 τοῖς
3520 5373 3599 5429 ἔτι
3634 5374 3756 5426 δυσ-

2192 5459 2536 5531 αχθεστέροις
2590 5462 3017 5534 ὑπενηνεγμένοι
3089 5466 3314 5527 κακοῖς,
3366 5462 3758 5533 κατοιμὼξουσι

2195 5551 2424 5623 πικρῶς.
2456 5555 2501 5606 εἰ
2537 5553 2612 5624 μὴ
2641 5555 2847 5609 ’ἐλοιντο
2883 5557 3174 5626 σωφρόνως
3208 5555 3642 5619 ἀποσπουδάζειν
3668 5555 3760 5624 μὲν

2195 5645 2261 5697 τὰ
2313 5645 2552 5706 ἐκείνων,
2607 5647 2884 5716 φροντίδος
2941 5665 3002 5716 γε
3037 5648 3141 5718 μὴν
3191 5649 3283 5701 καὶ
3346 5647 3507 5716 λόγου
3569 5645 3761 5701 παντὸς

2194 5736 2378 5802 ἀξιοῦν
2422 5738 2480 5791 τὸ
2513 5737 2756 5810 θυμῆρες
2791 5739 2929 5809 Θεῷ.
2981 5741 3177 5811 Ὀργὴν
3206 5739 3262 5792 δὲ
3304 5741 3550 5812 μεγάλην
3601 5737 3764 5808 ὠργί-

2200 5829 2321 5882 σθαι
2387 5831 2518 5901 φησί⁸
2571 5831 2662 5886 τὸν
2718 5829 2826 5884 τῶν
2879 5831 3015 5885 ὅλων
3060 5831 3548 5900 κατεξουσιάζοντα
3597 5830 3764 5893 Θεὸν.
