4072 6370
346 431 411 486 i3
1150 422 1687 481 COMMENTARIUS
1729 423 1791 476 ΙΝ
1831 421 2229 478 ZACHABIAM
2269 423 2702 482 PROPHETAM.
3512 430 3579 487 14

343 551 444 600 οὐκ
488 543 867 598 ἀναπόδεικτον
917 543 1071 608 ἀφεὶς
1110 544 1188 604 είς
1233 541 1293 594 τὸ
1336 541 1561 609 ἀτρεκὲς
1600 540 1692 592 τὸν
1738 539 1913 604 λόγον,

2022 540 2234 593 nitatem
2279 541 2750 596 indemonstratam
2799 541 3081 612 relinquit.
3125 544 3214 596 scd
3256 560 3318 596 ex
3363 545 3426 598 iis
3462 559 3580 613 qwe

347 638 461 692 ἀλλ’
495 636 554 701 ἐξ
575 629 650 687 ὧν
676 634 776 706 ἤδη
819 634 1187 703 πεπείρανταιζ
1218 634 1307 686 καί
1339 632 1668 685 πεπόνθασιν
1691 672 1703 691 .
1733 633 1814 683 ὅτι
1841 631 1914 699 μὴ

349 731 461 781 ἐστι
496 725 797 796 ψευδοεπὴς
849 725 1183 793 ἀποφαίνων.
1225 725 1323 794 Εἶη
1359 726 1464 794 γὰρ
1499 724 1563 775 ἂν
1603 722 1661 776 οὐ
1694 723 1790 791 τῆς
1825 739 1914 773 τυ-

347 819 549 888 χούσης
585 817 1011 885 ἀγανακτήσεως
1035 815 1254 879 ἔνδειξις
1287 817 1350 868 τὸ
1373 817 1581 882 ἐφεῖναι
1606 816 1714 876 τοῖς
1738 812 1914 865 Βαϐυ-

349 912 558 972 λωνίοις
593 909 940 980 καταδῃῶσαι
983 909 1081 978 μὲν
1116 909 1333 961 ἅπασαν
1376 910 1476 977 τὴν
1511 907 1764 960 Ἰουδαίαν
1822 907 1917 958 καὶ

352 1007 446 1057 σὺν
476 1005 613 1074 αὐτῇ
643 1003 740 1074 τὴν
769 1002 1096 1072 Σαμάρειαν.
1132 1001 1516 1073 κατεμπρῆοαι
1555 1000 1612 1052 δὲ
1655 1001 1749 1052 καὶ
1780 999 1919 1051 αὐτά

347 1078 598 1164 ἰα’ἆγια,
626 1096 721 1149 καὶ
761 1094 1110 1160 κατασκάψαι
1147 1093 1246 1164 τὴν
1296 1093 1648 1162 Ἰερουσαλήμ
1671 1107 1684 1121 ·
1714 1093 1808 1144 καὶ
1828 1091 1918 1141 τὸν

350 1187 648 1240 ἀπόλεκτον
689 1183 901 1254 Ἰσραὴλ
943 1184 1216 1252 ἀποφῆναι
1259 1184 1526 1253 μέτοικον.
1567 1181 1798 1252 οἰκτρῶς
1825 1180 1918 1232 καὶ

351 1278 599 1339 ἐλεεινῶς
625 1277 683 1328 ὲν
704 1275 971 1345 ἀλλοδαπῇ
1005 1274 1342 1337 δουλεύοντα,
1369 1276 1460 1327 καὶ
1491 1273 1766 1327 δύσοιστον
1796 1274 1922 1325 ὑπο-

354 1368 584 1437 μένοντα
630 1368 730 1437 τὴν
760 1366 1158 1434 ταλαιπωρίαν,
1191 1367 1286 1420 καὶ
1331 1367 1635 1434 ἁπτόμενον
1684 1364 1784 1434 μὲν
1823 1363 1918 1415 ου-

354 1461 486 1514 σιῶν
517 1461 719 1523 οὐκέτι,
778 1461 876 1514 οὐκ
908 1460 1078 1529 αὐλῆς
1126 1459 1258 1512 εἴσω
1303 1457 1572 1529 φοιτῶντα
1611 1461 1710 1530 τῆς
1747 1459 1916 1528 ἱερᾶς,

350 1556 452 1606 οὐκ
477 1553 826 1625 εὐχαριστίαν
848 1553 1186 1623 προσάγοντα
1219 1552 1360 1604 κατά
1382 1551 1565 1622 νόμον,
1599 1551 1634 1623 ἢ
1668 1551 1916 1610 δεκάτας,

354 1649 389 1715 ἢ
421 1647 692 1716 ἀπαρχάς·
729 1645 1044 1715 εἰργόμενον
1070 1642 1127 1695 δὲ
1175 1643 1251 1706 ὡς
1283 1645 1342 1711 ἐξ
1380 1643 1644 1715 ἀνάγκης,
1692 1644 1784 1695 καὶ
1823 1641 1919 1709 φό·

354 1740 474 1800 6ου,
502 1739 596 1790 καὶ
633 1735 731 1790 τοῦ
756 1739 953 1807 χρῆναι
995 1735 1168 1787 τελεῖν
1203 1735 1302 1792 τὰς
1343 1735 1734 1805 νενομισμένας
1774 1733 1921 1804 αὑτῷ

356 1830 456 1885 καὶ
484 1828 746 1896 φιλτάτας
768 1827 980 1898 ἑορτάς.
1010 1827 1218 1881 Οὐκοῦν
1247 1847 1264 1878 ι
1309 1826 1564 1896 Ὡργίσθη
1595 1829 1794 1897 Κύριος
1828 1827 1920 1880 ἐπὶ

351 1922 479 1983 τοὺς
508 1920 751 1990 πατέρας
780 1919 957 1972 αὐτῶν
982 1918 1150 1989 ὀργὴν
1183 1918 1443 1987 μεγάλην.
1493 1938 1511 1969 ι

437 2094 788 2162 Ἐπιφωνήσῃ
816 2091 856 2142 δ’
881 2091 944 2145 ἄν
973 2108 1057 2154 τις
1083 2092 1152 2145 τὰ
1183 2091 1360 2144 τοιάδε
1393 2091 1615 2154 καὶτοῖς
1655 2091 1920 2154 Ἰουδαίοις

354 2186 569 2256 δήμοις,
597 2183 757 2254 εἰπερ
788 2183 962 2236 ἕλοιτο
1011 2186 1389 2253 μυσταγωγείν
1436 2185 1528 2235 ἐπὶ
1579 2183 1640 2234 τὸ
1682 2181 1918 2252 Χριστοῦ

361 2277 672 2346 μυστήριον.
692 2273 906 2344 Ἐπειδὴ
919 2274 1026 2343 γὰρ
1039 2274 1366 2327 ἀπεκτόνασι
1376 2273 1499 2335 τοὺς
1514 2275 1813 2343 προφήτας,
1829 2272 1923 2325 καὶ

359 2369 522 2422 αὐτὸν
551 2369 607 2422 δὲ
627 2367 716 2421 τὸν
747 2366 948 2437 Κύριον
975 2366 1074 2437 τῆς
1091 2365 1248 2437 δόξης
1268 2365 1640 2437 ἐσταύρωσαν.
1678 2365 1922 2417 ἑάλωσαν

361 2463 458 2514 καὶ
479 2459 869 2531 πεπόρθηνται.
889 2458 1226 2528 Κατεσείσθη
1242 2459 1296 2512 δὲ
1318 2459 1409 2511 καὶ
1425 2459 1581 2521 αὐτὸς
1599 2459 1628 2510 ὁ
1643 2457 1924 2526 διαϐόητος

363 2552 519 2616 νεὼς,
547 2556 640 2607 καὶ
665 2553 1018 2624 πεπλήρωται
1044 2553 1230 2605 λοιπὸν
1273 2553 1359 2605 ἐπ’
1393 2553 1573 2615 αὐτοῖς
1601 2552 1661 2604 τὸ
1690 2550 1778 2603 διὰ
1811 2568 1924 2618 φω-

357 2649 454 2718 νῆς
495 2645 654 2714 Ὠσηέ
673 2661 686 2675 ⁸
728 2663 747 2696 ι
779 2645 902 2698 Ὀτι
933 2643 1147 2715 ἡμέρας
1189 2642 1388 2706 πολλὰς
1417 2643 1793 2697 καθίσονταιοὶ
1817 2643 1925 2695 υἱοὶ

371 2737 608 2808 Ἰσραὴλ,
635 2736 735 2788 οὐκ
777 2735 929 2797 δντος
963 2733 1246 2803 βασιλέως,
1286 2733 1406 2786 οὐδὲ
1445 2733 1596 2796 ὄντος
1640 2734 1921 2802 ἄρχοντος,

355 2831 456 2883 οὐκ
507 2827 673 2898 οΰσης
721 2826 928 2890 θυσίας,
982 2825 1103 2878 οὐδὲ
1147 2825 1300 2888 ὄντος
1346 2823 1751 2894 θυσιαστηρίου,
1800 2823 1923 2877 οὔτε

361 2919 653 2990 ιερατείας,
697 2915 818 2970 οὔτε
863 2916 1056 2986 δήλων.
1088 2935 1106 2965 ι
1140 2915 1263 2968 Ὀτι
1308 2914 1364 2968 δέ
1389 2916 1526 2967 εἰσιν
1566 2915 1920 2985 αἰχμάλωτοι,

359 3013 452 3065 καὶ
475 3011 578 3064 ὑπὸ
600 3011 756 3082 χεῖρα
775 3010 910 3070 τέως
934 3005 1243 3074 διαϐολικὴν
1266 3007 1763 3076 προσκεκρουκότες
1784 3007 1923 3074 Θεῷ,

357 3104 451 3156 καὶ
478 3101 903 3175 ἀπερριμμένοι,
929 3100 1024 3152 καὶ
1043 3099 1260 3168 ἀπάσης
1289 3097 1392 3163 ἔξω
1426 3096 1636 3164 φειδοῦς
1666 3100 1761 3165 τῆς
1783 3096 1922 3149 ἅνω-

359 3197 449 3249 θεν
469 3195 769 3264 γεγονότες,
800 3193 914 3254 πῶς
937 3191 1001 3244 ἂν
1022 3190 1315 3244 ἐνδοιάσειέ
1337 3206 1451 3254 τις;
1483 3189 1544 3241 Εἰ
1564 3190 1618 3242 δὲ
1642 3188 1705 3258 δὴ
1728 3189 1925 3258 λυτρωσ

359 3289 499 3340 θεῖεν
528 3285 670 3340 κατά
725 3284 968 3353 καιροὺς,
1011 3282 1411 3353 προσηκάμενοι
1454 3281 1550 3352 τὴν
1595 3282 1798 3346 πίστιν,
1833 3284 1925 3336 καὶ

357 3375 591 3449 Χριστὸν
637 3373 1073 3446 ἐπιγραψάμενοι
1112 3371 1244 3423 Θεὸν
1291 3387 1350 3423 τε
1401 3370 1496 3422 καὶ
1551 3368 1796 3439 βασιλέα,
1832 3370 1924 3424 καὶ

356 3469 582 3539 Κύριον,
615 3466 739 3518 τότε
785 3462 871 3533 δὴ,
907 3463 1050 3524 τότε,
1079 3459 1171 3514 καὶ
1204 3459 1350 3531 μάλα
1379 3458 1625 3522 εἰκότως,
1661 3458 1830 3528 σοφὴν
1858 3458 1924 3511 ἄν

356 3575 440 3622 τις
467 3556 554 3610 ἐπ’
577 3555 758 3618 αὐτοῖς
785 3553 1070 3622 ποιήσαιτο
1097 3553 1196 3621 τὴν
1227 3553 1566 3621 παραίνεσιν,
1592 3553 1684 3604 ἐπὶ
1733 3551 1923 3622 καιροῦ

357 3648 528 3703 ταῦτα
559 3648 734 3716 λέγων
753 3662 768 3676 ·
811 3663 832 3696 ι
880 3641 1139 3716 Ὠργίσθη
1172 3641 1374 3712 Κύριος
1406 3644 1499 3695 ἐπὶ
1528 3645 1650 3704 τοὺς
1681 3642 1922 3712 πατέρας

357 3740 510 3810 ὑμῶν
539 3739 707 3810 ὀργὴν
736 3737 997 3808 μεγάλην.

429 3831 536 3884 Καὶ
587 3827 741 3898 ἐρεῖς
795 3828 946 3897 πρὸς
993 3828 1212 3893 αὐτούς
1242 3844 1255 3856 ·
1317 3824 1457 3879 Τάδε
1502 3821 1662 3891 λέγει
1709 3824 1924 3891 Κύριος

355 3919 810 3987 παντοκράτωρο
852 3916 1275 3984 Ἐπιστρέψατε
1331 3918 1480 3983 πρός
1520 3931 1616 3983 με,
1650 3918 1748 3968 καὶ
1801 3914 1925 3966 ἐπι-

356 4010 778 4080 στραφήσομαι
823 4007 972 4078 πρὸς
1014 4006 1189 4077 ὑμᾶς,
1234 4006 1396 4076 λέγει
1451 4007 1665 4074 Κύριος
1707 4021 1923 4058 παντο-

359 4101 606 4170 κράτωρ,
636 4100 734 4154 καί
751 4099 832 4167 μὴ
859 4099 1098 4167 γίνεσθε
1127 4097 1318 4162 καθὼς
1342 4095 1440 4168 Ῐοί]
1468 4095 1716 4163 πατέρες
1735 4094 1920 4160 ὑμῶν,

358 4190 448 4258 οἷς
483 4191 854 4246 ἐνεκάλεσαν
896 4189 1098 4256 αὐτοῖς
1143 4193 1197 4242 οἱ
1240 4186 1533 4257 προφῆται
1563 4187 1922 4256 ἔμπροσθεν,

357 4288 668 4353 λέγοντεςο
703 4281 846 4337 Τάδε
875 4281 1035 4349 λέγει
1065 4280 1275 4346 Κύριος
1313 4279 1744 4346 παντοκράτωρ·
1767 4280 1925 4330 Ἀπο-

357 4377 654 4446 arpi-grate
689 4375 808 4430 ἀπὸ
835 4371 951 4427 τῶν
976 4373 1132 4427 ὁδῶν
1155 4372 1320 4443 ὑμῶν
1350 4371 1466 4424 τῶν
1498 4369 1798 4438 πονηρῶν,
1827 4370 1922 4423 καὶ

355 4469 476 4523 ἀπὸ
515 4465 633 4522 τῶν
697 4464 1178 4533 ἐπιτηδευμάτων
1231 4463 1396 4534 ὑμῶν
1443 4462 1562 4516 τῶν
1623 4461 1919 4530 πονηρῶν.

355 4561 470 4614 Καὶ
514 4562 587 4614 οὐ
627 4557 983 4627 προσέσχον
1019 4557 1123 4610 τοῦ
1157 4555 1540 4617 ,εἰσακοῦσαι
1583 4571 1724 4623 μου,
1758 4554 1917 4620 λέγει
1954 4582 1997 4636 D

354 4655 588 4720 Κύριος.

426 4739 466 4796 Γ
467 4750 499 4796 '.
539 4739 996 4811 ’Λνακεκλημένοι
1032 4739 1172 4810 γὰρ,
1205 4738 1280 4800 ὡς
1312 4737 1465 4807 ἔφην,
1508 4739 1574 4790 ὲκ
1622 4738 1718 4805 τῆς
1757 4739 1922 4804 αἰχμ-

353 4833 610 4896 αλωσίας,
641 4832 737 4886 καὶ
763 4831 1151 4901 ἀνατρέχοντες
1165 4831 1243 4891 εἰς
1263 4829 1361 4897 τὴν
1384 4826 1663 4890 Ἰουδαίαν,
1687 4825 1918 4896 ῥᾴθυμοι

350 4926 608 4995 γεγόνασι
633 4927 761 4994 περὶ
797 4923 860 4977 τὸ
882 4922 1070 4976 δοκοῦν
1095 4920 1172 4990 τῷ
1193 4919 1331 4990 Θεῷ,
1354 4920 1446 4972 καὶ
1472 4917 1708 4980 εἰδώλοις
1739 4919 1834 4988 μὲν
1859 4919 1920 4970 οὐ

352 5015 708 5086 προσέκειντο
753 5013 908 5074 τέως,
937 5011 1059 5065 οὔτε
1107 5013 1213 5082 μὴν
1251 5011 1348 5080 τὴν
1378 5008 1610 5080 ἀρχαίαν
1641 5008 1926 5078 προσίεντο

352 5107 560 5176 πλάνην
577 5123 590 5134 ·
628 5104 764 5175 πλὴν
791 5104 909 5158 καθ’
937 5105 1152 5174 ἐτέρους
1180 5103 1459 5172 ἡλίσκοντο
1495 5100 1922 5171 παροτρύνοντες

348 5197 706 5266 τρόπους.Ὠς
750 5195 857 5266 γὰρ
901 5197 957 5247 ὲν
1001 5195 1078 5264 τῷ
1105 5193 1304 5264 Ἔσδρᾳ
1338 5192 1662 5263 γέγραπται,
1697 5191 1790 5243 καὶ
1825 5207 1922 5258 γυ-

350 5289 521 5352 ναίοις
569 5287 886 5357 ἀλλοφύλοις
934 5285 1352 5356 ἐπιμεμίγοντο·
1412 5284 1506 5336 καὶ
1554 5283 1652 5345 τὰς
1698 5284 1762 5334 ὲκ
1815 5281 1922 5334 τῶν

350 5386 563 5456 ὁμόρων
597 5383 766 5437 ἐθνῶν
803 5381 1242 5449 εἰσοικισάμενοι,
1270 5380 1470 5433 τέκνων
1489 5375 1780 5448 ἀλλοτρίων
1810 5393 1915 5429 παο

347 5478 506 5547 τὲρες
537 5478 812 5545 γεγόνασι,
842 5476 1018 5530 καίτοι
1064 5473 1158 5527 τοῦ
1208 5474 1371 5544 νόμου
1404 5472 1464 5524 τὸ
1506 5474 1695 5541 χρῆμα
1734 5471 1917 5530 αὐτοῖς

347 5569 424 5630 ὡς
462 5568 689 5620 ἔκτοπον
742 5568 1172 5635 ἀποφάσκοντος.
1209 5564 1564 5634 Κατημέλουν
1604 5562 1661 5616 δὲ
1699 5563 1792 5614 καὶ
1822 5562 1916 5614 τοῦ

345 5659 522 5714 τελεῖν
571 5659 780 5728 ἑορτάς,
812 5659 906 5712 καὶ
956 5655 1197 5730 πληροῦν
1251 5655 1456 5718 θυσίας,
1503 5656 1596 5706 καὶ
1658 5654 1766 5723 μὴν
1823 5655 1915 5706 καὶ

1038 5839 1056 5868 ²
1091 5838 1108 5889 ι
1143 5836 1263 5890 Cor.
1300 5851 1357 5900 ιι,
1395 5835 1446 5889 8.
1528 5835 1545 5864 ³
1575 5835 1709 5890 Osee
1751 5849 1830 5900 ιιι,
1860 5835 1910 5889 4.

422 5843 438 5873 ι
475 5840 660 5894 Matth.
688 5853 842 5905 xsnt,
873 5838 960 5892 57.

1989 5833 2009 5863 ⁸
2045 5831 2062 5884 l
2096 5833 2246 5888 Esdr.
2279 5847 2352 5900 ιχ,
2375 5830 2428 5885 ‘2.

2012 629 2122 696 jam
2155 632 2359 698 experti
2394 632 2742 701 perpessique
2771 643 2916 698 sunt,
2944 650 3001 688 se
3029 635 3249 689 minime
3277 635 3468 688 falsum
3502 637 3581 687 lo-

2017 722 2109 789 qui
2144 723 2398 776 ostendit.
2427 722 2741 778 Certissime
2769 726 2911 778 enim
2942 741 3046 779 n0n
3080 727 3469 796 qualiscunque
3501 729 3584 778 in-

2018 812 2340 880 dignationis
2382 825 2758 880 argumentum
2800 827 2882 870 est
2923 816 3232 886 Babyloniis
3273 820 3579 872 universam

2016 901 2288 966 Judream,
2317 915 2371 958 et
2401 921 2521 958 cum
2553 923 2614 959 ea
2643 909 2800 960 simul
2835 908 3134 961 Samariam
3169 910 3313 964 ferro
3340 910 3581 963 ﬂamma-

2018 1007 2124 1061 que
2158 996 2564 1064 devastandam,
2599 1010 2856 1065 praeterea
2893 1004 3003 1070 ipsa
3042 1003 3234 1056 Sancta
3271 1012 3582 1057 sanctorum

2019 1087 2346 1152 cremanda,
2395 1099 2449 1144 et
2498 1089 2922 1164 Hierosolymam
2968 1097 3310 1148 evertendam
3357 1108 3582 1148 conces~

2019 1178 2156 1230 sisse
2191 1194 2204 1229 :
2245 1179 2474 1234 electum
2517 1180 2765 1237 lsraelem
2812 1185 3108 1240 reddidisse
3151 1187 3488 1257 peregrinum
3529 1197 3584 1242 et

2021 1271 2308 1335 advenam,
2344 1274 2395 1328 in
2436 1276 2609 1329 aliena
2645 1278 2860 1347 regione
2894 1281 3091 1336 misere
3122 1291 3176 1336 et
3209 1282 3585 1337 miserabiliter

2020 1361 2362 1425 servientem,
2401 1374 2454 1418 et
2498 1381 2734 1421 aerumna
2784 1369 3106 1424 intolerabili
3150 1371 3580 1434 conﬁictandam,

2023 1465 2124 1502 non
2158 1454 2384 1521 amplius
2413 1457 2697 1522 sacriﬁciis
2726 1459 2942 1514 dantem
2973 1475 3219 1529 operam,
3251 1476 3353 1516 non
3387 1461 3584 1515 atrium

2021 1553 2266 1596 sanctum
2315 1546 2725 1614 ingredientem,
2773 1565 2870 1604 nec
2917 1555 3144 1620 gratias,
3187 1562 3281 1605 aut
3321 1552 3583 1617 docilitas,

2022 1644 2113 1687 aut
2139 1636 2404 1703 primitias
2431 1643 2723 1695 secundum
2754 1642 2898 1710 leges
2923 1643 3260 1710 oﬂ'erentem,
3289 1643 3588 1699 necessita-

2024 1735 2202 1795 teque,
2247 1742 2310 1783 ac
2358 1730 2548 1785 timore
2591 1739 2964 1796 constrictum,
3007 1751 3036 1788 a
3084 1736 3413 1792 solemnibus
3460 1736 3585 1798 sibi,

2021 1818 2482 1889 optatissimisque
2532 1822 2722 1877 diebus
2771 1825 3108 1880 celebrandis
3157 1827 3514 1883 abstinentem
3568 1846 3582 1881 :

1951 1901 1992 1955 Β
2028 1923 2048 1956 ‹
2084 1905 2257 1962 Iratus
2289 1920 2373 1963 est
2405 1924 2534 1979 ergo
2567 1912 2823 1970 Dominus
2855 1927 3039 1970 contra
3075 1927 3253 1985 patres
3286 1935 3472 1975 eorum
3508 1922 3583 1974 ira

2023 2013 2230 2065 magna.
2271 2017 2293 2052 ι

2094 2086 2220 2141 Tale
2245 2090 2512 2159 quispiam
2541 2101 2596 2146 et
2620 2092 2924 2150 Judazorum
2956 2098 3164 2168 populis
3192 2100 3514 2164 occiuuerit,
3539 2101 3583 2155 si

2022 2177 2148 2231 hinc
2171 2195 2426 2235 arcanum
2449 2182 2650 2240 Christi
2677 2189 2990 2256 mysterium
3016 2191 3210 2246 docere
3235 2191 3414 2247 libeat.
3433 2191 3588 2247 Post-

2023 2286 2182 2338 quam
2212 2273 2354 2327 enim
2383 2279 2699 2331 occiderunt
2730 2280 3079 2349 prophetas‘,
3109 2291 3164 2337 et
3197 2284 3369 2353 ipsum
3406 2287 3584 2340 Domi-

2025 2379 2150 2417 num
2179 2365 2363 2434 gloria:
2389 2367 2442 2420 in
2470 2385 2683 2424 crucem
2712 2377 2995 2442 egerunt’,
3019 2379 3160 2446 capti
3190 2392 3254 2431 ac
3283 2379 3583 2449 subjugati;

2023 2462 2079 2504 et
2116 2454 2370 2522 templum
2407 2458 2580 2526 ipsum
2622 2457 2762 2514 fama
2804 2477 2964 2532 super
2998 2467 3200 2520 :L-thera
3243 2478 3424 2521 notum
3466 2487 3588 2539 pro-

2024 2555 2281 2614 stratum,
2313 2556 2366 2602 et
2395 2549 2647 2620 deinceps
2680 2552 2732 2606 in
2770 2553 2837 2608 iis
2871 2555 3146 2625 impletum
3179 2570 3291 2621 est.
3323 2564 3463 2629 quod
3498 2579 3589 2616 cx-

2024 2645 2128 2688 stat
2162 2638 2298 2706 apud
2329 2640 2522 2694 Oscam
2547 2661 2557 2696 :
2579 2658 2597 2690 ι
2620 2640 2754 2708 Quia
2787 2643 2974 2699 diebus
2994 2645 3175 2701 multis
3206 2651 3466 2705 sedebnnt
3497 2651 3586 2704 ﬁlii

2024 2725 2186 2780 israel
2217 2727 2334 2783 sine
2364 2744 2515 2800 rege,
2545 2733 2662 2786 sine
2693 2734 2963 2804 principe,
2998 2737 3113 2792 sine
3142 2739 3441 2805 sacriﬁcio,
3473 2744 3592 2798 sine

2025 2818 2204 2883 altari,
2232 2821 2349 2874 sine
2377 2824 2701 2890 sacerdotio,
2731 2826 2847 2881 sine
2879 2828 3177 2884 manifestis
3197 2830 3218 2862 ³
3270 2851 3288 2882 ι
3327 2832 3455 2889 Esse
3491 2851 3588 2886 au-

2028 2921 2132 2966 tem
2171 2928 2264 2968 eos
2300 2931 2440 2968 nunc
2478 2918 2739 2982 captivos,
2777 2928 2829 2972 et
2865 2921 2966 2971 sub
2999 2930 3265 2988 potestate
3299 2925 3586 2989 diaboliCu,

2025 3001 2228 3057 oﬁ'enso
2264 3004 2402 3067 Deo,
2433 3019 2486 3059 et
2517 3009 2584 3058 ab
2618 3008 2732 3074 ipso
2764 3010 3031 3078 abiectos,
3063 3022 3116 3066 et
3148 3013 3472 3084 benignitate
3501 3036 3591 3074 su-

2028 3106 2190 3156 perna
2236 3095 2493 3160 spoliatos
2535 3096 2766 3152 dubitari
2816 3115 2918 3153 non
2965 3113 3159 3168 potest.
3203 3103 3354 3169 Quod
3397 3107 3440 3160 si
3488 3108 3588 3160 ali-

2030 3185 2242 3250 quando
2287 3184 2584 3241 lihertatem
2631 3192 2903 3244 consecuti
2956 3193 3186 3258 iuerint,
3229 3195 3388 3266 655
3434 3197 3588 3250 ﬁdem

2029 3275 2326 3344 complexi,
2357 3287 2410 3329 et
2442 3275 2660 3333 Christo
2697 3295 2792 3348 pro
2829 3281 2965 3346 Deo,
3003 3295 3058 3338 et
3093 3301 3246 3355 rege,
3277 3300 3329 3340 et
3367 3288 3591 3341 Domino

2027 3365 2123 3418 sibi
2148 3367 2436 3428 vindicato,
2464 3379 2609 3436 tunc,
2634 3382 2778 3437 tunc,
2809 3374 3045 3443 inquam,
3074 3385 3126 3431 et
3152 3380 3457 3446 aequissime
3486 3381 3592 3435 illic

2027 3455 2146 3522 quis
2183 3467 2484 3525 opportune
2525 3463 2665 3515 hunc
2704 3461 2754 3514 iu
2803 3465 3016 3519 modum
3059 3470 3268 3522 occinat
3306 3488 3317 3522 :
3363 3489 3381 3521 ι
3423 3471 3592 3525 Iratus

2025 3555 2107 3597 est
2137 3545 2398 3600 Dominus
2426 3561 2610 3602 cantra
2647 3562 2826 3618 patres
2855 3563 3061 3608 vestros
3093 3557 3170 3608 ira
3205 3574 3414 3627 magna.
3455 3579 3473 3610 ι

2097 3817 2258 3876 Vens.
2298 3823 2352 3888 5,
2379 3821 2547 3893 4.,Ει
2577 3825 2716 3879 dices
2747 3824 2816 3878 ad
2841 3843 2927 3880 eos
2963 3843 2979 3880 :
3023 3827 3149 3882 Haec
3177 3830 3304 3884 dicit
3336 3832 3590 3888 Dominus

2025 3915 2348 3980 omnipotens
2380 3933 2397 3968 :
2428 3917 2806 3971 Convertimini
2853 3920 2921 3969 ad
2963 3935 3062 3980 me,
3113 3931 3159 3973 et
3208 3934 3481 3976 convertar
3522 3927 3589 3978 ad

2026 4023 2133 4070 vos,
2173 4007 2299 4061 dicit
2330 4007 2586 4063 Dominus
2621 4011 2966 4079 omnipotens,
3005 4022 3053 4064 et
3097 4013 3256 4068 nolite
3287 4016 3404 4084 ﬁeri
3455 4018 3590 4070 sicut

2022 4109 2197 4167 patres
2226 4100 2406 4165 vestri,
2441 4116 2570 4170 quos
2598 4113 2884 4169 arguerunt
2917 4118 3001 4156 eos
3033 4103 3293 4171 propheta.-
3321 4107 3411 4175 qui
3443 4110 3590 4174 prius

2026 4190 2256 4257 fuerunt,
2308 4190 2536 4245 dicentes
2568 4207 2584 4242 :
2615 4190 2741 4246 lla'c
2778 4193 2903 4246 dicit
2954 4194 3206 4247 Dominus
3247 4199 3586 4261 omnipotens.

2025 4279 2401 4334 Conrertimini
2439 4299 2470 4335 a
2501 4283 2596 4336 viis
2637 4286 2820 4337 vestris
2854 4286 3030 4349 malis,
3072 4297 3123 4338 et
3166 4289 3231 4339 ab
3265 4289 3591 4344 adiuvantia-

2027 4371 2175 4424 nibus
2215 4374 2397 4426 vestris
2433 4374 2606 4428 malis.
2653 4374 2716 4427 Et
2745 4391 2848 4429 non
2882 4377 3216 4430 atlenderunt
3253 4391 3304 4431 ut
3351 4383 3592 4436 audirent

2025 4479 2126 4527 me,
2153 4465 2280 4516 dicit
2313 4463 2592 4520 Dominus.

2101 4735 2182 4792 lll.
2226 4735 2480 4790 Revocati
2522 4735 2692 4800 enim,
2725 4745 2786 4790 ut
2815 4736 2950 4800 dixi,
2973 4751 3039 4791 ex
3068 4739 3405 4808 captivitate,
3449 4750 3503 4794 et
3539 4744 3590 4796 in

2025 4827 2266 4882 Judzeam
2297 4827 2540 4891 reduces,
2581 4828 2633 4880 in
2661 4827 3000 4896 exsequenda
3030 4827 3126 4883 Dei
3155 4830 3428 4887 voluntate
3453 4832 3593 4887 desi—

2029 4921 2121 4976 des
2149 4931 2470 4985 evaserunt;
2507 4928 2562 4973 et
2603 4919 2744 4974 idola
2771 4920 2985 4990 quidem
3022 4930 3132 4976 tum
3178 4937 3281 4976 non
3322 4924 3590 4990 colebant,

2027 5031 2200 5085 neque
2230 5017 2412 5071 seduci
2443 5030 2520 5078 se,
2555 5025 2612 5069 ut
2634 5016 2786 5078 olim,
2817 5017 3191 5084 patiebantur:
3223 5027 3590 5071 verumtamen

2027 5107 2147 5164 aliis
2187 5109 2358 5162 modis
2405 5121 2499 5163 eos
2545 5109 2710 5163 Deum
2748 5108 2811 5161 ad
2857 5108 2991 5162 iram
3042 5123 3334 5178 provocare
3383 5118 3591 5164 certum

2025 5209 2163 5254 erat.
2202 5199 2359 5263 Nam,
2410 5208 2462 5253 ut
2514 5199 2566 5252 in
2616 5198 2784 5252 Esdra
2827 5199 3116 5269 legimus‘,
3160 5209 3215 5252 et
3257 5198 3588 5258 mulierculis

2026 5289 2341 5358 alienigenis
2379 5303 2439 5343 se
2474 5289 2958 5353 commiscnerant;
3004 5289 3462 5357 ﬁnitimarumque
3492 5292 3589 5342 du-

2025 5382 2126 5434 ctis
2161 5380 2393 5445 ﬁliabus,
2425 5379 2624 5435 liberos
2668 5382 2874 5436 alienos
2915 5389 3231 5449 genueram,
3284 5381 3495 5435 tametsi
3535 5383 3590 5437 id

2024 5473 2108 5527 lex
2142 5485 2196 5526 ut
2248 5475 2396 5527 nefas
2451 5474 2581 5543 ipsis
2615 5473 3015 5527 interdiceret“.
3061 5471 3412 5542 Negligebant
3461 5477 3587 5528 item

2024 5564 2138 5617 dies
2179 5565 2364 5626 festos,
2413 5573 2466 5619 et
2501 5565 2788 5627 sacriﬁcia,
2822 5575 2873 5617 et
2922 5564 2988 5616 ad
3037 5565 3278 5618 divinum
3329 5564 3586 5634 templum

2026 5656 2456 5708 reardiﬁcandum
2505 5657 2806 5725 torpebant.
2857 5653 3080 5719 Idcirco,
3129 5657 3268 5710 sicut
3301 5656 3352 5711 in
3395 5658 3594 5726 Aggan

2509 5832 2528 5863 ⁸
2557 5829 2720 5884 Exod.
2753 5847 2939 5894 xxxiv,
2971 5831 3055 5885 ιδ.
