4072 6370
500 415 571 472 15
1477 415 1536 468 S.
1575 414 1851 472 σηοω
1895 414 2358 468 ΑιΕΧΑΝῡῐὶΙΝΙ
2401 417 2722 472 AHCIHEP.
3678 430 3738 481 l6

496 529 754 601 scriptum
798 537 920 585 est:
954 549 971 581 ‹
1004 526 1278 584 Percussit
1324 543 1417 582 eos
1465 529 1517 582 in
1559 528 1868 594 sterilitate,
1916 540 1970 582 et
2013 529 2065 583 in

2171 531 2479 602 ἀπρόθυμοι
2509 535 2636 603 περὶ
2667 534 2728 586 τὸ
2763 537 2871 588 δεῖν
2901 535 3289 606 ἀναδείμασθαι
3317 536 3404 588 τὸν
3441 537 3582 589 θεῖον
3616 541 3740 591 ναὸν

495 621 843 692 corruptione
874 620 1037 688 aeris,
1074 629 1129 676 et
1162 621 1216 676 in
1245 622 1506 691 grandine
1541 623 1723 676 omnia
1766 635 1929 689 opera
1971 635 2063 675 eo-

497 729 641 768 rum.
671 712 739 768 Et
773 713 1061 768 mittebant
1102 713 1156 768 in
1199 713 1435 768 modium
1477 713 1670 769 hordei
1701 713 1889 783 viginti
1923 721 2063 778 sata,

495 813 552 859 et
595 805 736 859 facta
783 812 911 860 sunt
953 805 1164 861 decem.
1217 803 1282 858 Et
1324 805 1773 874 ingrediebantur
1811 813 2065 874 praeterea

495 896 736 952 torcular
776 896 998 952 haurire
1022 896 1410 967 quinquaginta
1467 897 1776 965 amphoras,
1828 904 1883 951 et
1910 895 2065 950 facta:

495 997 624 1044 sunt
655 987 846 1059 viginti
869 987 914 1042 ⁸.
948 1007 967 1040 ι
1014 987 1292 1042 Promittit
1335 987 1498 1056 igitur
1543 986 1670 1052 illis,
1715 986 1762 1040 si
1807 984 2064 1039 virtutem

497 1078 698 1144 colere,
749 1085 803 1130 et
856 1077 1100 1133 converti
1151 1077 1220 1131 ad
1271 1077 1448 1146 ipsum
1500 1090 1607 1131 non
1671 1075 2063 1139 recusaverint,

497 1170 708 1240 agendo
747 1183 867 1240 quae
925 1167 1028 1239 ipsi
1080 1166 1280 1237 placita
1337 1175 1394 1223 et
1450 1178 1607 1237 grata
1655 1169 1786 1234 sint,
1839 1174 1967 1221 tunc
2006 1180 2066 1220 se

497 1273 711 1329 quoque
759 1259 827 1315 ad
867 1259 1013 1330 ipsos
1056 1272 1472 1323 conversurum.
1510 1258 1618 1313 hoc
1665 1268 1749 1314 est
1780 1257 1850 1313 ab
1882 1258 1962 1313 ira
2011 1257 2064 1311 in

503 1352 627 1406 illos
671 1360 1116 1420 temperaturum,
1147 1358 1204 1406 et
1243 1350 1675 1406 misericordiam
1706 1351 1883 1406 denuo
1911 1349 2066 1404 adhi-

497 1442 755 1497 biturum.
815 1439 976 1498 Vetat
1047 1449 1226 1496 autem
1291 1455 1385 1496 eos
1438 1441 1741 1512 perniciosa
1801 1442 2064 1510 majorum

496 1535 736 1604 exempla
784 1535 958 1604 sequi,
1016 1547 1152 1603 quos
1205 1533 1321 1603 ipse
1370 1548 1466 1603 per
1514 1540 1732 1590 sanctus
1776 1534 2067 1603 prophetas

498 1641 624 1680 suos
665 1640 1034 1695 saepenumero
1073 1624 1388 1680 cohortatus
1437 1625 1529 1692 sit,
1571 1637 1627 1680 et
1667 1628 1733 1681 ad
1783 1627 2066 1680 indecoras

498 1717 738 1772 actiones
759 1716 1091 1772 deserendas
1118 1716 1314 1772 blande
1337 1717 1600 1782 invitarit,
1626 1732 1932 1787 quanquam
1961 1717 2067 1771 illis

499 1817 678 1862 autem
715 1807 938 1862 minime
960 1809 1499 1865 accommodantihus
1530 1809 1666 1864 nihil
1696 1809 1908 1877 penitus
1944 1825 2066 1879 pro-

2165 623 2449 690 γεγονὸτες
2479 625 2783 694 ἡλίσκοντο.
2816 627 3110 699 Ταύτῃτοι,
3149 627 3399 698 καθάπερ
3430 631 3487 680 ἐν
3515 628 3592 700 τῷ
3616 632 3743 697 ’Λγ-

2165 714 2306 785 γαίῳ
2333 715 2674 787 γέγραπται·
2711 735 2729 768 ι
2752 718 3050 784 Ἐπάταξεν
3077 719 3271 780 αὐτοὺς
3299 721 3357 770 ἐν
3387 720 3608 790 ἀφορίᾳ,
3648 739 3741 774 και

2163 807 2554 878 ἀνεμοφθορίᾳ,
2590 809 2684 862 καὶ
2726 810 2784 861 έν
2824 809 3036 882 χαλάζῃ
3066 811 3242 864 πάντα
3268 811 3336 864 τὰ
3361 811 3498 880 ἔργα
3537 812 3736 866 αὐτῶν,

2163 897 2275 952 Καὶ
2321 898 2573 952 ἐνέϐαλον
2616 901 2714 970 μὲν
2758 902 2838 964 είς
2883 900 3124 971 κυψέλην
3153 902 3347 972 κριθῆς
3375 901 3547 954 εἴκοσι
3579 903 3736 966 σάτα,

2164 989 2258 1042 καὶ
2294 987 2534 1057 ἐγίνοντο
2577 988 2728 1044 δέκα.
2760 989 3182 1059 Είσεπορεύοντο
3214 989 3270 1043 δὲ
3299 991 3393 1043 καὶ
3428 990 3588 1044 πάλιν
3642 992 3737 1044 άν-

2162 1078 2360 1148 τλῆσαι
2391 1079 2726 1150 πεντήκοντα
2770 1078 3064 1150 μετρητὰς,
3102 1080 3195 1132 xui.
3227 1079 3469 1146 ἐγίνοντο
3500 1081 3686 1134 εἴκοσι.
3717 1102 3732 1130 ι

2177 1170 2596 1238 Ἐπαγγέλλεται
2621 1169 2800 1224 τοίνυν
2830 1171 3035 1233 αὐτοῖς,
3061 1170 3136 1233 ὼς
3165 1172 3214 1222 εί
3245 1170 3450 1223 ἕλοιντο
3483 1188 3740 1240 μεταφοι-

2162 1263 2262 1333 τᾷν
2293 1263 2374 1325 είς
2403 1262 2465 1315 τὸ
2489 1262 2734 1332 ἄμεινον,
2765 1263 2860 1315 καὶ
2890 1262 3239 1334 ἐπιστρέφειν
3273 1261 3410 1332 πρὸς
3444 1263 3623 1327 αὐτὸν,
3652 1264 3740 1316 διά

2161 1353 2255 1408 τοῦ
2287 1355 2418 1426 δρᾷν
2451 1353 2668 1410 ἑλέσθαι
2708 1355 2777 1407 τὰ
2823 1353 2971 1424 αὐτῷ
3009 1354 3269 1406 δοκοῦντα
3315 1355 3408 1406 καὶ
3441 1355 3589 1422 φίλα,
3617 1355 3736 1408 τότε

2163 1445 2257 1499 καὶ
2290 1445 2450 1508 αὐτὸς
2480 1444 2796 1517 ἐπιστρέψει
2825 1445 2963 1516 πρὸς
2988 1445 3204 1509 αὐτοὺς,
3233 1447 3510 1498 τουτέστιν
3540 1445 3737 1514 ἀφέξε-

2161 1554 2252 1591 ται
2299 1538 2397 1607 τῆς
2438 1537 2527 1590 ἐπ’
2552 1537 2748 1600 αὐτοὺς
2793 1537 2984 1608 ὀργῆς,
3021 1537 3116 1590 καὶ
3147 1536 3571 1608 παλινδρομήσει
3601 1539 3738 1608 πρὸς

2163 1628 2680 1698 ἐλεον.⁶Δποφάσκει
2731 1645 2795 1698 γε
2848 1630 2954 1700 μὴν
2997 1628 3072 1691 ὡς
3113 1627 3335 1700 ὀλέθρου
3381 1628 3636 1700 πρόξενον
3679 1630 3737 1681 τὸ

2163 1721 2378 1776 ἑλέσθαι
2396 1721 2592 1793 ζηλοῦν
2613 1722 2738 1785 τοὺς
2758 1722 2863 1792 πρὸ
2891 1720 3066 1774 αὐτῶν
3088 1721 3394 1789 γεγονότας,
3414 1718 3494 1784 οἷς
3512 1722 3734 1792 πλείστη

2167 1813 2264 1883 μὲν
2291 1813 2390 1882 ὅση
2416 1813 2594 1866 δέδοτο
2620 1812 2749 1883 παρ’
2785 1812 2950 1866 αὑτοῦ
2975 1813 3063 1866 διὰ
3095 1813 3206 1865 τῶν
3237 1814 3405 1881 ἁγίων
3443 1815 3737 1884 προφητῶν

497 1899 707 1954 fecerit.
770 1896 1006 1953 Ridiculi
1060 1899 1224 1969 igitur
1276 1901 1369 1970 qui
1420 1910 1634 1969 patrum
1697 1899 2057 1970 insipientiam

2167 1905 2523 1975 παράκλησις,
2552 1907 2646 1959 καὶ
2677 1904 3017 1976 παραμυθία,
3046 1905 3288 1960 καλοῦσα
3313 1907 3446 1976 πρὸς
3472 1909 3738 1977 ἀποστρο-

497 1997 811 2059 sequuntur,
855 1988 1230 2058 maiorumque
1263 1990 1711 2045 consuetudinem
1745 2006 1842 2060 pro
1877 1990 2061 2047 delen-

497 2085 649 2136 sione
702 2080 1022 2136 irrefutabili
1075 2081 1404 2148 obtendunt,
1444 2082 1569 2136 licet
1621 2083 1687 2138 de
1730 2085 2062 2152 gravissimis

493 2171 658 2244 656
685 2172 978 2226 sceleribus
1022 2173 1501 2241 reprehendantur.
1544 2173 1649 2228 Sed
1682 2175 1785 2230 hoc
1824 2176 2062 2230 usitatis-

496 2267 692 2317 simum
752 2271 835 2318 est
884 2261 1148 2318 idolorum
1197 2262 1514 2318 cultoribus.
1570 2264 1753 2319 Vocati
1801 2268 1944 2320 enim
1996 2268 2061 2322 ad

497 2355 820 2422 agnitionem
870 2353 1142 2420 veritatis,
1183 2363 1394 2422 patrum
1441 2368 1680 2409 errorem
1731 2371 1948 2425 semper
1981 2355 2062 2424 ja-

496 2458 670 2510 ctant,
704 2446 1024 2516 illorumqne
1069 2445 1430 2513 ignorantiam
1463 2457 1520 2500 ut
1550 2456 1830 2515 paternam
1869 2463 2061 2517 quam-

499 2540 619 2590 olant
656 2537 1022 2592 liwreditatem
1053 2536 1444 2606 amplexantes,
1473 2539 1599 2592 caeci
1631 2549 1968 2607 permanent.
1997 2539 2063 2592 Et

497 2634 713 2700 cpinor.
745 2631 961 2686 etiamsi
994 2631 1263 2699 quispiam
1295 2631 1379 2685 his
1408 2630 1497 2701 qni
1531 2641 1653 2686 sunt
1685 2631 1752 2686 de
1777 2631 2064 2686 circumci-

500 2726 652 2778 sione
685 2723 938 2785 suaserit,
982 2721 1056 2776 uti
1109 2721 1312 2777 relictis
1355 2721 1708 2777 deterioribus
1759 2722 1826 2776 ad
1865 2723 2065 2777 condu-

503 2814 683 2868 cihilia
720 2827 838 2868 sese
879 2813 1030 2876 dent,
1067 2812 1213 2881 ipsos
1243 2826 1456 2882 quoque
1495 2813 1560 2866 ad
1592 2823 1801 2881 patrum
1838 2828 2065 2868 consue-

502 2905 740 2960 tudinem
790 2902 1184 2974 conlugituros.
1231 2901 1460 2971 Expedit
1497 2902 1661 2973 igitur
1702 2903 1952 2957 seductos
1989 2902 2063 2955 ita

501 2997 822 3066 compellare
875 3014 888 3050 :

501 3090 568 3143 ad
614 3104 730 3152 vos,
774 3087 908 3140 dicit
954 3084 1216 3140 Dominus
1253 3085 1610 3154 omnipotens.
1644 3103 1661 3135 ι
1694 3083 1760 3138 Et
1795 3084 1886 3138 illo
1917 3084 2066 3138 insu-

503 3196 598 3250 per
633 3199 648 3236 :
690 3199 707 3231 ι
741 3179 912 3233 Nolite
949 3179 1062 3232 ﬁeri
1105 3181 1245 3234 sicut
1270 3187 1451 3246 patres
1484 3179 1667 3240 vestri,
1701 3197 1718 3230 ι
1753 3179 1847 3247 qui
1879 3194 2064 3232 errore

503 3273 673 3327 delusi
705 3271 974 3334 videlicet,
1010 3271 1060 3324 in
1098 3268 1402 3339 ignorantia
1435 3270 1523 3322 ῆχί
1555 3273 1922 3337 perstiterunt.

936 3013 954 3046 ι
991 2993 1383 3049 Convertimini
1429 2996 1494 3047 ad
1537 3009 1643 3057 me,
1692 3004 1748 3047 et
1779 3002 2066 3048 convertar

2168 1997 2274 2068 φὴν
2325 1997 2434 2051 τῶν
2488 1997 2727 2068 αἰσχρῶν
2773 1997 3237 2066 ἐπιτηδευμάτων,
3270 1998 3524 2066 ἀνόνητον
3573 1996 3628 2049 δὲ
3675 1997 3738 2049 τὸ

2168 2088 2396 2156 πρᾶγμα
2436 2086 2568 2139 πολὺ
2601 2085 2717 2137 λίαν
2750 2085 2983 2138 ἐτέθειτο
3011 2084 3338 2138 ἀπονεύσασι
3364 2087 3498 2153 πρὸς
3524 2085 3582 2138 τὸ
3610 2084 3736 2137 δυσ-

2167 2180 2349 2249 ήκοον.
2383 2178 2790 2244 Καταγέλαστοι
2841 2175 2904 2246 δὴ
2949 2172 3061 2240 οὗν,
3091 2178 3138 2228 οἱ
3184 2179 3305 2238 ταῖς
3336 2176 3443 2228 τῶν
3487 2178 3738 2244 πατέρων

2168 2268 2428 2340 ἀμαθίαις
2486 2268 2760 2338 ἑπόμενοι,
2804 2269 2896 2319 καὶ
2944 2266 3276 2337 προγονικὴν
3324 2266 3612 2338 συνήθειαν
3661 2265 3738 2327 ὡς

2167 2360 2602 2429 δυσανάτρεπτον
2625 2358 2917 2425 ἀπολογίαν
2952 2356 3397 2427 προϐαλλόμενοι,
3435 2355 3535 2409 κᾶν
3566 2358 3613 2408 εὶ
3647 2356 3738 2408 ἐπὶ

2169 2458 2276 2517 τοῖς
2320 2452 2568 2523 ἐσχάτοις
2614 2451 3004 2520 καταψέγοιντο
3053 2448 3438 2512 κακοῖς.¹Ἐθος
3484 2447 3540 2500 δὲ
3583 2447 3739 2500 τοῦτο

2172 2543 2402 2615 μάλιστα
2448 2544 2559 2606 τοῖς
2599 2541 2705 2594 τῶν
2735 2540 2965 2593 εἰδώλων
2990 2537 3366 2608 θεραπευταῖς.
3400 2534 3738 2605 Καλούμενοι

2169 2636 2278 2706 γὰρ
2303 2633 2396 2686 ἐπὶ
2418 2631 2516 2703 τὴν
2547 2633 2645 2703 τῆς
2676 2630 2930 2700 ἀληθείας
2960 2629 3276 2696 ἐπίγνωσιν,
3302 2627 3401 2695 τῆς
3431 2625 3538 2678 τῶν
3570 2625 3735 2678 πατέ-

2172 2743 2280 2796 ρων
2325 2724 2538 2795 ἀπάτης
2581 2721 2976 2792 διαμέμνηνται
3021 2717 3318 2788 πανταχοῦ,
3349 2718 3443 2770 καὶ
3489 2715 3739 2786 πατρῷον

2169 2814 2358 2886 ῶσπερ
2385 2812 2507 2866 τινὰ
2538 2812 2738 2883 κλῆρον
2771 2811 2831 2864 τὸ
2861 2811 3087 2863 ἐκείνων
3117 2808 3325 2880 ἀμαθὲς
3351 2806 3736 2876 ἀσπαζόμενοι,

2169 2904 2478 2975 διαμένουσι
2504 2903 2712 2972 τυφλοί.
2749 2896 2917 2972 Οἶμαι
2946 2901 3026 2963 δὲ,
3057 2901 3138 2953 ὅτι
3172 2900 3272 2954 κᾶν
3299 2902 3346 2952 εἰ
3385 2898 3564 2959 αὐτοῖς
3602 2913 3738 2964 συμ-

2171 2995 2476 3049 ϐουλεύσειέ
2499 3013 2584 3058 τις
2611 2997 2723 3058 τοῖς
2742 2995 2808 3046 ἐκ
2831 2994 3130 3064 περιτομῆς
3157 2991 3409 3062 μεταθεῖν
3433 2991 3501 3043 τὰ
3526 2988 3738 3057 αἰσχίω,

2172 3089 2445 3160 καίτιμᾷν
2474 3087 2688 3140 ἐλέσθαι
2715 3086 2775 3140 τὸ
2802 3084 3064 3154 ὠφελοῦν,
3092 3087 3184 3137 ἐπὶ
3209 3085 3306 3154 τὴν
3342 3082 3449 3136 τῶν
3493 3081 3740 3149 πατέρων

2173 3179 2460 3250 συνήθειαν
2512 3177 2911 3246 καταφεύξουσι
2957 3177 3051 3229 καὶ
3091 3173 3263 3227 αὐτοί.
3313 3173 3593 3243 Χρήσιμον
3650 3164 3741 3220 οὖν

2092 3264 2136 3322 C
2169 3273 2281 3334 τοῖς
2326 3269 2696 3340 πλανωμένοις
2743 3268 3064 3336 ἐπιφωνεῖν·
3126 3261 3557 3334 ιἘπιστρέψατε
3605 3258 3743 3320 πρός

506 3387 594 3440 με,
637 3369 731 3422 καὶ
778 3367 1252 3437 ἐπιστραφήσομαι
1298 3364 1431 3434 πρὸς
1480 3366 1642 3434 ὑμᾶς,
1720 3365 1856 3434 λέγει
1901 3363 2103 3434 Κύριος
2143 3365 2555 3436 παντοκράτωρ.
2587 3383 2605 3415 ι
2644 3364 2755 3416 Καὶ
2823 3363 2929 3434 μὴν
2961 3362 3082 3426 καί,
3137 3378 3155 3410 ι
3186 3359 3277 3430 Μὴ
3312 3357 3525 3428 γίνεσθε
3563 3355 3742 3430 καθὼς

501 3468 551 3518 οἱ
581 3464 812 3535 πατέρες
843 3462 1016 3534 ὑμῶν,
1048 3481 1067 3514 ι
1099 3462 1147 3513 οἱ
1176 3459 1515 3530 πλανώμενοι
1542 3460 1803 3532 δηλονότι,
1832 3461 1928 3513 καὶ
1969 3460 2130 3534 μέχρι
2162 3462 2254 3515 τοῦ
2292 3461 2491 3523 παντὸς
2524 3458 2892 3530 μεμενηκότες
2915 3459 2974 3510 ἐν
2999 3455 3260 3527 ἀγνωσία.

580 3555 741 3610 Vens.
784 3555 841 3619 ει,
870 3556 924 3609 6.
968 3552 1154 3606 Patres
1185 3553 1338 3606 uestri
1387 3555 1477 3606 ubi
1506 3566 1647 3619 sunt,
1681 3564 1730 3606 et
1764 3554 2022 3623 propheta?
2044 3557 2070 3610 ?

506 3647 776 3717 Numquid
807 3647 861 3700 in
890 3657 1140 3700 internum
1173 3645 1380 3700 vident?
1413 3643 1784 3699 Verumtamen
1807 3663 2067 3700 sermones

505 3753 664 3802 meos,
697 3745 747 3789 et
769 3735 1000 3804 legitima
1028 3749 1142 3787 mea
1169 3733 1436 3802 suscipite,
1465 3747 1784 3804 quacunque
1810 3748 1902 3801 ego
1928 3747 2067 3800 prce-

504 3830 642 3897 cipio
678 3830 733 3882 in
762 3827 952 3894 spiritu
984 3843 1096 3880 meo
1123 3828 1285 3880 servis
1327 3828 1453 3879 meis
1492 3825 1780 3893 prap/ietis,
1803 3825 1892 3890 qui
1922 3841 2067 3878 com-

501 3921 882 3988 prehenderunt
938 3928 1116 3986 patres
1169 3930 1386 3974 vestros.
1443 3915 1509 3969 Et
1565 3916 1974 3982 responderunt,
2019 3925 2068 3970 et

503 4011 745 4064 dixerunt
779 4024 798 4062 :
828 4007 974 4064 Sicut
1011 4011 1162 4078 quasi
1209 4009 1320 4062 acie
1374 4009 1656 4061 instructus
1689 4017 1765 4061 est
1817 4007 2068 4061 Dominus

505 4104 852 4168 omnipotens,
888 4100 1060 4168 facere
1100 4100 1245 4152 nobis
1277 4101 1559 4152 secundum
1599 4100 1709 4151 uias
1755 4108 1980 4160 nostras,
2019 4106 2067 4150 et

503 4193 790 4248 secundum
818 4193 996 4247 studia
1031 4202 1235 4255 nostra,
1259 4193 1336 4244 sic
1365 4189 1484 4258 fecit
1508 4192 1672 4246 nobis.

575 4375 666 4429 iV.
708 4375 1014 4442 Antequam
1062 4371 1247 4426 indaga
1305 4382 1357 4424 et
1410 4369 1775 4442 Hierosolyma
1827 4373 2070 4442 subjuga-

508 4475 717 4528 rentur,
746 4465 1129 4532 prophetarum
1167 4477 1360 4515 nomen
1391 4462 1542 4528 quasi
1575 4476 1858 4530 personam
1883 4479 2070 4532 quam-

508 4559 632 4611 dam
668 4557 770 4611 sibi
798 4556 1134 4624 imponentes
1178 4551 1439 4617 nonnulli,
1488 4553 1552 4606 de
1586 4553 1748 4607 corde
1776 4541 1895 4618 Sun,
1934 4555 2072 4607 sicut

505 4648 768 4717 scriptum
799 4655 881 4701 est
901 4646 945 4712 ⁷,
979 4661 1084 4699 non
1111 4644 1176 4698 de
1217 4657 1313 4698 ore
1343 4642 1549 4696 Domini
1586 4644 1962 4712 loquebantur.
2005 4643 2067 4696 lii

507 4757 604 4811 per
644 4738 986 4796 mendacium
1032 4739 1316 4798 canebant,
1373 4751 1478 4789 non
1531 4745 1849 4804 occupatum
1892 4736 1954 4788 iri
2003 4737 2070 4790 ab

2245 3559 2308 3608 Οἱ
2355 3554 2608 3620 πατέρες
2659 3553 2818 3621 ὑμῶν·
2859 3551 2983 3620 τετοῦ
3016 3549 3134 3602 εἰσὶ
3179 3548 3276 3602 καὶ
3317 3550 3371 3601 οι
3404 3545 3736 3615 προφῆται,

2168 3645 2265 3711 Μὴ
2294 3644 2400 3696 τὸν
2426 3642 2608 3696 αἰῶνα
2653 3640 2932 3708 ζήσονται
2947 3657 2968 3705 ;
3013 3642 3186 3708 Πλὴν
3216 3639 3358 3704 τοὺς
3379 3639 3599 3705 λόγους
3622 3654 3741 3706 μου

2170 3731 2270 3784 καὶ
2305 3733 2375 3784 τὰ
2403 3731 2622 3800 νόμιμά
2640 3747 2759 3800 μου
2785 3730 3056 3798 δέχεσθε,
3088 3729 3205 3782 ὅσα
3237 3727 3351 3798 ἐγὼ
3386 3726 3741 3795 ἐντέλλομαι

2169 3825 2238 3877 ὲν
2264 3824 2556 3893 πνεύματί
2596 3841 2715 3892 μου
2763 3822 2888 3888 τοῖς
2919 3822 3162 3886 δούλοις
3190 3837 3309 3888 μου
3358 3817 3480 3882 τοῖς
3521 3817 3741 3886 προφή-

2166 3931 2316 3979 ταις,
2348 3913 2406 3967 οἳ
2451 3912 2865 3966 κατελάϐοσαιν
2917 3910 3058 3976 τοὺς
3104 3908 3361 3978 πατέρας
3402 3907 3585 3976 ὑμῶν.
3629 3908 3740 3960 Καὶ

2169 4006 2598 4074 ἀπεκρίθησαν,
2649 4003 2744 4057 καὶ
2787 3999 2964 4056 εἶπαν
2991 4019 3004 4032 ο
3056 4001 3258 4066 Καθὼς
3307 3999 3738 4068 παρατέτακται

2169 4099 2384 4166 Κύριος
2417 4095 2858 4164 παντοκράτωρ,
2885 4095 2989 4148 τοῦ
3020 4092 3270 4161 ποιῆσαι
3295 4091 3439 4161 ἡμῖν
3465 4092 3614 4146 κατὰ
3634 4093 3739 4155 τὰς

2168 4189 2348 4254 ὀδοὺς
2383 4188 2553 4258 ἡμῶν
2590 4188 2685 4242 καὶ
2737 4187 2887 4240 κατὰ
2937 4186 3007 4240 τὰ
3065 4184 3499 4252 ἐπιτηδεύματα
3549 4181 3734 4252 ἡμῶν,

2170 4281 2356 4346 οὕτως
2379 4281 2674 4347 ἐποίησεν
2705 4278 2871 4346 ἡμῖν.

2240 4374 2312 4424 Δ’.
2356 4371 2490 4442 Πρὶν
2537 4370 2738 4424 ἁλῶναι
2792 4368 2890 4438 τὴν
2925 4367 3204 4429 Ἰουδαίαν,
3237 4366 3332 4418 καλ⁹
3383 4363 3520 4418 αὐτά
3566 4363 3623 4416 δέ
3670 4363 3738 4416 τά

2181 4462 2546 4534 Ἱεροσόλυμα,
2573 4462 2634 4514 τὸ
2660 4462 2759 4530 τῆς
2803 4460 3132 4530 προφητείας
3170 4458 3361 4528 ὀνομα,
3388 4457 3638 4524 καθάπερ
3679 4455 3740 4508 τὸ

2171 4557 2506 4624 προσωπεῖον
2554 4555 2762 4616 ἑαυτοῖς
2792 4552 3156 4624 περιτιθέντες
3198 4549 3364 4613 τινὲς,
3409 4548 3630 4602 ἐλάλουν
3671 4548 3739 4600 τὰ

2170 4647 2277 4699 ἀπὸ
2320 4645 2544 4715 καρδίας
2583 4645 2782 4708 αὐτῶν,
2816 4644 2957 4698 καθά
2984 4644 3312 4715 γέγραπται,
3343 4641 3438 4694 καὶ
3482 4643 3583 4694 οὐκ
3632 4641 3740 4695 ἀπὸ

2173 4738 2438 4808 στόματος
2480 4738 2708 4808 Κυρίου.
2735 4733 2893 4791 Οὗτοι
2933 4733 3354 4807 ψευδοεποῦντες
3385 4734 3640 4804 ἔφασκον,
3665 4734 3740 4795 ὡς

507 4834 752 4888 hostibus
798 4840 1042 4886 sanctam
1088 4828 1387 4891 civitatem,
1444 4842 1669 4895 neqnea
1709 4826 2065 4880 vastatoribus

2173 4830 2274 4882 οὐκ
2306 4832 2368 4883 ἂν
2399 4829 2552 4899 ἁλοίη
2601 4829 2731 4882 ποτὲ
2771 4830 2898 4899 παρ’
2923 4828 3131 4899 ἐχθρῶν
3169 4830 3202 4898 ή
3249 4827 3379 4895 ἁγία
3423 4826 3596 4890 πόλις,
3630 4826 3739 4878 οὐδ’

507 4921 917 4992 espngnabilem
961 4919 1076 4974 fore
1105 4917 1354 4974 lsraelem
1389 4937 1402 4971 :
1442 4918 1534 4972 sed
1569 4915 1824 4972 felicitate
1855 4932 2069 4984 semper

508 5028 752 5076 usuram,
811 5021 864 5066 et
916 5011 968 5064 in
1029 5010 1249 5076 perenni
1296 5009 1566 5077 voluptate
1622 5009 1909 5071 victuram,
1960 5009 2069 5062 Deo

509 5111 846 5176 protegente,
893 5111 946 5156 et
995 5103 1226 5156 electum
1272 5114 1442 5166 genus
1479 5099 1781 5152 lionnrante
1813 5109 2070 5167 perpetuo

511 5211 574 5250 ac
604 5194 878 5263 diligente.
929 5192 1310 5261 Loquebantur
1352 5204 1516 5259 porro
1571 5190 1704 5263 haec,
1754 5189 1893 5244 sicut
1936 5185 2068 5255 dixi,

512 5283 833 5338 mentientes
877 5282 1083 5344 miseri,
1127 5289 1181 5332 et
1215 5278 1460 5333 lsraelem
1489 5279 1598 5348 jam
1648 5289 1774 5333 ante
1822 5279 2068 5349 ignavum

511 5371 842 5438 ignaviorem
891 5367 1211 5434 efﬁciebant,
1243 5384 1366 5421 cum
1400 5369 1465 5421 ad
1511 5367 1678 5422 Deum
1723 5369 2063 5436 placandum,

510 5473 567 5515 et
598 5476 758 5530 quam
795 5461 1103 5529 longissime
1154 5459 1382 5528 repulsis
1429 5461 1624 5527 quibus
1665 5474 1786 5513 eum
1825 5461 2073 5516 irritave-

513 5560 654 5614 rant,
676 5553 742 5605 ad
765 5551 879 5619 ejus
907 5550 1102 5619 placita
1126 5551 1473 5619 exsequenda
1501 5551 1652 5603 horta
1664 5553 1704 5603 ri
1733 5552 2071 5608 debuissent.

510 5641 610 5697 Ast
646 5641 722 5694 illi
751 5641 1035 5696 veritatem
1082 5641 1136 5695 in
1171 5642 1462 5711 postremis
1493 5641 1818 5709 habuerunt,
1849 5647 2070 5713 quaasti-

583 5818 606 5850 °
630 5818 763 5890 Agg.
791 5834 828 5884 ι,
856 5817 975 5873 6-9.
1052 5819 1069 5850 ⁷
1105 5817 1304 5874 Jerem.
1337 5834 1494 5884 xxni,
1530 5819 1613 5875 16.

2175 4923 2240 4977 ἂν
2272 4924 2479 4991 γένοιτό
2511 4940 2639 4976 ποτε
2673 4925 2785 4986 τοῖς
2809 4922 3048 4975 ἐθέλουσι
3083 4919 3382 4992 καταδῃοῦν
3429 4917 3741 4986 εὐκαταγὼ-

2175 5031 2352 5077 νιστος
2380 5017 2408 5067 ὁ
2431 5013 2647 5085 Ἰσραήλ
2669 5031 2682 5044 ·
2710 5013 2825 5067 ἀλλ’
2846 5012 3244 5083 ἐρηρεισμένην
3269 5010 3377 5076 ἕξει
3400 5009 3499 5080 τὴν
3537 5010 3739 5078 εὐημε-

2181 5108 2334 5176 ρίαν,
2386 5105 2479 5159 καὶ
2536 5107 2594 5156 ἐν
2633 5105 2950 5174 ἁκλονήτοις
2999 5103 3236 5155 κείσεται
3291 5103 3559 5172 τρυφαῖς,
3605 5100 3739 5151 Θεοῦ

2177 5191 2622 5264 προασπίζοντος,
2649 5194 2742 5246 καὶ
2766 5192 2826 5245 τὸ
2851 5191 3143 5245 άπόλεκτον
3165 5190 3252 5243 ἀεὶ
3278 5188 3546 5260 τιμῶντὸς
3566 5205 3625 5240 τε
3649 5189 3742 5240 καὶ

2175 5283 2494 5352 ἀγαπῶντος
2516 5282 2976 5350 γένος.“Ἐφασκον
2997 5281 3052 5333 δὲ
3074 5280 3315 5339 τοιαῦτα,
3337 5277 3586 5347 καθάπερ
3607 5277 3741 5344 ἔφην

2175 5375 2393 5444 ἀρτίως,
2412 5373 2865 5443 ψευδηγοροῦντες
2885 5373 2934 5424 οἱ
2959 5371 3201 5434 τάλανες,
3233 5372 3320 5423 καλ
3347 5371 3588 5440 ῥᾴθυμον
3611 5368 3742 5421 ὅντα

2172 5465 2262 5515 τὸν
2295 5463 2513 5533 Ἰσραὴλ
2555 5462 2869 5524 ὑπτιοῦντες
2913 5461 3015 5523 ἐτι,
3044 5461 3220 5513 καίτοι
3267 5459 3383 5512 δέον
3429 5457 3741 5511 ἀναπείθειν

2175 5555 2610 5624 ἐκμειλίσσεσθαι
2635 5554 2786 5614 Θεὸν,
2829 5554 2920 5606 καὶ
2967 5554 3034 5606 τά
3081 5552 3163 5621 ἐφ’
3197 5549 3275 5614 οἷς
3319 5551 3615 5621 λελύπηται
3661 5557 3740 5620 ρι-

2177 5647 2442 5711 πτοῦντας
2483 5649 2557 5711 ὡς
2589 5649 2866 5710 άποτάτω,
2904 5647 3236 5718 μεταφοιτᾷν
3267 5645 3481 5698 ἑλέσθαι
3513 5644 3646 5715 πρὸς
3683 5644 3741 5694 τὸ
