4072 6370
351 461 417 516 l'.‘
1189 456 1731 512 COMMENTARIUS
1773 456 1835 509 IN
1872 455 2267 510 ZACHARIAM
2309 456 2747 512 PROPHETAM.
3521 465 3584 519 18

348 576 499 646 αὖτῷ
527 553 734 630 δοκοῦν.
754 573 888 627 Ἀλλ’
913 555 1087 642 ὸλίγος
1116 558 1341 636 ἐκείνοις
1369 553 1474 642 τῆς
1491 573 1747 644 ἀληθείας
1778 575 1805 626 ὁ
1832 572 1915 625 λό·

2023 573 2262 641 culisque
2303 574 2578 630 vilissimis
2631 577 2874 640 inescati,
2930 575 3178 632 lsraelem
3231 580 3579 636 seduxerunt.

347 686 462 736 γος,
501 666 824 738 λημματίων
869 667 924 719 δὲ
973 666 1217 737 σμικρῶν
1263 666 1356 719 καὶ
1398 666 1793 719 εὐτελεστάτων
1824 667 1920 734 ἡτ-

346 759 600 829 τώμενοι,
629 758 1005 827 πεπλανήκασι
1043 758 1132 810 τὸν
1157 757 1393 827 Ἰσραήλ.
1430 757 1537 808 Καὶ
1577 757 1704 825 γοῦν
1749 757 1778 808 ὸ
1823 756 1921 823 μὲν

349 850 632 919 προφήτης
668 848 936 919 Ἱερεμίας
967 850 1310 902 καταιτιᾶται
1355 848 1476 901 λίαν
1521 848 1738 920 αὐτους,
1779 846 1921 899 οὕτω

347 941 550 1009 λέγων’
586 963 604 992 ‹
625 939 686 992 '0
715 939 814 1002 ῶν,
847 939 1040 1009 Κύριε,
1075 940 1182 992 ἰδοὺ
1212 939 1552 1009 οί,προφῆται
1580 937 1757 991 αὐτῶν
1790 954 1920 1008 προ-

350 1031 666 1100 φητεύουσι,
700 1031 794 1083 καὶ
830 1031 1078 1099 λέγουσιν
1100 1047 1114 1060 ·
1144 1031 1256 1083 Οὐκ
1282 1029 1476 1097 ὄψεσθε
1512 1030 1804 1100 μάχαιραν,
1830 1029 1921 1082 καὶ⁵

345 1123 504 1194 λιμὸς
549 1125 648 1176 οὑκ
688 1123 838 1176 ἔσται
877 1125 935 1175 ὲν
967 1124 1115 1190 ὑμῖν,
1139 1121 1221 1173 ὅτι
1264 1120 1521 1190 ἀλήθειαν
1564 1120 1658 1172 καὶ
1701 1119 1921 1189 εἰρήνην

345 1216 504 1269 δώσω
540 1217 630 1268 ἐπὶ
657 1216 754 1286 τῆς
789 1216 913 1285 γῆς,
946 1216 1039 1267 καὶ
1070 1215 1127 1266 ἐν
1150 1212 1230 1278 τῷ
1262 1213 1410 1282 τόπῳ
1435 1211 1628 1282 τούτῳ.
1662 1229 1679 1262 ι
1713 1211 1844 1273 Θεὸς
1863 1210 1920 1262 δὲ

348 1307 486 1377 πρὸς
519 1307 719 1360 ταῦτα’
755 1327 773 1357 ι
804 1305 986 1375 Ψευδῆ
1009 1307 1056 1359 οἱ
1080 1305 1356 1374 προφῆται
1380 1304 1811 1374 προφητεύουσιν
1830 1302 1922 1355 ἐπὶ

345 1397 424 1467 τῷ
457 1397 680 1468 ὀνόματί
711 1414 811 1466 μου
836 1411 849 1424 ·
885 1397 984 1449 οὐκ
1011 1395 1306 1449 ἀπέστειλα
1332 1394 1547 1456 αὐτοὺς,
1575 1395 1668 1446 καὶ
1697 1393 1798 1446 οὐκ
1829 1393 1919 1445 ὲν·

347 1488 638 1558 ετειλάμην
669 1487 868 1549 αὐτοῖς,
906 1487 1000 1540 καὶ
1034 1487 1132 1538 οὐκ
1161 1484 1396 1555 ἐλάλησα
1429 1483 1564 1554 πρὸς
1598 1484 1813 1546 αὐτοὺς,
1840 1484 1920 1535 ὅτι

344 1580 563 1650 ὁράσεις
599 1578 834 1646 ψευδεῖς,
863 1578 958 1631 καὶ
1003 1577 1283 1647 μαντείας,
1319 1576 1411 1628 καὶ
1434 1575 1788 1645 οίωνίσματα,
1825 1574 1919 1626 καὶ

346 1670 694 1741 προαιρέσεις
756 1668 979 1738 καρδίας
1035 1667 1212 1720 αὐτῶν
1275 1666 1428 1720 αὐτοὶ
1483 1664 1919 1738 προφητεύουσιν

346 1765 495 1833 ὑμῖν.
527 1781 544 1812 ι
589 1763 698 1816 Καὶ
732 1762 838 1834 μὴν
886 1762 980 1815 καὶ
1026 1759 1250 1830 ἑτέρωθι
1296 1760 1455 1813 πάλιν
1505 1757 1704 1831 φησίνο
1760 1779 1777 1810 ι
1805 1758 1918 1810 Οὐκ

345 1853 674 1907 ἀπέστελλον
720 1854 847 1917 τοὺς
886 1855 1189 1925 προφήτας,
1220 1853 1314 1906 καὶ
1343 1851 1496 1906 αὐτοὶ
1521 1851 1770 1922 ἔτρεχον·
1797 1849 1916 1903 οὐδὲ

346 1943 580 2013 ἐλάλησα
606 1942 742 2013 πρὸς
769 1943 987 2006 αὐτοὺς,
1018 1944 1110 1995 καὶ
1139 1943 1294 1996 αὐτοὶ
1317 1943 1706 2014 προεφήτευον.
1737 1959 1755 1994 ι
1808 1941 1916 1993 Πε-
1949 1925 1990 1980 Β

346 2035 614 2106 πλάνηται
643 2035 842 2097 τοίνυν,
876 2033 950 2097 ὡς
981 2034 1138 2103 ἔφην,
1172 2036 1200 2088 ὀ
1226 2035 1465 2107 Ἰσραὴλ,
1501 2039 1611 2099 τοῖς
1639 2034 1750 2090 τῶν
1784 2035 1918 2106 ψευ-

342 2127 653 2196 δομάντεων
712 2129 1068 2196 φενακισμοῖς
1115 2127 1390 2190 ἀσυνέτως
1447 2127 1912 2198 συνηρπασμένος.

356 2215 492 2267 Ἀλλ’
521 2215 622 2268 οὐκ
654 2214 719 2269 ἂν
752 2217 867 2286 ἥλω
915 2216 1043 2269 ποτὲ
1086 2218 1214 2287 παρ’
1239 2216 1467 2287 ἐχθρῶν,
1500 2219 1592 2270 καὶ
1634 2218 1733 2287 τῆς
1775 2215 1918 2272 οὕτω

342 2307 566 2376 πικρᾶς,
595 2305 690 2358 καὶ
739 2306 1151 2377 φορτικωτάτης
1202 2306 1444 2368 δουλείας
1494 2308 1772 2377 ἐπειρᾶτο,
1803 2308 1918 2370 τοῖς

343 2399 490 2464 παρὰ
518 2394 653 2449 Θεοῦ
685 2398 993 2468 προφήταις
1017 2397 1108 2451 τὸν
1130 2397 1254 2451 νοῦν
1286 2399 1522 2462 ἐπιδοὺς,
1551 2399 1600 2451 οἳ
1649 2399 1744 2451 καὶ
1772 2416 1916 2469 συμ-

339 2485 604 2554 ϐήσεσθαι
632 2487 702 2540 τὰ
736 2487 911 2540 τοιάδε
938 2489 1388 2559 προαπήγγελλον
1417 2489 1618 2552 αὐτοῖς,
1645 2488 1741 2542 καὶ
1764 2488 1916 2559 διαρ-

340 2577 510 2648 ρήδην
551 2576 809 2646 ἔφασκον,
831 2580 911 2632 ὅτι
959 2579 1174 2642 πάντως
1203 2582 1282 2644 εἰς
1310 2581 1504 2651 πεῖραν
1530 2579 1914 2652 ὲνεχθήσονται

341 2667 529 2732 κακοῦ,
565 2669 639 2738 μὴ
664 2670 784 2740 οὐχὶ
815 2668 948 2742 δρᾷν
972 2671 1236 2742 ᾑρημένοι
1258 2670 1329 2724 τὰ
1358 2671 1576 2742 θυμήρη
1611 2669 1749 2743 Θεῷ.
1775 2671 1917 2724 Ταύ-

338 2775 490 2830 τῃτοι
519 2763 702 2815 καλεῖν
739 2763 874 2834 πρὸς
905 2764 1206 2832 ἀνάμνησιν
1231 2763 1340 2816 τῶν
1365 2781 1424 2816 τε
1449 2763 1680 2817 ἀνοσίων
1701 2779 1915 2835 προφη-

342 2847 452 2898 τῶν
490 2850 584 2900 καὶ
626 2848 735 2901 τῶν
761 2851 1262 2921 πεφενακισμένων,
1300 2852 1393 2905 καί
1425 2867 1622 2921 φησιν·
1665 2872 1682 2903 ι
1709 2851 1777 2908 Oi
1807 2869 1916 2906 πα-

341 2939 496 3009 τέρες
541 2939 696 3010 ὑμῶν
738 2941 841 2995 ποῦ
875 2944 981 2995 εἰσὶ
1029 2944 1123 2997 καὶ
1175 2945 1224 2996 oi
1253 2943 1558 3014 προφῆται;
1594 2943 1685 3014 Μὴ
1718 2943 1800 3008 είς
1825 2942 1919 2998 τὸν

339 3028 511 3084 αίῶνα
543 3028 838 3101 ζήσονταις
870 3051 889 3084 ι
917 3033 1140 3103 Ὅμοιον
1156 3033 1231 3096 ὡς
1250 3035 1298 3086 εἰ
1330 3033 1512 3102 λέγοι·
1554 3031 1920 3088 Ἀπολώλασιν

341 3121 393 3172 oi
424 3121 653 3192 πατέρες
681 3123 855 3194 ὑμῶν,
889 3125 982 3177 καὶ
1012 3124 1170 3178 τοῦτο
1192 3125 1446 3196 οἰκτρῶς,
1469 3127 1526 3178 ἐν
1549 3125 1914 3197 αίχμαλωσία,

2023 667 2251 720 Proinde
2295 669 2555 736 pr0plteta
2601 667 2860 722 Jeremias
2909 671 3110 723 acriter
3157 669 3277 725 illos
3324 686 3587 728 accusans

2019 758 2093 810 ait
2122 775 2134 810 :
2174 777 2192 808 ι
2227 758 2325 824 Qui
2354 773 2432 824 es,
2463 757 2711 822 Domine,
2739 775 2867 813 ecce
2890 761 3165 831 prophetae
3189 762 3506 830 prophetaut
3531 775 3586 816 et

2019 849 2201 901 dicunt
2235 866 2248 901 :
2281 848 2392 902 Non
2423 849 2672 904 videbitis
2699 848 2958 919 gladium,
2983 861 3037 905 et
3062 853 3229 906 fames
3255 869 3359 906 non
3391 855 3494 908 erit
3530 855 3582 906 in

2020 940 2193 1002 vobis,
2221 941 2342 1009 quia
2380 942 2656 995 veritatem
2688 953 2742 996 et
2774 958 2960 1010 pacem
3004 943 3147 998 dabo
3177 945 3230 998 in
3275 953 3417 999 terra
3446 953 3500 999 et
3529 944 3582 998 in

2018 1031 2180 1102 657
2211 1031 2328 1086 loco
2383 1032 2488 1086 isto
2509 1031 2551 1086 ⁸.
2584 1051 2603 1084 ›
2658 1033 2795 1086 Deus
2843 1042 3018 1086 autem
3050 1034 3114 1087 ad
3147 1035 3258 1089 haec
3306 1053 3319 1088 :
3373 1055 3391 1085 ι
3429 1035 3582 1089 Falsa

2019 1126 2290 1192 propheta:
2339 1125 2714 1193 prophetizant
2757 1125 2809 1176 in
2856 1125 3075 1177 nomine
3115 1139 3234 1178 meo
3267 1141 3282 1178 :
3311 1140 3416 1178 non
3463 1127 3582 1181 misi

2019 1229 2131 1279 eos,
2177 1224 2231 1268 et
2263 1229 2366 1268 non
2394 1216 2621 1284 praecepi
2667 1213 2747 1268 eis
2779 1232 2794 1268 :
2831 1230 2934 1268 non
2963 1214 3174 1269 locutus
3215 1230 3330 1268 sum
3362 1216 3426 1268 ad
3458 1231 3579 1281 eos;

2019 1306 2143 1374 quia
2171 1305 2405 1360 visiones
2428 1307 2738 1369 mendaces,
2764 1315 2819 1360 et
2841 1305 3222 1368 divinationes,
3251 1316 3306 1360 et
3335 1306 3582 1376 auguria.

2019 1405 2074 1450 et
2109 1395 2400 1450 electiones
2439 1396 2616 1449 cordis
2645 1395 2725 1448 sui
2773 1396 2870 1464 ipsi
2901 1397 3278 1466 prophetizant
3309 1397 3461 1451 vobis
3481 1397 3523 1448 ’.
3561 1415 3578 1448 ι

2021 1485 2158 1551 Quin
2191 1495 2246 1540 et
2273 1485 2398 1539 alibi
2436 1501 2646 1540 rursum
2677 1504 2693 1540 ;
2731 1503 2750 1537 ι
2786 1485 2901 1539 Νοιι
2949 1487 3228 1542 mittebam
3273 1487 3582 1557 prophetas,

2019 1583 2072 1629 et
2106 1575 2203 1644 ipsi
2243 1575 2566 1639 currebant;
2600 1592 2773 1646 neque
2818 1578 3077 1646 laquebar
3128 1578 3195 1632 ad
3239 1593 3355 1642 eos,
3393 1591 3448 1632 et
3477 1579 3578 1648 ipsi

2020 1666 2494 1733 prophetaltant”.
2529 1683 2547 1717 ι
2606 1665 2874 1721 Seductus
2920 1674 3003 1722 est
3055 1667 3218 1737 igitur
3267 1665 3462 1731 Israel,
3529 1677 3587 1722 ut

2019 1757 2154 1818 dixi,
2195 1755 2600 1824 falsiloquorum
2632 1765 2813 1810 vatum
2862 1757 3586 1828 imposturis'imprudeuter

2019 1853 2296 1918 abreptus.
2349 1849 2509 1917 Atqui
2556 1847 2608 1902 in
2657 1849 2891 1904 hostium
2937 1859 3258 1918 potestatem
3313 1865 3584 1920 nunquam

2019 1941 2275 2006 venisset,
2325 1949 2380 1994 et
2418 1939 2823 1994 acerbissimam
2875 1940 3314 2011 dirissimamque
3357 1942 3588 1997 servitu-

2020 2041 2124 2086 tem
2158 2047 2262 2084 non
2306 2030 2496 2085 fuisset
2525 2039 2801 2100 expertus,
2836 2031 2878 2085 si
2914 2032 3112 2087 missos
3155 2049 3185 2086 a
3221 2034 3328 2088 Deo
3359 2037 3588 2106 prophe-

2021 2135 2101 2179 tas
2123 2124 2507 2191 auscultasset,
2539 2125 2629 2192 qui
2653 2133 2710 2178 et
2736 2123 2862 2178 talia
2892 2124 3022 2194 ipsis
3051 2135 3309 2181 eventura
3341 2143 3588 2196 pranun-

2020 2216 2246 2279 tiabant,
2286 2226 2341 2271 et
2369 2224 2552 2285 aperte
2596 2213 3012 2282 confirmabant,
3065 2219 3288 2272 omnino
3333 2234 3586 2274 sensuros

2018 2307 2241 2372 malum,
2277 2309 2376 2362 nisi
2409 2323 2470 2362 se
2507 2308 2572 2362 ad
2603 2322 2666 2362 ea
2697 2321 2857 2376 opera
2886 2310 3186 2378 przestanda
3219 2311 3430 2378 darent,
3465 2328 3586 2381 quae

2017 2399 2159 2456 Deus
2183 2400 2365 2456 vellet.
2406 2399 2668 2468 Qudcirca
2715 2399 2822 2454 illis
2853 2411 2909 2455 et
2958 2399 3151 2470 impios
3191 2404 3500 2472 prophetas,
3534 2414 3589 2458 et

2017 2491 2086 2545 ab
2116 2491 2217 2546 illis
2247 2493 2459 2546 delusos
2489 2491 2540 2544 in
2587 2490 2904 2546 memoriam
2937 2491 3151 2559 redigit,
3195 2501 3250 2546 et
3279 2493 3357 2546 ait
3384 2509 3397 2546 :
3434 2512 3452 2545 ι
3485 2493 3588 2548 Pa-

2019 2595 2132 2638 tres
2162 2583 2327 2639 vestri
2361 2583 2452 2637 ubi
2493 2591 2638 2649 sunt,
2667 2588 2722 2637 et
2761 2581 3077 2652 prapltetae?
3101 2581 3240 2638 Num
3289 2586 3340 2637 in
3384 2585 3585 2652 sempi-

2017 2684 2228 2730 ternum
2283 2674 2505 2730 vivent?
2542 2694 2559 2726 ι
2602 2673 2669 2730 Ut
2713 2676 2756 2728 si
2809 2675 3030 2742 diceret,
3076 2676 3357 2744 perierunt
3403 2683 3586 2746 patres

2015 2767 2202 2831 vestri,
2235 2767 2396 2834 idque
2421 2768 2782 2820 miserandum
2817 2767 2870 2819 in
2909 2771 3125 2822 modum
3160 2767 3214 2822 in
3248 2767 3584 2837 captivitate,

2015 2869 2069 2912 et
2099 2874 2221 2914 cum
2254 2860 2384 2928 ipsis
2429 2859 2722 2929 falsiloqui,
2757 2870 2811 2914 et
2847 2861 3186 2930 impostores,
3234 2861 3324 2928 qui
3354 2861 3585 2928 prophe-

2017 2950 2104 3004 tia:
2130 2960 2183 3005 et
2225 2966 2420 3004 nomen
2468 2959 2523 3004 et
2569 2966 2684 3005 rem
2733 2951 3198 3020 cauponabantur.
3236 2949 3389 3016 Quod
3424 2951 3469 3005 si
3504 2952 3585 3004 vi-

2013 3051 2223 3103 verent,
2273 3039 2522 3104 forsitan,
2568 3049 2822 3109 expertas
2868 3041 3202 3096 calamitates
3246 3040 3588 3095 continenter

2018 3132 2376 3200 deplorantes,
2408 3143 2462 3188 et
2492 3134 2545 3187 in
2573 3132 2831 3186 ementita
2862 3131 3119 3185 vaticinia
3153 3147 3250 3186 sua
3285 3131 3584 3186 vehemen-

339 3217 434 3263 καὶ
469 3213 566 3265 σὺν
602 3213 786 3276 αὐτοῖς
821 3215 872 3266 oi
923 3214 1237 3283 ψευδοεπεῖς
1278 3216 1372 3269 καὶ
1410 3215 1837 3286 πεπλανηκότες,
1865 3216 1914 3269 ot

2020 3220 2124 3272 tius
2183 3220 2521 3286 invehentes,
2567 3235 2663 3274 vos
2705 3219 2846 3287 frugi
2908 3221 3284 3276 reddidissent.
3340 3220 3447 3275 Sed
3510 3221 3582 3275 i'lli

336 3302 399 3354 τὸ
425 3302 525 3372 τῆς
554 3306 888 3375 προφητείας
935 3305 1106 3376 ὄνομα
1143 3308 1238 3362 καὶ
1272 3308 1462 3378 χρῆμα
1494 3306 1912 3377 καπηλεύοντες.

353 3394 492 3448 Ἀλλ’
519 3397 678 3468 εἴπερ
715 3396 854 3461 ἔζων
884 3397 986 3460 ἔτι,
1015 3399 1154 3467 τάχα
1205 3417 1307 3452 που
1355 3398 1597 3468 βελτίους
1632 3399 1778 3469 ὑμᾶς
1806 3399 1913 3452 ἀπ-

338 3490 566 3562 έφηναν,
593 3490 681 3544 ἀεὶ
701 3489 1130 3562 κατοιμώζοντες
1151 3491 1242 3544 ἐπὶ
1265 3493 1380 3554 τοῖς
1407 3489 1798 3561 συμϐεϐηκόσι,
1819 3490 1914 3544 καὶ

338 3584 448 3638 τῶν
493 3585 620 3652 παρ’
648 3585 830 3647 αὐτοῖς
879 3586 1178 3652 γεγονότων
1213 3583 1670 3654 ψευδοπροφητῶν
1708 3583 1768 3635 οὐ
1816 3600 1914 3654 με·

340 3676 497 3744 τρίαν
542 3679 853 3744 ποιούμενοι
905 3677 1000 3747 τὴν
1048 3677 1345 3746 καταϐοήν.
1387 3676 1526 3729 Ἀλλ’
1568 3677 1766 3728 ἐκεῖνοι
1817 3677 1915 3745 μὲν

341 3769 621 3837 ῥᾳστώνης
665 3786 724 3820 τε
770 3767 903 3840 ὁμοῦ
947 3769 1037 3822 καὶ
1083 3769 1364 3831 ἀπειθείας
1409 3767 1656 3837 ὀψώνιον,
1692 3767 1753 3819 τὸ
1787 3784 1912 3820 συν-

335 3856 604 3912 διολέσθαι
632 3862 742 3922 τοῖς
780 3861 1119 3929 ὴπατηκόσιν
1153 3861 1468 3930 ἐσχήκασιν.
1489 3859 1676 3928 Ὑμεῖς
1701 3857 1758 3911 δὲ
1786 3857 1913 3921 τοὺς

337 3948 446 3999 τῶν
468 3949 640 4017 ἁγίων
670 3950 964 4021 προφητῶν
991 3950 1366 4020 παραδέχεσθε
1394 3949 1608 4018 λόγους,
1640 3951 1732 4002 καὶ
1755 3950 1822 4002 τὰ
1845 3949 1913 4002 δι’

337 4041 517 4094 αὐτῶν
555 4041 899 4112 θεσπίσματα
928 4041 1166 4095 ποιεῖσθε
1200 4039 1326 4111 περὶ
1357 4041 1571 4095 πολλοῦ.
1610 4041 1774 4095 Αὐτοὶ
1805 4041 1913 4113 γὰρ

337 4130 665 4202 λελαλήκασι
697 4134 790 4185 καὶ
823 4133 935 4196 τοῖς
965 4132 1071 4202 πρὸ
1095 4132 1247 4201 ὑμῶν
1267 4147 1281 4162 ’
1324 4132 1474 4185 «Ὅτι
1503 4132 1910 4202 παρατέτακται

339 4220 540 4292 Κύριος
561 4220 654 4275 τοῦ
679 4224 924 4293 ποιῆσαι-
969 4241 988 4273 ι
1037 4222 1192 4292 δῆλον
1221 4223 1278 4275 δὲ
1293 4223 1374 4275 ὅτι
1399 4222 1498 4294 τὴν
1537 4223 1914 4294 αἰχμαλωσίαν

337 4313 430 4364 καὶ
463 4313 561 4375 τὰς
607 4315 664 4366 ὲν
705 4314 888 4378 αὐτοῖς
935 4314 1353 4386 συμϐησομένας
1390 4316 1788 4388 ταλαιπωρίαςο
1829 4316 1914 4370 δι-

337 4403 562 4473 ήλεγχον
585 4404 641 4456 δὲ
663 4405 909 4472 λέγοντες
935 4407 1236 4476 ἀναφανδόν
1256 4424 1269 4436 ·
1301 4407 1455 4460 «Ὅτι
1483 4406 1622 4460 κατὰ
1641 4409 1741 4470 τὰς
1760 4406 1912 4471 ὁδοὺς

336 4493 490 4562 ὑμῶν
531 4496 625 4547 καὶ
657 4495 726 4548 τὰ
758 4496 1162 4567 ἐπιτηδεύματα
1211 4497 1386 4566 ὑμῶν,
1439 4495 1610 4560 οὕτως
1657 4497 1912 4568 ἐποίησεν

2016 3311 2230 3381 quidem
2269 3312 2476 3367 inertia-
2514 3321 2569 3366 et
2605 3315 2959 3367 contumaciae
2997 3327 3107 3367 suae
3139 3313 3460 3381 stipendium
3490 3327 3584 3366 ac-

2015 3413 2294 3472 ceperunt,
2329 3403 2470 3473 quod
2518 3419 2640 3458 cmn
2669 3403 2980 3460 illusoribus
3017 3405 3354 3458 interierunt.
3390 3405 3461 3457 At
3491 3418 3584 3457 vos

2015 3503 2324 3550 sanctorum
2359 3497 2745 3565 prophetarum
2793 3510 3072 3550 sermones
3119 3494 3374 3562 excipite,
3420 3504 3474 3546 et
3503 3495 3584 3546 di-

2015 3586 2133 3638 vina
2183 3599 2370 3640 eorum
2414 3586 2572 3641 etfata
2646 3588 2825 3657 magni
2858 3586 3097 3657 pendite.
3145 3583 3248 3652 Ipsi
3294 3583 3490 3654 quippe
3529 3593 3585 3635 et

2017 3676 2308 3743 majoribus
2339 3677 2536 3731 vestris
2563 3677 2726 3732 locuti
2757 3686 2884 3731 sunt
2912 3693 2926 3728 :
2961 3694 2980 3727 ι
3009 3675 3146 3741 Quia
3172 3675 3468 3728 instructus
3497 3683 3582 3727 est

2018 3768 2276 3821 Dominus
2302 3767 2514 3822 facere:
2545 3787 2562 3820 ι
2589 3769 2775 3838 utique
2794 3767 3188 3838 captivitatem,
3207 3773 3263 3820 et
3290 3767 3348 3819 in
3372 3779 3434 3819 ea
3459 3778 3582 3833 per-

2018 3859 2264 3913 ferendas
2312 3873 2604 3921 aerumnas,
2654 3869 2708 3914 et
2764 3855 3158 3926 redarguebant
3205 3869 3299 3910 eos
3339 3855 3582 3909 dicentes

2017 3949 2340 4005 manifeste:
2375 3969 2392 4002 ι
2428 3951 2563 4016 Quia
2604 3951 2897 4004 secundum
2932 3949 3049 4003 vias
3092 3956 3323 4011 vestras,
3374 3945 3452 4018 [et
3481 3945 3578 3999 ad-

2016 4039 2349 4095 inventioues
2381 4051 2588 4096 vestras
2618 4040 2770 4094 vobis
2795 4035 2970 4110 fecit.]
3004 4059 3022 4091 »
3056 4038 3172 4094 Non
3200 4039 3343 4094 enim
3374 4048 3579 4092 temere

2015 4133 2168 4201 punit
2216 4133 2588 4187 universorum
2647 4131 2817 4194 Deus,
2882 4147 3056 4201 neque
3111 4130 3292 4185 divina
3355 4138 3409 4184 et
3467 4127 3576 4182 falli

2017 4221 2198 4276 nescia
2240 4236 2466 4277 censura
2496 4222 2630 4276 citra
2655 4235 2882 4275 examen
2925 4221 2978 4275 in
3014 4234 3336 4291 quocunque
3365 4218 3581 4288 negotio

2015 4311 2122 4366 fert
2156 4312 2481 4368 sententiam
2511 4330 2524 4366 :
2558 4313 2651 4366 sed
2687 4327 2808 4366 cum
2843 4327 3007 4380 supra
3055 4312 3270 4365 modum
3311 4309 3580 4380 patienter

2014 4404 2352 4471 sustinuerit,
2380 4414 2510 4460 tunc
2537 4407 2751 4460 demum
2781 4405 3027 4462 sontibus
3054 4418 3175 4472 quae
3206 4403 3439 4456 maxime
3467 4415 3580 4454 me-

2015 4504 2200 4549 rentur
2233 4496 2496 4564 rependit.
2536 4497 2810 4565 Sapientis
2837 4503 2919 4550 est
2947 4495 3114 4562 igitur
3136 4503 3381 4563 prompte
3420 4493 3578 4547 obse-

335 4583 482 4650 ὑμῖν.
516 4604 533 4634 ι
564 4585 797 4647 Κολάζει
827 4586 935 4657 γὰρ
960 4587 1021 4639 οὐ
1055 4588 1226 4658 μάτην
1250 4587 1278 4639 ὁ
1311 4587 1418 4639 τῶν
1449 4587 1585 4640 ὅλων
1611 4587 1762 4651 Θεὸς,
1784 4585 1908 4642 οὔτε

2016 4589 2127 4656 qui,
2162 4598 2217 4641 et
2263 4589 2461 4643 divinis
2503 4603 2696 4658 parere
2726 4589 2952 4658 legibus,
2989 4596 3405 4653 sanctorumque
3437 4598 3577 4651 prte-

337 4673 444 4740 μὴν
476 4673 835 4728 ἀϐασάνιστον
876 4676 974 4747 τὴν
1021 4677 1104 4746 ἐφ’
1138 4676 1338 4747 ὁτῳοῦν
1391 4680 1620 4731 ποιεῖται
1663 4678 1841 4749 ψῆφον
1865 4681 1898 4748 ή

333 4762 452 4814 θεία
476 4780 534 4815 τε
564 4764 660 4816 καὶ
685 4765 929 4835 ἀπλανὴς
959 4768 1051 4820 καὶ
1078 4766 1388 4835 δικαιοτάτη
1418 4767 1625 4837 κρίσις·
1653 4768 1904 4831 ἀνεξικα-

335 4855 548 4921 κήσασα
577 4854 634 4907 δὲ
663 4857 1039 4927 ὑπερμέτρως.
1068 4857 1186 4910 τότε
1216 4858 1302 4927 δὴ,
1320 4857 1438 4910 τότε
1458 4858 1770 4911 ταλαντεύει
1796 4862 1904 4923 τοῖς

341 4940 679 5011 ἡμαρτηκόσι
730 4945 798 4996 τὰ
848 4946 1030 5008 αὐτοῖς
1066 4947 1148 4997 ὅτι
1179 4945 1410 5014 μάλιστα
1456 4947 1898 5014 πρεπωδέστατα.

2010 4678 2270 4732 dictiones
2319 4679 2580 4740 revereri,
2637 4687 2691 4732 et
2745 4679 2899 4732 fidem
2950 4679 3298 4732 commodare
3357 4673 3578 4728 vocibus

2007 4766 2250 4835 spiritus,
2283 4770 2632 4838 cogitat-eque
2679 4784 2783 4822 non
2817 4778 3000 4837 posset
3051 4785 3152 4821 non
3183 4767 3418 4829 evenire,
3456 4780 3575 4833 qua:

2013 4858 2266 4928 praedicta
2298 4862 2427 4925 sint,
2460 4871 2516 4916 et
2551 4861 2826 4916 meliorem
2863 4871 3098 4915 mentem
3130 4860 3378 4921 induere,
3413 4865 3576 4925 atque

2011 4953 2076 5005 ad
2105 4953 2474 5019 paenitentiam
2501 4969 2559 5009 se
2591 4957 2859 5010 conferre.

335 5034 502 5102 Σοφὸν
528 5033 620 5090 οὖν
650 5037 758 5106 ἄρα
781 5039 842 5093 τὸ
866 5043 1097 5111 εὐήνιον,
1130 5043 1222 5094 καὶ
1258 5043 1453 5106 παντὸς
1487 5045 1630 5114 ἡμᾶς
1655 5045 1949 5113 ἀπαλλάξει
1977 5049 2148 5102 κακοῦ
2181 5050 2240 5103 τὸ
2268 5053 2379 5114 τοῖς
2440 5051 2603 5115 θείοις
2659 5053 2888 5106 ἔπεσθαι
2944 5053 3148 5122 νόμοις,
3181 5049 3275 5102 καὶ
3309 5047 3408 5107 τὰς
3468 5041 3576 5096 τῶν

337 5130 504 5195 ἁγίων
534 5133 958 5204 προαγορεύσεις
987 5140 1172 5206 τιμᾷν,
1204 5137 1297 5189 καὶ
1325 5139 1558 5196 πίστεως
1587 5137 1770 5202 ἀξιοῦν
1817 5141 1914 5203 τὰς
1951 5143 2044 5196 τοῦ
2097 5144 2404 5216 πνεύματος
2468 5148 2668 5217 φωνὰς,
2726 5147 3037 5208 ἑννοοῦντάς
3076 5163 3136 5198 τε
3172 5145 3254 5197 ὅτι
3293 5141 3467 5209 πάντη
3515 5157 3574 5192 τε

337 5219 429 5272 καὶ
482 5222 702 5285 πάντως
754 5225 1085 5294 συμϐήσεται
1127 5226 1193 5278 τὰ
1247 5228 1682 5298 προηγγελμέια,
1757 5231 2221 5298 μεταπλάττεσθαι
2275 5238 2409 5306 πρὸς
2465 5237 2524 5290 τὸ
2606 5241 2846 5308 ἄμεινον,
2930 5238 3021 5290 καὶ
3110 5233 3446 5305 μεταχωρεῖν
3494 5230 3576 5292 εἰς

339 5317 696 5384 μετάγνωσιν.

411 5411 486 5478 Τῇ
517 5413 746 5480 τετράδι
776 5413 873 5467 καὶ
901 5415 1087 5471 εἰκάδι
1134 5415 1212 5480 τῷ
1253 5416 1545 5482 ἑνδεκάτῳ
1573 5419 1719 5487 μηνί
1761 5416 1898 5486 (οὖ-

333 5504 434 5567 τός
459 5505 631 5558 ἐστιν
653 5509 686 5559 ό
708 5510 834 5574 μὴν
862 5508 1092 5574 Σαὸἁτ)
1143 5508 1210 5560 ἐν
1250 5505 1328 5572 τῷ
1351 5507 1603 5576 δευτέρῳ
1631 5510 1768 5572 ἔτει,
1801 5511 1897 5563 ἐπὶ

331 5596 595 5662 Δαρείου,
626 5596 858 5664 ἐγένετο
903 5599 1084 5665 λόγος
1127 5600 1346 5667 Κυρίου
1403 5600 1552 5666 πρὸς
1598 5602 1897 5669 Ζαχαρίαν

331 5687 440 5741 τὸν
458 5687 562 5740 τοῦ
587 5690 904 5757 Βαραχίου,
926 5691 1056 5744 υἱοῦ
1093 5689 1282 5757 Ἀδδὼ,
1316 5691 1420 5744 τὸν
1445 5691 1775 5759 προφήτην,
1799 5691 1896 5746 λέ-

2072 5422 2242 5494 658
2273 5422 2432 5475 Vnus.
2475 5422 2621 5475 7-H.
2667 5422 2872 5486 Quarta
2917 5427 2966 5470 et
3019 5417 3265 5472 vicesima
3299 5417 3574 5472 undecimo

2005 5530 2178 5568 mense
2211 5514 2320 5582 (hic
2354 5525 2431 5567 est
2477 5514 2665 5566 "tensis
2697 5510 2884 5579 Sabat)
2939 5509 2992 5562 in
3035 5509 3258 5562 secundo
3303 5526 3441 5563 anno
3477 5510 3572 5563 sub

2006 5603 2192 5665 Dario,
2244 5604 2444 5671 factum
2489 5618 2565 5658 est
2610 5602 2816 5656 verbum
2868 5598 3078 5652 Domini
3132 5599 3199 5653 ad
3252 5599 3571 5655 Zachariam

2003 5695 2165 5762 ﬁlium
2194 5695 2492 5761 Bararhiw,
2515 5697 2612 5761 ﬁlii
2645 5695 2810 5760 Addo,
2839 5695 3164 5764 prophetam,
3194 5695 3369 5750 dicem
3397 5709 3413 5746 :
3452 5691 3572 5745 Vidi

401 5866 424 5896 ⁸
451 5865 649 5922 Jerem.
689 5867 910 5930 x1v,l3.
988 5869 1009 5898 '
1043 5867 1167 5922 ibid.
1207 5867 1288 5922 ll.
1367 5869 1408 5899 '°
1439 5866 1636 5924 Jerem.
1672 5869 1944 5931 “111,21.
