  <div class='ocr_page' id='page_1' title='image "/cluster/home/n/w/nwhite01/storage/ocr_20150623/72/nnc1.0046980300/015.png"; bbox 0 0 4072 6370; ppageno 0'>
   <div class='ocr_carea' id='block_1_1' title="bbox 468 415 3722 484">
    <p class='ocr_par' dir='ltr' id='par_1_1' title="bbox 468 415 3722 484">
     <span class='ocr_line' id='line_1_1' title="bbox 468 415 3722 484; baseline -0.003 -2"><span class='ocrx_word' id='word_1_1' title='bbox 468 430 537 484; x_wconf 70' lang='grc'><strong><em>19</em></strong></span> <span class='ocrx_word' id='word_1_2' title='bbox 1494 425 1551 479; x_wconf 86' lang='lat' dir='ltr'><strong><em>S.</em></strong></span> <span class='ocrx_word' id='word_1_3' title='bbox 1592 418 1871 479; x_wconf 76' lang='lat' dir='ltr'><strong><em>CYRILLI</em></strong></span> <span class='ocrx_word' id='word_1_4' title='bbox 1908 418 2372 476; x_wconf 68' lang='lat' dir='ltr'><strong><em>ALEXANDBINI</em></strong></span> <span class='ocrx_word' id='word_1_5' title='bbox 2409 417 2734 475; x_wconf 77' lang='lat' dir='ltr'><strong><em>ARCHIEP.</em></strong></span> <span class='ocrx_word' id='word_1_6' title='bbox 3651 415 3722 473; x_wconf 77' lang='lat'><strong>20</strong></span> 
     </span>
    </p>
   </div>
   <div class='ocr_carea' id='block_1_2' title="bbox 467 535 2043 618">
    <p class='ocr_par' dir='ltr' id='par_1_2' title="bbox 467 548 2041 618">
     <span class='ocr_line' id='line_1_2' title="bbox 467 548 2041 618; baseline -0.003 -18"><span class='ocrx_word' id='word_1_7' title='bbox 467 566 558 618; x_wconf 79' lang='lat' dir='ltr'><strong><em>per</em></strong></span> <span class='ocrx_word' id='word_1_8' title='bbox 606 561 827 613; x_wconf 84' lang='lat' dir='ltr'><strong><em>noctem,</em></strong></span> <span class='ocrx_word' id='word_1_9' title='bbox 870 558 919 602; x_wconf 82' lang='lat' dir='ltr'><strong><em>et</em></strong></span> <span class='ocrx_word' id='word_1_10' title='bbox 964 564 1079 603; x_wconf 81' lang='lat' dir='ltr'><strong><em>ecce</em></strong></span> <span class='ocrx_word' id='word_1_11' title='bbox 1123 549 1201 602; x_wconf 78' lang='lat' dir='ltr'><strong><em>oir</em></strong></span> <span class='ocrx_word' id='word_1_12' title='bbox 1239 548 1521 602; x_wconf 79' lang='lat' dir='ltr'><strong><em>ascendens</em></strong></span> <span class='ocrx_word' id='word_1_13' title='bbox 1540 564 1696 615; x_wconf 79' lang='lat' dir='ltr'><strong><em>super</em></strong></span> <span class='ocrx_word' id='word_1_14' title='bbox 1727 562 1913 617; x_wconf 81' lang='lat' dir='ltr'><strong><em>equum</em></strong></span> <span class='ocrx_word' id='word_1_15' title='bbox 1959 562 2041 597; x_wconf 84' lang='lat' dir='ltr'><strong><em>ru-</em></strong></span> 
     </span>
    </p>
   </div>
   <div class='ocr_carea' id='block_1_3' title="bbox 2148 535 3722 618">
    <p class='ocr_par' dir='ltr' id='par_1_3' title="bbox 2151 535 3722 612">
     <span class='ocr_line' id='line_1_3' title="bbox 2151 535 3722 612; baseline -0.004 -16"><span class='ocrx_word' id='word_1_16' title='bbox 2151 560 2270 612; x_wconf 70' lang='grc' dir='ltr'><em>γων</em></span> <span class='ocrx_word' id='word_1_17' title='bbox 2294 560 2306 573; x_wconf 85' lang='grc'><strong>·</strong></span> <span class='ocrx_word' id='word_1_18' title='bbox 2351 539 2613 611; x_wconf 79' lang='grc' dir='ltr'><strong><em>Ἑώρακα</em></strong></span> <span class='ocrx_word' id='word_1_19' title='bbox 2659 541 2772 607; x_wconf 81' lang='grc' dir='ltr'><em>τὴν</em></span> <span class='ocrx_word' id='word_1_20' title='bbox 2806 541 3014 604; x_wconf 81' lang='grc' dir='ltr'><em>νύκτα,</em></span> <span class='ocrx_word' id='word_1_21' title='bbox 3060 539 3156 592; x_wconf 77' lang='grc' dir='ltr'><em>καὶ</em></span> <span class='ocrx_word' id='word_1_22' title='bbox 3191 538 3317 592; x_wconf 73' lang='grc' dir='ltr'><strong><em>ἰδοὺ</em></strong></span> <span class='ocrx_word' id='word_1_23' title='bbox 3346 535 3502 607; x_wconf 73' lang='grc' dir='ltr'><em>ἀνὴρ</em></span> <span class='ocrx_word' id='word_1_24' title='bbox 3532 537 3722 590; x_wconf 78' lang='grc' dir='ltr'><em>ἐπιόεο</em></span> 
     </span>
    </p>
   </div>
   <div class='ocr_carea' id='block_1_4' title="bbox 469 637 2034 709">
    <p class='ocr_par' dir='ltr' id='par_1_4' title="bbox 469 637 2034 709">
     <span class='ocr_line' id='line_1_4' title="bbox 469 637 2034 709; baseline -0.007 -15"><span class='ocrx_word' id='word_1_25' title='bbox 469 641 602 709; x_wconf 74' lang='lat' dir='ltr'><strong><em>fum,</em></strong></span> <span class='ocrx_word' id='word_1_26' title='bbox 638 650 686 693; x_wconf 80' lang='lat' dir='ltr'><strong><em>et</em></strong></span> <span class='ocrx_word' id='word_1_27' title='bbox 719 639 813 695; x_wconf 83' lang='lat' dir='ltr'><strong><em>iste</em></strong></span> <span class='ocrx_word' id='word_1_28' title='bbox 858 637 1028 691; x_wconf 77' lang='lat' dir='ltr'><strong><em>stabat</em></strong></span> <span class='ocrx_word' id='word_1_29' title='bbox 1077 641 1211 693; x_wconf 84' lang='lat' dir='ltr'><strong><em>inter</em></strong></span> <span class='ocrx_word' id='word_1_30' title='bbox 1248 639 1382 691; x_wconf 84' lang='lat' dir='ltr'><strong><em>duos</em></strong></span> <span class='ocrx_word' id='word_1_31' title='bbox 1414 646 1614 690; x_wconf 82' lang='lat' dir='ltr'><strong><em>montes</em></strong></span> <span class='ocrx_word' id='word_1_32' title='bbox 1662 642 1951 695; x_wconf 73' lang='lat' dir='ltr'><strong><em>umbrosas,</em></strong></span> <span class='ocrx_word' id='word_1_33' title='bbox 1988 643 2034 684; x_wconf 83' lang='lat' dir='ltr'><strong><em>et</em></strong></span> 
     </span>
    </p>
   </div>
   <div class='ocr_carea' id='block_1_5' title="bbox 466 723 2036 799">
    <p class='ocr_par' dir='ltr' id='par_1_5' title="bbox 466 723 2036 799">
     <span class='ocr_line' id='line_1_5' title="bbox 466 723 2036 799; baseline -0.004 -17"><span class='ocrx_word' id='word_1_34' title='bbox 466 741 579 799; x_wconf 80' lang='lat' dir='ltr'><strong><em>post</em></strong></span> <span class='ocrx_word' id='word_1_35' title='bbox 606 746 721 784; x_wconf 85' lang='lat' dir='ltr'><strong><em>eum</em></strong></span> <span class='ocrx_word' id='word_1_36' title='bbox 752 730 870 795; x_wconf 82' lang='lat' dir='ltr'><strong><em>equi</em></strong></span> <span class='ocrx_word' id='word_1_37' title='bbox 900 730 1026 798; x_wconf 78' lang='lat' dir='ltr'><strong><em>ruﬁ,</em></strong></span> <span class='ocrx_word' id='word_1_38' title='bbox 1055 740 1104 782; x_wconf 85' lang='lat' dir='ltr'><strong><em>et</em></strong></span> <span class='ocrx_word' id='word_1_39' title='bbox 1147 728 1425 792; x_wconf 74' lang='lat' dir='ltr'><strong><em>maculosi,</em></strong></span> <span class='ocrx_word' id='word_1_40' title='bbox 1459 739 1505 781; x_wconf 88' lang='lat' dir='ltr'><strong><em>et</em></strong></span> <span class='ocrx_word' id='word_1_41' title='bbox 1544 729 1697 789; x_wconf 68' lang='lat' dir='ltr'><strong><em>varii,</em></strong></span> <span class='ocrx_word' id='word_1_42' title='bbox 1728 739 1775 779; x_wconf 87' lang='lat' dir='ltr'><strong><em>et</em></strong></span> <span class='ocrx_word' id='word_1_43' title='bbox 1811 728 1936 778; x_wconf 82' lang='lat' dir='ltr'><strong><em>albi.</em></strong></span> <span class='ocrx_word' id='word_1_44' title='bbox 1971 723 2036 777; x_wconf 80' lang='lat' dir='ltr'><strong><em>Et</em></strong></span> 
     </span>
    </p>
   </div>
   <div class='ocr_carea' id='block_1_6' title="bbox 466 812 2036 884">
    <p class='ocr_par' dir='ltr' id='par_1_6' title="bbox 466 812 2036 884">
     <span class='ocr_line' id='line_1_6' title="bbox 466 812 2036 884; baseline -0.006 -12"><span class='ocrx_word' id='word_1_45' title='bbox 466 820 583 874; x_wconf 66' lang='lat' dir='ltr'><strong><em>dixi</em></strong></span> <span class='ocrx_word' id='word_1_46' title='bbox 608 833 629 872; x_wconf 87' lang='lat'><strong><em>.&#39;</em></strong></span> <span class='ocrx_word' id='word_1_47' title='bbox 661 817 799 884; x_wconf 80' lang='lat' dir='ltr'><strong><em>Quid</em></strong></span> <span class='ocrx_word' id='word_1_48' title='bbox 842 820 950 883; x_wconf 80' lang='lat' dir='ltr'><strong><em>isti,</em></strong></span> <span class='ocrx_word' id='word_1_49' title='bbox 997 817 1260 872; x_wconf 82' lang='lat' dir='ltr'><strong><em>Domine?</em></strong></span> <span class='ocrx_word' id='word_1_50' title='bbox 1288 814 1357 870; x_wconf 83' lang='grc' dir='ltr'><em>Ει</em></span> <span class='ocrx_word' id='word_1_51' title='bbox 1403 817 1536 869; x_wconf 64' lang='lat' dir='ltr'><strong><em>diuit</em></strong></span> <span class='ocrx_word' id='word_1_52' title='bbox 1577 816 1645 867; x_wconf 87' lang='lat' dir='ltr'><strong><em>ad</em></strong></span> <span class='ocrx_word' id='word_1_53' title='bbox 1695 830 1776 866; x_wconf 82' lang='lat' dir='ltr'><strong><em>me</em></strong></span> <span class='ocrx_word' id='word_1_54' title='bbox 1817 812 2036 881; x_wconf 80' lang='lat' dir='ltr'><strong><em>angelus</em></strong></span> 
     </span>
    </p>
   </div>
   <div class='ocr_carea' id='block_1_7' title="bbox 465 906 2037 980">
    <p class='ocr_par' dir='ltr' id='par_1_7' title="bbox 465 906 2037 980">
     <span class='ocr_line' id='line_1_7' title="bbox 465 906 2037 980; baseline -0.006 -16"><span class='ocrx_word' id='word_1_55' title='bbox 465 910 557 979; x_wconf 84' lang='lat' dir='ltr'><strong><em>qui</em></strong></span> <span class='ocrx_word' id='word_1_56' title='bbox 593 909 901 980; x_wconf 77' lang='lat' dir='ltr'><strong><em>loquebatur</em></strong></span> <span class='ocrx_word' id='word_1_57' title='bbox 928 911 985 964; x_wconf 89' lang='lat' dir='ltr'><strong><em>in</em></strong></span> <span class='ocrx_word' id='word_1_58' title='bbox 1019 926 1100 964; x_wconf 85' lang='lat' dir='ltr'><strong><em>me</em></strong></span> <span class='ocrx_word' id='word_1_59' title='bbox 1126 926 1144 964; x_wconf 91' lang='lat'><strong><em>:</em></strong></span> <span class='ocrx_word' id='word_1_60' title='bbox 1174 908 1284 979; x_wconf 82' lang='lat' dir='ltr'><strong><em>Ego</em></strong></span> <span class='ocrx_word' id='word_1_61' title='bbox 1320 912 1593 963; x_wconf 77' lang='lat' dir='ltr'><strong><em>ostendam</em></strong></span> <span class='ocrx_word' id='word_1_62' title='bbox 1630 907 1723 959; x_wconf 86' lang='lat' dir='ltr'><strong><em>tibi</em></strong></span> <span class='ocrx_word' id='word_1_63' title='bbox 1757 906 1882 975; x_wconf 81' lang='lat' dir='ltr'><strong><em>quid</em></strong></span> <span class='ocrx_word' id='word_1_64' title='bbox 1914 915 2037 957; x_wconf 77' lang='lat' dir='ltr'><strong><em>sunt</em></strong></span> 
     </span>
    </p>
   </div>
   <div class='ocr_carea' id='block_1_8' title="bbox 466 1000 2037 1072">
    <p class='ocr_par' dir='ltr' id='par_1_8' title="bbox 466 1000 2037 1072">
     <span class='ocr_line' id='line_1_8' title="bbox 466 1000 2037 1072; baseline -0.004 -17"><span class='ocrx_word' id='word_1_65' title='bbox 466 1006 599 1058; x_wconf 77' lang='lat' dir='ltr'><strong><em>lucc.</em></strong></span> <span class='ocrx_word' id='word_1_66' title='bbox 643 1001 713 1056; x_wconf 82' lang='lat' dir='ltr'><strong><em>Et</em></strong></span> <span class='ocrx_word' id='word_1_67' title='bbox 749 1001 1017 1072; x_wconf 76' lang='lat' dir='ltr'><strong><em>respondit</em></strong></span> <span class='ocrx_word' id='word_1_68' title='bbox 1072 1004 1155 1056; x_wconf 83' lang='lat' dir='ltr'><strong><em>vir</em></strong></span> <span class='ocrx_word' id='word_1_69' title='bbox 1195 1002 1284 1072; x_wconf 84' lang='lat' dir='ltr'><strong><em>qui</em></strong></span> <span class='ocrx_word' id='word_1_70' title='bbox 1330 1000 1500 1055; x_wconf 78' lang='lat' dir='ltr'><strong><em>stabat</em></strong></span> <span class='ocrx_word' id='word_1_71' title='bbox 1540 1001 1680 1053; x_wconf 83' lang='lat' dir='ltr'><strong><em>inter</em></strong></span> <span class='ocrx_word' id='word_1_72' title='bbox 1721 1008 1944 1061; x_wconf 82' lang='lat' dir='ltr'><strong><em>montes,</em></strong></span> <span class='ocrx_word' id='word_1_73' title='bbox 1987 1005 2037 1049; x_wconf 84' lang='lat' dir='ltr'><strong><em>et</em></strong></span> 
     </span>
    </p>
   </div>
   <div class='ocr_carea' id='block_1_9' title="bbox 467 1088 2040 1163">
    <p class='ocr_par' dir='ltr' id='par_1_9' title="bbox 467 1088 2040 1163">
     <span class='ocr_line' id='line_1_9' title="bbox 467 1088 2040 1163; baseline -0.003 -18"><span class='ocrx_word' id='word_1_74' title='bbox 467 1095 603 1148; x_wconf 75' lang='lat' dir='ltr'><strong><em>dixit</em></strong></span> <span class='ocrx_word' id='word_1_75' title='bbox 631 1096 700 1148; x_wconf 83' lang='lat' dir='ltr'><strong><em>ad</em></strong></span> <span class='ocrx_word' id='word_1_76' title='bbox 745 1110 869 1149; x_wconf 86' lang='lat' dir='ltr'><strong><em>me:</em></strong></span> <span class='ocrx_word' id='word_1_77' title='bbox 901 1092 1002 1149; x_wconf 86' lang='lat' dir='ltr'><strong><em>Isti</em></strong></span> <span class='ocrx_word' id='word_1_78' title='bbox 1032 1105 1154 1149; x_wconf 85' lang='lat' dir='ltr'><strong><em>sunt</em></strong></span> <span class='ocrx_word' id='word_1_79' title='bbox 1194 1109 1321 1163; x_wconf 78' lang='lat' dir='ltr'><strong><em>quos</em></strong></span> <span class='ocrx_word' id='word_1_80' title='bbox 1352 1093 1491 1146; x_wconf 79' lang='lat' dir='ltr'><strong><em>misit</em></strong></span> <span class='ocrx_word' id='word_1_81' title='bbox 1536 1090 1792 1145; x_wconf 76' lang='lat' dir='ltr'><strong><em>Dominus</em></strong></span> <span class='ocrx_word' id='word_1_82' title='bbox 1831 1101 1887 1142; x_wconf 90' lang='lat' dir='ltr'><strong><em>ut</em></strong></span> <span class='ocrx_word' id='word_1_83' title='bbox 1931 1088 2040 1142; x_wconf 86' lang='lat' dir='ltr'><strong><em>cir-</em></strong></span> 
     </span>
    </p>
   </div>
   <div class='ocr_carea' id='block_1_10' title="bbox 466 1180 2038 1255">
    <p class='ocr_par' dir='ltr' id='par_1_10' title="bbox 466 1180 2038 1255">
     <span class='ocr_line' id='line_1_10' title="bbox 466 1180 2038 1255; baseline -0.003 -18"><span class='ocrx_word' id='word_1_84' title='bbox 466 1186 720 1240; x_wconf 72' lang='lat' dir='ltr'><strong><em>cumirent</em></strong></span> <span class='ocrx_word' id='word_1_85' title='bbox 749 1195 969 1239; x_wconf 84' lang='lat' dir='ltr'><strong><em>terram.</em></strong></span> <span class='ocrx_word' id='word_1_86' title='bbox 998 1185 1063 1239; x_wconf 84' lang='lat' dir='ltr'><strong><em>Et</em></strong></span> <span class='ocrx_word' id='word_1_87' title='bbox 1091 1185 1467 1255; x_wconf 79' lang='lat' dir='ltr'><strong><em>responderunt</em></strong></span> <span class='ocrx_word' id='word_1_88' title='bbox 1494 1183 1680 1253; x_wconf 81' lang='lat' dir='ltr'><strong><em>angelo</em></strong></span> <span class='ocrx_word' id='word_1_89' title='bbox 1707 1181 1920 1237; x_wconf 80' lang='lat' dir='ltr'><strong><em>Domini</em></strong></span> <span class='ocrx_word' id='word_1_90' title='bbox 1948 1180 2038 1247; x_wconf 81' lang='lat' dir='ltr'><strong><em>qui</em></strong></span> 
     </span>
    </p>
   </div>
   <div class='ocr_carea' id='block_1_11' title="bbox 466 1274 2040 1343">
    <p class='ocr_par' dir='ltr' id='par_1_11' title="bbox 466 1274 2040 1343">
     <span class='ocr_line' id='line_1_11' title="bbox 466 1274 2040 1343; baseline -0.002 -13"><span class='ocrx_word' id='word_1_91' title='bbox 466 1277 639 1330; x_wconf 78' lang='lat' dir='ltr'><strong><em>stabat</em></strong></span> <span class='ocrx_word' id='word_1_92' title='bbox 677 1278 816 1332; x_wconf 86' lang='lat' dir='ltr'><strong><em>inter</em></strong></span> <span class='ocrx_word' id='word_1_93' title='bbox 857 1287 1079 1343; x_wconf 85' lang='lat' dir='ltr'><strong><em>montes,</em></strong></span> <span class='ocrx_word' id='word_1_94' title='bbox 1129 1288 1180 1332; x_wconf 84' lang='lat' dir='ltr'><strong><em>et</em></strong></span> <span class='ocrx_word' id='word_1_95' title='bbox 1212 1278 1456 1331; x_wconf 68' lang='lat' dir='ltr'><strong><em>dixerunt</em></strong></span> <span class='ocrx_word' id='word_1_96' title='bbox 1487 1291 1505 1331; x_wconf 92' lang='lat'><strong><em>:</em></strong></span> <span class='ocrx_word' id='word_1_97' title='bbox 1533 1274 1881 1331; x_wconf 78' lang='lat' dir='ltr'><strong><em>Circuivimus</em></strong></span> <span class='ocrx_word' id='word_1_98' title='bbox 1925 1291 2040 1327; x_wconf 87' lang='lat' dir='ltr'><strong><em>om-</em></strong></span> 
     </span>
    </p>
   </div>
   <div class='ocr_carea' id='block_1_12' title="bbox 469 1367 2037 1431">
    <p class='ocr_par' dir='ltr' id='par_1_12' title="bbox 469 1367 2037 1431">
     <span class='ocr_line' id='line_1_12' title="bbox 469 1367 2037 1431; baseline -0.001 -12"><span class='ocrx_word' id='word_1_99' title='bbox 469 1382 585 1419; x_wconf 87' lang='lat' dir='ltr'><strong><em>nem</em></strong></span> <span class='ocrx_word' id='word_1_100' title='bbox 644 1378 872 1431; x_wconf 87' lang='lat' dir='ltr'><strong><em>terram,</em></strong></span> <span class='ocrx_word' id='word_1_101' title='bbox 936 1379 981 1420; x_wconf 83' lang='lat' dir='ltr'><strong><em>et</em></strong></span> <span class='ocrx_word' id='word_1_102' title='bbox 1038 1384 1153 1423; x_wconf 84' lang='lat' dir='ltr'><strong><em>ecce</em></strong></span> <span class='ocrx_word' id='word_1_103' title='bbox 1207 1368 1378 1421; x_wconf 78' lang='lat' dir='ltr'><strong><em>omnis</em></strong></span> <span class='ocrx_word' id='word_1_104' title='bbox 1431 1384 1570 1421; x_wconf 87' lang='lat' dir='ltr'><strong><em>.erra</em></strong></span> <span class='ocrx_word' id='word_1_105' title='bbox 1631 1367 1938 1431; x_wconf 79' lang='lat' dir='ltr'><strong><em>habitatur,</em></strong></span> <span class='ocrx_word' id='word_1_106' title='bbox 1990 1376 2037 1418; x_wconf 83' lang='lat' dir='ltr'><strong><em>et</em></strong></span> 
     </span>
    </p>
   </div>
   <div class='ocr_carea' id='block_1_13' title="bbox 468 1458 700 1525">
    <p class='ocr_par' dir='ltr' id='par_1_13' title="bbox 468 1458 700 1525">
     <span class='ocr_line' id='line_1_13' title="bbox 468 1458 700 1525; baseline 0.013 -16"><span class='ocrx_word' id='word_1_107' title='bbox 468 1458 700 1525; x_wconf 76' lang='lat' dir='ltr'><strong><em>quiescit.</em></strong></span> 
     </span>
    </p>
   </div>
   <div class='ocr_carea' id='block_1_14' title="bbox 542 1722 2042 1795">
    <p class='ocr_par' dir='ltr' id='par_1_14' title="bbox 542 1722 2042 1795">
     <span class='ocr_line' id='line_1_14' title="bbox 542 1722 2042 1795; baseline -0.003 -16"><span class='ocrx_word' id='word_1_108' title='bbox 542 1724 607 1780; x_wconf 87' lang='lat' dir='ltr'><strong><em>V.</em></strong></span> <span class='ocrx_word' id='word_1_109' title='bbox 650 1725 1039 1790; x_wconf 86' lang='lat' dir='ltr'><strong><em>Particulatim,</em></strong></span> <span class='ocrx_word' id='word_1_110' title='bbox 1088 1728 1361 1795; x_wconf 80' lang='lat' dir='ltr'><strong><em>certisque</em></strong></span> <span class='ocrx_word' id='word_1_111' title='bbox 1409 1724 1739 1795; x_wconf 72' lang='lat' dir='ltr'><strong><em>temporibus</em></strong></span> <span class='ocrx_word' id='word_1_112' title='bbox 1775 1724 1913 1777; x_wconf 88' lang='lat' dir='ltr'><strong><em>Dens</em></strong></span> <span class='ocrx_word' id='word_1_113' title='bbox 1963 1722 2042 1776; x_wconf 84' lang='lat' dir='ltr'><strong><em>vi-</em></strong></span> 
     </span>
    </p>
   </div>
   <div class='ocr_carea' id='block_1_15' title="bbox 469 1813 2039 1885">
    <p class='ocr_par' dir='ltr' id='par_1_15' title="bbox 469 1813 2039 1885">
     <span class='ocr_line' id='line_1_15' title="bbox 469 1813 2039 1885; baseline -0.002 -16"><span class='ocrx_word' id='word_1_114' title='bbox 469 1818 651 1870; x_wconf 71' lang='lat' dir='ltr'><strong><em>siones</em></strong></span> <span class='ocrx_word' id='word_1_115' title='bbox 688 1815 893 1870; x_wconf 76' lang='lat' dir='ltr'><strong><em>sanctis</em></strong></span> <span class='ocrx_word' id='word_1_116' title='bbox 922 1815 1201 1885; x_wconf 77' lang='lat' dir='ltr'><strong><em>prophetis</em></strong></span> <span class='ocrx_word' id='word_1_117' title='bbox 1241 1814 1538 1871; x_wconf 88' lang='lat' dir='ltr'><strong><em>revelabat.</em></strong></span> <span class='ocrx_word' id='word_1_118' title='bbox 1593 1813 1706 1869; x_wconf 83' lang='lat' dir='ltr'><strong><em>Dici</em></strong></span> <span class='ocrx_word' id='word_1_119' title='bbox 1751 1813 1896 1869; x_wconf 88' lang='lat' dir='ltr'><strong><em>enim</em></strong></span> <span class='ocrx_word' id='word_1_120' title='bbox 1930 1827 2039 1868; x_wconf 93' lang='lat' dir='ltr'><strong><em>non</em></strong></span> 
     </span>
    </p>
   </div>
   <div class='ocr_carea' id='block_1_16' title="bbox 2146 626 3721 703">
    <p class='ocr_par' dir='ltr' id='par_1_16' title="bbox 2146 626 3721 703">
     <span class='ocr_line' id='line_1_16' title="bbox 2146 626 3721 703; baseline -0.005 -15"><span class='ocrx_word' id='word_1_121' title='bbox 2146 634 2340 702; x_wconf 68' lang='grc' dir='ltr'><em>σηκὼς</em></span> <span class='ocrx_word' id='word_1_122' title='bbox 2392 635 2488 687; x_wconf 75' lang='grc' dir='ltr'><strong><em>ἐπὶ</em></strong></span> <span class='ocrx_word' id='word_1_123' title='bbox 2543 635 2730 687; x_wconf 72' lang='grc' dir='ltr'><em>ἵππον</em></span> <span class='ocrx_word' id='word_1_124' title='bbox 2776 633 3038 703; x_wconf 71' lang='grc' dir='ltr'><em>πυρρὸν,</em></span> <span class='ocrx_word' id='word_1_125' title='bbox 3089 632 3188 685; x_wconf 76' lang='grc' dir='ltr'><em>καὶ</em></span> <span class='ocrx_word' id='word_1_126' title='bbox 3236 626 3413 696; x_wconf 85' lang='grc' dir='ltr'><em>οὗτος</em></span> <span class='ocrx_word' id='word_1_127' title='bbox 3459 628 3721 694; x_wconf 76' lang='grc' dir='ltr'><strong><em>εἱστήκει</em></strong></span> 
     </span>
    </p>
   </div>
   <div class='ocr_carea' id='block_1_17' title="bbox 2145 720 3719 795">
    <p class='ocr_par' dir='ltr' id='par_1_17' title="bbox 2145 720 3719 795">
     <span class='ocr_line' id='line_1_17' title="bbox 2145 720 3719 795; baseline -0.005 -16"><span class='ocrx_word' id='word_1_128' title='bbox 2145 726 2455 795; x_wconf 72' lang='grc' dir='ltr'><em>ἀναμέσον</em></span> <span class='ocrx_word' id='word_1_129' title='bbox 2501 724 2617 778; x_wconf 79' lang='grc' dir='ltr'><strong><em>τῶν</em></strong></span> <span class='ocrx_word' id='word_1_130' title='bbox 2657 724 2765 779; x_wconf 81' lang='grc' dir='ltr'><em>δύο</em></span> <span class='ocrx_word' id='word_1_131' title='bbox 2819 723 3000 792; x_wconf 82' lang='grc' dir='ltr'><em>ὀρέων</em></span> <span class='ocrx_word' id='word_1_132' title='bbox 3048 720 3166 775; x_wconf 81' lang='grc' dir='ltr'><strong><em>τῶν</em></strong></span> <span class='ocrx_word' id='word_1_133' title='bbox 3215 721 3575 781; x_wconf 77' lang='grc' dir='ltr'><em>κατασκίων,</em></span> <span class='ocrx_word' id='word_1_134' title='bbox 3622 720 3719 771; x_wconf 76' lang='grc' dir='ltr'><em>καὶ</em></span> 
     </span>
    </p>
   </div>
   <div class='ocr_carea' id='block_1_18' title="bbox 2147 811 3722 885">
    <p class='ocr_par' dir='ltr' id='par_1_18' title="bbox 2147 811 3722 885">
     <span class='ocr_line' id='line_1_18' title="bbox 2147 811 3722 885; baseline -0.008 -12"><span class='ocrx_word' id='word_1_135' title='bbox 2147 821 2339 874; x_wconf 75' lang='grc' dir='ltr'><strong><em>ὀπίσω</em></strong></span> <span class='ocrx_word' id='word_1_136' title='bbox 2366 819 2550 873; x_wconf 78' lang='grc' dir='ltr'><em>αὐτοῦ</em></span> <span class='ocrx_word' id='word_1_137' title='bbox 2576 821 2743 871; x_wconf 78' lang='grc' dir='ltr'><em>ἵπποι</em></span> <span class='ocrx_word' id='word_1_138' title='bbox 2770 816 3002 885; x_wconf 75' lang='grc' dir='ltr'><strong><em>πυρῤοὶ.</em></strong></span> <span class='ocrx_word' id='word_1_139' title='bbox 3036 814 3136 868; x_wconf 78' lang='grc' dir='ltr'><em>καὶ</em></span> <span class='ocrx_word' id='word_1_140' title='bbox 3167 814 3370 883; x_wconf 68' lang='grc' dir='ltr'><em>ψαροι,</em></span> <span class='ocrx_word' id='word_1_141' title='bbox 3398 813 3497 867; x_wconf 77' lang='grc' dir='ltr'><em>καὶ</em></span> <span class='ocrx_word' id='word_1_142' title='bbox 3528 811 3722 865; x_wconf 77' lang='grc' dir='ltr'><em>ποικί-</em></span> 
     </span>
    </p>
   </div>
   <div class='ocr_carea' id='block_1_19' title="bbox 2144 896 3723 972">
    <p class='ocr_par' dir='ltr' id='par_1_19' title="bbox 2144 896 3723 972">
     <span class='ocr_line' id='line_1_19' title="bbox 2144 896 3723 972; baseline -0.005 -12"><span class='ocrx_word' id='word_1_143' title='bbox 2144 910 2263 972; x_wconf 76' lang='grc' dir='ltr'><em>λοι,</em></span> <span class='ocrx_word' id='word_1_144' title='bbox 2297 896 2392 960; x_wconf 68' lang='grc' dir='ltr'><em>καὶ</em></span> <span class='ocrx_word' id='word_1_145' title='bbox 2421 907 2652 961; x_wconf 78' lang='grc' dir='ltr'><em>λευκοί.</em></span> <span class='ocrx_word' id='word_1_146' title='bbox 2683 906 2793 960; x_wconf 78' lang='grc' dir='ltr'><strong><em>Καὶ</em></strong></span> <span class='ocrx_word' id='word_1_147' title='bbox 2822 903 2962 959; x_wconf 78' lang='grc' dir='ltr'><em>εἶπα</em></span> <span class='ocrx_word' id='word_1_148' title='bbox 2982 919 2996 934; x_wconf 87' lang='grc'><strong>·</strong></span> <span class='ocrx_word' id='word_1_149' title='bbox 3048 903 3117 958; x_wconf 80' lang='grc' dir='ltr'><strong><em>Τί</em></strong></span> <span class='ocrx_word' id='word_1_150' title='bbox 3150 898 3335 967; x_wconf 85' lang='grc' dir='ltr'><em>οὗτοι,</em></span> <span class='ocrx_word' id='word_1_151' title='bbox 3369 903 3584 969; x_wconf 81' lang='grc' dir='ltr'><em>Κύριε;</em></span> <span class='ocrx_word' id='word_1_152' title='bbox 3611 899 3723 954; x_wconf 77' lang='lat' dir='ltr'><strong><em>Kal</em></strong></span> 
     </span>
    </p>
   </div>
   <div class='ocr_carea' id='block_1_20' title="bbox 2144 988 3722 1066">
    <p class='ocr_par' dir='ltr' id='par_1_20' title="bbox 2144 988 3722 1066">
     <span class='ocr_line' id='line_1_20' title="bbox 2144 988 3722 1066; baseline -0.005 -16"><span class='ocrx_word' id='word_1_153' title='bbox 2144 993 2275 1050; x_wconf 77' lang='grc' dir='ltr'><em>εἷπε</em></span> <span class='ocrx_word' id='word_1_154' title='bbox 2323 997 2472 1064; x_wconf 76' lang='grc' dir='ltr'><em>πρός</em></span> <span class='ocrx_word' id='word_1_155' title='bbox 2510 1013 2585 1066; x_wconf 80' lang='grc' dir='ltr'><strong><em>με</em></strong></span> <span class='ocrx_word' id='word_1_156' title='bbox 2635 996 2890 1066; x_wconf 68' lang='grc' dir='ltr'><em>ἅγγελος</em></span> <span class='ocrx_word' id='word_1_157' title='bbox 2930 998 2963 1049; x_wconf 86' lang='grc' dir='ltr'><em>ὀ</em></span> <span class='ocrx_word' id='word_1_158' title='bbox 3006 993 3216 1049; x_wconf 73' lang='grc' dir='ltr'><em>λαλῶν</em></span> <span class='ocrx_word' id='word_1_159' title='bbox 3251 995 3331 1066; x_wconf 34' lang='grc' dir='ltr'><strong><em>ἐν,</em></strong></span> <span class='ocrx_word' id='word_1_160' title='bbox 3356 992 3525 1062; x_wconf 80' lang='grc' dir='ltr'><em>ἐμοί’</em></span> <span class='ocrx_word' id='word_1_161' title='bbox 3573 988 3722 1057; x_wconf 64' lang='grc' dir='ltr'><strong><em>Ἐγὼ</em></strong></span> 
     </span>
    </p>
   </div>
   <div class='ocr_carea' id='block_1_21' title="bbox 2145 1080 3718 1153">
    <p class='ocr_par' dir='ltr' id='par_1_21' title="bbox 2145 1080 3718 1153">
     <span class='ocr_line' id='line_1_21' title="bbox 2145 1080 3718 1153; baseline -0.006 -11"><span class='ocrx_word' id='word_1_162' title='bbox 2145 1088 2321 1153; x_wconf 77' lang='grc' dir='ltr'><em>δείξω</em></span> <span class='ocrx_word' id='word_1_163' title='bbox 2355 1104 2453 1142; x_wconf 83' lang='grc' dir='ltr'><strong><em>σοι</em></strong></span> <span class='ocrx_word' id='word_1_164' title='bbox 2480 1089 2536 1141; x_wconf 85' lang='grc' dir='ltr'><em>τί</em></span> <span class='ocrx_word' id='word_1_165' title='bbox 2561 1088 2689 1141; x_wconf 83' lang='grc' dir='ltr'><em>ἐστι</em></span> <span class='ocrx_word' id='word_1_166' title='bbox 2718 1086 2927 1141; x_wconf 82' lang='grc' dir='ltr'><em>ταῦτα.</em></span> <span class='ocrx_word' id='word_1_167' title='bbox 2970 1086 3077 1140; x_wconf 75' lang='lat' dir='ltr'><strong><em>Kal</em></strong></span> <span class='ocrx_word' id='word_1_168' title='bbox 3121 1085 3411 1153; x_wconf 83' lang='grc' dir='ltr'><strong><em>ἀπεκρίθη</em></strong></span> <span class='ocrx_word' id='word_1_169' title='bbox 3438 1086 3471 1136; x_wconf 84' lang='grc' dir='ltr'><strong><em>ό</em></strong></span> <span class='ocrx_word' id='word_1_170' title='bbox 3501 1080 3654 1149; x_wconf 71' lang='grc' dir='ltr'><em>ἀνὴρ</em></span> <span class='ocrx_word' id='word_1_171' title='bbox 3685 1082 3718 1133; x_wconf 84' lang='grc' dir='ltr'><em>ὁ</em></span> 
     </span>
    </p>
   </div>
   <div class='ocr_carea' id='block_1_22' title="bbox 2145 1168 3721 1250">
    <p class='ocr_par' dir='ltr' id='par_1_22' title="bbox 2145 1168 3721 1250">
     <span class='ocr_line' id='line_1_22' title="bbox 2145 1168 3721 1250; baseline -0.007 -16"><span class='ocrx_word' id='word_1_172' title='bbox 2145 1180 2492 1250; x_wconf 71' lang='grc' dir='ltr'><strong><em>ἐφεστηκὼς</em></strong></span> <span class='ocrx_word' id='word_1_173' title='bbox 2524 1178 2831 1248; x_wconf 74' lang='grc' dir='ltr'><em>ἀναμέσον</em></span> <span class='ocrx_word' id='word_1_174' title='bbox 2855 1175 2975 1231; x_wconf 82' lang='grc' dir='ltr'><strong><em>τῶν</em></strong></span> <span class='ocrx_word' id='word_1_175' title='bbox 3011 1176 3215 1243; x_wconf 79' lang='grc' dir='ltr'><em>ὀρέων,</em></span> <span class='ocrx_word' id='word_1_176' title='bbox 3248 1174 3346 1227; x_wconf 79' lang='grc' dir='ltr'><em>καὶ</em></span> <span class='ocrx_word' id='word_1_177' title='bbox 3396 1168 3528 1227; x_wconf 78' lang='grc' dir='ltr'><em>εἷπε</em></span> <span class='ocrx_word' id='word_1_178' title='bbox 3571 1172 3721 1239; x_wconf 81' lang='grc' dir='ltr'><em>πρός</em></span> 
     </span>
    </p>
   </div>
   <div class='ocr_carea' id='block_1_23' title="bbox 2141 1267 3723 1343">
    <p class='ocr_par' dir='ltr' id='par_1_23' title="bbox 2141 1267 3723 1343">
     <span class='ocr_line' id='line_1_23' title="bbox 2141 1267 3723 1343; baseline -0.008 -17"><span class='ocrx_word' id='word_1_179' title='bbox 2141 1289 2253 1343; x_wconf 83' lang='grc' dir='ltr'><strong><em>με·</em></strong></span> <span class='ocrx_word' id='word_1_180' title='bbox 2299 1268 2477 1327; x_wconf 77' lang='grc' dir='ltr'><em>οὗτοι</em></span> <span class='ocrx_word' id='word_1_181' title='bbox 2519 1274 2677 1325; x_wconf 75' lang='grc' dir='ltr'><em>εἰσιν</em></span> <span class='ocrx_word' id='word_1_182' title='bbox 2728 1270 2835 1336; x_wconf 85' lang='grc' dir='ltr'><em>οὒς</em></span> <span class='ocrx_word' id='word_1_183' title='bbox 2877 1269 3268 1333; x_wconf 77' lang='grc' dir='ltr'><strong><em>ἐξαπέστειλε</em></strong></span> <span class='ocrx_word' id='word_1_184' title='bbox 3314 1267 3528 1334; x_wconf 84' lang='grc' dir='ltr'><em>Κύριος</em></span> <span class='ocrx_word' id='word_1_185' title='bbox 3564 1276 3723 1331; x_wconf 79' lang='grc' dir='ltr'><em>περι-</em></span> 
     </span>
    </p>
   </div>
   <div class='ocr_carea' id='block_1_24' title="bbox 2147 1352 3723 1433">
    <p class='ocr_par' dir='ltr' id='par_1_24' title="bbox 2147 1352 3723 1433">
     <span class='ocr_line' id='line_1_24' title="bbox 2147 1352 3723 1433; baseline -0.008 -14"><span class='ocrx_word' id='word_1_186' title='bbox 2147 1364 2395 1419; x_wconf 81' lang='grc' dir='ltr'><em>οδεῦσαι</em></span> <span class='ocrx_word' id='word_1_187' title='bbox 2442 1363 2558 1433; x_wconf 77' lang='grc' dir='ltr'><em>τὴν</em></span> <span class='ocrx_word' id='word_1_188' title='bbox 2599 1361 2737 1432; x_wconf 73' lang='grc' dir='ltr'><em>γῆν.</em></span> <span class='ocrx_word' id='word_1_189' title='bbox 2777 1362 2885 1416; x_wconf 84' lang='grc' dir='ltr'><em>Καὶ</em></span> <span class='ocrx_word' id='word_1_190' title='bbox 2931 1360 3345 1429; x_wconf 79' lang='grc' dir='ltr'><strong><em>ἀπεκρίθησαν</em></strong></span> <span class='ocrx_word' id='word_1_191' title='bbox 3371 1356 3452 1422; x_wconf 85' lang='grc' dir='ltr'><em>τῷ</em></span> <span class='ocrx_word' id='word_1_192' title='bbox 3488 1352 3723 1423; x_wconf 73' lang='grc' dir='ltr'><em>ἀγγέλῳ</em></span> 
     </span>
    </p>
   </div>
   <div class='ocr_carea' id='block_1_25' title="bbox 2149 1448 3717 1526">
    <p class='ocr_par' dir='ltr' id='par_1_25' title="bbox 2149 1448 3717 1526">
     <span class='ocr_line' id='line_1_25' title="bbox 2149 1448 3717 1526; baseline -0.008 -15"><span class='ocrx_word' id='word_1_193' title='bbox 2149 1458 2369 1525; x_wconf 86' lang='grc' dir='ltr'><strong><em>Κυρίου</em></strong></span> <span class='ocrx_word' id='word_1_194' title='bbox 2415 1456 2495 1522; x_wconf 85' lang='grc' dir='ltr'><em>τῷ</em></span> <span class='ocrx_word' id='word_1_195' title='bbox 2542 1455 2828 1526; x_wconf 70' lang='grc' dir='ltr'><em>ἐφεστῶτι</em></span> <span class='ocrx_word' id='word_1_196' title='bbox 2871 1452 3180 1523; x_wconf 82' lang='grc' dir='ltr'><em>ὰναμέσον</em></span> <span class='ocrx_word' id='word_1_197' title='bbox 3216 1451 3336 1506; x_wconf 84' lang='grc' dir='ltr'><strong><em>τῶν</em></strong></span> <span class='ocrx_word' id='word_1_198' title='bbox 3377 1449 3580 1520; x_wconf 80' lang='grc' dir='ltr'><em>ὀρέων,</em></span> <span class='ocrx_word' id='word_1_199' title='bbox 3618 1448 3717 1501; x_wconf 73' lang='grc' dir='ltr'><em>καὶ</em></span> 
     </span>
    </p>
   </div>
   <div class='ocr_carea' id='block_1_26' title="bbox 2148 1536 3720 1614">
    <p class='ocr_par' dir='ltr' id='par_1_26' title="bbox 2148 1536 3720 1614">
     <span class='ocr_line' id='line_1_26' title="bbox 2148 1536 3720 1614; baseline -0.006 -14"><span class='ocrx_word' id='word_1_200' title='bbox 2148 1547 2321 1601; x_wconf 79' lang='grc' dir='ltr'><em>εἷπον</em></span> <span class='ocrx_word' id='word_1_201' title='bbox 2340 1561 2356 1577; x_wconf 79' lang='grc'><em>’</em></span> <span class='ocrx_word' id='word_1_202' title='bbox 2406 1545 2894 1614; x_wconf 78' lang='grc' dir='ltr'><em>Περιωδεύσαμεν</em></span> <span class='ocrx_word' id='word_1_203' title='bbox 2924 1541 3132 1598; x_wconf 85' lang='grc' dir='ltr'><em>πᾶσαν</em></span> <span class='ocrx_word' id='word_1_204' title='bbox 3158 1541 3275 1610; x_wconf 80' lang='grc' dir='ltr'><em>τὴν</em></span> <span class='ocrx_word' id='word_1_205' title='bbox 3301 1538 3435 1611; x_wconf 76' lang='grc' dir='ltr'><em>γῆν,</em></span> <span class='ocrx_word' id='word_1_206' title='bbox 3464 1538 3563 1593; x_wconf 80' lang='grc' dir='ltr'><em>καὶ</em></span> <span class='ocrx_word' id='word_1_207' title='bbox 3590 1536 3720 1591; x_wconf 78' lang='grc' dir='ltr'><em>ιδοὺ</em></span> 
     </span>
    </p>
   </div>
   <div class='ocr_carea' id='block_1_27' title="bbox 2151 1631 3363 1706">
    <p class='ocr_par' dir='ltr' id='par_1_27' title="bbox 2151 1631 3363 1706">
     <span class='ocr_line' id='line_1_27' title="bbox 2151 1631 3363 1706; baseline -0.003 -16"><span class='ocrx_word' id='word_1_208' title='bbox 2151 1637 2318 1692; x_wconf 81' lang='grc' dir='ltr'><em>πᾶσα</em></span> <span class='ocrx_word' id='word_1_209' title='bbox 2344 1639 2380 1704; x_wconf 80' lang='grc' dir='ltr'><strong>ή</strong></span> <span class='ocrx_word' id='word_1_210' title='bbox 2408 1636 2483 1706; x_wconf 81' lang='grc' dir='ltr'><em>γῆ</em></span> <span class='ocrx_word' id='word_1_211' title='bbox 2518 1635 2898 1699; x_wconf 79' lang='grc' dir='ltr'><em>κατοικεῖται,</em></span> <span class='ocrx_word' id='word_1_212' title='bbox 2926 1634 3026 1688; x_wconf 79' lang='grc' dir='ltr'><em>καὶ</em></span> <span class='ocrx_word' id='word_1_213' title='bbox 3056 1631 3363 1703; x_wconf 72' lang='grc' dir='ltr'><em>ἡσυχάζει.</em></span> 
     </span>
    </p>
   </div>
   <div class='ocr_carea' id='block_1_28' title="bbox 2223 1723 3722 1800">
    <p class='ocr_par' dir='ltr' id='par_1_28' title="bbox 2223 1723 3722 1800">
     <span class='ocr_line' id='line_1_28' title="bbox 2223 1723 3722 1800; baseline -0.005 -18"><span class='ocrx_word' id='word_1_214' title='bbox 2223 1730 2297 1782; x_wconf 90' lang='lat' dir='ltr'><strong><em>E&#39;.</em></strong></span> <span class='ocrx_word' id='word_1_215' title='bbox 2343 1730 2470 1783; x_wconf 78' lang='grc' dir='ltr'><strong><em>Ἀνὰ</em></strong></span> <span class='ocrx_word' id='word_1_216' title='bbox 2502 1729 2667 1800; x_wconf 80' lang='grc' dir='ltr'><em>μέρος</em></span> <span class='ocrx_word' id='word_1_217' title='bbox 2696 1729 2791 1782; x_wconf 75' lang='grc' dir='ltr'><em>καὶ</em></span> <span class='ocrx_word' id='word_1_218' title='bbox 2818 1727 2961 1781; x_wconf 83' lang='grc' dir='ltr'><em>κατὰ</em></span> <span class='ocrx_word' id='word_1_219' title='bbox 2996 1727 3223 1797; x_wconf 78' lang='grc' dir='ltr'><em>καιροὺς</em></span> <span class='ocrx_word' id='word_1_220' title='bbox 3248 1724 3348 1789; x_wconf 81' lang='grc' dir='ltr'><em>τὰς</em></span> <span class='ocrx_word' id='word_1_221' title='bbox 3372 1724 3591 1794; x_wconf 78' lang='grc' dir='ltr'><strong><em>ὁράσεις</em></strong></span> <span class='ocrx_word' id='word_1_222' title='bbox 3612 1723 3722 1783; x_wconf 77' lang='grc' dir='ltr'><em>τοῖς</em></span> 
     </span>
    </p>
   </div>
   <div class='ocr_carea' id='block_1_29' title="bbox 2149 1814 3721 1893">
    <p class='ocr_par' dir='ltr' id='par_1_29' title="bbox 2149 1814 3721 1893">
     <span class='ocr_line' id='line_1_29' title="bbox 2149 1814 3721 1893; baseline -0.007 -16"><span class='ocrx_word' id='word_1_223' title='bbox 2149 1823 2326 1893; x_wconf 70' lang='grc' dir='ltr'><em>ἁγίοις</em></span> <span class='ocrx_word' id='word_1_224' title='bbox 2373 1824 2677 1893; x_wconf 81' lang='grc' dir='ltr'><em>προφήταις</em></span> <span class='ocrx_word' id='word_1_225' title='bbox 2728 1820 3091 1888; x_wconf 81' lang='grc' dir='ltr'><em>ὲξεκάλυπτεν</em></span> <span class='ocrx_word' id='word_1_226' title='bbox 3119 1818 3148 1872; x_wconf 83' lang='grc' dir='ltr'>ὁ</span> <span class='ocrx_word' id='word_1_227' title='bbox 3177 1818 3329 1882; x_wconf 84' lang='grc' dir='ltr'><em>Θεός.</em></span> <span class='ocrx_word' id='word_1_228' title='bbox 3361 1817 3434 1871; x_wconf 77' lang='grc' dir='ltr'><strong><em>Οὐ</em></strong></span> <span class='ocrx_word' id='word_1_229' title='bbox 3468 1816 3576 1886; x_wconf 88' lang='grc' dir='ltr'><strong><em>γάρ</em></strong></span> <span class='ocrx_word' id='word_1_230' title='bbox 3618 1814 3721 1867; x_wconf 80' lang='grc' dir='ltr'><em>ποῦ</em></span> 
     </span>
    </p>
   </div>
   <div class='ocr_carea' id='block_1_30' title="bbox 475 1906 2043 1986">
    <p class='ocr_par' dir='ltr' id='par_1_30' title="bbox 475 1906 2040 1977">
     <span class='ocr_line' id='line_1_30' title="bbox 475 1906 2040 1977; baseline -0.001 -17"><span class='ocrx_word' id='word_1_231' title='bbox 475 1916 649 1977; x_wconf 76' lang='lat' dir='ltr'><strong><em>potest</em></strong></span> <span class='ocrx_word' id='word_1_232' title='bbox 678 1921 914 1973; x_wconf 78' lang='lat' dir='ltr'><strong><em>semper,</em></strong></span> <span class='ocrx_word' id='word_1_233' title='bbox 957 1916 1011 1961; x_wconf 85' lang='lat' dir='ltr'><strong><em>et</em></strong></span> <span class='ocrx_word' id='word_1_234' title='bbox 1039 1907 1252 1971; x_wconf 89' lang='lat' dir='ltr'><strong><em>crebro,</em></strong></span> <span class='ocrx_word' id='word_1_235' title='bbox 1285 1916 1341 1962; x_wconf 90' lang='lat' dir='ltr'><strong><em>et</em></strong></span> <span class='ocrx_word' id='word_1_236' title='bbox 1374 1906 1521 1961; x_wconf 88' lang='lat' dir='ltr'><strong><em>nullo</em></strong></span> <span class='ocrx_word' id='word_1_237' title='bbox 1550 1921 1774 1976; x_wconf 89' lang='lat' dir='ltr'><strong><em>prorsus</em></strong></span> <span class='ocrx_word' id='word_1_238' title='bbox 1804 1907 2040 1960; x_wconf 87' lang='lat' dir='ltr'><strong><em>interce-</em></strong></span> 
     </span>
    </p>
   </div>
   <div class='ocr_carea' id='block_1_31' title="bbox 2148 1906 3722 1986">
    <p class='ocr_par' dir='ltr' id='par_1_31' title="bbox 2148 1909 3722 1986">
     <span class='ocr_line' id='line_1_31' title="bbox 2148 1909 3722 1986; baseline -0.009 -16"><span class='ocrx_word' id='word_1_239' title='bbox 2148 1932 2319 1986; x_wconf 79' lang='grc' dir='ltr'><em>φαμεν</em></span> <span class='ocrx_word' id='word_1_240' title='bbox 2347 1915 2421 1979; x_wconf 79' lang='grc' dir='ltr'><em>ὡς</em></span> <span class='ocrx_word' id='word_1_241' title='bbox 2447 1914 2535 1968; x_wconf 69' lang='grc' dir='ltr'><strong><em>ἀεί</em></strong></span> <span class='ocrx_word' id='word_1_242' title='bbox 2565 1930 2689 1976; x_wconf 87' lang='grc' dir='ltr'><em>που,</em></span> <span class='ocrx_word' id='word_1_243' title='bbox 2722 1914 2814 1967; x_wconf 72' lang='grc' dir='ltr'><em>καὶ</em></span> <span class='ocrx_word' id='word_1_244' title='bbox 2839 1911 3029 1983; x_wconf 84' lang='grc' dir='ltr'><em>συχνὴ,</em></span> <span class='ocrx_word' id='word_1_245' title='bbox 3051 1909 3146 1964; x_wconf 70' lang='grc' dir='ltr'><em>καὶ</em></span> <span class='ocrx_word' id='word_1_246' title='bbox 3175 1909 3496 1970; x_wconf 84' lang='grc' dir='ltr'><em>άδιάστατος</em></span> <span class='ocrx_word' id='word_1_247' title='bbox 3523 1920 3722 1958; x_wconf 82' lang='grc' dir='ltr'><em>παντε-</em></span> 
     </span>
    </p>
   </div>
   <div class='ocr_carea' id='block_1_32' title="bbox 469 1997 2043 2069">
    <p class='ocr_par' dir='ltr' id='par_1_32' title="bbox 469 1997 2043 2069">
     <span class='ocr_line' id='line_1_32' title="bbox 469 1997 2043 2069; baseline 0.001 -20"><span class='ocrx_word' id='word_1_248' title='bbox 469 2000 631 2052; x_wconf 72' lang='lat' dir='ltr'><strong><em>dente.</em></strong></span> <span class='ocrx_word' id='word_1_249' title='bbox 672 1997 955 2053; x_wconf 88' lang='lat' dir='ltr'><strong><em>intervallo</em></strong></span> <span class='ocrx_word' id='word_1_250' title='bbox 987 1999 1183 2053; x_wconf 68' lang='lat' dir='ltr'><strong><em>divinae</em></strong></span> <span class='ocrx_word' id='word_1_251' title='bbox 1215 1998 1464 2062; x_wconf 83' lang='lat' dir='ltr'><strong><em>visionis,</em></strong></span> <span class='ocrx_word' id='word_1_252' title='bbox 1498 1997 1914 2069; x_wconf 82' lang='lat' dir='ltr'><strong><em>futurorumque</em></strong></span> <span class='ocrx_word' id='word_1_253' title='bbox 1956 2012 2043 2051; x_wconf 86' lang='lat' dir='ltr'><strong><em>re-</em></strong></span> 
     </span>
    </p>
   </div>
   <div class='ocr_carea' id='block_1_33' title="bbox 469 2087 2042 2161">
    <p class='ocr_par' dir='ltr' id='par_1_33' title="bbox 469 2087 2042 2161">
     <span class='ocr_line' id='line_1_33' title="bbox 469 2087 2042 2161; baseline 0.001 -20"><span class='ocrx_word' id='word_1_254' title='bbox 469 2090 756 2145; x_wconf 81' lang='lat' dir='ltr'><strong><em>velatiouis</em></strong></span> <span class='ocrx_word' id='word_1_255' title='bbox 797 2090 1027 2160; x_wconf 75' lang='lat' dir='ltr'><strong><em>gratiam</em></strong></span> <span class='ocrx_word' id='word_1_256' title='bbox 1069 2091 1490 2161; x_wconf 87' lang='lat' dir='ltr'><strong><em>suppeditatam.</em></strong></span> <span class='ocrx_word' id='word_1_257' title='bbox 1530 2090 1672 2158; x_wconf 87' lang='lat' dir='ltr'><strong><em>Quin</em></strong></span> <span class='ocrx_word' id='word_1_258' title='bbox 1704 2087 2042 2158; x_wconf 84' lang='lat' dir='ltr'><strong><em>temporibus</em></strong></span> 
     </span>
    </p>
   </div>
   <div class='ocr_carea' id='block_1_34' title="bbox 469 2178 2040 2254">
    <p class='ocr_par' dir='ltr' id='par_1_34' title="bbox 469 2178 2040 2254">
     <span class='ocr_line' id='line_1_34' title="bbox 469 2178 2040 2254; baseline -0.002 -19"><span class='ocrx_word' id='word_1_259' title='bbox 469 2185 646 2252; x_wconf 79' lang='lat' dir='ltr'><strong><em>potius</em></strong></span> <span class='ocrx_word' id='word_1_260' title='bbox 685 2184 974 2252; x_wconf 87' lang='lat' dir='ltr'><strong><em>unicuique</em></strong></span> <span class='ocrx_word' id='word_1_261' title='bbox 1029 2183 1247 2254; x_wconf 81' lang='lat' dir='ltr'><strong><em>negatio</em></strong></span> <span class='ocrx_word' id='word_1_262' title='bbox 1292 2182 1739 2252; x_wconf 83' lang='lat' dir='ltr'><strong><em>congruentibus,</em></strong></span> <span class='ocrx_word' id='word_1_263' title='bbox 1785 2189 1841 2234; x_wconf 87' lang='lat' dir='ltr'><strong><em>et</em></strong></span> <span class='ocrx_word' id='word_1_264' title='bbox 1882 2178 2040 2249; x_wconf 81' lang='lat' dir='ltr'><strong><em>juxta</em></strong></span> 
     </span>
    </p>
   </div>
   <div class='ocr_carea' id='block_1_35' title="bbox 470 2272 2040 2336">
    <p class='ocr_par' dir='ltr' id='par_1_35' title="bbox 470 2272 2040 2336">
     <span class='ocr_line' id='line_1_35' title="bbox 470 2272 2040 2336; baseline -0.003 -6"><span class='ocrx_word' id='word_1_265' title='bbox 470 2278 787 2331; x_wconf 82' lang='lat' dir='ltr'><strong><em>arbitratum</em></strong></span> <span class='ocrx_word' id='word_1_266' title='bbox 838 2275 1153 2331; x_wconf 87' lang='lat' dir='ltr'><strong><em>abscondita</em></strong></span> <span class='ocrx_word' id='word_1_267' title='bbox 1203 2274 1513 2329; x_wconf 85' lang='lat' dir='ltr'><strong><em>revelantis.</em></strong></span> <span class='ocrx_word' id='word_1_268' title='bbox 1570 2272 1637 2327; x_wconf 87' lang='lat' dir='ltr'><strong><em>Et</em></strong></span> <span class='ocrx_word' id='word_1_269' title='bbox 1691 2272 1850 2327; x_wconf 87' lang='lat' dir='ltr'><strong><em>modo</em></strong></span> <span class='ocrx_word' id='word_1_270' title='bbox 1903 2272 2040 2336; x_wconf 88' lang='lat' dir='ltr'><strong><em>hoc,</em></strong></span> 
     </span>
    </p>
   </div>
   <div class='ocr_carea' id='block_1_36' title="bbox 469 2363 2043 2431">
    <p class='ocr_par' dir='ltr' id='par_1_36' title="bbox 469 2363 2043 2431">
     <span class='ocr_line' id='line_1_36' title="bbox 469 2363 2043 2431; baseline -0.002 -10"><span class='ocrx_word' id='word_1_271' title='bbox 469 2369 630 2423; x_wconf 87' lang='lat' dir='ltr'><strong><em>modo</em></strong></span> <span class='ocrx_word' id='word_1_272' title='bbox 665 2368 817 2431; x_wconf 89' lang='lat' dir='ltr'><strong><em>illud,</em></strong></span> <span class='ocrx_word' id='word_1_273' title='bbox 848 2368 1030 2422; x_wconf 88' lang='lat' dir='ltr'><strong><em>nmltis</em></strong></span> <span class='ocrx_word' id='word_1_274' title='bbox 1082 2382 1148 2422; x_wconf 86' lang='lat' dir='ltr'><strong><em>ac</em></strong></span> <span class='ocrx_word' id='word_1_275' title='bbox 1173 2367 1405 2422; x_wconf 85' lang='lat' dir='ltr'><strong><em>diversis</em></strong></span> <span class='ocrx_word' id='word_1_276' title='bbox 1437 2365 1744 2420; x_wconf 88' lang='lat' dir='ltr'><strong><em>rationibus</em></strong></span> <span class='ocrx_word' id='word_1_277' title='bbox 1777 2363 2043 2419; x_wconf 87' lang='lat' dir='ltr'><strong><em>doceban-</em></strong></span> 
     </span>
    </p>
   </div>
   <div class='ocr_carea' id='block_1_37' title="bbox 470 2455 2040 2529">
    <p class='ocr_par' dir='ltr' id='par_1_37' title="bbox 470 2455 2040 2529">
     <span class='ocr_line' id='line_1_37' title="bbox 470 2455 2040 2529; baseline -0.003 -16"><span class='ocrx_word' id='word_1_278' title='bbox 470 2474 574 2514; x_wconf 91' lang='lat' dir='ltr'><strong><em>tur.</em></strong></span> <span class='ocrx_word' id='word_1_279' title='bbox 610 2460 744 2514; x_wconf 81' lang='lat' dir='ltr'><strong><em>Nam</em></strong></span> <span class='ocrx_word' id='word_1_280' title='bbox 775 2460 1045 2515; x_wconf 84' lang='lat' dir='ltr'><strong><em>interdum</em></strong></span> <span class='ocrx_word' id='word_1_281' title='bbox 1075 2459 1372 2529; x_wconf 82' lang='lat' dir='ltr'><strong><em>simplicem</em></strong></span> <span class='ocrx_word' id='word_1_282' title='bbox 1400 2459 1649 2512; x_wconf 82' lang='lat' dir='ltr'><strong><em>uetitiam</em></strong></span> <span class='ocrx_word' id='word_1_283' title='bbox 1679 2455 2040 2526; x_wconf 77' lang='lat' dir='ltr'><strong><em>accipiebant,</em></strong></span> 
     </span>
    </p>
   </div>
   <div class='ocr_carea' id='block_1_38' title="bbox 470 2550 2044 2623">
    <p class='ocr_par' dir='ltr' id='par_1_38' title="bbox 470 2550 2044 2623">
     <span class='ocr_line' id='line_1_38' title="bbox 470 2550 2044 2623; baseline -0.003 -15"><span class='ocrx_word' id='word_1_284' title='bbox 470 2553 678 2623; x_wconf 87' lang='lat' dir='ltr'><strong><em>Spiritu</em></strong></span> <span class='ocrx_word' id='word_1_285' title='bbox 708 2564 902 2609; x_wconf 82' lang='lat' dir='ltr'><strong><em>sancto</em></strong></span> <span class='ocrx_word' id='word_1_286' title='bbox 927 2553 1187 2608; x_wconf 83' lang='lat' dir='ltr'><strong><em>docente:</em></strong></span> <span class='ocrx_word' id='word_1_287' title='bbox 1214 2551 1483 2605; x_wconf 87' lang='lat' dir='ltr'><strong><em>interdum</em></strong></span> <span class='ocrx_word' id='word_1_288' title='bbox 1515 2550 1869 2604; x_wconf 83' lang='lat' dir='ltr'><strong><em>nihilominus</em></strong></span> <span class='ocrx_word' id='word_1_289' title='bbox 1900 2565 2044 2618; x_wconf 70' lang='lat' dir='ltr'><strong><em>quae-</em></strong></span> 
     </span>
    </p>
   </div>
   <div class='ocr_carea' id='block_1_39' title="bbox 469 2642 2043 2715">
    <p class='ocr_par' dir='ltr' id='par_1_39' title="bbox 469 2642 2043 2715">
     <span class='ocr_line' id='line_1_39' title="bbox 469 2642 2043 2715; baseline 0 -20"><span class='ocrx_word' id='word_1_290' title='bbox 469 2650 592 2699; x_wconf 81' lang='lat' dir='ltr'><strong><em>dum</em></strong></span> <span class='ocrx_word' id='word_1_291' title='bbox 648 2647 733 2714; x_wconf 85' lang='lat' dir='ltr'><strong><em>agi</em></strong></span> <span class='ocrx_word' id='word_1_292' title='bbox 775 2660 869 2715; x_wconf 88' lang='lat' dir='ltr'><strong><em>per</em></strong></span> <span class='ocrx_word' id='word_1_293' title='bbox 918 2645 1094 2699; x_wconf 81' lang='lat' dir='ltr'><strong><em>visum</em></strong></span> <span class='ocrx_word' id='word_1_294' title='bbox 1143 2643 1480 2706; x_wconf 73' lang='lat' dir='ltr'><strong><em>corruebant,</em></strong></span> <span class='ocrx_word' id='word_1_295' title='bbox 1521 2642 1634 2698; x_wconf 88' lang='lat' dir='ltr'><strong><em>Deo</em></strong></span> <span class='ocrx_word' id='word_1_296' title='bbox 1687 2642 1845 2696; x_wconf 80' lang='lat' dir='ltr'><strong><em>aliter</em></strong></span> <span class='ocrx_word' id='word_1_297' title='bbox 1882 2653 2043 2711; x_wconf 89' lang='lat' dir='ltr'><strong><em>atque</em></strong></span> 
     </span>
    </p>
   </div>
   <div class='ocr_carea' id='block_1_40' title="bbox 358 2734 2044 2806">
    <p class='ocr_par' dir='ltr' id='par_1_40' title="bbox 358 2734 2044 2806">
     <span class='ocr_line' id='line_1_40' title="bbox 358 2734 2044 2806; baseline 0 -17"><span class='ocrx_word' id='word_1_298' title='bbox 358 2790 363 2797; x_wconf 72' lang='grc'><strong><em>,</em></strong></span> <span class='ocrx_word' id='word_1_299' title='bbox 468 2737 646 2801; x_wconf 82' lang='lat' dir='ltr'><strong><em>aliter,</em></strong></span> <span class='ocrx_word' id='word_1_300' title='bbox 680 2747 735 2791; x_wconf 89' lang='lat' dir='ltr'><strong><em>et</em></strong></span> <span class='ocrx_word' id='word_1_301' title='bbox 786 2738 837 2790; x_wconf 91' lang='lat' dir='ltr'><strong><em>in</em></strong></span> <span class='ocrx_word' id='word_1_302' title='bbox 891 2736 1125 2791; x_wconf 88' lang='lat' dir='ltr'><strong><em>obscura</em></strong></span> <span class='ocrx_word' id='word_1_303' title='bbox 1176 2736 1358 2805; x_wconf 82' lang='lat' dir='ltr'><strong><em>specie</em></strong></span> <span class='ocrx_word' id='word_1_304' title='bbox 1401 2735 1657 2806; x_wconf 86' lang='lat' dir='ltr'><strong><em>mysteria</em></strong></span> <span class='ocrx_word' id='word_1_305' title='bbox 1707 2734 1813 2789; x_wconf 90' lang='lat' dir='ltr'><strong><em>illis</em></strong></span> <span class='ocrx_word' id='word_1_306' title='bbox 1856 2734 2044 2789; x_wconf 81' lang='lat' dir='ltr'><strong><em>infor-</em></strong></span> 
     </span>
    </p>
   </div>
   <div class='ocr_carea' id='block_1_41' title="bbox 468 2827 2044 2897">
    <p class='ocr_par' dir='ltr' id='par_1_41' title="bbox 468 2827 2044 2897">
     <span class='ocr_line' id='line_1_41' title="bbox 468 2827 2044 2897; baseline -0.001 -15"><span class='ocrx_word' id='word_1_307' title='bbox 468 2842 654 2885; x_wconf 81' lang='lat' dir='ltr'><strong><em>mante</em></strong></span> <span class='ocrx_word' id='word_1_308' title='bbox 707 2845 771 2882; x_wconf 86' lang='lat' dir='ltr'><strong><em>ac</em></strong></span> <span class='ocrx_word' id='word_1_309' title='bbox 808 2828 1188 2897; x_wconf 80' lang='lat' dir='ltr'><strong><em>patefaciente.</em></strong></span> <span class='ocrx_word' id='word_1_310' title='bbox 1228 2827 1422 2883; x_wconf 74' lang='lat' dir='ltr'><strong><em>Beatus</em></strong></span> <span class='ocrx_word' id='word_1_311' title='bbox 1473 2827 1619 2883; x_wconf 92' lang='lat' dir='ltr'><strong><em>enim</em></strong></span> <span class='ocrx_word' id='word_1_312' title='bbox 1660 2827 1823 2882; x_wconf 86' lang='lat' dir='ltr'><strong><em>Isaias</em></strong></span> <span class='ocrx_word' id='word_1_313' title='bbox 1858 2837 2044 2881; x_wconf 85' lang='lat' dir='ltr'><strong><em>narrat</em></strong></span> 
     </span>
    </p>
   </div>
   <div class='ocr_carea' id='block_1_42' title="bbox 469 2918 2044 2987">
    <p class='ocr_par' dir='ltr' id='par_1_42' title="bbox 469 2918 2044 2987">
     <span class='ocr_line' id='line_1_42' title="bbox 469 2918 2044 2987; baseline -0.002 -11"><span class='ocrx_word' id='word_1_314' title='bbox 469 2937 529 2976; x_wconf 89' lang='lat' dir='ltr'><strong><em>se</em></strong></span> <span class='ocrx_word' id='word_1_315' title='bbox 582 2922 788 2977; x_wconf 83' lang='lat' dir='ltr'><strong><em>vidisse</em></strong></span> <span class='ocrx_word' id='word_1_316' title='bbox 834 2921 1116 2976; x_wconf 88' lang='lat' dir='ltr'><strong><em>Dominum</em></strong></span> <span class='ocrx_word' id='word_1_317' title='bbox 1170 2920 1433 2985; x_wconf 85' lang='lat' dir='ltr'><strong><em>Sabaoth,</em></strong></span> <span class='ocrx_word' id='word_1_318' title='bbox 1491 2938 1511 2972; x_wconf 82' lang='grc' dir='ltr'><strong><em>ι</em></strong></span> <span class='ocrx_word' id='word_1_319' title='bbox 1544 2918 1837 2974; x_wconf 81' lang='lat' dir='ltr'><strong><em>Sedentem</em></strong></span> <span class='ocrx_word' id='word_1_320' title='bbox 1880 2934 2044 2987; x_wconf 87' lang='lat' dir='ltr'><strong><em>super</em></strong></span> 
     </span>
    </p>
   </div>
   <div class='ocr_carea' id='block_1_43' title="bbox 468 3012 2041 3075">
    <p class='ocr_par' dir='ltr' id='par_1_43' title="bbox 468 3012 2041 3075">
     <span class='ocr_line' id='line_1_43' title="bbox 468 3012 2041 3075; baseline -0.001 -8"><span class='ocrx_word' id='word_1_321' title='bbox 468 3012 605 3068; x_wconf 87' lang='lat' dir='ltr'><strong><em>solio</em></strong></span> <span class='ocrx_word' id='word_1_322' title='bbox 630 3012 850 3068; x_wconf 78' lang='lat' dir='ltr'><strong><em>excelso</em></strong></span> <span class='ocrx_word' id='word_1_323' title='bbox 905 3023 962 3069; x_wconf 85' lang='lat' dir='ltr'><strong><em>et</em></strong></span> <span class='ocrx_word' id='word_1_324' title='bbox 994 3013 1226 3075; x_wconf 86' lang='lat' dir='ltr'><strong><em>elevato,</em></strong></span> <span class='ocrx_word' id='word_1_325' title='bbox 1261 3013 1740 3068; x_wconf 83' lang='lat' dir='ltr'><strong><em>circumstantibus</em></strong></span> <span class='ocrx_word' id='word_1_326' title='bbox 1783 3029 1907 3065; x_wconf 83' lang='lat' dir='ltr'><strong><em>cum</em></strong></span> <span class='ocrx_word' id='word_1_327' title='bbox 1939 3013 2041 3066; x_wconf 85' lang='lat' dir='ltr'><strong><em>Se-</em></strong></span> 
     </span>
    </p>
   </div>
   <div class='ocr_carea' id='block_1_44' title="bbox 470 3106 2042 3175">
    <p class='ocr_par' dir='ltr' id='par_1_44' title="bbox 470 3106 2042 3175">
     <span class='ocr_line' id='line_1_44' title="bbox 470 3106 2042 3175; baseline 0 -16"><span class='ocrx_word' id='word_1_328' title='bbox 470 3107 716 3175; x_wconf 87' lang='lat' dir='ltr'><strong><em>rapbim,</em></strong></span> <span class='ocrx_word' id='word_1_329' title='bbox 762 3118 817 3162; x_wconf 87' lang='lat' dir='ltr'><strong><em>et</em></strong></span> <span class='ocrx_word' id='word_1_330' title='bbox 874 3109 1115 3164; x_wconf 80' lang='lat' dir='ltr'><strong><em>vicissim</em></strong></span> <span class='ocrx_word' id='word_1_331' title='bbox 1176 3107 1702 3163; x_wconf 84' lang='lat' dir='ltr'><strong><em>collaudantibus“.</em></strong></span> <span class='ocrx_word' id='word_1_332' title='bbox 1735 3126 1754 3158; x_wconf 73' lang='grc' dir='ltr'><strong><em>ι</em></strong></span> <span class='ocrx_word' id='word_1_333' title='bbox 1822 3106 2042 3160; x_wconf 81' lang='lat' dir='ltr'><strong><em>Diviuus</em></strong></span> 
     </span>
    </p>
   </div>
   <div class='ocr_carea' id='block_1_45' title="bbox 467 3198 2042 3269">
    <p class='ocr_par' dir='ltr' id='par_1_45' title="bbox 467 3198 2042 3269">
     <span class='ocr_line' id='line_1_45' title="bbox 467 3198 2042 3269; baseline 0.001 -17"><span class='ocrx_word' id='word_1_334' title='bbox 467 3210 647 3255; x_wconf 86' lang='lat' dir='ltr'><strong><em>autem</em></strong></span> <span class='ocrx_word' id='word_1_335' title='bbox 679 3198 928 3256; x_wconf 76' lang='lat' dir='ltr'><strong><em>Ezechiel</em></strong></span> <span class='ocrx_word' id='word_1_336' title='bbox 972 3202 1224 3255; x_wconf 89' lang='lat' dir='ltr'><strong><em>thronum</em></strong></span> <span class='ocrx_word' id='word_1_337' title='bbox 1252 3215 1310 3255; x_wconf 87' lang='lat' dir='ltr'><strong><em>se</em></strong></span> <span class='ocrx_word' id='word_1_338' title='bbox 1340 3200 1691 3269; x_wconf 69' lang='lat' dir='ltr'><strong><em>canspexisse</em></strong></span> <span class='ocrx_word' id='word_1_339' title='bbox 1719 3200 1850 3254; x_wconf 84' lang='lat' dir='ltr'><strong><em>dicit</em></strong></span> <span class='ocrx_word' id='word_1_340' title='bbox 1879 3214 2042 3269; x_wconf 86' lang='lat' dir='ltr'><strong><em>super</em></strong></span> 
     </span>
    </p>
   </div>
   <div class='ocr_carea' id='block_1_46' title="bbox 2142 1997 3722 2081">
    <p class='ocr_par' dir='ltr' id='par_1_46' title="bbox 2142 1997 3722 2081">
     <span class='ocr_line' id='line_1_46' title="bbox 2142 1997 3722 2081; baseline -0.009 -18"><span class='ocrx_word' id='word_1_341' title='bbox 2142 2009 2250 2074; x_wconf 84' lang='grc' dir='ltr'><em>λῶς</em></span> <span class='ocrx_word' id='word_1_342' title='bbox 2281 2011 2314 2080; x_wconf 83' lang='grc' dir='ltr'>ή</span> <span class='ocrx_word' id='word_1_343' title='bbox 2341 2010 2440 2081; x_wconf 81' lang='grc' dir='ltr'><em>τῆς</em></span> <span class='ocrx_word' id='word_1_344' title='bbox 2463 2008 2717 2071; x_wconf 83' lang='grc' dir='ltr'><em>θεοπτίας</em></span> <span class='ocrx_word' id='word_1_345' title='bbox 2745 2007 2928 2069; x_wconf 83' lang='grc' dir='ltr'><em>αὐτοῖς</em></span> <span class='ocrx_word' id='word_1_346' title='bbox 2956 2005 3273 2076; x_wconf 70' lang='grc' dir='ltr'><em>ἐχορηγεῖτο</em></span> <span class='ocrx_word' id='word_1_347' title='bbox 3293 2002 3473 2073; x_wconf 85' lang='grc' dir='ltr'><em>χάρις,</em></span> <span class='ocrx_word' id='word_1_348' title='bbox 3500 1997 3722 2052; x_wconf 72' lang='grc' dir='ltr'><em>καὶτῶν</em></span> 
     </span>
    </p>
   </div>
   <div class='ocr_carea' id='block_1_47' title="bbox 2143 2088 3721 2172">
    <p class='ocr_par' dir='ltr' id='par_1_47' title="bbox 2143 2088 3721 2172">
     <span class='ocr_line' id='line_1_47' title="bbox 2143 2088 3721 2172; baseline -0.008 -18"><span class='ocrx_word' id='word_1_349' title='bbox 2143 2101 2415 2172; x_wconf 82' lang='grc' dir='ltr'><strong><em>ἐσομένων</em></strong></span> <span class='ocrx_word' id='word_1_350' title='bbox 2443 2098 2803 2170; x_wconf 79' lang='grc' dir='ltr'><em>ἀποκάλυψις.</em></span> <span class='ocrx_word' id='word_1_351' title='bbox 2835 2097 2993 2151; x_wconf 81' lang='grc' dir='ltr'><em>Κατὰ</em></span> <span class='ocrx_word' id='word_1_352' title='bbox 3015 2095 3241 2167; x_wconf 81' lang='grc' dir='ltr'><em>καιροὺς</em></span> <span class='ocrx_word' id='word_1_353' title='bbox 3272 2095 3329 2147; x_wconf 82' lang='grc' dir='ltr'><em>δὲ</em></span> <span class='ocrx_word' id='word_1_354' title='bbox 3358 2088 3721 2164; x_wconf 79' lang='grc' dir='ltr'><em>μᾶλλον,τοὺς</em></span> 
     </span>
    </p>
   </div>
   <div class='ocr_carea' id='block_1_48' title="bbox 2143 2181 3718 2266">
    <p class='ocr_par' dir='ltr' id='par_1_48' title="bbox 2143 2181 3718 2266">
     <span class='ocr_line' id='line_1_48' title="bbox 2143 2181 3718 2266; baseline -0.008 -18"><span class='ocrx_word' id='word_1_355' title='bbox 2143 2194 2358 2266; x_wconf 78' lang='grc' dir='ltr'><em>ἑκάστῳ</em></span> <span class='ocrx_word' id='word_1_356' title='bbox 2385 2192 2665 2264; x_wconf 79' lang='grc' dir='ltr'><strong><em>πράγματι</em></strong></span> <span class='ocrx_word' id='word_1_357' title='bbox 2694 2190 3023 2263; x_wconf 84' lang='grc' dir='ltr'><em>πρέποντας,</em></span> <span class='ocrx_word' id='word_1_358' title='bbox 3051 2188 3147 2243; x_wconf 78' lang='grc' dir='ltr'><em>καὶ</em></span> <span class='ocrx_word' id='word_1_359' title='bbox 3175 2187 3317 2241; x_wconf 80' lang='grc' dir='ltr'><em>κατὰ</em></span> <span class='ocrx_word' id='word_1_360' title='bbox 3357 2187 3420 2238; x_wconf 77' lang='grc' dir='ltr'><strong><em>το</em></strong></span> <span class='ocrx_word' id='word_1_361' title='bbox 3450 2182 3597 2255; x_wconf 84' lang='grc' dir='ltr'><strong><em>αὐτῷ</em></strong></span> <span class='ocrx_word' id='word_1_362' title='bbox 3640 2181 3718 2235; x_wconf 88' lang='grc' dir='ltr'><em>δο-</em></span> 
     </span>
    </p>
   </div>
   <div class='ocr_carea' id='block_1_49' title="bbox 2145 2274 3723 2355">
    <p class='ocr_par' dir='ltr' id='par_1_49' title="bbox 2145 2274 3723 2355">
     <span class='ocr_line' id='line_1_49' title="bbox 2145 2274 3723 2355; baseline -0.007 -16"><span class='ocrx_word' id='word_1_363' title='bbox 2145 2285 2274 2339; x_wconf 86' lang='grc' dir='ltr'><em>κοῦν</em></span> <span class='ocrx_word' id='word_1_364' title='bbox 2325 2286 2403 2355; x_wconf 75' lang='grc' dir='ltr'><em>τῷ</em></span> <span class='ocrx_word' id='word_1_365' title='bbox 2449 2281 2888 2337; x_wconf 86' lang='grc' dir='ltr'><em>ἁποκαλύπτοντι</em></span> <span class='ocrx_word' id='word_1_366' title='bbox 2917 2280 2985 2334; x_wconf 77' lang='grc' dir='ltr'><em>τὰ</em></span> <span class='ocrx_word' id='word_1_367' title='bbox 3019 2278 3401 2352; x_wconf 82' lang='grc' dir='ltr'><strong><em>κεκρυμμένα.</em></strong></span> <span class='ocrx_word' id='word_1_368' title='bbox 3437 2278 3549 2330; x_wconf 78' lang='grc' dir='ltr'><strong><em>Καὶ</em></strong></span> <span class='ocrx_word' id='word_1_369' title='bbox 3590 2274 3723 2329; x_wconf 80' lang='grc' dir='ltr'><em>ποτὲ</em></span> 
     </span>
    </p>
   </div>
   <div class='ocr_carea' id='block_1_50' title="bbox 2147 2366 3725 2450">
    <p class='ocr_par' dir='ltr' id='par_1_50' title="bbox 2147 2366 3725 2450">
     <span class='ocr_line' id='line_1_50' title="bbox 2147 2366 3725 2450; baseline -0.009 -18"><span class='ocrx_word' id='word_1_370' title='bbox 2147 2380 2244 2450; x_wconf 83' lang='grc' dir='ltr'><em>μὲν</em></span> <span class='ocrx_word' id='word_1_371' title='bbox 2272 2376 2450 2440; x_wconf 87' lang='grc' dir='ltr'><em>τοῦτο,</em></span> <span class='ocrx_word' id='word_1_372' title='bbox 2490 2375 2621 2429; x_wconf 78' lang='grc' dir='ltr'><em>ποτὲ</em></span> <span class='ocrx_word' id='word_1_373' title='bbox 2656 2374 2714 2427; x_wconf 80' lang='grc' dir='ltr'><em>δὲ</em></span> <span class='ocrx_word' id='word_1_374' title='bbox 2742 2375 2939 2435; x_wconf 78' lang='grc' dir='ltr'><em>ἐκεῖνο,</em></span> <span class='ocrx_word' id='word_1_375' title='bbox 2974 2370 3116 2426; x_wconf 86' lang='grc' dir='ltr'><em>κατὰ</em></span> <span class='ocrx_word' id='word_1_376' title='bbox 3142 2368 3371 2433; x_wconf 82' lang='grc' dir='ltr'><em>πολλούς</em></span> <span class='ocrx_word' id='word_1_377' title='bbox 3394 2385 3454 2421; x_wconf 85' lang='grc' dir='ltr'><strong><em>τε</em></strong></span> <span class='ocrx_word' id='word_1_378' title='bbox 3490 2368 3584 2421; x_wconf 78' lang='grc' dir='ltr'><em>καὶ</em></span> <span class='ocrx_word' id='word_1_379' title='bbox 3611 2366 3725 2420; x_wconf 82' lang='grc' dir='ltr'><em>δια·</em></span> 
     </span>
    </p>
   </div>
   <div class='ocr_carea' id='block_1_51' title="bbox 2146 2457 3724 2541">
    <p class='ocr_par' dir='ltr' id='par_1_51' title="bbox 2146 2457 3724 2541">
     <span class='ocr_line' id='line_1_51' title="bbox 2146 2457 3724 2541; baseline -0.007 -19"><span class='ocrx_word' id='word_1_380' title='bbox 2146 2470 2344 2541; x_wconf 78' lang='grc' dir='ltr'><em>φόρους</em></span> <span class='ocrx_word' id='word_1_381' title='bbox 2374 2465 2717 2521; x_wconf 74' lang='grc' dir='ltr'><em>ἐπαιδεύοντο</em></span> <span class='ocrx_word' id='word_1_382' title='bbox 2737 2463 3157 2539; x_wconf 81' lang='grc' dir='ltr'><em>τρόπους.Ἔσθ’</em></span> <span class='ocrx_word' id='word_1_383' title='bbox 3174 2463 3262 2516; x_wconf 78' lang='grc' dir='ltr'><em>ὅτε</em></span> <span class='ocrx_word' id='word_1_384' title='bbox 3293 2461 3391 2532; x_wconf 85' lang='grc' dir='ltr'><em>μὲν</em></span> <span class='ocrx_word' id='word_1_385' title='bbox 3417 2459 3526 2531; x_wconf 79' lang='grc' dir='ltr'><strong><em>γάρ</em></strong></span> <span class='ocrx_word' id='word_1_386' title='bbox 3547 2457 3724 2529; x_wconf 80' lang='grc' dir='ltr'><em>ἁπλῆν</em></span> 
     </span>
    </p>
   </div>
   <div class='ocr_carea' id='block_1_52' title="bbox 2144 2550 3723 2633">
    <p class='ocr_par' dir='ltr' id='par_1_52' title="bbox 2144 2550 3723 2633">
     <span class='ocr_line' id='line_1_52' title="bbox 2144 2550 3723 2633; baseline -0.008 -16"><span class='ocrx_word' id='word_1_387' title='bbox 2144 2563 2392 2633; x_wconf 76' lang='grc' dir='ltr'><em>ἐδέχοντο</em></span> <span class='ocrx_word' id='word_1_388' title='bbox 2420 2559 2643 2630; x_wconf 82' lang='grc' dir='ltr'><em>γνῶσιν,</em></span> <span class='ocrx_word' id='word_1_389' title='bbox 2674 2556 2997 2628; x_wconf 83' lang='grc' dir='ltr'><em>ὲνηχοῦντος</em></span> <span class='ocrx_word' id='word_1_390' title='bbox 3032 2557 3215 2619; x_wconf 82' lang='grc' dir='ltr'><em>αὐτοῖς</em></span> <span class='ocrx_word' id='word_1_391' title='bbox 3249 2552 3347 2607; x_wconf 85' lang='grc' dir='ltr'><strong><em>τοῦ</em></strong></span> <span class='ocrx_word' id='word_1_392' title='bbox 3375 2553 3531 2622; x_wconf 79' lang='grc' dir='ltr'><em>ἁγίου</em></span> <span class='ocrx_word' id='word_1_393' title='bbox 3551 2550 3723 2605; x_wconf 85' lang='grc' dir='ltr'><em>Πνεύ-</em></span> 
     </span>
    </p>
   </div>
   <div class='ocr_carea' id='block_1_53' title="bbox 2147 2645 3724 2724">
    <p class='ocr_par' dir='ltr' id='par_1_53' title="bbox 2147 2645 3724 2724">
     <span class='ocr_line' id='line_1_53' title="bbox 2147 2645 3724 2724; baseline -0.008 -17"><span class='ocrx_word' id='word_1_394' title='bbox 2147 2670 2316 2724; x_wconf 82' lang='grc' dir='ltr'><em>ματος</em></span> <span class='ocrx_word' id='word_1_395' title='bbox 2341 2669 2354 2681; x_wconf 93' lang='grc'><strong>·</strong></span> <span class='ocrx_word' id='word_1_396' title='bbox 2377 2651 2489 2705; x_wconf 75' lang='grc' dir='ltr'><strong><em>ἐσθ’</em></strong></span> <span class='ocrx_word' id='word_1_397' title='bbox 2512 2652 2601 2704; x_wconf 84' lang='grc' dir='ltr'><em>ὅτε</em></span> <span class='ocrx_word' id='word_1_398' title='bbox 2624 2652 2680 2704; x_wconf 85' lang='grc' dir='ltr'><em>δὲ</em></span> <span class='ocrx_word' id='word_1_399' title='bbox 2706 2653 2842 2724; x_wconf 65' lang='grc' dir='ltr'><em>πρὶς</em></span> <span class='ocrx_word' id='word_1_400' title='bbox 2870 2648 3047 2718; x_wconf 77' lang='grc' dir='ltr'><em>τούτῳ</em></span> <span class='ocrx_word' id='word_1_401' title='bbox 3076 2646 3173 2700; x_wconf 72' lang='grc' dir='ltr'><em>καὶ</em></span> <span class='ocrx_word' id='word_1_402' title='bbox 3197 2648 3255 2700; x_wconf 81' lang='grc' dir='ltr'>ὲν</span> <span class='ocrx_word' id='word_1_403' title='bbox 3278 2645 3468 2709; x_wconf 80' lang='grc' dir='ltr'><em>αὐταῖς</em></span> <span class='ocrx_word' id='word_1_404' title='bbox 3500 2645 3724 2715; x_wconf 86' lang='grc' dir='ltr'><em>όράσεσι</em></span> 
     </span>
    </p>
   </div>
   <div class='ocr_carea' id='block_1_54' title="bbox 2144 2737 3723 2816">
    <p class='ocr_par' dir='ltr' id='par_1_54' title="bbox 2144 2737 3723 2816">
     <span class='ocr_line' id='line_1_54' title="bbox 2144 2737 3723 2816; baseline -0.006 -18"><span class='ocrx_word' id='word_1_405' title='bbox 2144 2746 2250 2800; x_wconf 82' lang='grc' dir='ltr'><strong><em>τῶν</em></strong></span> <span class='ocrx_word' id='word_1_406' title='bbox 2278 2744 2570 2816; x_wconf 78' lang='grc' dir='ltr'><strong><em>δρωμένων</em></strong></span> <span class='ocrx_word' id='word_1_407' title='bbox 2594 2744 2853 2813; x_wconf 76' lang='grc' dir='ltr'><em>ἐγίνοντο,</em></span> <span class='ocrx_word' id='word_1_408' title='bbox 2884 2741 3071 2796; x_wconf 84' lang='grc' dir='ltr'><em>ἄλλοτε</em></span> <span class='ocrx_word' id='word_1_409' title='bbox 3105 2740 3279 2803; x_wconf 82' lang='grc' dir='ltr'><em>ἄλλως</em></span> <span class='ocrx_word' id='word_1_410' title='bbox 3298 2739 3481 2802; x_wconf 82' lang='grc' dir='ltr'><em>αὐτοῖς</em></span> <span class='ocrx_word' id='word_1_411' title='bbox 3498 2737 3723 2808; x_wconf 87' lang='grc' dir='ltr'><em>διαμορ-</em></span> 
     </span>
    </p>
   </div>
   <div class='ocr_carea' id='block_1_55' title="bbox 2145 2828 3724 2906">
    <p class='ocr_par' dir='ltr' id='par_1_55' title="bbox 2145 2828 3724 2906">
     <span class='ocr_line' id='line_1_55' title="bbox 2145 2828 3724 2906; baseline -0.006 -15"><span class='ocrx_word' id='word_1_412' title='bbox 2145 2837 2372 2906; x_wconf 84' lang='grc' dir='ltr'><em>φοῦντος</em></span> <span class='ocrx_word' id='word_1_413' title='bbox 2424 2836 2559 2890; x_wconf 84' lang='grc' dir='ltr'><em>Θεοῦ</em></span> <span class='ocrx_word' id='word_1_414' title='bbox 2614 2838 2708 2891; x_wconf 79' lang='grc' dir='ltr'><em>καὶ</em></span> <span class='ocrx_word' id='word_1_415' title='bbox 2773 2834 3252 2897; x_wconf 81' lang='grc' dir='ltr'><em>ἁποκαλύπτοντος</em></span> <span class='ocrx_word' id='word_1_416' title='bbox 3312 2828 3724 2901; x_wconf 75' lang='grc' dir='ltr'><strong><em>αἰνιγματωδῶς</em></strong></span> 
     </span>
    </p>
   </div>
   <div class='ocr_carea' id='block_1_56' title="bbox 2148 2920 3722 3002">
    <p class='ocr_par' dir='ltr' id='par_1_56' title="bbox 2148 2920 3722 3002">
     <span class='ocr_line' id='line_1_56' title="bbox 2148 2920 3722 3002; baseline -0.007 -18"><span class='ocrx_word' id='word_1_417' title='bbox 2148 2931 2684 3002; x_wconf 74' lang='grc' dir='ltr'><em>μυστήρια.Ἡσαϊας</em></span> <span class='ocrx_word' id='word_1_418' title='bbox 2730 2929 2830 3001; x_wconf 82' lang='grc' dir='ltr'><em>μὲν</em></span> <span class='ocrx_word' id='word_1_419' title='bbox 2881 2929 2992 3001; x_wconf 80' lang='grc' dir='ltr'><em>γὰρ</em></span> <span class='ocrx_word' id='word_1_420' title='bbox 3041 2930 3069 2979; x_wconf 84' lang='grc' dir='ltr'>ὁ</span> <span class='ocrx_word' id='word_1_421' title='bbox 3123 2926 3392 2998; x_wconf 85' lang='grc' dir='ltr'><em>μακάριος</em></span> <span class='ocrx_word' id='word_1_422' title='bbox 3434 2920 3722 2977; x_wconf 77' lang='grc' dir='ltr'><em>τεθεᾶσθαι</em></span> 
     </span>
    </p>
   </div>
   <div class='ocr_carea' id='block_1_57' title="bbox 2145 3011 3725 3093">
    <p class='ocr_par' dir='ltr' id='par_1_57' title="bbox 2145 3011 3725 3093">
     <span class='ocr_line' id='line_1_57' title="bbox 2145 3011 3725 3093; baseline -0.008 -18"><span class='ocrx_word' id='word_1_423' title='bbox 2145 3038 2277 3093; x_wconf 77' lang='grc' dir='ltr'><em>φησι</em></span> <span class='ocrx_word' id='word_1_424' title='bbox 2312 3021 2405 3074; x_wconf 84' lang='grc' dir='ltr'><strong><em>τὸν</em></strong></span> <span class='ocrx_word' id='word_1_425' title='bbox 2444 3020 2648 3092; x_wconf 84' lang='grc' dir='ltr'><em>Κύριον</em></span> <span class='ocrx_word' id='word_1_426' title='bbox 2685 3018 2969 3082; x_wconf 75' lang='grc' dir='ltr'><strong><em>Σαϐϐαὼθ,</em></strong></span> <span class='ocrx_word' id='word_1_427' title='bbox 3004 3036 3023 3068; x_wconf 79' lang='grc' dir='ltr'><strong><em>ι</em></strong></span> <span class='ocrx_word' id='word_1_428' title='bbox 3055 3016 3380 3086; x_wconf 79' lang='grc' dir='ltr'><em>Καθήμενον</em></span> <span class='ocrx_word' id='word_1_429' title='bbox 3412 3012 3507 3066; x_wconf 69' lang='grc' dir='ltr'>ἐπὶ</span> <span class='ocrx_word' id='word_1_430' title='bbox 3533 3011 3725 3082; x_wconf 80' lang='grc' dir='ltr'><em>Θρόνου</em></span> 
     </span>
    </p>
   </div>
   <div class='ocr_carea' id='block_1_58' title="bbox 2145 3100 3724 3187">
    <p class='ocr_par' dir='ltr' id='par_1_58' title="bbox 2145 3100 3724 3187">
     <span class='ocr_line' id='line_1_58' title="bbox 2145 3100 3724 3187; baseline -0.009 -19"><span class='ocrx_word' id='word_1_431' title='bbox 2145 3114 2350 3187; x_wconf 61' lang='grc' dir='ltr'><em>ὑψηλοῦ</em></span> <span class='ocrx_word' id='word_1_432' title='bbox 2385 3115 2480 3168; x_wconf 74' lang='grc' dir='ltr'><em>καὶ</em></span> <span class='ocrx_word' id='word_1_433' title='bbox 2523 3112 2870 3185; x_wconf 78' lang='grc' dir='ltr'><strong><em>ἐπηρμένου,</em></strong></span> <span class='ocrx_word' id='word_1_434' title='bbox 2920 3109 3357 3182; x_wconf 75' lang='grc' dir='ltr'><em>περιεστηκότων</em></span> <span class='ocrx_word' id='word_1_435' title='bbox 3408 3103 3574 3160; x_wconf 78' lang='grc' dir='ltr'><em>αὐτὸν</em></span> <span class='ocrx_word' id='word_1_436' title='bbox 3613 3100 3724 3156; x_wconf 84' lang='grc' dir='ltr'><strong><em>τῶν</em></strong></span> 
     </span>
    </p>
   </div>
   <div class='ocr_carea' id='block_1_59' title="bbox 2145 3193 3725 3276">
    <p class='ocr_par' dir='ltr' id='par_1_59' title="bbox 2145 3193 3725 3276">
     <span class='ocr_line' id='line_1_59' title="bbox 2145 3193 3725 3276; baseline -0.007 -20"><span class='ocrx_word' id='word_1_437' title='bbox 2145 3205 2414 3276; x_wconf 72' lang='grc' dir='ltr'><em>Σεραφὶμ,</em></span> <span class='ocrx_word' id='word_1_438' title='bbox 2441 3203 2537 3259; x_wconf 78' lang='grc' dir='ltr'><em>καὶ</em></span> <span class='ocrx_word' id='word_1_439' title='bbox 2580 3201 2969 3275; x_wconf 76' lang='grc' dir='ltr'><strong><em>εὐφημούντων</em></strong></span> <span class='ocrx_word' id='word_1_440' title='bbox 3008 3198 3068 3265; x_wconf 78' lang='grc' dir='ltr'><strong><em>ἐξ</em></strong></span> <span class='ocrx_word' id='word_1_441' title='bbox 3096 3199 3363 3271; x_wconf 77' lang='grc' dir='ltr'><em>ἀμοιϐῆς.</em></span> <span class='ocrx_word' id='word_1_442' title='bbox 3398 3216 3417 3249; x_wconf 76' lang='grc' dir='ltr'><strong><em>ι</em></strong></span> <span class='ocrx_word' id='word_1_443' title='bbox 3455 3197 3515 3249; x_wconf 90' lang='lat'><strong><em>&#39;0</em></strong></span> <span class='ocrx_word' id='word_1_444' title='bbox 3560 3193 3616 3247; x_wconf 84' lang='grc' dir='ltr'><em>δέ</em></span> <span class='ocrx_word' id='word_1_445' title='bbox 3659 3209 3725 3263; x_wconf 75' lang='grc' dir='ltr'><strong><em>γε</em></strong></span> 
     </span>
    </p>
   </div>
   <div class='ocr_carea' id='block_1_60' title="bbox 467 3269 2043 3366">
    <p class='ocr_par' dir='ltr' id='par_1_60' title="bbox 467 3290 2043 3361">
     <span class='ocr_line' id='line_1_60' title="bbox 467 3290 2043 3361; baseline 0.001 -18"><span class='ocrx_word' id='word_1_446' title='bbox 467 3291 831 3355; x_wconf 75' lang='lat' dir='ltr'><strong><em>ﬁrmamento,</em></strong></span> <span class='ocrx_word' id='word_1_447' title='bbox 863 3298 918 3346; x_wconf 90' lang='lat' dir='ltr'><strong><em>et</em></strong></span> <span class='ocrx_word' id='word_1_448' title='bbox 960 3293 1064 3347; x_wconf 87' lang='lat' dir='ltr'><strong><em>sub</em></strong></span> <span class='ocrx_word' id='word_1_449' title='bbox 1108 3308 1174 3348; x_wconf 90' lang='lat' dir='ltr'><strong><em>eo</em></strong></span> <span class='ocrx_word' id='word_1_450' title='bbox 1208 3291 1514 3361; x_wconf 87' lang='lat' dir='ltr'><strong><em>Serapbim.</em></strong></span> <span class='ocrx_word' id='word_1_451' title='bbox 1560 3290 1915 3360; x_wconf 82' lang='lat' dir='ltr'><strong><em>Allirmatque</em></strong></span> <span class='ocrx_word' id='word_1_452' title='bbox 1956 3306 2043 3345; x_wconf 87' lang='lat' dir='ltr'><strong><em>se-</em></strong></span> 
     </span>
    </p>
   </div>
   <div class='ocr_carea' id='block_1_61' title="bbox 2148 3269 3727 3366">
    <p class='ocr_par' dir='ltr' id='par_1_61' title="bbox 2149 3269 3727 3366">
     <span class='ocr_line' id='line_1_61' title="bbox 2149 3269 3727 3366; baseline -0.008 -16"><span class='ocrx_word' id='word_1_453' title='bbox 2149 3269 2438 3360; x_wconf 61' lang='grc' dir='ltr'><em>θεσπέσιος</em></span> <span class='ocrx_word' id='word_1_454' title='bbox 2469 3269 2739 3366; x_wconf 39' lang='grc' dir='ltr'><em>Ἰεζεχιλὴλ-</em></span> <span class='ocrx_word' id='word_1_455' title='bbox 2761 3293 2951 3366; x_wconf 81' lang='grc' dir='ltr'><em>θρόνον</em></span> <span class='ocrx_word' id='word_1_456' title='bbox 2978 3269 3265 3346; x_wconf 71' lang='grc' dir='ltr'><em>τεθεᾶσθαι</em></span> <span class='ocrx_word' id='word_1_457' title='bbox 3291 3269 3454 3359; x_wconf 78' lang='grc' dir='ltr'><em>φησιν</em></span> <span class='ocrx_word' id='word_1_458' title='bbox 3484 3287 3578 3340; x_wconf 78' lang='grc' dir='ltr'><strong><em>ἐπὶ</em></strong></span> <span class='ocrx_word' id='word_1_459' title='bbox 3608 3302 3727 3339; x_wconf 89' lang='grc' dir='ltr'><em>στε-</em></span> 
     </span>
    </p>
   </div>
   <div class='ocr_carea' id='block_1_62' title="bbox 464 3381 2042 3453">
    <p class='ocr_par' dir='ltr' id='par_1_62' title="bbox 464 3381 2042 3453">
     <span class='ocr_line' id='line_1_62' title="bbox 464 3381 2042 3453; baseline 0.001 -21"><span class='ocrx_word' id='word_1_460' title='bbox 464 3384 682 3438; x_wconf 82' lang='lat' dir='ltr'><strong><em>dentem</em></strong></span> <span class='ocrx_word' id='word_1_461' title='bbox 728 3398 892 3453; x_wconf 83' lang='lat' dir='ltr'><strong><em>super</em></strong></span> <span class='ocrx_word' id='word_1_462' title='bbox 932 3384 1130 3438; x_wconf 82' lang='lat' dir='ltr'><strong><em>throno</em></strong></span> <span class='ocrx_word' id='word_1_463' title='bbox 1176 3398 1236 3437; x_wconf 91' lang='lat' dir='ltr'><strong><em>se</em></strong></span> <span class='ocrx_word' id='word_1_464' title='bbox 1280 3382 1557 3446; x_wconf 87' lang='lat' dir='ltr'><strong><em>intuitum,</em></strong></span> <span class='ocrx_word' id='word_1_465' title='bbox 1589 3382 1762 3435; x_wconf 77' lang='lat' dir='ltr'><strong><em>forma</em></strong></span> <span class='ocrx_word' id='word_1_466' title='bbox 1807 3381 2042 3450; x_wconf 80' lang='lat' dir='ltr'><strong><em>gemina,</em></strong></span> 
     </span>
    </p>
   </div>
   <div class='ocr_carea' id='block_1_63' title="bbox 469 3474 2047 3544">
    <p class='ocr_par' dir='ltr' id='par_1_63' title="bbox 469 3474 2047 3544">
     <span class='ocr_line' id='line_1_63' title="bbox 469 3474 2047 3544; baseline 0.001 -18"><span class='ocrx_word' id='word_1_467' title='bbox 469 3474 779 3530; x_wconf 78' lang='lat' dir='ltr'><strong><em>inferiorem</em></strong></span> <span class='ocrx_word' id='word_1_468' title='bbox 822 3476 1039 3544; x_wconf 84' lang='lat' dir='ltr'><strong><em>quidem</em></strong></span> <span class='ocrx_word' id='word_1_469' title='bbox 1083 3475 1199 3542; x_wconf 87' lang='lat' dir='ltr'><strong><em>ejus</em></strong></span> <span class='ocrx_word' id='word_1_470' title='bbox 1243 3485 1474 3544; x_wconf 86' lang='lat' dir='ltr'><strong><em>partem,</em></strong></span> <span class='ocrx_word' id='word_1_471' title='bbox 1540 3492 1568 3527; x_wconf 92' lang='lat' dir='ltr'><strong><em>a</em></strong></span> <span class='ocrx_word' id='word_1_472' title='bbox 1630 3474 1826 3528; x_wconf 86' lang='lat' dir='ltr'><strong><em>lumbis</em></strong></span> <span class='ocrx_word' id='word_1_473' title='bbox 1877 3490 2047 3544; x_wconf 88' lang='lat' dir='ltr'><strong><em>usque</em></strong></span> 
     </span>
    </p>
   </div>
   <div class='ocr_carea' id='block_1_64' title="bbox 469 3563 2044 3636">
    <p class='ocr_par' dir='ltr' id='par_1_64' title="bbox 469 3563 2044 3636">
     <span class='ocr_line' id='line_1_64' title="bbox 469 3563 2044 3636; baseline -0.001 -16"><span class='ocrx_word' id='word_1_474' title='bbox 469 3569 750 3630; x_wconf 86' lang='lat' dir='ltr'><strong><em>deorsum,</em></strong></span> <span class='ocrx_word' id='word_1_475' title='bbox 781 3567 957 3636; x_wconf 88' lang='lat' dir='ltr'><strong><em>ignem</em></strong></span> <span class='ocrx_word' id='word_1_476' title='bbox 990 3566 1274 3628; x_wconf 77' lang='lat' dir='ltr'><strong><em>evidenter</em></strong></span> <span class='ocrx_word' id='word_1_477' title='bbox 1302 3563 1627 3620; x_wconf 79' lang='lat' dir='ltr'><strong><em>referentem</em></strong></span> <span class='ocrx_word' id='word_1_478' title='bbox 1661 3582 1674 3619; x_wconf 92' lang='lat'><strong>:</strong></span> <span class='ocrx_word' id='word_1_479' title='bbox 1708 3565 2044 3634; x_wconf 81' lang='lat' dir='ltr'><strong><em>superiorem</em></strong></span> 
     </span>
    </p>
   </div>
   <div class='ocr_carea' id='block_1_65' title="bbox 470 3656 2046 3726">
    <p class='ocr_par' dir='ltr' id='par_1_65' title="bbox 470 3656 2046 3726">
     <span class='ocr_line' id='line_1_65' title="bbox 470 3656 2046 3726; baseline 0.002 -18"><span class='ocrx_word' id='word_1_480' title='bbox 470 3671 597 3714; x_wconf 86' lang='lat' dir='ltr'><strong><em>vero</em></strong></span> <span class='ocrx_word' id='word_1_481' title='bbox 644 3658 931 3713; x_wconf 76' lang='lat' dir='ltr'><strong><em>electrum.</em></strong></span> <span class='ocrx_word' id='word_1_482' title='bbox 977 3656 1108 3724; x_wconf 72' lang='lat' dir='ltr'><strong><em>Quae</em></strong></span> <span class='ocrx_word' id='word_1_483' title='bbox 1163 3656 1370 3726; x_wconf 86' lang='lat' dir='ltr'><strong><em>singula</em></strong></span> <span class='ocrx_word' id='word_1_484' title='bbox 1424 3668 1616 3711; x_wconf 81' lang='lat' dir='ltr'><strong><em>exacte</em></strong></span> <span class='ocrx_word' id='word_1_485' title='bbox 1641 3656 1684 3688; x_wconf 80' lang='lat'>“</span> <span class='ocrx_word' id='word_1_486' title='bbox 1729 3666 1786 3711; x_wconf 88' lang='lat' dir='ltr'><strong><em>et</em></strong></span> <span class='ocrx_word' id='word_1_487' title='bbox 1827 3657 2046 3726; x_wconf 83' lang='lat' dir='ltr'><strong><em>cepiose</em></strong></span> 
     </span>
    </p>
   </div>
   <div class='ocr_carea' id='block_1_66' title="bbox 465 3747 2045 3817">
    <p class='ocr_par' dir='ltr' id='par_1_66' title="bbox 465 3747 2045 3817">
     <span class='ocr_line' id='line_1_66' title="bbox 465 3747 2045 3817; baseline 0 -16"><span class='ocrx_word' id='word_1_488' title='bbox 465 3748 745 3817; x_wconf 78' lang='lat' dir='ltr'><strong><em>explanari</em></strong></span> <span class='ocrx_word' id='word_1_489' title='bbox 782 3757 1024 3816; x_wconf 87' lang='lat' dir='ltr'><strong><em>possent,</em></strong></span> <span class='ocrx_word' id='word_1_490' title='bbox 1057 3749 1101 3803; x_wconf 88' lang='lat' dir='ltr'><strong><em>si</em></strong></span> <span class='ocrx_word' id='word_1_491' title='bbox 1142 3749 1227 3804; x_wconf 87' lang='lat' dir='ltr'><strong><em>cui</em></strong></span> <span class='ocrx_word' id='word_1_492' title='bbox 1258 3764 1477 3814; x_wconf 85' lang='lat' dir='ltr'><strong><em>causas,</em></strong></span> <span class='ocrx_word' id='word_1_493' title='bbox 1511 3749 1868 3817; x_wconf 86' lang='lat' dir='ltr'><strong><em>quamobrem</em></strong></span> <span class='ocrx_word' id='word_1_494' title='bbox 1901 3747 2045 3802; x_wconf 85' lang='lat' dir='ltr'><strong><em>Deus</em></strong></span> 
     </span>
    </p>
   </div>
   <div class='ocr_carea' id='block_1_67' title="bbox 468 3836 2045 3908">
    <p class='ocr_par' dir='ltr' id='par_1_67' title="bbox 468 3836 2045 3908">
     <span class='ocr_line' id='line_1_67' title="bbox 468 3836 2045 3908; baseline -0.001 -15"><span class='ocrx_word' id='word_1_495' title='bbox 468 3836 797 3894; x_wconf 79' lang='lat' dir='ltr'><strong><em>multifarias</em></strong></span> <span class='ocrx_word' id='word_1_496' title='bbox 822 3840 1061 3894; x_wconf 86' lang='lat' dir='ltr'><strong><em>visiones</em></strong></span> <span class='ocrx_word' id='word_1_497' title='bbox 1082 3840 1164 3894; x_wconf 86' lang='lat' dir='ltr'><strong><em>eis</em></strong></span> <span class='ocrx_word' id='word_1_498' title='bbox 1190 3839 1473 3902; x_wconf 82' lang='lat' dir='ltr'><strong><em>obtulerit,</em></strong></span> <span class='ocrx_word' id='word_1_499' title='bbox 1508 3839 1747 3907; x_wconf 89' lang='lat' dir='ltr'><strong><em>penitius</em></strong></span> <span class='ocrx_word' id='word_1_500' title='bbox 1783 3837 2045 3908; x_wconf 80' lang='lat' dir='ltr'><strong><em>indagare</em></strong></span> 
     </span>
    </p>
   </div>
   <div class='ocr_carea' id='block_1_68' title="bbox 468 3926 2048 3999">
    <p class='ocr_par' dir='ltr' id='par_1_68' title="bbox 468 3926 2048 3999">
     <span class='ocr_line' id='line_1_68' title="bbox 468 3926 2048 3999; baseline 0.001 -19"><span class='ocrx_word' id='word_1_501' title='bbox 468 3928 679 3983; x_wconf 82' lang='lat' dir='ltr'><strong><em>liberet.</em></strong></span> <span class='ocrx_word' id='word_1_502' title='bbox 723 3926 816 3982; x_wconf 88' lang='lat' dir='ltr'><strong><em>Sic</em></strong></span> <span class='ocrx_word' id='word_1_503' title='bbox 862 3943 993 3999; x_wconf 87' lang='lat' dir='ltr'><strong><em>ergo</em></strong></span> <span class='ocrx_word' id='word_1_504' title='bbox 1042 3940 1094 3983; x_wconf 85' lang='lat' dir='ltr'><strong><em>et</em></strong></span> <span class='ocrx_word' id='word_1_505' title='bbox 1150 3928 1337 3983; x_wconf 88' lang='lat' dir='ltr'><strong><em>beatus</em></strong></span> <span class='ocrx_word' id='word_1_506' title='bbox 1373 3927 1666 3983; x_wconf 85' lang='lat' dir='ltr'><strong><em>Zacharias</em></strong></span> <span class='ocrx_word' id='word_1_507' title='bbox 1710 3939 1944 3996; x_wconf 88' lang='lat' dir='ltr'><strong><em>tempus,</em></strong></span> <span class='ocrx_word' id='word_1_508' title='bbox 1991 3939 2048 3981; x_wconf 90' lang='lat' dir='ltr'><strong><em>et</em></strong></span> 
     </span>
    </p>
   </div>
   <div class='ocr_carea' id='block_1_69' title="bbox 466 4016 2047 4090">
    <p class='ocr_par' dir='ltr' id='par_1_69' title="bbox 466 4016 2047 4090">
     <span class='ocr_line' id='line_1_69' title="bbox 466 4016 2047 4090; baseline 0 -17"><span class='ocrx_word' id='word_1_509' title='bbox 466 4020 606 4085; x_wconf 85' lang='lat' dir='ltr'><strong><em>dies,</em></strong></span> <span class='ocrx_word' id='word_1_510' title='bbox 640 4028 697 4075; x_wconf 86' lang='lat' dir='ltr'><strong><em>et</em></strong></span> <span class='ocrx_word' id='word_1_511' title='bbox 725 4036 963 4076; x_wconf 85' lang='lat' dir='ltr'><strong><em>mensem</em></strong></span> <span class='ocrx_word' id='word_1_512' title='bbox 988 4022 1273 4090; x_wconf 80' lang='lat' dir='ltr'><strong><em>perspicue</em></strong></span> <span class='ocrx_word' id='word_1_513' title='bbox 1296 4020 1627 4089; x_wconf 81' lang='lat' dir='ltr'><strong><em>exprimens,</em></strong></span> <span class='ocrx_word' id='word_1_514' title='bbox 1656 4016 1947 4074; x_wconf 79' lang='lat' dir='ltr'><strong><em>Dominum</em></strong></span> <span class='ocrx_word' id='word_1_515' title='bbox 1987 4036 2047 4073; x_wconf 89' lang='lat' dir='ltr'><strong><em>se</em></strong></span> 
     </span>
    </p>
   </div>
   <div class='ocr_carea' id='block_1_70' title="bbox 466 4109 2041 4183">
    <p class='ocr_par' dir='ltr' id='par_1_70' title="bbox 466 4109 2041 4183">
     <span class='ocr_line' id='line_1_70' title="bbox 466 4109 2041 4183; baseline 0.002 -20"><span class='ocrx_word' id='word_1_516' title='bbox 466 4110 521 4163; x_wconf 91' lang='lat' dir='ltr'><strong><em>in</em></strong></span> <span class='ocrx_word' id='word_1_517' title='bbox 565 4109 737 4165; x_wconf 79' lang='lat' dir='ltr'><strong><em>forma</em></strong></span> <span class='ocrx_word' id='word_1_518' title='bbox 784 4123 968 4167; x_wconf 71' lang='lat' dir='ltr'><strong><em>nosttra</em></strong></span> <span class='ocrx_word' id='word_1_519' title='bbox 1020 4112 1217 4167; x_wconf 85' lang='lat' dir='ltr'><strong><em>vidisse</em></strong></span> <span class='ocrx_word' id='word_1_520' title='bbox 1260 4113 1571 4168; x_wconf 81' lang='lat' dir='ltr'><strong><em>conﬁtetur.</em></strong></span> <span class='ocrx_word' id='word_1_521' title='bbox 1622 4114 1809 4183; x_wconf 84' lang='lat' dir='ltr'><strong><em>lnquit</em></strong></span> <span class='ocrx_word' id='word_1_522' title='bbox 1853 4116 2041 4167; x_wconf 86' lang='lat' dir='ltr'><strong><em>enim:</em></strong></span> 
     </span>
    </p>
   </div>
   <div class='ocr_carea' id='block_1_71' title="bbox 473 4202 2037 4275">
    <p class='ocr_par' dir='ltr' id='par_1_71' title="bbox 473 4202 2037 4275">
     <span class='ocr_line' id='line_1_71' title="bbox 473 4202 2037 4275; baseline 0.002 -21"><span class='ocrx_word' id='word_1_523' title='bbox 473 4221 493 4254; x_wconf 73' lang='grc' dir='ltr'><strong><em>ι</em></strong></span> <span class='ocrx_word' id='word_1_524' title='bbox 524 4202 668 4258; x_wconf 82' lang='lat' dir='ltr'><strong><em>Ecce</em></strong></span> <span class='ocrx_word' id='word_1_525' title='bbox 712 4206 814 4269; x_wconf 85' lang='lat' dir='ltr'><strong><em>vir,</em></strong></span> <span class='ocrx_word' id='word_1_526' title='bbox 843 4205 935 4275; x_wconf 90' lang='lat' dir='ltr'><strong><em>qui</em></strong></span> <span class='ocrx_word' id='word_1_527' title='bbox 983 4205 1311 4260; x_wconf 87' lang='lat' dir='ltr'><strong><em>ascenderat</em></strong></span> <span class='ocrx_word' id='word_1_528' title='bbox 1343 4220 1506 4274; x_wconf 87' lang='lat' dir='ltr'><strong><em>super</em></strong></span> <span class='ocrx_word' id='word_1_529' title='bbox 1538 4221 1738 4275; x_wconf 87' lang='lat' dir='ltr'><strong><em>equum</em></strong></span> <span class='ocrx_word' id='word_1_530' title='bbox 1777 4206 1981 4261; x_wconf 82' lang='lat' dir='ltr'><strong><em>rufum.</em></strong></span> <span class='ocrx_word' id='word_1_531' title='bbox 2020 4225 2037 4257; x_wconf 74' lang='grc' dir='ltr'><strong><em>ι</em></strong></span> 
     </span>
    </p>
   </div>
   <div class='ocr_carea' id='block_1_72' title="bbox 461 4295 2046 4374">
    <p class='ocr_par' dir='ltr' id='par_1_72' title="bbox 461 4295 2046 4374">
     <span class='ocr_line' id='line_1_72' title="bbox 461 4295 2046 4374; baseline 0.002 -25"><span class='ocrx_word' id='word_1_532' title='bbox 461 4295 631 4368; x_wconf 77' lang='lat'><strong><em>659</em></strong></span> <span class='ocrx_word' id='word_1_533' title='bbox 662 4296 870 4365; x_wconf 85' lang='lat' dir='ltr'><strong><em>Quibus</em></strong></span> <span class='ocrx_word' id='word_1_534' title='bbox 924 4297 1104 4354; x_wconf 80' lang='lat' dir='ltr'><strong><em>verbis</em></strong></span> <span class='ocrx_word' id='word_1_535' title='bbox 1149 4297 1306 4368; x_wconf 88' lang='lat' dir='ltr'><strong><em>quasi</em></strong></span> <span class='ocrx_word' id='word_1_536' title='bbox 1362 4299 1502 4354; x_wconf 89' lang='lat' dir='ltr'><strong><em>bello</em></strong></span> <span class='ocrx_word' id='word_1_537' title='bbox 1562 4300 1923 4374; x_wconf 74' lang='lat' dir='ltr'><strong><em>exercitatum</em></strong></span> <span class='ocrx_word' id='word_1_538' title='bbox 1991 4309 2046 4354; x_wconf 91' lang='lat' dir='ltr'><strong><em>et</em></strong></span> 
     </span>
    </p>
   </div>
   <div class='ocr_carea' id='block_1_73' title="bbox 466 4389 2042 4461">
    <p class='ocr_par' dir='ltr' id='par_1_73' title="bbox 466 4389 2042 4461">
     <span class='ocr_line' id='line_1_73' title="bbox 466 4389 2042 4461; baseline 0.002 -21"><span class='ocrx_word' id='word_1_539' title='bbox 466 4390 718 4443; x_wconf 84' lang='lat' dir='ltr'><strong><em>militaris</em></strong></span> <span class='ocrx_word' id='word_1_540' title='bbox 759 4389 1060 4459; x_wconf 70' lang='lat' dir='ltr'><strong><em>disciplinas</em></strong></span> <span class='ocrx_word' id='word_1_541' title='bbox 1094 4404 1200 4445; x_wconf 90' lang='lat' dir='ltr'><strong><em>non</em></strong></span> <span class='ocrx_word' id='word_1_542' title='bbox 1242 4391 1490 4461; x_wconf 87' lang='lat' dir='ltr'><strong><em>ignarum</em></strong></span> <span class='ocrx_word' id='word_1_543' title='bbox 1535 4392 1704 4446; x_wconf 85' lang='lat' dir='ltr'><strong><em>tacite</em></strong></span> <span class='ocrx_word' id='word_1_544' title='bbox 1747 4390 2042 4459; x_wconf 74' lang='lat' dir='ltr'><strong><em>significat.</em></strong></span> 
     </span>
    </p>
   </div>
   <div class='ocr_carea' id='block_1_74' title="bbox 467 4476 2046 4550">
    <p class='ocr_par' dir='ltr' id='par_1_74' title="bbox 467 4476 2046 4550">
     <span class='ocr_line' id='line_1_74' title="bbox 467 4476 2046 4550; baseline 0.003 -20"><span class='ocrx_word' id='word_1_545' title='bbox 467 4476 617 4544; x_wconf 83' lang='lat' dir='ltr'><strong><em>Equo</em></strong></span> <span class='ocrx_word' id='word_1_546' title='bbox 661 4477 806 4533; x_wconf 90' lang='lat' dir='ltr'><strong><em>enim</em></strong></span> <span class='ocrx_word' id='word_1_547' title='bbox 862 4478 1124 4547; x_wconf 81' lang='lat' dir='ltr'><strong><em>insidere,</em></strong></span> <span class='ocrx_word' id='word_1_548' title='bbox 1152 4489 1236 4534; x_wconf 89' lang='lat' dir='ltr'><strong><em>.et</em></strong></span> <span class='ocrx_word' id='word_1_549' title='bbox 1280 4480 1497 4550; x_wconf 87' lang='lat' dir='ltr'><strong><em>quidem</em></strong></span> <span class='ocrx_word' id='word_1_550' title='bbox 1549 4479 1688 4547; x_wconf 81' lang='lat' dir='ltr'><strong><em>rufo,</em></strong></span> <span class='ocrx_word' id='word_1_551' title='bbox 1745 4493 1802 4537; x_wconf 88' lang='lat' dir='ltr'><strong><em>et</em></strong></span> <span class='ocrx_word' id='word_1_552' title='bbox 1844 4481 2046 4535; x_wconf 87' lang='lat' dir='ltr'><strong><em>coloris</em></strong></span> 
     </span>
    </p>
   </div>
   <div class='ocr_carea' id='block_1_75' title="bbox 464 4569 2041 4645">
    <p class='ocr_par' dir='ltr' id='par_1_75' title="bbox 464 4569 2041 4645">
     <span class='ocr_line' id='line_1_75' title="bbox 464 4569 2041 4645; baseline 0.006 -25"><span class='ocrx_word' id='word_1_553' title='bbox 464 4569 616 4634; x_wconf 85' lang='lat' dir='ltr'><strong><em>quasi</em></strong></span> <span class='ocrx_word' id='word_1_554' title='bbox 657 4570 960 4640; x_wconf 77' lang='lat' dir='ltr'><strong><em>sanguinei,</em></strong></span> <span class='ocrx_word' id='word_1_555' title='bbox 997 4571 1103 4627; x_wconf 88' lang='lat' dir='ltr'><strong><em>talc</em></strong></span> <span class='ocrx_word' id='word_1_556' title='bbox 1146 4573 1275 4641; x_wconf 87' lang='lat' dir='ltr'><strong><em>quid</em></strong></span> <span class='ocrx_word' id='word_1_557' title='bbox 1323 4574 1427 4628; x_wconf 88' lang='lat' dir='ltr'><strong><em>sibi</em></strong></span> <span class='ocrx_word' id='word_1_558' title='bbox 1463 4573 1715 4642; x_wconf 87' lang='lat' dir='ltr'><strong><em>deinceps</em></strong></span> <span class='ocrx_word' id='word_1_559' title='bbox 1752 4574 1886 4629; x_wconf 83' lang='lat' dir='ltr'><strong><em>velle</em></strong></span> <span class='ocrx_word' id='word_1_560' title='bbox 1927 4577 2041 4645; x_wconf 84' lang='lat' dir='ltr'><strong><em>Opi-</em></strong></span> 
     </span>
    </p>
   </div>
   <div class='ocr_carea' id='block_1_76' title="bbox 464 4653 2121 4730">
    <p class='ocr_par' dir='ltr' id='par_1_76' title="bbox 464 4653 2121 4730">
     <span class='ocr_line' id='line_1_76' title="bbox 464 4653 2121 4730; baseline 0.005 -18"><span class='ocrx_word' id='word_1_561' title='bbox 464 4675 584 4715; x_wconf 81' lang='lat' dir='ltr'><strong><em>nor.</em></strong></span> <span class='ocrx_word' id='word_1_562' title='bbox 618 4659 826 4730; x_wconf 84' lang='lat' dir='ltr'><strong><em>Pugnat</em></strong></span> <span class='ocrx_word' id='word_1_563' title='bbox 862 4663 1008 4717; x_wconf 88' lang='lat' dir='ltr'><strong><em>enim</em></strong></span> <span class='ocrx_word' id='word_1_564' title='bbox 1062 4664 1441 4719; x_wconf 84' lang='lat' dir='ltr'><strong><em>universorum</em></strong></span> <span class='ocrx_word' id='word_1_565' title='bbox 1488 4664 1630 4720; x_wconf 88' lang='lat' dir='ltr'><strong><em>Deus</em></strong></span> <span class='ocrx_word' id='word_1_566' title='bbox 1668 4674 1858 4720; x_wconf 83' lang='lat' dir='ltr'><strong><em>contra</em></strong></span> <span class='ocrx_word' id='word_1_567' title='bbox 1909 4669 2043 4721; x_wconf 86' lang='lat' dir='ltr'><strong><em>resi-</em></strong></span> <span class='ocrx_word' id='word_1_568' title='bbox 2082 4653 2121 4706; x_wconf 68' lang='grc' dir='ltr'><strong>θ</strong></span> 
     </span>
    </p>
   </div>
   <div class='ocr_carea' id='block_1_77' title="bbox 463 4753 2048 4829">
    <p class='ocr_par' dir='ltr' id='par_1_77' title="bbox 463 4753 2048 4829">
     <span class='ocr_line' id='line_1_77' title="bbox 463 4753 2048 4829; baseline 0.009 -26"><span class='ocrx_word' id='word_1_569' title='bbox 463 4760 672 4805; x_wconf 79' lang='lat' dir='ltr'><strong><em>stcntes</em></strong></span> <span class='ocrx_word' id='word_1_570' title='bbox 702 4753 830 4816; x_wconf 84' lang='lat' dir='ltr'><strong><em>sibi,</em></strong></span> <span class='ocrx_word' id='word_1_571' title='bbox 858 4764 913 4808; x_wconf 90' lang='lat' dir='ltr'><strong><em>et</em></strong></span> <span class='ocrx_word' id='word_1_572' title='bbox 941 4763 1197 4824; x_wconf 86' lang='lat' dir='ltr'><strong><em>tauquam</em></strong></span> <span class='ocrx_word' id='word_1_573' title='bbox 1241 4757 1410 4813; x_wconf 88' lang='lat' dir='ltr'><strong><em>hostis</em></strong></span> <span class='ocrx_word' id='word_1_574' title='bbox 1450 4770 1640 4815; x_wconf 87' lang='lat' dir='ltr'><strong><em>contra</em></strong></span> <span class='ocrx_word' id='word_1_575' title='bbox 1680 4763 2048 4829; x_wconf 86' lang='lat' dir='ltr'><strong><em>rebellem,.et</em></strong></span> 
     </span>
    </p>
   </div>
   <div class='ocr_carea' id='block_1_78' title="bbox 464 4845 2043 4925">
    <p class='ocr_par' dir='ltr' id='par_1_78' title="bbox 464 4845 2043 4925">
     <span class='ocr_line' id='line_1_78' title="bbox 464 4845 2043 4925; baseline 0.009 -29"><span class='ocrx_word' id='word_1_576' title='bbox 464 4845 751 4914; x_wconf 78' lang='lat' dir='ltr'><strong><em>superbam</em></strong></span> <span class='ocrx_word' id='word_1_577' title='bbox 784 4845 1048 4903; x_wconf 86' lang='lat' dir='ltr'><strong><em>adversus</em></strong></span> <span class='ocrx_word' id='word_1_578' title='bbox 1091 4862 1152 4904; x_wconf 88' lang='lat' dir='ltr'><strong><em>se</em></strong></span> <span class='ocrx_word' id='word_1_579' title='bbox 1200 4853 1398 4906; x_wconf 85' lang='lat' dir='ltr'><strong><em>mentis</em></strong></span> <span class='ocrx_word' id='word_1_580' title='bbox 1432 4853 1699 4908; x_wconf 83' lang='lat' dir='ltr'><strong><em>cervicem</em></strong></span> <span class='ocrx_word' id='word_1_581' title='bbox 1743 4859 2043 4925; x_wconf 82' lang='lat' dir='ltr'><strong><em>erigentes,</em></strong></span> 
     </span>
    </p>
   </div>
   <div class='ocr_carea' id='block_1_79' title="bbox 461 4938 2048 5011">
    <p class='ocr_par' dir='ltr' id='par_1_79' title="bbox 461 4938 2048 5011">
     <span class='ocr_line' id='line_1_79' title="bbox 461 4938 2048 5011; baseline 0.011 -25"><span class='ocrx_word' id='word_1_582' title='bbox 461 4951 612 4991; x_wconf 82' lang='lat' dir='ltr'><strong><em>arma</em></strong></span> <span class='ocrx_word' id='word_1_583' title='bbox 672 4938 929 5006; x_wconf 85' lang='lat' dir='ltr'><strong><em>capessit.</em></strong></span> <span class='ocrx_word' id='word_1_584' title='bbox 998 4939 1292 4998; x_wconf 75' lang='lat' dir='ltr'><strong><em>Faciebant</em></strong></span> <span class='ocrx_word' id='word_1_585' title='bbox 1340 4944 1516 5011; x_wconf 91' lang='lat' dir='ltr'><strong><em>istud,</em></strong></span> <span class='ocrx_word' id='word_1_586' title='bbox 1573 4957 1627 5000; x_wconf 91' lang='lat' dir='ltr'><strong><em>et</em></strong></span> <span class='ocrx_word' id='word_1_587' title='bbox 1681 4947 2048 5003; x_wconf 83' lang='lat' dir='ltr'><strong><em>audacissime</em></strong></span> 
     </span>
    </p>
   </div>
   <div class='ocr_carea' id='block_1_80' title="bbox 461 5030 2045 5110">
    <p class='ocr_par' dir='ltr' id='par_1_80' title="bbox 461 5030 2045 5110">
     <span class='ocr_line' id='line_1_80' title="bbox 461 5030 2045 5110; baseline 0.005 -25"><span class='ocrx_word' id='word_1_588' title='bbox 461 5031 743 5097; x_wconf 59' lang='lat' dir='ltr'><strong><em>Israelita,</em></strong></span> <span class='ocrx_word' id='word_1_589' title='bbox 783 5030 1024 5088; x_wconf 69' lang='lat' dir='ltr'><strong><em>Judatam</em></strong></span> <span class='ocrx_word' id='word_1_590' title='bbox 1084 5036 1368 5107; x_wconf 86' lang='lat' dir='ltr'><strong><em>ipsamque</em></strong></span> <span class='ocrx_word' id='word_1_591' title='bbox 1415 5038 1844 5110; x_wconf 84' lang='lat' dir='ltr'><strong><em>Hierosolymam</em></strong></span> <span class='ocrx_word' id='word_1_592' title='bbox 1894 5041 2045 5095; x_wconf 88' lang='lat' dir='ltr'><strong><em>inco-</em></strong></span> 
     </span>
    </p>
   </div>
   <div class='ocr_carea' id='block_1_81' title="bbox 461 5123 2039 5201">
    <p class='ocr_par' dir='ltr' id='par_1_81' title="bbox 461 5123 2039 5201">
     <span class='ocr_line' id='line_1_81' title="bbox 461 5123 2039 5201; baseline 0.007 -22"><span class='ocrx_word' id='word_1_593' title='bbox 461 5123 638 5180; x_wconf 80' lang='lat' dir='ltr'><strong><em>lentes</em></strong></span> <span class='ocrx_word' id='word_1_594' title='bbox 663 5143 677 5180; x_wconf 91' lang='lat'><strong>:</strong></span> <span class='ocrx_word' id='word_1_595' title='bbox 703 5128 835 5196; x_wconf 89' lang='lat' dir='ltr'><strong><em>quin</em></strong></span> <span class='ocrx_word' id='word_1_596' title='bbox 861 5135 915 5182; x_wconf 89' lang='lat' dir='ltr'><strong><em>et</em></strong></span> <span class='ocrx_word' id='word_1_597' title='bbox 946 5131 1181 5200; x_wconf 79' lang='lat' dir='ltr'><strong><em>regionis</em></strong></span> <span class='ocrx_word' id='word_1_598' title='bbox 1204 5130 1598 5187; x_wconf 86' lang='lat' dir='ltr'><strong><em>Samaritarum</em></strong></span> <span class='ocrx_word' id='word_1_599' title='bbox 1623 5135 1909 5201; x_wconf 65' lang='lat' dir='ltr'><strong><em>indigeam,</em></strong></span> <span class='ocrx_word' id='word_1_600' title='bbox 1936 5136 2039 5198; x_wconf 67' lang='lat' dir='ltr'><strong><em>bu-t</em></strong></span> 
     </span>
    </p>
   </div>
   <div class='ocr_carea' id='block_1_82' title="bbox 461 5219 2044 5284">
    <p class='ocr_par' dir='ltr' id='par_1_82' title="bbox 461 5219 2044 5284">
     <span class='ocr_line' id='line_1_82' title="bbox 461 5219 2044 5284; baseline 0.005 -11"><span class='ocrx_word' id='word_1_601' title='bbox 461 5225 567 5284; x_wconf 77' lang='lat' dir='ltr'><strong><em>est,</em></strong></span> <span class='ocrx_word' id='word_1_602' title='bbox 599 5219 787 5276; x_wconf 89' lang='lat' dir='ltr'><strong><em>decem</em></strong></span> <span class='ocrx_word' id='word_1_603' title='bbox 819 5222 1015 5278; x_wconf 89' lang='lat' dir='ltr'><strong><em>tribus.</em></strong></span> <span class='ocrx_word' id='word_1_604' title='bbox 1048 5223 1452 5281; x_wconf 87' lang='lat' dir='ltr'><strong><em>Descenderant</em></strong></span> <span class='ocrx_word' id='word_1_605' title='bbox 1482 5228 1627 5282; x_wconf 87' lang='lat' dir='ltr'><strong><em>enim</em></strong></span> <span class='ocrx_word' id='word_1_606' title='bbox 1662 5228 1730 5282; x_wconf 85' lang='lat' dir='ltr'><strong><em>ad</em></strong></span> <span class='ocrx_word' id='word_1_607' title='bbox 1757 5228 2044 5284; x_wconf 73' lang='lat' dir='ltr'><strong><em>colendam</em></strong></span> 
     </span>
    </p>
   </div>
   <div class='ocr_carea' id='block_1_83' title="bbox 464 5313 2035 5381">
    <p class='ocr_par' dir='ltr' id='par_1_83' title="bbox 464 5313 2035 5381">
     <span class='ocr_line' id='line_1_83' title="bbox 464 5313 2035 5381; baseline 0.006 -16"><span class='ocrx_word' id='word_1_608' title='bbox 464 5313 687 5368; x_wconf 89' lang='lat' dir='ltr'><strong><em>deorum</em></strong></span> <span class='ocrx_word' id='word_1_609' title='bbox 718 5316 1139 5381; x_wconf 87' lang='lat' dir='ltr'><strong><em>multitudinem,</em></strong></span> <span class='ocrx_word' id='word_1_610' title='bbox 1170 5329 1228 5372; x_wconf 89' lang='lat' dir='ltr'><strong><em>et</em></strong></span> <span class='ocrx_word' id='word_1_611' title='bbox 1256 5319 1584 5375; x_wconf 81' lang='lat' dir='ltr'><strong><em>manulactis</em></strong></span> <span class='ocrx_word' id='word_1_612' title='bbox 1612 5321 1826 5376; x_wconf 88' lang='lat' dir='ltr'><strong><em>divinos</em></strong></span> <span class='ocrx_word' id='word_1_613' title='bbox 1864 5322 2035 5375; x_wconf 86' lang='lat' dir='ltr'><strong><em>bono-</em></strong></span> 
     </span>
    </p>
   </div>
   <div class='ocr_carea' id='block_1_84' title="bbox 464 5404 2038 5474">
    <p class='ocr_par' dir='ltr' id='par_1_84' title="bbox 464 5404 2038 5474">
     <span class='ocr_line' id='line_1_84' title="bbox 464 5404 2038 5474; baseline 0.008 -18"><span class='ocrx_word' id='word_1_614' title='bbox 464 5420 553 5458; x_wconf 85' lang='lat' dir='ltr'><strong><em>res</em></strong></span> <span class='ocrx_word' id='word_1_615' title='bbox 602 5404 920 5474; x_wconf 86' lang='lat' dir='ltr'><strong><em>tribuentes,</em></strong></span> <span class='ocrx_word' id='word_1_616' title='bbox 973 5410 1159 5465; x_wconf 84' lang='lat' dir='ltr'><strong><em>vitulis</em></strong></span> <span class='ocrx_word' id='word_1_617' title='bbox 1200 5414 1383 5466; x_wconf 89' lang='lat' dir='ltr'><strong><em>aureis</em></strong></span> <span class='ocrx_word' id='word_1_618' title='bbox 1428 5413 1804 5468; x_wconf 87' lang='lat' dir='ltr'><strong><em>acclamabant</em></strong></span> <span class='ocrx_word' id='word_1_619' title='bbox 1842 5432 1856 5468; x_wconf 89' lang='lat'><strong>:</strong></span> <span class='ocrx_word' id='word_1_620' title='bbox 1895 5434 1916 5466; x_wconf 78' lang='grc' dir='ltr'><strong><em>ι</em></strong></span> <span class='ocrx_word' id='word_1_621' title='bbox 1944 5412 2038 5468; x_wconf 86' lang='lat' dir='ltr'><strong><em>Isti</em></strong></span> 
     </span>
    </p>
   </div>
   <div class='ocr_carea' id='block_1_85' title="bbox 460 5498 2041 5579">
    <p class='ocr_par' dir='ltr' id='par_1_85' title="bbox 460 5498 2041 5579">
     <span class='ocr_line' id='line_1_85' title="bbox 460 5498 2041 5579; baseline 0.007 -27"><span class='ocrx_word' id='word_1_622' title='bbox 460 5506 588 5552; x_wconf 73' lang='lat' dir='ltr'><strong><em>sunt</em></strong></span> <span class='ocrx_word' id='word_1_623' title='bbox 616 5498 688 5552; x_wconf 89' lang='lat' dir='ltr'><strong><em>dii</em></strong></span> <span class='ocrx_word' id='word_1_624' title='bbox 724 5500 799 5554; x_wconf 90' lang='lat' dir='ltr'><strong><em>tui</em></strong></span> <span class='ocrx_word' id='word_1_625' title='bbox 837 5500 1021 5567; x_wconf 82' lang='lat' dir='ltr'><strong><em>Israel,</em></strong></span> <span class='ocrx_word' id='word_1_626' title='bbox 1059 5505 1150 5573; x_wconf 90' lang='lat' dir='ltr'><strong><em>qui</em></strong></span> <span class='ocrx_word' id='word_1_627' title='bbox 1178 5505 1482 5559; x_wconf 73' lang='lat' dir='ltr'><strong><em>eduxerunt</em></strong></span> <span class='ocrx_word' id='word_1_628' title='bbox 1519 5517 1570 5560; x_wconf 88' lang='lat' dir='ltr'><strong><em>te</em></strong></span> <span class='ocrx_word' id='word_1_629' title='bbox 1611 5508 1676 5562; x_wconf 87' lang='lat' dir='ltr'><strong><em>de</em></strong></span> <span class='ocrx_word' id='word_1_630' title='bbox 1706 5518 1846 5562; x_wconf 87' lang='lat' dir='ltr'><strong><em>terra</em></strong></span> <span class='ocrx_word' id='word_1_631' title='bbox 1869 5506 2041 5579; x_wconf 67' lang='lat' dir='ltr'><strong><em>Aﬂgy-</em></strong></span> 
     </span>
    </p>
   </div>
   <div class='ocr_carea' id='block_1_86' title="bbox 462 5586 2040 5671">
    <p class='ocr_par' dir='ltr' id='par_1_86' title="bbox 462 5586 2040 5671">
     <span class='ocr_line' id='line_1_86' title="bbox 462 5586 2040 5671; baseline 0.009 -30"><span class='ocrx_word' id='word_1_632' title='bbox 462 5589 541 5656; x_wconf 89' lang='lat' dir='ltr'><strong><em>pti</em></strong></span> <span class='ocrx_word' id='word_1_633' title='bbox 565 5586 645 5656; x_wconf 82' lang='grc'><strong><em>¹⁸;</em></strong></span> <span class='ocrx_word' id='word_1_634' title='bbox 679 5608 703 5643; x_wconf 70' lang='grc' dir='ltr'><strong><em>ι</em></strong></span> <span class='ocrx_word' id='word_1_635' title='bbox 741 5603 799 5647; x_wconf 85' lang='lat' dir='ltr'><strong><em>et</em></strong></span> <span class='ocrx_word' id='word_1_636' title='bbox 833 5594 1053 5664; x_wconf 86' lang='lat' dir='ltr'><strong><em>insuper</em></strong></span> <span class='ocrx_word' id='word_1_637' title='bbox 1094 5596 1421 5667; x_wconf 85' lang='lat' dir='ltr'><strong><em>Iegislatoris</em></strong></span> <span class='ocrx_word' id='word_1_638' title='bbox 1458 5601 1912 5671; x_wconf 70' lang='lat' dir='ltr'><strong><em>praeceptionibus</em></strong></span> <span class='ocrx_word' id='word_1_639' title='bbox 1953 5618 2040 5656; x_wconf 82' lang='lat' dir='ltr'><strong><em>sa-</em></strong></span> 
     </span>
    </p>
   </div>
   <div class='ocr_carea' id='block_1_87' title="bbox 461 5682 2038 5763">
    <p class='ocr_par' dir='ltr' id='par_1_87' title="bbox 461 5682 2038 5763">
     <span class='ocr_line' id='line_1_87' title="bbox 461 5682 2038 5763; baseline 0.008 -26"><span class='ocrx_word' id='word_1_640' title='bbox 461 5682 574 5739; x_wconf 82' lang='lat' dir='ltr'><strong><em>cris</em></strong></span> <span class='ocrx_word' id='word_1_641' title='bbox 619 5685 841 5742; x_wconf 88' lang='lat' dir='ltr'><strong><em>omnino</em></strong></span> <span class='ocrx_word' id='word_1_642' title='bbox 886 5693 1233 5760; x_wconf 87' lang='lat' dir='ltr'><strong><em>contemptis,</em></strong></span> <span class='ocrx_word' id='word_1_643' title='bbox 1295 5707 1403 5761; x_wconf 88' lang='lat' dir='ltr'><strong><em>quo</em></strong></span> <span class='ocrx_word' id='word_1_644' title='bbox 1454 5709 1727 5763; x_wconf 84' lang='lat' dir='ltr'><strong><em>quemque</em></strong></span> <span class='ocrx_word' id='word_1_645' title='bbox 1769 5694 2038 5761; x_wconf 81' lang='lat' dir='ltr'><strong><em>cupiditas</em></strong></span> 
     </span>
    </p>
   </div>
   <div class='ocr_carea' id='block_1_88' title="bbox 534 5858 1586 5941">
    <p class='ocr_par' dir='ltr' id='par_1_88' title="bbox 534 5858 1586 5941">
     <span class='ocr_line' id='line_1_88' title="bbox 534 5858 1586 5941; baseline 0.01 -26"><span class='ocrx_word' id='word_1_646' title='bbox 534 5860 578 5894; x_wconf 78' lang='lat'>“</span> <span class='ocrx_word' id='word_1_647' title='bbox 614 5858 717 5918; x_wconf 81' lang='lat' dir='ltr'><strong><em>lsa.</em></strong></span> <span class='ocrx_word' id='word_1_648' title='bbox 762 5878 833 5931; x_wconf 83' lang='grc' dir='ltr'><strong><em>νι,</em></strong></span> <span class='ocrx_word' id='word_1_649' title='bbox 872 5863 917 5921; x_wconf 93' lang='lat' dir='ltr'><strong><em>l.</em></strong></span> <span class='ocrx_word' id='word_1_650' title='bbox 1002 5866 1041 5901; x_wconf 76' lang='grc'><strong><em>⁸³</em></strong></span> <span class='ocrx_word' id='word_1_651' title='bbox 1074 5866 1269 5925; x_wconf 79' lang='lat' dir='ltr'><strong><em>Ezech.</em></strong></span> <span class='ocrx_word' id='word_1_652' title='bbox 1301 5887 1336 5935; x_wconf 86' lang='grc' dir='ltr'><strong><em>ι,</em></strong></span> <span class='ocrx_word' id='word_1_653' title='bbox 1370 5872 1394 5924; x_wconf 70' lang='grc'><strong>4</strong></span> <span class='ocrx_word' id='word_1_654' title='bbox 1436 5886 1586 5941; x_wconf 78' lang='lat' dir='ltr'><strong><em>seqq.</em></strong></span> 
     </span>
    </p>
   </div>
   <div class='ocr_carea' id='block_1_89' title="bbox 2152 3378 3728 3459">
    <p class='ocr_par' dir='ltr' id='par_1_89' title="bbox 2152 3378 3728 3459">
     <span class='ocr_line' id='line_1_89' title="bbox 2152 3378 3728 3459; baseline -0.008 -17"><span class='ocrx_word' id='word_1_655' title='bbox 2152 3388 2453 3459; x_wconf 87' lang='grc' dir='ltr'><em>ρεώματος,</em></span> <span class='ocrx_word' id='word_1_656' title='bbox 2496 3386 2870 3458; x_wconf 82' lang='grc' dir='ltr'><strong><em>ὑποκειμένων</em></strong></span> <span class='ocrx_word' id='word_1_657' title='bbox 2916 3385 3026 3438; x_wconf 84' lang='grc' dir='ltr'><strong><em>τῶν</em></strong></span> <span class='ocrx_word' id='word_1_658' title='bbox 3064 3380 3488 3454; x_wconf 78' lang='grc' dir='ltr'><em>Σεραφίμ.Ἔφη</em></span> <span class='ocrx_word' id='word_1_659' title='bbox 3536 3378 3616 3443; x_wconf 79' lang='grc' dir='ltr'><em>δὲ,</em></span> <span class='ocrx_word' id='word_1_660' title='bbox 3644 3378 3728 3432; x_wconf 84' lang='grc' dir='ltr'><em>ὃτι</em></span> 
     </span>
    </p>
   </div>
   <div class='ocr_carea' id='block_1_90' title="bbox 2147 3472 3729 3551">
    <p class='ocr_par' dir='ltr' id='par_1_90' title="bbox 2147 3472 3729 3551">
     <span class='ocr_line' id='line_1_90' title="bbox 2147 3472 3729 3551; baseline -0.006 -18"><span class='ocrx_word' id='word_1_661' title='bbox 2147 3482 2238 3534; x_wconf 84' lang='grc' dir='ltr'><em>τὸν</em></span> <span class='ocrx_word' id='word_1_662' title='bbox 2268 3480 2361 3533; x_wconf 78' lang='grc' dir='ltr'>ἐπὶ</span> <span class='ocrx_word' id='word_1_663' title='bbox 2384 3480 2572 3551; x_wconf 84' lang='grc' dir='ltr'><strong><em>θρόνου</em></strong></span> <span class='ocrx_word' id='word_1_664' title='bbox 2601 3479 2910 3551; x_wconf 83' lang='grc' dir='ltr'><em>καθήμενον</em></span> <span class='ocrx_word' id='word_1_665' title='bbox 2941 3477 3154 3548; x_wconf 79' lang='grc' dir='ltr'><em>ἑώρακε</em></span> <span class='ocrx_word' id='word_1_666' title='bbox 3180 3476 3366 3545; x_wconf 85' lang='grc' dir='ltr'><em>διφυᾶ,</em></span> <span class='ocrx_word' id='word_1_667' title='bbox 3379 3472 3455 3537; x_wconf 86' lang='grc' dir='ltr'><em>ὡς</em></span> <span class='ocrx_word' id='word_1_668' title='bbox 3483 3472 3553 3525; x_wconf 83' lang='grc' dir='ltr'><em>τὰ</em></span> <span class='ocrx_word' id='word_1_669' title='bbox 3577 3473 3729 3526; x_wconf 85' lang='grc' dir='ltr'><em>κάτω</em></span> 
     </span>
    </p>
   </div>
   <div class='ocr_carea' id='block_1_91' title="bbox 2152 3564 3729 3643">
    <p class='ocr_par' dir='ltr' id='par_1_91' title="bbox 2152 3564 3729 3643">
     <span class='ocr_line' id='line_1_91' title="bbox 2152 3564 3729 3643; baseline -0.007 -16"><span class='ocrx_word' id='word_1_670' title='bbox 2152 3572 2252 3643; x_wconf 82' lang='grc' dir='ltr'><em>μὲν</em></span> <span class='ocrx_word' id='word_1_671' title='bbox 2294 3573 2402 3627; x_wconf 79' lang='grc' dir='ltr'><strong><em>ἀπὸ</em></strong></span> <span class='ocrx_word' id='word_1_672' title='bbox 2441 3572 2642 3641; x_wconf 81' lang='grc' dir='ltr'><strong><em>ὀσφύος</em></strong></span> <span class='ocrx_word' id='word_1_673' title='bbox 2683 3574 2742 3625; x_wconf 82' lang='grc' dir='ltr'><strong><em>ὲν</em></strong></span> <span class='ocrx_word' id='word_1_674' title='bbox 2788 3571 2919 3625; x_wconf 78' lang='grc' dir='ltr'><em>εῖδει</em></span> <span class='ocrx_word' id='word_1_675' title='bbox 2949 3569 3123 3641; x_wconf 79' lang='grc' dir='ltr'><em>πυρὸς</em></span> <span class='ocrx_word' id='word_1_676' title='bbox 3165 3567 3393 3642; x_wconf 83' lang='grc' dir='ltr'><em>ὁρᾶσθαι</em></span> <span class='ocrx_word' id='word_1_677' title='bbox 3435 3564 3641 3635; x_wconf 80' lang='grc' dir='ltr'><strong><em>σαφῶς,</em></strong></span> <span class='ocrx_word' id='word_1_678' title='bbox 3670 3566 3729 3617; x_wconf 81' lang='grc' dir='ltr'><strong><em>ὲν</em></strong></span> 
     </span>
    </p>
   </div>
   <div class='ocr_carea' id='block_1_92' title="bbox 2147 3656 3725 3737">
    <p class='ocr_par' dir='ltr' id='par_1_92' title="bbox 2147 3656 3725 3737">
     <span class='ocr_line' id='line_1_92' title="bbox 2147 3656 3725 3737; baseline -0.008 -17"><span class='ocrx_word' id='word_1_679' title='bbox 2147 3667 2335 3737; x_wconf 80' lang='grc' dir='ltr'><em>ὁράσει</em></span> <span class='ocrx_word' id='word_1_680' title='bbox 2359 3664 2417 3719; x_wconf 81' lang='grc' dir='ltr'><em>δὲ</em></span> <span class='ocrx_word' id='word_1_681' title='bbox 2447 3664 2715 3736; x_wconf 74' lang='grc' dir='ltr'><strong><em>ἠλέκτρου</em></strong></span> <span class='ocrx_word' id='word_1_682' title='bbox 2761 3663 2830 3717; x_wconf 82' lang='grc' dir='ltr'><em>τὰ</em></span> <span class='ocrx_word' id='word_1_683' title='bbox 2873 3663 3006 3717; x_wconf 87' lang='grc' dir='ltr'><em>άνω.</em></span> <span class='ocrx_word' id='word_1_684' title='bbox 3041 3661 3151 3715; x_wconf 76' lang='grc' dir='ltr'><strong><em>Καὶ</em></strong></span> <span class='ocrx_word' id='word_1_685' title='bbox 3200 3658 3367 3730; x_wconf 83' lang='grc' dir='ltr'><em>βαθὺς</em></span> <span class='ocrx_word' id='word_1_686' title='bbox 3396 3657 3462 3711; x_wconf 86' lang='grc' dir='ltr'><em>ἂν</em></span> <span class='ocrx_word' id='word_1_687' title='bbox 3493 3656 3725 3726; x_wconf 80' lang='grc' dir='ltr'><em>γένοιτο,</em></span> 
     </span>
    </p>
   </div>
   <div class='ocr_carea' id='block_1_93' title="bbox 2148 3749 3729 3829">
    <p class='ocr_par' dir='ltr' id='par_1_93' title="bbox 2148 3749 3729 3829">
     <span class='ocr_line' id='line_1_93' title="bbox 2148 3749 3729 3829; baseline -0.009 -16"><span class='ocrx_word' id='word_1_688' title='bbox 2148 3760 2245 3814; x_wconf 75' lang='grc' dir='ltr'><em>καὶ</em></span> <span class='ocrx_word' id='word_1_689' title='bbox 2273 3757 2480 3829; x_wconf 78' lang='grc' dir='ltr'><em>μακρὸς</em></span> <span class='ocrx_word' id='word_1_690' title='bbox 2508 3759 2536 3810; x_wconf 87' lang='grc' dir='ltr'><strong><em>ό</em></strong></span> <span class='ocrx_word' id='word_1_691' title='bbox 2571 3757 2656 3824; x_wconf 78' lang='grc' dir='ltr'><strong><em>ἐφ’</em></strong></span> <span class='ocrx_word' id='word_1_692' title='bbox 2695 3755 2911 3826; x_wconf 80' lang='grc' dir='ltr'><em>ἑκάστῳ</em></span> <span class='ocrx_word' id='word_1_693' title='bbox 2940 3754 3115 3823; x_wconf 84' lang='grc' dir='ltr'><em>λόγος,</em></span> <span class='ocrx_word' id='word_1_694' title='bbox 3136 3752 3295 3822; x_wconf 76' lang='grc' dir='ltr'><em>εἴπερ</em></span> <span class='ocrx_word' id='word_1_695' title='bbox 3320 3749 3492 3802; x_wconf 73' lang='grc' dir='ltr'><em>ἕλοιτό</em></span> <span class='ocrx_word' id='word_1_696' title='bbox 3515 3764 3600 3811; x_wconf 82' lang='grc' dir='ltr'><strong><em>τις</em></strong></span> <span class='ocrx_word' id='word_1_697' title='bbox 3629 3764 3729 3799; x_wconf 86' lang='grc' dir='ltr'><strong><em>πο-</em></strong></span> 
     </span>
    </p>
   </div>
   <div class='ocr_carea' id='block_1_94' title="bbox 2149 3839 3727 3922">
    <p class='ocr_par' dir='ltr' id='par_1_94' title="bbox 2149 3839 3727 3922">
     <span class='ocr_line' id='line_1_94' title="bbox 2149 3839 3727 3922; baseline -0.008 -19"><span class='ocrx_word' id='word_1_698' title='bbox 2149 3851 2550 3922; x_wconf 84' lang='grc' dir='ltr'><em>λυπραγμονεῖν</em></span> <span class='ocrx_word' id='word_1_699' title='bbox 2600 3848 2697 3911; x_wconf 80' lang='grc' dir='ltr'><em>τὰς</em></span> <span class='ocrx_word' id='word_1_700' title='bbox 2743 3846 2923 3911; x_wconf 82' lang='grc' dir='ltr'><em>αἰτίας</em></span> <span class='ocrx_word' id='word_1_701' title='bbox 2970 3846 3066 3899; x_wconf 86' lang='grc' dir='ltr'><strong><em>τοῦ</em></strong></span> <span class='ocrx_word' id='word_1_702' title='bbox 3124 3841 3420 3905; x_wconf 79' lang='grc' dir='ltr'><em>πολυειδεῖς</em></span> <span class='ocrx_word' id='word_1_703' title='bbox 3476 3839 3727 3910; x_wconf 82' lang='grc' dir='ltr'><em>γενέσθαι</em></span> 
     </span>
    </p>
   </div>
   <div class='ocr_carea' id='block_1_95' title="bbox 2152 3930 3730 4010">
    <p class='ocr_par' dir='ltr' id='par_1_95' title="bbox 2152 3930 3730 4010">
     <span class='ocr_line' id='line_1_95' title="bbox 2152 3930 3730 4010; baseline -0.008 -15"><span class='ocrx_word' id='word_1_704' title='bbox 2152 3942 2303 4010; x_wconf 79' lang='grc' dir='ltr'><em>παρὰ</em></span> <span class='ocrx_word' id='word_1_705' title='bbox 2334 3940 2468 3993; x_wconf 82' lang='grc' dir='ltr'><em>Θεοῦ</em></span> <span class='ocrx_word' id='word_1_706' title='bbox 2497 3938 2597 4003; x_wconf 83' lang='grc' dir='ltr'><em>τὰς</em></span> <span class='ocrx_word' id='word_1_707' title='bbox 2632 3940 2850 4010; x_wconf 85' lang='grc' dir='ltr'><em>ὁράσεις</em></span> <span class='ocrx_word' id='word_1_708' title='bbox 2875 3939 3079 3999; x_wconf 77' lang='grc' dir='ltr'><em>αὐτοῖς.</em></span> <span class='ocrx_word' id='word_1_709' title='bbox 3116 3935 3273 3988; x_wconf 82' lang='grc' dir='ltr'><em>Οῦτω</em></span> <span class='ocrx_word' id='word_1_710' title='bbox 3316 3931 3605 4002; x_wconf 75' lang='grc' dir='ltr'><em>τοιγαροῦν</em></span> <span class='ocrx_word' id='word_1_711' title='bbox 3635 3930 3730 3983; x_wconf 72' lang='grc' dir='ltr'><em>καὶ</em></span> 
     </span>
    </p>
   </div>
   <div class='ocr_carea' id='block_1_96' title="bbox 2150 4016 3728 4102">
    <p class='ocr_par' dir='ltr' id='par_1_96' title="bbox 2150 4016 3728 4102">
     <span class='ocr_line' id='line_1_96' title="bbox 2150 4016 3728 4102; baseline -0.011 -17"><span class='ocrx_word' id='word_1_712' title='bbox 2150 4036 2179 4085; x_wconf 81' lang='grc' dir='ltr'><strong>ὁ</strong></span> <span class='ocrx_word' id='word_1_713' title='bbox 2207 4031 2473 4102; x_wconf 85' lang='grc' dir='ltr'><em>μακάριος</em></span> <span class='ocrx_word' id='word_1_714' title='bbox 2499 4028 2776 4099; x_wconf 85' lang='grc' dir='ltr'><em>Ζαχαρίας</em></span> <span class='ocrx_word' id='word_1_715' title='bbox 2798 4025 3009 4099; x_wconf 81' lang='grc' dir='ltr'><em>καιρὸν,</em></span> <span class='ocrx_word' id='word_1_716' title='bbox 3042 4024 3138 4077; x_wconf 75' lang='grc' dir='ltr'><em>καὶ</em></span> <span class='ocrx_word' id='word_1_717' title='bbox 3164 4021 3398 4094; x_wconf 83' lang='grc' dir='ltr'><em>ἡμέρας,</em></span> <span class='ocrx_word' id='word_1_718' title='bbox 3432 4017 3527 4071; x_wconf 73' lang='grc' dir='ltr'><em>καὶ</em></span> <span class='ocrx_word' id='word_1_719' title='bbox 3583 4016 3728 4088; x_wconf 83' lang='grc' dir='ltr'><em>μῆνα</em></span> 
     </span>
    </p>
   </div>
   <div class='ocr_carea' id='block_1_97' title="bbox 2151 4110 3729 4193">
    <p class='ocr_par' dir='ltr' id='par_1_97' title="bbox 2151 4110 3729 4193">
     <span class='ocr_line' id='line_1_97' title="bbox 2151 4110 3729 4193; baseline -0.011 -16"><span class='ocrx_word' id='word_1_720' title='bbox 2151 4123 2336 4193; x_wconf 83' lang='grc' dir='ltr'><em>σαφῶς</em></span> <span class='ocrx_word' id='word_1_721' title='bbox 2377 4122 2735 4193; x_wconf 84' lang='grc' dir='ltr'><em>ὁρισάμενος,</em></span> <span class='ocrx_word' id='word_1_722' title='bbox 2767 4116 3055 4172; x_wconf 80' lang='grc' dir='ltr'><em>τεθεᾶσθαί</em></span> <span class='ocrx_word' id='word_1_723' title='bbox 3102 4131 3235 4185; x_wconf 76' lang='grc' dir='ltr'><em>φησι</em></span> <span class='ocrx_word' id='word_1_724' title='bbox 3283 4112 3373 4167; x_wconf 83' lang='grc' dir='ltr'><em>τὸν</em></span> <span class='ocrx_word' id='word_1_725' title='bbox 3420 4110 3624 4181; x_wconf 83' lang='grc' dir='ltr'><em>Κύριον</em></span> <span class='ocrx_word' id='word_1_726' title='bbox 3673 4111 3729 4160; x_wconf 74' lang='grc' dir='ltr'>ἐν</span> 
     </span>
    </p>
   </div>
   <div class='ocr_carea' id='block_1_98' title="bbox 2151 4200 3730 4286">
    <p class='ocr_par' dir='ltr' id='par_1_98' title="bbox 2151 4200 3730 4286">
     <span class='ocr_line' id='line_1_98' title="bbox 2151 4200 3730 4286; baseline -0.011 -16"><span class='ocrx_word' id='word_1_727' title='bbox 2151 4218 2281 4270; x_wconf 81' lang='grc' dir='ltr'><em>εῖδει</em></span> <span class='ocrx_word' id='word_1_728' title='bbox 2310 4214 2389 4286; x_wconf 83' lang='grc' dir='ltr'><em>τῷ</em></span> <span class='ocrx_word' id='word_1_729' title='bbox 2423 4212 2543 4268; x_wconf 84' lang='grc' dir='ltr'><em>καθ’</em></span> <span class='ocrx_word' id='word_1_730' title='bbox 2575 4213 2743 4283; x_wconf 81' lang='grc' dir='ltr'><em>ἡμᾶς.</em></span> <span class='ocrx_word' id='word_1_731' title='bbox 2784 4228 2802 4262; x_wconf 78' lang='grc' dir='ltr'><strong><em>ι</em></strong></span> <span class='ocrx_word' id='word_1_732' title='bbox 2826 4210 2957 4264; x_wconf 82' lang='grc' dir='ltr'><strong><em>Ἰδοὺ</em></strong></span> <span class='ocrx_word' id='word_1_733' title='bbox 2986 4209 3096 4279; x_wconf 84' lang='grc' dir='ltr'><em>γὰρ</em></span> <span class='ocrx_word' id='word_1_734' title='bbox 3126 4205 3286 4277; x_wconf 79' lang='grc' dir='ltr'><em>ἀνὴρ,</em></span> <span class='ocrx_word' id='word_1_735' title='bbox 3316 4204 3502 4275; x_wconf 70' lang='grc' dir='ltr'><em>φησὶν,</em></span> <span class='ocrx_word' id='word_1_736' title='bbox 3546 4200 3730 4254; x_wconf 75' lang='grc' dir='ltr'><em>ἐπιδε-</em></span> 
     </span>
    </p>
   </div>
   <div class='ocr_carea' id='block_1_99' title="bbox 2152 4294 3726 4379">
    <p class='ocr_par' dir='ltr' id='par_1_99' title="bbox 2152 4294 3726 4379">
     <span class='ocr_line' id='line_1_99' title="bbox 2152 4294 3726 4379; baseline -0.009 -17"><span class='ocrx_word' id='word_1_737' title='bbox 2152 4307 2338 4379; x_wconf 76' lang='grc' dir='ltr'><em>δηκὼς</em></span> <span class='ocrx_word' id='word_1_738' title='bbox 2372 4307 2457 4376; x_wconf 74' lang='grc' dir='ltr'><strong><em>ἐφ’</em></strong></span> <span class='ocrx_word' id='word_1_739' title='bbox 2491 4307 2656 4358; x_wconf 83' lang='grc' dir='ltr'>ἵππον</span> <span class='ocrx_word' id='word_1_740' title='bbox 2688 4303 2914 4376; x_wconf 73' lang='grc' dir='ltr'><em>πυρρόν.</em></span> <span class='ocrx_word' id='word_1_741' title='bbox 2951 4321 2969 4354; x_wconf 78' lang='grc' dir='ltr'><strong><em>ι</em></strong></span> <span class='ocrx_word' id='word_1_742' title='bbox 3009 4300 3315 4354; x_wconf 75' lang='grc' dir='ltr'><em>Αἰνίττεται</em></span> <span class='ocrx_word' id='word_1_743' title='bbox 3340 4298 3397 4351; x_wconf 81' lang='grc' dir='ltr'><em>δὲ</em></span> <span class='ocrx_word' id='word_1_744' title='bbox 3426 4295 3514 4349; x_wconf 79' lang='grc' dir='ltr'><em>διὰ</em></span> <span class='ocrx_word' id='word_1_745' title='bbox 3536 4294 3726 4348; x_wconf 83' lang='grc' dir='ltr'><em>τούτου</em></span> 
     </span>
    </p>
   </div>
   <div class='ocr_carea' id='block_1_100' title="bbox 2151 4386 3729 4466">
    <p class='ocr_par' dir='ltr' id='par_1_100' title="bbox 2151 4386 3729 4466">
     <span class='ocr_line' id='line_1_100' title="bbox 2151 4386 3729 4466; baseline -0.011 -13"><span class='ocrx_word' id='word_1_746' title='bbox 2151 4400 2243 4453; x_wconf 82' lang='grc' dir='ltr'><strong><em>τὸν</em></strong></span> <span class='ocrx_word' id='word_1_747' title='bbox 2275 4397 2558 4460; x_wconf 79' lang='grc' dir='ltr'><em>οἱονειπως</em></span> <span class='ocrx_word' id='word_1_748' title='bbox 2603 4392 3076 4466; x_wconf 78' lang='grc' dir='ltr'><em>ὲμπειροπόλεμον</em></span> <span class='ocrx_word' id='word_1_749' title='bbox 3101 4390 3206 4445; x_wconf 78' lang='grc' dir='ltr'><em>’καὶ</em></span> <span class='ocrx_word' id='word_1_750' title='bbox 3249 4388 3426 4443; x_wconf 85' lang='grc' dir='ltr'><em>εἰδότα</em></span> <span class='ocrx_word' id='word_1_751' title='bbox 3449 4386 3520 4440; x_wconf 81' lang='grc' dir='ltr'><em>τὰ</em></span> <span class='ocrx_word' id='word_1_752' title='bbox 3544 4402 3729 4439; x_wconf 84' lang='grc' dir='ltr'><em>τακτι-</em></span> 
     </span>
    </p>
   </div>
   <div class='ocr_carea' id='block_1_101' title="bbox 2152 4478 3729 4560">
    <p class='ocr_par' dir='ltr' id='par_1_101' title="bbox 2152 4478 3729 4560">
     <span class='ocr_line' id='line_1_101' title="bbox 2152 4478 3729 4560; baseline -0.011 -14"><span class='ocrx_word' id='word_1_753' title='bbox 2152 4493 2241 4546; x_wconf 88' lang='grc' dir='ltr'><em>κά.</em></span> <span class='ocrx_word' id='word_1_754' title='bbox 2273 4491 2346 4544; x_wconf 84' lang='grc' dir='ltr'>Τὸ</span> <span class='ocrx_word' id='word_1_755' title='bbox 2374 4489 2484 4560; x_wconf 82' lang='grc' dir='ltr'><em>γὰρ</em></span> <span class='ocrx_word' id='word_1_756' title='bbox 2513 4489 2666 4558; x_wconf 82' lang='grc' dir='ltr'>ἵππῳ</span> <span class='ocrx_word' id='word_1_757' title='bbox 2709 4487 2808 4559; x_wconf 86' lang='grc' dir='ltr'><em>μὲν</em></span> <span class='ocrx_word' id='word_1_758' title='bbox 2849 4486 3124 4555; x_wconf 77' lang='grc' dir='ltr'><em>ἐφιζῆσαι,</em></span> <span class='ocrx_word' id='word_1_759' title='bbox 3154 4483 3250 4536; x_wconf 75' lang='grc' dir='ltr'><em>καὶ</em></span> <span class='ocrx_word' id='word_1_760' title='bbox 3293 4480 3467 4550; x_wconf 84' lang='grc' dir='ltr'><em>τούτῳ</em></span> <span class='ocrx_word' id='word_1_761' title='bbox 3513 4478 3729 4551; x_wconf 73' lang='grc' dir='ltr'><strong><em>πυῤῥῷ.</em></strong></span> 
     </span>
    </p>
   </div>
   <div class='ocr_carea' id='block_1_102' title="bbox 2155 4572 3730 4653">
    <p class='ocr_par' dir='ltr' id='par_1_102' title="bbox 2155 4572 3730 4653">
     <span class='ocr_line' id='line_1_102' title="bbox 2155 4572 3730 4653; baseline -0.011 -15"><span class='ocrx_word' id='word_1_762' title='bbox 2155 4584 2249 4638; x_wconf 76' lang='grc' dir='ltr'><em>καὶ</em></span> <span class='ocrx_word' id='word_1_763' title='bbox 2296 4585 2392 4653; x_wconf 83' lang='grc' dir='ltr'><em>τὴν</em></span> <span class='ocrx_word' id='word_1_764' title='bbox 2434 4577 2547 4635; x_wconf 77' lang='grc' dir='ltr'><em>οἷον</em></span> <span class='ocrx_word' id='word_1_765' title='bbox 2596 4581 2656 4647; x_wconf 80' lang='grc' dir='ltr'>ἐξ</span> <span class='ocrx_word' id='word_1_766' title='bbox 2701 4580 2929 4650; x_wconf 79' lang='grc' dir='ltr'><em>αἵματος</em></span> <span class='ocrx_word' id='word_1_767' title='bbox 2958 4577 3133 4649; x_wconf 78' lang='grc' dir='ltr'><em>ἔχοντι</em></span> <span class='ocrx_word' id='word_1_768' title='bbox 3167 4573 3379 4647; x_wconf 81' lang='grc' dir='ltr'><em>χροιάν,</em></span> <span class='ocrx_word' id='word_1_769' title='bbox 3404 4572 3642 4645; x_wconf 87' lang='grc' dir='ltr'><em>τοιοῦτόν</em></span> <span class='ocrx_word' id='word_1_770' title='bbox 3676 4587 3730 4621; x_wconf 89' lang='grc' dir='ltr'><strong><em>τι</em></strong></span> 
     </span>
    </p>
   </div>
   <div class='ocr_carea' id='block_1_103' title="bbox 2150 4665 3731 4747">
    <p class='ocr_par' dir='ltr' id='par_1_103' title="bbox 2150 4665 3731 4747">
     <span class='ocr_line' id='line_1_103' title="bbox 2150 4665 3731 4747; baseline -0.009 -17"><span class='ocrx_word' id='word_1_771' title='bbox 2150 4675 2303 4747; x_wconf 79' lang='grc' dir='ltr'><em>οἶμαί</em></span> <span class='ocrx_word' id='word_1_772' title='bbox 2336 4690 2436 4730; x_wconf 88' lang='grc' dir='ltr'><strong><em>που</em></strong></span> <span class='ocrx_word' id='word_1_773' title='bbox 2469 4674 2757 4746; x_wconf 77' lang='grc' dir='ltr'><em>σημαίνειν</em></span> <span class='ocrx_word' id='word_1_774' title='bbox 2782 4673 2985 4726; x_wconf 82' lang='grc' dir='ltr'><em>λοιπόν.</em></span> <span class='ocrx_word' id='word_1_775' title='bbox 3017 4672 3266 4739; x_wconf 84' lang='grc' dir='ltr'><em>Μάχεται</em></span> <span class='ocrx_word' id='word_1_776' title='bbox 3290 4667 3397 4736; x_wconf 89' lang='grc' dir='ltr'><em>γὰρ</em></span> <span class='ocrx_word' id='word_1_777' title='bbox 3416 4669 3444 4720; x_wconf 86' lang='grc' dir='ltr'><strong><em>ό</em></strong></span> <span class='ocrx_word' id='word_1_778' title='bbox 3466 4665 3572 4718; x_wconf 82' lang='grc' dir='ltr'><strong><em>τῶν</em></strong></span> <span class='ocrx_word' id='word_1_779' title='bbox 3593 4665 3731 4717; x_wconf 76' lang='grc' dir='ltr'>ὅλων</span> 
     </span>
    </p>
   </div>
   <div class='ocr_carea' id='block_1_104' title="bbox 2150 4755 3732 4836">
    <p class='ocr_par' dir='ltr' id='par_1_104' title="bbox 2150 4755 3732 4836">
     <span class='ocr_line' id='line_1_104' title="bbox 2150 4755 3732 4836; baseline -0.01 -11"><span class='ocrx_word' id='word_1_780' title='bbox 2150 4773 2281 4835; x_wconf 72' lang='grc' dir='ltr'><em>Θεὸς</em></span> <span class='ocrx_word' id='word_1_781' title='bbox 2331 4773 2440 4833; x_wconf 84' lang='grc' dir='ltr'><em>τοῖς</em></span> <span class='ocrx_word' id='word_1_782' title='bbox 2490 4767 2874 4836; x_wconf 81' lang='grc' dir='ltr'><em>ἀντεξάγουσιν</em></span> <span class='ocrx_word' id='word_1_783' title='bbox 2907 4763 3076 4834; x_wconf 75' lang='grc' dir='ltr'><em>αὐτῷ,</em></span> <span class='ocrx_word' id='word_1_784' title='bbox 3109 4763 3203 4816; x_wconf 80' lang='grc' dir='ltr'><em>καὶ</em></span> <span class='ocrx_word' id='word_1_785' title='bbox 3233 4755 3324 4815; x_wconf 77' lang='grc' dir='ltr'><strong><em>οἷά</em></strong></span> <span class='ocrx_word' id='word_1_786' title='bbox 3351 4777 3435 4822; x_wconf 87' lang='grc' dir='ltr'><strong><em>τις</em></strong></span> <span class='ocrx_word' id='word_1_787' title='bbox 3469 4757 3732 4828; x_wconf 77' lang='grc' dir='ltr'><em>πολέμιος</em></span> 
     </span>
    </p>
   </div>
   <div class='ocr_carea' id='block_1_105' title="bbox 2151 4847 3731 4924">
    <p class='ocr_par' dir='ltr' id='par_1_105' title="bbox 2151 4847 3731 4924">
     <span class='ocr_line' id='line_1_105' title="bbox 2151 4847 3731 4924; baseline -0.011 -9"><span class='ocrx_word' id='word_1_788' title='bbox 2151 4859 2534 4924; x_wconf 75' lang='grc' dir='ltr'><em>ἁνθοπλίζεται</em></span> <span class='ocrx_word' id='word_1_789' title='bbox 2572 4860 2681 4920; x_wconf 81' lang='grc' dir='ltr'><em>τοῖς</em></span> <span class='ocrx_word' id='word_1_790' title='bbox 2702 4855 2901 4924; x_wconf 85' lang='grc' dir='ltr'><em>ἀπειθῆ</em></span> <span class='ocrx_word' id='word_1_791' title='bbox 2928 4853 3022 4907; x_wconf 72' lang='grc' dir='ltr'><em>καὶ</em></span> <span class='ocrx_word' id='word_1_792' title='bbox 3047 4852 3325 4923; x_wconf 84' lang='grc' dir='ltr'><em>ἀγέρωχον</em></span> <span class='ocrx_word' id='word_1_793' title='bbox 3347 4847 3731 4903; x_wconf 79' lang='grc' dir='ltr'><em>άντανιστᾶσιν</em></span> 
     </span>
    </p>
   </div>
   <div class='ocr_carea' id='block_1_106' title="bbox 2151 4940 3731 5024">
    <p class='ocr_par' dir='ltr' id='par_1_106' title="bbox 2151 4940 3731 5024">
     <span class='ocr_line' id='line_1_106' title="bbox 2151 4940 3731 5024; baseline -0.011 -16"><span class='ocrx_word' id='word_1_794' title='bbox 2151 4952 2301 5024; x_wconf 80' lang='grc' dir='ltr'><em>αὐτῷ</em></span> <span class='ocrx_word' id='word_1_795' title='bbox 2333 4953 2426 5006; x_wconf 75' lang='grc' dir='ltr'><strong><em>τὸν</em></strong></span> <span class='ocrx_word' id='word_1_796' title='bbox 2456 4951 2557 5021; x_wconf 81' lang='grc' dir='ltr'><em>τῆς</em></span> <span class='ocrx_word' id='word_1_797' title='bbox 2598 4948 2837 5012; x_wconf 80' lang='grc' dir='ltr'><em>διανοίας</em></span> <span class='ocrx_word' id='word_1_798' title='bbox 2865 4944 3308 5018; x_wconf 75' lang='grc' dir='ltr'><em>αὐχένα.Ἕδρων</em></span> <span class='ocrx_word' id='word_1_799' title='bbox 3332 4941 3390 4994; x_wconf 83' lang='grc' dir='ltr'><em>δὲ</em></span> <span class='ocrx_word' id='word_1_800' title='bbox 3427 4940 3606 5005; x_wconf 85' lang='grc' dir='ltr'><em>τοῦτο,</em></span> <span class='ocrx_word' id='word_1_801' title='bbox 3639 4941 3731 4992; x_wconf 71' lang='grc' dir='ltr'><em>καὶ</em></span> 
     </span>
    </p>
   </div>
   <div class='ocr_carea' id='block_1_107' title="bbox 2157 5028 3732 5114">
    <p class='ocr_par' dir='ltr' id='par_1_107' title="bbox 2157 5028 3732 5114">
     <span class='ocr_line' id='line_1_107' title="bbox 2157 5028 3732 5114; baseline -0.011 -16"><span class='ocrx_word' id='word_1_802' title='bbox 2157 5042 2303 5114; x_wconf 82' lang='grc' dir='ltr'><em>μάλα</em></span> <span class='ocrx_word' id='word_1_803' title='bbox 2328 5042 2614 5105; x_wconf 82' lang='grc' dir='ltr'><em>νεανικῶς,</em></span> <span class='ocrx_word' id='word_1_804' title='bbox 2641 5041 2692 5093; x_wconf 88' lang='grc' dir='ltr'><em>οἱ</em></span> <span class='ocrx_word' id='word_1_805' title='bbox 2721 5038 2781 5103; x_wconf 82' lang='grc' dir='ltr'>ἐξ</span> <span class='ocrx_word' id='word_1_806' title='bbox 2801 5039 3028 5109; x_wconf 83' lang='grc' dir='ltr'><em>αἳματος</em></span> <span class='ocrx_word' id='word_1_807' title='bbox 3050 5035 3285 5105; x_wconf 80' lang='grc' dir='ltr'><em>Ἰσραὴλ,</em></span> <span class='ocrx_word' id='word_1_808' title='bbox 3313 5033 3364 5085; x_wconf 80' lang='grc' dir='ltr'><strong><em>οἵ</em></strong></span> <span class='ocrx_word' id='word_1_809' title='bbox 3388 5048 3446 5085; x_wconf 83' lang='grc' dir='ltr'><strong><em>τε</em></strong></span> <span class='ocrx_word' id='word_1_810' title='bbox 3480 5030 3577 5099; x_wconf 80' lang='grc' dir='ltr'><strong><em>τὴν</em></strong></span> <span class='ocrx_word' id='word_1_811' title='bbox 3601 5028 3732 5083; x_wconf 81' lang='grc' dir='ltr'><strong><em>Ἰου-</em></strong></span> 
     </span>
    </p>
   </div>
   <div class='ocr_carea' id='block_1_108' title="bbox 2152 5121 3733 5203">
    <p class='ocr_par' dir='ltr' id='par_1_108' title="bbox 2152 5121 3733 5203">
     <span class='ocr_line' id='line_1_108' title="bbox 2152 5121 3733 5203; baseline -0.011 -14"><span class='ocrx_word' id='word_1_812' title='bbox 2152 5136 2309 5189; x_wconf 84' lang='grc' dir='ltr'><em>δαίαν</em></span> <span class='ocrx_word' id='word_1_813' title='bbox 2358 5134 2454 5188; x_wconf 77' lang='grc' dir='ltr'><em>καὶ</em></span> <span class='ocrx_word' id='word_1_814' title='bbox 2494 5133 2664 5203; x_wconf 81' lang='grc' dir='ltr'><em>αὐτὴν</em></span> <span class='ocrx_word' id='word_1_815' title='bbox 2709 5130 2987 5192; x_wconf 80' lang='grc' dir='ltr'><em>οἰκοῦντες</em></span> <span class='ocrx_word' id='word_1_816' title='bbox 3035 5130 3135 5198; x_wconf 79' lang='grc' dir='ltr'><em>τὴν</em></span> <span class='ocrx_word' id='word_1_817' title='bbox 3188 5123 3583 5197; x_wconf 83' lang='grc' dir='ltr'><em>Ἰερουσαλήμ·</em></span> <span class='ocrx_word' id='word_1_818' title='bbox 3637 5121 3733 5173; x_wconf 75' lang='grc' dir='ltr'><em>καὶ</em></span> 
     </span>
    </p>
   </div>
   <div class='ocr_carea' id='block_1_109' title="bbox 2155 5208 3798 5306">
    <p class='ocr_par' dir='ltr' id='par_1_109' title="bbox 2155 5208 3798 5306">
     <span class='ocr_line' id='line_1_109' title="bbox 2155 5208 3798 5306; baseline -0.011 -23"><span class='ocrx_word' id='word_1_819' title='bbox 2155 5228 2262 5300; x_wconf 84' lang='grc' dir='ltr'><em>μὴν</em></span> <span class='ocrx_word' id='word_1_820' title='bbox 2288 5229 2382 5283; x_wconf 74' lang='grc' dir='ltr'><em>καὶ</em></span> <span class='ocrx_word' id='word_1_821' title='bbox 2406 5229 2457 5281; x_wconf 77' lang='grc' dir='ltr'><strong><em>οἱ</em></strong></span> <span class='ocrx_word' id='word_1_822' title='bbox 2480 5226 2578 5298; x_wconf 81' lang='grc' dir='ltr'><strong><em>τὴν</em></strong></span> <span class='ocrx_word' id='word_1_823' title='bbox 2601 5224 2955 5296; x_wconf 86' lang='grc' dir='ltr'><em>Σαμαρειτῶν</em></span> <span class='ocrx_word' id='word_1_824' title='bbox 2974 5221 3157 5292; x_wconf 81' lang='grc' dir='ltr'><em>χώραν</em></span> <span class='ocrx_word' id='word_1_825' title='bbox 3177 5220 3410 5291; x_wconf 76' lang='grc' dir='ltr'><em>ἔχοντες,</em></span> <span class='ocrx_word' id='word_1_826' title='bbox 3429 5215 3730 5276; x_wconf 77' lang='grc' dir='ltr'><em>τουτέστιν,</em></span> <span class='ocrx_word' id='word_1_827' title='bbox 3765 5208 3798 5306; x_wconf 66' lang='lat'><strong>&#39;\</strong></span> 
     </span>
    </p>
   </div>
   <div class='ocr_carea' id='block_1_110' title="bbox 2153 5305 3732 5390">
    <p class='ocr_par' dir='ltr' id='par_1_110' title="bbox 2153 5305 3732 5390">
     <span class='ocr_line' id='line_1_110' title="bbox 2153 5305 3732 5390; baseline -0.012 -12"><span class='ocrx_word' id='word_1_828' title='bbox 2153 5328 2208 5377; x_wconf 81' lang='grc' dir='ltr'><em>αἱ</em></span> <span class='ocrx_word' id='word_1_829' title='bbox 2259 5324 2392 5377; x_wconf 73' lang='grc' dir='ltr'><em>δέκα</em></span> <span class='ocrx_word' id='word_1_830' title='bbox 2439 5317 2971 5390; x_wconf 79' lang='grc' dir='ltr'><em>φυλαί.Ἐτράποντο</em></span> <span class='ocrx_word' id='word_1_831' title='bbox 3019 5314 3127 5386; x_wconf 86' lang='grc' dir='ltr'><em>γὰρ</em></span> <span class='ocrx_word' id='word_1_832' title='bbox 3172 5315 3251 5375; x_wconf 78' lang='grc' dir='ltr'><em>εἰς</em></span> <span class='ocrx_word' id='word_1_833' title='bbox 3296 5309 3610 5373; x_wconf 80' lang='grc' dir='ltr'><em>πολυθεῒαν,</em></span> <span class='ocrx_word' id='word_1_834' title='bbox 3639 5305 3732 5360; x_wconf 69' lang='grc' dir='ltr'><em>καὶ</em></span> 
     </span>
    </p>
   </div>
   <div class='ocr_carea' id='block_1_111' title="bbox 2152 5401 3733 5485">
    <p class='ocr_par' dir='ltr' id='par_1_111' title="bbox 2152 5401 3733 5485">
     <span class='ocr_line' id='line_1_111' title="bbox 2152 5401 3733 5485; baseline -0.011 -16"><span class='ocrx_word' id='word_1_835' title='bbox 2152 5419 2265 5479; x_wconf 89' lang='grc' dir='ltr'><em>τοῖς</em></span> <span class='ocrx_word' id='word_1_836' title='bbox 2291 5414 2677 5485; x_wconf 80' lang='grc' dir='ltr'><em>χειροκμήτοις</em></span> <span class='ocrx_word' id='word_1_837' title='bbox 2725 5410 2785 5465; x_wconf 77' lang='grc' dir='ltr'><em>τὸ</em></span> <span class='ocrx_word' id='word_1_838' title='bbox 2835 5408 2998 5469; x_wconf 78' lang='grc' dir='ltr'><em>σέϐας</em></span> <span class='ocrx_word' id='word_1_839' title='bbox 3045 5408 3392 5466; x_wconf 85' lang='grc' dir='ltr'><em>ἀνάπτοντες,</em></span> <span class='ocrx_word' id='word_1_840' title='bbox 3422 5401 3733 5470; x_wconf 80' lang='grc' dir='ltr'><em>ἐπεφώνουν</em></span> 
     </span>
    </p>
   </div>
   <div class='ocr_carea' id='block_1_112' title="bbox 2156 5492 3731 5576">
    <p class='ocr_par' dir='ltr' id='par_1_112' title="bbox 2156 5492 3731 5576">
     <span class='ocr_line' id='line_1_112' title="bbox 2156 5492 3731 5576; baseline -0.013 -16"><span class='ocrx_word' id='word_1_841' title='bbox 2156 5510 2273 5571; x_wconf 80' lang='grc' dir='ltr'><em>ταῖς</em></span> <span class='ocrx_word' id='word_1_842' title='bbox 2316 5503 2578 5576; x_wconf 85' lang='grc' dir='ltr'><em>δαμάλεσι</em></span> <span class='ocrx_word' id='word_1_843' title='bbox 2622 5505 2741 5566; x_wconf 79' lang='grc' dir='ltr'><em>ταῖς</em></span> <span class='ocrx_word' id='word_1_844' title='bbox 2791 5502 3047 5572; x_wconf 76' lang='grc' dir='ltr'><em>χρυσαῖς’</em></span> <span class='ocrx_word' id='word_1_845' title='bbox 3106 5518 3128 5550; x_wconf 68' lang='grc' dir='ltr'><strong>ς</strong></span> <span class='ocrx_word' id='word_1_846' title='bbox 3158 5492 3318 5551; x_wconf 75' lang='grc' dir='ltr'><em>Οὗτοι</em></span> <span class='ocrx_word' id='word_1_847' title='bbox 3369 5496 3419 5548; x_wconf 74' lang='grc' dir='ltr'><strong><em>οἱ</em></strong></span> <span class='ocrx_word' id='word_1_848' title='bbox 3467 5493 3580 5547; x_wconf 80' lang='grc' dir='ltr'><strong><em>θεοί</em></strong></span> <span class='ocrx_word' id='word_1_849' title='bbox 3629 5507 3731 5548; x_wconf 81' lang='grc' dir='ltr'><em>σοι,</em></span> 
     </span>
    </p>
   </div>
   <div class='ocr_carea' id='block_1_113' title="bbox 2168 5586 3727 5671">
    <p class='ocr_par' dir='ltr' id='par_1_113' title="bbox 2168 5586 3727 5671">
     <span class='ocr_line' id='line_1_113' title="bbox 2168 5586 3727 5671; baseline -0.013 -16"><span class='ocrx_word' id='word_1_850' title='bbox 2168 5598 2406 5671; x_wconf 80' lang='grc' dir='ltr'><em>Ἰσραὴλ,</em></span> <span class='ocrx_word' id='word_1_851' title='bbox 2434 5598 2629 5660; x_wconf 77' lang='grc' dir='ltr'><em>οἵτινες</em></span> <span class='ocrx_word' id='word_1_852' title='bbox 2690 5595 2968 5667; x_wconf 73' lang='grc' dir='ltr'><em>ἀνήγαγον</em></span> <span class='ocrx_word' id='word_1_853' title='bbox 3018 5608 3075 5646; x_wconf 86' lang='grc' dir='ltr'><strong><em>σε</em></strong></span> <span class='ocrx_word' id='word_1_854' title='bbox 3126 5593 3188 5644; x_wconf 84' lang='grc' dir='ltr'><em>ὲκ</em></span> <span class='ocrx_word' id='word_1_855' title='bbox 3233 5590 3333 5659; x_wconf 80' lang='grc' dir='ltr'><em>γῆς</em></span> <span class='ocrx_word' id='word_1_856' title='bbox 3383 5586 3675 5656; x_wconf 67' lang='grc' dir='ltr'><em>Αἰγύπτου,</em></span> <span class='ocrx_word' id='word_1_857' title='bbox 3707 5602 3727 5633; x_wconf 72' lang='grc' dir='ltr'><strong>ο</strong></span> 
     </span>
    </p>
   </div>
   <div class='ocr_carea' id='block_1_114' title="bbox 2157 5677 3729 5761">
    <p class='ocr_par' dir='ltr' id='par_1_114' title="bbox 2157 5677 3729 5761">
     <span class='ocr_line' id='line_1_114' title="bbox 2157 5677 3729 5761; baseline -0.011 -15"><span class='ocrx_word' id='word_1_858' title='bbox 2157 5694 2251 5747; x_wconf 69' lang='grc' dir='ltr'><em>καὶ</em></span> <span class='ocrx_word' id='word_1_859' title='bbox 2276 5691 2413 5761; x_wconf 84' lang='grc' dir='ltr'><em>πρός</em></span> <span class='ocrx_word' id='word_1_860' title='bbox 2444 5707 2505 5758; x_wconf 88' lang='grc' dir='ltr'><strong><em>γε</em></strong></span> <span class='ocrx_word' id='word_1_861' title='bbox 2526 5689 2589 5759; x_wconf 83' lang='grc' dir='ltr'><em>δὴ</em></span> <span class='ocrx_word' id='word_1_862' title='bbox 2619 5685 2827 5751; x_wconf 55' lang='lat' dir='ltr'><strong><em>cotis-0t;</em></strong></span> <span class='ocrx_word' id='word_1_863' title='bbox 2859 5685 2964 5741; x_wconf 83' lang='grc' dir='ltr'><strong><em>τῶν</em></strong></span> <span class='ocrx_word' id='word_1_864' title='bbox 2995 5685 3087 5738; x_wconf 82' lang='grc' dir='ltr'><strong><em>τοῦ</em></strong></span> <span class='ocrx_word' id='word_1_865' title='bbox 3120 5682 3409 5756; x_wconf 70' lang='grc' dir='ltr'><em>νομοθέτου</em></span> <span class='ocrx_word' id='word_1_866' title='bbox 3435 5677 3729 5746; x_wconf 74' lang='grc' dir='ltr'><em>θεσπισμά-</em></span> 
     </span>
    </p>
   </div>
   <div class='ocr_carea' id='block_1_115' title="bbox 1669 5871 2650 5946">
    <p class='ocr_par' dir='ltr' id='par_1_115' title="bbox 1669 5871 2650 5946">
     <span class='ocr_line' id='line_1_115' title="bbox 1669 5871 2650 5946; baseline -0.006 -18"><span class='ocrx_word' id='word_1_867' title='bbox 1669 5873 1708 5903; x_wconf 69' lang='grc'><strong><em>¹⁸</em></strong></span> <span class='ocrx_word' id='word_1_868' title='bbox 1737 5871 1906 5929; x_wconf 79' lang='lat' dir='ltr'><strong><em>Exod.</em></strong></span> <span class='ocrx_word' id='word_1_869' title='bbox 1938 5888 2016 5940; x_wconf 86' lang='lat' dir='ltr'><strong><em>ut,</em></strong></span> <span class='ocrx_word' id='word_1_870' title='bbox 2050 5875 2132 5942; x_wconf 71' lang='grc' dir='ltr'><em>Β,</em></span> <span class='ocrx_word' id='word_1_871' title='bbox 2166 5873 2228 5928; x_wconf 86' lang='lat' dir='ltr'><strong><em>lll</em></strong></span> <span class='ocrx_word' id='word_1_872' title='bbox 2267 5874 2392 5946; x_wconf 77' lang='lat' dir='ltr'><strong><em>Reg.</em></strong></span> <span class='ocrx_word' id='word_1_873' title='bbox 2430 5889 2528 5937; x_wconf 72' lang='lat' dir='ltr'><strong><em>xu,</em></strong></span> <span class='ocrx_word' id='word_1_874' title='bbox 2561 5872 2650 5926; x_wconf 74' lang='lat'><strong><em>‘28.</em></strong></span> 
     </span>
    </p>
   </div>
  </div>
