4072 6370
402 403 473 457 23
1390 398 1446 455 S.
1486 396 1755 455 CYRILLI
1793 395 2260 454 ALEXANDRINI
2297 395 2616 453 ARCHIEP.

3577 402 3657 456 αι

404 515 677 585 parabolae
717 515 1061 588 evangelicm.
1101 513 1193 572 Ait
1220 516 1363 572 enim
1394 516 1589 573 alicubi
1621 517 1872 573 Christus
1906 517 1970 570 de

2074 514 2233 586 λικῆς
2273 515 2589 587 παραϐολῆς
2622 515 3083 587 ἡδῦναμις.⁹Εφη
3129 516 3238 588 γαρ
3281 535 3382 571 που
3419 519 3654 588 Χριστὸς

405 622 675 678 synagoga
727 606 1056 675 Iudaeorum,
1111 608 1211 665 sub
1263 609 1540 665 involucro
1592 609 1669 665 illi
1717 621 1976 665 eventura

407 711 826 775 prteritoustrans
855 719 868 753 :
905 717 923 750 ι
952 700 1141 755 Ficum
1174 700 1404 757 habebat
1428 701 1648 772 quidam
1678 701 1975 771 plantatam

408 788 619 859 inagro
671 806 770 844 suo
795 791 861 847 ".
899 810 918 844 ι
958 790 1129 859 Quam
1167 801 1225 848 ut
1253 794 1492 849 sterilem
1523 794 1842 850 exscindere
1882 809 1979 850 vo-

409 882 540 946 luit,
592 881 754 951 idque
815 883 1011 939 cultori
1077 886 1247 939 vinea:
1298 884 1617 941 mandavit:
1658 903 1677 936 ι
1710 883 1980 940 Exscinde

408 971 574 1034 illam,
599 972 776 1042 inquit
803 990 816 1027 :
851 983 908 1027 ut
941 974 1069 1043 quid
1099 976 1276 1029 adhuc
1307 981 1510 1029 terram
1541 974 1805 1045 occupat?
1837 973 1975 1029 Tum

406 1065 583 1120 cultor
618 1083 630 1116 :
668 1065 910 1131 Domine,
932 1066 1049 1122 sine
1085 1068 1230 1122 illam
1270 1068 1436 1123 etiam
1470 1066 1577 1124 hoc
1605 1081 1770 1132 anno,
1805 1081 1978 1136 usque

407 1160 533 1212 dum
574 1158 770 1213 fodiam
819 1159 964 1214 circa
1014 1159 1185 1225 illam,
1228 1167 1281 1217 et
1328 1161 1540 1215 mittam
1595 1168 1839 1215 stercora
1874 1176 1889 1213 :
1922 1164 1979 1213 et

406 1248 637 1302 fortasse
685 1247 879 1303 fecerit
925 1248 1161 1303 fructum
1214 1249 1266 1303 in
1303 1256 1582 1319 posterum
1633 1265 1647 1301 :
1693 1247 1740 1304 si
1775 1249 1974 1312 minus,

404 1340 689 1394 essciutles
733 1355 851 1395 eam
880 1339 945 1393 ⁸⁸.
983 1359 1002 1392 s
1034 1338 1172 1406 Quid
1217 1341 1362 1397 enim
1407 1340 1550 1396 aliud
1594 1340 1749 1395 nobis
1793 1339 1847 1395 in
1891 1339 1976 1394 his

406 1446 636 1500 persona
693 1432 939 1488 vinitoris
988 1433 1252 1499 insinuat,
1300 1434 1401 1489 nisi
1443 1431 1758 1504 praefectum
1804 1446 1976 1503 ange-

404 1524 538 1591 lum,
568 1533 623 1580 et
674 1525 741 1581 ad
789 1526 984 1594 ipsam,
1036 1534 1096 1580 ut
1135 1524 1270 1590 disi,
1316 1525 1669 1582 erudiendam
1706 1526 1975 1582 constituo

406 1617 566 1672 tum?
609 1617 778 1688 igitur
830 1618 941 1674 Deo
978 1616 1342 1690 Captivitatem
1386 1634 1530 1674 anno
1579 1619 1977 1690 septuagesimo

404 1711 907 1778 circumscribente,
944 1721 1072 1767 ante
1104 1711 1156 1767 id
1202 1721 1413 1782 tempus
1440 1711 1676 1776 ﬁnitum,
1707 1710 1975 1766 silendum

403 1799 506 1854 fuit
535 1802 863 1867 necessario,
902 1817 971 1857 ne
997 1801 1294 1856 Dominicis
1326 1801 1546 1858 nutibus
1589 1802 1866 1858 adversari
1895 1801 1977 1855 vi-

2084 606 2217 677 περὶ
2247 607 2347 676 τῆς
2378 606 2486 659 τῶν
2511 606 2779 660 Ἰουδαίων
2811 608 3151 679 συναγωγῆς,
3187 608 3248 661 τὸ
3293 610 3483 679 μέλλον
3514 611 3650 680 αὐτῇ

2086 696 2463 769 συμϐήσεσθαι
2490 697 2918 768 προαναδεικνῦς
2942 699 3355 769 αἰνιγματωδῶς
3374 718 3389 731 ·
3430 720 3447 750 ι
3474 702 3654 769 Συκῆν

2085 783 2197 858 εἶχέ
2236 804 2320 851 τις
2353 786 2767 859 πεφυτευμένην
2797 788 2856 841 ἐν
2882 788 2961 858 τῷ
2985 788 3141 860 ἀγρῷ
3160 789 3348 844 αὐτοῦ.
3379 811 3396 841 ι
3435 792 3652 861 Ἐπειδὴ

2083 879 2139 933 δὲ
2168 880 2416 949 ἄκαρπος
2444 876 2532 952 ἦν,
2559 880 2847 934 ἐκκόπτειν
2883 880 3052 953 αὐτὴν
3081 880 3261 954 ἤθελε,
3288 886 3380 937 καὶ
3403 883 3469 954 δὴ
3497 882 3655 936 τοῦτο

2083 971 2213 1043 δρᾷν
2245 970 2463 1026 ἐκέλευε
2483 972 2658 1040 λέγων
2681 971 2760 1042 τῷ
2802 972 3057 1041 γηπόνῳο
3101 993 3118 1024 ι
3148 974 3418 1044 Ἐκκοψον
3463 973 3651 1044 αὐτὴν,

2085 1064 2173 1117 ἵνα
2200 1064 2253 1118 τί
2279 1062 2374 1119 καὶ
2393 1063 2489 1137 τὴν
2515 1066 2619 1135 γῆν
2643 1066 2943 1137 καταργεῖς
2987 1065 3045 1119 '0
3067 1065 3124 1119 δὲ
3146 1066 3282 1137 πρὸς
3309 1065 3467 1120 τοῦτό
3484 1083 3616 1136 φησι
3632 1081 3649 1097 ⁸

2083 1156 2279 1230 Κύριε,
2305 1158 2441 1226 ἄφες
2472 1157 2642 1230 αὐτὴν
2675 1158 2769 1213 καὶ⁵
2794 1157 2952 1212 τοῦτο
2984 1158 3044 1212 τὸ
3075 1159 3210 1223 ἔτος,
3240 1158 3345 1223 ἐως
3372 1157 3439 1213 ἂν
3463 1158 3656 1228 σκάψω

2085 1249 2214 1320 περὶ
2235 1248 2424 1320 αὐτὴν,
2444 1249 2538 1302 καὶ
2563 1248 2741 1319 βάλλω
2763 1249 2967 1322 κόπρια
2991 1266 3006 1281 ⁸
3034 1250 3137 1304 κᾶν
3165 1250 3265 1320 μὲν
3294 1250 3495 1323 ποιήσῃ
3521 1266 3656 1319 καρ-

2085 1340 2185 1393 πὸν
2207 1342 2287 1405 είς
2313 1339 2374 1394 τὸ
2400 1340 2593 1410 μέλλον
2617 1357 2631 1371 ’
2659 1342 2707 1394 εί
2732 1341 2787 1394 δὲ
2818 1342 2893 1412 μή
2923 1359 3010 1411 γε,
3042 1342 3299 1412 ἐκκόψεις
3328 1342 3520 1413 αὐτήν.
3545 1361 3565 1394 s
3589 1342 3655 1395 Τί

2083 1433 2191 1504 γάρ
2214 1433 2400 1504 ἕτερον
2420 1434 2553 1503 ἡμῖν
2581 1434 2639 1485 ἐν
2659 1431 2870 1496 τούτοις
2893 1433 2955 1487 τὸ
2982 1433 3076 1488 τοῦ
3101 1435 3342 1505 γηπόνου
3367 1434 3656 1506 πρόσωπον

2083 1523 2476 1584 ὑπαινίττεται,
2497 1523 2636 1594 πλὴν
2666 1524 2746 1577 ὅτι
2767 1523 2827 1577 τὸ
2846 1522 2942 1577 τοῦ
2967 1524 3365 1595 προεστηκότος
3399 1523 3653 1592 ἀγγέλου,

2083 1615 2178 1668 καὶ
2217 1616 2583 1684 παιδαγωγεῖν
2621 1614 2810 1686 αὐτὴν,
2839 1615 2915 1680 ὡς
2944 1615 3100 1687 ἔφην,
3136 1616 3611 1688 προστεταγμένου
3637 1634 3651 1680 ;

2092 1706 2404 1779 Ὃρίσαντος
2429 1704 2524 1761 οῦν
2548 1706 2644 1760 τοῦ
2668 1706 2804 1760 Θεοῦ
2831 1709 2933 1779 τῆς
2956 1707 3332 1779 αἰχμαλωσίας
3354 1707 3445 1761 τὸν
3466 1708 3655 1778 χρόνον

2082 1801 2161 1862 είς
2198 1799 2317 1863 ἔτος
2355 1800 2774 1871 ἑϐδομηκοστὸν,
2800 1797 2956 1854 οὔπω
2989 1800 3088 1870 μὲν
3113 1801 3193 1864 εἰς
3227 1799 3403 1870 πέρας
3429 1799 3655 1870 ἥκοντος

401 1892 646 1948 derctur.
691 1891 959 1948 Ceterum
1011 1892 1166 1946 annis
1214 1892 1324 1960 jam
1388 1890 1719 1957 transactis,
1780 1904 1970 1960 preces

2074 1888 2167 1942 τοῦ
2199 1890 2415 1962 καιροῦ,
2446 1893 2661 1962 σιωπᾷν
2687 1886 2754 1961 ἢν
2783 1891 3099 1959 ἀναγκαῖον,
3127 1891 3204 1954 ὡς
3242 1889 3308 1944 ἂν
3355 1890 3429 1961 μὴ
3471 1889 3655 1959 δοκοίη

404 1981 583 2039 fundit
606 1983 918 2054 suppliciter
937 2001 952 2038 :
971 1983 1391 2053 oli'ensionisque
1408 1984 1718 2054 suspicione
1737 1982 1971 2045 sublata,

401 2090 523 2129 cum
571 2075 709 2129 sciat
765 2074 1052 2130 Dominum
1100 2075 1314 2130 mentiri
1345 2090 1475 2141 ⁸ιιοιι
1522 2088 1701 2145 posse,
1762 2075 1974 2129 discere

400 2167 548 2234 cupit
573 2160 734 2240 661
767 2176 945 2223 utrum
987 2167 1111 2222 irati
1153 2167 1413 2232 vindicta,
1436 2165 1588 2235 juxta
1624 2174 1779 2222 vetus
1808 2166 1974 2221 bene-

397 2259 659 2329 placitum
717 2260 771 2314 in
822 2274 1022 2314 annum
1081 2257 1537 2328 septuagesimum
1594 2258 1967 2322 extendenda,

400 2353 622 2423 perinde
650 2351 898 2414 cessarit,
931 2352 1074 2407 sicut
1125 2366 1352 2420 peccare
1399 2351 1681 2416 desierint,
1722 2352 1814 2422 qui
1846 2366 1973 2422 pec-

399 2447 605 2503 cabant
638 2464 652 2501 :
687 2462 753 2500 an
795 2447 933 2500 ultra
964 2444 1140 2500 adhuc
1171 2444 1512 2515 proferenda,
1558 2445 1757 2500 additis
1778 2459 1971 2516 pecca-

401 2540 470 2595 tis
504 2538 678 2600 uovis,
723 2548 780 2593 et
816 2537 1153 2606 proroganda
1185 2535 1362 2593 adhuc
1410 2536 1463 2591 in
1498 2535 1714 2603 longum
1749 2534 1972 2590 calami-

400 2641 502 2685 tas.
532 2630 741 2705 idcirco
767 2631 839 2683 ait
868 2648 882 2683 :
922 2649 940 2681 ι
975 2628 1265 2699 Quousque
1294 2644 1397 2683 non
1445 2628 1791 2683 misereberis
1814 2626 1971 2683 Jeru-

308 2783 315 2791 _
397 2724 604 2787 salem,
666 2731 721 2776 et
777 2722 1055 2778 civitatum
1117 2720 1268 2776 Judae
1326 2720 1689 2792 neglectarum
1735 2720 1849 2788 jam
1902 2719 1970 2774 ad

396 2829 596 2870 annum
635 2829 804 2883 usque
836 2811 1331 2884 septuagesimum?
1360 2832 1380 2863 ι

463 2986 728 3054 Quocirca
791 3000 888 3055 spe
914 2984 1057 3041 bona
1091 2992 1146 3041 et
1170 2984 1448 3054 esplorata
1471 2992 1849 3040 sustentantur
1873 2983 1965 3054 qui

395 3078 562 3132 Deum
590 3076 791 3141 colunt,
815 3077 957 3146 quod
985 3076 1032 3132 si
1078 3076 1365 3145 contigerit
1403 3074 1677 3132 offendere
1700 3090 1761 3131 ex
1814 3077 1967 3134 inﬁr-

394 3168 604 3235 mitate,
637 3182 759 3225 esse
786 3169 877 3238 qui
911 3167 1052 3237 apud
1092 3168 1262 3223 Deum
1296 3182 1396 3237 pro
1450 3167 1583 3237 ipsis
1636 3167 1964 3238 supplicent,

395 3273 500 3311 non
523 3258 769 3313 homines
799 3266 1026 3324 tantum,
1046 3258 1139 3312 sed
1170 3258 1332 3313 etiam
1350 3258 1493 3325 ipsos
1519 3267 1737 3315 sanctos
1754 3260 1972 3330 angelos

394 3348 485 3417 qui
518 3347 684 3402 Deum
716 3349 897 3404 mitem
926 3355 980 3402 et
1007 3347 1278 3416 placidum
1322 3348 1567 3416 reddant,
1602 3365 1698 3408 sua
1738 3350 1974 3418 puritate

392 3448 450 3492 et
498 3437 804 3492 innocentia
843 3437 961 3508 ejus
1004 3437 1113 3493 iras
1168 3439 1442 3501 sedantes,
1508 3449 1562 3493 et
1607 3438 1968 3508 indignantem

388 3528 622 3599 jutlicem
648 3529 714 3584 ad
744 3529 1127 3599 ignoscendum
1147 3528 1545 3598 quodammodo
1568 3530 1968 3598 compellentes.

395 3619 594 3675 Verum
619 3630 728 3674 tum
747 3620 962 3690 quidem
986 3620 1211 3690 angelus
1242 3636 1341 3688 pro
1372 3635 1642 3692 synagoga
1662 3619 1969 3676 Iudaeorum

394 3709 615 3779 supplex
649 3710 829 3765 ﬁebat.
863 3710 973 3766 Nos
1009 3721 1189 3767 autem
1227 3712 1414 3768 ﬁdeles
1454 3724 1511 3768 et
1557 3713 1875 3767 sanctiﬁcati
1905 3712 1971 3767 de

392 3813 592 3857 caetero
620 3802 672 3856 in
690 3802 901 3871 spiritu,
925 3821 943 3854 ι
966 3807 1284 3858 advocatum
1315 3802 1576 3858 habemus
1595 3804 1732 3872 apud
1752 3803 1968 3858 Patrem

391 3891 578 3947 Jesunt
601 3892 898 3960 Christum,
924 3903 978 3950 et
1004 3895 1119 3966 ipse
1143 3905 1227 3951 est
1253 3896 1562 3967 propitiatio
1589 3912 1689 3966 pro
1736 3898 1971 3966 pereatis

392 3988 637 4043 nostris:
674 4003 773 4043 nec
802 4002 900 4058 pro
926 3989 1127 4044 nostris
1165 3997 1393 4053 tantum,
1420 3992 1514 4044 sed
1543 3999 1598 4045 et
1658 4004 1756 4057 pro
1806 3990 1970 4043 totius

391 4080 578 4135 mundi
612 4081 709 4133 ι’.»
748 4079 809 4134 Et
837 4089 894 4134 ut
931 4080 1145 4136 divinus
1175 4080 1372 4136 Paulus
1398 4082 1658 4151 scriptum
1708 4081 1964 4151 reliquit:

394 4189 415 4227 ι
446 4171 621 4242 Ipsum
650 4173 825 4243 posuit
853 4173 989 4229 Dens
1012 4172 1447 4243 propitiationem
1468 4187 1564 4243 per
1594 4173 1750 4229 ﬁdem
1775 4173 1876 4239 ’⁸,ι
1904 4175 1968 4228 li-

390 4261 666 4324 bcrautem
697 4280 726 4318 a
757 4266 992 4335 peccatis
1021 4265 1087 4319 ad
1114 4280 1286 4333 Ipsum
1322 4267 1661 4321 accedentes.

2075 1983 2427 2046 Δεσποτικοίς
2460 1982 2775 2051 ἀντεξάγειν
2821 1981 3072 2054 νεύμασι.
3124 1983 3549 2054 Πεπερασμένου
3597 1980 3656 2034 δὲ

2074 2071 2178 2142 ἠδη
2230 2071 2322 2125 τοῦ
2375 2073 2590 2145 καιροῦ,
2623 2077 2857 2128 ποιεῖται
2902 2074 3004 2138 τάς
3049 2073 3228 2139 λιτάς,
3279 2075 3375 2127 καὶ
3416 2073 3519 2142 τῆς
3560 2071 3652 2127 τοῦ

2075 2163 2436 2234 προσκρούειν
2463 2163 2697 2234 ὑποψίας
2729 2165 2795 2218 ἐκ
2828 2164 2995 2235 μέσου
3023 2163 3417 2235 γεγενημένης,
3449 2161 3653 2232 ἀψευδῆ

2072 2254 2129 2308 δὲ
2163 2256 2292 2311 ὄντα
2314 2255 2406 2310 τὸν
2431 2256 2709 2328 Δεσπότην
2743 2256 2919 2323 εἰδὼς,
2960 2256 3263 2328 ἀναμαθεῖν
3293 2256 3456 2321 ἀξιοῖ,
3491 2254 3655 2308 πότε-

2077 2364 2167 2419 ρον
2216 2351 2675 2421 συμπεπέρασται
2727 2350 2840 2414 τοῖς
2891 2348 3240 2421 ἡμαρτηκόσι
3285 2349 3356 2403 τά
3397 2348 3454 2415 ἐξ
3483 2346 3655 2418 ὀργῆς

2073 2440 2215 2495 κατά
2261 2442 2323 2495 τὸ
2369 2442 2539 2497 παλαι
2572 2442 2764 2498 δοκοῦν
2808 2443 2888 2507 είς
2941 2442 3059 2507 ἔτος
3108 2442 3168 2496 τὸ
3212 2441 3609 2513 ἑϐδομηκοστόν
3634 2458 3650 2473 ’

2071 2533 2238 2603 ἤγουν
2264 2531 2415 2586 ἔσται
2453 2551 2536 2597 τις
2567 2533 2732 2604 ἑτέρα
2757 2534 2919 2587 πάλιν
2940 2532 3240 2604 ἀνάϐλησις
3259 2529 3653 2603 προστεθειμέ-

2072 2641 2177 2679 νων
2205 2623 2506 2696 ἁμαρτιῶν,
2540 2625 2634 2678 καὶ
2658 2627 2736 2688 εἰς
2761 2625 2935 2697 μῆκος
2957 2624 3038 2678 ἔτι
3068 2625 3138 2679 τὰ
3154 2625 3255 2695 τῆς
3278 2621 3653 2693 ταλαιπωρίας

2071 2716 2253 2781 αὐτοῖς
2284 2715 2603 2769 ἐκτείνεται.
2646 2715 2913 2787 Ταύτῃτοί
2947 2733 3145 2787 φησιν·
3188 2716 3366 2779 ι”Εως
3412 2715 3557 2777 τίνος
3587 2713 3649 2766 οὑ

2074 2807 2150 2879 μὴ
2194 2807 2393 2881 ἐλεήσῃ
2437 2809 2535 2879 τὴν
2566 2809 2923 2881 Ἰερουσαλὴμ
2975 2810 3069 2863 καὶ
3111 2807 3211 2871 τὰς
3259 2808 3358 2877 τῆς
3391 2806 3652 2869 Ἰουδαίας

2071 2900 2254 2965 πόλεις
2271 2900 2733 2972 ὑπερεωραμένας
2753 2901 2854 2973 ἤδη
2870 2900 3030 2955 τοῦτο
3048 2899 3442 2972 ἑϐδομηκοστὸν
3456 2898 3573 2962 ἔτος
3590 2917 3604 2962 ;
3626 2918 3646 2949 ι

2139 2988 2328 3054 Ἐλπὶς
2361 2985 2455 3044 οὖν
2490 2988 2599 3061 ἄρα
2631 2993 2745 3053 τοῖς
2778 2988 3092 3060 σεϐομένοις
3127 2989 3260 3044 Θεὸν
3287 2991 3521 3061 χρηστὴ,
3556 2989 3648 3042 καὶ

2067 3081 2168 3136 οὐκ
2204 3081 2524 3154 ἀμφίϐολος,
2567 3081 2642 3147 ὡς
2664 3084 2712 3135 εί
2745 3082 2920 3155 δήπου
2965 3084 3178 3152 γένοιτο
3214 3081 3571 3154 προσκρούειν
3592 3080 3653 3147 ἐξ

2074 3173 2377 3240 ἀσθενείας,
2405 3174 2522 3229 ἀλλ’
2552 3169 2644 3228 οὖν
2674 3173 2858 3245 ἔχουσι
2887 3174 3039 3247 παρὰ
3060 3174 3180 3247 Θεῷ
3200 3175 3328 3239 τοὺς
3359 3174 3651 3245 λιπαροῦν-

2071 3280 2172 3326 τας
2220 3263 2361 3334 ὑπὲρ
2402 3264 2631 3329 ἑαυτῶν,
2659 3264 2760 3316 οὐκ
2804 3263 3125 3334 ἀνθρώπους
3172 3264 3353 3331 μόνον,
3385 3262 3520 3318 ἀλλά
3558 3266 3657 3318 καὶ·

2071 3354 2269 3419 αὐτοὺς
2312 3354 2440 3418 τοὺς
2490 3355 2677 3423 ἁγίους
2724 3355 3012 3424 ἀγγέλους,
3060 3354 3109 3408 οἳ
3158 3356 3404 3426 προσηνῆ
3450 3372 3510 3408 τε
3555 3356 3650 3409 καὶ

2076 3445 2339 3517 μειλίχιον
2385 3445 2710 3499 ἀποτελοῦσι
2736 3444 2891 3510 Θεὸν,
2914 3449 2979 3517 τῇ
3019 3446 3124 3517 ἰδία
3154 3446 3485 3519 καθαρότητι
3520 3464 3651 3501 κατ-

2072 3537 2388 3601 ευνάζοντες
2419 3536 2520 3600 τὰς
2545 3537 2735 3611 όργάς,
2770 3536 2866 3590 καὶ
2901 3537 3184 3602 οίονείπως
3212 3538 3649 3603 ἐκδυσωποῦντες

2071 3629 2410 3699 ἀσχάλλοντα
2436 3628 2528 3683 τὸν
2557 3630 2771 3701 κριτήν.
2791 3629 2951 3684 Ἀλλά
2971 3629 3093 3684 τότε
3122 3631 3221 3702 μὲν
3247 3630 3474 3700 ἄγγελος
3508 3630 3649 3702 ὑπὲρ

2070 3721 2172 3789 τῆς
2223 3721 2331 3774 τῶν
2360 3720 2631 3776 Ἰουδαίων
2678 3723 2999 3794 συναγωγῆς
3047 3725 3283 3779 ἐποιεῖτο
3326 3722 3426 3787 τὰς
3471 3724 3647 3787 λιτάς.

2082 3813 2272 3882 Ἡμεῖς
2303 3813 2383 3879 δὲ,
2418 3815 2467 3867 οἱ
2498 3814 2944 3879 πεπιστευκότες,
2982 3815 3075 3868 καὶ
3104 3814 3427 3885 ἡγιασμένοι
3460 3813 3647 3868 λοιπὸν

2070 3907 2129 3960 ἐν
2158 3907 2446 3978 πνεύματι,
2481 3927 2499 3959 ι
2532 3907 2888 3979 Παράκλητον
2921 3907 3117 3979 ἔχομεν
3147 3908 3283 3978 πρὸς
3311 3908 3402 3960 τὸν
3427 3907 3647 3976 Πατέρα

2082 3998 2292 4069 Ἰησοῦν
2340 3997 2592 4069 Χριστὸν,
2622 3999 2717 4051 καὶ
2766 3999 2927 4062 αὐτὸς
2961 3998 3187 4068 ίλασμός
3218 4000 3333 4051 ἐστι
3372 3999 3498 4068 περὶ
3539 3997 3647 4050 τῶν

2071 4088 2351 4158 ἁμαρτιῶν
2385 4088 2572 4160 ἡμῶν·
2628 4089 2691 4143 οὐ
2745 4088 2877 4161 περὶ
2907 4089 3017 4143 τῶν
3060 4088 3343 4161 ἡμετέρων
3373 4090 3428 4143 δὲ
3465 4090 3644 4159 μόνον,

2069 4180 2205 4234 ἀλλά
2231 4198 2299 4233 πε
2309 4180 2359 4250 pi.
2372 4180 2493 4234 ὅλου
2509 4180 2602 4234 τοῦ
2627 4182 2852 4251 κόσμου.
2879 4200 2898 4234 s
2920 4180 3030 4235 Καὶ
3046 4181 3122 4245 ὡς
3151 4184 3180 4235 ό
3203 4181 3488 4245 θεσπέσιος
3508 4183 3644 4253 γράο

2070 4288 2160 4338 (pec
2210 4270 2458 4334 Παῦλος,
2515 4290 2532 4322 ι
2562 4271 2735 4325 Αὐτὸν
2789 4271 3097 4342 ἱλαστήριον
3131 4273 3159 4326 ὁ
3205 4272 3336 4336 Θεὸς
3383 4272 3534 4326 ἐθετο
3559 4273 3645 4326 διά

2070 4364 2323 4428 πίστεως,
2364 4381 2382 4413 ι
2407 4362 2688 4434 ἁμαρτιῶν
2732 4363 3144 4418 ἀπαλλάττονται
3170 4363 3293 4429 τοὺς
3324 4364 3644 4435 προσιόντας

2069 4454 2238 4508 αὑτῶ.

463 4539 626 4598 Vens.
651 4540 836 4600 15-15,
870 4538 938 4597 Et
999 4540 1267 4609 respondit
1309 4538 1562 4592 Dominus
1638 4539 1964 4607 omnipotens

2137 4546 2249 4601 Kal
2289 4547 2576 4616 ἀπεκρίθη
2607 4546 2824 4613 Κύριος
2858 4544 3279 4613 παντοκράτωρ
3307 4543 3386 4610 τῷ
3412 4543 3646 4614 ἀγγέλῳ

387 4636 573 4703 angelo
602 4634 692 4702 qui
725 4632 1034 4701 loquebatur
1067 4631 1123 4684 in
1153 4647 1257 4695 me,
1293 4629 1448 4684 verba
1492 4631 1649 4691 bona,
1681 4637 1730 4683 et
1768 4644 1967 4683 sermo-

390 4737 478 4779 nes
526 4725 922 4779 consolatorios.
975 4721 1041 4781 Et
1087 4722 1222 4776 dixit
1266 4723 1336 4776 ad
1386 4737 1469 4775 me
1511 4721 1729 4792 angelus
1764 4722 1853 4791 qui
1888 4720 1967 4775 lo-

384 4817 642 4890 quebatur
666 4816 721 4870 in
748 4831 829 4869 me
856 4830 875 4868 :
892 4812 1101 4877 Clama,
1126 4814 1341 4868 dicens:
1368 4812 1498 4868 Hazc
1533 4810 1664 4867 dicit
1712 4812 1965 4866 Dominus

388 4910 711 4976 omnipotens
742 4921 760 4960 .'
795 4905 973 4960 Zelavi
1020 4905 1338 4972 Jerusalem,
1371 4917 1418 4959 et
1452 4903 1580 4960 Sion
1617 4904 1727 4959 zelo
1753 4920 1964 4975 magno,

386 5011 436 5053 et
470 5002 549 5053 ira
578 5016 768 5070 magna
791 5015 885 5069 ego
906 5000 1107 5051 irascor
1133 5013 1290 5067 super
1317 5007 1490 5068 gentes
1515 4997 1966 5066 superimpositas.

391 5090 495 5157 Pro
530 5109 590 5145 eo
612 5094 750 5161 quod
791 5106 883 5159 ego
938 5091 1146 5159 quidem
1191 5090 1361 5144 iratus
1399 5105 1515 5144 sum
1554 5090 1835 5152 modicum,
1866 5091 1967 5160 ipsi

387 5199 505 5237 vero
556 5183 714 5236 simul
771 5183 1118 5236 incubuerunt
1158 5182 1218 5238 in
1269 5183 1434 5236 mula.

460 5374 571 5428 VII.
613 5373 755 5429 Vere
774 5372 1024 5437 dicimus,
1056 5370 1209 5443 juxta
1236 5387 1423 5427 vocem
1470 5368 1779 5432 Psallentis,
1808 5389 1828 5423 ι
1868 5371 1964 5425 Μία

385 5470 624 5523 sericors
651 5476 706 5522 et
734 5471 1027 5521 miserator
1085 5463 1342 5518 Dominus
1374 5464 1419 5496 ’ί
1447 5484 1465 5515 ι
1495 5473 1555 5517 et-
1615 5464 1730 5532 ipsa
1784 5477 1964 5517 rermu

383 5561 714 5631 experientia
752 5561 951 5615 clamat
984 5559 1057 5614 ita
1086 5573 1143 5613 se
1178 5557 1397 5620 habere,
1416 5572 1519 5610 non
1555 5556 1732 5616 aliter,
1762 5553 1962 5610 Obser-

387 5668 451 5705 va
483 5652 626 5708 enim
659 5652 928 5720 quomodo
946 5649 1215 5719 extemplo
1236 5649 1486 5705 exaudiat
1513 5664 1700 5717 preces
1740 5663 1837 5717 pro
1873 5664 1963 5701 ve-

462 5831 508 5864 "
545 5830 678 5889 Luc.
708 5846 828 5894 λιιι,
859 5831 911 5885 6.
991 5830 1034 5861 ’⁸
1072 5828 1200 5886 ibid.
1234 5827 1346 5882 7-9.
1426 5827 1467 5857 ¹⁹
1500 5822 1698 5881 lJoan.
1735 5839 1793 5889 ιι,
1837 5822 1880 5888 l,
1910 5823 1964 5878 9..

2064 4637 2145 4704 τῷ
2183 4637 2477 4693 λαλοῦντι
2519 4639 2589 4691 ἐν
2630 4636 2779 4706 ἐμοί,
2803 4637 3042 4705 ῥήματα
3072 4636 3248 4699 καλὰ,
3280 4636 3377 4689 καὶ
3419 4636 3644 4706 λόγους

2065 4728 2569 4796 πῳακλητικούς.
2603 4727 2712 4781 Kal
2759 4726 2889 4780 εἷπε
2938 4725 3088 4793 πρός
3124 4741 3202 4794 με
3253 4727 3287 4778 ὁ
3332 4724 3583 4795 ἄγγελος
3611 4729 3645 4781 ὁ

2063 4817 2270 4873 λαλῶν
2306 4818 2377 4871 ἐν
2415 4816 2580 4888 ἐμοί·
2631 4814 2950 4886 Ἀνάκραγε
2988 4815 3183 4885 λέγων
3206 4830 3218 4843 ·
3281 4814 3426 4869 Τάδε
3483 4816 3643 4886 λέγει

2064 4911 2279 4977 Κύριος
2314 4907 2768 4977 παντοκράτωρ*
2835 4906 3126 4973 Ἐζῆλωκα
3168 4905 3284 4975 τὴν
3340 4907 3642 4977 Ἰερουσα-

2063 5004 2209 5070 λὴμ.
2223 5001 2320 5055 καὶ
2344 5000 2621 5068 τὴνΣιὼν
2645 4998 3046 5069 ζῆλονμέγαν,
3063 4998 3159 5053 καὶ
3175 4998 3363 5068 ὀργὴν
3371 4998 3645 5069 μεγάλην

2065 5091 2359 5162 ὀργίζομαι
2407 5092 2507 5145 ἐπὶ
2553 5092 2628 5146 τὰ
2665 5091 2810 5157 ἔθνη
2844 5091 2917 5144 τὰ
2947 5090 3644 5160 συνεπιτιθέμενα.Ἀνθ’

2063 5178 2150 5237 ὧν
2198 5183 2311 5254 ἐγὼ
2359 5184 2476 5253 μὲν
2519 5184 2818 5252 ὠργίσθην
2869 5184 3063 5251 ὀλίγα,
3094 5182 3262 5236 αὐτοί
3308 5181 3378 5235 δὲ
3413 5197 3643 5236 συνεπ-

2062 5273 2270 5330 έθεντο
2306 5277 2393 5340 εἰς
2425 5273 2602 5329 κακά.

2136 5367 2208 5421 Z'.
2251 5366 2475 5437 ’Λληθὲς
2526 5367 2722 5428 εἰπεῖν,
2755 5365 2837 5417 ὅτι
2888 5366 3028 5418 κατὰ
3063 5365 3162 5436 τὴν
3209 5363 3303 5417 τοῦ
3338 5364 3640 5429 Ψάλλοντος

2065 5460 2269 5529 φωνὴν,
2306 5478 2323 5508 ι
2355 5457 2667 5530 Οίκτίρμων
2693 5457 2790 5510 καὶ
2836 5457 3085 5527 ἐλεήμων
3128 5460 3157 5510 ὁ
3210 5457 3438 5526 Κύριος,
3473 5476 3490 5509 ι
3549 5458 3642 5509 καὶ

2064 5553 2200 5623 αὐτὴ
2235 5553 2292 5605 δὲ
2326 5551 2434 5604 τῶν
2474 5551 2872 5622 πραγμάτωνή
2904 5553 3066 5622 πεῖρα
3092 5551 3429 5621 διαϐοήσειεν
3457 5551 3542 5608 ἂν.
3567 5551 3641 5613 ὡς

2058 5638 2163 5697 ὧδέ
2198 5662 2253 5697 τε
2306 5643 2438 5713 ἔχει,
2471 5644 2565 5697 καὶ
2599 5643 2695 5713 οὐχ
2732 5642 3153 5714 ἐτέρως.⁹Αθρει
3187 5643 3295 5715 γὰρ
3320 5644 3462 5706 ὅπως
3491 5642 3638 5712 δέχε-

2044 5824 2086 5854 "
2118 5820 2276 5878 Boni.
2309 5840 2385 5890 ιιι,
2414 5822 2503 5877 ‘25.
2580 5825 2620 5855 "
2657 5823 2797 5880 l'sal.
2828 5838 2924 5891 ctt,
2952 5824 3002 5879 8.
