4072 6370
332 379 404 437 es
1145 377 1702 437 COMMENTARIUS
1747 381 1815 436 IN
1856 368 2263 438 zscuantau
2305 378 2748 437 merueram.
3520 382 3591 435 ss

334 516 420 553 ται
457 494 798 567 παραχρῆμα
825 491 925 558 τὰς
953 494 1107 559 λιτὰς
1136 495 1236 559 τὰς
1267 496 1409 568 ὑπέρ
1452 513 1516 565 γε
1552 496 1662 551 τῶν
1700 514 1911 570 πεπραε

2033 500 2156 554 ιιιιῑε
2205 507 2261 553 et
2292 497 2542 553 contritis
2575 496 2628 550 in
2668 496 2953 565 peregrino
2979 494 3116 559 solo,
3152 501 3207 548 et
3264 492 3592 561 captivitatis

334 588 505 659 χότων
532 586 751 651 ἀθλίως,
787 587 881 640 καὶ
908 578 1385 659 συντετριμμένων
1406 590 1466 642 ὲν
1493 588 1787 661 ἀλλοδαπῇ,
1811 591 1906 644 καὶ

2033 605 2194 658 ugum
2227 588 2501 653 auferens,
2522 598 2579 643 et
2613 588 2853 657 rogantis
2880 588 3194 656 petitionem
3242 584 3414 641 ferme
3452 600 3591 654 prae-

334 676 426 729 τὸν
469 675 566 745 τῆς
611 675 989 746 αἰχμαλωσίας
1027 676 1382 731 ἀπαλλάττων
1431 677 1612 747 ζυγὸν,
1648 679 1807 749 μόνον
1848 679 1908 733 δὲ

335 765 452 836 οὐχὶ
493 765 588 820 τοῦ
613 755 1083 838 ’παρακαλοῦντος
1126 768 1316 837 φθάνει
1371 769 1472 839 τὴν
1513 769 1758 841 αἴτησιν,
1814 772 1910 824 καὶ

336 860 690 930 ἀποκρίνεται
722 850 1063 931 παραχρῆμα
1095 878 1117 911 ι
1149 862 1367 931 ῥήματα
1394 861 1554 926 καλὰ,
1587 863 1682 916 καὶ
1718 863 1911 927 λόγους

338 950 782 1022 παρακλητικούς
801 968 816 983 ο
848 970 868 1003 ι
894 952 1342 1024 παρακλητικοὺς
1372 953 1430 1007 δέ
1452 971 1595 1025 φημι
1626 957 1755 1018 τοὺς
1782 955 1913 1008 ἀνα-

340 1043 638 1112 κτήσασθαί
663 1059 723 1096 τε
754 1043 851 1097 καὶ
884 1045 1265 1114 παρακαλέσαι
1290 1045 1620 1116 δυναμένους
1652 1048 1780 1111 τοὺς
1813 1063 1913 1100 πε-

339 1133 660 1205 πονηκότας.
706 1135 845 1203 Παρ’
866 1135 987 1189 ὅλον
1029 1136 1138 1208 γὰρ
1181 1137 1282 1207 τῆς
1324 1137 1701 1207 αἰχμαλωσίας
1732 1136 1914 1192 αὐτῶν

339 1224 428 1278 τὸν
458 1225 651 1299 καιρὸν
683 1227 745 1279 οὐ
772 1227 923 1298 ῥῆμα
950 1228 1090 1298 τάχα
1125 1245 1226 1282 που
1257 1229 1494 1300 χρηστὸν
1520 1229 1777 1301 εἰρηκὼς,
1814 1231 1915 1300 οὐχ

342 1317 526 1389 ἑτέρου
555 1318 700 1384 τινος
726 1319 836 1373 τῶν
863 1319 1204 1390 παρακαλεῖν
1233 1319 1499 1375 εἰωθότων
1543 1321 1783 1387 ἀξιώσας
1814 1323 1915 1376 αὑ-

340 1411 489 1474 τοὺς,
514 1410 743 1481 ἄρχεται
776 1413 1158 1484 χρηστοεπεῖν,
1188 1412 1282 1467 καὶ
1326 1414 1427 1483 τῆς
1460 1413 1548 1465 ἐπ’
1574 1415 1756 1479 αὐτοῖς
1781 1416 1918 1484 ἠμε-

346 1501 568 1572 ρότητος
585 1500 986 1557 κατασάλλεται
1011 1504 1111 1575 τὴν
1139 1505 1335 1576 ἀρχήν.
1354 1506 1448 1558 Ἐκ
1476 1505 1830 1576 περιχαρείας
1852 1505 1918 1575 δὴ

344 1588 434 1645 οὗν
478 1592 580 1661 τῆς
627 1594 768 1662 ἄγαν
818 1596 849 1647 ὁ
896 1594 1183 1660 Θεσπέσιος
1227 1596 1457 1665 ἄγγελος
1497 1597 1919 1669 διακεκραγέναι

343 1681 521 1734 λοιπον
567 1681 646 1751 τῷ
690 1682 944 1755 προφήτῃ
982 1685 1341 1756 προστέταχε,
1376 1686 1471 1740 καὶ
1520 1686 1788 1741 διακονεῖν
1839 1687 1920 1748 είς

346 1774 588 1838 ἅπαντας
620 1776 690 1829 τὰ
721 1776 872 1848 παρά
900 1777 1057 1844 Θεοῦ.
1096 1798 1115 1830 ι
1138 1779 1500 1849 Ἐζηλωκέναι
1524 1779 1634 1851 γάρ
1665 1796 1797 1850 φησι
1822 1778 1921 1850 τὴν

2011 681 2253 742 veniens,
2280 690 2335 734 et
2362 695 2483 734 mox
2513 679 2847 748 respondens
2882 697 2902 729 ι
2928 676 3089 732 verba
3118 678 3278 740 bona,
3303 685 3352 730 et
3386 691 3593 732 sermo-

2013 786 2111 843 nes
2149 769 2615 824 consolatoriosn
2653 768 3073 832 consolatorios,
3110 768 3352 837 inquam,
3380 768 3471 837 qui
3507 783 3594 823 re-

2012 875 2199 916 creare
2244 870 2298 915 et
2333 860 2666 929 permulcere
2691 858 2917 914 silli'ctos
2953 870 3194 929 possent.
3238 858 3374 915 Toto
3424 860 3597 927 siqui-

2012 954 2132 1008 dem
2154 953 2319 1025 662
2342 963 2585 1021 tempore
2634 952 2983 1023 captivitatis,
3019 968 3141 1007 cum
3175 952 3421 1008 fortassis
3449 952 3596 1004 nttllu

2012 1058 2107 1099 eos
2138 1045 2242 1099 leni
2276 1045 2440 1100 verbo
2462 1043 2681 1109 affatus,
2724 1058 2827 1099 nec
2861 1044 2966 1099 alio
3012 1044 3265 1114 quopiam
3290 1043 3432 1113 quod
3458 1046 3600 1099 sola-

2015 1136 2091 1191 tio
2113 1150 2236 1190 esse
2267 1146 2468 1206 posset,
2500 1137 2750 1207 dignatus
2778 1135 2992 1203 fuisset,
3022 1135 3211 1206 incipit
3239 1135 3431 1191 blande
3453 1135 3598 1203 loqui

2013 1241 2069 1287 et
2097 1232 2524 1288 mansuetudinis
2558 1246 2668 1287 suae
2696 1232 2748 1286 in
2794 1233 2938 1302 ipsos
2970 1231 3292 1301 principium
3341 1230 3597 1299 capessit.

2015 1321 2091 1377 Ex
2121 1323 2323 1392 ingenti
2355 1322 2521 1393 igitur
2554 1321 2735 1377 laetitia
2767 1321 2984 1377 divinus
3017 1321 3243 1390 angelus
3290 1320 3599 1375 exclamare

2015 1415 2291 1485 propheta:
2316 1412 2706 1480 dehincjubet,
2726 1422 2783 1467 et
2803 1429 2830 1466 a
2868 1412 2977 1467 Deo
3017 1413 3159 1467 dicta
3193 1411 3597 1467 communicare

2017 1521 2140 1562 cum
2171 1506 2444 1561 omnibus.
2477 1503 2656 1574 lnquit
2683 1504 2867 1560 enim:
2902 1524 2922 1556 ε
2961 1503 3176 1559 Zelatus
3220 1518 3339 1558 sum
3372 1501 3597 1556 Jerusa-

2019 1598 2122 1651 lem
2147 1597 2263 1652 zelo
2292 1612 2510 1668 msgno,
2535 1616 2557 1649 ι
2614 1613 2721 1652 non
2754 1597 2806 1650 in
2848 1597 3018 1667 ipsam
3059 1596 3230 1651 zelum
3297 1594 3599 1657 eﬂ‘nndens,

2020 1691 2287 1762 quomodo
2315 1699 2370 1745 et
2391 1698 2570 1753 antea,
2624 1705 2746 1743 cum
2795 1690 2848 1743 in
2918 1689 3207 1758 religiones
3263 1697 3599 1742 monstrosas

2023 1783 2371 1838 transversim
2402 1782 2647 1844 abiisset,
2663 1781 2755 1836 sed
2781 1796 2878 1851 pro
2906 1781 3019 1848 ipsa
3053 1781 3104 1834 in
3137 1788 3454 1841 vastatores,
3477 1777 3600 1847 qui-

358 1867 720 1939 Ὶερουσαλὴμ
745 1868 907 1938 ζῆλον
942 1869 1138 1939 μέγαν,
1171 1888 1191 1921 ι
1223 1871 1324 1924 οὐκ
1348 1871 1486 1942 αὐτῇ
1518 1871 1610 1925 τὸν
1641 1871 1803 1940 ζῆλον
1834 1872 1923 1923 ὲν-

2033 1877 2125 1931 bus
2153 1883 2208 1930 et
2227 1891 2286 1930 se
2320 1875 2517 1930 iratum
2556 1874 2649 1938 ait,
2681 1888 2786 1928 non
2811 1883 2868 1927 ut
2894 1871 3124 1940 simplici
3173 1880 3227 1925 et
3257 1868 3599 1924 circumscri-

350 1958 473 2019 ιεὶς,
507 1958 762 2030 καθάπερ
791 1959 887 2014 καὶ
912 1958 1105 2030 πρώην
1133 1961 1585 2032 παρενηνεγμένῃ
1610 1962 1747 2033 πρὸς
1770 1962 1928 2016 ἀλλο-

347 2049 539 2113 κότους
567 2049 844 2120 λατρείας,
868 2050 983 2105 ἀλλ’
1004 2051 1145 2124 ὑπὲρ
1170 2054 1343 2124 αὐτῆς
1363 2056 1475 2116 τοῖς
1496 2053 1923 2125 πεπορθηκόσιν,

344 2133 429 2202 οἷς
458 2141 552 2193 καὶ
575 2141 843 2212 ὠργίσθαι
881 2144 1075 2214 φησὶν,
1105 2145 1204 2214 οὐχ
1235 2144 1313 2208 ὡς
1345 2147 1404 2198 ἐν
1437 2144 1580 2216 ἁπλῇ
1622 2146 1714 2198 καὶ
1760 2163 1929 2216 μεμε-

349 2222 594 2301 τρημᾶνη
637 2232 848 2302 κινήσει
896 2233 1078 2303 τυχὸν,
1121 2232 1237 2287 ἀλλ’
1267 2234 1344 2297 ὡς
1375 2235 1435 2288 ὲν
1463 2235 1686 2305 ἀκράτῳ
1732 2251 1793 2288 τε
1833 2234 1929 2289 καὶ

350 2320 563 2391 ἀσχίτῳ
607 2321 783 2392 θυμῷ.
802 2321 943 2391 Ἐγὼ
976 2322 1076 2394 μὲν
1104 2323 1233 2395 γὰρ,
1266 2325 1456 2397 φησὶν,
1482 2325 1765 2380 ἐπαίδευον
1799 2326 1928 2389 τοὺς

351 2412 537 2480 ἐμοὺς,
571 2414 666 2466 καὶ
709 2414 861 2468 οὐδὲν
890 2414 1088 2480 αὐτοὺς
1116 2415 1259 2487 πέρα
1307 2416 1507 2487 μέτρου
1541 2416 1773 2488 πάσχειν
1803 2416 1930 2489 1103-

350 2500 459 2554 λον.
494 2504 661 2569 Αὐτοὶ
690 2505 749 2558 δὲ
776 2504 878 2575 τῆς
912 2504 1049 2570 ιδίας
1094 2506 1322 2578 γνώμης
1358 2509 1461 2579 τὴν
1492 2507 1792 2579 ἀγριότητα
1818 2509 1929 2562 δει-

351 2593 458 2658 νῶς
491 2612 546 2648 τε
572 2596 667 2650 καὶ
691 2597 958 2667 ἀχαλίνως
986 2598 1215 2669 ἐπῆγον,
1244 2600 1511 2671 παρέντες
1541 2600 1692 2654 οὐδὲν
1717 2599 1827 2653 τῶν
1853 2601 1932 2664 είς

349 2685 611 2759 ὠμότητα
634 2688 729 2744 καὶ
766 2691 1186 2763 ἀπανθρωπίαν.
1228 2691 1418 2759 Τοῦτο,
1455 2689 1642 2764 οἶμαι,
1680 2693 1798 2745 ἐστί
1829 2692 1890 2746 τὸ
1912 2732 1928 2757 ,

359 2797 379 2828 ι
402 2778 545 2848 Ἐγὼ
574 2781 672 2850 μὲν
697 2779 979 2853 ὠργίσθην
998 2783 1154 2852 ὀλίγα
1174 2800 1189 2814 ·
1218 2784 1373 2839 αὐτοὶ
1401 2783 1459 2837 δὲ
1480 2783 1833 2838 συνεπέθεντο
1852 2784 1934 2848 εἰς

354 2871 520 2927 κακά.
555 2890 575 2925 ι
608 2873 860 2928 Παιδεύει
890 2875 990 2945 μὲν
1016 2877 1120 2947 γὰρ
1148 2876 1208 2943 ἐξ
1240 2876 1463 2948 ἀγάπης
1482 2875 1869 2948 ἡμαρτηκότας
1904 2876 1935 2929 ὁ

353 2962 464 3016 τῶν
500 2963 638 3018 ὖλων
679 2965 836 3033 Θεὸς,
868 2968 964 3021 καί⁵
994 2968 1342 3040 συμμέτρους
1370 2969 1500 3039 ἡμῖν
1531 2968 1808 3039 ἐπιφέρων
1844 2969 1920 3021 al-

357 3053 504 3121 κίας,
533 3055 568 3125 ἢ
595 3055 808 3123 πόνους,
846 3059 1137 3129 μετασοδεῖ
1162 3059 1300 3131 πρὸς
1324 3059 1387 3112 τδ
1425 3058 1666 3130 ἄμεινον.
1699 3060 1763 3112 Ol
1784 3058 1843 3111 δὲ
1869 3058 1934 3129 δὴ

360 3147 496 3217 πρὸς
548 3147 708 3203 τοῦτο
755 3151 1216 3222 παρειλημμένοι,
1251 3151 1639 3224 θηριοπρεπῶς
1697 3150 1934 3222 ἐπιθρώ-

2027 1975 2115 2035 pta
2147 1966 2504 2021 commotione
2533 1965 2785 2030 fortasse,
2805 1963 2896 2017 sed
2938 1973 2998 2015 ut
3017 1975 3228 2016 summo
3253 1969 3308 2015 et
3333 1958 3594 2024 implaca-

2028 2056 2119 2111 bili
2147 2056 2349 2112 furore.
2387 2055 2498 2127 Ego
2529 2057 2696 2122 enim,
2731 2056 2922 2124 inquit,
2954 2051 3308 2123 corripiebam
3342 2065 3512 2114 meos,
3545 2057 3602 2102 et

2028 2148 2162 2202 nihil
2216 2148 2632 2203 immoderatum
2660 2147 2780 2201 illos
2810 2145 3014 2214 perpeti
3077 2143 3342 2198 volebam.
3378 2143 3445 2194 At
3496 2140 3597 2208 ipsi

2028 2255 2124 2309 pro
2146 2256 2241 2294 sua
2279 2239 2496 2295 libidine
2526 2238 2837 2295 horribilem
2894 2247 2947 2291 et
2972 2234 3288 2289 indomitam
3343 2233 3601 2287 saevitiam

2029 2333 2414 2397 adhibuerunt,
2445 2333 2575 2388 nihil
2607 2333 2671 2385 ad
2698 2329 3066 2386 crudelitatem
3102 2327 3604 2391 humanitatemque

2027 2422 2636 2494 praetermitteuteJloc,
2659 2422 2870 2492 Opinor,
2893 2429 2977 2475 est
3002 2418 3143 2489 quod
3161 2417 3237 2471 ait
3263 2431 3278 2468 :
3304 2435 3322 2468 ι
3346 2416 3454 2486 Ego
3480 2414 3606 2484 qui-

2029 2514 2150 2569 dem
2180 2513 2350 2568 iratus
2378 2527 2495 2566 smn
2539 2511 2748 2566 modice
2779 2527 2795 2575 ;
2834 2511 2935 2578 ipsi
2963 2522 3094 2563 vero
3113 2505 3271 2561 simul
3336 2504 3605 2559 incubue-

2033 2615 2161 2660 runt
2186 2605 2239 2658 in
2276 2604 2437 2657 mala.
2472 2621 2490 2655 ι
2532 2601 2763 2670 Corripit
2785 2600 2927 2655 enim
2959 2607 3271 2668 peccatores
3321 2595 3609 2649 universo-

2032 2711 2150 2751 rum
2182 2693 2322 2750 Deus
2357 2709 2425 2749 ex
2452 2693 2739 2756 charitate,
2768 2690 3102 2759 modicisque
3129 2688 3426 2759 plagis,aut
3454 2684 3608 2738 dolo-

2035 2790 2183 2843 ribus
2235 2787 2416 2852 illatis,
2454 2786 2520 2841 ad
2583 2784 2807 2840 consilia
2884 2783 3099 2837 saniora
3152 2777 3445 2848 compellit.
3508 2776 3610 2841 Qui

2034 2891 2210 2934 autem
2239 2881 2305 2932 ad
2327 2879 2427 2932 hoc
2455 2893 2552 2946 pro
2612 2876 2872 2929 ministris
2925 2879 3281 2933 asciscmttur,
3325 2870 3612 2938 aliquando

2034 2985 2131 3025 ceu
2162 2969 2351 3025 bellua:
2373 2970 2427 3023 in
2456 2983 2552 3024 eos
2577 2967 2667 3037 qui
2694 2965 3060 3034 corripiuntur
3090 2965 3385 3016 incursant.
3415 2958 3613 3013 Verum

2035 3061 2291 3116 irascitur
2318 3060 2424 3114 illis
2449 3059 2588 3114 Deus
2618 3058 2694 3112 ira
2737 3072 2951 3125 magna.
2981 3056 3110 3108 Nam
3164 3053 3252 3106 ille
3307 3061 3366 3105 ut
3417 3062 3616 3119 parens

2036 3149 2351 3204 verberibus
2377 3149 2649 3216 corrigere
2681 3146 2930 3201 volebat:
2963 3145 3036 3198 illi
3074 3157 3201 3198 vero
3223 3139 3485 3196 ell'renato
3510 3138 3616 3191 im-

361 3256 549 3293 σκουσι
594 3243 709 3305 τοῖς
757 3243 1166 3316 παιδευομένοις
1212 3245 1325 3299 ἔσθ’
1347 3246 1457 3299 ὅτε.
1474 3243 1619 3297 Ἀλλ’
1656 3243 1933 3315 ὀργίζεται

2040 3253 2166 3313 petu
2198 3241 2251 3295 in
2277 3239 2503 3296 alﬂictos
2538 3240 2836 3293 irruebant.

360 3334 492 3399 Θεὸς
517 3336 605 3388 ἐπ’
624 3336 806 3402 αὐτοῖς
830 3340 999 3412 ὀργὴν
1029 3339 1292 3412 μεγάλην.
1309 3342 1370 3394 '0
1394 3340 1622 3412 μὲνγὰρ
1648 3340 1727 3403 ὼς
1791 3338 1977 3410 πατὴρ
2046 3335 2380 3408 ἐπανορθοῦν
2406 3336 2526 3398 ταῖς
2557 3332 2764 3397 αἰκίαις
2801 3330 3022 3401 ἤθελενο
3051 3329 3102 3382 οἱ
3143 3327 3201 3382 δὲ
3233 3324 3485 3396 ἀσχέτοις
3528 3322 3620 3391 ὁρ·

365 3428 494 3496 μαῖς
520 3431 636 3492 τοῖς
662 3428 963 3501 κάμνουσιν
983 3432 1332 3503 ἐπεφέροντο.

435 3590 607 3645 Τοῦτο
650 3592 930 3665 παθούσης
978 3597 1079 3666 τῆς
1104 3596 1454 3669 Ἐκκλησιας,
1505 3599 1842 3680 ἠγνοήκασιν
1891 3599 1940 3650 οἱ

365 3681 672 3750 διώκοντες,
706 3685 788 3737 ὅτι
825 3686 927 3756 τῆς
958 3688 1039 3751 εἰς
1070 3689 1240 3760 αὐτὴν
1273 3691 1595 3761 ἀγριότητος
1620 3692 1941 3745 ἀποτίσουσι

366 3770 580 3839 λόγους,
608 3776 702 3829 καὶ
737 3777 941 3848 πικρὰς
968 3779 1418 3853 ἐξαιτηθήσονται
1456 3783 1612 3848 δίκας
1655 3782 1809 3855 παρὰ
1848 3782 1942 3837 τοῦ

369 3865 708 3934 προεστῶτος
731 3867 890 3924 Θεοῦ.

437 4003 541 4056 Διὰ
566 4002 738 4057 τοῦτο
782 4004 919 4060 τάδε
955 4003 1118 4078 λέγει
1146 4008 1365 4078 Κύριος
1387 4026 1401 4039 ’
1442 4011 1815 4082 Ἐπιστρέψω
1842 4013 1942 4068 ἐπὶ

379 4091 768 4166 Ἰερουσαλὴμ
793 4097 864 4151 ἐν
881 4098 1175 4170 οίκτιρμῷ,
1199 4101 1297 4156 καί
1325 4104 1358 4156 ό
1383 4098 1548 4171 οἶκός
1567 4121 1686 4174 μου
1710 4105 1946 4159 ἀνοικο-

369 4184 773 4255 δομηθήσεται
820 4189 890 4243 ἐν
931 4190 1105 4261 αὐτῇ,
1133 4193 1296 4263 λέγει
1347 4196 1561 4262 Κύριος
1605 4197 1941 4266 παντοκρά-

369 4293 502 4346 τωρ,
526 4279 624 4333 καὶ
639 4280 860 4350 μέτρον
882 4282 1270 4350 ἐπιταθήσεται
1295 4285 1393 4339 ἐπὶ
1425 4288 1810 4360 Ἰερουσαλὴμ
1836 4289 1942 4343 ἔτι.

444 4433 525 4486 η’.
565 4432 808 4505 Δέδειχεν
840 4435 922 4487 ﬁt
947 4434 1194 4490 παθοῦσα
1210 4437 1310 4509 τὴν
1333 4438 1686 4512 ἀποστροφὴν
1713 4441 1806 4495 τοῦ
1826 4442 1946 4496 διαο

370 4524 563 4589 σώζειν
599 4525 895 4595 ἰσχύοντος,
920 4526 1234 4599 ἀθλιότητός
1257 4547 1315 4584 τε
1346 4531 1442 4585 καὶ
1469 4532 1841 4604 ταλαιπωρίας
1868 4537 1948 4599 εἰς

364 4616 527 4669 τοῦτο
561 4616 913 4682 κατώλισθεν,
946 4617 1100 4673 ἔσται
1136 4619 1195 4673 δὲ
1231 4620 1392 4675 πάλιν
1429 4623 1658 4687 ἀκονιτὶ,
1700 4626 1795 4679 καὶ
1826 4626 1948 4680 λίαν

367 4706 607 4770 εὐκόλως
635 4708 694 4759 ὲν
714 4701 794 4770 οἷς
815 4702 883 4778 ἦν
909 4707 1098 4771 πάλαι,
1118 4709 1507 4779 μετατεθέντος
1528 4714 1609 4774 είς
1634 4714 1947 4785 ἡμερότητα

2117 3587 2207 3642 Sic
2243 3593 2472 3642 tractata
2513 3583 2776 3647 Ecclesia,
2808 3581 3126 3651 ignorabant
3152 3588 3524 3648 persemtores
3560 3591 3621 3631 se

2044 3676 2280 3732 feritatis
2321 3678 2373 3729 in
2400 3675 2542 3729 illam
2572 3689 2684 3728 sua:
2730 3673 2998 3726 rationem
3039 3671 3377 3733 reddituros,
3402 3676 3458 3722 et
3514 3667 3622 3720 Deo

2044 3770 2160 3838 eius
2191 3768 2402 3838 praesidi
2437 3781 2601 3838 grave
2625 3764 2948 3836 supplicium
2970 3761 3263 3817 soluturos.

2117 3992 2280 4048 Vsus.
2306 3991 2392 4048 16.
2441 3989 2725 4060 Propterea
2752 3991 2863 4043 lucc
2896 3987 3021 4042 dicit
3063 3985 3318 4041 Dominus
3346 4001 3365 4039 :
3396 3984 3619 4038 Conver-

2046 4100 2131 4144 tar
2178 4087 2248 4142 ad
2294 4083 2590 4140 Jerusalem
2652 4084 2706 4137 in
2751 4081 3135 4145 misericordia,
3180 4089 3230 4134 et
3270 4079 3454 4131 domus
3510 4092 3624 4130 mea

2046 4180 2427 4236 instaurabitur
2466 4177 2523 4231 in
2570 4193 2653 4242 ea,
2688 4175 2814 4229 dicit
2881 4173 3136 4228 Dominus
3180 4170 3524 4237 omnipotens,
3577 4175 3626 4219 et

2048 4289 2294 4327 "tonsura
2342 4271 2649 4325 extendetur
2695 4283 2865 4337 super“
2892 4263 3189 4321 Jerusalem
3238 4263 3432 4316 adhuc.

2121 4433 2260 4488 Vill.
2306 4430 2558 4488 Ostendit
2591 4428 2848 4500 quoniam
2894 4439 2954 4479 se
2985 4421 3245 4477 averterit
3274 4420 3342 4474 ab
3368 4435 3435 4474 eo
3467 4433 3633 4488 penes

2049 4544 2208 4599 quem
2237 4534 2320 4580 est
2338 4525 2523 4590 salus,
2548 4522 2601 4577 in
2635 4530 2840 4576 tantam
2899 4516 3171 4571 miseriam
3235 4521 3291 4566 et
3330 4525 3630 4568 aerumnam

2050 4617 2341 4674 incidisse:
2396 4628 2607 4669 rursum
2644 4620 2821 4665 tamen
2877 4608 3014 4663 citra
3058 4605 3321 4666 laborem,
3367 4601 3634 4668 valdeque

2051 4710 2207 4765 facile
2236 4710 2288 4764 in
2322 4708 2474 4762 bonis
2503 4705 2749 4776 pristinis
2784 4702 3046 4763 futuram,
3087 4699 3178 4753 ubi
3212 4703 3534 4766 provocatus
3563 4691 3631 4743 ad

364 4799 460 4852 τοῦ
491 4800 968 4871 παρωργισμένου,
984 4800 1141 4870 δῆλον
1162 4800 1221 4853 δὲ
1238 4802 1320 4855 ὅτι
1345 4801 1439 4855 τοῦ
1467 4803 1644 4858 πάντα
1669 4804 1933 4874 ἰσχύοντος

2051 4801 2187 4854 iram
2220 4797 2492 4852 emollitus
2549 4793 2713 4850 fuerit
2762 4794 3103 4862 omnipotens
3154 4791 3295 4844 Deus
3339 4786 3546 4856 utique,
3577 4791 3633 4838 et

366 4891 526 4953 Θεοῦ,
559 4891 718 4961 μόνον
754 4891 813 4945 δὲ
856 4892 978 4962 οὐχὶ
1024 4893 1120 4946 καί⁹
1158 4892 1578 4960 ύπονοστοῦντος
1626 4897 1708 4960 εἰς
1755 4899 1944 4969 αὐτὴν,

367 4983 458 5036 διά
476 5000 558 5036 τοι
602 4982 700 5036 τοῦ
747 4984 908 5037 πάλιν
932 4985 1161 5052 ἀξιῶσαι
1190 4984 1423 5055 φειδοῦς,
1452 4986 1549 5040 καὶ
1575 4988 1816 5057 ἀγάπης,
1854 4990 1948 5042 καὶ

370 5074 766 5143 ἀμνησικὼιως
814 5077 1019 5129 ἀνεῖναι
1066 5077 1136 5130 τὰ
1187 5076 1530 5146 ἐγκλήματα.
1577 5078 1947 5150 Ύπισχνείται

370 5166 478 5237 γὰρ
511 5167 722 5221 καὶτὸν
749 5161 896 5221 οἶκον
922 5168 1176 5238 ἐγείρειν,
1209 5171 1303 5222 καί
1346 5169 1762 5242 εὐμηκεστάτην
1808 5174 1945 5225 ἀπο-

374 5259 582 5326 φαίνειν
604 5259 705 5329 τὴν
749 5258 1122 5331 Ἰερουσαλήμ.
1154 5259 1616 5333 Ἐμπέπρηστοινν]
1651 5261 1750 5331 μὲν
1786 5263 1893 5336 γὰρ
1921 5267 1949 5318 ὁ

373 5350 519 5413 ναὸς,
547 5349 858 5421 καθῄρηντο
886 5349 943 5404 δὲ
978 5352 1071 5404 καί
1107 5351 1247 5406 αύτά
1279 5352 1347 5406 τὰ
1385 5352 1487 5422 τῆς
1523 5353 1731 5417 πόλεως
1769 5354 1946 5426 τείχη,
1990 5358 2003 5369 ’“

374 5441 452 5505 ὼς
495 5442 684 5510 ὀλίγην
735 5442 831 5495 καὶ
879 5442 1314 5515 συνεσταλμένην
1355 5445 1585 5515 ὁρᾶσθαι
1649 5447 1948 5511 παντελῶς,

375 5533 469 5586 καὶ
524 5533 922 5605 εὖαριθμήτους
963 5534 1107 5604 ἔχειν
1152 5536 1278 5598 τοὺς
1324 5537 1633 5607 οἰκήτορας.
1687 5537 1825 5592 Ἀλλ’
1874 5539 1951 5603 ὡς

375 5626 510 5695 ἔφην
531 5625 758 5695 ἀρτίως,
788 5626 1138 5696 ἀνακομίζειν
1180 5627 1350 5697 αὐτὴν
1393 5628 1787 5696 ἐπαγγέλλεται
1814 5631 1957 5700 πρὸς

375 5715 436 5767 τὸ
464 5717 520 5768 ὲν
558 5717 771 5787 ἀρχαῖς,
810 5717 838 5769 ὃ
874 5716 936 5785 δὴ
974 5718 1068 5771 καὶ
1095 5717 1639 5789 τετέλεσται,’Κύρου
1677 5720 1775 5790 μὲν
1803 5720 1949 5775 ἀνέν-

376 5819 467 5868 τος
502 5806 599 5875 τῆς
643 5807 1037 5877 αἰχμαλωσίας,
1099 5808 1323 5878 Δαρείου
1380 5825 1441 5877 γε
1497 5807 1602 5880 μὴν
1651 5809 1742 5864 καί
1789 5810 1951 5865 αὑτὸν

2052 4893 2206 4963 quasi
2238 4892 2303 4946 ad
2344 4890 2620 4945 lenitatem
2654 4888 2893 4951 redierit,
2929 4900 3143 4941 rursum
3168 4897 3263 4938 eos
3296 4877 3628 4949 indulgentia

2053 4993 2105 5039 et
2135 4980 2701 5051 charitatedignando,
2729 4977 3079 5046 depositaque
3136 4973 3455 5042 iniuriarum
3510 4981 3631 5022 mea

2056 5076 2227 5132 moria
2263 5075 2458 5131 delicta
2494 5072 2870 5129 coudouaudo.
2896 5068 3189 5123 Pollicetur
3237 5066 3383 5120 enim
3423 5070 3478 5117 et
3530 5061 3630 5115 do-

2056 5185 2200 5222 mum
2232 5168 2681 5231 instauraturnm,
2712 5173 2768 5218 et
2830 5162 3255 5232 Hierosolymam
3310 5154 3627 5225 longissimo

2052 5258 2226 5327 spatio
2276 5258 2679 5325 producturum.
2717 5252 3022 5308 Crematum
3073 5250 3269 5318 quippe
3312 5254 3431 5299 erat
3492 5253 3629 5298 tem-

2049 5351 2215 5418 plum,
2236 5359 2291 5404 et
2324 5351 2437 5418 ipsa
2470 5348 2619 5402 urbis
2654 5347 2850 5401 mcenia
2882 5346 3079 5408 diruta,
3111 5352 3169 5396 ut
3213 5343 3431 5410 exigua.
3468 5347 3523 5393 et
3573 5338 3626 5393 in

2049 5453 2334 5515 angustum
2372 5440 2591 5496 redacta
2625 5440 2780 5507 plane
2801 5447 3136 5498 cerneretur,
3164 5443 3217 5489 et
3247 5432 3452 5488 incolas
3502 5445 3629 5500 per-

2049 5551 2249 5606 paucos
2292 5533 2531 5590 haberet.
2562 5529 2725 5603 663
2759 5530 2886 5594 Sed,
2918 5539 2977 5582 ut
3033 5528 3191 5581 modo
3216 5525 3349 5586 dixi,
3389 5538 3508 5577 cam
3560 5522 3626 5574 ad

2051 5627 2330 5695 pristinum
2364 5625 2770 5691 amplitudinem
2800 5631 3174 5675 revocaturum
3213 5616 3460 5686 spondet,
3481 5614 3633 5685 quud'

2051 5730 2104 5774 et
2151 5721 2346 5771 factum
2407 5727 2509 5778 est,
2553 5715 2693 5784 (ἶςιύ
2739 5713 2953 5780 quidem
2999 5728 3028 5765 e
3074 5712 3382 5780 captivitate
3439 5708 3626 5761 dimit-

2055 5819 2223 5875 trntc,
2267 5809 2425 5864 Dario
2454 5807 2706 5876 templum
2743 5805 3056 5861 rcacdificari
3084 5806 3339 5875 jubcute,
3379 5811 3431 5856 ct
3457 5801 3625 5868 ipsam
