4072 6370
433 398 506 453 ξῚ
1461 400 1521 455 S.
1563 398 1836 456 CYBILLI
1873 395 2343 453 ALEXANDIHNI
2387 395 2702 454 ARCHIEP.
3615 399 3684 450 28

437 515 625 568 urbem
683 515 950 570 mmnibns
1013 516 1189 587 cingi,
1223 533 1286 570 ac
1325 519 1521 571 tunuiri
1576 521 1918 587 permittente
1943 519 2002 570 ".

2117 515 2515 582 ἀναδείμασθαι
2551 514 2974 584 προστάττοντος
3026 512 3117 566 τὸν
3159 513 3309 576 ναὸν,
3340 514 3580 584 ἐφιέντος
3628 535 3685 570 τε

492 692 739 747 Videmus
767 707 940 749 autem
990 695 1153 748 Deum
1178 696 1460 763 aliquando
1487 709 1793 751 sanctorum
1829 698 2009 760 tidem,

435 795 486 837 et
513 786 900 839 adlwerentium
922 788 1020 840 sibi
1041 789 1380 843 dilecriouern
1401 799 1763 853 exercentem,
1784 790 2010 858 quibus-

437 876 557 929 dam
594 880 922 944 temporibus
969 880 1261 934 Ecclesiam
1313 882 1779 949 persecutionilms
1834 882 2012 935 sinere

437 971 716 1039 exagitari.
743 972 994 1026 Attamen
1027 973 1370 1026 mediocriter
1409 983 1657 1027 vexatam
1683 974 1864 1024 statim
1900 973 2010 1024 eri-

436 1078 580 1130 gere,
611 1065 828 1131 snisque
851 1065 1064 1118 auxiliis
1097 1066 1164 1119 de
1191 1064 1401 1130 integro
1431 1067 1792 1128 communire,
1821 1073 1874 1118 et
1918 1080 2009 1116 su-

437 1172 598 1225 perna
620 1157 788 1226 gratia
815 1155 1032 1210 domum
1055 1172 1206 1210 suam
1249 1172 1534 1211 exornare.
1577 1157 1688 1210 lmo
1726 1155 2014 1224 unusquis-

436 1262 543 1314 que
597 1247 716 1314 pius
759 1255 816 1301 et
881 1248 1014 1300 urbs
1083 1257 1138 1301 et
1192 1249 1448 1316 templum
1501 1246 1596 1302 Dei
1648 1253 1753 1302 est.
1804 1246 2014 1315 Stepius

437 1349 618 1393 autem
651 1343 933 1406 probatur,
973 1351 1026 1392 et
1046 1339 1251 1394 carnali
1303 1339 1601 1408 voluptate,
1650 1351 1705 1392 et
1742 1340 2010 1393 mundana

437 1431 794 1484 sollicitudine
817 1431 880 1482 ad
919 1429 1115 1500 ﬂagitia
1152 1431 1507 1495 irritantibus,
1529 1440 1585 1484 ut
1620 1432 1869 1500 patientis
1895 1429 2012 1482 ani-

434 1535 519 1574 ma
549 1519 760 1583 ardere,
788 1529 843 1574 et
880 1536 908 1572 a
939 1522 1127 1585 muris,
1162 1521 1276 1574 sive
1320 1521 1479 1574 tutela
1504 1523 1714 1576 deserta
1745 1523 2007 1576 videatur.

435 1611 633 1665 Verum
665 1613 955 1666 miserante
983 1615 1110 1676 Deo,
1133 1625 1188 1667 ct
1238 1624 1544 1667 Sanctorum
1581 1613 1830 1681 precibus
1895 1629 2011 1666 sese

435 1702 501 1753 ad
531 1705 992 1757 mansuetudinem
1038 1705 1376 1767 immolante,
1417 1719 1609 1757 rursus
1659 1705 1953 1757 tcdilicatnr
1987 1723 2004 1754 ι

435 1794 486 1843 in
520 1791 774 1857 templum
810 1803 1076 1855 sant-tum,
1119 1791 1168 1843 in
1211 1791 1571 1845 habitaculum
1613 1791 1701 1846 Dei
1739 1793 1789 1845 in
1843 1795 2005 1861 spiri-

2116 606 2206 657 καὶ
2229 605 2396 674 αὐτὴν
2423 608 2534 667 τοῖς
2564 606 2796 674 τείχεσιν
2819 604 3048 676 ὀχυροῦν
3075 603 3173 675 τὴν
3198 605 3372 659 πόλιν.

2193 694 2438 764 Ὀρῶμεν
2485 694 2563 759 δὲ,
2597 697 2682 748 ὃτι
2716 694 3101 765 διαγυμνάζων
3139 694 3251 748 ἐσθ’
3279 695 3367 748 ὅτε
3417 694 3546 758 Θεὸς
3580 695 3688 748 τῶν

2112 786 2283 853 ἁγίων
2324 787 2422 858 τὴν
2462 788 2663 851 πίστιν,
2697 789 2790 841 καὶ
2828 787 2935 841 τῶν
2965 788 3378 858 προσκειμένων
3407 787 3554 858 αὐτῷ
3588 790 3685 858 τὴν

2111 880 2410 949 ἀγάπησιν,
2435 881 2618 949 ἐφίησι
2663 881 2804 934 κατά
2851 881 3078 952 καιροὺς
3110 880 3400 934 διώκεσθαι
3445 880 3686 952 τὴνἝκ-

2113 970 2362 1040 κλησίαν.
2393 970 2530 1023 Ἀλλ’
2556 969 2712 1039 ὀλίγα
2753 969 3029 1024 παθοῦσαν
3077 969 3238 1032 εὐθὺς
3282 970 3552 1040 ἀνίστησι,
3592 971 3685 1023 καὶ

2112 1063 2442 1133 ἀνατειχίζει
2487 1063 2647 1118 πάλιν
2693 1065 2812 1126 ταῖς
2855 1061 3216 1133 ἐπικουρίαις,
3245 1060 3338 1112 καὶ
3378 1061 3445 1130 τῇ
3480 1058 3684 1112 ἄνωθεν

2111 1154 2294 1224 χάριτι
2320 1155 2414 1207 τὸν
2447 1153 2576 1207 ῐδιον
2613 1151 2759 1207 οἷκον
2789 1153 3058 1220 στεφανοῖ.
3094 1149 3204 1203 Καὶ
3236 1149 3466 1210 ἕκαστος
3491 1146 3550 1200 δὲ
3575 1146 3684 1199 τῶν

2112 1243 2355 1297 εὐσεϐεῖν
2383 1244 2674 1316 ᾑρημένων
2705 1242 2800 1294 καλ¹
2830 1240 2983 1304 πόλις
3013 1239 3150 1302 ἐστὶ,
3197 1238 3292 1292 καὶ
3338 1233 3485 1301 οἶκος
3523 1235 3679 1290 Θεοῦ.

2112 1335 2476 1408 Δοκιμάζεται
2519 1335 2576 1390 δὲ
2617 1335 2895 1397 πολλάκις,
2928 1330 3384 1404 κατερεθιζούσης
3416 1327 3575 1384 αὐτὸν
3605 1330 3685 1391 είς

2111 1431 2442 1501 φαυλότητα,
2470 1430 2565 1482 καὶ
2607 1428 2873 1498 σαρκικῆς
2914 1426 3125 1495 ἡδονῆς,
3153 1423 3248 1477 καὶ
3291 1422 3559 1494 μερίμνης
3593 1436 3683 1472 κοο

2113 1522 2337 1592 σμικῆς,
2372 1521 2448 1584 ὼς
2481 1520 2658 1574 δοκεῖν
2692 1515 3083 1588 ἐμπεπρῆσθαι(
3120 1532 3182 1568 τε
3208 1515 3302 1568 καὶ
3333 1511 3530 1582 τειχῶν
3565 1512 3686 1582 ἐρή-

2114 1633 2242 1686 μην,
2271 1615 2438 1684 ἦγουν
2481 1613 2804 1682 ἀσφαλείας,
2846 1610 2942 1682 τὴν
2969 1609 3061 1663 τοῦ
3105 1607 3367 1669 παθόντος
3399 1607 3684 1676 ἀπομεῖναι

2108 1706 2305 1776 ψυχήν.
2350 1704 2510 1758 Ἀλλά
2558 1703 3022 1773 κατοικτείροντος
3071 1699 3229 1760 Θεοῦ,
3276 1698 3369 1751 καὶ
3411 1699 3531 1760 ταῖς
3576 1695 3684 1748 τῶν

2110 1797 2282 1865 ἁγίων
2317 1797 2492 1858 λιταῖς
2518 1793 2944 1866 μετατιθεμένου
2971 1791 3106 1861 πρὸς
3136 1791 3195 1842 τὸ
3227 1791 3453 1860 ἥμερον,
3485 1785 3684 1840 οἰκοδο·

436 1895 489 1934 ιιι
527 1883 626 1934 υ.»
655 1882 994 1950 Drpulsaque
1022 1885 1164 1936 omni
1211 1885 1551 1937 inununditia
1589 1885 1762 1938 denuo
1817 1887 2002 1938 mumi-

2123 1891 2297 1957 μεῖται
2343 1887 2504 1940 πάλιν
2561 1905 2578 1938 ι
2608 1887 2685 1948 είς
2737 1885 2862 1937 ναὸν
2919 1883 3091 1950 ἆγιον,
3142 1884 3219 1944 είς
3266 1879 3684 1948 κατοικητήριον

432 1975 533 2027 bus-1
553 1976 934 2033 cummunitnr.
959 1987 1011 2029 et
1036 1977 1223 2029 civitas
1250 1977 1420 2045 magni
1446 1975 1606 2046 regis,
1632 1977 1729 2030 bnc
1747 1985 1827 2030 est
1861 1978 2015 2031 Chri-

432 2067 524 2128 sti,
563 2066 812 2120 t‘ﬂiCiltll‘.

505 2244 666 2297 Vens.
699 2245 778 2296 l7.
813 2242 874 2295 Et
907 2246 1039 2296 dixit
1074 2248 1142 2296 ad
1192 2262 1270 2297 me
1317 2245 1531 2314 angelus
1564 2246 1654 2315 qui
1707 2247 2013 2315 loquebatur

431 2335 483 2384 in
522 2349 640 2385 me:
672 2334 854 2385 Adhuc
915 2336 1108 2397 clama,
1149 2335 1364 2388 dicens:
1408 2334 1534 2388 lln'e
1575 2336 1699 2387 dicit
1760 2335 2011 2389 Dominus

430 2428 754 2493 omnipotens
779 2442 798 2479 :
823 2427 1008 2479 Adhuc
1059 2428 1423 2495 (li/fundentur
1473 2429 1709 2482 civitates
1759 2429 1812 2482 in
1841 2429 2009 2492 bonis,

429 2527 478 2569 et
507 2518 836 2570 miserebitur
876 2517 1132 2572 Dominus
1174 2521 1347 2571 adhuc
1381 2520 1532 2580 Sion,
1555 2531 1601 2572 et
1638 2520 1788 2588 eliget
1839 2521 2010 2574 adhuc

429 2608 742 2662 Jerusalem.

504 2697 592 2752 ΙΧ.
627 2700 760 2752 Cum
801 2702 1241 2756 duraretdiutius
1272 2701 1812 2770 capthritasJudzme,
1843 2713 1896 2756 et
1930 2719 2010 2753 nt-

429 2790 722 2846 bilominus
745 2791 1142 2844 Samaritarnnt
1174 2793 1335 2846 urbes
1355 2792 1407 2845 in
1430 2808 1629 2844 meram
1663 2793 2004 2846 solitudinem

428 2885 904 2937 cntn'ertebantnr.
935 2883 1065 2936 Nam
1114 2895 1166 2937 et
1203 2885 1390 2936 domus
1431 2884 1914 2953 conﬂagraverunt,
1949 2895 2004 2938 et

427 2991 557 3028 voce
588 2977 972 3043 propemodum
1002 2976 1161 3028 missa
1191 2975 1599 3045 Babyloniorum
1627 2977 1887 3030 saevitiam
1913 2993 2004 3029 ac-

428 3068 692 3120 cnsabant
729 3067 952 3136 ipsaque
1006 3067 1290 3122 civitatum
1321 3069 1530 3136 species
1574 3068 1897 3132 deformata,
1951 3077 2007 3122 et

426 3167 699 3212 destructa
731 3160 951 3213 omnino
983 3158 1278 3214 visebatur.
1310 3156 1661 3213 Paucissimis
1686 3169 1864 3213 autent
1925 3159 2007 3212 in-

427 3250 586 3315 colis,
617 3251 788 3303 virum
838 3251 1123 3316 illustrem,
1157 3261 1248 3304 aut
1278 3250 1478 3318 alioqui
1511 3250 1772 3318 insignem
1796 3249 1903 3303 illic
1926 3250 2007 3302 vi-

427 3347 556 3395 dere
582 3358 685 3395 uon
728 3351 848 3396 erat
879 3359 892 3395 :
923 3358 1096 3410 neque
1135 3342 1344 3411 aliquos
1388 3341 1553 3394 vitam
1581 3340 1845 3406 genialem
1886 3341 1996 3411 agi-

429 3444 624 3495 tantes,
653 3436 746 3487 sed
777 3441 998 3488 mlestus
1023 3448 1212 3487 omnes
1233 3434 1372 3486 l‘ame
1396 3443 1449 3485 et
1473 3433 1650 3500 inapia
1681 3431 2002 3486 laborantes.

429 3525 629 3578 llnrnm
678 3527 914 3579 omnium
966 3524 1078 3578 fore
1137 3526 1293 3578 linem
1344 3525 1630 3592 promittit.
1689 3526 1778 3578 Ait
1813 3525 2000 3578 enim:

434 3635 452 3666 ι
495 3613 866 3669 liiﬂnndentur
892 3615 1138 3670 civitates
1173 3617 1223 3668 in
1253 3615 1432 3677 bonis,
1466 3635 1483 3664 I
1519 3616 1618 3668 hoc
1657 3625 1742 3669 est
1798 3617 1850 3668 in
1898 3631 2001 3668 an-

428 3715 576 3773 tiqua
607 3706 864 3759 felicitate
923 3706 1301 3770 versabantur,
1337 3710 1688 3774 adauctmque
1741 3712 2001 3762 iiOlIUl‘llllt

429 3796 659 3850 rtnutdis
702 3797 889 3850 faciem
926 3797 1457 3866 itmovabunt,atque
1503 3798 1569 3851 ad
1607 3808 1790 3868 optata
1827 3801 2003 3852 denuo

427 3900 814 3945 revertentur-.t
838 3890 1176 3945 Miserebitnr
1200 3890 1342 3943 enim
1377 3889 1633 3943 Dominus
1663 3891 1838 3944 adhuc
1873 3891 1999 3945 Sion

424 3995 476 4039 et
503 3983 661 4052 eliget
688 3982 861 4036 adhuc
884 3980 1199 4038 Jerusalem.
1237 4001 1257 4034 ι

490 4249 770 4320 Perpende
801 4265 983 4319 porro,
1001 4265 1158 4319 quam
1190 4251 1478 4320 prudenter
1505 4251 1815 4318 prepbetica
1843 4251 1995 4305 nobis

419 4344 678 4409 procedat
713 4347 905 4396 oratio.
955 4342 1070 4396 Non
1122 4342 1264 4396 enim
1309 4341 1476 4414 664
1529 4343 1779 4398 universe
1822 4344 1991 4412 ipsum

420 4440 532 4490 lure
589 4434 998 4490 misericordem
1049 4438 1418 4500 spontlet,nec
1472 4437 1522 4488 in
1573 4449 1732 4489 omne
1785 4446 1993 4503 tempus

2117 1980 2252 2033 θεοῦ
2295 1982 2353 2033 ὲν
2402 1978 2688 2048 πνεύματι.
2721 1995 2739 2028 ›
2779 1975 2889 2028 Καὶ
2917 1973 2980 2044 δὴ
3011 1973 3228 2041 ἁπάσης
3274 1969 3684 2040 ἀπεληλαμένης

2117 2071 2478 2142 ἀκαθαρσίας,
2509 2068 2906 2138 ἀνατειχίζεται
2964 2063 3114 2134 παρά
3157 2062 3311 2124 Θεοῦ,
3341 2063 3435 2115 καὶ
3479 2062 3686 2129 γίνεται

2118 2163 2269 2226 πόλις
2297 2161 2390 2214 τοῦ
2435 2160 2668 2230 μεγάλου
2702 2158 2986 2230 βασιλέως,
3013 2155 3254 2208 τουτέστι
3282 2151 3542 2223 Χριστοῦ.

2187 2254 2297 2308 Kal
2323 2249 2454 2308 εἷπε
2487 2252 2636 2320 πρός
2659 2268 2735 2319 με
2763 2253 2796 2302 ό
2824 2249 3077 2318 ἄγγελος
3123 2249 3155 2300 ό
3180 2243 3385 2300 λαλῶν
3416 2243 3484 2297 ἑν
3513 2242 3644 2312 ἐμοί
3667 2255 3686 2273 ο

2119 2349 2248 2401 Ἔτι
2278 2345 2600 2413 ἀνάκραγε.
2633 2341 2828 2411 λέγων
2849 2359 2864 2374 ·
2918 2339 3063 2393 Τάδε
3103 2337 3263 2406 λέγει
3295 2335 3510 2402 Κύριος
3539 2349 3687 2387 παγ-

2113 2431 2410 2501 τοκρὰτωρ
2426 2453 2437 2464 ·
2460 2432 2589 2484 Ἔτι
2613 2429 3084 2499 διαχυθήσονται
3112 2426 3319 2489 πόλεις
3335 2423 3405 2476 ἐν
3425 2419 3684 2491 ἀγαθοῖς,

2111 2525 2206 2578 καὶ
2235 2523 2477 2591 ἐλεήσει
2508 2523 2726 2590 Κύριος
2754 2521 2841 2573 ἐτι
2866 2519 2980 2586 τὴν·
3007 2516 3182 2580 Σιὼν,
3212 2515 3310 2568 καὶ
3337 2513 3580 2583 clpe-nsi
3598 2511 3686 2565 ἔτι

2111 2617 2226 2684 τὴν
2269 2612 2675 2682 Ἰερουσαλήμ.

2179 2707 2257 2759 Θ’.
2299 2703 2721 2776 Παρατείνοντος
2749 2701 2842 2755 τοῦ
2866 2702 3056 2771 χρόνου
3084 2700 3181 2769 τῆς
3211 2695 3610 2768 αἰχμαλωσίας,
3629 2693 3687 2746 αι

2109 2799 2207 2867 τῆς
2241 2797 2499 2859 Ἰουδαίας
2538 2794 2723 2858 πόλεις
2755 2792 2907 2847 οὐδὲν
2941 2791 3006 2862 δὴ
3048 2786 3208 2862 ἦττον
3248 2789 3340 2842 καὶ
3364 2787 3472 2840 τῶν
3504 2787 3685 2854 Σαμα-

2110 2889 2308 2961 ρειτῶν
2347 2887 2704 2958 ὲξηρήμωντο
2752 2882 3050 2946 παντελῶς.
3094 2876 3246 2934 Οἷκοί
3291 2895 3350 2933 τε
3394 2878 3505 2948 γὰρ
3547 2872 3686 2947 ἦσαν

2108 2977 2583 3050 ὲμπεπρησμένοι,
2609 2976 2704 3030 καὶ
2737 2973 3020 3046 μονονουχὶ
3044 2971 3144 3040 τῆς
3165 2967 3523 3022 Βαϐυλωνίων
3543 2966 3690 3035 ὠμό-

2106 3089 2267 3141 τητος
2292 3068 2786 3141 κατακεκραγότες.
2826 3067 2920 3120 καὶ
2952 3063 3092 3118 αὐτά
3122 3063 3180 3117 δὲ
3222 3061 3290 3115 τὰ
3330 3059 3440 3113 τῶν
3481 3058 3687 3112 πόλεων

2112 3163 2388 3235 σχήματα,
2422 3158 2896 3230 κατηφανισμένα,
2929 3156 3024 3210 καὶ
3058 3152 3515 3222 ἀνατετραμμένα
3548 3166 3685 3202 παν-

2107 3252 2296 3314 τελῶς.
2333 3250 2726 3322 Εὐαριθμήτων
2751 3249 2808 3302 δὲ
2835 3247 3030 3318 κομιδῇ
3073 3243 3487 3302 κατοικούντων,
3518 3241 3688 3312 ἄνδρα

2112 3344 2208 3412 μὲν
2241 3344 2339 3396 οὐκ
2372 3339 2440 3412 ἦν
2469 3341 2741 3413 λαμπρὸν,
2775 3341 2809 3412 ἢ
2838 3341 2935 3394 καὶ
2986 3337 3186 3408 ἑτέρως
3239 3334 3509 3405 ἐπίσημον
3537 3333 3685 3395 ίδείν,

2107 3436 2220 3489 ἀλλ’
2243 3436 2365 3488 οὐδὲ
2389 3437 2446 3488 ὲν
2474 3433 2741 3505 εὐπαθείᾳ
2761 3434 2918 3496 ὄντας
2946 3433 3116 3494 τινὰς,
3144 3431 3410 3499 κατηφεῖς
3431 3427 3489 3480 δὲ
3514 3428 3686 3481 ᾶπαν-

2106 3545 2226 3588 τας,
2262 3525 2407 3597 λιμῷ
2459 3526 2554 3580 καὶ
2583 3525 2745 3596 πενίᾳ
2770 3519 3488 3593 κατηχθεσμένους.Τούτων
3522 3519 3687 3572 ἀπάνο

2106 3637 2213 3670 των
2259 3615 2479 3670 ἔσεσθαι
2525 3615 2697 3686 πέρας
2746 3611 3160 3680 ἐπαγγέλλεται.
3207 3627 3225 3659 ι
3259 3601 3686 3676 Διαχυθήσονταὶ

2105 3707 2234 3778 γὰρ,
2266 3706 2420 3778 φησὶ,
2453 3704 2638 3766 πόλεις
2683 3705 2741 3756 ὲν
2790 3701 3032 3770 ἀγαθοῖς,
3067 3719 3086 3751 ι
3135 3697 3408 3753 τουτέστιν
3461 3697 3518 3746 ὲν
3563 3696 3686 3756 ταῖς

2104 3801 2358 3869 ἀρχαίαις
2382 3797 2703 3868 εὐημερίαις
2730 3793 2963 3857 ἔσονται,
2996 3792 3088 3846 καὶ
3132 3788 3552 3862 παρακειμένων
3583 3787 3681 3840 αὐ-

2102 3895 2222 3952 ταῖς
2247 3890 2356 3943 τῶν
2379 3892 2457 3952 εἰς
2483 3887 2745 3957 ἀφθονίαν
2767 3885 3006 3954 ἀγαθῶν,
3036 3879 3395 3954 μεταϐαλοῦσι
3417 3880 3516 3950 τὴν
3538 3878 3680 3948 ὄψιν,

2103 3986 2194 4037 καὶ
2217 3982 2649 4054 ἀναδραμοῦνται
2681 3979 2841 4034 πάλιν
2868 3980 2926 4030 ὲν
2951 3980 3064 4040 τοῖς
3092 3979 3212 4029 κατ’
3233 3975 3419 4046 εὐχήν.
3458 3994 3476 4025 ι
3501 3974 3682 4045 Ἐλεή-

2104 4095 2184 4130 σει
2237 4077 2346 4145 γὰρ
2397 4078 2600 4146 Κύριος
2632 4073 2711 4126 ἔτι
2745 4073 2844 4141 τὴν
2873 4069 3033 4134 Σιὼν,
3062 4070 3153 4123 καὶ
3200 4069 3432 4138 αἱρετιεί
3473 4065 3552 4118 ἔτι
3582 4065 3681 4136 τὴν

2116 4168 2490 4240 Ἰερουσαλήμ.
2527 4187 2543 4216 ι

2174 4260 2364 4330 Ἀθρει
2411 4259 2468 4312 δὲ
2505 4259 2651 4319 ὅπως
2681 4256 2949 4325 εὐτέχνως
2982 4256 3112 4324 ἡμῖν
3145 4257 3172 4306 ὁ
3204 4255 3302 4321 τῆς
3343 4250 3678 4322 προφητείας

2099 4356 2315 4426 πρόεισι
2348 4352 2522 4418 λόγος.
2560 4351 2633 4402 Οὐ
2665 4347 2772 4419 γὰρ
2801 4348 2880 4410 εἰς
2915 4347 3059 4400 ἆπαν
3088 4344 3256 4415 αὐτὴν
3287 4343 3526 4412 ἐλεήσειν
3553 4357 3680 4392 κατ-

2099 4444 2518 4514 επαγγέλλεται,
2550 4440 2673 4494 οὔτε
2711 4438 2816 4510 μὴν
2846 4439 2923 4500 εἰς
2959 4437 3136 4490 πάντα
3170 4436 3360 4507 χρόνον
3389 4434 3642 4503 αἱρετιείν
3662 4447 3673 4460 ³

417 4533 738 4588 eiecturum,
761 4527 853 4580 sed
887 4527 1088 4589 adhuc,
1113 4525 1304 4594 inquit,
1339 4527 1578 4580 tenuitatis
1613 4527 1777 4581 veluti
1836 4539 1981 4582 certa

2106 4540 2232 4600 ιλλά
2260 4538 2338 4601 τὸ,
2361 4537 2462 4602 ἔτι,
2480 4536 2633 4604 φησὶ,
2663 4528 3282 4603 μεμετρημένονιῶσπερ
3309 4527 3398 4579 τὸν
3419 4526 3517 4595 τῆς
3541 4525 3680 4594 ἠμε-

419 4633 672 4670 mensura
698 4618 974 4671 deﬁnitum
1023 4629 1234 4685 tempus
1292 4619 1630 4685 promittens.
1678 4619 1804 4671 Erat
1844 4620 1986 4672 enim

418 4717 541 4773 post
576 4710 690 4763 bam
711 4710 1009 4766 atrociores
1058 4711 1304 4764 subitura
1363 4711 1719 4774 calamilates,
1775 4721 1991 4780 prOpIer

420 4800 597 4856 illatas
647 4802 864 4856 Christo
901 4804 1256 4858 contumelias
1303 4806 1678 4858 condemnata.
1721 4804 1987 4869 Quocirca

421 4894 549 4947 illud
585 4895 761 4948 adhuc
809 4896 960 4963 quasi
1015 4896 1315 4949 dimensum
1373 4896 1716 4966 benignitatis
1780 4909 1990 4964 tempus

422 4987 692 5050 declarat,
719 5002 840 5040 cmn
877 4989 1299 5042 comminatione
1342 4989 1546 5040 occulta
1587 4988 1684 5056 ipsi
1709 5001 1991 5043 eventuro-

420 5095 560 5144 tum,
604 5083 690 5133 ubi
721 5080 964 5134 Cirris-cus
988 5079 1235 5133 Salvator
1261 5091 1443 5134 noster
1476 5083 1772 5136 advenerit.

492 5259 651 5312 Vens.
693 5255 906 5310 iS-‘Zl.
949 5255 1009 5309 Et
1041 5257 1202 5309 levavi
1233 5257 1407 5310 oculos
1462 5274 1620 5321 meos,
1655 5269 1702 5309 et
1757 5259 1882 5321 vidi,
1938 5269 1988 5312 et

420 5367 533 5403 ecce
566 5359 792 5418 quatuor
809 5367 1026 5402 cornua.
1063 5350 1125 5402 Et
1153 5352 1266 5403 dixi
1315 5352 1384 5401 ad
1413 5353 1652 5419 angelum
1701 5353 1790 5421 qui
1813 5350 1991 5421 loque-

423 5445 575 5492 lmtur
608 5441 663 5493 in
689 5457 805 5496 me:
834 5442 973 5506 Quid
998 5450 1117 5495 sunt
1152 5441 1282 5505 huic,
1328 5441 1541 5494 Domine
1567 5443 1592 5495 .9
1640 5440 1709 5494 Et
1744 5445 1878 5496 dixit
1922 5444 1992 5495 ad

425 5545 544 5584 aue:
578 5531 703 5584 "(BC
736 5548 954 5596 cornua,
1001 5550 1119 5600 qua:
1153 5535 1468 5600 dissiparant
1505 5534 1720 5598 Judam,
1743 5546 1788 5588 et
1825 5534 1994 5588 Israel

421 5632 467 5674 et
502 5619 814 5674 Jerusalem.
851 5622 913 5676 Et
952 5627 1173 5678 ostendit
1209 5626 1332 5678 mihi
1382 5625 1632 5679 Dominus
1661 5637 1884 5696 (piatum
1911 5626 1993 5693 fa-

489 5808 534 5840 "
573 5806 589 5860 l
618 5807 770 5863 Esdr.
807 5824 840 5873 I,
874 5808 924 5862 6.
1004 5810 1046 5839 ²³
1079 5809 1272 5878 Epltt‘s.
1301 5825 1358 5875 Il,
1394 5809 1482 5866 22.

2104 4637 2326 4707 ρότητος
2383 4628 2571 4699 χρόνον
2618 4625 3066 4694 ὑπισχνούμενος.
3098 4619 3331 4689 Ἔμελλε
3380 4617 3488 4688 γὰρ
3543 4615 3683 4686 μετὰ

2097 4728 2254 4780 τοῦτο
2284 4726 2396 4784 τοῖς
2427 4721 2507 4773 ἑτι
2534 4719 2773 4790 χείροσιν
2796 4715 3058 4768 ὲναλῶναι
3093 4714 3303 4773 κακοῖς,
3332 4710 3424 4761 ἐπὶ
3452 4710 3571 4771 ταῖς
3595 4711 3676 4767 είς

2098 4817 2330 4889 Χριστὸν
2385 4811 2691 4884 παροινίαις
2723 4806 3165 4877 κατεγνωσμένη.
3207 4802 3416 4858 Οὐκοῦν
3461 4802 3541 4867 τὸ,
3570 4800 3674 4859 ἔτι.

2102 4904 2519 4977 μεμετρημένον
2555 4901 2743 4970 ὥσπερ
2773 4899 2922 4970 δηλοῖ
2952 4897 3043 4951 τὸν
3080 4897 3178 4965 τῆς
3200 4895 3534 4966 ἡμερότητος
3554 4892 3679 4964 χρό-

2099 5017 2209 5059 νον,
2242 4996 2471 5065 ἀπειλὴν
2515 4993 2708 5062 ἔχοντα
2747 4991 3043 5061 ἁσυμφανῆ
3089 4989 3198 5041 τῶν
3247 4987 3677 5058 συμϐησομένων

2101 5089 2238 5156 αὐτῇ
2274 5084 2415 5138 κατά
2447 5083 2571 5145 τοὺς
2606 5082 2826 5152 καιροὺς
2864 5080 2962 5148 τῆς
2988 5078 3080 5132 τοῦ
3104 5079 3353 5148 Σωτῆρος
3378 5076 3534 5146 ἡμῶν
3561 5077 3680 5129 ἐπι-

2102 5179 2164 5247 δη
2176 5177 2324 5245 μίας.

2165 5267 2271 5320 Καὶ
2305 5263 2418 5334 ἦρα
2453 5266 2593 5330 τοὺς
2647 5263 2998 5332 ὀφθαλμούς
3039 5279 3178 5332 μου,
3208 5261 3305 5314 καὶ
3355 5256 3540 5320 εἶδον,
3577 5257 3676 5310 καὶ

2099 5360 2227 5412 ἰδοὺ
2256 5358 2522 5423 τέσσαρα
2546 5355 2782 5422 κέρατα.
2810 5352 2921 5407 Καὶ
2948 5350 3087 5406 εἶπα
3115 5354 3263 5421 πρὸς
3292 5353 3398 5406 τὸν
3417 5350 3674 5419 ἄγγελον

2096 5450 2204 5502 τὸν
2250 5448 2561 5503 ,λαλοῦντα
2605 5448 2675 5499 ἐν
2717 5446 2881 5514 ἐμοί’
2931 5447 2989 5498 Τί
3037 5445 3166 5498 ἐστι
3213 5445 3417 5504 ταῦτα,
3458 5443 3675 5509 Κύριε;

2096 5541 2206 5594 Kal
2235 5536 2362 5593 εἷπε
2395 5538 2541 5607 πρός
2569 5555 2644 5607 με
2664 5557 2676 5569 ·
2711 5537 2900 5592 Ἰὶιῦτα
2930 5537 3002 5590 τὰ
3031 5536 3265 5605 κέρατα,
3295 5537 3366 5590 τὰ
3393 5534 3672 5599 61cmva-

2098 5632 2360 5684 πίσαντα
2408 5631 2514 5684 τὸν
2555 5630 2797 5684 Ἰούδαν.
2826 5630 2920 5683 καὶ
2974 5630 3077 5682 τὸν
3120 5626 3383 5696 Ἰσραὴλ,
3439 5626 3534 5679 καὶ
3577 5622 3676 5678 ’18-
