4072 6370
356 407 419 465 εις
1169 401 1715 461 ΟΟΜΜΕΝιΔΒιυΒ
1753 402 1820 456 ιΝ
1862 403 1910 458 Ζ.⁴

2013 405 2260 464 EIABIAM
2301 409 2734 473 PBOPHETAM.
3533 424 3602 477 50

353 527 690 596 ρουσαλήμ.
725 527 828 581 Καὶ
875 527 1067 591 ἔδειξε
1095 527 1310 592 Κύριός
1350 542 1452 594 μοι
1495 526 1800 594 τέσσαρας
1831 525 1910 580 τέ-

2026 532 2165 592 bras,
2200 544 2245 584 et
2283 534 2398 588 dixi
2424 551 2442 588 :
2497 535 2637 602 Quid
2677 539 2762 591 isti
2810 541 3018 594 veniunt
3076 543 3244 609 facere
3268 542 3294 594 ?
3324 541 3386 594 Et
3422 543 3596 597 dixit:

354 638 592 686 κτον-ας,
636 620 733 673 καὶ
787 615 958 672 εἶπαο
1008 621 1068 672 Τί
1107 614 1271 674 οὗτοι
1313 619 1589 686 ἔρχονται
1635 616 1925 685 ποι·ῆσαι;

354 714 461 768 Καὶ
488 709 617 766 εἷπε
640 729 654 742 ο
704 711 895 765 Ταῦτα
932 711 1003 764 τὰ
1035 709 1253 777 κέρατα
1294 709 1365 762 τὰ
1406 709 1924 776 διασκορπίσαντα

352 801 460 854 τὸν
499 800 742 858 Ἰούδαν,
772 799 871 852 καὶ
912 800 1021 852 τὸν
1058 798 1302 865 Ἰσραὴλ
1345 799 1662 862 κατέαξαν,
1697 799 1793 852 καὶ
1823 801 1926 852 οὐ-

351 895 479 960 δεὶς
520 892 721 947 αὐτῶν
756 889 863 960 ἦρε
903 890 1193 959 κεφαλήν.
1225 891 1332 944 Καὶ
1353 889 1728 955 εὶσήλθοσαν
1760 886 1926 946 οὗτοι

352 988 457 1040 τοῦ
499 987 709 1050 όξῦναι
743 985 896 1038 αὐτὰ
938 986 1026 1049 εις
1062 983 1262 1052 χεῖρας
1294 982 1512 1037 αὐτῶν.
1555 984 1630 1037 Τὰ
1657 983 1925 1052 τέσσαρα

349 1078 569 1145 κέρατα
602 1079 673 1131 τὰ
700 1078 864 1141 ἔθνη.
895 1077 965 1130 τὰ
991 1075 1441 1148 ἐπαιρο[ὐ]μενα
1479 1076 1656 1145 κέρας
1683 1079 1778 1132 ἐπὶ
1811 1078 1925 1146 τὴν

350 1167 468 1236 γῆν
496 1168 603 1221 τοῦ
627 1169 866 1234 Κυρίου,
889 1168 996 1221 τοῦ
1029 1167 1456 1234 διασκορπίσαι
1485 1168 1698 1235 αὐτήν.

420 1261 476 1314 l'.
519 1259 638 1328 Ἐφ’
668 1260 858 1330 ἑτέραν
906 1261 1093 1330 ὅρασιν
1141 1262 1168 1312 6
1214 1262 1496 1330 προφήτης
1542 1261 1782 1331 ἔρχεται,
1831 1261 1924 1315 καὶ

348 1353 447 1404 οὐκ
477 1354 558 1414 είς
592 1353 832 1423 μακρὰν,
869 1351 954 1405 ἵνα
1005 1353 1077 1423 μὴ
1119 1352 1262 1423 λόγῳ
1302 1353 1446 1423 μόνῳ
1493 1353 1798 1407 παιδεύοιτο
1851 1355 1922 1408 τὰ

346 1445 582 1512 ἐσόμενα
602 1458 614 1471 ⁸
638 1442 769 1496 ἀλλὰ
799 1443 892 1496 καὶ
915 1443 1095 1496 αὐτῶν
1122 1444 1231 1496 τῶν
1261 1461 1324 1496 συ
1333 1444 1688 1515 μϐησομένων
1711 1449 1767 1499 ἐν
1790 1446 1923 1500 θεω-

353 1538 494 1605 ρίαις
544 1536 852 1606 γενόμενος,
885 1534 1097 1598 λεπτῶς
1141 1553 1200 1589 τε
1233 1538 1328 1590 καὶ
1359 1537 1601 1607 ἀκριϐῶς
1634 1539 1800 1608 εἰδείη
1852 1539 1921 1593 τά

350 1627 740 1698 σημαινόμενα.
774 1627 870 1690 Τίς
894 1623 986 1680 οὖν
1019 1628 1124 1698 ἄρα
1151 1629 1300 1680 ἐστὶν
1331 1628 1359 1679 6
1384 1631 1482 1698 τῆς
1512 1629 1752 1698 ὁράσεως
1773 1629 1916 1692 νοῦς,

347 1719 422 1784 ὦς
456 1722 522 1773 ἂν
566 1714 676 1781 οἷός
702 1737 761 1772 τε
792 1713 855 1775 ὦ.
886 1719 1112 1772 διειπεϊν
1139 1719 1496 1788 πειράσομαι.
1528 1720 1601 1772 Τὸ
1630 1719 1800 1790 κέρας
1832 1720 1920 1773 ἀεὶ

349 1813 497 1882 παρὰ
542 1815 607 1881 τῇ
657 1810 997 1881 θεοπνεύστῳ
1034 1812 1224 1882 Γραφῇ
1252 1812 1586 1882 λαμϐάνεται
1617 1814 1714 1882 μὲν
1740 1815 1819 1876 εἰς
1843 1815 1918 1866 εί-

347 1903 498 1965 κὸνα,
534 1905 629 1955 καὶ
656 1901 1002 1956 ὑποτύπωσιν
1031 1903 1232 1970 ἰσχύος,
1263 1904 1430 1973 ἤγουν
1460 1903 1759 1972 βασιλείας.
1805 1906 1916 1957 Κα-

344 1993 670 2064 τασημαίνει
694 1992 748 2046 δὲ
772 1993 1084 2056 πλειστάκις
1111 1996 1206 2046 καὶ
1231 1995 1550 2066 ὑπεροψίαν,
1578 1996 1652 2058 ὼς
1675 1995 1732 2048 ἐν
1757 2013 1820 2064 γε
1839 1997 1916 2066 τῷ

346 2085 509 2148 φάναι
538 2086 650 2138 τισὶ
695 2085 786 2138 τὸν
835 2085 1104 2156 μακάριον
1132 2084 1321 2138 Δαϐίδ’
1363 2104 1382 2136 ι
1416 2082 1558 2139 Εϊπα
1589 2090 1700 2150 τοῖς
1735 2105 1915 2158 παρα-

343 2177 598 2247 νομοῦσι·
656 2177 744 2246 Μὴ
796 2181 1179 2248 παρανομεῖτε·
1209 2180 1302 2233 καὶ
1350 2181 1463 2242 τοῖς
1503 2179 1911 2248 ἁμαρτάνουσι·

342 2269 432 2339 Μὴ
465 2267 661 2337 ὑψοῦτε
687 2267 908 2336 κέρας.»
934 2268 1140 2321 Ψάλλει
1159 2268 1216 2321 δέ
1241 2286 1341 2322 που
1370 2269 1463 2322 καὶ
1489 2270 1617 2340 περὶ
1645 2268 1910 2339 Χριστοῦ·

348 2383 367 2414 ι
399 2363 471 2416 Τὸ
516 2362 682 2432 κέρας
722 2361 885 2414 αὑτοῦ
921 2360 1264 2432 ὑψωθήσεται
1294 2365 1352 2414 ἐν
1379 2360 1533 2431 δόξῃ,
1568 2381 1586 2413 ι
1635 2361 1914 2416 τουτέστιν

339 2458 372 2523 ἠ
408 2454 672 2524 βασιλεία,
703 2454 797 2506 καὶ
834 2455 868 2524 ἡ
900 2452 990 2505 τοῦ
1023 2453 1316 2524 κατάρχειν
1353 2453 1459 2506 τῶν
1503 2453 1639 2507 ὅλων
1671 2453 1824 2524 ἰσχύς
1853 2471 1912 2507 τε

340 2547 432 2598 καὶ
481 2545 715 2610 ἐξουσία.
750 2546 883 2615 Ὁρᾷ
929 2545 1214 2616 τοιγαροῦν
1265 2549 1292 2598 ὁ
1349 2547 1632 2617 προφήτης
1672 2547 1912 2616 τέσσαρα

338 2639 566 2708 κέρατα,
595 2639 868 2691 τουτέστιν
894 2637 1019 2706 ἔθνη
1060 2639 1320 2707 τέσσαρα,
1349 2637 1560 2708 σκληρά
1585 2655 1643 2690 τε
1689 2638 1785 2691 καὶ
1816 2639 1912 2692 άλ-

337 2729 643 2797 κιμώτατα,
690 2730 873 2792 πόλεις
913 2745 972 2781 τε
1020 2727 1156 2798 ὁμοῦ
1197 2729 1291 2780 καὶ
1341 2727 1523 2798 χώρας
1571 2726 1912 2798 ἐκκεραῖζειν

337 2821 574 2883 εὐκόλως
623 2821 913 2888 δυνάμενα.
952 2822 1059 2873 Καὶ
1104 2821 1154 2872 oi
1215 2822 1313 2885 μὲν
1366 2816 1505 2874 εἶναι
1548 2820 1722 2874 ταῦτά
1755 2836 1906 2888 φασι,

337 2917 433 2984 τήν
475 2931 533 2966 τε
561 2913 860 2982 Ἀσσυρίων
912 2912 1208 2980 βασιλείαν,
1241 2911 1333 2963 καὶ
1381 2912 1561 2982 μέντοι
1609 2911 1746 2984 πρὸς
1784 2911 1914 2982 τῇδε

334 3005 432 3073 τὴν
475 3003 584 3056 τῶν
629 3002 1006 3067 Βαϐυλωνίων,
1057 3003 1152 3054 καὶ
1189 3001 1382 3071 τρίτην
1424 3003 1522 3070 τὴν
1559 3001 1906 3057 Μακεδόνων.

353 3096 614 3165 Ἀντίοχος
638 3095 746 3163 γάρ
791 3095 819 3146 6
863 3093 1090 3161 ἐπίκλην
1119 3093 1439 3163 Ἐπιφανὴς,
1475 3095 1538 3146 ἐκ
1568 3093 1910 3155 Μακεδονίας

2031 621 2158 676 llaec
2213 643 2405 679 cornua
2440 645 2556 696 qua!
2597 631 2918 700 dissiparant
2961 632 3180 688 ludant.
3210 645 3258 686 et
3284 631 3452 687 Israel
3471 651 3598 688 corr-

2026 715 2311 784 fregerunt,
2347 726 2397 770 et
2445 719 2622 772 nullus
2645 737 2822 774 eorum
2853 723 3035 776 levavit
3095 733 3270 793 caput.
3309 723 3374 777 Et
3405 729 3598 794 egres:-i

2026 815 2148 858 sunt
2211 806 2299 859 isti
2347 818 2404 860 ut
2455 823 2692 863 acuerent
2727 828 2786 865 ea
2825 813 2879 864 in
2926 829 3108 866 manus
3141 813 3596 881 eorum.Qualuor

2025 912 2222 950 cornua
2256 910 2428 968 gentes
2453 915 2592 962 sunt,
2621 903 2875 958 elevaules
2903 923 3063 960 cornu
3086 923 3241 976 super
3268 918 3460 962 terram
3495 911 3590 964 Du-

2027 988 2178 1053 mini,
2221 999 2278 1042 ιιι
2310 991 2558 1059 dissipent
2585 1011 2722 1049 eam.

2095 1260 2161 1316 Χ.
2186 1262 2265 1315 Ad
2297 1262 2452 1316 aliam
2485 1265 2744 1319 visionem
2772 1269 3027 1335 propheta
3066 1267 3237 1336 venit,
3278 1284 3375 1323 nec
3429 1269 3595 1325 multo

2022 1362 2160 1422 post,
2194 1365 2250 1406 ιιι
2281 1370 2382 1408 non
2413 1355 2528 1408 solo
2557 1355 2720 1410 verbo
2751 1373 2870 1426 qua;
2898 1355 3076 1412 futura
3123 1368 3247 1412 sunt
3289 1359 3546 1414 doceatur
3577 1401 3594 1426 ,

2022 1446 2114 1499 sed
2147 1461 2270 1499 cum
2325 1456 2580 1500 eventura
2625 1450 2786 1502 etiam
2827 1450 3038 1514 viderit,
3074 1451 3342 1505 subtiliter
3377 1463 3430 1504 et
3469 1469 3592 1520 per-

2023 1537 2161 1592 fecte
2193 1523 2312 1606 qua:
2343 1539 2722 1608 signiﬁcantur
2768 1539 3044 1609 intelligat.
3101 1540 3251 1608 Quod
3312 1542 3473 1612 igitur
3527 1543 3594 1597 sit

2021 1630 2179 1697 hujus
2207 1630 2428 1686 visionis
2481 1641 2882 1700 argumentum,
2931 1644 3185 1701 quantum
3219 1633 3272 1686 in
3337 1649 3420 1686 me
3463 1635 3590 1699 erit,

2020 1721 2295 1776 declarare
2342 1724 2596 1777 conabor.
2653 1721 2832 1776 Cornu
2882 1723 2932 1776 in
2983 1723 3180 1778 divinis
3219 1723 3439 1778 Litteris
3497 1740 3594 1793 pro

2019 1812 2248 1878 imagine
2277 1813 2504 1880 quadam
2549 1822 2603 1866 et
2635 1814 3109 1880 repraesentatione
3175 1816 3426 1883 potentia:
3479 1816 3596 1870 sive

2022 1904 2167 1968 regni
2195 1905 2442 1957 sumitur.
2469 1904 2622 1974 Saepe
2652 1907 2776 1958 item
2813 1906 3076 1974 superbia:
3103 1908 3374 1958 notionem
3409 1906 3589 1968 habet,

2019 2006 2076 2046 ut
2104 2010 2223 2047 cum
2251 1993 2383 2048 dicit
2409 1996 2598 2050 beatus
2626 1997 2790 2048 David
2825 2014 2836 2048 :
2879 2015 2897 2046 ι
2938 1997 3054 2051 Dixi
3114 1998 3312 2065 iniquis
3365 2017 3378 2050 :
3415 1996 3589 2052 Nolite

2018 2087 2198 2156 inique
2249 2102 2446 2158 agere,
2499 2097 2552 2144 et
2598 2087 3030 2158 delinquentibus
3075 2105 3091 2143 :
3133 2087 3307 2144 Nolite
3354 2091 3594 2145 exaltare

2015 2193 2186 2232 cornu
2226 2177 2325 2234 “.s
2354 2179 2418 2232 Et
2446 2179 2638 2232 alicubi
2667 2179 2733 2234 de
2755 2178 2975 2233 Christo
3013 2179 3230 2247 psallit:
3265 2179 3440 2235 Cornu
3474 2179 3592 2249 ejus

2015 2269 2346 2324 exaltabitur
2378 2271 2430 2324 in
2459 2271 2624 2341 gloria
2662 2273 2728 2338 ³⁸,
2761 2290 2780 2322 ι
2817 2271 2866 2324 id
2903 2281 2988 2326 est
3032 2287 3287 2339 regnum,
3346 2273 3592 2341 viresque

2014 2369 2069 2413 et
2095 2369 2354 2430 potestas,
2385 2378 2488 2429 qua
2529 2363 2756 2432 imperet
2798 2363 3067 2417 omnibus.
3106 2361 3260 2416 Videt
3283 2362 3442 2432 igitur
3465 2376 3591 2430 prn-

2015 2451 2175 2520 pbela
2207 2467 2407 2506 cornua
2446 2463 2696 2521 quatuor,
2731 2452 2830 2506 hoc
2859 2461 2942 2507 est
2963 2462 3191 2522 quatuor
3222 2462 3408 2520 gentes
3429 2465 3588 2520 aspe-

2018 2555 2110 2593 ras
2153 2549 2204 2594 et
2233 2540 2555 2596 fortissimas
2583 2553 2636 2596 et
2661 2557 2781 2612 quae
2817 2545 2978 2598 urbes
3006 2552 3168 2614 atque
3203 2544 3444 2613 regiones
3468 2553 3588 2597 tan-

2013 2646 2175 2700 quam
2208 2633 2742 2702 cornibusimpetere
2787 2635 3160 2704 dissipareqne
3191 2633 3344 2689 facile
3367 2644 3587 2704 queant.

2014 2723 2123 2778 Has
2160 2725 2373 2792 quidem
2406 2726 2587 2780 volunt
2619 2742 2740 2781 esse
2775 2741 2993 2795 regnum
3039 2726 3406 2797 Assyriorum,
3458 2727 3590 2781 alte-

2013 2832 2134 2870 rum
2158 2815 2592 2886 Babylooiorum,
2628 2818 2844 2870 tertium
2892 2816 3268 2872 Macedonum.
3293 2820 3590 2873 Antiochus

2012 2909 2156 2963 enim
2180 2918 2537 2977 cognomento
2565 2908 2791 2961 illustris
2809 2919 2864 2962 et
2891 2908 3114 2962 Macedo
3143 2907 3379 2962 Iudaeam
3413 2921 3616 2964 vasta—t

2013 3001 2085 3052 vit
2147 2997 2281 3053 linic
2313 2998 2676 3052 Bottianorum
2713 3012 3098 3063 annumerant,
3123 3002 3212 3069 qui
3243 3012 3363 3070 post
3398 2999 3588 3055 Salva-

2014 3103 2183 3146 torem
2219 3091 2270 3144 in
2296 3106 2458 3146 cruce
2493 3102 2786 3157 mortuum,
2807 3094 2854 3146 vi
2883 3100 2937 3145 et
2962 3093 3127 3147 armis
3162 3093 3587 3164 Hierosolymam

333 3189 430 3248 ὢν,
467 3187 783 3257 πεπόρθηκε
811 3184 908 3255 τὴν
931 3184 1213 3237 Ἰουδαίαν.
1232 3184 1456 3254 Ἐπαριθ
1467 3184 1624 3252 μοῦσι
1649 3184 1706 3236 δέ
1735 3183 1905 3254 ταύτῃ

2013 3193 2405 3252 expugnarunt.
2448 3181 2712 3248 Quoniam
2771 3200 2898 3240 vero
2937 3187 3150 3241 divinus
3198 3185 3419 3253 angelus
3463 3201 3591 3256 pro.

336 3279 430 3330 καὶ
460 3279 558 3349 τὴν
583 3277 889 3347 Ῥωμαίων,
913 3276 947 3346 ἡ
978 3276 1114 3346 μετὰ
1147 3275 1234 3327 τὸν
1266 3274 1362 3327 τοῦ
1385 3275 1635 3344 Σωτῆρος
1678 3278 1907 3346 σταυρὸν

335 3369 442 3422 εἷλε
472 3371 541 3424 τὰ
574 3369 918 3439 Ἱεροσόλυμα
947 3368 1310 3429 κατακράτος.
1331 3367 1546 3436 Ἐπειδὴ
1590 3369 1645 3421 δὲ
1678 3368 1905 3438 διερμη-

335 3462 502 3516 νεύων
531 3461 609 3532 τῷ
647 3462 898 3534 προφήτῃ
945 3460 1043 3531 τὴν
1086 3460 1272 3529 ὅρασιν
1300 3460 1327 3510 6
1351 3457 1633 3522 Θεσπέσιος
1659 3459 1905 3529 ἄγγελος,

334 3558 499 3623 ἑξησε
537 3553 664 3623 περὶ
692 3553 801 3606 τῶν
831 3553 1098 3622 κεράτων,
1139 3555 1221 3606 ὅτι
1253 3571 1270 3602 ι
1303 3549 1487 3604 Ταῦτα
1519 3553 1585 3605 τά
1611 3553 1814 3623 κέρατα
1841 3555 1908 3607 τά

332 3645 794 3716 δασκορπίσαντα
840 3645 930 3697 τὸν
961 3644 1179 3709 Ἰούδαν,
1215 3645 1308 3698 καὶ
1336 3643 1428 3697 τὸν
1468 3645 1681 3715 Ἰσραὴλ
1707 3647 1907 3700 κατέα-

335 3739 449 3799 ξαν,
470 3757 487 3787 ι
512 3739 806 3802 ἀναγκαῖον
833 3733 984 3804 οἶμαι
1018 3737 1112 3789 καὶ
1135 3737 1250 3801 νῦν,
1289 3737 1472 3788 ἐκεῖνα
1500 3738 1794 3807 παρέντας,
1819 3738 1906 3789 ἐπ’

332 3829 458 3896 ἔθνη
512 3827 713 3897 μᾶλλον
755 3825 926 3878 ἐλθεῖν
977 3827 1046 3878 τά
1093 3827 1484 3896 συντετριφότα
1535 3828 1626 3879 τὸν
1665 3828 1904 3898 Ἰσραήλ.

332 3921 606 3983 Τέσσαρες
655 3919 720 3988 δὴ
760 3915 853 3971 οὖν
885 3919 1169 3986 γεγόνασιν
1196 3919 1382 3988 ἀρχαὶ,
1414 3920 1479 3972 δι’
1513 3913 1588 3972 ὧν
1614 3921 1770 3972 τοῦτο
1803 3939 1907 3974 πα-

332 4009 530 4064 θοῦσαν
583 4009 685 4080 τὴν
729 4009 988 4062 Ἰουδαίαν
1042 4011 1367 4080 εὑρήσομεν.
1397 4010 1599 4068 Φούλας
1651 4011 1747 4080 μὲν
1799 4012 1907 4082 γὰρ

331 4103 545 4170 πρῶτος
579 4101 678 4163 τὰς
714 4102 991 4160 ἐπέκεινα,
1023 4101 1097 4164 ὡς
1122 4101 1277 4170 ἔφην.
1305 4101 1413 4153 τῶν
1443 4102 1707 4171 Ἰορδάνου
1730 4103 1909 4171 ναμά-

330 4211 437 4247 των
485 4187 595 4245 εἷλε
644 4193 836 4261 φυλάς.
866 4188 998 4244 Εἶτα
1052 4194 1168 4262 μετ’
1198 4194 1401 4244 ἐκεῖνον
1443 4194 1472 4244 6
1516 4193 1907 4260 Σαλμανάσαρ,

331 4287 425 4337 καὶ
460 4286 643 4356 τρίτος
674 4285 1034 4354 Σεναχηρεὶμ,
1056 4286 1149 4336 καὶ
1178 4283 1487 4346 τελευταῖος
1524 4286 1640 4353 μετ’
1665 4285 1906 4348 ἐκείνους

331 4383 357 4429 ὁ
406 4375 910 4447 Ναὸουχοδονόσωρ.
948 4376 1158 4429 Οὐκοῦν
1206 4376 1534 4446 οἰκειότερον
1581 4377 1796 4447 νοηθείη
1842 4377 1910 4431 ἂν

330 4471 415 4522 ἐπ’
443 4469 646 4531 αὐτῶν,
678 4469 760 4522 ὅτι
806 4469 980 4522 ταῦτά
1019 4471 1134 4521 ἐστι
1181 4469 1249 4522 τὰ
1287 4469 1527 4540 τέσσαρα
1584 4471 1790 4540 κέρατα
1839 4471 1907 4525 τά

2008 3277 2184 3343 pheta:
2229 3275 2402 3329 visum
2436 3276 2795 3342 interpretans
2831 3276 2899 3330 de
2946 3277 3202 3331 cornibus
3229 3276 3385 3340 dixit,
3423 3275 3586 3348 665

2015 3384 2033 3416 s
2065 3368 2275 3420 Cornua
2315 3367 2411 3419 ista
2452 3381 2571 3435 quae
2603 3366 2795 3420 Iudam
2837 3368 3173 3436 dissiparim,
3220 3368 3382 3422 etiam
3415 3366 3588 3422 Israe-

2011 3458 2111 3513 Iem
2143 3458 2495 3528 confregisse,
2523 3479 2540 3510 ι
2584 3471 2836 3528 oportere
2866 3470 2994 3529 puto
3025 3475 3166 3514 nunc
3199 3460 3301 3513 illis
3360 3460 3585 3526 relictis,

2009 3551 2193 3605 venire
2215 3551 2392 3619 potius
2423 3552 2488 3602 ad
2521 3563 2731 3620 gentes,
2758 3567 2875 3617 quae
2907 3551 3162 3606 lsraelem
3191 3553 3584 3607 contriverunt.

2009 3643 2144 3697 Sunt
2177 3643 2338 3711 igitur
2364 3655 2596 3712 quatuor
2627 3644 2978 3712 principatus,
3019 3659 3114 3713 per
3137 3660 3274 3714 quos
3297 3644 3410 3709 haec
3456 3659 3584 3713 pas-

2009 3749 2122 3787 sam
2154 3733 2392 3788 Judteam
2449 3747 2680 3790 constat.
2742 3735 2939 3789 Phulas
2982 3736 3125 3790 enim
3192 3737 3398 3804 primus
3450 3736 3586 3790 duas

2011 3825 2184 3879 tribus
2207 3836 2357 3880 trans
2388 3826 2584 3880 ﬂuenta
2642 3827 2895 3881 Jorilanis
2945 3829 3241 3882 domuit".
3277 3827 3401 3883 Post
3460 3845 3584 3883 eum

2009 3915 2356 3972 Salmanasar
2381 3919 2447 3981 ³⁷,
2483 3919 2676 3972 tertius
2728 3918 3058 3972 Senacberib
3085 3920 3150 3984 ³⁸,
3181 3928 3233 3973 et
3283 3928 3585 3988 postremus

2008 4010 2504 4065 NabuchodOnosor
2527 4011 2594 4064 ”.
2621 4014 2800 4077 Quare
2827 4012 2994 4080 magis
3033 4011 3248 4080 proprie
3275 4011 3340 4065 de
3369 4011 3475 4064 illis
3493 4026 3587 4064 ac-

2008 4104 2257 4170 cipiatur,
2295 4102 2407 4154 haec
2440 4102 2650 4156 scilicet
2687 4116 2809 4156 esse
2835 4112 3070 4170 quatuor
3097 4117 3322 4164 cornua,
3349 4116 3470 4170 qua:
3492 4101 3586 4156 Ju-

2009 4193 2132 4246 dam
2176 4203 2229 4246 et
2264 4191 2514 4247 lsraelem
2555 4193 2887 4262 dissiparim.
2927 4193 3127 4247 Deinde
3177 4193 3284 4247 Deo
3316 4193 3586 4261 prOphetae

2008 4285 2273 4338 visionem
2316 4293 2656 4337 monstrante
2691 4294 2746 4337 et
2787 4283 3119 4351 explicante,
3165 4293 3395 4352 quatuor
3449 4284 3583 4339 fabri

2007 4383 2291 4444 apparent.
2318 4371 2521 4439 Qmerit
2546 4392 2782 4442 rursum,
2811 4393 2940 4446 quo,
2973 4388 3027 4430 et
3060 4394 3163 4445 qua
3202 4379 3267 4432 de
3294 4393 3457 4432 causa
3492 4395 3586 4432 ve-

2012 4467 2200 4531 niant;
2241 4467 2528 4534 respondet
2569 4468 2791 4536 angelus
2824 4471 2876 4522 in
2911 4471 3027 4534 ipso
3059 4469 3305 4538 loquens,
3356 4481 3587 4539 quatuor

329 4562 788 4632 διασκορπίσαντα
836 4562 924 4614 τὸν
963 4563 1166 4615 Ἰούδαν
1212 4562 1306 4616 καὶ
1350 4535 1724 4633 τὸν-Ἰσραήλ.
1773 4559 1906 4618 Εἶτα

2013 4575 2212 4614 cornua
2257 4574 2376 4627 quae
2418 4535 2777 4615 contriverint
2825 4572 2882 4615 et
2906 4535 3217 4630 dissiparim
3271 4535 3487 4630 ludam,
3532 4575 3588 4619 et

324 4643 464 4707 ’Θεοῦ
509 4654 986 4716 καταδεικνύοντός
1014 4670 1072 4705 τε
1121 4655 1216 4705 καὶ
1257 4654 1642 4724 ἁνευρύνοντος
1665 4653 1743 4723 τῷ
1774 4671 1904 4726 προ-

332 4747 472 4813 φήτῃ
502 4744 600 4813 τὴν
625 4745 834 4814 ὅρασιν,
865 4743 1126 4812 τέσσαρες
1154 4743 1383 4814 ὁρῶνται
1429 4745 1905 4814 τέκτονες.Ἤρετο

329 4837 381 4889 δὲ
418 4836 600 4896 πάλιν,
635 4837 756 4888 ὅποι
791 4853 848 4888 τε
877 4837 968 4888 καὶ
992 4837 1072 4903 ἐφ’
1094 4838 1200 4905 ὅτῳ
1223 4837 1558 4906 βαδίζουσιν
1590 4835 1709 4890 εἶτά
1739 4857 1810 4907 φη
1823 4858 1902 4891 σιν

329 4932 355 4979 ὁ
392 4928 566 4980 λαλῶν
596 4927 825 4994 ἄγγελος
858 4929 914 4978 ἐν
944 4927 1111 4996 αὐτῷ,
1137 4928 1218 4979 ὅτι
1247 4928 1312 4980 τά
1339 4929 1580 4996 τέσσαρα
1606 4931 1811 5000 κέρατα
1834 4934 1901 4984 τὰ

333 5020 716 5088 συντετριςρότα
751 5036 808 5071 τε
841 5020 932 5072 καὶ
962 5019 1420 5087 διασκορπίσαντα
1451 5022 1540 5073 τὸν
1572 5022 1774 5076 Ἰούδαν
1810 5025 1901 5077 καὶ

330 5108 419 5160 τὸν
449 5108 686 5178 Ἰσραὴλ,
723 5109 970 5177 εἰσῆλθον
1013 5109 1242 5172 ὀξῦναι.
1290 5110 1353 5162 Τί
1398 5108 1490 5163 οὖν
1535 5114 1764 5182 ἐροῦμεν
1812 5117 1900 5166 καὶ

330 5200 414 5251 διὰ
461 5199 650 5252 τούτου
702 5201 860 5254 πάλιν
909 5203 1414 5270 ύποσημαίνεσθαις
1445 5198 1591 5274 Ἀρα
1623 5204 1730 5273 γὰρ
1759 5223 1898 5276 παρ-

331 5290 593 5353 ωξύνοντο
637 5293 776 5345 κατᾶ
818 5293 909 5344 τοῦ
935 5293 1171 5356 Ἰσραὴλ.
1213 5296 1261 5346 οἱ
1314 5295 1412 5364 ἤδη
1467 5296 1898 5367 πεπορθηκότες,

335 5383 423 5433 καὶ
449 5384 815 5454 ἀγριωτέρους
847 5385 1095 5436 ἀπετέλει
1131 5387 1261 5448 θεὸς
1286 5387 1410 5449 τοὺς
1439 5387 1498 5451 ἐξ
1527 5390 1695 5458 ὀργῆς
1719 5390 1901 5451 αὐτοῖς

332 5475 816 5544 ἐπενηνεγμένουςς
859 5477 1048 5529 Καίτοι
1101 5477 1346 5542 φαίνεται
1389 5477 1764 5550 διαγεκραγὼς
1809 5482 1901 5534 καὶ

331 5565 530 5632 λέγων·
569 5587 585 5616 ι
613 5566 889 5636 Ἑζηλωκα
937 5569 1032 5636 τὴν
1064 5567 1414 5638 Ἰερουσαλὴμ
1469 5571 1560 5621 καὶ
1609 5571 1704 5640 τὴν
1763 5572 1898 5624 Σιὼν

397 5767 443 5796 τι
481 5763 619 5817 Psal.
649 5779 830 5826 ut".
861 5767 912 5820 5.
991 5768 1034 5797 ’⁸
1063 5767 1202 5823 Ρδδι.
1237 5783 1346 5830 CXI,
1382 5769 1434 5821 9.

332 5837 394 5889 t3
425 5849 574 5904 seqq.
606 5851 618 5898 ;
650 5834 691 5890 ll
722 5835 894 5891 Paral.
929 5852 1097 5903 xxxii,
1133 5839 1158 5890 -l
1192 5853 1340 5906 seqq.

1512 5767 1556 5799 "
1587 5769 1603 5822 Ι
1640 5768 1813 5822 Paral.
1849 5784 1899 5832 ν,
1930 5769 2018 5831 ‘25,
2048 5769 2136 5822 ‘26.

1420 5839 1546 5892 "IV
1581 5839 1709 5906 Reg.
1746 5854 1891 5904 xxiv,
1930 5839 1948 5891 Ι
1983 5854 2158 5908 seqqx,
2191 5838 2228 5890 ll
2265 5837 2432 5890 Paral.
2471 5853 2655 5902 xxxvi,
2689 5838 2719 5888 ti
2751 5854 2900 5907 seqq.

2012 4649 2274 4702 lsraelem
2299 4649 2570 4718 ingressos
2604 4667 2721 4704 esse
2752 4661 2808 4704 ut
2855 4663 3121 4710 acuerent.
3145 4652 3282 4718 Quid
3325 4653 3436 4722 jam
3485 4654 3586 4710 hoc

2013 4742 2117 4796 sibi
2149 4742 2282 4797 velle
2297 4743 2575 4798 dicemus?
2600 4744 2734 4797 Num
2753 4745 3162 4799 concitabantur
3181 4755 3372 4801 contra
3399 4746 3583 4807 Israel,

2009 4837 2099 4903 qui
2143 4853 2263 4887 eum
2300 4837 2410 4899 jam
2453 4836 2882 4901 devastaverant,
2942 4847 2996 4890 et
3041 4853 3180 4907 quos
3219 4839 3385 4891 iratus
3417 4838 3468 4889 in
3493 4853 3585 4891 eos

2013 4928 2307 4980 immiserat
2343 4927 2506 4991 Deus,
2536 4928 2632 4980 llos
2664 4927 2956 4983 ferociores
2987 4929 3219 4984 faciebat
3243 4933 3263 4983 ?
3288 4931 3447 4997 Atqui
3472 4931 3583 4982 clu-

2010 5035 2126 5071 rum
2153 5029 2236 5072 est
2289 5020 2437 5072 illum
2489 5020 2722 5072 clamare
2777 5036 2839 5073 ac
2867 5021 3087 5074 dicere:
3129 5041 3145 5069 ι
3192 5019 3406 5073 Zelatns
3465 5037 3582 5074 smn

2006 5109 2301 5164 Jerusalem
2365 5120 2418 5162 et
2485 5110 2611 5162 Sion
2671 5111 2788 5163 zelo
2849 5126 3084 5173 inagno,
3129 5121 3182 5162 et
3243 5111 3318 5162 ira
3388 5126 3581 5177 magna

2007 5202 2212 5255 irascor
2237 5217 2396 5270 super
2439 5211 2646 5271 gentes,
2676 5217 2796 5269 qua:
2830 5202 2984 5254 simul
3041 5203 3416 5256 incubuerunt.
3481 5199 3583 5254 Pro

2003 5309 2068 5348 eo
2098 5295 2241 5364 quod
2275 5310 2373 5364 ego
2405 5295 2621 5364 quidam
2664 5295 2832 5347 iratus
2873 5309 2988 5348 smn
3028 5294 3254 5355 modice,
3295 5293 3422 5360 ipsa:
3450 5309 3580 5346 vero

2005 5387 2165 5440 simul
2196 5387 2555 5440 inoubuerunt
2589 5387 2639 5438 in
2683 5385 2818 5438 mala
2843 5385 2907 5437 ’°.
2938 5405 2957 5436 ›
2986 5384 3085 5450 Qui
3113 5395 3291 5438 autem
3324 5400 3508 5451 parum
3526 5397 3582 5440 et

2007 5480 2213 5533 modice
2231 5489 2530 5544 succenset,
2547 5488 2602 5533 et
2626 5479 2740 5532 zelo
2759 5479 3098 5546 prosequitur
3118 5489 3433 5541 vastatores,
3455 5479 3578 5548 quia

2005 5574 2060 5628 in
2092 5583 2276 5640 captos
2305 5584 2460 5638 supra
2500 5587 2657 5639 quam
2687 5571 2788 5622 diei
2823 5579 2992 5638 potest
3025 5571 3324 5632 smvicrint,
3351 5586 3578 5639 quomo-

2215 5767 2349 5838 sr'v
2382 5766 2510 5836 Reg.
2546 5782 2674 5826 xvn,
2725 5766 2757 5817 5
2809 5719 2960 5835 s‘eqq.
3039 5770 3081 5799 "
3114 5768 3176 5820 IV
3226 5768 3352 5838 Reg.
3410 5783 3570 5835 χνιῖι.

2981 5841 3022 5869 ³⁰
3049 5838 3244 5894 Jerem.
3287 5857 3322 5904 ι,
3359 5841 3441 5903 Η,
3481 5841 3568 5898 ib.
