4072 6370
441 436 504 489 iii
1471 437 1530 491 S.
1571 435 1848 491 CYBILLI
1892 432 2361 489 ALEXANDRINI
2403 406 2723 487 ARCllll'IP.
3198 480 3201 485 .
3637 435 3707 489 Μ

440 552 511 606 do
535 564 725 607 contra
747 566 844 610 eos
893 551 1012 608 acui
1043 566 1242 607 cornua
1269 549 1464 619 jubet?
1515 550 1705 620 Itaque
1761 557 2019 604 acuuntur

2126 548 2287 618 ζῆλον
2337 547 2531 615 μέγαν,
2567 546 2662 599 καὶ
2710 544 2868 615 θυμῷ
2920 544 3140 614 μεγάλῳ
3187 537 3476 616 ὀργίζομαι
3520 546 3614 599 ἐπὶ
3637 548 3707 601 τὰ

440 643 682 708 quidem,
718 660 822 700 non
856 653 1032 700 tamen
1057 655 1245 699 contra
1268 642 1451 706 Israel,
1471 643 1566 697 sed
1591 652 1782 696 contra
1823 650 2022 695 semet-

442 735 579 801 ipsa.
619 736 673 788 In
693 751 752 791 se
782 745 968 790 mutuo
1020 750 1251 803 namque
1296 735 1722 794 insurrexerunt,
1774 734 2022 802 Assyrios

441 840 505 878 ac
537 825 855 896 Babylonios
892 826 1067 883 Persae
1088 837 1143 881 et
1159 826 1297 880 ΜιεΛὶ
1317 824 1456 878 bello
1476 824 1860 879 lacessiverunt
1879 824 2022 894 Cyro

379 903 400 970 ἶ
444 927 800 983 regnante,ut
827 933 986 987 supra
1008 918 1208 974 dictum
1233 929 1337 974 est.
1360 919 1722 986 Quamobrem
1754 916 1856 972 nisi
1924 932 2019 970 ex-

442 1013 596 1057 acuta
625 1003 851 1061 fuissent
890 1022 1113 1071 cornua,
1140 1018 1193 1063 et
1220 1008 1511 1078 expugnati
1560 1005 1862 1078 Babylonii.
1916 1019 2020 1058 non

324 1122 331 1129 ο
442 1093 630 1148 fuisset
680 1095 942 1150 servitute
995 1097 1273 1153 absolutus
1335 1096 1521 1163 Israel,
1580 1113 1682 1151 non
1736 1107 2022 1164 exetnptns

442 1185 670 1240 vinculis
695 1195 749 1240 et
780 1187 995 1240 miseria
1025 1188 1375 1245 intolerabili.
1402 1189 1645 1256 Quatuor
1672 1188 1852 1255 itaque
1884 1185 2020 1239 fabri

442 1291 643 1330 cornua
678 1289 934 1333 acuentes
967 1281 1018 1332 in
1047 1281 1294 1335 manibus
1321 1297 1530 1344 eormn,
1564 1280 1665 1336 hoc
1696 1289 1779 1335 est
1819 1280 2024 1333 haben-

444 1365 575 1417 tium
604 1381 688 1430 ea,
718 1367 831 1421 sive
857 1368 1148 1433 victorum,
1185 1381 1240 1422 ut
1280 1384 1435 1439 reges
1464 1369 1747 1425 Persarum
1825 1368 2023 1421 intelli-

443 1472 655 1522 pannus,
684 1458 903 1530 intelligi
934 1471 1156 1530 possunt
1187 1463 1387 1532 angeli,
1426 1461 1806 1517 decentissime
1839 1462 1903 1513 ad
1928 1460 2023 1515 Dei

436 1547 586 1614 jussa
626 1551 958 1608 conficienda
988 1554 1292 1610 constituti.
1330 1555 1439 1609 lloe
1488 1556 1650 1623 igitur
1676 1566 1793 1607 erat
1845 1551 2021 1620 subigi

442 1637 783 1710 Babylonios,
802 1652 855 1697 et
876 1645 975 1698 sub
1004 1636 1285 1714 imperium
1316 1645 1598 1700 Persarum
1641 1644 2024 1711 Medorumque

445 1732 611 1799 redigi
648 1732 715 1785 de
743 1735 938 1801 quibus
979 1734 1107 1790 alibi
1157 1740 1529 1792 uuiversormn
1587 1734 1846 1788 Dominus
1901 1736 1970 1786 ait
2003 1747 2017 1784 :

447 1839 466 1872 ι
501 1822 829 1880 Sauctillcati
858 1835 1003 1891 sunt,
1028 1838 1083 1882 et
1112 1843 1212 1898 ego
1236 1830 1444 1884 adduco
1469 1844 1570 1884 eos
1594 1847 1609 1895 ;
1655 1828 1900 1897 gigantes
1932 1842 2023 1880 ve-

2122 638 2250 708 ἔθνη
2279 638 2347 692 τὰ
2382 638 2853 707 συνεπιτιθέμενα.
2875 636 3016 690 Ἀνθ’
3046 628 3121 689 ὧν
3153 634 3264 704 ἐγὼ
3295 637 3393 706 μὲν
3424 636 3705 707 ὠργίσθην

2122 729 2299 796 ὀλίγα,
2327 729 2482 781 αὐτοὶ
2510 730 2565 780 δὲ
2603 728 2960 780 συνεπέθεντο
2997 728 3078 790 εἰς
3104 727 3272 781 κακά.
3307 747 3325 778 ι
3347 728 3404 780 Ὀ
3437 727 3515 791 δὲ,
3550 728 3703 796 ὀλίγα

2123 820 2219 873 καὶ
2251 819 2579 890 συμμέτρως
2609 818 2974 889 ὠργισμένος,
3003 818 3097 871 καὶ
3121 816 3279 887 ζῆλον
3308 818 3563 887 ἐπαφιεὶς
3595 823 3707 883 τοῖς

2124 909 2549 981 πεπορθηκόσιν,
2573 911 2653 963 ὅτι
2685 909 2837 980 παρὰ
2866 908 3024 976 λόγον
3056 909 3348 980 δεδράκασι
3378 909 3448 961 τὰ
3475 910 3553 972 εἰς
3576 910 3705 974 τοὺς

2124 1002 2350 1064 ἁλόντας
2402 999 2748 1073 τολμήματα,
2793 1000 2912 1063 πῶς
2939 997 3221 1064 ὀξύνεσθαι
3255 1000 3376 1053 κατ’
3404 1000 3583 1053 αὐτῶν
3615 1018 3706 1054 κε-

2122 1092 2268 1147 λεύει
2305 1093 2375 1148 τὰ
2408 1094 2653 1164 κέρατας
2701 1093 2910 1147 Οὐκοῦν
2959 1092 3232 1159 ὀξύνονται
3280 1094 3397 1163 μὲν,
3454 1094 3592 1161 πλὴν
3641 1096 3702 1147 οὐ

2124 1184 2267 1238 κατά
2292 1201 2356 1253 γε
2384 1185 2477 1238 τοῦ
2513 1184 2752 1255 Ἰσραὴλ,
2793 1185 2931 1238 ἀλλὰ
2963 1184 3104 1238 κατὰ
3138 1185 3287 1253 σφῶν
3320 1185 3522 1241 αὐτῶν.
3559 1188 3704 1239 Κατο

2123 1276 2487 1347 εξανέστησαν
2517 1275 2626 1347 γὰρ
2662 1276 2907 1349 ἀλλήλων
2953 1278 3048 1331 καλ⁵
3087 1277 3536 1350 πεπολεμήκασιν
3583 1278 3709 1331 Ἀσ-

2125 1368 2335 1439 συρίοις
2377 1384 2439 1420 τε
2469 1367 2566 1421 καὶ
2596 1367 2961 1432 Βαόυλωνίοις
2994 1369 3198 1439 Πέρσαι
3232 1369 3327 1422 καὶ
3356 1369 3553 1440 Μῆδοι,
3592 1368 3705 1421 Κύ-

2127 1478 2222 1533 ρου
2260 1458 2732 1530 βεϐασιλευκότος,
2762 1460 3016 1531 καθάπερ
3047 1459 3147 1530 ἤδη
3187 1459 3529 1531 προείρηται.
3563 1459 3675 1512 Ούκ
3695 1489 3707 1499 -

2122 1550 2237 1615 οῦν,
2273 1553 2322 1604 εἰ
2371 1549 2447 1621 μὴ
2478 1548 2693 1620 ὠξύνθη
2737 1550 2806 1604 τὰ
2854 1550 3082 1621 κέρατα,
3117 1551 3212 1604 καὶ
3255 1551 3596 1622 ἐπεπόρθητο
3640 1550 3709 1603 τὰ

2124 1644 2497 1706 Βαϐυλωνίων,
2533 1644 2635 1696 οὐκ
2667 1645 2734 1696 ἂν
2766 1643 3084 1713 ἀπήλλακτο
3132 1644 3379 1707 δουλείας
3407 1646 3436 1697 ὁ
3465 1644 3704 1715 Ἰσραὴλ,

2122 1739 2223 1790 οὐκ
2249 1737 2315 1791 ἂν
2356 1737 2545 1807 ἀνείθη
2577 1735 2813 1805 δεσμῶν,
2845 1735 2939 1788 καὶ
2975 1737 3075 1803 τῆς
3109 1736 3384 1808 ἀφορήτου
3425 1735 3706 1789 ταλαιπω-

2129 1829 2267 1901 ρίας.
2300 1829 2364 1881 Ol
2409 1828 2590 1881 τοίνυν
2642 1827 2910 1895 τέσσαρες
2956 1828 3228 1890 τέκτονες,
3275 1829 3324 1880 οἱ
3384 1826 3453 1879 τὰ
3501 1826 3708 1895 κέρατα

440 1917 595 1970 niunt
621 1917 844 1986 implere
866 1917 1099 1976 furorem
1138 1897 1337 1989 meum,
1368 1924 1661 1993 gaudentes
1678 1920 1838 1976 simul
1860 1929 1912 1975 et
1931 1935 2019 1974 su-

2130 1897 2540 1991 τταραθήγοντες
2568 1919 2626 1970 ἐν
2650 1919 2838 1989 χερσὶν
2867 1917 3067 1979 αὐτῶν,
3102 1916 3351 1970 τουτέστι
3401 1915 3511 1969 τῶν
3558 1916 3709 1986 ἐχόν-

439 2008 745 2074 perbientes
770 2010 839 2065 ⁸¹.
867 2029 887 2064 ι

2128 2028 2236 2062 των
2269 2010 2428 2074 αὐτὰ,
2459 2010 2582 2080 ἢτοι
2626 2008 2735 2061 τῶν
2782 2008 3149 2080 κρατούντων,
3177 2007 3266 2061 ἶνα
3309 2008 3438 2071 τοὺς
3484 2006 3710 2076 Περσῶν

436 2098 648 2169 νοὼμεν
716 2100 994 2170 βασιλέας,
1059 2105 1301 2173 νοηθεῖεν
1348 2106 1590 2176 ἄγγελοι,
1618 2105 1679 2159 τὸ
1727 2104 1917 2159 δοκοῦν
1966 2101 2086 2173 Θεῷ
2125 2103 2517 2173 ἀποπεραίνειν
2567 2098 2627 2156 εὖ
2694 2102 2839 2172 μάλα
2892 2101 3376 2172 προστεταγμένοι.
3422 2099 3593 2154 Τοῦτο
3641 2095 3710 2169 ἦν

435 2188 544 2256 ἄρα
578 2189 640 2242 τὸ
680 2189 883 2245 ἁλῶναι
921 2193 1019 2265 τὴν
1053 2195 1433 2261 Βαὸυλωνίων,
1468 2196 1563 2250 καὶ
1592 2197 1697 2251 ὑπὸ
1729 2197 1887 2267 χεῖρα
1923 2192 2181 2264 γενέσθαι
2242 2192 2469 2265 Περσῶν
2532 2210 2591 2246 τε
2627 2194 2722 2246 καὶ
2752 2193 2973 2264 Μήδων,
3011 2192 3142 2263 περὶ
3206 2186 3282 2247 ὧν
3342 2189 3570 2262 ἑτέρωθί
3602 2189 3705 2244 πού

438 2297 605 2362 φησιν
639 2284 667 2335 ὁ
697 2285 807 2339 τῶν
832 2285 972 2340 ὅλων
1001 2290 1308 2362 Δεσπότης·
1345 2310 1363 2342 ι
1387 2291 1744 2360 Ἠγιασμένοι
1781 2291 1908 2355 εἰσὶ,
1967 2288 2062 2342 καὶ
2097 2287 2209 2357 ἐγὼ
2253 2288 2372 2357 ἄγω
2416 2289 2635 2351 αὐτοὺς,
2664 2287 2919 2356 γίγαντες
2967 2288 3213 2360 ἔρχονται
3259 2287 3547 2360 πληρῶσαι
3615 2285 3708 2339 τὸν

438 2353 608 2447 θυμόν
636 2394 759 2447 μου,
797 2380 1080 2451 χαίροντες
1109 2353 1244 2454 ἆμα-
1279 2384 1374 2438 καὶ
1408 2353 1745 2456 ὑέρξζοντες.
1781 2403 1799 2434 ι

985 2517 1151 2589 666
1219 2518 1371 2574 CAP.
1403 2518 1467 2574 ιι.

508 2645 674 2700 Vens.
728 2650 780 2714 l,
825 2650 880 2704 5.
924 2649 989 2704 Et
1032 2651 1193 2706 levavi
1250 2652 1430 2707 oculos
1470 2671 1631 2720 meos,
1674 2667 1724 2709 et
1779 2655 1907 2721 vidi,
1972 2664 2020 2709 et

437 2754 553 2791 ecce
601 2741 699 2807 vir,
734 2752 780 2795 et
838 2744 892 2797 in
940 2761 1097 2797 manu
1159 2746 1273 2816 ejus
1325 2747 1595 2816 funiculus
1651 2752 2017 2816 geometricas.

442 2830 507 2883 It‘t
550 2834 661 2886 diri
709 2837 779 2887 ad
825 2853 942 2890 eum
979 2852 998 2892 .'
1039 2836 1156 2902 Quo
1192 2849 1249 2892 tu
1280 2841 1468 2894 vadis?
1499 2840 1565 2894 Et
1604 2842 1739 2895 dixit
1784 2843 1852 2894 ad
1897 2856 2018 2896 me:

441 2918 507 2974 Ut
558 2923 803 2976 dimetiar
857 2923 1244 2984 Jerusalenuet
1295 2928 1497 2982 videam
1562 2940 1759 3001 quanta
1791 2930 2020 2984 latitudo

437 3017 551 3082 ejus
605 3027 679 3068 est
733 3027 781 3070 et
810 3026 1009 3085 quanta
1049 3020 1338 3090 longitudo.
1389 3020 1452 3073 Et
1493 3038 1608 3076 ecce
1664 3026 1880 3094 angelus
1929 3025 2021 3094 qui

437 3105 752 3172 loquebatur
814 3110 869 3161 in
918 3126 1018 3173 me,
1075 3111 1269 3178 stabat,
1313 3122 1363 3167 et
1413 3121 1628 3184 angelus
1682 3117 1820 3168 alius
1876 3131 2020 3186 egre-

2722 2509 2976 2562 ΚΕΦΑΛ.
3026 2509 3101 2561 B'.

2196 2639 2304 2696 Kal
2347 2636 2467 2712 ἦρα
2508 2639 2651 2706 τοὺς
2689 2641 3036 2710 ὀφθαλμούς
3076 2660 3216 2711 μου,
3251 2646 3354 2698 καὶ
3397 2643 3579 2711 εἶδον,
3609 2649 3707 2704 καὶ

2122 2731 2253 2787 ἰδοὺ
2288 2733 2468 2800 ἀνὴρ,
2491 2731 2588 2785 καὶ
2612 2732 2682 2785 ἐν
2708 2731 2783 2799 τῇ
2803 2733 2952 2801 χειρὶ
2978 2734 3162 2788 αὐτοῦ
3191 2738 3473 2803 σχοινίον
3493 2757 3709 2810 γεωμευ

2123 2826 2345 2893 τρικόν.
2386 2825 2497 2879 Καὶ
2541 2820 2681 2877 εἶπα
2719 2825 2869 2894 πρὸς
2913 2827 3129 2880 αὐτόν·
3167 2828 3291 2882 Ποῦ
3333 2829 3414 2883 σὺ
3448 2833 3705 2900 πορεύῃ;

2128 2916 2241 2970 Kal
2262 2910 2394 2969 εἷπε
2419 2915 2568 2983 πρός
2586 2925 2668 2984 με’
2685 2933 2697 2945 ·
2727 2915 3124 2984 Διαμετρῆσαι
3148 2917 3261 2986 τὴν
3284 2919 3703 2993 Ἰερουσαλὴμ,

2124 3008 2234 3062 τοῦ
2283 3006 2433 3060 ἰδεῖν
2479 3006 2741 3074 πηλίκον
2786 3005 2855 3059 τὸ
2897 3006 3124 3073 πλάτος
3168 3008 3361 3079 αὐτῆς
3406 3012 3536 3065 ἐστι
3608 3015 3705 3067 καὶ

2124 3099 2388 3169 πηλίκον
2421 3097 2487 3152 τὸ
2521 3096 2739 3168 μῆκος.
2774 3097 2884 3153 Καὶ
2929 3098 3059 3154 ἰδοὺ
3088 3103 3120 3154 ὀ
3146 3101 3399 3170 ἄγγελος
3436 3105 3469 3157 ό
3499 3104 3708 3159 λαλῶν

436 3194 681 3249 άίεὸοιω·
718 3198 774 3249 in
815 3215 1087 3252 occursum
1113 3199 1248 3268 ejus,
1275 3211 1322 3254 et
1363 3203 1495 3255 dixit
1541 3205 1608 3257 ad
1636 3218 1775 3270 eum,
1806 3205 2019 3258 dicens:

2125 3193 2196 3247 ἐν
2222 3191 2352 3262 ἐμοὶ
2379 3190 2664 3259 εἱστήκει,
2687 3190 2783 3245 καὶ
2815 3190 3070 3260 ἄγγελος
3093 3190 3297 3260 ἕτερος
3318 3192 3705 3261 ἐξεπορεύετο

438 3285 723 3355 Frugifera
774 3287 1099 3343 habitabitur
1122 3290 1421 3346 Jerusalem
1455 3312 1485 3345 ο
1517 3296 1855 3349 multitudine
1915 3296 2012 3351 ho-

2112 3287 2201 3350 είς
2227 3282 2616 3350 συνάντησιν
2664 3280 2846 3346 αὐτῷ,
2874 3281 2974 3335 καί
3019 3278 3150 3335 εἶπε
3188 3282 3338 3350 πρὸς
3372 3284 3577 3349 αὐτὸν,
3612 3286 3706 3339 λέ,

439 3378 637 3429 minum
688 3387 737 3430 et
760 3376 1119 3445 jumentorum
1177 3398 1295 3450 qua:
1339 3385 1393 3436 iu
1428 3386 1597 3439 medio
1656 3385 1790 3455 ejus,
1817 3398 1865 3441 et
1923 3404 2016 3459 ego

2122 3389 2270 3445 νων·
2326 3373 2720 3442 Κατάκαρπος
2767 3374 3267 3444 κατοικηθήσεται
3298 3376 3704 3447 Ἰερουσαλὴμ

437 3486 527 3523 ero
552 3470 654 3534 illi,
676 3470 803 3523 dicit
838 3471 1110 3538 Dominus,
1144 3490 1323 3529 murus
1351 3478 1488 3547 ignis
1529 3479 1585 3531 in
1608 3479 1855 3546 circuitu,
1881 3495 1928 3534 et
1963 3483 2016 3535 in

439 3560 663 3628 gloriam
705 3576 796 3615 ero
821 3563 875 3616 in
906 3563 1074 3617 medio
1105 3565 1243 3634 ejus.

510 3825 601 3880 XI.
641 3825 755 3881 Non
778 3842 901 3883 esse
931 3841 1158 3886 exacnta
1184 3847 1383 3887 cornua
1415 3846 1603 3890 contra
1632 3837 1908 3902 lsraelem,
1927 3842 2022 3897 sed

440 3925 626 3970 raiittra
666 3932 759 3972 eos
790 3921 970 3989 potius
1033 3923 1124 3992 qui
1170 3924 1598 3994 Hierosolymam
1661 3941 1823 4000 atque
1857 3933 2021 3987 etiam

438 4006 678 4060 Judazam
709 4019 1020 4065 everterunt
1061 4029 1124 4070 ac
1183 4016 1514 4083 lacerarunt,
1573 4020 1819 4087 proxime
1864 4037 2026 4087 snpe-

441 4098 552 4150 rior
603 4097 737 4151 visio
764 4099 1077 4166 planissime
1120 4105 1481 4163 demonstrat.
1523 4109 1705 4164 Eievat
1758 4113 2022 4180 siquidem

442 4203 659 4242 rursum
712 4192 901 4246 oculos
939 4194 1223 4263 propheta,
1246 4213 1350 4250 non
1405 4199 1590 4267 utique
1630 4203 1895 4270 corporis,
1928 4204 2023 4259 sed

440 4280 726 4337 interiores
744 4285 940 4352 potius,
973 4294 1026 4340 et
1068 4288 1156 4355 qui
1217 4288 1575 4360 intelligentia
1630 4294 2021 4362 percipiuntur.

440 4372 576 4426 Tum
606 4376 896 4443 quemdam
920 4392 978 4432 se
1009 4378 1205 4435 vidisse
1238 4382 1315 4434 ait
1350 4381 1546 4449 forma,
1577 4395 1631 4438 et
1662 4386 1847 4440 habitu
1899 4388 2022 4454 viri,

438 4462 738 4518 funiculum
771 4475 1037 4521 tenentem
1081 4472 1491 4538 geometricum,
1519 4488 1677 4541 quem
1707 4486 2025 4543 percuncta-

2116 3465 2236 3519 ἀπὸ
2259 3464 2532 3531 πλήθους
2556 3463 2902 3533 ἀνθρώπων,
2932 3466 3032 3518 καὶ
3059 3464 3296 3533 κτηνῶν
3316 3467 3386 3521 ἐν
3406 3468 3574 3537 μέσῳ
3595 3472 3703 3523 αὐ-

2119 3556 2249 3626 τῆς,
2278 3557 2373 3610 καὶ
2413 3555 2528 3627 ἐγὼ
2571 3557 2782 3625 ἔσομαι
2820 3556 2995 3626 αὐτῇ,
3028 3557 3192 3627 λέγει
3231 3559 3471 3628 Κύριος,
3510 3560 3705 3631 τεῖχος

2121 3649 2311 3715 πυρὸς
2354 3649 2673 3712 κυκλόθεν,
2704 3648 2806 3702 καὶ
2853 3651 2942 3716 εὶς
2979 3648 3169 3714 δόξαν
3201 3650 3413 3721 ἔσομαι
3441 3653 3512 3706 ἐν
3538 3652 3706 3723 μέσῳ

2120 3738 2332 3808 αὐτῆς.
2982 3806 2985 3807 ν

2193 3833 2295 3887 IA'.
2338 3833 2459 3888 Ὀτι
2497 3834 2571 3904 μὴ
2604 3833 2748 3887 κατὰ
2771 3833 2867 3887 τοῦ
2899 3834 3120 3907 Ἰσραὴλ
3148 3835 3361 3906 ὠξύνθη
3385 3837 3454 3889 τὰ.
3474 3837 3700 3909 κέρατα,

2123 3926 2242 3977 κατ’
2264 3925 2491 3979 ἐκείνων
2519 3925 2577 3978 δὲ
2611 3925 2829 3996 μᾶλλον,
2855 3926 2905 3979 οἳ
2931 3920 3076 3980 εἷλον
3101 3943 3161 3979 τε
3195 3927 3290 3981 καὶ
3324 3928 3703 4001 πεπορθήκασι

2122 4013 2222 4085 τὴν
2256 4015 2633 4087 Ἰερουσαλὴμ,
2678 4016 2772 4069 καὶ
2798 4016 2982 4085 μέντοι
3025 4014 3124 4086 τὴν
3147 4016 3425 4081 Ἰουδαίαν,
3450 4021 3483 4089 ἡ
3508 4018 3705 4086 γείτων

2122 4109 2313 4179 ὅρασις
2358 4108 2646 4175 ὲκδείξειεν
2683 4107 2770 4172 ἂν,
2801 4109 2897 4161 καὶ
2947 4108 3092 4177 μάλα
3122 4107 3380 4173 εὐκόλως.
3411 4110 3565 4179 Αἵρει
3592 4110 3702 4180 γὰρ

2125 4199 2287 4254 πάλιν
2315 4200 2440 4264 τοὺς
2468 4199 2780 4270 ὀφθαλμοὺς
2804 4201 2833 4251 ὁ
2865 4200 3169 4271 προφήτης,
3208 4201 3301 4253 καὶ
3325 4200 3447 4270 οὐχὶ¹
3472 4200 3536 4270 δὴ
3568 4200 3704 4254 πάν-

2123 4306 2233 4353 τως
2259 4293 2387 4354 τοὺς
2414 4292 2509 4344 τοῦ
2544 4290 2816 4361 σώματος,
2850 4291 2976 4355 τοὺς
3002 4291 3059 4345 δὲ
3093 4292 3293 4362 μᾶλλον
3319 4294 3414 4346 καὶ
3456 4293 3701 4363 νοητούς.

2126 4376 2258 4434 Εἷτά
2286 4398 2410 4434 τινα
2441 4381 2727 4433 τεθεᾶσθαι
2751 4397 2916 4451 φησιν
2944 4384 3002 4434 ὲν
3031 4382 3225 4455 ἀνδρὸς
3269 4384 3533 4453 σχήματι,
3555 4400 3704 4452 σχοι-

2124 4471 2236 4525 νίον
2270 4472 2567 4541 κατέχοντα
2602 4471 2996 4542 γεωμετρικόνο
3028 4472 3191 4541 ἤρετο
3217 4473 3273 4525 δὲ
3308 4472 3470 4527 πάλιν
3493 4474 3577 4543 ἐφ’
3598 4475 3706 4544 ὃτῳ

440 4565 527 4607 tus
558 4564 662 4617 est,
701 4554 856 4624 cujus
883 4557 959 4610 rei
995 4560 1165 4627 gratia
1198 4563 1405 4616 veniret
1432 4573 1487 4618 et
1512 4565 1637 4632 quid
1686 4567 1786 4621 sibi
1828 4581 2019 4636 propo-

2125 4580 2184 4616 τε
2218 4562 2441 4633 βαδίζει,
2471 4563 2567 4617 καὶ
2590 4564 2674 4626 τίς
2707 4566 2735 4616 ὀ
2784 4564 2986 4626 σκοπὸς
3015 4564 3185 4635 αὐτῷ.
3222 4565 3328 4618 Τοῦ
3381 4565 3439 4618 δὲ
3485 4565 3550 4638 δὴ
3600 4571 3699 4634 φά-

439 4646 659 4698 suisset.
702 4642 781 4699 Eo
839 4648 1240 4717 respondente,
1295 4652 1430 4707 velle
1492 4655 1669 4709 metiri
1715 4653 2015 4711 Jerusalem

442 4774 456 4787 0
533 4774 549 4790 0
630 4777 647 4792 ο
723 4774 740 4791 ο
820 4776 835 4791 0
912 4775 929 4791 ο
1007 4780 1021 4794 ο
1098 4780 1112 4794 0
1193 4780 1209 4795 0
1286 4782 1302 4796 0
1382 4783 1396 4797 0
1477 4786 1490 4799 ο
1569 4784 1584 4799 0
1670 4784 1686 4801 0
1769 4787 1784 4802 0
1875 4786 1888 4801 ο

441 4876 451 4889 ,
535 4865 552 4882 .
630 4866 646 4881 .
726 4867 743 4883 .
815 4865 833 4883 .
904 4868 920 4883 .
1010 4868 1026 4883 .
1109 4831 1231 4901 ,(Ι)
1288 4834 1513 4890 ἰιιοωιεο
1566 4848 1747 4892 autem
1798 4851 1853 4893 et
1901 4841 2016 4908 ipso

439 4918 621 4972 divino
666 4918 896 4987 templo,
926 4934 1127 4989 perque
1177 4931 1340 4976 totam
1372 4923 1614 4981 Judaeum
1665 4929 1916 4984 domibus
1961 4939 2018 4986 et

439 5010 665 5064 urbibus
693 5010 1047 5075 excisis,eam
1081 5027 1270 5067 rursus
1300 5026 1540 5069 erectum
1569 5019 1655 5083 iri,
1681 5036 1804 5088 spes
1832 5023 2015 5091 aliquo

440 5101 601 5154 modo
631 5101 884 5171 perierat.
917 5101 1166 5157 Ostendit
1192 5119 1324 5173 ergo
1357 5106 1786 5172 Deus,curuibns
1814 5128 2014 5166 exacu-

440 5192 532 5256 tis,
571 5193 673 5247 hoc
695 5204 779 5248 est
822 5196 1092 5264 gentibus,
1127 5196 1241 5250 sive
1278 5201 1456 5267 regnis
1504 5200 1648 5254 inter
1692 5218 1751 5257 se
1798 5203 2014 5273 bellige-

440 5283 687 5338 rantibus
752 5296 1183 5342 resurrecturum
1243 5288 1428 5353 Israel,
1464 5301 1518 5343 et
1556 5292 1904 5349 habitandam
1953 5296 2016 5349 de

441 5375 651 5443 integro
668 5375 779 5443 jam
803 5377 1080 5434 dilatatam
1101 5379 1424 5446 Jerusalem,
1451 5385 1627 5437 divina
1666 5387 1861 5442 virtute
1900 5405 2018 5441 mu—

439 5465 632 5531 nitam,
681 5470 1038 5541 supernisque
1080 5472 1354 5529 favoribus
1400 5476 1546 5531 velut
1611 5478 2016 5549 interpugnubili

519 5642 561 5673 ³¹
595 5643 698 5697 isa.
721 5661 839 5702 xm.
870 5647 924 5703 5.

2126 4670 2346 4718 σκοντος
2369 4654 2733 4725 διαμτρῆσαι
2761 4654 2862 4725 τὴν
2896 4655 3273 4727 Ἰερουσαλὴμ,
3331 4696 3347 4710 .
3387 4696 3403 4710 .
3450 4700 3462 4711 .
3508 4702 3520 4711 .
3567 4696 3583 4710 .
3627 4700 3640 4712 .
3686 4699 3702 4714 .

2126 4881 2140 4894 .
2185 4878 2201 4892 .
2245 4874 2261 4892 .
2302 4838 2712 4910 ἐμπρησθέντος
2741 4839 2797 4892 δὲ
2821 4841 2915 4893 καὶ
2935 4840 3099 4893 αὐτοῦ
3130 4839 3225 4893 τοῦ
3253 4840 3399 4894 θείου
3433 4841 3586 4903 ναοῦ,
3612 4844 3706 4897 καὶ

2118 4929 2229 4983 τῶν
2259 4930 2364 4984 ἀνὰ
2400 4931 2580 4983 πᾶσαν
2606 4930 2705 5000 τὴν
2731 4930 2995 4984 Ἰουδαίαν
3040 4933 3207 4984 οἴκων
3254 4948 3316 4984 τε
3365 4932 3459 4985 καὶ
3495 4933 3705 4988 πόλεων

2119 5021 2643 5092 ἀνατετραμμένων,
2676 5021 2918 5093 ἀνῄρητό
2941 5039 3057 5085 πως
3097 5024 3129 5091 ή
3164 5021 3319 5087 ἐλπὶς
3347 5023 3441 5076 τοῦ
3472 5026 3565 5077 καὶ
3590 5026 3703 5077 εἰσ-

2119 5112 2277 5176 αὖθις
2297 5112 2467 5183 αὐτὴν
2490 5113 2802 5182 ἀνασφῆλαι
2827 5112 3107 5168 δύνασθαι.
3132 5114 3414 5169 Δείκνυσιν
3434 5111 3527 5169 οὖν
3547 5115 3699 5181 Θεὸς,

2118 5205 2199 5257 ὅτι
2214 5206 2323 5257 τῶν
2343 5205 2591 5276 κεράτων
2610 5205 3080 5276 παρωξυμμένων,
3099 5207 3345 5260 τουτέστι
3384 5208 3492 5261 τῶν
3508 5208 3700 5273 ἐθνῶν,

2120 5298 2237 5368 ἤτοι
2264 5298 2372 5350 τῶν
2407 5297 2714 5367 βασιλειῶν,
2748 5298 2841 5350 καὶ
2872 5299 2965 5351 τὸν
3000 5300 3136 5367 πρὸς
3173 5300 3437 5371 ἀλλήλους
3469 5302 3704 5372 πόλεμον

2120 5390 2658 5461 συγκεκροτηκότων,
2703 5388 3024 5460 ἀνεθήσεται
3078 5392 3178 5460 μὲν
3205 5393 3444 5464 Ἰσραὴλ,
3489 5396 3700 5467 οἰκήσει

2119 5478 2174 5533 δὲ
2217 5482 2377 5534 πάλιν
2411 5480 2867 5551 κατευρυνθεῖσαν
2908 5480 3008 5551 τὴν
3050 5481 3402 5554 Ἰερουσαλὴμ
3450 5485 3545 5538 καὶ
3578 5485 3701 5556 θείᾳ

518 5821 595 5893 (l)
630 5823 888 5896 Suspicor
921 5824 1097 5881 minus
1130 5840 1290 5894 quam
1320 5840 1415 5895 pro
1448 5825 1649 5882 lacunae
1679 5829 1875 5898 spatio,
1909 5840 1999 5884 aut
2034 5831 2170 5888 forte
2195 5833 2358 5889 etiam
2392 5834 2612 5891 nihilad
2641 5839 2963 5894 sententiam
2989 5838 3270 5895 omissum.
3300 5839 3584 5910 Interpres.
