4072 6370
319 427 387 477 55
1151 421 1693 478 COMMENTARIUS
1732 421 1797 476 IN
1842 422 1903 476 ΖΑ

2009 422 2240 476 lant-nt
2283 385 2724 477 meruerant.
3500 417 3571 471 δι

317 541 542 608 δυνάμει
584 541 1049 609 πεπυργωμένην,
1081 542 1174 592 καὶ
1215 535 1325 593 οἷον
1355 541 1554 611 ἀμάχῳ
1590 542 1750 609 φλογὶ
1779 543 1899 604 ταῖς

2009 541 2219 594 ﬂatnma
2259 542 2699 611 circumseptam.
2735 539 2920 594 Currit
2947 552 3076 608 ergo
3104 535 3325 608 angelus
3355 545 3414 592 ut
3466 551 3568 588 me-

316 631 520 682 ἇνωθεν
549 629 858 700 εὐμενείαις
887 629 1276 699 διεζωσμένην.
1313 629 1508 700 Τρέχει
1536 631 1712 683 τοίνυν
1737 633 1766 684 6
1790 632 1890 698 ἄγ-

318 721 469 788 γελος
504 721 836 791 ἐκμετρῆσαι
879 721 978 790 τὴν
1016 720 1394 792 Ἰερουσαλὴμ,
1429 723 1526 775 καὶ
1569 717 1681 775 οἷον
1709 723 1890 793 ὁρίσαι

318 814 580 865 πλατεῖαν
618 813 788 884 αὐτὴν
842 815 936 866 καὶ
982 815 1419 884 εὐμηκεστάτην.
1453 815 1564 868 Καὶ
1598 816 1755 868 ταυτὶ
1793 816 1892 886 μὲν

321 907 630 978 ἱστορικῶς.

385 1000 556 1068 Φαίην
604 999 650 1052 δ’
696 997 762 1052 ἂν
807 1000 888 1052 ὅτι
946 1000 1041 1053 καὶ
1091 1000 1177 1052 ἐπ’
1211 1001 1382 1072 αὐτῆς
1430 1001 1530 1072 τῆς
1570 1002 1894 1074 Ἐκκλησίας

318 1089 555 1158 Χριστοῦ
587 1092 758 1142 νοοῖτο
799 1089 867 1142 ἂν
895 1091 1121 1154 εἰκότως
1152 1093 1183 1161 ἡ
1215 1092 1425 1163 ὅρασις.
1463 1092 1894 1164 Τετυραννεύκει

321 1182 419 1250 μὲν
443 1181 552 1251 γὰρ
591 1180 730 1234 κατὰ
765 1180 981 1234 πάντων
1010 1184 1040 1234 6
1065 1182 1314 1246 Σατανᾶς
1341 1182 1450 1237 τῶν
1478 1184 1646 1237 όντων
1679 1185 1770 1236 ἐπὶ
1794 1184 1894 1252 τῆς

319 1273 444 1341 γῆς,
472 1274 568 1325 καὶ
593 1273 897 1341 γεγόναμεν
941 1273 1295 1342 αἰχμάλωτοι,
1329 1277 1441 1337 τοῖς
1473 1275 1683 1328 ἐκείνου
1711 1275 1895 1342 ζυγοῖς

320 1363 762 1434 ὑπενηνεγμένοι.
783 1363 922 1416 Ἀλλ’
953 1366 985 1433 ἡ
1015 1364 1108 1417 τοῦ
1143 1366 1393 1435 Σωτῆρος
1422 1367 1582 1436 χάρις
1609 1367 1893 1436 συνέτριψε

323 1455 420 1523 μὲν
442 1453 501 1506 τὺ
524 1454 734 1508 ἐκείνου
759 1455 951 1525 κέρας,
980 1456 1346 1510 κατελέπτυνε
1372 1458 1429 1510 δὲ
1447 1459 1544 1529 τὴν
1572 1459 1892 1529 ὑπεροψίαν.

321 1541 734 1613 Τεθριάμϐευκε
781 1544 891 1613 γὰρ
935 1545 1110 1614 ἀρχάς
1152 1563 1212 1598 τε
1251 1547 1346 1600 κα)⁵
1379 1548 1627 1612 ἐξουσίας
1672 1549 1767 1602 καὶ
1803 1565 1898 1602 κοσο

323 1635 738 1704 σμοκράτορας,
771 1635 873 1698 τὰς
913 1637 1299 1708 ἀντικειμένας
1344 1639 1623 1710 δυνάμεις,
1664 1639 1898 1705 ἐξείλετο

321 1727 379 1780 δὲ
407 1728 574 1796 ἡμᾶς,
601 1728 695 1779 καὶ
721 1727 827 1779 τῶν
861 1728 1068 1781 ἐκείνου
1095 1729 1309 1799 δεσμῶν
1344 1731 1897 1802 ἀπέλυσεν.”Ηγειρεν

325 1817 481 1886 ἡμῶν
524 1819 626 1888 τὴν
658 1818 1000 1889 Ἐκκλησίαν,
1033 1819 1132 1890 τὴν
1180 1822 1345 1890 ἁγίαν
1391 1822 1606 1894 άληθῶς
1644 1824 1740 1877 καὶ
1779 1823 1897 1877 δια-

1999 636 2162 686 tiatur
2207 631 2530 695 Jerusalem,
2558 633 2780 700 ejusque
2833 631 3163 685 latitudinem
3228 637 3283 682 et
3340 626 3572 696 longitu-

1997 730 2176 784 dinem
2209 729 2361 798 quasi
2419 727 2659 783 deﬁniat.
2691 727 2756 782 Et
2790 728 2901 781 haec
2947 724 3164 796 quidem
3197 723 3474 779 historice.

2071 1001 2460 1058 Allirmaverim
2491 1015 2652 1070 porro
2679 999 2841 1053 etiam
2871 997 2938 1053 de
2987 998 3099 1066 ipsa
3140 993 3342 1050 Christi
3383 991 3568 1047 Eccle-

1999 1094 2076 1147 sia
2149 1095 2322 1145 visum
2371 1093 2470 1144 hoc
2511 1098 2634 1159 apte
2685 1088 2942 1157 explicari
2998 1101 3175 1155 posse.
3244 1084 3572 1138 Exercnerat

1999 1185 2141 1237 enim
2175 1182 2509 1252 tyrannidem
2546 1181 2777 1235 Satanas
2841 1181 2891 1232 in
2949 1179 3200 1232 mortales
3267 1177 3566 1238 universos,

1999 1289 2325 1342 eramusque
2360 1272 2587 1340 captivi,
2629 1271 2772 1324 illius
2793 1271 2918 1339 iugo
2958 1268 3175 1322 subditi.
3212 1267 3406 1320 Verum
3452 1263 3570 1317 Sal-

2000 1366 2203 1420 vatoris
2241 1367 2413 1434 gratia
2460 1367 2576 1431 ejus
2625 1379 2794 1417 cornu
2835 1361 3111 1423 contrivit,
3163 1368 3216 1411 et
3265 1357 3568 1424 superbiam

2001 1458 2314 1510 atlennavit.
2349 1456 2727 1525 Triumphavit
2761 1455 2904 1508 enim
2971 1452 3262 1521 principes,
3315 1461 3369 1502 et
3419 1462 3568 1516 pote-

2002 1555 2187 1603 states.
2213 1556 2266 1598 et
2305 1546 2485 1598 tnundi
2532 1553 2791 1607 rectores,
2835 1553 2887 1596 et
2922 1542 3258 1596 adversarios
3319 1539 3569 1600 virtutes,

2000 1639 2162 1709 667
2192 1638 2498 1708 eripuitque
2534 1652 2646 1695 nos,
2683 1647 2738 1689 et
2787 1637 2934 1690 ﬁlius
2987 1634 3217 1689 vinculis
3278 1630 3568 1700 expedivit.

2002 1730 2271 1784 Excitavit
2309 1728 2603 1783 Ecelesiam
2635 1737 2872 1781 nostram
2914 1741 3036 1780 vere
3059 1733 3393 1786 sanetam,et
3433 1723 3571 1775 lanna

2004 1824 2232 1877 nobilem
2263 1823 2558 1886 civitatem,
2580 1820 2738 1874 latam
2774 1833 2827 1874 ct
2855 1819 3243 1887 longissimam,
3267 1831 3425 1885 quam
3449 1830 3570 1868 eum

324 1909 516 1978 ὃόητον
557 1908 749 1970 πόλιν,
795 1907 896 1979 τὴν
949 1909 1166 1981 εὐρεῖαν
1214 1911 1308 1963 καὶ
1357 1911 1796 1983 εὐμηκεστάτην,
1829 1915 1894 1984 ἣν

2009 1916 2172 1969 iruclu
2207 1915 2487 1968 incolimus
2510 1915 2777 1975 homines,
2803 1923 2858 1966 et
2882 1911 3146 1978 iumenta,
3179 1911 3282 1966 hoc
3311 1916 3396 1966 cst
3451 1923 3572 1962 ref-

323 1999 692 2068 κατακάρπως
745 1999 1046 2071 ᾠκήκαμεν
1112 2000 1388 2071 ἄνθρωποί
1442 2021 1499 2056 τε
1554 2005 1649 2058 καὶ¹
1704 2005 1897 2076 κτήνη,

322 2089 601 2142 τουτέστιν
649 2092 700 2142 οἱ
746 2090 1108 2160 λελογωμένοι
1144 2109 1205 2144 τε
1231 2093 1352 2164 ἤδη,
1383 2095 1478 2148 καὶ
1496 2096 1544 2148 οἱ
1570 2096 1738 2166 μήπω
1765 2097 1900 2166 πρὸς

323 2182 478 2235 τοῦτο
523 2184 749 2253 ἥκοντες
799 2187 1019 2254 μέτρου,
1055 2185 1336 2256 μέλλοντες
1375 2188 1432 2240 δὲ
1480 2189 1574 2243 καὶ
1611 2206 1900 2260 μυσταγωο

329 2273 606 2342 γούμενοι.
645 2275 1067 2345 Κατῳκήκαμεν
1111 2276 1288 2340 πόλιν,
1340 2278 1404 2349 ἤν
1459 2279 1621 2341 αὐτὸς
1674 2281 1900 2349 τειχίζει

327 2366 582 2436 Χριστὸς,
611 2365 870 2436 ἀρρήτοις
909 2366 1170 2434 δυνάμεσι
1202 2369 1559 2438 καταφλέγων
1607 2373 1732 2432 τοὺς
1772 2372 1900 2424 ἀνθ-

326 2460 641 2530 εστηκότας.
674 2460 770 2512 καὶ
811 2459 909 2529 τῆς
949 2461 1142 2514 ἑαυτοῦ
1188 2461 1346 2533 δόξης
1387 2463 1770 2532 ἀναπιμπλῶν,
1806 2463 1901 2516 καὶ

326 2547 436 2604 οἷον
457 2549 700 2620 ἑστηκὼς
719 2552 777 2604 ἐν
803 2551 953 2622 μέσῳ
978 2552 1085 2605 τῶν
1105 2555 1415 2616 οἰκούντων,
1440 2549 1521 2617 οἷς
1537 2555 1901 2625 ἐπηγγέλλετο

326 2641 527 2710 λέγων’
562 2661 580 2692 ι
605 2641 731 2695 Ἰδοὺ
762 2644 872 2710 ἐγὼ
897 2643 1015 2714 μεθ’
1040 2645 1193 2712 ὑμῶν
1223 2645 1338 2714 εἰμι
1368 2647 1547 2708 πάσας
1568 2647 1666 2709 τὰς
1689 2647 1901 2718 ἡμέρας

327 2735 432 2796 ἕως
460 2734 560 2804 τῆς
600 2735 904 2798 συντελείας
934 2735 1028 2788 τοῦ
1059 2736 1274 2800 αἰῶνος.
1308 2757 1326 2788 ι
1358 2738 1573 2804 Ταύτης
1612 2739 1710 2808 τῆς
1741 2740 1902 2806 ἁγίας

329 2825 535 2888 πόλεως
579 2827 909 2897 διεμέμνητό
953 2845 1056 2880 που
1110 2830 1201 2882 καὶ
1251 2831 1280 2882 6
1329 2831 1614 2900 προφήτης
1653 2831 1900 2892 Ἡσαΐας,

329 2915 522 2984 λέγων·
559 2935 578 2967 ι
608 2919 668 2971 υἱ
689 2917 957 2988 ὀφθαλμοί
981 2937 1073 2972 σου
1094 2920 1316 2989 ὄψονται
1352 2922 1725 2992 Ἰερουσαλὴμ,
1752 2924 1902 2984 πόλις

331 3005 583 3070 πλουσία,
620 3009 818 3076 σκηναὶ
864 3007 921 3060 αἳ
971 3010 1031 3063 οὐ
1087 3010 1160 3079 μὴ
1210 3009 1517 3075 σεισθῶσιν,
1571 3013 1680 3064 οὐδ’
1713 3013 1774 3064 οὐ
1828 3013 1902 3083 μὴ

333 3096 662 3148 σήευθὼσιν
693 3099 743 3150 οἰ
785 3099 1049 3152 πάσσαλοι
1078 3102 1176 3170 τῆς
1214 3103 1418 3171 σκηνῆς
1464 3103 1650 3172 αὐτῆς,
1687 3104 1804 3156 οὐδὲ
1837 3105 1904 3157 τὰ

332 3188 542 3256 σχοινία
573 3190 742 3260 αὐτῆς
769 3192 830 3244 ού
869 3193 942 3264 μὴ
975 3193 1329 3263 διαρραγῶσι.
1359 3215 1378 3246 ι
1418 3196 1525 3248 Καὶ
1558 3196 1693 3264 πρὸς
1735 3197 1904 3267 αὐτὴν

330 3281 390 3334 δέ
429 3299 562 3351 φησι
583 3299 597 3312 ο
630 3301 648 3332 ι
682 3284 953 3337 Πλάτυνον
987 3285 1076 3338 τὸν
1105 3286 1266 3338 τόπον
1301 3287 1402 3356 τῆς
1441 3289 1643 3358 σκηνῆς
1687 3305 1780 3341 σου
1809 3291 1905 3342 καὶ

329 3373 441 3425 τῶν
469 3373 705 3428 αὑλατῶν
734 3392 849 3428 σου.
883 3376 1076 3446 Πῆξον,
1115 3378 1188 3448 μὴ
1216 3379 1398 3450 φείσῃο
1423 3379 1503 3432 ἔτι
1539 3381 1617 3444 εἰς
1658 3381 1728 3434 τὰ
1755 3381 1906 3446 δεξιὰ

333 3465 428 3517 καὶ
461 3465 540 3526 εἰς
576 3466 644 3518 τὰ
672 3467 934 3537 ἀριστερὰ
962 3469 1279 3522 ἐκπέτασον.
1311 3491 1330 3520 ι
1368 3472 1770 3542 Κατευρύνεταί
1796 3473 1905 3544 γὰρ

335 3556 370 3623 ὴ
404 3555 698 3625 Ἐκκλησία
748 3558 1004 3628 Χριστοῦ,
1049 3561 1144 3612 καὶ
1191 3562 1269 3623 είς
1312 3562 1539 3633 ἄπειρον
1583 3563 1902 3629 ἐκτείνεται,

334 3647 739 3727 ἀναριθμήτους
772 3649 859 3701 ἀεὶ
886 3649 1143 3721 δεχομένη
1180 3654 1306 3716 τοὺς
1349 3656 1785 3724 προσκυνοῦντας
1811 3658 1906 3711 αὐ-

336 3738 450 3792 τόν.

409 3831 494 3894 Ὦ,
550 3829 595 3883 ὢ
644 3831 890 3900 φεύγετε
931 3833 1000 3886 ἐκ
1046 3834 1159 3904 γῆς
1201 3836 1414 3905 βορῤᾶ,
1465 3837 1627 3908 λέγει
1668 3841 1904 3909 Κύριος,

336 3921 486 3975 διότι
537 3923 607 3976 ἐκ
659 3922 779 3976 τῶν
836 3925 1147 3993 τεσσάρων
1197 3929 1430 3998 ἀνέμων
1485 3931 1592 3985 τοῦ
1645 3933 1906 4000 οὐρανοῦ

339 4015 586 4079 συνάξω
638 4015 812 4084 ὑμᾶς,
853 4019 1014 4086 λέγει
1051 4021 1286 4087 Κύριος.
1335 4025 1440 4087 Εἰς
1477 4022 1632 4076 Σιὼν
1676 4025 1911 4080 ἀνασώ-

343 4102 509 4164 ζεσθε
551 4108 603 4158 οἱ
643 4108 1058 4174 κατοικοῦντες
1088 4113 1378 4181 θυγατέρα
1403 4118 1780 4182 Βαϐυλωνος.

416 4197 512 4251 IB'.
567 4197 973 4266 Ἐπιστυγνάζει
1015 4204 1114 4270 μὲν
1157 4202 1345 4276 ὥσπερ
1377 4210 1487 4270 τοῖς
1531 4208 1760 4262 παθοῦσι
1810 4212 1909 4280 τὴν

344 4288 742 4358 αἰχμαλωσίαν,
792 4290 866 4351 ὡς
902 4291 1176 4347 δύσοιστον
1203 4297 1462 4368 ἀνατλέσι
1499 4299 1597 4374 τὴν
1637 4301 1912 4358 sciamu-

347 4379 489 4448 ρίαν,
525 4382 616 4433 καὶ
645 4381 708 4452 δὴ
744 4382 840 4436 καὶ
873 4384 1325 4456 ἁπονοσφίζεσθαι
1365 4393 1575 4446 κελεύει
1603 4395 1786 4448 λοιπὸν
1811 4397 1910 4466 τῆς

345 4473 628 4526 Χαλδαίων
662 4473 866 4545 χώρας,
905 4477 978 4540 ὡς
1029 4481 1146 4533 ἐνὸν
1190 4482 1290 4554 ἤδη
1331 4484 1486 4537 τοῦτο
1527 4485 1658 4557 δρᾷν
1702 4489 1906 4552 αὐτοῖς,

2001 2007 2068 2060 bu
2096 2005 2186 2060 Dei
2218 2005 2450 2059 instituti
2472 2006 2606 2072 jam,
2641 2015 2697 2059 et
2729 2005 2818 2072 qui
2857 2004 2924 2058 ad
2953 2005 3094 2057 hunc
3117 2003 3405 2057 terminum
3440 2017 3572 2053 non-

2001 2098 2125 2148 dum
2156 2108 2531 2164 pervenermtt,
2573 2096 2886 2163 pervenient
2932 2107 3109 2149 autem
3137 2134 3152 2157 ,
3178 2104 3232 2150 et
3283 2109 3438 2148 sacra
3481 2094 3573 2146 do-

2001 2187 2170 2239 ctrina
2194 2186 2365 2238 adbnc
2394 2186 2722 2239 imbuuntur.
2752 2186 3063 2240 Ilabitamus
3092 2186 3388 2250 civitatem,
3413 2199 3570 2251 qnam

2004 2279 2177 2331 munit
2205 2279 2316 2345 ipse
2339 2277 2588 2333 Christus
2616 2279 2841 2342 viribus,
2884 2289 3113 2348 quantas
3132 2279 3306 2332 oratio
3338 2277 3574 2345 comple-

2001 2371 2072 2424 mi
2127 2370 2268 2423 nulla
2331 2379 2526 2439 potest,
2555 2384 2715 2423 urens
2769 2369 3126 2434 adversarios,
3169 2377 3224 2422 et
3264 2367 3429 2436 gloria
3475 2382 3572 2420 Sua

2004 2461 2249 2530 impleas,
2273 2471 2326 2514 et
2353 2463 2506 2528 quasi
2536 2461 2587 2514 in
2615 2461 2789 2515 medio
2827 2461 3180 2515 habitantium
3233 2469 3402 2520 stans,
3458 2461 3574 2525 qni-

2005 2557 2102 2608 bus
2134 2555 2184 2608 id
2217 2555 2482 2622 promisit,
2510 2554 2560 2606 in
2596 2555 2708 2607 lucc
2763 2553 2920 2607 verba
2957 2571 3015 2607 τε
3055 2553 3197 2606 Ecce
3247 2565 3346 2612 ego
3399 2548 3576 2601 vobis-

2004 2661 2122 2699 cmn
2162 2660 2278 2698 sum
2309 2645 2560 2698 munibus
2599 2643 2786 2698 diebus
2848 2659 3018 2713 usque
3049 2643 3112 2696 ad
3159 2642 3578 2696 consummatio-

2006 2753 2124 2789 nem
2157 2736 2335 2790 samnli
2360 2737 2461 2789 3’.»
2493 2735 2664 2804 Hujus
2689 2746 2888 2790 sancta:
2919 2735 3156 2790 civitatis
3187 2733 3431 2787 meminit
3479 2732 3580 2782 ali-

2003 2831 2126 2882 cubi
2154 2830 2414 2896 propheta
2446 2844 2662 2898 quoque
2688 2827 2871 2888 Isaias,
2904 2827 2988 2881 his
3022 2827 3242 2881 verbis:
3276 2845 3294 2876 ι
3327 2825 3475 2879 Oculi
3501 2825 3576 2878 tui

2006 2923 2261 2974 vidi-bunt
2289 2920 2609 2981 Jerusalem,
2637 2921 2829 2973 civitas
2862 2921 3029 2981 dives,
3082 2918 3426 2973 tabernacula
3460 2931 3578 2985 qua:

2007 3028 2110 3066 non
2138 3012 2639 3072 commovebuntur,
2679 3026 2850 3079 neque
2881 3010 3236 3064 movebuntur
3268 3009 3447 3077 paxilli
3499 3021 3579 3060 ta-

2005 3104 2279 3158 bernaculi
2307 3104 2442 3171 ejus,
2467 3117 2640 3169 neque
2668 3101 2887 3156 fittiiruli
2914 3101 3031 3168 ejus
3061 3099 3536 3168 disrtnnpentnr”.
3555 3119 3572 3148 ι

2008 3196 2069 3249 Et
2101 3198 2268 3264 ipsam
2312 3195 2390 3250 sic
2421 3194 2730 3261 alloquitur.
2767 3213 2783 3244 ι
2819 3192 2987 3245 Dilata
3047 3192 3221 3246 locmn
3252 3190 3578 3245 tabernaculi

2009 3289 2104 3351 Ini,
2141 3297 2197 3341 et
2229 3286 2583 3341 tentoriorum
2610 3295 2841 3338 tuorum.
2884 3284 3034 3353 Fige,
3063 3299 3129 3337 ne
3154 3298 3374 3350 parcas,
3404 3283 3579 3334 adhuc

2005 3381 2071 3433 ad
2095 3379 2368 3433 dexteram
2393 3387 2448 3432 et
2472 3378 2747 3433 sinistram
2779 3377 2941 3430 dilata
2973 3376 3038 3429 “.
3075 3393 3094 3426 ι
3134 3373 3393 3428 Dilatatur
3438 3373 3580 3424 enim

2006 3470 2244 3525 Ecclesia
2304 3468 2546 3534 Christi,
2597 3480 2652 3521 et
2700 3469 2753 3522 in
2814 3470 3149 3555 innuensum
3225 3465 3535 3520 extenditur
3566 3503 3581 3527 ,

2007 3561 2428 3618 innumerabiles
2502 3577 2716 3632 semper
2785 3562 2960 3632 ipsum
3037 3561 3328 3616 adorantes
3411 3557 3584 3612 susci»

2006 3671 2178 3726 piens.

2078 3857 2242 3912 Vens.
2277 3856 2339 3922 6,
2369 3856 2421 3911 7.
2455 3853 2532 3916 0,
2560 3872 2589 3908 ο
2636 3854 2799 3924 fugite
2839 3854 2902 3905 de
2945 3861 3084 3906 terra
3125 3852 3416 3926 aquilonis,
3450 3851 3580 3904 dicit

2010 3949 2267 4004 Dominus
2291 3963 2310 4000 :
2334 3949 2454 4020 quia
2480 3950 2544 4002 de
2563 3959 2789 4016 quatuor
2815 3946 2976 3999 ventis
2997 3951 3111 4005 ςτειξ
3135 3944 3451 4020 congregabo
3476 3962 3582 4007 υάε,

2009 4041 2134 4093 dicit
2161 4039 2435 4093 Dominus.
2459 4037 2525 4091 In
2555 4037 2682 4092 Sion
2711 4038 3011 4106 miramini,
3033 4043 3119 4112 qui
3147 4042 3393 4094 habitatis
3419 4042 3585 4108 [ῑιῑαηι

2011 4131 2320 4200 Babylonis.
3574 4139 3578 4142 '

2085 4222 2533 4295 Xllflngemiscit
2553 4224 2953 4294 quodammodo
2978 4239 3142 4292 super
3165 4223 3231 4275 iis
3276 4223 3365 4291 qui
3393 4222 3585 4288 Captivi

2014 4317 2257 4379 lum-ant,
2291 4326 2346 4367 ut
2394 4329 2632 4368 mrumna
2685 4316 3012 4369 intolerabili
3063 4315 3313 4368 exercitis
3363 4329 3377 4366 :
3429 4323 3588 4382 atque

2017 4411 2180 4463 etiam
2214 4409 2278 4461 de
2312 4419 2508 4463 caetero
2539 4407 2798 4462 decedere
2819 4407 3187 4462 Chaldaeorum
3225 4419 3364 4460 terra
3399 4407 3585 4461 horta-

2013 4508 2119 4560 tur,
2139 4498 2280 4567 quod
2309 4498 2412 4551 illis
2435 4499 2544 4565 jam
2572 4499 2711 4552 istud
2736 4498 2913 4552 facere
2941 4499 3152 4553 nemine
3175 4509 3385 4552 vetante
3412 4499 3590 4571 liceat,

345 4563 678 4632 ἐξείργοντος
711 4566 943 4632 οὐδενὸς,
987 4572 1150 4624 αὐτοῦ
1177 4591 1236 4626 τε
1278 4575 1622 4644 συλλέγοντος
1654 4582 1716 4632 ὲκ
1748 4582 1903 4634 τόποι

2017 4601 2069 4644 et
2103 4592 2216 4657 ipse
2258 4591 2491 4644 hostium
2538 4591 2983 4656 impressionihus
3031 4591 3309 4659 dispersos
3351 4589 3587 4659 colligat.

345 4654 542 4717 παντὸς
571 4658 693 4719 τοὺς
718 4662 837 4722 ταῖς
864 4661 973 4714 τῶν
1003 4664 1276 4733 πολεμίων
1300 4669 1620 4738 προσϐολαῖς
1655 4689 1915 4726 κατεσκε-

343 4744 660 4815 δασμένους.
712 4751 996 4824 Θυγατέρα
1041 4757 1095 4808 δὲ
1143 4759 1488 4824 Βαϐυλῶνος,
1548 4767 1638 4816 καὶ
1684 4766 1787 4835 γῆν
1822 4769 1915 4821 τοῦ

350 4835 539 4910 βορρᾶ,
584 4840 686 4911 τὴν
709 4841 836 4911 ίτῶν
879 4846 1159 4902 Χαλδαίων
1180 4850 1361 4921 χώραν
1403 4855 1674 4923 ὀνομάζει.
1707 4859 1772 4910 Ai
1809 4859 1916 4932 γὰρ

353 4934 710 5002 μητροπόλεις
738 4937 799 4989 ὲν
817 4937 968 5002 τάξει
1001 4941 1251 5012 μητέρων
1275 4944 1536 4997 τέθεινται
1561 4951 1680 5010 ταῖς
1707 4949 1916 5013 ἄλλαις.

349 5022 406 5074 αἶ
438 5024 726 5093 πράττοιεν
763 5025 829 5079 ἂν
854 5028 944 5080 ὑπ’
971 5031 1178 5093 αὑταῖς.
1213 5030 1531 5104 Βορειοτέρα
1577 5035 1632 5086 δέ
1670 5053 1786 5100 πως
1825 5041 1920 5090 καὶ

2023 4682 2211 4736 Filiam
2243 4697 2404 4750 porro
2423 4680 2708 4751 Babylonis
2731 4691 2782 4735 et
2803 4691 3001 4735 terram
3030 4682 3295 4750 aquilonis
3321 4679 3593 4734 Cltalilam-

2026 4789 2142 4826 rmn
2162 4774 2710 4841 regionemnominat.
2729 4770 3050 4841 Metropoles
3064 4773 3207 4826 enim
3227 4772 3348 4824 aliis
3371 4770 3592 4823 urbibus

2026 4863 2128 4915 sibi
2152 4860 2409 4928 subjectis
2429 4863 2598 4914 instar
2628 4873 2860 4914 matrum
2895 4872 3040 4916 sunt.
3061 4862 3439 4916 Chaldaeorum
3467 4875 3595 4911 vero

2030 4951 2174 5017 regio
2193 4949 2500 5018 aquilonem
2520 4952 2996 5006 interetorientem
3020 4953 3120 5004 sita
3138 4961 3239 5005 est.
3265 4952 3327 5003 Et
3353 4953 3451 5004 ista
3477 4950 3594 5017 qni-

2030 5041 2149 5091 ilem
2169 5059 2194 5092 a
2219 5042 2369 5094 nobis
2387 5053 2679 5095 secundum
2703 5044 2982 5097 historiam
3011 5045 3152 5097 dicta
3174 5059 3384 5096 rursum
3411 5053 3591 5096 sunto.

355 5110 484 5180 πρὸς
506 5111 589 5181 ἠὼ
619 5116 868 5184 κειμένη,
901 5116 1010 5169 τῶν
1041 5117 1321 5172 Χαλδαίων
1358 5123 1390 5191 ἡ
1433 5121 1604 5193 χώρα.
1649 5126 1756 5178 Καὶ
1795 5128 1952 5181 ταυτὶ
1994 5131 2092 5199 μὲν
2126 5133 2276 5201 ἡμῖν,
2305 5131 2379 5196 ὡς
2423 5133 2560 5204 πρός
2604 5151 2668 5203 γε
2734 5133 2802 5187 τὰ
2836 5137 2900 5188 ἐκ
2947 5135 3046 5198 τῆς
3091 5136 3330 5204 ἱστορίας
3361 5134 3598 5204 εἰρήσοω

357 5207 534 5258 πάλιν.

424 5298 739 5368 Μεταφοιτᾷ
767 5297 825 5351 δὲ
861 5299 890 5352 ὁ
919 5298 1076 5367 λόγος
1110 5301 1187 5358 εἰς
1227 5301 1458 5370 θεωρίαν
1490 5302 1587 5372 τὴν
1632 5321 1927 5375 πνευματι-

355 5389 473 5458 κὴν.
501 5390 594 5442 καὶ
633 5390 692 5442 τὸ
719 5389 813 5443 τοῦ
843 5391 1095 5462 Σωτῆρος
1123 5392 1222 5462 ἤδη
1247 5410 1360 5454 πως
1390 5396 1716 5465 εἰσ-κρίνεται
1742 5397 1914 5467 πρόσ-

354 5495 519 5539 ωπον,
579 5479 1147 5550 καταγλυκαινομένου
1206 5481 1405 5549 τρόπον
1455 5484 1573 5536 τινὰ
1593 5524 1608 5547 ,
1663 5485 1820 5554 μόνον
1861 5485 1918 5536 δὲ

355 5569 472 5638 οὐχὶ
511 5570 606 5622 καὶ
638 5571 1056 5642 ἐπιδακρύοντος
1087 5575 1197 5634 τοῖς
1238 5575 1329 5625 ἐπὶ
1360 5573 1458 5643 τῆς
1485 5574 1606 5642 γῆς,
1637 5575 1724 5628 διά
1753 5593 1834 5628 τοι
1860 5577 1921 5628 τὸ

357 5660 559 5723 πάντας
588 5661 684 5732 τὴν
713 5660 807 5714 τοῦ
821 5665 1251 5735 τυραννήσαντος
1272 5666 1484 5718 Σατανᾶ
1511 5666 1761 5738 λατρείαν
1791 5671 1922 5722 ὑπο-

427 5837 473 5870 ³¹
503 5837 690 5895 Matth.
723 5857 915 5910 xxvm,
950 5843 1038 5896 ΞΟ.
1114 5844 1160 5874 ³³
1189 5845 1288 5900 lsa.
1327 5861 1520 5912 xxxul,
1553 5847 1640 5902 20.

2106 5307 2329 5362 Transit
2347 5319 2523 5364 autem
2548 5325 2730 5365 sermo
2746 5312 2812 5364 ad
2829 5312 3314 5366 considerationem
3335 5311 3594 5378 Spiritna-

2024 5396 2146 5460 lem,
2170 5409 2223 5452 et
2252 5414 2534 5466 personam
2563 5400 2858 5455 Salvatoris
2880 5402 3133 5471 deinceps
3167 5401 3424 5465 insinuat,
3453 5403 3592 5456 dulci

2026 5489 2218 5546 atl‘ectu
2257 5491 2417 5545 veluti
2467 5493 2848 5560 liquescentis,
2879 5500 2935 5546 et
2969 5493 3354 5562 propemodum
3386 5492 3596 5565 illacri-

2029 5583 2226 5637 mantis
2242 5583 2576 5648 mortalibus,
2609 5584 2733 5653 quia
2747 5599 2936 5640 omnes
2949 5585 3013 5640 ad
3030 5595 3314 5656 tyrannum
3335 5587 3594 5644 Satanam

2028 5674 2309 5728 colemlum
2351 5686 2660 5745 properent,
2679 5685 2732 5730 et
2754 5677 2828 5732 illi
2862 5679 3101 5735 serviant
3123 5679 3438 5736 servitutem
3464 5681 3598 5736 adeo

1719 5849 1762 5878 ³⁵
1801 5848 1901 5903 lsa.
1931 5863 2038 5918 LIV,
2075 5849 2129 5903 9..
