4072 6370
439 421 511 478 53
1465 420 1521 474 S.
1565 416 1829 474 CYRII.”
1871 415 2339 473 ALEXANDRINI
2380 414 2698 471 ARCHIEP.
3627 419 3697 472 56

443 535 728 602 immitem,
749 545 826 602 ut,
847 533 970 589 dum
995 536 1110 605 ejus
1138 534 1396 590 voluntati
1419 536 1808 605 obsequuntur,
1827 547 2019 602 magno

2123 532 2369 601 δραμεῖν,
2407 530 2498 582 καὶ
2529 529 2773 582 δουλείαν
2806 527 3102 599 ἀνατλῆναι
3131 527 3224 598 τὴν
3254 526 3396 583 οὕτω
3433 530 3694 602 σκληρὰν,

441 639 496 682 et
524 628 670 698 gravi
697 641 864 680 onere
893 626 1062 696 premi
1089 628 1392 681 videantur.
1413 626 1580 698 668
1609 625 1704 678 Est
1727 625 1889 694 igitur
1914 623 2019 676 illis

443 727 631 771 auctor
656 717 989 786 aul‘ugiendi,
1022 725 1081 770 ut
1107 731 1174 770 ex
1209 726 1351 771 terra
1381 715 1670 786 aquilonis,
1697 716 1800 768 hoc
1846 721 1929 767 est
1952 727 2020 766 ex

441 820 583 864 terra
620 809 810 880 frigida
850 827 864 863 :
907 817 966 861 ut
1000 809 1124 862 hinc
1157 807 1503 862 aﬂectiouem
1550 806 1837 876 quamdam
1903 819 2021 858 mo-

445 915 672 970 rumque
695 899 1135 954 constitutionem
1162 899 1492 953 mundanam
1518 898 1838 967 cogitemus,
1857 910 2018 965 quam

443 992 487 1045 si
534 992 655 1061 quis
702 990 994 1054 habuerit,
1029 990 1312 1058 ipsamque
1351 992 1498 1044 visus
1544 989 1704 1044 fuerit
1747 989 2018 1052 habitare,

445 1097 547 1136 non
582 1082 686 1136 erit
715 1082 904 1151 spiritu
941 1081 1159 1136 fervens
1179 1121 1194 1145 ,
1225 1098 1323 1136 nec
1354 1081 1572 1152 habebit
1602 1083 1655 1134 in
1683 1095 1741 1134 se
1773 1081 2021 1134 habitans

445 1174 667 1244 ignitum
699 1174 786 1226 Dei
830 1174 1077 1227 verbum.
1104 1173 1290 1227 Psallit
1320 1187 1548 1242 namque
1580 1172 1772 1226 alicubi
1806 1170 1970 1224 Darid
2003 1187 2018 1224 :

449 1283 468 1316 ι
500 1264 727 1334 Ignitum
751 1265 1018 1332 eloquium
1041 1275 1188 1318 tuum
1210 1266 1587 1325 vehementer,
1616 1275 1668 1317 et
1689 1279 1878 1317 servus
1901 1275 2022 1317 tuus

446 1356 634 1410 dilexit
664 1356 790 1408 illud
817 1355 880 1407 ⁸⁸.
921 1375 938 1407 ι
979 1357 1240 1422 Quocirca
1278 1359 1368 1426 qui
1402 1357 1664 1411 fervidum
1713 1367 1768 1410 et
1800 1356 2020 1424 ignitum

450 1444 541 1500 Dei
580 1447 854 1516 eloquium
893 1464 996 1501 non
1034 1448 1227 1514 habet,
1263 1449 1490 1520 frigidus
1555 1458 1608 1502 et
1639 1458 1882 1502 mortuus
1915 1457 2018 1501 est.

443 1534 676 1606 Propter
702 1538 1090 1590 abundantiam
1125 1539 1268 1592 enim
1305 1539 1606 1607 iniquitatis
1631 1537 1745 1591 fore
1777 1547 1835 1591 ut
1863 1537 2021 1591 refri—

447 1640 633 1694 gescat
668 1629 910 1683 charitas
954 1630 1278 1695 multormn,
1307 1631 1470 1683 etiam
1513 1629 1762 1685 Christus
1793 1630 1929 1684 dixit
1953 1629 2021 1684 ³⁸.

446 1716 581 1771 Filia
613 1734 740 1773 vero
772 1719 1062 1791 Babylonis
1095 1731 1370 1790 peccatum
1401 1721 1758 1790 appellabitur
1786 1737 1801 1774 :
1830 1730 1883 1775 et
1907 1735 2023 1790 pcr-

444 1823 606 1876 quam
642 1811 919 1879 apposito,
946 1810 992 1864 si
1029 1825 1211 1865 verum
1249 1821 1363 1875 est,
1389 1826 1449 1865 ea
1483 1827 1616 1867 voce
1650 1813 2020 1867 confusionem

2121 623 2195 684 ὡς
2226 626 2334 683 τοῖς
2367 622 2572 674 ἐκείνου
2607 621 2905 691 θελήμασιν
2931 619 3158 690 ὁρᾶσθαι
3201 620 3695 692 κατηχθεσμένους.

2122 713 2430 782 Προτρέπει
2457 713 2635 764 τοίνυν
2659 712 2992 782 ἁποδραμεῖν
3015 712 3089 772 ὡς
3117 713 3180 763 ἐκ
3210 713 3312 782 γῆς
3343 713 3533 784 βορρᾶ,
3553 731 3698 766 τουτ-

2122 806 2268 858 έστιν
2305 807 2379 868 ὡς
2415 805 2522 859 ἀπὸ
2549 803 2732 875 χώρας
2760 804 2856 873 τῆς
2906 803 3348 872 κατεψυγμένης,
3388 805 3472 857 ἵνα
3509 809 3696 858 τούτου

2122 898 2366 965 πλαγίως
2395 895 2633 950 διάθεσίν
2660 913 2800 958 τινα,
2841 897 2934 948 καὶ
2965 896 3109 964 ἠθῶν
3145 897 3474 953 κατάστασιν
3501 899 3696 950 ἐννοῶ-

2127 1007 2225 1059 μεν
2269 988 2560 1059 κοσμικὴν,
2594 987 2661 1058 ἥν
2703 990 2861 1058 εἴπερ
2904 1004 2988 1050 τις
3026 987 3158 1056 ἔχοι,
3201 987 3294 1040 καὶ
3325 988 3490 1058 αὐτὴν
3525 989 3697 1060 ὁρῷτο

2124 1079 2414 1140 κατοικῶν,
2435 1079 2533 1131 οὐκ
2562 1078 2626 1131 ἂν
2656 1079 2740 1147 εἴη
2769 1078 2848 1146 τῷ
2881 1077 3147 1147 πνεύματι
3177 1077 3334 1141 ζέων,
3357 1079 3466 1131 οὐδ’
3493 1079 3558 1133 ἂν
3583 1080 3694 1150 ἔχοι

2125 1175 2375 1226 κάτοικον
2425 1174 2481 1224 ἐν
2522 1171 2700 1241 ἑαυτῷ
2743 1171 2833 1223 τὸν
2883 1170 3144 1241 διάπυρον
3186 1170 3281 1223 τοῦ
3329 1170 3464 1224 Θεοῦ
3516 1172 3693 1240 λόγον.

2125 1265 2332 1319 tum;
2356 1265 2463 1335 γάρ
2491 1281 2592 1316 που
2624 1264 2759 1332 πρὸς
2791 1263 2924 1315 Θεὸν
2955 1265 2982 1316 ὀ
3008 1263 3171 1317 Δαϐίδ
3190 1280 3205 1293 ο
3240 1284 3257 1314 ι
3297 1265 3694 1334 Πεπυρωμένον

2121 1359 2181 1409 τὸ
2209 1356 2386 1424 λόγιόν
2438 1373 2530 1408 σου
2577 1355 2801 1424 σφόδρα,
2848 1355 2940 1408 καὶ
2981 1355 3011 1404 ό
3047 1354 3229 1418 δοῦλός
3273 1371 3365 1407 σου
3411 1356 3696 1425 ἠγάπησεν

2122 1448 2271 1500 αὐτό.
2312 1467 2330 1498 ι
2365 1446 2575 1501 Οὐκοῦν
2603 1447 2631 1498 ὁ
2670 1446 2761 1498 τὸν
2793 1445 2982 1510 ζέοντα
3011 1447 3108 1498 καὶ
3137 1445 3400 1516 διάπυρον
3426 1445 3520 1501 τοῦ
3559 1447 3693 1500 Θεοῦ

2121 1540 2278 1608 λόγον
2316 1539 2418 1592 οὐκ
2463 1538 2633 1609 ἔχων,
2684 1537 3070 1608 ἀπεψυγμένος
3116 1537 3182 1590 ἂν
3224 1537 3310 1608 εἴη
3342 1537 3436 1590 καὶ
3482 1538 3692 1609 νεκρός.

2123 1629 2616 1700 Καταψυγήσεσθαι
2655 1630 2765 1701 γάρ
2795 1628 2894 1699 τὴν
2940 1628 3160 1698 ἀγάπην
3203 1627 3312 1681 τῶν
3356 1628 3564 1681 πολλῶν
3607 1628 3696 1681 διά

2121 1723 2182 1775 τὸ
2239 1720 2608 1794 πληθυνθῆναι
2657 1724 2756 1792 τὴν
2814 1719 3077 1789 ἀνομίαν,
3129 1719 3231 1788 ἔφη
3285 1719 3536 1790 Χριστός.
3587 1720 3697 1772 Καὶ

2122 1815 2153 1882 ἡ
2196 1813 2438 1883 θυγάτηρ
2479 1811 2532 1864 δὲ
2563 1810 2877 1874 Βαϐυλῶνος
2923 1813 2956 1881 ἡ
2993 1811 3234 1881 ἁμαρτία
3263 1809 3552 1874 λελέξεται,
3600 1811 3697 1864 καὶ

443 1900 758 1969 signiﬁcari.
791 1900 907 1955 Erit
937 1902 1100 1970 igitur
1127 1917 1355 1972 peccare
1387 1907 1656 1972 negotium
1686 1905 1849 1958 animi
1883 1919 2019 1958 non-

2127 1903 2270 1972 μάλα
2307 1903 2551 1963 εἰκότως,
2595 1901 2754 1970 εἴπερ
2785 1900 2934 1953 ἐστὶν
2965 1900 3183 1971 ἀληθὲς,
3223 1899 3299 1963 ὡς
3337 1898 3695 1970 ἑρμηνεύεται

442 1990 570 2043 dum
614 1991 892 2046 constituti
958 2005 1012 2047 et
1052 1993 1246 2046 lirlnali
1294 2014 1305 2047 :
1352 1996 1444 2048 sed
1489 1995 1696 2049 confusi
1737 1997 2024 2064 potius,et

442 2084 840 2150 quodammodo
904 2084 1345 2140 inclinationibus
1401 2089 1466 2140 ad
1529 2087 1660 2140 vitia
1721 2088 2016 2140 temulenti.

445 2175 827 2231 Ret-edendum
867 2178 1048 2246 itaque
1083 2180 1234 2247 quasi
1269 2182 1334 2234 de
1370 2189 1514 2234 terra
1551 2181 1839 2250 aquilonis,
1870 2196 1898 2234 a
1936 2182 2024 2234 Iri-

442 2265 564 2334 gida
596 2276 649 2318 et
683 2277 890 2320 tuortua
927 2267 1213 2323 allectione
1242 2271 1438 2338 animi,
1463 2283 1516 2324 et
1549 2274 1934 2326 tranSeundtnu
1968 2275 2020 2328 iu

444 2357 573 2410 Sion
594 2397 606 2417 ,
637 2358 737 2411 hoc
771 2366 853 2412 est
892 2360 958 2414 ad
985 2375 1185 2430 veram;
1216 2363 1520 2430 speculam,
1553 2373 1609 2420 ut
1661 2367 2021 2437 intelligamus

442 2448 741 2504 Ecclesiam
764 2448 984 2518 Christi,
1007 2453 1058 2507 in
1081 2469 1183 2522 qua
1209 2466 1485 2509 versantes
1526 2457 1822 2512 videbimus
1842 2458 2023 2511 volun-

444 2549 609 2594 tatem
648 2541 770 2606 Dei,
807 2553 862 2597 e'.
892 2545 1192 2598 doctrinam
1227 2547 1293 2600 de
1322 2558 1507 2600 sancta
1559 2549 2022 2603 consubstantiali-

443 2646 547 2700 que
573 2629 838 2687 Triuitate
867 2637 1256 2704 expendemus,
1284 2649 1335 2691 et
1369 2640 1538 2707 ipsum
1575 2640 1848 2694 Christum
1880 2641 2022 2694 inve-

445 2721 657 2775 niemus
691 2737 787 2776 nos
817 2726 1142 2778 omnimodis
1175 2739 1588 2798 congreganlem
1608 2768 1623 2787 .
1651 2731 2020 2799 spiritualique

447 2813 660 2864 vinculo
699 2811 766 2866 ad
818 2814 1164 2868 concordiam
1210 2818 1569 2885 colligautetn.
1605 2817 1748 2872 Dixit
1780 2821 1922 2872 enim
1955 2820 2020 2873 de

444 2901 599 2954 nobis
633 2918 646 2954 :
688 2917 706 2951 ι
745 2901 878 2967 Quia
906 2913 960 2955 et
991 2903 1126 2957 alias
1154 2917 1281 2956 oves
1304 2903 1498 2968 habeo,
1521 2919 1640 2974 qua:
1671 2920 1774 2958 nou
1801 2914 1930 2958 sunt
1954 2919 2019 2958 es

443 2992 547 3046 hoc
575 2993 726 3055 ovili,
749 3003 802 3045 et
827 2993 947 3046 illas
976 3004 1190 3061 oportet
1213 3011 1298 3048 me
1329 2995 1618 3062 adducere,
1641 3006 1696 3050 et
1724 2997 1827 3050 erit
1853 3012 2017 3050 unum

438 3086 581 3139 ovile
636 3095 692 3138 et
722 3101 859 3139 unus
893 3096 1074 3155 pastor
1090 3086 1157 3140 δ’.
1191 3106 1212 3140 ι

513 3347 678 3406 Vens.
698 3353 752 3404 8.
776 3349 912 3414 Quia
939 3351 1049 3404 lucc
1077 3353 1202 3404 dicit
1230 3353 1482 3406 Dommus
1509 3355 1864 3419 omnipotens:
1890 3356 2016 3409 Post

440 3442 662 3513 gloriam
689 3446 828 3497 misit
855 3461 935 3497 me
957 3446 1027 3497 ad
1050 3455 1225 3514 gentes
1251 3463 1367 3514 qua:
1389 3448 1741 3516 spoliaverunt
1766 3466 1874 3512 vos,
1894 3451 2018 3520 quia

439 3535 530 3605 qui
560 3536 730 3604 tangit
752 3551 860 3600 vos,
886 3535 1037 3604 quasi
1066 3547 1280 3605 tangens
1309 3537 1558 3604 pupillam
1588 3537 1726 3591 oculi
1752 3541 1857 3592 sui.

513 3711 648 3765 XIII.
683 3711 956 3766 Christum
1003 3712 1166 3766 etiam
1223 3715 1493 3769 veteribus
1535 3717 1742 3785 pepulis
1789 3717 2014 3771 auxilia-

443 3803 582 3855 rium
617 3812 674 3856 et
702 3802 1049 3856 liberatorem
1081 3804 1268 3869 luisse,
1296 3821 1454 3860 nemo
1482 3809 1753 3860 studiosus
1780 3809 2019 3863 veritatis

440 3910 640 3949 vocare
688 3895 740 3948 in
789 3893 1012 3950 dubium
1063 3907 1258 3963 potest.
1305 3896 1360 3951 Si
1405 3899 1549 3952 enim
1603 3900 1717 3968 ipse
1763 3910 1881 3953 erat
1928 3889 2018 3954 illa

442 3999 592 4054 petra
618 3985 688 4050 ³⁸,
712 3985 1042 4040 sitibundum
1071 3988 1123 4041 in
1150 3988 1439 4042 solitudine
1461 3987 1715 4044 lsraeletn
1745 3992 2016 4060 potans”,

440 4088 494 4129 et
525 4077 638 4142 ipse
670 4087 754 4130 est
789 4092 884 4144 per
913 4094 1073 4146 quem
1107 4080 1286 4132 omnia
1323 4095 1353 4133 a
1389 4078 1498 4134 Deo
1533 4090 1586 4134 et
1619 4081 1776 4136 Patre
1811 4086 2020 4153 accepi-

441 4184 584 4233 mus,
611 4170 922 4238 neutiquam
953 4169 1304 4224 dubitandum
1334 4173 1462 4241 quin
1490 4188 1584 4243 per
1606 4175 1779 4242 ipsum
1806 4192 2018 4245 quoque

439 4263 620 4315 Omnis
650 4259 897 4315 liberatio
923 4261 1070 4314 omni
1101 4271 1345 4333 tempore
1369 4274 1423 4318 et
1449 4279 1610 4320 omne
1637 4282 1806 4335 genus
1833 4269 2018 4322 auxilii

439 4351 873 4404 administratum
922 4352 1015 4405 sit.
1057 4349 1176 4404 .Iam
1219 4369 1346 4408 vero
1395 4356 1479 4409 his
1521 4359 1700 4411 verbis
1739 4359 1914 4427 ipsum
1963 4361 2020 4414 in

441 4437 544 4488 lide
567 4436 890 4502 justiﬁeatos
939 4451 996 4492 et
1022 4439 1390 4496 sanctiﬁcata:
1419 4445 1468 4496 in
1500 4447 1690 4513 spiritu
1720 4449 1939 4518 alloqui,
1965 4459 2020 4503 et

2041 3233 2089 3294 C

2128 1993 2226 2063 μὲν
2255 1991 2532 2062 σύγχυσις,
2563 1994 2594 2063 ἡ
2626 1989 2899 2044 Βαϐυλών.
2938 1991 3037 2059 Εῖη
3071 1992 3116 2043 δ’
3150 1990 3215 2044 ἂν
3247 1992 3407 2062 ἔργον
3433 1991 3490 2044 τὸ
3518 1990 3695 2063 πλημ-

2127 2084 2330 2154 μελεῖν,
2380 2082 2504 2153 οὐχὶ
2547 2082 2640 2135 νοῦ
2694 2082 3091 2154 καθεστηκότος
3141 2083 3235 2135 καὶ
3278 2082 3693 2154 ὲρηρεισμένου,

2125 2176 2530 2247 συγκεχυμένου
2547 2175 2603 2231 δὲ
2633 2175 2850 2247 μᾶλλον,
2876 2175 2969 2228 καὶ⁵
2997 2175 3158 2228 οἱονεί
3169 2193 3278 2239 πως
3321 2174 3695 2244 καταμεθύον-

2122 2287 2211 2332 τος
2239 2272 2358 2331 ταῖς
2384 2272 2462 2330 εἰς
2493 2268 2802 2338 φαυλότητα
2835 2270 3047 2337 ῥοπαῖς.
3091 2269 3183 2319 Δεῖ
3214 2265 3278 2334 δὴ
3314 2261 3406 2319 οὖν
3435 2267 3542 2336 ἄρα
3566 2267 3698 2318 ἀπο-

2123 2359 2313 2428 φοιτᾷν
2341 2357 2415 2420 ὡς
2455 2359 2518 2410 ὲκ
2561 2358 2660 2426 γῆς
2709 2357 2879 2428 βορρᾶ
2911 2357 3008 2426 τῆς
3033 2355 3425 2426 ἀπεψυγμένης
3467 2355 3559 2407 καὶ
3609 2373 3696 2409 νε·

2123 2450 2260 2518 κρᾶς
2304 2447 2398 2500 τοῦ
2439 2446 2530 2499 νοῦ
2579 2447 2888 2510 διαθέσεως,
2937 2447 3268 2517 μεταφοιτᾷν
3309 2445 3365 2498 δὲ
3406 2447 3486 2509 εἰς
3536 2446 3693 2509 Σιὼν,

2121 2539 2397 2592 τουτέστιν
2430 2541 2510 2602 είς
2533 2540 2593 2591 τὸ
2619 2537 2870 2609 ἀληθινὸν
2919 2541 3333 2610 σκοπευτήριον,
3369 2539 3454 2592 ἵνα
3484 2539 3697 2608 νοῶμεν

2121 2633 2220 2703 τὴν
2257 2632 2582 2700 Ἐκκλησίαν
2610 2630 2868 2708 Χριπρῦ,
2896 2633 2954 2683 ὲν
3043 2632 3323 2699 γεγονότες
3351 2630 3695 2701 κατοψόμεθα

2121 2725 2182 2777 τὸ
2203 2723 2280 2795 τῷ
2295 2723 2414 2794 Θεῷ
2435 2723 2646 2788 δοκοῦν,
2680 2726 2914 2787 καὶτοὺς
2931 2724 3022 2775 ἐπὶ
3051 2727 3114 2793 τῇ
3142 2724 3274 2795 ἁγίᾳ
3299 2727 3392 2776 καὶ
3425 2723 3694 2793 ὁμοουσίῳ

2121 2817 2310 2888 Τριάδι
2342 2817 2785 2888 περιαθρήσομεν
2815 2817 3026 2884 λόγους,
3078 2816 3168 2869 καὶ
3200 2817 3359 2869 αὑτὸν
3391 2817 3695 2887 εὑρήσομεν

2120 2911 2185 2962 ὲκ
2219 2911 2417 2973 παντὸς
2445 2912 2593 2980 ἡμᾶς
2635 2910 2836 2980 τρόπου
2885 2908 3276 2977 συναγείροντα
3314 2909 3566 2979 Χριστὸν,
3601 2907 3695 2959 καὶ

2123 3002 2403 3055 συνδέοντα
2461 3001 2845 3070 πνευματικῶς
2889 3001 2970 3063 είς
3004 3000 3327 3070 ὁμοψυχίαν.
3384 3001 3528 3070 Ἔφη
3586 2999 3695 3068 γὰρ

2120 3095 2250 3166 περὶ
2287 3094 2476 3164 ήμὼν-
2529 3113 2546 3143 ι
2605 3095 2722 3146 ’Ότι
2765 3094 2859 3146 καὶ
2905 3093 3038 3146 ἄλλα
3083 3093 3328 3162 πρόὸατα
3366 3091 3492 3162 ἔχω,
3523 3092 3559 3146 ἃ
3595 3093 3696 3144 οὐκ

2121 3185 2266 3238 ἐστιν
2299 3186 2360 3237 ἐκ
2388 3184 2486 3252 τῆς
2514 3184 2682 3253 αὐλῆς
2714 3182 2937 3252 ταύτης,
2964 3185 3190 3236 κάκεῖνά
3232 3200 3297 3252 με
3330 3183 3410 3236 δεῖ
3448 3184 3692 3250 ἀγαγεῖν,

2123 3277 2217 3328 καὶ
2247 3276 2537 3344 γενήσεται
2563 3276 2660 3346 μία
2690 3275 2890 3346 ποίμνη
2939 3275 3034 3328 καὶ
3059 3271 3139 3338 εἷς
3172 3277 3396 3346 ποιμήν.
3445 3293 3463 3325 ι

2193 3369 2350 3420 Διότι
2383 3367 2521 3420 τάδε
2547 3367 2708 3434 λέγει
2734 3368 2946 3433 Κύριος
2982 3367 3422 3434 παντοκράτωρ
3478 3367 3698 3419 Ὀπίσω

2120 3457 2306 3524 δόξης
2324 3457 2670 3511 ἀπέσταλκὲ
2683 3474 2760 3525 με
2783 3457 2882 3511 ἐπὶ
2907 3457 2981 3510 τὰ
3006 3457 3152 3523 ἔθνη
3175 3457 3248 3510 τὰ
3267 3458 3698 3512 σκυλεύσαντα

2121 3549 2298 3618 ὑμᾶς,
2332 3549 2480 3603 διότι
2509 3553 2541 3601 o’
2585 3549 2917 3617 ἁπτόμενος
2957 3549 3126 3617 ὑμῶν
3167 3550 3244 3615 ὡς
3287 3553 3319 3602 ὀ
3365 3550 3699 3618 ἁπτόμενος

2121 3637 2232 3706 τῆς
2263 3639 2447 3706 κόρης
2474 3639 2579 3692 τοῦ
2609 3639 2920 3708 ὀφθαλμοῦ
2950 3639 3155 3693 αὐτοῦ.

2194 3729 2290 3782 ll".
2336 3731 2457 3782 Ὅτι
2506 3730 2603 3799 μὲν
2629 3731 2876 3800 ἐπήμυνέ
2914 3747 2974 3784 τε
3010 3733 3103 3784 καὶ
3141 3731 3430 3801 ἐλυτροῦτο
3471 3733 3700 3801 Χριστὸς

2121 3822 2374 3883 καὶτοὺς
2419 3822 2583 3875 πάλαι
2628 3821 2808 3887 λαοὺς,
2856 3824 3174 3876 ἐνδοιάσειεν
3221 3824 3287 3876 ἂν
3325 3824 3521 3886 οὐδεὶς,
3551 3824 3606 3876 εἴ
3637 3842 3698 3892 γε

2119 3912 2244 3966 νοῦν
2265 3913 2379 3984 ἔχει
2404 3913 2503 3983 τῆς
2523 3912 2778 3984 ἀληθείας
2822 3914 2911 3966 τὸν
2942 3915 3193 3985 ἐραστήν.
3228 3915 3287 3966 ΕΞ
3313 3915 3421 3984 γάρ
3449 3915 3608 3978 αὐτὸς
3634 3913 3702 3983 ἦν

2122 4006 2154 4073 ή
2186 4004 2393 4075 πέτρα,
2425 4003 2748 4073 δεδιψηκότα
2795 4005 2936 4057 κατά
2971 4005 3070 4074 τὴν
3109 4007 3312 4077 ἔρημον
3356 4007 3584 4070 ποτίζων
3611 4008 3702 4060 τὸν

2133 4096 2368 4167 Ἰσραὴλ,
2413 4097 2507 4149 καὶ
2551 4096 2714 4160 αὐτός
2759 4099 2902 4149 ἐστιν
2939 4098 2966 4149 ὁ
3011 4095 3077 4148 δι’
3111 4090 3173 4150 οὗ
3208 4098 3276 4149 τά
3324 4098 3502 4151 πάντα
3550 4103 3701 4168 παρὰ

2119 4189 2211 4241 τοῦ
2255 4188 2392 4242 Θεοῦ
2438 4190 2535 4242 καὶ
2581 4189 2814 4260 Πατρὸς,
2863 4189 2981 4252 πῶς
3015 4188 3161 4242 ἔστιν
3191 4189 3572 4260 ἀμφιὸάλλειν,
3619 4191 3700 4242 ὅτι

2118 4281 2185 4332 δι’
2216 4280 2380 4334 αὑτοῦ
2433 4281 2526 4333 xci.
2577 4282 2728 4333 πᾶσα
2776 4279 3041 4351 λύτρωσις
3082 4279 3220 4333 κατά
3267 4281 3443 4334 πάντα
3489 4281 3700 4351 καιρὸν,

2120 4372 2218 4422 καὶ
2247 4370 2391 4433 ἄπας
2422 4371 2741 4440 ἐπικουρίας
2765 4372 3068 4440 ἐπράττετο
3087 4371 3325 4441 τρόποςς
3363 4371 3506 4440 Πλὴν
3543 4371 3600 4425 ἓν
3637 4389 3698 4439 γε

2120 4461 2295 4532 τούτῳ
2342 4462 2522 4531 φαμὲν
2573 4461 2686 4524 τοῖς
2737 4462 2795 4513 ἐν
2853 4461 3032 4513 πίστει
3085 4461 3556 4532 δεδικαιωμὲνοις,
3607 4465 3703 4515 καὶ

442 4530 830 4586 incarnationis
875 4533 1092 4588 modum
1133 4537 1422 4594 ostendere
1461 4541 1706 4596 dicimus.
1744 4543 1873 4598 Post
1905 4546 2018 4615 glo-

2124 4553 2476 4624 ἡγιασμένοις
2528 4555 2586 4606 ἐν
2627 4554 2920 4623 πνεύματι,
2983 4557 3328 4625 προσφωνεῖν
3380 4555 3702 4624 aiat-omini.

442 4621 576 4673 riam
605 4622 748 4675 enim
781 4625 1005 4679 missum
1037 4642 1097 4681 se
1124 4629 1221 4692 ait,
1245 4644 1346 4684 nec
1374 4643 1552 4699 potest
1577 4635 1843 4691 orationis
1867 4638 2020 4691 vani-

443 4722 606 4764 tatem
639 4713 894 4768 adhibere
927 4716 1035 4770 ullo
1063 4719 1242 4773 modo.
1275 4719 1332 4774 Si
1368 4723 1512 4776 enim
1547 4743 1566 4775 ι
1603 4741 1724 4779 cum
1757 4727 1812 4780 in
1843 4726 2017 4782 forma

445 4802 534 4855 Dei
578 4802 752 4858 Patris
799 4817 972 4871 esset,
1019 4811 1110 4877 qui
1150 4827 1215 4864 ex
1259 4813 1376 4881 ipso
1410 4823 1464 4868 et
1502 4817 1553 4866 iu
1601 4817 1713 4884 ipso
1752 4829 1834 4871 est
1875 4817 2020 4874 Deus

445 4891 707 4959 Verbum,
735 4912 838 4949 non
873 4892 1114 4968 rapinam
1140 4903 1436 4959 arbitratus
1461 4915 1572 4966 est,
1601 4922 1720 4961 esse
1747 4925 1803 4963 se
1831 4925 2013 4979 aequa-

444 4985 547 5037 letn
581 4985 711 5052 Deo,
748 4989 915 5060 669
961 4993 1103 5046 sicut
1131 4995 1390 5064 scriptum
1425 5009 1508 5053 est
1561 5000 1912 5056 nihilominus
1947 5005 2014 5058 ad

445 5080 668 5132 turmam
714 5085 853 5136 servi
899 5085 1142 5148 devenit,
1178 5096 1234 5142 et
1279 5090 1584 5147 humiliavit
1626 5097 2012 5164 semetipsum,

443 5168 614 5224 factus
643 5173 837 5228 similis
869 5179 1023 5232 nobis
1041 5181 1110 5243 ⁸⁸,
1149 5201 1168 5232 ι
1203 5184 1474 5252 quomodo
1509 5202 1612 5238 non
1649 5195 1767 5254 post
1790 5190 2013 5258 gloriam

444 5262 542 5330 ipsi
571 5279 914 5336 suuunopere
944 5285 1328 5341 congruentem
1359 5277 1533 5330 factus
1558 5279 1676 5332 est?
1701 5280 1830 5346 Qua:
1859 5283 2020 5350 igitur

442 5367 603 5406 causa
649 5354 752 5410 fuit
802 5369 860 5413 ut
905 5365 1256 5432 temporalem
1312 5369 1662 5437 ignominiam
1710 5376 2021 5440 pateretur?

443 5446 576 5510 Quia
608 5451 754 5502 venit
781 5453 1068 5520 spoliatum
1095 5459 1441 5527 spoliatores,
1469 5473 1523 5514 et
1552 5463 1646 5530 qui
1679 5465 1934 5535 degentes
1962 5469 2015 5522 in

446 5541 636 5603 terris,
666 5543 714 5595 id
743 5555 825 5598 est
865 5562 965 5601 nos
1017 5549 1146 5620 jugo
1175 5566 1270 5606 suo
1302 5553 1646 5622 subjecerant
1666 5597 1678 5619 ,
1709 5574 1844 5628 quos
1876 5561 2024 5613 mali-

512 5734 562 5818 ":
589 5734 731 5818 P_sal.
765 5754 951 5818 clavi",
989 5746 1111 5802 I40.
1189 5751 1232 5780 ³⁸
1261 5752 1454 5806 Matth.
1497 5771 1638 5818 μιν,
1683 5757 1764 5808 12.

445 5805 492 5836 ⁸⁰
520 5805 659 5864 Psal.
695 5824 755 5866 ll.
784 5808 894 5864 6-8.

1866 5760 1906 5788 ³⁷
1940 5759 2096 5816 Joan.
2136 5779 2186 5827 χ,
2226 5763 2309 5817 16.

2123 4645 2213 4699 τὸν
2283 4647 2380 4714 τῆς
2443 4646 2906 4718 ὲνανθρωπήσεως
2976 4648 3410 4717 κατασημαίνειν
3479 4647 3701 4714 τρόπον.

2135 4737 2339 4792 Ὀπίσω
2383 4737 2490 4807 γὰρ
2533 4737 2690 4808 δόξης
2722 4737 3057 4791 ἀπεστάλθαι
3091 4739 3244 4808 φησὶ,
3281 4739 3374 4792 καὶ
3401 4738 3704 4809 ψευδοεπή-

2124 4847 2269 4882 σειεν
2305 4829 2372 4882 ἂν
2409 4830 2678 4898 οὐδαμῶς.
2729 4832 2790 4883 Εἰ
2840 4830 2948 4901 γὰρ
2993 4832 3051 4884 ἐν
3094 4833 3274 4901 μορφῇ
3320 4831 3413 4883 τοῦ
3447 4831 3578 4884 Θεοῦ
3611 4834 3704 4884 καὶ

2122 4923 2337 4995 Πατρὸς
2379 4923 2638 4994 ὑπάρχων
2679 4925 2707 4975 ὁ
2746 4923 2805 4987 ἐξ
2840 4921 3006 4976 αὑτοῦ
3043 4939 3101 4974 τε
3153 4922 3247 4974 καὶ
3287 4923 3345 4975 ὲν
3385 4922 3535 4992 αὐτῷ
3572 4922 3704 4984 Θεὸς

2121 5015 2316 5084 Λόγος,
2355 5034 2374 5066 ι
2407 5017 2506 5086 οὐχ
2553 5016 2845 5085 ἁρπαγμὸν
2887 5015 3132 5086 ἡγήσατο
3155 5013 3217 5065 τὸ
3255 5010 3393 5066 εἶναι
3431 5013 3519 5066 ίσα
3561 5012 3699 5078 Θεῷ,

2126 5107 2267 5160 καθά
2307 5106 2640 5177 γέγραπται,
2696 5105 2950 5158 καθίκετο
2995 5105 3052 5158 δὲ
3091 5103 3186 5158 καὶ
3223 5105 3304 5168 είς
3340 5103 3526 5157 δούλου
3575 5121 3704 5174 μορ-

2128 5198 2254 5268 φὴν,
2270 5199 2364 5252 καὶ
2392 5199 2790 5251 τεταπείνωκεν
2808 5197 3020 5260 ἑαυτὸν,
3039 5197 3326 5267 γενόμενος
3353 5195 3472 5248 καθ’
3491 5197 3657 5266 ἡμᾶς’
3681 5215 3699 5246 ι

2129 5289 2245 5352 πῶς
2273 5289 2373 5342 οὐκ
2403 5289 2579 5342 ὀπίσω
2608 5289 2798 5357 γέγονε
2847 5291 2948 5359 τῆς
2984 5289 3064 5341 ὅτι
3111 5289 3344 5359 μάλιστα
3386 5287 3707 5359 πρεπούσης

2129 5381 2375 5444 εὐκλείας
2410 5382 2594 5451 abs-(:3;
2633 5383 2726 5444 Τίς
2755 5377 2846 5435 οὖν
2879 5384 2908 5434 ὁ
2955 5380 3110 5449 λόγος
3141 5379 3236 5434 τοῦ
3283 5380 3476 5451 χρῆναι
3514 5379 3704 5433 παθεῖν

2130 5471 2307 5523 αὑτὸν·
2337 5469 2433 5541 τὴν
2472 5472 2806 5542 πρόσκαιρον
2853 5469 3102 5535 ἀδοξίαν;
3161 5470 3410 5540 Ἀφίκετο
3456 5471 3553 5541 μὲν
3596 5472 3703 5540 γάρ

2133 5560 2443 5615 σκυλεύσων
2466 5563 2592 5626 τοὺς
2619 5561 3057 5632 πεπορθηκότας,
3083 5563 3176 5614 καὶ
3204 5564 3317 5624 τοῖς
3345 5560 3496 5630 σφῶν
3527 5559 3704 5613 αὐτῶν

2419 5763 2461 5795 ³⁸
2517 5762 2531 5815 I
2582 5762 2701 5816 Cor.
2763 5765 2903 5828 κρῖ.
3019 5762 3061 5793 ³⁸
3097 5762 3256 5818 Num.
3313 5779 3407 5829 xx,
3467 5763 3501 5817 2
3549 5777 3705 5832 seqq.
