4072 6370
338 430 407 486 57
1151 417 1702 476 COMMENTARIUS
1740 417 1808 473 IN
1848 415 2250 473 ZACHARIAM
2292 412 2735 470 PROPHETAM.
3516 421 3586 474 33

339 537 739 606 ὑπενεγκόντας
785 538 968 606 ζυγοῖς
1013 537 1136 599 τοὺς
1190 536 1281 588 ἐπὶ
1324 535 1424 605 τῆς
1465 535 1590 606 γῆς,
1633 534 1914 588 τουτέστιν

2028 548 2130 604 gnre
2168 543 2222 587 et
2258 531 2582 586 adversaria:
2622 536 2916 600 potestates
2956 529 3279 598 impotenter
3313 531 3588 600 depraeda-

338 631 509 700 ἡμᾶς,
558 627 648 689 οὓς
701 629 757 682 αἱ
810 629 1042 699 πονηραὶ
1100 627 1190 680 καὶ
1245 626 1620 696 ἁντικείμεναι
1657 625 1915 696 δυνάμεις

339 721 580 789 ἀσχέτως
635 717 1030 788 κατεληῖζοντο.
1089 719 1446 772 Σκυλεύονται
1505 717 1560 770 δέ
1616 719 1766 780 νυνὶ,
1818 716 1912 769 τοῦ

342 813 558 864 πάντων
594 809 748 879 ἡμῶν
772 809 1025 878 Σωτῆρος
1055 808 1291 879 Χριστοῦ
1318 808 1740 878 συγκομίζοντος
1767 809 1914 878 ἡμᾶς

339 901 430 954 διὰ
481 900 578 970 τῆς
633 900 869 962 πίστεως
928 901 1006 962 είς
1059 899 1270 963 ἐαυτὸν,
1317 899 1411 952 καὶ
1459 898 1619 961 ἰδίους
1671 899 1914 962 ἱστάντος

344 990 746 1061 προσκυνητόις,
798 991 920 1052 τοὺς
970 991 1090 1052 ταῖς
1131 990 1260 1060 παρ’
1313 989 1537 1042 ἐκείνων
1582 988 1916 1055 πλεονεξίαις

345 1081 827 1150 πεφορτισμένους,
864 1081 957 1133 καὶ
987 1080 1255 1149 τοσαύτην
1297 1082 1426 1150 ἡμῖν
1459 1081 1786 1152 παρέχοντος
1816 1084 1915 1151 τὴν

345 1172 663 1239 ἀσφάλειαν,
689 1170 827 1224 ὥστε
860 1171 952 1224 τὸν
989 1172 1238 1226 ἐθέλοντα
1266 1173 1475 1239 λυπεῖν,
1507 1175 1786 1244 μονονουχὶ
1814 1175 1914 1244 τῆς

349 1261 481 1323 ιδίας
522 1262 787 1314 ἅπτεσθαι
819 1263 1008 1333 κόρης.
1039 1265 1434 1335 Περιτρέπεται
1463 1269 1570 1336 γάρ
1604 1268 1798 1339 άείπερ
1836 1269 1914 1331 είς

349 1353 456 1404 πᾶν
487 1353 795 1406 τούναντίον
820 1353 927 1405 τῶν
953 1355 1291 1425 πραγμάτων
1329 1359 1362 1426 ὴ
1392 1357 1615 1421 ἔκϐασις
1657 1361 1765 1420 τοῖς
1793 1359 1914 1410 διώ·

347 1459 500 1494 κουσι
531 1447 629 1513 τῆν
671 1444 1015 1514 Ἐκκλησίαν,
1049 1445 1260 1512 λέγοιτο
1286 1447 1332 1500 δ’
1377 1447 1442 1500 ἂν
1484 1448 1567 1517 ἐφ’
1601 1451 1814 1520 ἑκάστῳ
1855 1448 1915 1501 τὸ

347 1536 404 1586 ἐν
433 1535 680 1602 Ψαλμοῖς
701 1554 713 1566 ο
755 1555 771 1585 t
809 1537 1025 1590 Λάκκον
1057 1536 1252 1608 ὤρυξε,
1281 1539 1372 1592 καὶ
1410 1541 1711 1609 ἀνέσκαψεν
1733 1543 1911 1602 αὐτὸν,

348 1626 440 1679 καὶ
464 1629 782 1696 ἐμπεσεῖται
809 1630 886 1690 εἰς
921 1627 1112 1699 βόθρον
1158 1629 1218 1682 ὃν
1244 1631 1559 1698 εἰργάσατοο
1597 1633 1914 1702 ἐπιστρέψει

347 1719 376 1767 ό
420 1717 578 1780 πόνος
625 1716 789 1770 αὑτοῦ
828 1719 908 1782 είς
936 1719 1178 1791 κεφαλὴν
1209 1721 1392 1786 αὐτοῦ,
1425 1725 1520 1776 καὶ
1544 1724 1636 1777 ἐπὶ
1673 1726 1916 1796 κορυφὴν

300 1879 306 1881 Α
345 1807 510 1861 αὑτοῦ
540 1811 573 1877 ἡ
614 1808 794 1862 ἀδικία
844 1809 1012 1863 αὑτοῦ
1061 1811 1454 1882 καταϐήσεται.
1515 1833 1533 1865 ι
1589 1816 1819 1885 Ἀψεται
1851 1818 1914 1887 δὴ

2023 627 2233 678 hantur.
2267 621 2415 676 Nunc
2461 621 2694 676 vicissim
2739 621 3055 688 spoliantur.
3087 621 3302 676 Christo
3347 625 3588 678 omnium

2024 727 2261 771 nostrum
2311 713 2592 768 Salvatore
2651 728 2747 766 nos
2804 713 2853 765 in
2915 713 3032 779 ipso
3083 726 3442 783 congregante
3497 732 3591 785 per

2023 807 2203 874 ﬁdem,
2225 815 2279 860 et
2305 808 2619 861 atloralorrs
2646 819 2771 859 suos
2801 805 3014 858 illorum
3047 807 3284 872 potentia
3335 813 3388 858 et
3418 807 3591 860 domi:

2023 901 2238 954 natione
2259 897 2541 954 alllictatos
2564 897 2893 961 instituento,
2913 907 3223 966 tantamque
3243 899 3588 953 securitatem

2023 992 2278 1046 ali‘erente
2306 1001 2362 1044 ut
2392 990 2481 1058 qui
2518 989 2672 1042 nobis
2705 989 2963 1042 exhibere
2998 988 3301 1041 molestiam
3336 997 3588 1049 conetur,

2025 1094 2225 1138 tantum
2275 1098 2380 1137 non
2430 1079 2680 1150 pupillam
2729 1095 2878 1133 suam
2936 1088 3138 1149 laugal.
3178 1080 3401 1148 Semper
3445 1083 3587 1132 enim

2025 1175 2456 1245 persecutoribus
2495 1173 2747 1227 Ecclesiae
2784 1184 3010 1227 conatus
3056 1173 3292 1240 ipsorum
3343 1172 3392 1224 iu
3432 1183 3586 1239 Caput

2025 1267 2362 1324 reciderunt.
2401 1274 2456 1315 et
2501 1262 2668 1331 possit
2713 1277 2875 1328 super
2921 1275 3240 1328 unoquoque
3292 1259 3396 1312 dici
3447 1261 3588 1326 ιμιυιι

2023 1367 2202 1413 exstat.
2230 1358 2279 1410 in
2307 1355 2534 1409 Psalmis
2566 1375 2577 1408 ι
2616 1374 2634 1406 ι
2675 1353 2874 1408 Larum
2902 1353 3133 1420 aperuit,
3158 1361 3212 1405 et
3239 1349 3424 1404 effudit
3446 1367 3588 1407 cum,

2022 1460 2076 1505 et
2116 1449 2272 1504 cadet
2309 1449 2360 1502 in
2407 1447 2612 1501 foveam
2651 1462 2811 1516 quam
2857 1443 3013 1510 fecit;
3057 1452 3400 1498 cunverletnr
3441 1441 3592 1493 labor

2021 1542 2139 1612 ejns
2183 1543 2234 1595 in
2274 1549 2431 1609 caput
2475 1539 2663 1607 ipsius,
2691 1548 2746 1591 et
2785 1538 2835 1590 in
2884 1537 3139 1590 verticem
3182 1535 3298 1605 ejus
3334 1534 3592 1604 iniquitas

2024 1632 2192 1700 ipsius
2232 1630 2518 1685 descendet
2539 1629 2604 1679 “.
2645 1646 2663 1678 ι
2702 1626 2908 1697 Tanget
2942 1625 3108 1696 igitur
3139 1640 3230 1691 se,
3263 1625 3470 1694 inquit,
3501 1624 3593 1692 qui

2023 1723 2310 1778 animabus
2346 1723 2397 1776 in
2438 1737 2521 1774 me
2556 1719 2891 1774 credentium
2937 1717 3245 1771 insidiatur.
3285 1715 3396 1769 Hoc
3432 1715 3595 1783 igitur

2024 1830 2119 1885 per
2161 1813 2500 1870 Psalmistam
2548 1811 2676 1864 dicit
2721 1828 2734 1863 :
2790 1827 2808 1859 ι
2865 1807 3043 1864 Nolite
3100 1818 3321 1874 tangere
3358 1805 3594 1863 ehristns

347 1895 439 1951 οὖν
468 1900 683 1962 ἑαυτοῦ,
733 1901 918 1970 φησιν,
967 1903 996 1954 ὁ
1023 1905 1145 1966 ταῖς
1174 1902 1282 1955 τῶν
1325 1905 1449 1973 ἐμοὶ
1487 1909 1922 1962 πεπιστευκότων

2028 1919 2204 1969 meos,
2231 1913 2285 1956 et
2314 1905 2365 1957 in
2403 1903 2681 1971 prophetis
2712 1901 2845 1955 meis
2876 1901 3038 1955 nolite
3071 1901 3347 1971 malignari
3371 1898 3436 1951 “.
3474 1917 3492 1948 ι
3539 1925 3597 1940 -η

350 1990 713 2044 ἐπιϐουλεύων
739 1991 956 2061 ψυχαῖς.
996 1992 1168 2047 Τοῦτό
1197 1993 1276 2047 τοί
1309 2011 1442 2065 φησι
1470 1996 1563 2049 καὶ
1581 1998 1670 2051 διὰ
1695 1998 1794 2067 τῆς
1829 1999 1920 2051 τοῦ

351 2081 654 2144 Ψάλλοντος
683 2082 897 2151 φωνῆς’
931 2102 950 2133 ι
991 2083 1082 2154 Μὴ
1112 2083 1347 2138 ἅπτεσθε
1379 2085 1488 2138 τῶν
1513 2088 1762 2158 Χριστῶν
1792 2107 1916 2159 μου,

348 2172 443 2224 καὶ
475 2174 532 2224 ἐν
554 2175 664 2235 τοῖς
698 2175 1003 2243 προφήταις
1031 2191 1133 2244 μου
1164 2176 1239 2246 μὴ
1269 2177 1659 2248 πονηρεύεσθε.
1681 2200 1698 2230 ι
1718 2211 1786 2220 -
1813 2201 1830 2231 ι
1857 2182 1918 2234 Εί

351 2266 458 2333 γάρ
491 2264 660 2334 ἐσμεν
705 2264 866 2334 σῶμα
903 2265 1161 2336 Χριστοῦ,
1196 2268 1290 2320 καὶ
1337 2269 1474 2340 μέλη
1523 2271 1586 2323 ἐκ
1637 2271 1850 2341 μέλους,
1895 2291 1913 2323 ι

351 2353 467 2416 πῶς
503 2352 570 2406 ἂν
595 2353 814 2424 πρόοιτο
841 2356 953 2419 τοῖς
978 2355 1430 2429 φιλαμαρτήμοσι
1470 2361 1531 2412 τὺ
1565 2361 1695 2414 ἴδιον
1725 2363 1915 2432 σῶμα;

2026 2013 2046 2046 ι
2099 1995 2155 2048 Si
2199 1994 2342 2048 enim
2388 2009 2575 2048 sumus
2623 2007 2820 2061 corpus
2871 1991 3103 2054 Christi,
3139 2004 3192 2045 et
3243 1991 3477 2044 membra
3528 1992 3594 2041 tle

2027 2090 2268 2142 membro
2289 2087 2333 2118 ”
2365 2087 2463 2159 (Ι),
2501 2105 2519 2138 ι
2545 2090 2812 2156 quomodo
2832 2101 3028 2155 corpus
3047 2102 3201 2139 suum
3224 2087 3596 2153 peccatoribus

2025 2179 2318 2248 ohjecerit?
2343 2189 2434 2234 aut
2458 2181 2724 2250 quomodo
2753 2181 2990 2234 memhra
3024 2195 3118 2232 sua
3145 2178 3298 2232 Inalis
3333 2178 3592 2231 cumulari

2025 2273 2377 2327 sustinuerit?
2408 2273 2538 2335 lmo,
2568 2272 2836 2340 quomodo
2868 2285 2972 2323 non
3005 2271 3191 2322 ultima
3223 2269 3370 2321 luant
3396 2267 3597 2334 suppli-

2027 2367 2133 2431 cia,
2160 2366 2250 2434 qui
2283 2366 2458 2420 servis
2481 2364 2601 2434 ejus
2628 2365 2891 2418 scelerate
2923 2363 3147 2415 insidias
3183 2360 3506 2413 moliuntur?

350 2447 384 2513 ἦ
418 2447 534 2508 πῶς
570 2447 815 2512 ἀνέξεται
848 2449 1034 2502 κακῶν
1062 2451 1414 2523 άναπιμπλᾷν
1450 2453 1521 2506 τὰ
1590 2454 1760 2526 μέλη;
1829 2455 2042 2510 Μᾶλλον
2073 2457 2152 2521 δὲ,
2199 2457 2314 2521 πῶς
2375 2458 2474 2510 οὐκ
2544 2455 2610 2510 ἂν
2652 2455 2750 2527 τὴν
2793 2454 3030 2526 ἐσχάτην
3068 2454 3380 2508 ἀποτίσειαν
3421 2452 3595 2519 δίκην.

350 2541 399 2590 οἱ
430 2540 542 2600 τοῖς
575 2537 670 2590 ὑπ’
695 2538 843 2610 αὐτῷ
873 2541 1152 2608 γεγονόσιν
1185 2543 1412 2608 ἀνοσίως
1446 2545 1919 2611 ἐπιϐουλεύοντεςς

419 2627 574 2679 Διότι
630 2625 760 2679 ἰδοὺ
812 2627 926 2696 ἐγὼ
970 2629 1228 2698 ἐπιφέρω
1286 2632 1404 2700 τὴν
1459 2634 1626 2702 χεῖρά
1667 2655 1786 2705 μου
1825 2637 1916 2689 ἐπ’

352 2715 592 2782 αὐτοὺς,
651 2717 750 2770 καὶ
801 2718 1045 2773 ἔσονται
1087 2721 1291 2775 σκῦλα
1344 2723 1468 2790 τοῖς
1523 2725 1920 2782 δουλεύουσιν

353 2807 578 2873 αὐτοῖς,
608 2807 706 2859 καί
731 2806 1036 2874 γνώσεσθε
1066 2809 1216 2862 διότι
1257 2812 1469 2880 Κύριος
1498 2815 1921 2885 παντοκράτωρ

355 2896 768 2962 ἐξαπέσταλκέ
787 2915 885 2967 με.

425 2990 522 3042 ΙΔ’.
568 2989 780 3058 Ἥψατο
804 2991 913 3062 γὰρ
948 2991 1056 3046 τῶν
1102 2997 1560 3067 κοσμοκρατὸρων
1600 2997 1692 3050 τοῦ
1732 2999 1924 3060 αἰῶνος

2101 2634 2259 2687 Vens.
2290 2632 2340 2687 9.
2371 2631 2509 2696 Quia
2541 2647 2658 2685 ecce
2691 2646 2784 2700 ego
2813 2628 2981 2695 infero
3014 2643 3224 2679 manum
3253 2623 3415 2682 meam
3447 2649 3599 2700 super

2025 2739 2134 2782 eos.
2151 2737 2195 2775 et
2219 2734 2366 2775 erunt
2388 2721 2580 2787 prwdw
2599 2721 2677 2772 his
2696 2719 2786 2788 qui
2806 2721 3083 2773 servierant
3105 2718 3196 2781 eis,
3213 2727 3259 2768 et
3282 2726 3597 2788 cognoscetis

2026 2815 2148 2882 quia
2180 2813 2428 2865 Dominus
2455 2812 2770 2878 omnipotens
2799 2811 2936 2862 misit
2963 2825 3062 2869 me.

2101 2983 2239 3039 XIV.
2263 2983 2458 3054 Tetigit
2487 2985 2629 3039 enim
2663 2995 2900 3042 rectores
2930 2988 3108 3042 mundi
3145 2991 3299 3055 hujus
3329 2991 3596 3056 Christus,

355 3079 540 3132 τούτου
564 3080 816 3150 Χριστὸς,
846 3082 940 3135 καὶ
964 3083 1221 3155 ἀφορήτῳ
1242 3086 1382 3155 χειρὶ
1406 3088 1502 3150 τὰς
1528 3086 1618 3138 τοῦ
1644 3089 1922 3158 μιαιφόνου

2033 3090 2299 3144 manuque
2325 3077 2655 3132 intoleranda
2689 3081 2893 3132 cruenti
2922 3080 3172 3134 draconis
3204 3081 3378 3150 capita
3404 3087 3601 3136 contui-

353 3171 644 3241 δράκοντος
695 3171 980 3242 συνέτριψε
1036 3175 1313 3242 κεφαλὰς,
1375 3177 1467 3228 καὶ
1516 3177 1744 3230 δέδωκεν
1794 3181 1924 3249 ἡμῖν

364 3283 380 3312 ι
424 3265 613 3315 πατεῖν
655 3262 840 3316 ἐπάνω
871 3264 1048 3332 δφεων
1093 3269 1186 3318 καὶ
1223 3267 1518 3336 σκορπίων,
1553 3270 1645 3320 καὶ
1693 3269 1782 3320 ἐπὶ
1820 3271 1923 3321 ποῖ-

359 3369 456 3406 οαν
482 3353 581 3423 τὴν
622 3352 851 3424 δύναμιν
891 3354 985 3407 τοῦ
1031 3355 1248 3427 ἐχθροῦ.
1291 3377 1308 3407 ι
1346 3358 1455 3411 Καὶ
1494 3361 1543 3412 oi.
1574 3360 1704 3412 ποτέ
1738 3361 1923 3425 δεινοὶ,

361 3443 454 3497 καὶ.
484 3444 850 3514 παγχάλεποι,
901 3445 996 3498 καὶ
1031 3445 1358 3515 δυσάντητον
1391 3447 1604 3518 ἔχοντες
1632 3450 1732 3522 τὴν
1761 3467 1927 3522 προσ-

360 3534 540 3606 ϐολὴν,
585 3536 842 3604 γεγόνασι
893 3535 1064 3589 σκῦλα
1109 3540 1222 3602 τοῖς
1268 3538 1668 3594 δεδουλευκόσιν
1724 3543 1923 3606 αὐτοῖς.

372 3628 560 3697 Ἡμεῖς
583 3630 691 3699 γάρ
725 3630 776 3681 οἱ
810 3628 978 3682 πάλαι
1003 3632 1122 3693 ταῖς
1166 3631 1460 3701 ἁμαρτίαις
1485 3633 1924 3704 τυραννούμενοι,

357 3719 753 3792 ὼδικαιὼμεθα
787 3723 888 3792 μέν
918 3724 978 3777 ἐν
1002 3725 1243 3798 Χριστῷ,
1269 3727 1552 3797 ἀφίγμεθα
1579 3729 1634 3782 δὲ
1663 3730 1759 3800 ἤδη
1793 3731 1928 3801 πρὸς

357 3810 512 3864 τοῦτο
544 3811 730 3866 λοιπὸν
761 3814 1026 3887 εὐθυμίας
1064 3818 1460 3889 πνευματικῆς,
1493 3819 1569 3883 ὡς
1607 3820 1929 3892 διαπρέπειν

357 3901 614 3957 δύνασθαι
655 3904 746 3958 διὰ
779 3906 961 3978 πάσης
990 3909 1214 3980 ἀρετῆς,
1247 3911 1339 3963 καὶ
1381 3911 1472 3964 τὸν
1513 3914 1572 3965 ἐν
1612 3913 1831 3984 Χριστῷ
1869 3931 1928 3967 τε

361 3996 455 4048 καὶ
507 3997 800 4066 άγγελικὺν
841 4001 1184 4071 κατορθῶσαι
1229 4000 1366 4070 βίον,
1410 3999 1528 4056 εἷτα
1578 4007 1929 4077 χαρισμάτων

361 4086 810 4158 ἀναπίμπλασθαι
836 4090 944 4142 τῶν
975 4093 1105 4161 παρ’
1134 4091 1323 4158 αὐτοῦ,
1354 4094 1448 4146 καὶ
1469 4093 1653 4148 λαϐεῖν
1684 4094 1929 4159 ἐξουσίαν

360 4177 501 4231 κατὰ
533 4181 858 4250 πνευμάτων
887 4180 1234 4254 ἀκαθάρτων,
1270 4184 1364 4238 καὶ
1401 4185 1652 4256 δαίμοσιν
1697 4187 1930 4252 ἀνοσίοις

361 4271 641 4343 ἐπιτιμᾷν,
671 4272 1146 4345 ὑποστρωννύντος
1185 4276 1444 4348 Χριστοῦ,
1480 4279 1574 4330 καὶ
1621 4277 1932 4348 συντρίϐον-

359 4379 448 4422 τος
480 4363 588 4416 ὑπὸ
612 4365 779 4427 πόδας
807 4365 978 4434 άγίων
1003 4366 1166 4420 αὐτόν
1199 4384 1259 4420 τε
1288 4369 1380 4422 τὸν
1424 4369 1664 4422 Σατανᾶν
1704 4369 1798 4422 καὶ⁵
1832 4373 1930 4433 τὰς

2027 3165 2189 3230 vit“,
2221 3167 2471 3236 deditque
2505 3169 2660 3222 nobis
2699 3188 2716 3220 ι
2757 3169 2971 3224 calcare
3007 3185 3165 3238 supra
3204 3184 3482 3240 serpentes
3545 3185 3602 3225 et

2027 3259 2370 3326 scorpiones,
2397 3269 2452 3311 et
2491 3273 2652 3328 super
2691 3276 2906 3314 onmem
2948 3264 3198 3315 virtutem
3247 3264 3444 3317 inimici
3469 3264 3533 3316 ‘5.
3574 3285 3594 3317 ι

2028 3351 2094 3403 Ει
2123 3350 2213 3418 qui
2250 3362 2408 3406 erant
2441 3353 2728 3418 aliquando
2759 3353 3126 3410 formidabiles
3157 3366 3207 3408 ct
3237 3359 3562 3411 atrocissimi
3582 3399 3597 3419 ,

2029 3443 2328 3513 quibusque
2357 3447 2570 3499 obviam
2609 3445 2672 3498 iri
2706 3461 2812 3498 non
2840 3457 3083 3514 poterat,
3115 3448 3239 3502 facti
3275 3463 3394 3503 sunt
3425 3453 3598 3520 spolia

2027 3535 2200 3590 servis
2251 3537 2381 3590 suis.
2432 3536 2542 3590 Nos
2595 3537 2738 3590 enim
2791 3537 2882 3604 qui
2932 3540 3202 3606 quondam
3258 3549 3599 3607 peceatorum

2029 3625 2366 3695 tyrannidem
2422 3627 2776 3694 patiebamur,
2812 3626 3094 3696 justilicati
3144 3632 3362 3698 quidem
3415 3650 3600 3686 sumus

2031 3719 2082 3770 iu
2111 3717 2328 3771 Christo
2350 3717 2415 3780 W,
2439 3717 2619 3786 etjam
2651 3716 2716 3771 ad
2755 3728 2956 3772 tantam
2985 3725 3327 3776 securitatem
3358 3726 3602 3792 Spil‘iltla-

2029 3807 2132 3862 lem
2159 3809 2518 3875 pervenimus,
2547 3821 2602 3862 ut
2624 3811 2770 3863 omni
2799 3812 2994 3864 virtute
3021 3815 3290 3881 possimus
3312 3817 3597 3880 exi-cllere,

2027 3911 2085 3955 et
2114 3903 2166 3956 in
2199 3903 2415 3956 Christo
2447 3906 2611 3955 vitam
2646 3903 2941 3972 angelicam
2977 3907 3143 3973 probe
3171 3908 3377 3974 sivere;
3409 3910 3601 3964 deinde

2029 3993 2375 4048 charismatis
2422 3994 2537 4060 ejus
2588 3995 2810 4063 repleri,
2881 4004 2935 4048 et
2981 3997 3228 4065 accipere
3281 4007 3598 4065 potestatem

2029 4098 2216 4140 contra
2252 4086 2476 4155 spiritus
2511 4087 2850 4149 immundos,
2884 4099 2937 4141 et
2974 4089 3242 4143 dwmoues
3279 4091 3600 4158 increpare,

2027 4178 2194 4250 670
2250 4179 2630 4233 substerneute
2687 4181 2938 4245 Christo,
2979 4191 3032 4234 et
3089 4183 3258 4249 ipsum
3313 4184 3599 4246 Satanam,

2031 4273 2366 4339 virtutesque
2399 4269 2539 4324 illius
2574 4270 2871 4340 malignas,
2895 4271 2996 4325 sub
3032 4273 3257 4340 pedibus
3289 4284 3600 4328 sanctorum

2031 4372 2347 4416 conterente
2375 4361 2442 4414 ⁸⁷.
2495 4360 2612 4414 Alia
2675 4361 2891 4432 insuper
2943 4367 3026 4416 via
3086 4363 3321 4432 spoliare
3373 4366 3604 4418 \‘iclol‘rs

361 4454 450 4507 ὑπ’
473 4453 624 4524 αὐτῷ
661 4455 916 4526 δυνάμεις
952 4458 1236 4530 πονηρίας.
1265 4458 1403 4512 Καθ’
1434 4459 1618 4529 ἕτερον
1645 4460 1700 4512 δὲ
1731 4461 1922 4532 τρόπον

2036 4454 2178 4508 licet.
2201 4453 2425 4519 Quando
2454 4453 2594 4505 enim
2628 4456 2928 4508 concitatos
2956 4455 3259 4508 animorum
3294 4465 3601 4510 nostrorum

361 4545 708 4600 σκυλεύσειεν
740 4547 806 4601 ἄν
853 4564 935 4610 τις
976 4550 1103 4612 τούς
1145 4567 1275 4602 ποτε
1324 4552 1748 4622 κεκρατηκότας.
1802 4553 1930 4604 Ὅτε

359 4638 468 4706 γὰρ
495 4637 603 4691 τῶν
633 4636 776 4692 ἰδίων
811 4638 1186 4711 καταθλοῦμεν
1223 4641 1431 4705 παθῶν,
1479 4644 1573 4694 κα)⁸
1608 4641 1701 4695 τοῦ
1732 4643 1932 4703 παντὸς

361 4728 508 4792 ἄξιον
539 4729 837 4800 ποιούμεθα
865 4731 1044 4800 λόγου,
1075 4732 1136 4785 τὸ
1169 4735 1387 4803 κρατεῖν
1411 4734 1615 4805 ἡδονῶν
1653 4734 1930 4805 κοσμικῶν

359 4834 417 4871 τε
444 4820 540 4872 καὶ
583 4822 881 4892 σαρκικῶν,
914 4823 1007 4875 καὶ
1046 4823 1263 4894 ἁπάσης
1292 4823 1523 4876 ἐκτόπου
1555 4825 1646 4878 καὶ
1680 4827 1930 4896 μυσαρᾶς

360 4909 671 4980 ἐπιθυμίας,
699 4913 820 4964 τότε
857 4915 982 4978 τοὺς
1027 4917 1438 4986 κεκρατηκότας
1468 4917 1594 4970 ποτὲ
1644 4921 1930 4987 νενικήκα-

363 5017 481 5068 μεν,
513 5000 616 5054 κᾶν
643 5000 840 5071 ἴδωμεν
873 5005 1097 5068 ἑαυτοὺς
1127 5007 1420 5073 γεγονότας
1455 5009 1512 5058 ἐν
1539 5007 1764 5070 τούτοις.
1797 5009 1929 5060 Τότε

360 5091 444 5162 δὴ,
471 5092 590 5144 τότε
631 5094 950 5164 γνωσόμεθα
981 5095 1076 5148 καὶ
1119 5095 1208 5148 διὰ
1236 5096 1430 5165 πείρας
1473 5098 1662 5167 αὐτῆς,
1689 5099 1770 5151 ὅτι
1801 5100 1930 5164 Θεὸς

359 5183 432 5236 ὢν
471 5187 501 5237 ὁ
546 5187 737 5254 Λόγος,
785 5187 1062 5256 ἀπεστάλη
1105 5188 1243 5258 μετὰ
1288 5190 1486 5260 σαρκὸς
1532 5192 1610 5253 εἰς
1662 5191 1807 5243 τόνδε
1841 5192 1932 5244 τὸν

362 5277 562 5346 κόσμον
593 5278 747 5350 παρὰ
771 5278 862 5331 τοῦ
893 5278 1027 5331 Θεοῦ
1066 5281 1160 5334 καὶ
1194 5281 1428 5352 Πατρὸς,
1461 5283 1557 5335 καὶ
1580 5283 1753 5336 ὀπίσω
1775 5283 1932 5351 δόξης

361 5366 578 5436 γέγονεν
609 5369 708 5442 οὐχ
747 5370 937 5442 ἐτέρου
970 5387 1064 5424 του
1115 5371 1295 5442 χάριν,
1347 5374 1379 5442 ἢ
1431 5373 1518 5426 ἵνα
1560 5373 1834 5447 δεσμεύσῃ
1872 5377 1933 5429 τὸ

426 5573 469 5604 ιι
513 5572 652 5628 Psal.
680 5587 780 5637 vn,
813 5572 900 5635 l6,
928 5573 1015 5626 l7.

360 5643 447 5700 l2.
518 5643 565 5674 δ’
598 5643 765 5699 Marc.
797 5659 870 5708 vt,
902 5643 953 5698 7.

1093 5575 1138 5607 ’⁸⁸
1173 5575 1316 5630 Psal.
1342 5590 1450 5640 etv,
1481 5575 1568 5630 15.

1647 5577 1693 5608 ⁸³
1720 5574 1740 5628 l
1769 5577 1894 5632 Cor.
1931 5594 2029 5640 xu,
2060 5579 2150 5633 27.

2038 4555 2216 4598 motus
2273 4560 2678 4614 oppuguamus,
2740 4559 2794 4600 et
2861 4546 3199 4610 mundanas,
3255 4547 3606 4615 carnalesqne

2040 4638 2336 4704 voluptates
2356 4678 2372 4702 ,
2401 4647 2455 4690 et
2487 4639 2730 4705 quamvis
2762 4654 2791 4690 a
2824 4640 3031 4692 ratione
3062 4654 3341 4703 aversam,
3371 4649 3425 4694 et
3451 4655 3608 4694 exse-

2037 4732 2293 4786 crandum
2318 4730 2646 4797 voluptatem
2672 4733 2887 4786 vincere
2913 4732 2965 4784 in
2996 4733 3206 4801 magnis
3235 4747 3602 4797 numeramus,

2039 4834 2164 4877 tunc
2189 4824 2422 4877 victores
2454 4822 2710 4887 vicimus,
2765 4823 2979 4878 etiamsi
3015 4840 3112 4879 nos
3144 4825 3275 4892 ipsis
3309 4823 3474 4878 fuisse
3503 4829 3597 4878 οι)-

2038 4914 2226 4967 noxios
2249 4911 2719 4979 videamus.Tunc,
2745 4926 2869 4977 tunc
2895 4917 3005 4985 ipsa
3031 4932 3248 4986 quoque
3272 4917 3608 4984 experientia

2037 5007 2341 5070 discemus,
2369 5007 2510 5076 quod
2557 5007 2697 5060 Deus
2734 5005 2971 5062 Verbum
3023 5023 3242 5062 carnem
3290 5008 3510 5061 indutus
3562 5010 3613 5062 in

2041 5102 2184 5154 hunc
2220 5101 2476 5154 mundum
2511 5117 2540 5151 a
2577 5098 2684 5153 Deo
2717 5112 2773 5152 et
2806 5101 2968 5154 Patre
3003 5101 3226 5166 missus,
3260 5115 3360 5154 nec
3399 5100 3504 5152 alia
3549 5103 3615 5150 de

2038 5207 2201 5246 causa
2248 5203 2370 5261 post
2420 5193 2643 5260 gloriam
2694 5191 2868 5247 lactus
2912 5193 3016 5254 sit,
3066 5207 3224 5261 quam
3267 5201 3326 5245 ut
3365 5191 3612 5261 alligaret

2037 5283 2181 5354 quod
2231 5283 2524 5339 contritum
2577 5293 2724 5347 erat,
2771 5293 2826 5338 et
2875 5283 3225 5337 confirmaret
3271 5283 3516 5348 inlirma,
3561 5300 3610 5335 ei

2039 5375 2246 5445 dejecta
2325 5378 2598 5447 erigeret,
2673 5386 2729 5430 et
2794 5376 3118 5446 quodjerat
3189 5374 3360 5429 debile
3422 5391 3612 5429 corro-

2229 5581 2273 5611 “
2299 5579 2430 5634 Gen.
2475 5597 2554 5645 ιιι,
2592 5581 2676 5634 15.
2753 5580 2797 5610 ⁸⁵
2832 5579 2962 5632 Luc.
3004 5596 3056 5646 χ,
3089 5580 3175 5635 19.
3253 5579 3298 5611 ⁸⁸
3332 5576 3499 5636 ICOI'.
3533 5594 3606 5644 Vl,

423 5823 500 5896 (l)
530 5823 586 5878 in
613 5823 801 5881 Graeco
822 5836 904 5879 est
933 5825 995 5878 ἐκ
1026 5825 1246 5896 μέρους,
1279 5842 1340 5879 ex
1367 5835 1537 5894 par-te,
1564 5832 1619 5879 ut
1648 5823 1811 5880 etiam
1846 5824 1898 5878 in

2029 5839 2086 5878 ra
2128 5823 2493 5880 Testamento.
