4072 6370
483 379 554 433 59
1479 376 1536 431 S.
1576 375 1856 435 ογιιιιιι
1899 376 2369 433 ΑιΕΧΑΝῡιιιΝι
2407 376 2728 433 ιιιιιῖιιιερ.
3690 385 3754 440 (0

485 494 724 559 horarct,
779 502 835 547 et
890 492 1029 563 quod
1086 491 1321 562 perierat
1373 492 1441 546 ad
1512 492 1741 548 salutem
1811 493 2064 548 restitue-

2175 495 2656 565 συντετριμμένον,
2709 495 2960 570 νευρὼσῃ
2997 497 3058 551 τὸ
3102 497 3428 571 ήσθενηκὺς,
3474 501 3756 575 ἀνορθώσῃ

485 596 566 637 ret
591 583 657 637 “.

561 760 720 815 Vens.
759 760 939 813 10-19..
972 760 1244 815 Delectare
1282 770 1329 812 et
1370 760 1566 830 gaude,
1597 761 1712 829 [ilia
1756 761 1915 828 Sion,
1939 764 2067 834 quia

481 869 595 907 ecre
621 868 712 921 ego
742 853 886 905 t-enio
905 891 920 915 ,
949 863 997 904 et
1027 851 1275 904 habitabo
1306 852 1361 903 in
1391 852 1562 904 medio
1592 852 1669 904 tui
1687 891 1703 914 ,
1727 852 1852 905 dicit
1887 851 2068 906 Domi-

484 961 603 998 nus.
640 944 706 998 Et
731 943 1033 1013 confugient
1065 956 1241 1013 gentes
1274 944 1457 998 multa:
1485 945 1555 998 ad
1589 943 1870 998 Dominum
1903 945 1955 1000 in
1983 946 2068 999 die

481 1037 606 1103 illa,
629 1048 676 1090 et
711 1046 863 1091 erant
894 1037 944 1090 ei
972 1037 1029 1089 in
1058 1036 1348 1107 populum,
1375 1047 1423 1089 et
1460 1036 1768 1090 habitabant
1802 1037 1858 1090 in
1893 1039 2066 1092 medio

484 1130 590 1191 tui,
618 1138 664 1182 et
698 1129 827 1182 scies
885 1128 1136 1199 quoniam
1168 1127 1426 1181 Dominus
1459 1128 1783 1198 omnipotens
1814 1129 1955 1184 misit
1986 1148 2066 1185 me

480 1221 551 1272 ad
595 1232 666 1274 te.
701 1219 769 1273 Ει
807 1220 1090 1289 possidebit
1133 1219 1386 1274 Dominus
1423 1218 1622 1273 ludam
1665 1232 1866 1288 partem
1911 1239 2063 1275 suam

479 1330 634 1379 super
665 1323 860 1368 terram
888 1324 1151 1378 sanctam,
1178 1324 1227 1368 et
1258 1314 1410 1381 eliget
1439 1314 1609 1368 adhuc
1632 1312 1950 1370 Jerusalem.

479 1406 732 1476 γαμήσει
773 1410 989 1477 Κύριος
1027 1407 1134 1462 τὸν
1183 1408 1409 1462 Ἰούδαν
1461 1406 1577 1475 τὴν
1622 1406 1839 1477 μερίδα
1876 1400 2065 1465 αὑτοῦ

475 1500 816 1572 ρουσαλήμ.

552 1602 667 1656 XV.
699 1601 765 1654 Et
791 1600 918 1655 hinc
947 1613 1276 1666 cognoscere
1330 1598 1532 1667 poteris
1565 1612 1831 1667 supremae
1865 1595 2065 1654 laetitia:

484 1693 768 1749 materiam
812 1691 1133 1746 mortalibus
1173 1690 1412 1743 futurum
1454 1687 1754 1743 Salvatoris
1796 1688 1852 1744 in
1892 1698 2066 1744 terras

484 1785 794 1839 adventum.
827 1781 1093 1837 Delectari
1120 1781 1321 1836 etenim
1379 1789 1435 1836 et
1465 1781 1631 1836 lietari
1661 1780 1883 1835 omnino
1906 1781 2067 1851 jussit

481 1877 816 1946 spiritualem
862 1874 1016 1938 Sion,
1049 1890 1170 1945 qua:
1211 1886 1293 1928 est
1334 1872 1573 1928 Ecclesia
1619 1872 1707 1927 Dei
1746 1873 1977 1927 viventis
1996 1870 2062 1935 ‘9,

480 1974 594 2027 sive
628 1971 740 2039 ipsa
776 1983 872 2038 per
907 1968 1065 2021 ﬁdem
1101 1966 1435 2021 salvatorum
1471 1965 1841 2019 sacratissima
1878 1963 2066 2018 tntilli-

481 2066 629 2118 tudo.
663 2060 935 2114 Promittit
965 2068 1145 2112 autem
1174 2072 1235 2112 se
1262 2068 1544 2112 venturmu
1568 2095 1585 2119 ,
1612 2065 1664 2111 et
1694 2070 1917 2124 prorsus
1943 2069 2064 2108 cum

480 2156 613 2224 ipsis
655 2153 918 2206 futurum.
967 2134 1150 2219 inquit
1193 2149 1338 2203 enim
1389 2148 1606 2203 divinus
1648 2145 1882 2202 Joannes
1905 2146 1975 2209 ⁵ο,
2008 2149 2065 2201 In

484 2246 685 2302 mundo
722 2253 871 2310 erat,
905 2253 962 2297 et
996 2258 1024 2296 a
1064 2241 1329 2297 creaturis
1360 2241 1475 2295 suis
1508 2256 1614 2295 non
1650 2238 2066 2309 disjungebatur

482 2339 629 2394 Deus
655 2336 887 2391 Verbum
929 2353 943 2389 :
980 2334 1073 2388 sed
1109 2332 1226 2402 ipse
1256 2332 1421 2385 vitam
1452 2332 1757 2387 viventibus
1789 2331 2065 2399 impertie-

480 2433 597 2495 bat,
623 2439 679 2484 et
697 2428 1031 2491 continebat,
1059 2436 1222 2494 atque
1249 2425 1605 2479 conservabat
1630 2424 1814 2479 omnia
1842 2433 1900 2477 ut
1929 2426 2064 2480 bene

479 2534 666 2578 essent
715 2531 772 2576 et
800 2521 1079 2585 viverent;
1115 2537 1133 2569 ι
1174 2516 1283 2572 Sed
1316 2520 1549 2571 mundus
1582 2533 1705 2571 eum
1737 2533 1842 2570 non
1867 2531 2066 2586 cogno-

478 2616 559 2670 vit
584 2615 653 2668 ⁸³.
699 2632 718 2665 ι
766 2611 1028 2668 Adoravit
1075 2608 1220 2663 enim
1270 2617 1579 2661 creaturam
1607 2608 1678 2664 ".
1715 2608 1837 2661 Fuit
1883 2619 2064 2662 autem

478 2708 787 2767 nobiscum,
809 2699 1421 2773 quando,similitudine
1453 2709 1637 2753 nostra
1672 2709 1944 2769 suscepta,
1968 2715 2067 2769 per

478 2808 720 2854 sanctam
741 2795 1017 2866 Virginem
1046 2800 1228 2855 natus,
1267 2809 1286 2841 ι
1312 2788 1447 2843 Etiu
1481 2791 1642 2844 terris
1664 2792 1836 2854 visus,
1859 2803 1915 2845 et
1943 2808 2064 2846 cum

481 2885 794 2943 hominibus
827 2890 1184 2937 conversatus
1219 2888 1303 2933 est
1324 2880 1392 2935 ⁸³.
1427 2896 1446 2929 ι
1484 2878 1738 2933 Testatur
1768 2881 1908 2934 idem
1943 2896 2068 2935 san-

479 2988 602 3033 ctus
627 2976 795 3031 David
819 2993 836 3031 :
864 2995 883 3027 ι
912 2973 1051 3029 Deus
1080 2972 1366 3027 manifeste
1397 2972 1596 3033 veniet.
1625 2971 1764 3026 Deus
1783 2983 1986 3037 uoster,
2013 2982 2063 3028 et

480 3086 587 3125 non
620 3070 800 3125 silebit
821 3068 889 3122 ".
932 3086 951 3120 ι
994 3067 1145 3120 Tunc
1177 3073 1232 3119 et;
1260 3063 1512 3133 gentibus
1550 3061 1928 3119 tnauilestatus
1962 3074 2063 3119 est.

2169 587 2231 638 τὸ
2258 604 2386 639 κατε
2394 589 2724 659 ρραγμένον,
2756 589 3009 653 εὐσθενὲς
3045 589 3301 663 ἀποφήνῃ
3330 592 3391 645 τὸ
3420 592 3636 660 ἄναλκι,
3666 593 3752 647 θε-

2177 677 2428 749 ραπεύσῃ
2463 680 2526 732 τὸ
2553 679 2851 744 ἀπολωλός.

2250 769 2474 840 Τέρπω)
2527 772 2623 827 καὶ
2682 774 3032 844 εὐφραίνου,
3079 777 3331 846 θύγατερ
3378 775 3561 840 Σιὼν,
3611 776 3756 830 διότι

2174 862 2304 918 ἰδοὺ
2352 862 2469 933 ἐγὼ
2515 863 2785 934 ἔρχομαι,
2832 866 2933 921 καὶ
2987 867 3439 936 natam";er
3480 868 3550 921 ἐν
3591 869 3759 937 μέσῳ

2173 971 2327 1017 σου,
2374 954 2537 1024 λέγει
2601 957 2836 1025 Κύριος.
2905 957 3017 1012 Καὶ
3076 959 3551 1029 καταφεύξοντιιι
3612 961 3754 1027 ἔθνη

2173 1049 2378 1103 πολλὰ
2404 1049 2503 1103 ἐπὶ
2549 1050 2656 1103 τὸν
2694 1052 2915 1119 Κύριον
2941 1053 3012 1107 ἐν
3052 1052 3128 1122 τῇ
3168 1053 3359 1124 ἡμέρᾳ
3396 1055 3621 1124 ἐκείνῃ,
3661 1054 3756 1108 καί

2171 1135 2422 1191 ἔσονται
2447 1138 2610 1204 αὐτῷ
2633 1142 2719 1207 εις
2741 1140 2919 1205 λαὸν,
2951 1141 3050 1196 καὶ
3080 1142 3664 1208 κατασκηνώσουσιν
3690 1144 3757 1197 ἐν

2162 1229 2333 1298 μέσῳ
2371 1248 2513 1294 σου,
2554 1233 2654 1286 καὶ
2692 1232 3000 1304 ἑπιγνώσῃ
3058 1235 3147 1290 ὅτι
3179 1237 3397 1305 Κύριος
3428 1238 3755 1304 παντοκρά-

2166 1337 2282 1390 τωρ
2313 1322 2732 1388 ἐξαπέσταλκέ
2768 1342 2847 1396 με
2897 1327 3050 1395 πρὸς
3093 1328 3192 1385 σέ.
3237 1330 3347 1383 Kal
3385 1331 3753 1395 κατακληρο-

2100 1412 2198 1469 ἑπί
2231 1420 2348 1486 τὴν
2372 1418 2492 1489 γῆν
2550 1418 2665 1488 τὴν
2720 1419 2923 1489 ἁγίαν,
2956 1422 3054 1476 καὶ
3103 1423 3351 1492 αἱρετιεῖ
3374 1424 3461 1479 ἐτι
3496 1425 3610 1492 τὴν
3660 1424 3753 1478 ἰε-

2226 1591 2346 1654 ιε’.
2389 1599 2698 1655 Κάντεῦθεν
2735 1601 2803 1659 ἂν
2832 1603 3048 1673 μάθοις,
3077 1603 3155 1668 ὡς
3184 1605 3337 1661 ἔσται
3366 1609 3466 1677 τῆς
3495 1608 3753 1664 ἀνωτάτω

2172 1686 2440 1761 θυμηδίας
2472 1692 2727 1758 ὑπόθεσις
2762 1697 2876 1759 τοῖς
2902 1697 2996 1750 ἐπὶ
3024 1695 3126 1767 τῆς
3156 1697 3260 1768 γῆς
3300 1699 3392 1752 τοῦ
3425 1700 3679 1773 Σωτῆρος
3720 1707 3753 1775 ἡ

2098 1814 2141 1868 Β
2172 1780 2464 1850 παρουσία.
2495 1780 2805 1854 Τέρπεσθαι
2829 1783 2939 1856 γὰρ
2981 1785 3075 1839 καὶ
3107 1786 3494 1857 εὐφραίνεσθαι
3523 1794 3752 1862 προστέ-

2170 1887 2335 1941 ταχεν
2363 1873 2677 1941 ἀναγκαίως
2704 1875 2803 1945 τὴν
2828 1877 3024 1947 νοητὴν
3043 1876 3509 1955 Σιὼν,ἥτιςὲστὶν
3535 1883 3754 1955 Ἐκκλη-

2170 1965 2263 2018 σία
2292 1963 2430 2018 Θεοῦ
2464 1965 2685 2030 ζῶντος,
2723 1967 2892 2039 ἤγουν
2935 1970 3076 2040 αὐτὴ
3106 1969 3217 2049 τῶν
3259 1970 3349 2025 διὰ
3381 1975 3618 2037 πίστεως
3668 1992 3754 2029 σε-

2170 2057 2467 2128 σωσμένων
2500 2060 2534 2129 ἡ
2569 2060 2841 2130 ἱερωτάτη
2881 2059 3111 2132 πληθύς.
3147 2062 3636 2132 Κατεπηγγέλλετο
3673 2066 3754 2132 δὲ,

2167 2150 2250 2203 ὅτι
2299 2150 2393 2203 καὶ
2420 2149 2561 2221 ἥξει,
2607 2151 2700 2204 καὶ
2745 2150 2899 2204 ἔσται
2930 2150 2996 2229 δῂ
3029 2153 3246 2217 πάντως
3288 2155 3347 2206 ὲν
3381 2154 3531 2225 μέσῳ
3562 2157 3751 2227 αὐτῆς.

2177 2240 2342 2310 Ἡμῖν
2362 2240 2471 2311 γάρ
2500 2257 2663 2311 φησιν
2684 2241 2712 2293 6
2742 2238 3027 2304 θεσπέσιος
3043 2241 3313 2311 Ἰωάννης·
3342 2242 3430 2296 Ἐν
3458 2241 3535 2312 τῷ
3568 2245 3759 2315 κόσμῳ

2166 2326 2256 2402 ἦν,
2290 2333 2385 2388 καὶ
2411 2332 2520 2385 τῶν
2553 2333 2719 2388 αὐτοῦ
2747 2333 3062 2404 κτισμάτων
3091 2334 3193 2388 οὐκ
3214 2336 3606 2407 ἀπενοσφίζετο
3624 2336 3756 2402 Θεὸς

2166 2424 2243 2477 ὢν
2286 2425 2314 2477 6
2362 2425 2557 2493 Λόγος,
2591 2424 2706 2478 ἀλλ’
2735 2421 2802 2496 ἦν
2848 2424 3010 2488 αὐτὸς
3044 2424 3322 2490 ζωοποιῶν
3362 2427 3431 2482 τὰ
3462 2428 3607 2500 ζωῆς
3635 2447 3759 2501 μετ-

2166 2515 2386 2586 έχοντα,
2420 2517 2515 2569 καὶ
2538 2515 2780 2586 συνέχων
2811 2516 2881 2569 τὰ
2900 2516 3079 2570 πάντα
3127 2517 3263 2588 πρὸς
3307 2518 3367 2571 τὸ
3399 2514 3458 2573 εὖ
3491 2515 3629 2574 εἶναι
3662 2523 3756 2574 καὶ

2168 2606 2268 2678 ζῇν
2291 2624 2302 2635 '
2347 2627 2365 2659 ι
2416 2605 2558 2659 Ἀλλ’
2585 2609 2615 2660 6
2649 2609 2853 2678 κόσμος
2900 2607 3061 2662 αὑτὸν
3097 2608 3200 2663 οὐκ
3228 2608 3390 2679 ἔγνω.
3445 2631 3464 2663 ι
3514 2613 3757 2683 Προσκε-

2170 2698 2378 2768 κύνηκε
2416 2697 2527 2769 γὰρ
2575 2700 2641 2771 τῇ
2690 2699 2885 2753 κτίσει.
2935 2700 3132 2767 Γέγονε
3179 2699 3244 2754 δὲ
3295 2701 3417 2772 μεθ’
3442 2703 3621 2774 ἡμῶν,
3666 2705 3755 2757 ὅτε

2167 2791 2269 2862 τὴν
2306 2790 2429 2844 καθ’
2463 2791 2612 2861 ἡμᾶς
2657 2791 2915 2861 ὁμοίωσιν
2960 2792 3278 2855 ἀναλαϐὼν,
3311 2794 3401 2847 διὰ
3447 2794 3548 2865 τῆς
3597 2794 3758 2864 ἁγίας

2167 2883 2436 2956 ἐγεννήθη
2467 2883 2773 2956 Παρθένου,
2826 2903 2844 2935 ι
2883 2884 3011 2938 Ὅτε
3036 2886 3138 2955 ,καὶ
3175 2886 3268 2939 ἐπὶ
3312 2886 3416 2957 γῆς
3449 2885 3628 2957 ὤφθη,
3663 2887 3761 2942 καὶ

2166 2980 2280 3041 τοῖς
2331 2976 2644 3047 ἀνθρώποις
2696 2977 3139 3049 συνανεστράφη.
3191 2997 3212 3029 ι
3250 2979 3368 3041 ,Καὶ
3412 2979 3757 3051 μαρτυρήσει

2113 3071 2116 3073 “
2168 3066 2344 3136 λέγων
2385 3067 2415 3119 6
2444 3067 2732 3130 θεσπέσιος
2761 3065 2925 3120 Δαϐίδ
2946 3082 2961 3096 ο
3001 3085 3020 3118 ι
3067 3067 3126 3120 Ὃ
3154 3066 3288 3129 Θεὸς
3316 3068 3579 3138 ἐμφανῶς
3613 3068 3757 3139 ἥξει,

476 3162 595 3218 Non
632 3163 775 3218 enim
808 3159 1039 3230 amplius
1074 3157 1432 3211 Israeliticqu
1468 3171 1640 3226 genus
1695 3157 2064 3210 tantummodo

2167 3160 2197 3211 6
2229 3159 2363 3223 Θεὸς
2403 3158 2582 3230 ἡμῶν,
2625 3158 2721 3213 καὶ
2762 3159 2824 3210 οὐ
2871 3161 3385 3230 παρασιωπήσεται.
3436 3179 3456 3214 ι
3493 3161 3629 3215 Τότε
3661 3162 3758 3231 γέ-

477 3273 575 3329 per
606 3266 757 3311 vetus
787 3254 915 3309 illud
949 3254 1259 3307 mandatum
1287 3252 1571 3306 erudiebat
1600 3252 1879 3320 :quinimo
1902 3268 2069 3307 evan-

477 3348 670 3420 gelicis
702 3343 1182 3416 praedicationibus
1213 3351 1362 3398 totus
1413 3342 1513 3397 sub
1568 3341 1681 3397 sole
1700 3343 1862 3414 671
1921 3343 2071 3400 orbis

478 3438 850 3498 inaurabatur,
875 3444 931 3489 et
954 3433 1131 3488 evasit
1153 3432 1206 3486 iu
1227 3432 1375 3486 omni
1397 3440 1558 3502 gente
1575 3441 1631 3487 et
1649 3434 1701 3486 in
1727 3434 1873 3488 υιιιιιὶ
1892 3435 2069 3505 regio-

481 3546 549 3584 ne
579 3541 832 3597 magnmn
853 3538 1047 3579 nomen
1069 3521 1188 3591 eius
1203 3524 1274 3577 ⁸⁵.
1295 3523 1417 3593 Ipse
1435 3522 1582 3579 enim
1619 3533 1736 3578 erat
1751 3527 2068 3594 exspectatio

479 3619 741 3690 gentium,
757 3615 911 3685 juxta
929 3615 1251 3685 prophetam
1276 3615 1344 3681 ³⁸,
1372 3616 1541 3682 etipsi
1568 3617 1889 3672 curvabitur
1909 3636 1929 3669 ι
1953 3634 2070 3673 om-

480 3728 550 3767 ne
573 3725 738 3781 geuu,
784 3708 1114 3771 caelestium,
1150 3707 1492 3762 terrestrium
1531 3718 1587 3762 et
1619 3707 1987 3769 inferuerunt;
2013 3721 2070 3764 et

478 3803 659 3858 omnis
676 3802 858 3871 lingua
895 3798 1245 3854 confitebitur
1267 3800 1394 3867 quia
1428 3796 1688 3853 Dominus
1717 3799 1874 3854 Jesus
1911 3800 2067 3855 Chri-

481 3905 598 3951 stus
615 3896 669 3948 in
688 3893 856 3965 gloria
875 3902 960 3946 est
976 3890 1070 3946 Dei
1086 3890 1268 3945 Patris
1286 3890 1350 3947 ⁸⁷.
1366 3889 1954 3946 ιϐυιισιιιιθιιιιιιιοηῐιιι
1973 3904 2067 3958 per

479 3989 642 4043 ﬁdem
680 3987 732 4040 in
768 3985 976 4054 ipsum,
1008 3991 1062 4036 et
1098 3998 1219 4037 cum
1257 3981 1372 4051 ipso
1408 3982 1720 4036 habitarunt
1753 3983 1805 4036 in
1843 3991 2064 4048 sancta,

477 4092 532 4137 et
565 4095 686 4150 qua:
719 4079 983 4134 duntaxat
1032 4075 1350 4146 intelligitur
1381 4074 1547 4140 Sion,
1592 4076 1681 4143 qui
1734 4075 1980 4130 habitant
2011 4076 2063 4129 iu

478 4174 684 4229 ultimis
738 4171 922 4226 mundi
976 4170 1206 4233 ﬁnibus,
1254 4180 1740 4240 cognoveruntque
1785 4168 2066 4237 perspicue

479 4266 649 4321 Deum
697 4264 780 4319 sic
821 4261 1077 4316 dilexisse
1121 4261 1411 4327 mundum,
1449 4279 1468 4312 ι
1520 4270 1579 4314 ιιι
1619 4261 1830 4315 dederit
1869 4260 2064 4315 Filium

478 4372 636 4412 suum
668 4352 1034 4425 unigenitum,
1062 4360 1122 4406 ut
1151 4352 1331 4405 omnis
1359 4351 1450 4421 qui
1484 4351 1660 4406 credit
1687 4352 1738 4404 in
1767 4365 1890 4405 eum
1911 4391 1925 4415 ,
1958 4369 2064 4406 non

477 4456 690 4519 pereat,
719 4445 811 4499 sed
849 4443 1045 4498 habeat
1074 4443 1243 4497 vitam
1279 4451 1539 4496 aeternam
1560 4442 1631 4495 ⁸³.
1674 4461 1693 4494 ι
1736 4441 1883 4498 Misit
1914 4445 2060 4498 enim

2172 3265 2297 3318 γονε
2329 3249 2424 3302 καὶ
2465 3248 2787 3319 καταφανὴς
2818 3250 2931 3312 τοῖς
2960 3248 3192 3304 ἔθνεσιν.
3223 3251 3298 3303 Οὐ
3337 3249 3444 3322 γὰρ
3485 3250 3565 3304 ἔτι
3598 3251 3758 3321 μόνον

2172 3341 2234 3394 τὸ
2279 3340 2339 3406 ἐξ
2399 3340 2618 3413 Ἰσραὴλ
2666 3340 2988 3394 ἐπαιδεύετο
3015 3341 3193 3409 γένος,
3243 3340 3332 3395 διὰ
3375 3343 3477 3413 τῆς
3524 3344 3761 3416 ἀρχαίας

2171 3435 2388 3505 ἐκείνης
2420 3434 2640 3504 ἐντολῆς
2662 3448 2678 3462 ⁶
2707 3431 3112 3504 κατεχρυωῦτο
3131 3433 3188 3486 δὲ
3224 3434 3427 3504 μᾶλλον
3452 3438 3569 3500 τοῖς
3594 3437 3762 3504 εὐαγ-

2170 3528 2409 3596 γελικοτς
2437 3523 2791 3596 κηρύγμασιν
2826 3525 2860 3594 ἡ
2896 3525 2989 3578 ὑπ’
3016 3523 3267 3596 οὐρανὸν,
3314 3526 3408 3579 καὶ
3444 3526 3670 3595 γέγονεν
3698 3530 3760 3581 ὲν

2171 3617 2315 3672 ἔθνει
2362 3617 2528 3670 παντὶ
2552 3615 2649 3669 καὶ
2707 3616 2764 3668 ὲν
2809 3615 2962 3686 πάσῃ
3007 3614 3066 3667 δὲ
3115 3613 3271 3686 χώρᾳ
3301 3616 3450 3686 μέγα
3491 3617 3554 3671 τὸ
3585 3619 3763 3690 ὄνομα

2171 3706 2356 3762 αὐτοῦ.
2409 3705 2580 3769 Αὐτὸς
2635 3705 2744 3777 γὰρ
2794 3700 2863 3776 ἦν
2926 3703 2965 3771 ἠ
3011 3703 3350 3772 προσδοκία
3395 3706 3506 3759 τῶν
3558 3707 3754 3774 ἐθνῶν,

2170 3797 2314 3852 κατὰ
2352 3798 2453 3869 τὴν
2501 3798 2596 3852 τοῦ
2644 3798 2925 3869 προφήτου
2967 3797 3172 3866 φωνὴν,
3220 3798 3314 3853 καὶ
3352 3798 3503 3868 αὐτῷ
3547 3800 3756 3870 κάμψει

2175 3907 2196 3942 ι
2274 3891 2384 3943 πᾶν
2446 3889 2612 3957 γόνυ,
2674 3888 3050 3960 ἐπουρανίων,
3127 3889 3222 3942 καὶ
3280 3890 3577 3958 ἐπιγείων,
3660 3893 3757 3945 καὶ

2168 3980 2564 4051 καταχθονίων,
2595 3980 2690 4034 καὶ
2726 3982 2877 4034 πᾶσα
2903 3981 3129 4048 γλῶσσα
3158 3980 3633 4052 ἐξομολογήσεται·
3670 3983 3754 4036 ὅτι

2168 4070 2376 4153 Ιςύριος
2432 4070 2641 4139 Ἰησοῦς
2686 4070 2922 4141 Χριστὸς
2962 4072 3043 4133 είς
3082 4069 3241 4136 δόξαν
3278 4068 3412 4124 θεοῦ
3450 4071 3682 4142 Πατρός.
3725 4092 3749 4125 ι

2168 4161 2648 4232 Συνδεδραμήκασι
2680 4162 2790 4233 γὰρ
2816 4162 2905 4216 διὰ
2926 4162 3166 4223 πίστεως
3196 4161 3283 4214 ἐπ’
3310 4161 3493 4226 αὑτὸν,
3534 4165 3628 4217 καὶ
3654 4165 3755 4218 σὺν

2167 4253 2317 4325 αὐτῷ
2345 4253 2731 4324 κατῳκήκασιν
2779 4256 2837 4307 ὲν
2881 4256 2948 4325 τῇ
2983 4252 3117 4325 ἁγίᾳ
3167 4253 3261 4307 καὶ
3310 4257 3473 4325 νοητῇ
3511 4255 3668 4317 Σιὼν,
3694 4257 3754 4307 εἱ

2167 4349 2234 4401 ὲκ
2261 4346 2512 4418 περάτων
2536 4347 2635 4416 τῆς
2665 4346 2791 4416 γῆς,
2820 4346 3095 4415 ἐγνώκασι
3123 4363 3184 4400 τε
3217 4346 3425 4416 σαφῶς,
3456 4349 3539 4400 ὅτι
3575 4348 3755 4412 οὕτως

2167 4438 2457 4509 ἠγάπησεν
2485 4440 2513 4493 6
2545 4438 2677 4501 θεὸς
2709 4438 2800 4491 τὸν
2828 4438 3053 4509 κόσμον,
3090 4459 3109 4491 ι
3145 4438 3286 4495 ὥστε
3309 4439 3400 4494 τὸν
3428 4439 3557 4492 Υίὸν
3586 4441 3754 4493 αὐτοῦ

480 4509 638 4595 nobis
678 4509 748 4593 de
787 4536 930 4593 casio
967 4534 1163 4591 Filium
1206 4551 1364 4590 suum
1408 4535 1593 4599 Pater,
1626 4533 1963 4590 Salvator-em
2007 4545 2063 4591 et

2166 4530 2259 4586 τὸν
2287 4529 2553 4601 μονογενῆ
2582 4529 2832 4594 δέδωκεν,
2862 4530 2949 4586 ἵνα
2973 4532 3081 4595 πᾶς
3107 4533 3137 4585 6
3164 4532 3437 4586 πιστεύων
3463 4535 3541 4594 εὶς
3563 4533 3752 4597 αὐτὸν,

478 4634 1000 4700 liedemptorcmmt
1020 4629 1309 4684 credentes
1336 4629 1391 4683 in
1423 4627 1599 4694 illum,
1619 4629 1672 4682 in
1704 4628 1820 4698 ipso
1845 4626 2059 4682 Patrem

479 4724 789 4787 videamus,
815 4732 872 4778 et
897 4729 956 4777 ut
980 4735 1290 4791 expressam
1325 4720 1587 4792 genitoris
1619 4721 1905 4791 imaginem
1934 4735 2060 4775 eum

477 4817 571 4886 qui
606 4830 674 4870 ex
708 4815 826 4885 ipso
859 4814 1155 4869 secundum
1187 4822 1435 4866 naturam
1470 4822 1633 4867 natus
1661 4824 1740 4866 est
1766 4813 2059 4876 intuentes,

479 4907 832 4977 archetypum
881 4904 1179 4975 cogitemus
1200 4903 1268 4957 ".
1308 4901 1465 4957 T-unc
1509 4902 1800 4968 nimirum,
1838 4910 1963 4956 tunc
2008 4916 2065 4956 et

482 4999 752 5069 possessio
808 4998 925 5069 ejus
977 4994 1144 5052 ludas
1200 4995 1376 5051 factus
1427 5005 1541 5059 est,
1598 4996 1699 5050 hoc
1751 5003 1832 5048 est
1885 4996 2063 5049 omnis

480 5090 745 5145 conﬁtens
789 5100 845 5144 et
872 5089 1181 5160 glorilicaus
1205 5089 1378 5159 ipsum
1407 5106 1424 5143 :
1452 5087 1622 5144 ludas
1643 5088 1786 5142 enim
1819 5088 2064 5142 redditur

479 5181 758 5251 confessio.
797 5179 934 5235 Nam
968 5190 1028 5235 ut
1061 5191 1147 5235 est
1178 5181 1319 5251 apud
1350 5179 1575 5235 Paulum
1615 5198 1628 5232 :
1673 5197 1692 5231 ι
1733 5177 1850 5233 Non
1881 5179 1972 5248 qui
2006 5179 2061 5234 in

481 5269 770 5325 litauitesto
817 5281 901 5325 est
945 5270 1198 5336 Judaeus,
1239 5286 1415 5341 neque
1457 5272 1798 5326 circumcisio
1836 5287 1958 5341 quae
2008 5272 2060 5325 in

479 5375 646 5415 carne
678 5361 969 5416 manifesto
1000 5365 1089 5431 tit,
1120 5364 1214 5417 sed
1249 5363 1340 5431 qui
1376 5363 1428 5416 iu
1462 5363 1674 5417 occulto
1699 5360 1916 5419 Judaeus
1944 5373 2062 5429 est,

480 5462 537 5506 et
565 5454 908 5508 circumcisio
945 5456 1128 5509 cordis
1164 5456 1216 5507 in
1254 5452 1450 5522 spiritu
1473 5493 1488 5517 ,
1522 5468 1627 5507 non
1670 5453 1880 5517 littera,
1912 5455 2066 5522 cujus

480 5540 602 5595 laus
637 5555 743 5596 non
783 5556 850 5596 ex
895 5541 1232 5606 hominibus,
1264 5542 1358 5595 sed
1389 5555 1456 5595 ex
1492 5540 1600 5594 Deo
1620 5541 1686 5596 6°.
1724 5561 1743 5593 ι
1785 5542 2058 5611 Quotquot

551 5701 599 5732 ⁵⁸
629 5699 825 5754 Ezech.
850 5714 1038 5761 xuw,
1071 5698 1159 5753 16.
1234 5697 1280 5729 ’⁸⁸
1306 5696 1324 5750 l
1354 5696 1592 5752 Timoth.
1624 5713 1703 5761 ιιι,
1737 5696 1821 5751 15.

479 5770 528 5802 ³⁵
557 5770 696 5827 Psal.
748 5784 894 5833 χιιι,
954 5769 1007 5822 5.
1108 5769 1154 5800 ⁸⁵
1182 5768 1407 5822 Malacb.
1441 5786 1479 5833 ι,
1509 5770 1594 5823 li.

482 5842 573 5898 16.
649 5841 695 5874 ³⁸
723 5838 880 5895 .ioan.
917 5854 1028 5906 xiv,
1062 5839 1092 5892 7
1116 5837 1271 5910 seqq.
1298 5857 1314 5907 ;
1345 5838 1551 5897 Coloss.
1586 5857 1624 5907 l,
1657 5839 1742 5896 15.

2171 4623 2247 4696 μὴ
2278 4622 2570 4693 ἀπόληται,
2592 4620 2707 4675 ἀλλ’
2737 4621 2837 4694 ἔχῃ
2863 4621 3008 4694 ζωὴν
3038 4622 3281 4680 αἰώνιον.
3316 4643 3333 4675 ι
3372 4623 3753 4689 Ἐξαπέστειλε

2167 4713 2274 4787 γὰρ
2309 4715 2442 4783 ἡμῖν
2470 4712 2531 4776 ἐξ
2567 4711 2797 4784 ούρανοῦ
2840 4711 2930 4765 τὸν
2967 4712 3093 4766 Υἱδν
3121 4714 3286 4768 αὑτοῦ
3328 4717 3357 4768 6
3386 4715 3592 4786 Πατὴρ,
3633 4717 3744 4767 Σω-

2168 4806 2310 4877 τῆρα
2341 4806 2435 4859 καὶ
2468 4806 2784 4887 Λυτριυτὴν,
2815 4806 2903 4859 ἵνα
2938 4805 3330 4870 πιστεύσαντες
3368 4809 3449 4871 εἰς
3474 4809 3662 4868 αὐτὸν.
3686 4812 3756 4861 ,ὲν

2169 4897 2319 4969 αὐτῷ
2342 4897 2432 4951 τὸν
2460 4898 2683 4967 Πατέρα
2710 4897 2994 4967 όψὼμεθα,
3021 4899 3117 4953 καὶ
3141 4899 3218 4963 ὡς
3250 4900 3436 4954 εἰκόνα
3461 4900 3754 4970 βλέποντες

2168 4990 2371 5064 ἀκριΰῆ
2404 4990 2499 5044 τοῦ
2540 4992 2934 5062 γεγεννηκότος
2964 4991 3058 5044 τὸν
3081 4991 3146 5057 ἐξ
3181 4990 3346 5045 αὑτοῦ
3385 4993 3528 5047 κατὰ
3563 4997 3753 5063 φύσιν,

2168 5083 2439 5155 ἐννοῶμεν
2482 5084 2544 5137 τὸ
2591 5084 2919 5156 ἀρχέτυπον.
2966 5085 3101 5139 Τότε
3148 5087 3243 5139 καὶ⁵
3289 5085 3491 5158 κλῆρος
3528 5087 3758 5156 γέγονεν

2177 5175 2376 5238 Ἰούδας
2402 5176 2610 5246 Κυρίου
2631 5215 2647 5239 ,
2676 5176 2927 5229 τουτέστι
2969 5178 3079 5241 πᾶς
3115 5179 3144 5231 6
3172 5177 3664 5249 ὲξομολογούμενός
3692 5197 3756 5232 τε

2164 5268 2260 5321 καὶ
2304 5267 2601 5335 δοξολογῶν
2650 5266 2829 5321 αὐτόν·
2870 5268 3309 5338 ἐξομολόγησις
3335 5269 3444 5339 γὰρ
3476 5271 3506 5322 6
3549 5269 3759 5332 Ἰούδας

2162 5358 2548 5431 ἑρμηνεύεται.
2594 5360 2681 5420 Ὠς
2725 5361 2833 5431 γὰρ
2859 5362 2889 5414 6
2922 5359 3134 5424 Παῢλός
3177 5377 3366 5432 φησιν,
3419 5380 3439 5414 ι
3479 5361 3592 5433 Οὐχ
3629 5363 3660 5414 6
3693 5364 3758 5414 ἐν

2166 5450 2244 5521 τῷ
2291 5451 2513 5523 φανερῷ
2579 5453 2849 5518 Ἰουδαῖος,
2903 5453 3027 5506 οὐδὲ
3076 5456 3134 5506 ἐν
3168 5452 3409 5524 φανερῷο
3437 5454 3533 5507 καὶ
3584 5433 3761 5524 σαρκὶ

2165 5542 2458 5614 περιτομὴ,
2495 5542 2612 5598 ἀλλ’
2643 5546 2672 5598 6
2703 5545 2764 5597 ὲν
2792 5545 2869 5615 τῷ
2913 5544 3143 5616 κρυπτῷ
3192 5545 3443 5609 Ἰουδαῖός
3480 5546 3622 5610 ἐστι,
3653 5548 3758 5599 καὶ

1898 5698 1945 5728 ⁵ο
1974 5696 2064 5751 Joa

2166 5714 2207 5761 t,
2255 5699 2339 5752 ill.
2418 5699 2611 5753 "ibid.
2689 5699 2734 5730 "
2771 5698 2927 5754 Rom.
2960 5716 2999 5764 1,
3028 5699 3119 5754 25.
3196 5700 3237 5731 ⁸³
3276 5700 3480 5755 Darttclt
3513 5715 3598 5764 Ill,
3654 5701 3754 5755 δε.

1706 5770 1751 5802 ⁸⁵
1776 5768 1913 5841 Gen.
1949 5783 2064 5824 λιιι

2166 5770 2226 5841 Q;
2264 5774 2397 5841 Aug.
2436 5786 2498 5835 ιι,
2532 5770 2585 5825 8.
2664 5771 2710 5802 δ’
2742 5771 2983 5841 Philipp.
3028 5787 3085 5835 ιι,
3124 5771 3210 5837 10,
3247 5771 3330 5826 lt.
3407 5771 3454 5802 "
3477 5770 3634 5827 Joan.
3663 5785 3755 5835 ιιι,

1820 5839 1864 5871 ⁶⁰
1896 5840 2051 5893 Korn.
2081 5854 2143 5903 ιι,
2171 5840 2264 5905 28,
2292 5840 2385 5893 ‘29.
