4072 6370
441 419 510 472 ιῖῑ
1427 403 1484 457 S.
1528 399 1800 458 CYRILH
1843 394 2304 452 ALEXANDRiNl
2349 392 2667 450 ARCHIEP.
3620 387 3688 438 Η

441 531 512 586 Et
541 529 779 584 diabolus
809 529 976 582 stabat
1007 543 1040 580 a
1069 525 1271 580 dextris
1301 523 1434 586 eius,
1463 533 1519 575 ut
1547 525 1912 576 adversaretur
1942 519 2010 571 ei.

2120 517 2226 571 Kal
2275 520 2308 570 ὁ
2342 515 2622 580 διάϐολος
2666 509 2926 577 εἱστήκει
2970 507 3036 560 ἐκ
3079 503 3282 569 δεξιῶν
3337 502 3544 563 αὑτοῦ,
3585 503 3688 555 τοῦ

443 625 509 678 Et
548 623 684 675 dixit
723 620 974 674 Dominus
1013 618 1081 670 nd
1117 616 1386 670 diabolum
1423 631 1440 668 :
1479 613 1716 681 Increpat
1753 613 2006 666 Dominus

439 716 491 766 in
528 726 608 778 te,
633 711 835 765 diabole
854 752 868 772 ,
889 720 935 762 et
969 709 1193 773 increpet
1226 709 1280 761 in
1313 717 1361 760 te
1391 707 1480 775 qui
1512 705 1662 774 elegit
1691 704 2005 758 Jerusalem.

442 800 630 853 Nonne
658 814 771 852 ecce
800 799 896 850 hoc
921 806 978 848 ut
1009 796 1166 849 torris
1193 805 1454 848 extractus
1483 811 1546 847 ex
1573 795 1730 862 igne?

510 1059 673 1116 XVII.
734 1060 986 1115 Narratio
1031 1058 1293 1113 visionem
1343 1057 1606 1121 conti-net,
1641 1064 2009 1109 verumtamen

442 1170 658 1222 sensum
697 1152 858 1207 habet
911 1150 1247 1212 historicum,
1296 1148 1396 1201 sub
1440 1147 1725 1216 aenigmate
1775 1161 1832 1198 se
1884 1145 2012 1196 insi-

443 1256 697 1302 nuantem
735 1255 786 1300 et
820 1254 876 1296 ut
904 1242 1137 1312 imagine
1167 1240 1362 1294 iterum
1390 1237 1572 1292 Jesum
1601 1237 2011 1292 describentem.

438 1341 752 1396 Tenendum
783 1349 966 1407 porro,
1005 1334 1316 1404 prOphetam
1356 1333 1559 1386 vis'ione
1582 1331 1691 1401 jam
1725 1346 1782 1384 re
1833 1329 2012 1398 perfeo

436 1445 523 1487 cla
574 1442 629 1484 et
653 1429 719 1483 ad
741 1428 940 1484 exitum
978 1425 1202 1480 dedhcta
1241 1422 1400 1476 verba
1463 1422 1659 1476 facere.
1688 1421 1780 1475 Est
1832 1431 2013 1474 autem

439 1535 773 1593 nequaquam
801 1517 1072 1573 fabulosus
1094 1530 1292 1580 sermo,
1319 1529 1492 1583 neque
1522 1515 1588 1568 ab
1612 1513 1857 1568 instituto
1888 1511 2017 1565 alie-

440 1631 560 1679 nus,
589 1628 762 1682 neque
799 1611 1000 1666 otiosas
1031 1607 1368 1663 narrationes
1411 1615 1658 1661 acervat:
1714 1619 1922 1666 verum,
1960 1613 2020 1656 ut

437 1709 568 1773 dixi,
624 1705 888 1775 principio
944 1713 1229 1771 antequam
1289 1701 1589 1762 evenirent,
1616 1697 1718 1752 ista
1779 1696 1935 1760 vidit,
1967 1710 2022 1753 ct

436 1801 757 1852 annuntiare
819 1811 1070 1866 magnum
1119 1808 1303 1862 opera:
1359 1791 1588 1860 pretium
1670 1788 1840 1852 ducit,
1890 1788 2016 1841 dmn

439 1895 508 1944 ita
536 1890 756 1945 erudiat
786 1900 837 1943 et
874 1861 1043 1942 totum
1067 1861 1258 1942 reddat
1300 1882 1580 1945 lsraelem,
1633 1896 1701 1935 ne
1749 1879 2016 1935 similibus
2049 1861 2090 1916 Β

437 2001 558 2039 sese
592 1983 802 2037 delictis
851 1984 1045 2036 iterum
1111 1979 1368 2042 involvat,
1421 1977 1723 2044 iterumque
1774 1975 2020 2043 captivus

438 2077 528 2129 fiat
549 2117 564 2140 ,
596 2075 775 2129 sciens
806 2090 864 2128 se
895 2073 1158 2127 salvatum
1185 2086 1305 2126 cum
1335 2069 1537 2129 labore,
1563 2078 1620 2122 et
1642 2066 2015 2121 liberationem

439 2179 651 2234 quoque
695 2163 797 2233 ipsi
826 2177 960 2231 Opus
992 2170 1113 2216 erat
1162 2160 1388 2230 gratiam
1428 2157 1591 2228 673
1631 2154 2015 2225 propemodum

439 2257 524 2312 vel
553 2257 686 2324 ipsis
715 2257 769 2310 in
801 2253 939 2308 casio
966 2253 1169 2323 angelis
1201 2266 1345 2306 cura:
1404 2265 1466 2304 ac
1499 2247 1847 2304 sollicitudini
1882 2245 2017 2302 {uis-

439 2365 520 2407 se.
545 2350 632 2404 Ait
654 2364 783 2417 ergo
807 2363 866 2402 se
893 2346 1090 2400 vidisse
1111 2352 1338 2399 stantem
1369 2341 1634 2410 angelum.
1657 2349 1711 2394 et
1739 2353 1921 2393 coram
1951 2353 2020 2392 eo

437 2441 623 2497 Jesnm
656 2440 818 2492 tilium
843 2436 1069 2494 Josedec
1094 2433 1427 2489 sacerdotem
1462 2445 1737 2500 magnum.
1769 2429 1833 2482 Et
1857 2443 2019 2498 ange-

444 2535 530 2586 lus
562 2530 776 2601 quidem
809 2539 989 2599 typum
1017 2533 1068 2580 et
1097 2524 1382 2596 imaginem
1411 2521 1613 2577 Christi
1636 2521 1856 2592 gerebat
1883 2536 1896 2572 :
1930 2533 2018 2572 sa-

444 2625 637 2680 cerdos
668 2631 847 2675 autem
907 2621 1073 2673 totius
1123 2616 1300 2687 populi
1353 2627 1641 2684 personam
1697 2611 2019 2666 sustinuisse

446 2718 621 2777 potest
659 2706 876 2771 intelligi
895 2722 917 2758 ι
945 2706 1024 2760 sic
1050 2704 1192 2758 enim
1220 2703 1400 2757 divina
1436 2701 1716 2771 Scriptura
1739 2715 1860 2755 eum
1923 2715 2018 2754 ac-

443 2801 594 2870 cipit.
616 2799 809 2866 Quare.
829 2795 1023 2851 alicubi
1055 2796 1122 2850 ad
1155 2794 1336 2850 Mosen
1361 2795 1489 2850 dicit
1533 2794 1674 2849 Deus
1701 2811 1723 2849 ς
1751 2811 1770 2844 ‹
1803 2791 1870 2847 Et
1891 2807 2018 2848 ecce

443 2904 542 2960 ego
571 2889 753 2957 accepi
795 2887 1011 2941 Levitas
1050 2901 1145 2955 pro
1183 2885 1437 2940 omnibus
1482 2885 1608 2940 filiis
1653 2883 1840 2950 Israel,
1879 2885 2019 2938 dono

445 2983 557 3035 dati
594 2990 724 3035 sunt
754 2979 884 3034 mihi
920 2980 987 3034 °'.
1023 2996 1041 3030 ι
1079 2977 1339 3046 Quocirca
1369 2977 1502 3032 nihil
1551 2977 1808 3032 adversus
1853 2977 2015 3031 deco-

445 3087 564 3127 rum
589 3081 776 3142 peccat
797 3071 989 3136 oratio,
1015 3085 1112 3140 pro
1140 3069 1285 3124 omni
1322 3068 1518 3138 populo
1550 3069 1881 3122 sacerdotem
1927 3083 2016 3121 ac-

2111 607 2476 662 ἀντικεῐσθαι
2510 603 2688 671 αὐτῷ.
2731 601 2840 656 Kal
2871 595 3002 654 εἷπε
3044 599 3192 664 πρὸς
3227 597 3333 650 τὸν
3374 595 3686 649 διάϐολον-ι

2127 696 2498 766 Ἐπιτιμήσαι
2524 697 2743 764 Κύριος
2779 693 2849 746 ἐν
2891 690 3012 753 σοὶ,
3058 687 3318 749 διάϐολε,
3367 687 3462 740 καί
3505 687 3689 740 ἐπιτι-

2106 795 2300 861 μῆσαι
2345 791 2415 844 ἐν
2461 789 2564 843 σοί
2607 791 2639 841 ὁ
2675 783 3072 854 ἐκλεξάμενος
3119 781 3233 850 τὴν
3276 777 3688 848 Ἰερουσαλήμ.

2126 888 2246 938 Οὐκ
2313 881 2440 936 ἰδοὺ
2495 880 2669 934 τοῦτο
2734 879 2813 943 ὼς
2867 875 3052 941 δαλὸς
3118 869 3571 940 ἐξεσπασμένος
3624 870 3692 923 ἐκ

2115 975 2304 1042 πυρός
2329 991 2346 1037 ;

2187 1067 2285 1119 ῘΖ’.
2331 1066 2558 1135 ’Ὀρασις
2612 1061 2711 1130 μὲν
2757 1059 2820 1112 τὸ
2865 1057 3132 1129 διήγημα.
3174 1055 3315 1125 πλὴν
3369 1054 3482 1123 ἔχει
3531 1051 3692 1121 λόγον

2116 1155 2425 1227 ἱστορικὸν,
2477 1148 2889 1220 αἰνιγματωδῶς
2943 1146 3316 1208 εἰσϐάλλοντα,
3375 1145 3467 1198 καί
3515 1143 3588 1206 ὼς
3635 1144 3692 1196 ἐν

2117 1247 2285 1301 εἰκόνι
2329 1245 2490 1298 πάλιν
2516 1243 2594 1314 τῷ
2643 1239 2817 1312 Ἰησοῦ
2864 1237 3460 1310 προσδιαγραφόμενον.
3498 1235 3694 1288 ’ἰστέον

2117 1339 2194 1402 δὲ,
2227 1339 2308 1391 ὅτι
2337 1336 2446 1390 τῶν
2489 1337 2547 1389 ἐν
2568 1337 2688 1398 ταῖς
2711 1335 2968 1404 ὁράσεσιν
2992 1333 3070 1396 εἰς
3095 1331 3268 1402 πέρας
3295 1328 3694 1400 ἐκϐεϐηκότων,

2117 1433 2245 1494 τοὺς
2269 1431 2400 1502 περὶ
2422 1429 2601 1484 αὐτῶν
2623 1431 2652 1482 ὁ
2673 1428 2957 1500 προφήτης
2981 1427 3214 1479 ποιεῖται
3238 1423 3447 1491 λόγους.
3481 1423 3695 1476 Εἰκαιο-

2123 1523 2295 1594 μυθὴς
2331 1523 2388 1576 δὲ
2431 1519 2704 1592 οὐδαμῶς,
2738 1518 2859 1572 οὐδὲ
2891 1516 2996 1588 μὴν
3023 1516 3249 1570 κατόπιν
3275 1515 3385 1568 τῶν
3411 1513 3695 1585 ἐπιτηδευ-

2124 1617 2307 1686 μάτων
2366 1614 2620 1686 έρχεται,
2671 1612 2766 1666 καὶ
2829 1609 3098 1680 περιττῶν
3155 1611 3286 1679 ἡμῖν
3345 1605 3697 1678 διηγημάτων

2124 1706 2349 1779 σωρεύει
2393 1706 2582 1778 ὄχλον·
2626 1704 2767 1768 ἀλλ’,
2799 1703 2876 1767 ὡς
2913 1701 3069 1772 ἔφην,
3115 1702 3176 1753 ἐν
3216 1701 3411 1770 ἀρχαῖς
3453 1697 3558 1769 πρὸ
3587 1696 3695 1750 τῶν

2123 1800 2458 1868 πραγμάτων
2480 1795 2732 1850 τεθέαται
2767 1793 2961 1854 ταῦτα,
2993 1791 3086 1845 καί
3119 1789 3484 1858 ἀπαγγέλλειν
3528 1788 3696 1841 ποιεῖ-

2117 1907 2209 1943 ται
2251 1890 2382 1961 περὶ
2419 1887 2638 1952 πολλοῦ,
2666 1880 2844 1956 ’σοφόν
2870 1903 2928 1940 τε
2954 1885 3049 1940 καὶ
3073 1883 3287 1954 ἀσφαλῆ
3317 1881 3577 1945 καθιστὰς
3602 1881 3694 1934 τὸν

2132 1982 2366 2054 Ἰσραὴλ,
2411 1982 2498 2035 ἵνα
2541 1981 2616 2053 μὴ
2659 1982 2774 2044 τοῖς
2825 1980 2960 2042 ῐσοις
3008 1977 3312 2048 πταίσμασι
3358 1972 3693 2046 περιπεσὼν,

2119 2076 2272 2147 ἁλοίη
2307 2075 2401 2129 καί.
2426 2073 2696 2145 δεύτερον,
2722 2072 2897 2136 εἰδὼς,
2931 2073 3012 2125 ὅτι
3045 2070 3310 2124 σέσωσται
3345 2067 3480 2139 μετά
3506 2068 3693 2132 πόνου,

2119 2168 2214 2222 καὶ
2270 2167 2550 2237 μονονουχὶ
2598 2166 2817 2236 φροντὶς
2858 2165 3049 2235 γέγονε
3109 2162 3205 2217 καὶ
3244 2164 3357 2226 τοῖς
3393 2163 3451 2214 ἐν
3483 2159 3696 2232 οὐρανῷ

2119 2257 2370 2325 ἀγγέλοις
2415 2258 2446 2325 ἡ
2493 2255 2581 2309 ἐπ’
2615 2254 2763 2326 αὐτῷ
2806 2254 3072 2326 λύτρωσίς
3101 2270 3160 2306 τε
3192 2251 3288 2306 καὶ
3327 2250 3508 2323 χάρις.
3549 2250 3693 2325 Ἔφη

2118 2347 2330 2412 τοίνυν,
2368 2347 2448 2400 ὅτι
2488 2345 2740 2400 τεθέαται
2789 2345 2887 2416 μὲν
2926 2345 3136 2398 ἑστῶτα
3171 2344 3262 2397 τὸν
3297 2342 3564 2410 ἄγγελον(
3590 2340 3697 2412 πρὸ

2119 2443 2410 2513 προσώπου
2444 2439 2501 2493 δὲ
2537 2438 2702 2493 αὑτοῦ
2744 2439 2835 2492 τὸν
2881 2436 3088 2509 Ἰησοῦν
3131 2435 3228 2489 τὸν
3278 2433 3555 2498 Ἰωσεδὲκ,
3603 2433 3696 2486 τὸν

2121 2534 2272 2604 ἱερέα
2298 2533 2388 2585 τὸν
2425 2530 2618 2602 μέγαν.
2645 2529 2756 2584 Kal.
2793 2530 2823 2581 ὁ
2858 2529 2954 2599 μὲν
2982 2527 3213 2596 ἄγγελος
3248 2529 3329 2590 είς
3383 2526 3565 2580 εἰκόνα
3598 2525 3696 2578 xtl.

2122 2623 2294 2678 τύπον
2328 2625 2567 2693 εἱστήκει
2592 2619 2857 2692 Χριστοῦ’
2901 2620 2930 2672 ὁ
2975 2619 3032 2672 δέ
3064 2635 3128 2687 γε
3157 2618 3338 2691 ἱερεὺς
3384 2616 3598 2689 νοηθείη
3629 2615 3697 2670 ἂν

2120 2716 2243 2771 ἀντί
2287 2715 2488 2777 παντὸς
2521 2714 2614 2768 τοῦ
2647 2714 2777 2767 λαοῦ
2800 2730 2813 2744 ·
2850 2712 3181 2782 λαμϐάνεται
3218 2710 3326 2784 γὰρ
3357 2711 3499 2764 οὕτω
3546 2711 3694 2781 παρά

2120 2806 2242 2868 ταῖς
2281 2806 2454 2868 θείαις
2486 2806 2746 2875 Γραφαῖς.
2776 2803 2885 2857 Kal.
2914 2802 3044 2870 γοῦν
3070 2801 3170 2871 ἔφη
3206 2818 3305 2855 που
3330 2800 3464 2872 πρὸς
3491 2802 3695 2855 Μωσέα

2121 2898 2290 2962 Θεόςσ
2330 2917 2347 2949 ι
2405 2897 2515 2950 Kal.
2566 2896 2672 2949 ἰδοῦ
2719 2895 2830 2964 ἐγὼ
2875 2896 3070 2965 εἴληφα
3121 2897 3248 2957 τοὺς
3295 2896 3526 2957 Λευῖτας
3575 2894 3696 2948 ἀντὶ

2119 2989 2333 3042 πάντων
2362 2987 2471 3040 τῶν
2504 2986 2634 3040 υἱῶν
2671 2985 2903 3057 Ἰσραὴλ,
2929 2984 3066 3054 δόμα
3095 2983 3366 3053 δεδομένοι
3390 2984 3495 3036 εἰσί
3524 3000 3635 3052 μοι.
3670 3003 3688 3034 ι

2123 3077 2381 3147 Ἔρχεται
2422 3075 2487 3147 δὴ
2515 3071 2608 3130 οὖν
2639 3078 2668 3128 ὁ
2696 3075 2852 3143 λόγος
2884 3076 3015 3145 ἡμῖν
3047 3075 3147 3127 οὐκ
3196 3074 3306 3127 ἀπὸ
3351 3073 3556 3127 σκοποῦ
3599 3072 3694 3126 τοῦ

442 3163 668 3232 cipiens.
691 3161 980 3230 Postquam
1027 3161 1170 3215 enim
1207 3158 1396 3226 Israel,
1429 3159 1586 3214 cultis
1623 3158 1779 3213 idolis
1803 3164 2018 3228 spretis-

2123 3168 2452 3240 πρέποντος,
2487 3167 2607 3221 ἀντὶ
2641 3166 2840 3230 παντὸς
2879 3165 2973 3218 τοῦ
3011 3163 3140 3218 λαοῦ
3173 3164 3264 3217 τὸν
3299 3164 3446 3234 ἱερέα
3478 3163 3698 3233 δεχομέ-

443 3272 549 3326 que
581 3257 790 3327 legibus
841 3271 938 3326 per
984 3253 1168 3309 Mosen
1212 3252 1356 3317 latis,
1411 3251 1649 3320 abiectus
1699 3261 1783 3307 est
1810 3267 1840 3305 a
1877 3253 2013 3306 facie

445 3346 562 3413 Dei,
590 3346 933 3412 postmodum
981 3344 1128 3414 justa
1173 3343 1226 3397 in
1252 3358 1373 3398 eum
1411 3344 1489 3396 ira
1511 3342 1741 3411 expleta,
1800 3343 2017 3397 miseri-

445 3439 628 3493 cordia
660 3452 689 3490 a
725 3436 834 3491 Deo
859 3445 943 3490 est
965 3435 1207 3499 allectus,
1243 3443 1298 3489 et
1339 3435 1515 3488 denuo
1546 3434 1613 3505 ad
1666 3443 2014 3502 conspectuin

445 3529 562 3598 eius
605 3537 907 3583 revocatus.
941 3527 1008 3581 Et
1037 3527 1159 3592 hoc,
1190 3526 1402 3596 opinor,
1423 3534 1526 3590 est,
1549 3526 1646 3580 sub
1673 3527 1904 3594 quodam
1941 3526 2018 3580 in—

449 3629 760 3692 legumento
795 3621 1102 3684 verborum,
1135 3627 1278 3673 stare
1301 3617 1636 3672 sacerdotem
1673 3627 1799 3672 ante
1823 3617 2016 3671 faciem

448 3713 624 3782 angeli
657 3711 891 3767 Domini.
923 3709 979 3763 In
1003 3710 1082 3764 ira
1110 3709 1307 3778 quippe
1393 3717 1691 3774 aversatur,
1747 3718 1802 3764 et
1833 3709 2020 3764 oculos

447 3816 690 3861 removet
729 3819 758 3857 a
787 3801 1278 3871 contemptoribus:
1312 3810 1498 3856 contra
1549 3801 1811 3855 miserans
1847 3803 2021 3854 intue-

448 3909 536 3952 tur
588 3906 642 3951 et
673 3896 911 3966 respicit.
936 3894 1072 3949 Hinc
1103 3903 1156 3948 et
1183 3893 1395 3949 divinus
1417 3892 1623 3948 Psaltes
1651 3897 1843 3948 orabat
1896 3896 1968 3949 ita
2001 3909 2015 3946 :

453 4008 472 4041 ι
507 3988 584 4042 Ne
613 3998 830 4042 avertas
863 3985 1054 4041 faciem
1082 3994 1226 4039 tuam
1261 3999 1290 4038 a
1324 3998 1432 4051 me,
1480 3995 1537 4039 et
1597 4000 1663 4040 ne
1692 3985 1923 4040 declines
1964 3985 2018 4040 in

448 4081 526 4136 ira
560 4097 589 4136 a
623 4095 777 4135 servo
809 4089 902 4133 tuo
929 4077 1027 4130 “.r
1065 4076 1132 4130 Et
1165 4077 1356 4131 iterum
1387 4092 1400 4128 :
1440 4095 1461 4128 ι
1499 4077 1726 4147 Respice
1753 4077 1808 4133 in
1831 4092 1935 4144 me,
1967 4087 2024 4133 et

447 4171 707 4226 miserere
728 4168 946 4223 mei"°.r
975 4166 1239 4221 Caeterum
1261 4175 1456 4239 natura
1483 4165 1746 4235 benignus
1787 4177 1842 4221 et
1860 4168 2022 4223 mise-

446 4263 619 4317 ricors
642 4261 782 4315 Deus
807 4259 1057 4315 lsraelem
1086 4273 1116 4312 a
1153 4267 1375 4328 peccato
1403 4257 1684 4314 liberabat.
1711 4257 1812 4324 Qui
1843 4267 2021 4314 autem

445 4353 500 4408 in
526 4353 652 4408 illud
680 4352 964 4406 induxerat
993 4350 1222 4405 Satanas
1251 4351 1449 4416 stabat,
1472 4351 1822 4406 nihilominus
1837 4352 2024 4407 adver-

446 4461 594 4510 sans,
614 4453 668 4499 et
683 4458 743 4498 se
762 4456 1037 4512 opponens
1055 4441 1150 4505 illi,
1177 4452 1230 4496 et
1252 4442 1508 4496 deserens
1525 4441 1672 4496 illum
1696 4443 1932 4512 insuper,
1947 4454 2022 4506 et,

2117 3274 2248 3319 νοις.
2303 3256 2520 3327 Ἐπειδὴ
2561 3256 2670 3326 γάρ
2701 3256 2922 3324 γέγονεν
2957 3257 2986 3309 ὁ
3036 3253 3254 3325 Ἰσραὴλ
3297 3257 3362 3308 ἐκ
3404 3255 3695 3324 προσώπου

2115 3346 2274 3411 Θεοῦ,
2326 3346 2702 3418 λελατρευκὼς
2747 3347 3007 3410 εἰδώλοις,
3054 3347 3146 3400 καί⁸
3195 3345 3356 3399 αὐτὸν
3401 3347 3458 3399 δὲ
3491 3346 3582 3399 τὸν
3611 3346 3699 3400 διὰ

2117 3439 2363 3502 Μωσέως
2405 3439 2679 3510 ἀτιμήσας
2707 3438 2892 3508 νόμον,
2922 3431 3040 3490 εἶτα
3072 3435 3454 3506 πληρωθείσης
3481 3437 3579 3506 τῆς
3611 3439 3696 3488 ἐπ’

2117 3531 2267 3602 αὐτῷ
2306 3531 2521 3594 δικαίας
2561 3530 2749 3602 ὀργῆς,
2781 3529 3004 3600 ὴλέηται
3041 3528 3192 3601 παρά
3233 3528 3390 3589 Θεοῦ,
3435 3528 3697 3599 κέκληταί

2117 3640 2176 3675 τε
2221 3622 2381 3676 πάλιν
2429 3623 2510 3685 εἰς
2549 3621 2672 3690 ὄψιν
2718 3621 2906 3674 αὑτοῦ.
2956 3621 3064 3674 Καὶ
3110 3619 3288 3686 τοῦτο,
3337 3617 3510 3690 οἶμαι,
3549 3622 3695 3674 ἐστὶν

2119 3711 2533 3782 αἰνιγματωδῶς
2574 3712 2634 3766 τὸ
2664 3712 2888 3766 ἑστάναι
2934 3711 3026 3764 τὸν
3071 3709 3220 3782 ἱερέα
3266 3710 3373 3781 πρὸ
3401 3710 3695 3782 προσώπου

2118 3805 2352 3874 ἀγγέλου
2384 3803 2610 3875 Κυρίου.
2673 3803 2758 3856 Ἐν
2795 3803 2930 3874 ὀργῇ
2978 3802 3082 3874 μὲν
3118 3801 3228 3874 γὰρ
3266 3803 3694 3874 ἀποστρέφεται,

2120 3897 2214 3951 καὶ
2239 3896 2564 3967 ἀποκομίζει
2588 3895 2715 3958 τοὺς
2747 3895 3062 3965 ὀφθαλμοὺς
3092 3895 3199 3948 τῶν
3229 3894 3497 3948 εἰωθότων
3525 3912 3698 3949 κατα-

2121 3991 2336 4059 φρονεῖν
2357 4003 2372 4018 ·
2405 3987 2688 4058 οἰκτείρων
2713 4003 2778 4055 γε
2811 3986 2917 4056 μὴν
2947 3986 3118 4056 ἐφορᾷ
3148 3986 3242 4038 καί
3285 3985 3692 4040 ἐπισκέπτεται.

2120 4082 2231 4134 Καὶ
2255 4078 2386 4148 γοῦν
2414 4081 2442 4132 ὁ
2471 4078 2754 4141 θεσπέσιος
2783 4077 3082 4147 Ψαλμῳδδς
3113 4080 3472 4149 προσηύχετο,
3491 4076 3662 4147 λέγων
3683 4094 3697 4107 ο

2127 4190 2144 4222 ι
2192 4171 2283 4242 Μὴ
2320 4169 2670 4241 ἀποστρέψῃς
2698 4169 2757 4222 τὸ
2797 4168 3088 4238 πρόσωπόν
3137 4185 3231 4222 σου
3280 4170 3374 4222 ἀπ’
3409 4169 3566 4237 ἐμοῦ,
3602 4171 3696 4223 καὶ

2128 4263 2203 4332 μὴ
2225 4261 2479 4334 ἐκκλίνῃς
2507 4263 2565 4313 ἐν
2592 4260 2727 4331 ὀργῇ
2767 4259 2876 4312 ἀπὸ
2898 4258 2996 4312 τοῦ
3023 4256 3209 4313 δούλου
3241 4277 3354 4313 σου.
3393 4279 3410 4310 ι
3442 4261 3553 4313 Καὶ
3591 4262 3697 4314 πά-

2123 4354 2204 4406 λιν
2224 4371 2238 4386 υ
2276 4373 2294 4404 ι
2340 4351 2660 4420 Ἐπίϐλεψον
2681 4350 2768 4404 ἐπ’
2794 4349 2914 4421 ἐμὲ,
2941 4351 3036 4404 καὶ
3063 4351 3285 4421 ἐλέησόν
3315 4369 3401 4422 με.
3439 4371 3457 4405 ι
3502 4352 3639 4405 Ἀλλ’
3667 4355 3695 4405 ὁ

2130 4444 2227 4514 μὲν
2268 4443 2427 4512 φύσει
2466 4442 2696 4513 χρηστὸς
2729 4441 2825 4495 καὶ
2870 4441 3261 4512 φιλοικτίρμων
3307 4443 3436 4506 Θεὸς
3468 4442 3694 4512 ἠλευθέ-

445 4537 588 4606 quod
621 4536 834 4604 quidem
862 4535 928 4589 ad
965 4534 1244 4588 arbitrium
1281 4549 1345 4588 ac
1383 4533 1712 4588 voluntatem
1749 4533 1915 4603 ipsius
1936 4544 2018 4587 at-

2126 4552 2222 4606 ρου
2267 4535 2364 4604 τῆς
2393 4534 2664 4605 ἁμαρτίας
2698 4533 2788 4587 τὸν
2830 4532 3063 4604 Ἰσραήλ.
3106 4533 3165 4584 '0
3189 4534 3246 4588 δέ
3279 4551 3342 4602 γε
3381 4537 3460 4599 εἰς
3490 4535 3694 4606 ταύτην

449 4629 671 4693 tinebat,
704 4627 1148 4689 misericordiam,
1178 4633 1234 4678 ut
1272 4625 1508 4694 peccatis
1531 4625 1774 4693 obnoxio]
1802 4634 1856 4680 et
1916 4625 2017 4679 int-

447 4718 664 4789 pietatis
693 4717 1011 4772 criminibus
1061 4715 1272 4770 irretito
1319 4724 1374 4770 et
1400 4715 1597 4770 nullius
1631 4715 1800 4785 frugis
1853 4716 2015 4771 tribui

447 4825 553 4864 non
593 4810 794 4863 sinens.
833 4825 852 4858 ι
879 4806 1070 4863 Stabat
1097 4807 1264 4872 enim,
1292 4807 1491 4874 inquit,
1516 4821 1579 4860 ac
1603 4807 1809 4861 dextris
1841 4806 2012 4875 eius,»

446 4900 680 4970 quodam
739 4898 898 4954 modo
935 4900 1155 4952 dextera
1182 4898 1508 4952 destruens:
1545 4911 1649 4950 non
1692 4898 1834 4950 enim
1885 4897 2017 4952 sini-

449 5003 587 5047 stras
618 5007 704 5046 res
735 5001 966 5054 nostras,
1002 4990 1096 5043 sed
1131 4989 1350 5044 dextras
1388 4996 1453 5058 et
1509 4987 1800 5043 laudabiles
1852 5004 2021 5059 oppu-

442 5093 592 5152 gnat.
620 5084 728 5138 Iloc
754 5082 1046 5152 contigisse
1067 5081 1282 5136 cuidam
1345 5081 1396 5133 in
1429 5079 1703 5134 Chrisutm
1730 5081 2016 5150 impiorum

368 5210 375 5220 .
445 5175 635 5229 beatus
669 5173 835 5227 David
875 5171 1139 5226 sentiebat
1187 5170 1374 5224 dicens
1406 5185 1420 5222 :
1450 5187 1468 5220 ι
1526 5168 1778 5224 Diabolus
1841 5179 1948 5225 stet
1987 5187 2017 5226 ε

445 5264 651 5318 dextris
689 5263 803 5331 ejus
833 5263 934 5318 τί.»
977 5259 1378 5316 Adversabatur
1411 5274 1536 5330 ergo
1582 5259 1815 5315 Satanas
1853 5279 1865 5314 :
1922 5263 2018 5316 sed

444 5351 621 5421 angeli
652 5367 782 5406 voce
817 5350 1210 5420 increpabatur.
1241 5347 1458 5402 Au'divit
1513 5349 1655 5404 enim
1691 5350 1956 5404 dicentem
1995 5370 2007 5405 :

449 5460 468 5493 ι
509 5439 752 5513 lncrepet
779 5442 1035 5497 Dominus
1084 5441 1136 5494 in
1165 5447 1238 5503 te,
1273 5438 1502 5506 diabole,
1537 5450 1593 5495 et
1622 5441 1864 5510 increpet
1905 5438 2013 5494 Do-

2125 4623 2478 4696 ἐμϐεϐληκὼς
2525 4625 2790 4688 Σατανᾶς,
2840 4625 3081 4694 εἱστήκει
3129 4625 3290 4678 πάλιν
3327 4628 3696 4698 ἀντικείμενος

2123 4733 2182 4769 τε
2215 4717 2310 4770 καὶ
2359 4715 2669 4781 ἀντεξάγων
2709 4717 2878 4788 αὐτῷ,
2914 4718 3008 4771 καί
3053 4718 3436 4787 καταγορεύων
3465 4719 3564 4780 ἔτι,
3600 4720 3697 4773 καὶ

2123 4806 2244 4859 ὅσον
2266 4807 2391 4877 ἥκει
2420 4809 2592 4860 εἰπεῖν
2625 4808 2704 4870 εἰς
2736 4807 2796 4860 τὸ
2821 4806 2968 4877 αὐτῷ
2993 4807 3203 4866 δοκοῦν,
3228 4808 3693 4879 κατοικτείρεσθαι

2137 4895 2212 4966 μὴ
2244 4897 2443 4964 ἀφιεὶς,
2489 4897 2564 4958 ὡς
2585 4897 2642 4949 ἐν
2664 4896 3114 4970 πλημμελ[ε]ἰαις
3137 4898 3285 4963 ὄντα,
3316 4900 3410 4952 καί⁵
3451 4902 3562 4961 τοῖς
3593 4900 3695 4970 τῆς

2120 4989 2438 5054 δυσσεϐείας
2469 4991 2806 5060 ἐγκλήμασιν
2835 4991 3172 5060 ἐνεχόμενον,
3197 4993 3291 5045 καὶ
3313 4991 3464 5045 οὐδὲν
3501 4991 3694 5062 ἔχοντα

2120 5081 2310 5145 δεξιόν.
2340 5081 2598 5152 Εἱστήκει
2629 5082 2757 5154 γὰρ,
2789 5082 2976 5152 φησὶν,
3017 5083 3080 5135 ὲκ
3117 5082 3305 5146 δεξιῶν
3338 5083 3524 5149 αὑτοῦ,
3566 5086 3695 5156 τρό-

2123 5189 2222 5227 πον
2260 5172 2382 5226 τινά
2417 5172 2710 5245 παραλύων
2736 5173 2803 5226 τὰ
2827 5172 3008 5239 δεξιά·
3040 5174 3268 5244 πολεμεῖ
3290 5173 3399 5244 γὰρ
3424 5175 3545 5245 οὐχί
3580 5180 3694 5240 τοῖς

2123 5267 2331 5326 σκαιοῖς
2384 5265 2540 5335 ήμῶν
2591 5265 2933 5334 πράγμασιν,
2989 5264 3126 5318 ἀλλά
3176 5267 3287 5328 τοῖς
3336 5265 3529 5330 δεξιοῖς
3595 5270 3694 5320 καί

2116 5355 2552 5424 ἐπαινουμένοις.
2577 5353 2848 5426 Τ[οι]οῦτό
2869 5369 2922 5407 τι
2961 5355 3158 5409 παθεῖν
3179 5349 3423 5426 ἐπηρᾶτό
3445 5373 3566 5409 τινα
3584 5357 3692 5410 τῶν

2115 5445 2195 5507 εἰς
2222 5444 2456 5514 Χριστὸν
2497 5445 2966 5518 δεδυσσεϐηκότων
3016 5449 3045 5500 ό
3095 5447 3362 5519 μακάριος
3393 5447 3575 5511 Δαϐὶδ,
3603 5448 3694 5500 λέ-

450 5533 625 5589 minus
659 5535 710 5589 in
739 5543 810 5599 te,
839 5533 932 5603 qui
955 5532 1116 5604 elegit
1150 5531 1506 5588 Jerusalem.»
1548 5531 1844 5588 Considera
1867 5532 2010 5589 enim

2120 5551 2226 5603 γων
2247 5552 2259 5563 ο
2298 5553 2316 5585 ι
2354 5535 2464 5589 Kal.
2491 5535 2734 5601 διάϐολος
2756 5539 2933 5609 στήτω
2955 5541 3019 5593 ἐκ
3041 5538 3230 5606 δεξιῶν
3257 5539 3442 5594 αὑτοῦ.
3487 5558 3506 5592 ι
3547 5541 3696 5594 ’Λντ-

441 5624 715 5699 quomodo
759 5624 902 5680 illico
943 5623 1053 5678 Deo
1099 5623 1349 5679 infestum
1389 5631 1444 5676 et
1497 5623 1746 5692 supernis
1793 5622 2011 5678 calculis

2120 5624 2293 5678 έκειτο
2329 5625 2508 5678 τοίνυν
2536 5629 2564 5680 ὁ
2593 5628 2858 5693 Σατανᾶς,
2891 5630 3030 5701 πλὴν
3058 5632 3353 5701 suscipito
3389 5630 3474 5685 διὰ
3508 5630 3691 5702 φωνῆς

516 5806 562 5842 ⁸⁸
587 5806 750 5863 Num.
787 5820 868 5872 ιιι,
899 5805 1067 5871 9,10.
1148 5806 1190 5834 ⁸⁹
1224 5803 1363 5858 Psal.
1397 5818 1538 5866 xxvi,
1570 5801 1622 5858 9.
1700 5802 1744 5835 ⁷⁸
1770 5803 1916 5859 Psal.
1948 5819 2095 5872 χειν,
2133 5803 2220 5860 16.

2295 5805 2336 5834 ⁷¹
2370 5803 2512 5859 Psal.
2545 5821 2693 5874 cvm,
2721 5811 2772 5864 6.
