4072 6370
376 434 446 489 -15
1183 433 1729 491 COMMENTARIUS
1768 434 1833 491 IN
1875 434 2270 490 ZACIMRIAM
2316 439 2751 496 PROPHETASI.
3551 450 3623 504 46

375 545 840 616 ἀγγέλου.Ἥκουε
873 547 980 618 γὰρ
1007 548 1274 618 λέγοντος·
1309 571 1327 602 ι
1369 551 1721 622 ’Ἐπιτιμήσαι
1750 553 1942 624 Κύριος

2056 553 2216 622 impie
2235 557 2581 613 obsistentem
2602 560 2916 614 ostenderit.
2938 559 3046 617 Deo
3071 561 3332 630 siquidem
3366 565 3623 621 miseran-

375 639 434 690 έν
486 637 588 702 σοὶ,
643 636 876 700 διάδολε,
923 640 1017 693 καὶ
1064 641 1386 712 ἐπιτιμῆσαι
1441 642 1644 714 Κύριος
1681 645 1740 697 ὲν
1781 644 1942 704 σοὶ,ό

2059 654 2111 698 te
2127 654 2180 700 et
2213 645 2466 702 Israelem
2478 649 2589 718 jam
2609 653 2840 719 peccatis
2867 652 3540 726 exsolvente,eligenteque
3563 669 3620 713 et

377 728 735 799 ἐκλεξάμενος
774 729 874 798 τὴν
916 729 1288 803 Ἰερουσαλήμ.
1339 752 1358 783 ι
1403 733 1590 806 ’Ἂθρει
1625 735 1752 806 γὰρ,
1799 736 1942 798 ὅπως

2053 737 2278 792 electam
2343 742 2595 796 reddente
2657 740 2989 811 Jerusalem,
3020 761 3274 804 accusare
3324 749 3488 822 674
3519 767 3622 806 non

378 824 640 894 θεομάχον
668 821 868 886 ἔδειξεν
889 821 1070 887 εὐθὺς,
1113 824 1205 876 καὶ
1237 827 1354 888 ταῖς
1375 824 1580 880 ἄνωθεν
1625 826 1825 895 ψήφοις
1855 828 1946 879 ἀν-

377 917 536 979 οσίως
589 914 1040 986 ἀντιπράττοντα.
1097 915 1238 968 Θεοῦ
1283 917 1392 986 γὰρ
1447 919 1809 988 οἱκτείροντος
1851 919 1945 972 καὶ

378 1001 808 1069 ἅπαλλάττοντος
853 1005 952 1076 ἤδη
1004 1005 1381 1077 πλημμελείας
1414 1009 1504 1060 τὸν
1549 1008 1787 1079 Ἰσραὴλ.
1835 1010 1948 1062 εἰσ-

378 1096 667 1168 δεξαμένου
695 1114 753 1148 τε
786 1097 879 1148 καὶ
911 1096 1206 1150 ἀπόλεκτσν
1227 1098 1328 1169 ἤδη
1363 1100 1680 1168 ποιουμένου
1716 1101 1813 1170 τὴν
1851 1101 1947 1153 Ἱε-

380 1187 677 1259 ρουσαλὴμ,
721 1186 1039 1259 κατηγορῶν
1067 1189 1128 1240 οὐ
1174 1189 1425 1254 παύεται,
1462 1191 1554 1244 καὶ
1601 1193 1947 1262 κατακρίνειν

378 1284 658 1355 ἀποτολμᾷ
703 1285 828 1346 τοὺς
874 1284 1227 1352 ἡλεημένους.
1275 1281 1484 1335 Οὐκοῦν
1527 1282 1820 1353 ἀκόρεστον
1867 1286 1946 1345 εἰς

377 1377 545 1446 ὀργὰς
571 1374 833 1444 διελέγχει
860 1374 925 1444 δὴ
953 1374 1126 1442 λέγων
1147 1389 1160 1402 ·
1195 1391 1214 1423 ι
1267 1373 1381 1425 Ούκ
1416 1373 1527 1425 ἰδοὺ
1556 1373 1712 1426 τοῦτο
1736 1372 1812 1436 ὡς
1839 1374 1946 1427 δα-

377 1467 464 1529 λ>ς
506 1466 908 1536 ἐξεσπασμένος
948 1468 1011 1519 ὲκ
1047 1466 1252 1536 πυρός;
1306 1484 1326 1517 s
1363 1465 1588 1534 Ὅμοιον
1634 1465 1744 1536 γὰρ
1782 1464 1858 1527 ὡς
1896 1466 1945 1518 εί

375 1558 520 1625 λέγοι
559 1559 754 1627 τυχόν·
790 1555 1260 1628 Πεπλημμέληκεν
1288 1556 1732 1628 ὁμολογουμένως
1777 1559 1806 1608 ό
1847 1557 1948 1610 Ἱσ-

380 1651 534 1720 ραὴλ,
561 1651 654 1704 καὶ
686 1652 805 1714 ταῖς
831 1652 950 1711 σαῖς
968 1649 1306 1719 φιλοψογίαις
1332 1649 1704 1719 ὲπεσχημένος
1727 1649 1940 1719 ὁρᾶται.

377 1743 517 1813 Πλὴν
543 1743 782 1796 έκτέτικε
821 1743 975 1805 δίκας
1002 1743 1064 1795 οὐ
1094 1741 1350 1811 μετρίως,
1386 1740 1581 1810 ἀνέτλη
1609 1740 1706 1804 τὰς
1733 1757 1942 1811 συμφο-

377 1835 494 1904 ράς,
530 1837 624 1888 καὶ
650 1834 956 1902 ἐξεσπάσθη
989 1834 1164 1904 μόλις,
1199 1833 1275 1896 ὡς
1306 1834 1370 1886 ἐκ
1409 1833 1581 1903 πυρὸς
1616 1833 1770 1896 δαλὸς
1809 1835 1940 1903 ἠμί-

2055 845 2261 898 cessat,
2307 843 2362 890 et
2395 835 2818 891 misericordiam
2865 839 3087 907 adeptos
3122 841 3382 898 damnare
3438 846 3618 900 attdet.

2052 920 2228 988 Quare
2247 924 2364 992 ejus
2391 926 2765 996 inexplebilem
2816 927 2952 982 iram
2989 930 3279 1002 redarguit,
3331 935 3578 1002 inquiens
3606 951 3621 987 :

2056 1031 2076 1063 ι
2115 1011 2304 1069 Nonne
2333 1029 2458 1070 ecce
2497 1017 2599 1071 hoc
2649 1029 2710 1072 ut
2769 1021 2929 1075 torris
2969 1032 3245 1080 extractus
3280 1040 3346 1080 ex
3389 1027 3560 1096 igne?
3598 1049 3618 1082 ι

2052 1099 2284 1157 Perinde
2336 1115 2420 1158 est
2477 1105 2618 1160 enim
2680 1121 2743 1162 ac
2783 1109 2827 1162 si
2863 1109 3006 1164 dicat
3063 1111 3332 1170 fortasse:
3371 1113 3621 1172 Peccavit

2049 1191 2214 1248 Israel
2279 1195 2598 1262 manifesto,
2655 1210 2708 1253 et
2769 1201 2874 1256 tuis
2933 1202 3396 1260 criminationibus
3454 1211 3622 1264 teneri

2049 1287 2278 1342 videtur.
2313 1289 2560 1343 Attamen
2595 1306 2699 1344 non
2739 1293 3081 1348 mediocriter
3109 1296 3325 1364 punitus
3353 1307 3459 1364 est,
3481 1300 3623 1355 cala-

2052 1377 2266 1433 mitates
2287 1380 2562 1445 sustinuit,
2593 1393 2647 1436 et
2683 1385 2766 1437 vix
2803 1393 2862 1439 ut
2892 1386 3054 1440 torris
3086 1387 3375 1444 semiustus
3401 1391 3468 1444 ab
3502 1393 3624 1462 igne

2049 1479 2322 1526 extractus
2349 1482 2434 1526 est
2464 1491 2478 1525 :
2507 1475 2586 1528 sic
2605 1475 2748 1528 enim
2785 1475 3113 1544 captivitatis
3166 1479 3616 1539 detrimentorum

2047 1571 2102 1615 et
2135 1563 2590 1620 incommodormn
2641 1568 2796 1636 quasi
2833 1568 3116 1639 imaginem
3156 1569 3384 1626 ellinxit.
3443 1574 3621 1640 Modo,

2049 1662 2102 1708 et
2130 1669 2274 1722 πει-ε
2291 1656 2507 1724 quidem
2547 1659 2880 1727 gravissima!
2912 1675 3163 1716 aerumnae
3206 1661 3621 1721 ﬂammameﬂu-

2050 1749 2146 1816 git.
2192 1749 2386 1803 Desine
2426 1749 2587 1817 igitur
2628 1750 2998 1804 misericordia
3061 1753 3306 1820 dignatas
3336 1769 3616 1812 accusare:

2054 1859 2072 1890 ι
2116 1841 2254 1895 Deus
2295 1842 2436 1894 enim
2488 1844 2532 1894 si
2572 1841 2865 1910 jnstilicat,
2916 1843 3038 1912 quis
3090 1853 3174 1899 est.
3225 1846 3314 1914 qni
3367 1854 3621 1900 condem-

375 1927 601 1995 φλεκτος
623 1943 636 1956 ·
663 1927 804 1978 οὕτω
834 1926 943 1996 γὰρ
975 1925 1042 1978 τὰ
1070 1927 1134 1976 ὲκ
1179 1926 1279 1993 τῆς
1319 1925 1691 1995 αἰχμαλωσίας
1718 1926 1942 1978 ἀπεικο-
1974 1925 2014 1978 Β
2044 1929 2241 1981 net"?
2276 1947 2294 1978 ι

373 2020 559 2070 νίσατο
599 2018 788 2089 βλάϐη.
835 2021 990 2089 Ἀρτι
1024 2018 1119 2070 καὶ
1163 2017 1315 2087 μόλις
1348 2018 1448 2086 τῆς
1487 2017 1787 2087 ἀνηκέστου
1833 2018 2208 2092 ταλαιπωρίας
2251 2021 2431 2091 διέδρα
2483 2021 2582 2090 τὴν
2627 2020 2820 2090 φλόγα.
2883 2022 3093 2076 Παῦσαι
3147 2023 3210 2094 δὴ
3252 2019 3344 2079 οὖν
3371 2025 3619 2092 ἐγκαλῶν

372 2116 479 2174 τοῖς
511 2113 862 2183 ἠλεημένοις·
900 2131 917 2161 ι
956 2111 1086 2174 Θεὸς
1112 2112 1218 2181 γὰρ
1252 2112 1280 2163 ό
1322 2111 1567 2174 δικαιῶν,
1598 2111 1680 2174 τίς
1718 2114 1747 2163 ό
1775 2112 2150 2184 κατακρίνων;
2198 2133 2217 2166 s

445 2202 552 2256 Kal
605 2201 840 2268 Ἰησοῦς
875 2197 952 2270 ἦν
999 2200 1395 2268 ἐνδεδυμένος
1447 2200 1646 2269 lucina
1681 2203 1942 2270 ῥυπαρὰ,

375 2295 465 2348 καὶ
528 2293 794 2358 είστήκει
848 2293 960 2359 πρὸ
1005 2292 1328 2359 προσώπου
1373 2292 1481 2344 τοῦ
1530 2277 1788 2362 ἀγγέλου
1838 2293 1944 2346 τοῦ

372 2385 610 2452 Κυρίου.
641 2382 747 2436 Καὶ
787 2383 1098 2450 ἀπεκρίθη,
1130 2383 1227 2435 καί
1259 2379 1389 2435 εἶπε
1421 2384 1569 2449 πρὸς
1605 2383 1746 2448 τοὺς
1769 2384 1944 2451 eatq-

373 2478 552 2540 κότας
579 2474 692 2542 πρὸ
715 2473 1036 2542 προσώπου
1065 2473 1272 2537 αὑτοῦ,
1305 2473 1498 2542 λέγων
1517 2491 1530 2505 ·
1573 2474 1839 2542 Ἀφέλετε
1875 2475 1948 2528 τὰ

374 2567 568 2634 ἱμάτια
608 2569 679 2621 τὰ
710 2566 953 2634 ῥυπαρὰ
978 2568 1078 2621 ἀπ’
1111 2566 1317 2619 αὑτοῦ.
1354 2567 1462 2620 Καὶ
1504 2563 1634 2619 εἷπε
1665 2567 1816 2634 πρὸς
1842 2569 1946 2620 αὐ-

373 2661 478 2712 τόν
497 2678 509 2690 ο
561 2659 705 2714 Ἰδοὺ
735 2661 1015 2730 ἀφῄρηκα
1047 2660 1153 2725 τὰς
1185 2660 1437 2728 ἀνομίας
1471 2677 1605 2712 σου.
1637 2659 1746 2713 Καὶ
1773 2659 1945 2713 ἐνδύ-

375 2769 518 2804 σατε
547 2752 731 2805 αὑτὸν
759 2753 1009 2819 ποδήρη,
1040 2753 1135 2804 καὶ
1161 2752 1393 2805 ἐπίθετε
1421 2751 1656 2819 κίδαριν
1679 2753 1944 2818 καθαρὰν

372 2846 467 2897 ἐπὶ
499 2845 613 2913 τὴν
645 2844 922 2914 κεφαλὴν
956 2843 1162 2897 αὐτοῦ.

443 2933 549 2985 III'.
592 2931 1027 3004 Παραδεχθέντος
1053 2931 1202 2994 ἅπαξ
1231 2932 1310 2994 εἰς
1336 2930 1395 2984 τὸ
1426 2931 1625 2993 παντὸς
1668 2930 1762 2984 τοῦ
1813 2929 1942 2984 λαοῦ

373 3021 663 3089 πρόσωπον
706 3020 801 3073 τοῦ
849 3021 1103 3091 λαχόντος
1129 3021 1452 3092 ἱερουργεῖν,
1481 3018 1694 3090 ἀπόχρη
1730 3019 1941 3080 λοιπὸν,

374 3109 621 3180 καθάπερ
667 3103 900 3179 ἐγῷμαι,
935 3108 1186 3162 τοσοῦτον
1245 3109 1438 3172 εἰπεῖν,
1467 3109 1548 3161 ὅτι
1597 3109 1666 3162 τά
1723 3108 1944 3180 ῥυπαρά

375 3199 641 3269 σύμϐολον
689 3202 755 3254 ἂν
803 3196 914 3253 εἷεν
959 3201 1057 3252 οὐκ
1109 3199 1427 3269 ἀσυμφανὲς
1468 3199 1568 3268 τῆς
1605 3199 1944 3268 ἀκαθαρσίας

372 3293 465 3345 τοῦ
514 3291 664 3346 λαοῦ.
716 3293 1200 3363 Κατημφιεσμένοι
1248 3291 1357 3361 γὰρ
1403 3291 1592 3361 ὥσπερ
1618 3294 1742 3354 ταῖς
1797 3291 1944 3361 σφῶν

373 3383 552 3437 αὐτῶν
595 3384 889 3454 ἁμαρτίαις
915 3426 930 3449 ,
983 3386 1077 3436 καὶ
1125 3383 1524 3436 δυσαπόνιπτον
1587 3381 1800 3452 ἔχοντες
1845 3387 1944 3455 τῆς

2123 2205 2282 2262 Vens.
2307 2205 2423 2260 3—5.
2461 2202 2532 2257 Et
2563 2206 2718 2259 Jesus
2741 2218 2852 2259 erat
2877 2207 3089 2261 indutus
3123 2209 3345 2263 uestibus
3363 2211 3614 2272 sordidis,

2044 2305 2092 2348 et
2122 2297 2290 2348 stabat
2321 2307 2438 2350 ante
2466 2297 2654 2365 faciem
2703 2298 2874 2366 angeli
2947 2296 3177 2352 Domini.
3240 2297 3307 2352 Et
3359 2303 3618 2370 respondit

2047 2389 2307 2458 (angelus)
2324 2400 2372 2440 et
2400 2389 2533 2442 dixit
2550 2392 2619 2442 ad
2648 2405 2734 2442 eos
2757 2389 3066 2458 quistabant
3093 2401 3212 2444 ante
3226 2391 3412 2460 faciem
3441 2410 3613 2456 suam,

2045 2477 2219 2531 dicens
2244 2496 2263 2534 :
2292 2478 2504 2548 Auferte
2565 2479 2872 2532 vestimenta
2903 2479 3120 2532 sordida
3150 2481 3215 2534 ab
3265 2498 3345 2534 eo.
3390 2482 3456 2536 Et
3480 2484 3615 2537 dixit

2045 2571 2113 2621 ad
2149 2586 2267 2623 eum
2297 2584 2316 2622 :
2343 2567 2480 2624 Ecce
2509 2570 2702 2624 abstuli
2764 2570 3073 2639 iniquitates
3113 2580 3252 2626 tuas.
3309 2573 3377 2626 Et
3415 2573 3617 2628 induite

2043 2676 2162 2713 eum
2212 2669 2344 2714 ueste
2373 2659 2548 2727 talari,
2583 2669 2632 2714 et
2661 2660 2904 2728 imponite
2926 2659 3146 2712 Cidarim
3174 2663 3420 2714 mundam
3465 2679 3618 2731 super

2045 2760 2196 2818 caput
2233 2747 2366 2818 ejus.

2113 2926 2298 2981 XVIII.
2330 2927 2620 2995 Assumpto
2650 2925 2819 2981 semel
2839 2927 3119 2982 sacerdote
3144 2928 3208 2982 ad
3238 2928 3402 2984 totius
3437 2932 3616 3001 populi

2044 3032 2328 3087 personam
2391 3017 2901 3086 representandam,
2953 3017 3089 3070 satis
3127 3028 3229 3082 est,
3261 3031 3319 3073 ut
3345 3022 3614 3089 existimo,

2044 3111 2296 3179 deinceps
2347 3111 2450 3164 hoc
2509 3118 2713 3163 tantum
2773 3109 2971 3174 dicere,
3020 3111 3233 3165 sordida
3299 3115 3616 3170 vestimenta

2043 3202 2342 3272 symbolum
2364 3203 2475 3255 sive
2504 3201 2759 3254 indicimn
2799 3215 2920 3255 esse
2949 3216 3105 3269 posse
3143 3201 3278 3256 haud
3310 3207 3616 3275 ambiguum

2045 3293 2397 3347 immunditiaz
2432 3291 2631 3361 populi.
2663 3290 2831 3357 Quasi
2861 3293 3004 3346 enim
3055 3293 3290 3362 peccatis
3330 3295 3440 3349 suis
3487 3313 3617 3350 con-

2048 3384 2222 3439 vestiti
2255 3392 2311 3438 et
2343 3383 2637 3452 impietatis
2666 3381 2905 3437 maculas
2930 3385 3016 3437 vix
3045 3383 3301 3440 eluendas
3335 3384 3613 3451 habentes,

373 3476 622 3538 ἀσεϐείας
658 3475 750 3528 τὸν
785 3475 994 3545 μῶμον,
1025 3475 1294 3528 διετέλουν
1327 3477 1384 3525 ὲν
1428 3473 1793 3545 αἰχμαλωσίᾳ,
1829 3491 1942 3527 ποι·

2057 3476 2418 3544 captivitatem
2458 3473 2780 3538 tolerabant,
2808 3475 3038 3529 miseriis
3080 3476 3307 3544 subjecti
3331 3485 3386 3532 et
3413 3478 3616 3532 nefarie

373 3568 486 3628 ναῖς
517 3565 965 3635 ὑπενηνεγμένοι,
985 3565 1080 3617 καὶ
1107 3564 1216 3618 τῶν
1241 3563 1466 3628 ἀνοσίως
1491 3566 1676 3627 αὐτοῖς
1698 3565 1949 3635 πεπλημ-

377 3657 698 3727 μελημένων
737 3657 1118 3720 ἀποτιννύντες
1163 3657 1338 3720 δίκας.
1358 3657 1576 3727 Ἐπειδὴ
1607 3657 1665 3710 δὲ
1692 3659 1947 3729 κατηλέει

373 3749 504 3812 Θεδς
528 3789 542 3811 ,
579 3747 1017 3803 ἀπαλλάττεσθαι
1065 3749 1164 3820 τῆς
1214 3749 1484 3820 ἁμαρτίας
1540 3751 1943 3820 προστέταχεν,

372 3839 784 3909 ὲλευθεροῦσθαι
823 3841 929 3892 τῶν
975 3840 1258 3911 ῥυπαρῶν,
1309 3841 1403 3894 καὶ
1449 3841 1946 3911 μεταμφιέννυσθαι

372 3933 568 4003 τρόπον
599 3932 721 3983 τινὰ
753 3931 852 4002 τὴν
879 3931 1191 3984 δικαιοῠσαν
1221 3930 1401 4001 χάριν.
1432 3932 1738 3986 Κατανεύει
1761 3933 1817 3986 δὲ
1852 3934 1948 3986 αὖ-

370 4025 480 4082 τοίς
511 4019 606 4073 τοῦ
633 4020 796 4072 πόνου
825 4019 885 4072 τὸ
913 4021 1103 4089 πέρας,
1136 4020 1230 4073 καὶ
1261 4021 1369 4072 τῶν
1403 4020 1825 4090 συμϐεϐηκότων
1848 4021 1944 4092 τὴν

371 4115 724 4168 λύσιν,“’οπου
775 4114 884 4183 γὰρ
933 4113 1206 4186 ἁμαρτίας
1251 4114 1464 4182 ἄφεσις,
1496 4113 1684 4183 ἕψεταί
1725 4132 1828 4168 που
1852 4117 1945 4168 καὶ

370 4205 430 4256 τό
453 4205 890 4259 ἀπαλλάττεσθαι
919 4205 1028 4258 δεῖν
1057 4205 1168 4257 τῶν
1199 4205 1453 4275 διἀὐτὴν
1475 4205 1939 4276 ἐπενηνεγμένων.

370 4295 576 4348 Οὐκοῦν
622 4299 680 4350 ἒν
728 4297 963 4368 σχήματι
1019 4295 1154 4348 Θεοῦ
1209 4297 1322 4359 τοῖς
1375 4296 1630 4365 έστηκόσι
1679 4296 1774 4349 καὶ
1829 4296 1942 4349 λει-

370 4385 692 4456 τουργοῦσιν
737 4385 887 4456 αὑτῷ
929 4386 1295 4457 προστέταχεν
1337 4389 1366 4439 ὁ
1413 4387 1682 4457 μακάριος
1717 4387 1942 4455 ἄγγελος

370 4585 531 4639 φησιν
550 4586 565 4598 °
603 4589 620 4621 ι
643 4569 772 4623 Ἰδοὺ
805 4571 1065 4642 ἀφῄρηκα
1097 4570 1194 4634 τὰς
1222 4570 1450 4641 ἀνομίας
1485 4587 1601 4623 σου.
1623 4589 1641 4620 ι
1678 4566 1806 4624 Εἶτα
1835 4569 1942 4623 δεῖν

370 4663 472 4729 ἔφη
507 4661 715 4733 ποδήρη
760 4681 819 4715 τε
871 4663 1022 4734 αὐτῷ
1069 4661 1164 4716 καὶ
1192 4663 1404 4734 κίδαριν
1427 4662 1520 4716 ἐπὶ
1553 4664 1650 4734 τὴν
1697 4663 1941 4733 κεφαλὴν

367 4754 586 4824 δοθῆναι
631 4757 899 4828 καθαρὰν,
937 4758 1022 4811 ἴνα
1064 4758 1152 4810 διὰ
1197 4758 1387 4810 τούτου
1421 4757 1820 4826 νενομισμένως
1851 4755 1938 4808 ἀεί

371 4863 485 4910 πως
516 4848 782 4921 συντρέχῃ
812 4851 929 4912 ταῖς
962 4850 1069 4902 τῶν
1100 4849 1243 4901 λαῶν
1286 4849 1669 4912 καταστάσεσι,
1703 4849 1795 4900 καὶ
1838 4850 1937 4918 τῆς

371 4939 666 5010 ἱερωσύνης
711 4939 858 5003 δόξα.
894 4940 1167 5010 Καύχημα
1197 4940 1292 5008 μὲν
1325 4939 1434 5008 γὰρ
1469 4941 1578 5001 τοῖς
1607 4939 1929 5008 ίερουργοίς,

370 5033 402 5100 ἡ
427 5031 534 5083 τῶν
571 5016 676 5082 ὗπδ
710 5033 867 5100 χεῖρα
895 5029 1220 5102 καθαρότης,
1249 5031 1342 5082 καὶ
1373 5031 1428 5081 ἐν
1457 5028 1729 5100 λαμπροῖς
1768 5027 1936 5097 αὐχή-

372 5139 501 5191 μασι
530 5121 592 5173 τὸ
617 5122 714 5192 τῆς
747 5123 1044 5192 ἱερωσύνης
1072 5122 1288 5192 ἔχουσιν
1317 5120 1553 5184 εὐκλεὲς,
1589 5119 1936 5188 εὐδοκιμοῦν-

367 5230 454 5275 τος
485 5213 581 5265 τοῦ
612 5212 763 5274 λαοῦ,
794 5215 887 5266 καὶ
919 5214 1234 5284 ἀμωμήτως
1269 5213 1438 5274 ἰόντος
1491 5210 1584 5264 ἐπὶ
1617 5209 1677 5262 τὸ
1708 5209 1826 5278 Θεῷ
1851 5209 1934 5262 δο-

368 5304 515 5364 κοῦν,
535 5306 629 5356 καὶ
655 5305 924 5376 τρυφερὸν
954 5303 1316 5373 ὑποφέροντος
1332 5301 1422 5354 τὸν
1440 5301 1638 5369 αὐχένα
1665 5301 1773 5362 τοῖς
1795 5315 1907 5368 παρ
1923 5299 1937 5318 ’

369 5393 531 5446 αὑτοῦ
581 5394 930 5464 θεσπίσμασι,
959 5395 1210 5466 ταύτητοι
1257 5397 1349 5446 καὶ
1394 5391 1598 5463 εὐμενῆ
1646 5391 1740 5444 καὶ
1785 5391 1934 5458 φίλον

367 5485 576 5553 ἔχοντος
609 5483 700 5538 τὸν
734 5485 955 5555 Πατέρα
984 5485 1470 5554 Θεόν.Ὲπίκλημα
1495 5483 1551 5537 δὲ
1590 5484 1684 5536 καὶ
1721 5482 1932 5554 μῶμος,

369 5575 477 5625 τῶν
504 5574 927 5645 ὑπεζευγμένων
953 5579 986 5648 ἡ
1023 5575 1282 5648 ῥᾳθυμία,
1316 5575 1407 5630 καὶ
1429 5575 1490 5628 τὸ
1517 5574 1936 5642 ἀπερισκέπτως

369 5661 542 5714 [εσθαι
571 5664 705 5732 πρὸς
737 5665 798 5717 τὸ
826 5665 1379 5736 πλημμελές.”Ωσπερ
1414 5664 1521 5735 γὰρ
1550 5665 1607 5717 ὲν
1641 5663 1934 5736 ἁμαρτίαις

435 5843 479 5874 ⁷¹
509 5839 665 5896 Rom.
711 5857 827 5900 \‘llt,
858 5842 946 5896 54.

2051 3568 2458 3623 commissorum
2488 3581 2676 3635 pmnas
2706 3569 2931 3622 luentes.
2965 3566 3249 3636 Postquam
3293 3579 3471 3622 autem
3515 3571 3616 3623 nti.

2050 3671 2228 3715 sertus
2257 3670 2340 3714 est
2372 3661 2579 3725 Deus,a
2613 3669 2835 3727 peccato
2867 3659 3063 3712 liberos
3081 3674 3202 3714 esse
3229 3661 3520 3722 mandavit,
3559 3671 3614 3714 et

2048 3752 2172 3806 exui
2211 3751 2441 3804 sordidis
2469 3759 2521 3803 et
2549 3749 2695 3803 indui
2723 3751 2903 3818 aliquo
2939 3751 3096 3802 modo
3123 3749 3450 3815 justilicante
3489 3767 3612 3821 μσς

2050 3843 2144 3895 tia.
2186 3840 2364 3894 Innuit
2411 3849 2587 3891 autem
2623 3852 2782 3905 porro
2823 3838 2952 3904 ipsis
3008 3836 3248 3890 laborum
3291 3848 3344 3890 et
3389 3853 3609 3890 casuum

2051 3935 2230 3988 linem.
2267 3932 2367 3987 Ubi
2399 3944 2630 3999 namque
2672 3929 2964 3983 remittitur
2989 3939 3287 3995 peccatum,
3322 3929 3427 3984 illic
3447 3931 3608 3984 etiam

2049 4026 2287 4094 sequitur
2313 4022 2615 4077 necessario
2643 4021 2903 4074 malorum
2931 4028 3150 4089 propter
3189 4029 3462 4089 peccatum
3524 4021 3608 4074 in-

2047 4115 2313 4171 ﬂictorum
2340 4113 2606 4182 depulsio.
2643 4110 2820 4178 Quare
2853 4111 3069 4165 nomine
3097 4110 3186 4164 Dei
3213 4111 3512 4164 astantibus
3556 4121 3612 4164 et

2047 4205 2474 4262 ministrantibus
2503 4203 2601 4278 ipsi
2640 4203 2856 4255 mandat
2911 4202 3098 4254 beatus
3156 4199 3376 4268 angelus
3398 4200 3611 4254 auferre

2045 4297 2378 4367 inquinatam
2415 4303 2638 4354 vestem,
2666 4292 2953 4360 additque:
2981 4310 2998 4342 ι
3029 4289 3166 4345 Ecce
3198 4290 3389 4342 abstuli
3415 4290 3612 4358 iniqui~

2049 4396 2184 4439 tates
2219 4393 2360 4437 tuas.
2400 4401 2419 4434 ι
2456 4381 2656 4437 Deinde
2686 4381 2760 4433 ait
2788 4380 3198 4448 coeperiendum
3221 4390 3369 4432 veste
3425 4379 3606 4440 talari,

2042 4485 2098 4532 et
2139 4474 2362 4531 eidarim
2392 4475 2644 4529 mundam
2672 4472 3048 4539 imponendam
3074 4485 3234 4538 super
3257 4480 3416 4538 caput
3467 4469 3603 4537 ejus.

2044 4564 2200 4618 utita
2231 4563 2470 4633 legitime
2509 4575 2636 4614 cum
2668 4569 2810 4612 statu
2867 4559 3041 4628 populi
3095 4559 3385 4612 sacerdotii
3441 4562 3608 4627 gloria

2043 4669 2259 4722 semper
2290 4653 2587 4720 conspiret.
2619 4649 2884 4704 Gloriatio
2915 4649 3112 4717 quippe
3139 4649 3476 4702 sacerdounn
3527 4662 3611 4702 est

2042 4745 2403 4812 subiectorum
2435 4743 2728 4810 puritas.et
2753 4739 3254 4812 innocentia,675
3271 4752 3324 4794 et
3350 4742 3607 4796 honorem

2043 4836 2326 4891 sacerdotii
2357 4837 2438 4889 sui
2471 4833 2750 4902 splendido
2780 4833 2880 4887 sibi
2911 4843 3225 4885 ornamento
3248 4833 3607 4893 ducunt,cum

2043 4927 2270 4997 populus
2324 4919 2788 4988 I'érturlaudibus,
2820 4923 3064 4992 citraque
3118 4923 3605 4990 reprehensionem

2042 5023 2109 5075 ad
2133 5019 2224 5074 Dei
2257 5018 2586 5073 voluntatem
2642 5030 2764 5072 sese
2815 5015 3206 5076 accommodat,
3237 5013 3609 5084 delicatasque

2042 5111 2282 5166 cervices
2309 5109 2425 5175 ejus
2453 5107 2687 5163 oraculis
2711 5107 2998 5168 submittit,
3028 5114 3191 5173 atque
3229 5103 3296 5156 ob
3326 5116 3444 5155 eam
3479 5117 3608 5158 cau-

2040 5219 2154 5256 sam
2178 5203 2339 5256 Deum
2362 5200 2576 5255 Patrem
2606 5200 2836 5253 amicum
2867 5198 2967 5252 sibi
2987 5211 3050 5250 ac
3077 5193 3390 5250 benevolum
3423 5193 3606 5248 habet.

2041 5294 2238 5351 Contra
2270 5291 2594 5361 vituperatio
2621 5302 2674 5343 et
2705 5289 2994 5359 ignominia
3027 5289 3234 5341 illormn
3282 5292 3365 5340 est
3419 5284 3605 5353 subje-

2041 5396 2248 5441 ctoruin
2275 5385 2608 5448 socordia,et
2632 5382 2764 5437 caci
2793 5383 3026 5449 impetus
3051 5379 3115 5431 ad
3151 5378 3501 5445 peccandum.
3533 5376 3608 5432 Ut

2041 5479 2184 5534 enim
2209 5477 2403 5549 populo
2429 5475 2666 5546 peccatis
2690 5474 2952 5529 obstricto
2969 5472 3184 5527 sordida
3208 5469 3606 5537 quodammodo

2042 5577 2196 5623 erant
2253 5578 2306 5623 et
2359 5565 2657 5622 sacerdotis
2711 5563 3054 5627 vestimenta,
3107 5561 3184 5616 sic
3222 5560 3312 5615 ubi
3389 5575 3602 5614 rursum

2043 5657 2261 5727 probari
2288 5655 2650 5719 consueverit,
2681 5667 2872 5724 purum
2909 5651 3014 5708 erit
3043 5660 3095 5706 et
3125 5651 3470 5722 conspicuum
3514 5665 3608 5706 sa.
