  <div class='ocr_page' id='page_1' title='image "/cluster/home/n/w/nwhite01/storage/ocr_20150623/72/nnc1.0046980300/029.png"; bbox 0 0 4072 6370; ppageno 0'>
   <div class='ocr_carea' id='block_1_1' title="bbox 423 383 3664 448">
    <p class='ocr_par' dir='ltr' id='par_1_1' title="bbox 423 383 3664 448">
     <span class='ocr_line' id='line_1_1' title="bbox 423 383 3664 448; baseline -0.003 -1"><span class='ocrx_word' id='word_1_1' title='bbox 423 394 492 448; x_wconf 67' lang='grc'><strong>47</strong></span> <span class='ocrx_word' id='word_1_2' title='bbox 1441 389 1497 444; x_wconf 89' lang='lat' dir='ltr'><strong>S.</strong></span> <span class='ocrx_word' id='word_1_3' title='bbox 1538 386 1812 444; x_wconf 72' lang='lat' dir='ltr'><strong>CYRILLI</strong></span> <span class='ocrx_word' id='word_1_4' title='bbox 1854 383 2322 444; x_wconf 73' lang='lat' dir='ltr'><strong>ALEXANDRINI</strong></span> <span class='ocrx_word' id='word_1_5' title='bbox 2360 383 2678 442; x_wconf 78' lang='lat' dir='ltr'><strong>ARCHIEP.</strong></span> <span class='ocrx_word' id='word_1_6' title='bbox 3594 389 3664 443; x_wconf 80' lang='lat' dir='ltr'><strong>ts</strong></span> 
     </span>
    </p>
   </div>
   <div class='ocr_carea' id='block_1_2' title="bbox 419 499 1989 578">
    <p class='ocr_par' dir='ltr' id='par_1_2' title="bbox 419 505 1978 576">
     <span class='ocr_line' id='line_1_2' title="bbox 419 505 1978 576; baseline -0.002 -14"><span class='ocrx_word' id='word_1_7' title='bbox 419 506 648 562; x_wconf 74' lang='lat' dir='ltr'><strong>cerdotii</strong></span> <span class='ocrx_word' id='word_1_8' title='bbox 685 519 898 570; x_wconf 83' lang='lat' dir='ltr'><strong>munus,</strong></span> <span class='ocrx_word' id='word_1_9' title='bbox 953 505 1280 575; x_wconf 83' lang='lat' dir='ltr'><strong>multamque</strong></span> <span class='ocrx_word' id='word_1_10' title='bbox 1338 506 1481 576; x_wconf 85' lang='lat' dir='ltr'><strong>apud</strong></span> <span class='ocrx_word' id='word_1_11' title='bbox 1521 506 1684 559; x_wconf 90' lang='lat' dir='ltr'><strong>Deum</strong></span> <span class='ocrx_word' id='word_1_12' title='bbox 1729 507 1978 560; x_wconf 83' lang='lat' dir='ltr'><strong>liduciam</strong></span> 
     </span>
    </p>
   </div>
   <div class='ocr_carea' id='block_1_3' title="bbox 2088 499 3656 578">
    <p class='ocr_par' dir='ltr' id='par_1_3' title="bbox 2088 499 3656 578">
     <span class='ocr_line' id='line_1_3' title="bbox 2088 499 3656 578; baseline 0 -20"><span class='ocrx_word' id='word_1_13' title='bbox 2088 506 2231 568; x_wconf 69' lang='grc' dir='ltr'>Βντος</span> <span class='ocrx_word' id='word_1_14' title='bbox 2262 503 2358 559; x_wconf 86' lang='grc' dir='ltr'><strong>τοῦ</strong></span> <span class='ocrx_word' id='word_1_15' title='bbox 2393 505 2546 568; x_wconf 88' lang='grc' dir='ltr'>λαοῦ,</span> <span class='ocrx_word' id='word_1_16' title='bbox 2583 504 2802 575; x_wconf 80' lang='grc' dir='ltr'>ῥυπαρά</span> <span class='ocrx_word' id='word_1_17' title='bbox 2831 520 2946 566; x_wconf 82' lang='grc' dir='ltr'><strong>πως</strong></span> <span class='ocrx_word' id='word_1_18' title='bbox 2972 499 3040 574; x_wconf 81' lang='grc' dir='ltr'>ἦν</span> <span class='ocrx_word' id='word_1_19' title='bbox 3078 505 3173 559; x_wconf 69' lang='grc' dir='ltr'>καὶ</span> <span class='ocrx_word' id='word_1_20' title='bbox 3217 506 3284 560; x_wconf 73' lang='grc' dir='ltr'><strong>τά</strong></span> <span class='ocrx_word' id='word_1_21' title='bbox 3332 506 3423 559; x_wconf 84' lang='grc' dir='ltr'><strong>τοῦ</strong></span> <span class='ocrx_word' id='word_1_22' title='bbox 3463 508 3656 578; x_wconf 77' lang='grc' dir='ltr'>ίερέως</span> 
     </span>
    </p>
   </div>
   <div class='ocr_carea' id='block_1_4' title="bbox 419 596 1988 668">
    <p class='ocr_par' dir='ltr' id='par_1_4' title="bbox 419 596 1988 668">
     <span class='ocr_line' id='line_1_4' title="bbox 419 596 1988 668; baseline -0.001 -14"><span class='ocrx_word' id='word_1_23' title='bbox 419 599 702 654; x_wconf 89' lang='lat' dir='ltr'><strong>obtinebit.</strong></span> <span class='ocrx_word' id='word_1_24' title='bbox 767 597 1130 663; x_wconf 76' lang='lat' dir='ltr'><strong>Quamobrem</strong></span> <span class='ocrx_word' id='word_1_25' title='bbox 1187 597 1402 651; x_wconf 84' lang='lat' dir='ltr'><strong>divinus</strong></span> <span class='ocrx_word' id='word_1_26' title='bbox 1461 596 1682 662; x_wconf 82' lang='lat' dir='ltr'><strong>Paulus,</strong></span> <span class='ocrx_word' id='word_1_27' title='bbox 1744 598 1988 668; x_wconf 75' lang='lat' dir='ltr'><strong>gentibus</strong></span> 
     </span>
    </p>
   </div>
   <div class='ocr_carea' id='block_1_5' title="bbox 421 689 1990 760">
    <p class='ocr_par' dir='ltr' id='par_1_5' title="bbox 421 689 1990 760">
     <span class='ocr_line' id='line_1_5' title="bbox 421 689 1990 760; baseline -0.001 -14"><span class='ocrx_word' id='word_1_28' title='bbox 421 691 624 746; x_wconf 75' lang='lat' dir='ltr'><strong>Christi</strong></span> <span class='ocrx_word' id='word_1_29' title='bbox 651 705 808 746; x_wconf 83' lang='lat' dir='ltr'><strong>sacro</strong></span> <span class='ocrx_word' id='word_1_30' title='bbox 842 689 1131 760; x_wconf 82' lang='lat' dir='ltr'><strong>Evangelia</strong></span> <span class='ocrx_word' id='word_1_31' title='bbox 1157 689 1485 756; x_wconf 83' lang='lat' dir='ltr'><strong>ministrata,</strong></span> <span class='ocrx_word' id='word_1_32' title='bbox 1540 705 1662 744; x_wconf 91' lang='lat' dir='ltr'><strong>cum</strong></span> <span class='ocrx_word' id='word_1_33' title='bbox 1697 704 1762 744; x_wconf 79' lang='lat' dir='ltr'><strong>ex</strong></span> <span class='ocrx_word' id='word_1_34' title='bbox 1817 691 1990 744; x_wconf 88' lang='lat' dir='ltr'><strong>incre-</strong></span> 
     </span>
    </p>
   </div>
   <div class='ocr_carea' id='block_1_6' title="bbox 425 780 1989 840">
    <p class='ocr_par' dir='ltr' id='par_1_6' title="bbox 425 780 1989 840">
     <span class='ocr_line' id='line_1_6' title="bbox 425 780 1989 840; baseline -0.001 -4"><span class='ocrx_word' id='word_1_35' title='bbox 425 782 619 836; x_wconf 82' lang='lat' dir='ltr'><strong>mentis</strong></span> <span class='ocrx_word' id='word_1_36' title='bbox 649 783 714 835; x_wconf 89' lang='lat' dir='ltr'><strong>ad</strong></span> <span class='ocrx_word' id='word_1_37' title='bbox 743 781 992 836; x_wconf 85' lang='lat' dir='ltr'><strong>virtutem</strong></span> <span class='ocrx_word' id='word_1_38' title='bbox 1025 795 1123 840; x_wconf 86' lang='lat' dir='ltr'><strong>eos</strong></span> <span class='ocrx_word' id='word_1_39' title='bbox 1159 781 1514 836; x_wconf 80' lang='lat' dir='ltr'><strong>inclarescere</strong></span> <span class='ocrx_word' id='word_1_40' title='bbox 1537 793 1591 836; x_wconf 89' lang='lat' dir='ltr'><strong>et</strong></span> <span class='ocrx_word' id='word_1_41' title='bbox 1621 781 1668 834; x_wconf 89' lang='lat' dir='ltr'><strong>ei</strong></span> <span class='ocrx_word' id='word_1_42' title='bbox 1701 781 1852 834; x_wconf 81' lang='lat' dir='ltr'><strong>ﬁrma</strong></span> <span class='ocrx_word' id='word_1_43' title='bbox 1886 780 1989 834; x_wconf 52' lang='lat' dir='ltr'><strong>title</strong></span> 
     </span>
    </p>
   </div>
   <div class='ocr_carea' id='block_1_7' title="bbox 425 872 1988 942">
    <p class='ocr_par' dir='ltr' id='par_1_7' title="bbox 425 872 1988 942">
     <span class='ocr_line' id='line_1_7' title="bbox 425 872 1988 942; baseline -0.002 -15"><span class='ocrx_word' id='word_1_44' title='bbox 425 875 687 929; x_wconf 64' lang='lat' dir='ltr'><strong>inhaerere</strong></span> <span class='ocrx_word' id='word_1_45' title='bbox 726 885 988 939; x_wconf 82' lang='lat' dir='ltr'><strong>cerneret,</strong></span> <span class='ocrx_word' id='word_1_46' title='bbox 1041 875 1109 927; x_wconf 86' lang='lat' dir='ltr'><strong>ita</strong></span> <span class='ocrx_word' id='word_1_47' title='bbox 1160 872 1417 928; x_wconf 69' lang='lat' dir='ltr'><strong>scribitu</strong></span> <span class='ocrx_word' id='word_1_48' title='bbox 1451 873 1675 941; x_wconf 81' lang='lat' dir='ltr'><strong>Propter</strong></span> <span class='ocrx_word' id='word_1_49' title='bbox 1718 873 1988 942; x_wconf 77' lang='lat' dir='ltr'><strong>gloriatio-</strong></span> 
     </span>
    </p>
   </div>
   <div class='ocr_carea' id='block_1_8' title="bbox 423 963 1989 1034">
    <p class='ocr_par' dir='ltr' id='par_1_8' title="bbox 423 963 1989 1034">
     <span class='ocr_line' id='line_1_8' title="bbox 423 963 1989 1034; baseline -0.003 -12"><span class='ocrx_word' id='word_1_50' title='bbox 423 981 548 1022; x_wconf 84' lang='lat' dir='ltr'><strong>nem</strong></span> <span class='ocrx_word' id='word_1_51' title='bbox 593 974 850 1028; x_wconf 83' lang='lat' dir='ltr'><strong>vestram,</strong></span> <span class='ocrx_word' id='word_1_52' title='bbox 901 964 1118 1029; x_wconf 79' lang='lat' dir='ltr'><strong>fratres,</strong></span> <span class='ocrx_word' id='word_1_53' title='bbox 1171 979 1331 1034; x_wconf 84' lang='lat' dir='ltr'><strong>quam</strong></span> <span class='ocrx_word' id='word_1_54' title='bbox 1367 964 1628 1018; x_wconf 87' lang='lat' dir='ltr'><strong>habemus</strong></span> <span class='ocrx_word' id='word_1_55' title='bbox 1665 966 1716 1016; x_wconf 91' lang='lat' dir='ltr'><strong>in</strong></span> <span class='ocrx_word' id='word_1_56' title='bbox 1764 963 1989 1018; x_wconf 90' lang='lat' dir='ltr'><strong>Domino</strong></span> 
     </span>
    </p>
   </div>
   <div class='ocr_carea' id='block_1_9' title="bbox 419 1055 1988 1126">
    <p class='ocr_par' dir='ltr' id='par_1_9' title="bbox 419 1055 1988 1126">
     <span class='ocr_line' id='line_1_9' title="bbox 419 1055 1988 1126; baseline -0.005 -10"><span class='ocrx_word' id='word_1_57' title='bbox 419 1060 629 1116; x_wconf 71' lang='lat' dir='ltr'><strong>Iesu&quot;.</strong></span> <span class='ocrx_word' id='word_1_58' title='bbox 658 1079 677 1112; x_wconf 69' lang='grc' dir='ltr'><strong>ι</strong></span> <span class='ocrx_word' id='word_1_59' title='bbox 709 1059 776 1114; x_wconf 80' lang='lat' dir='ltr'><strong>Et</strong></span> <span class='ocrx_word' id='word_1_60' title='bbox 810 1073 1060 1114; x_wconf 81' lang='lat' dir='ltr'><strong>rursum:</strong></span> <span class='ocrx_word' id='word_1_61' title='bbox 1086 1055 1397 1126; x_wconf 55' lang='lat' dir='ltr'><strong>(Gaudium</strong></span> <span class='ocrx_word' id='word_1_62' title='bbox 1435 1063 1491 1109; x_wconf 90' lang='lat' dir='ltr'><strong>et</strong></span> <span class='ocrx_word' id='word_1_63' title='bbox 1528 1068 1724 1108; x_wconf 82' lang='lat' dir='ltr'><strong>corona</strong></span> <span class='ocrx_word' id='word_1_64' title='bbox 1751 1069 1868 1108; x_wconf 87' lang='lat' dir='ltr'><strong>mea</strong></span> <span class='ocrx_word' id='word_1_65' title='bbox 1893 1068 1988 1108; x_wconf 84' lang='lat' dir='ltr'><strong>vos</strong></span> 
     </span>
    </p>
   </div>
   <div class='ocr_carea' id='block_1_10' title="bbox 420 1153 682 1207">
    <p class='ocr_par' dir='ltr' id='par_1_10' title="bbox 420 1153 682 1207">
     <span class='ocr_line' id='line_1_10' title="bbox 420 1153 682 1207; baseline -0.008 -3"><span class='ocrx_word' id='word_1_66' title='bbox 420 1153 550 1207; x_wconf 83' lang='lat' dir='ltr'><strong>estis</strong></span> <span class='ocrx_word' id='word_1_67' title='bbox 583 1153 649 1205; x_wconf 62' lang='grc'><strong>’⁸.</strong></span> <span class='ocrx_word' id='word_1_68' title='bbox 665 1171 682 1202; x_wconf 80' lang='lat' dir='ltr'><strong>t</strong></span> 
     </span>
    </p>
   </div>
   <div class='ocr_carea' id='block_1_11' title="bbox 493 1414 1992 1490">
    <p class='ocr_par' dir='ltr' id='par_1_11' title="bbox 493 1414 1992 1490">
     <span class='ocr_line' id='line_1_11' title="bbox 493 1414 1992 1490; baseline -0.006 -14"><span class='ocrx_word' id='word_1_69' title='bbox 493 1425 655 1480; x_wconf 69' lang='lat' dir='ltr'><strong>Vens.</strong></span> <span class='ocrx_word' id='word_1_70' title='bbox 686 1424 739 1486; x_wconf 83' lang='grc' dir='ltr'><strong>θ,</strong></span> <span class='ocrx_word' id='word_1_71' title='bbox 767 1421 894 1477; x_wconf 82' lang='grc' dir='ltr'>7.Ει</span> <span class='ocrx_word' id='word_1_72' title='bbox 928 1420 1144 1490; x_wconf 80' lang='lat' dir='ltr'><strong>angelus</strong></span> <span class='ocrx_word' id='word_1_73' title='bbox 1181 1417 1372 1471; x_wconf 79' lang='lat' dir='ltr'><strong>stabat.</strong></span> <span class='ocrx_word' id='word_1_74' title='bbox 1410 1414 1476 1468; x_wconf 80' lang='lat' dir='ltr'><strong>Et</strong></span> <span class='ocrx_word' id='word_1_75' title='bbox 1533 1423 1853 1469; x_wconf 73' lang='lat' dir='ltr'><strong>contestatus</strong></span> <span class='ocrx_word' id='word_1_76' title='bbox 1914 1421 1992 1467; x_wconf 76' lang='lat' dir='ltr'><strong>est-</strong></span> 
     </span>
    </p>
   </div>
   <div class='ocr_carea' id='block_1_12' title="bbox 421 1502 1987 1587">
    <p class='ocr_par' dir='ltr' id='par_1_12' title="bbox 421 1502 1987 1587">
     <span class='ocr_line' id='line_1_12' title="bbox 421 1502 1987 1587; baseline -0.01 -17"><span class='ocrx_word' id='word_1_77' title='bbox 421 1517 634 1587; x_wconf 78' lang='lat' dir='ltr'><strong>angeltts</strong></span> <span class='ocrx_word' id='word_1_78' title='bbox 671 1513 877 1569; x_wconf 87' lang='lat' dir='ltr'><strong>Domini</strong></span> <span class='ocrx_word' id='word_1_79' title='bbox 899 1513 968 1565; x_wconf 86' lang='lat' dir='ltr'><strong>ad</strong></span> <span class='ocrx_word' id='word_1_80' title='bbox 997 1509 1197 1573; x_wconf 70' lang='lat' dir='ltr'><strong>luunt,</strong></span> <span class='ocrx_word' id='word_1_81' title='bbox 1224 1508 1401 1561; x_wconf 84' lang='lat' dir='ltr'><strong>dicens</strong></span> <span class='ocrx_word' id='word_1_82' title='bbox 1429 1521 1449 1560; x_wconf 91' lang='lat'><strong><em>:</em></strong></span> <span class='ocrx_word' id='word_1_83' title='bbox 1467 1503 1599 1560; x_wconf 58' lang='lat' dir='ltr'><strong>Han:</strong></span> <span class='ocrx_word' id='word_1_84' title='bbox 1630 1504 1756 1558; x_wconf 85' lang='lat' dir='ltr'><strong>dicit</strong></span> <span class='ocrx_word' id='word_1_85' title='bbox 1806 1502 1987 1556; x_wconf 89' lang='lat' dir='ltr'><strong>Domi-</strong></span> 
     </span>
    </p>
   </div>
   <div class='ocr_carea' id='block_1_13' title="bbox 421 1596 1988 1674">
    <p class='ocr_par' dir='ltr' id='par_1_13' title="bbox 421 1596 1988 1674">
     <span class='ocr_line' id='line_1_13' title="bbox 421 1596 1988 1674; baseline -0.009 -12"><span class='ocrx_word' id='word_1_86' title='bbox 421 1624 518 1662; x_wconf 87' lang='lat' dir='ltr'><strong>nus</strong></span> <span class='ocrx_word' id='word_1_87' title='bbox 551 1606 910 1674; x_wconf 73' lang='lat' dir='ltr'><strong>omnipotens:</strong></span> <span class='ocrx_word' id='word_1_88' title='bbox 939 1599 998 1656; x_wconf 87' lang='lat' dir='ltr'><strong>Si</strong></span> <span class='ocrx_word' id='word_1_89' title='bbox 1023 1603 1075 1654; x_wconf 86' lang='lat' dir='ltr'><strong>in</strong></span> <span class='ocrx_word' id='word_1_90' title='bbox 1101 1600 1197 1655; x_wconf 77' lang='lat' dir='ltr'><strong>viis</strong></span> <span class='ocrx_word' id='word_1_91' title='bbox 1230 1598 1352 1652; x_wconf 67' lang='lat' dir='ltr'><strong>meis</strong></span> <span class='ocrx_word' id='word_1_92' title='bbox 1396 1596 1988 1663; x_wconf 75' lang='lat' dir='ltr'><strong>ambulaveris,etpra:-</strong></span> 
     </span>
    </p>
   </div>
   <div class='ocr_carea' id='block_1_14' title="bbox 421 1687 1990 1767">
    <p class='ocr_par' dir='ltr' id='par_1_14' title="bbox 421 1687 1990 1767">
     <span class='ocr_line' id='line_1_14' title="bbox 421 1687 1990 1767; baseline -0.011 -13"><span class='ocrx_word' id='word_1_93' title='bbox 421 1714 566 1767; x_wconf 82' lang='lat' dir='ltr'><strong>cepta</strong></span> <span class='ocrx_word' id='word_1_94' title='bbox 602 1715 715 1753; x_wconf 80' lang='lat' dir='ltr'><strong>mea</strong></span> <span class='ocrx_word' id='word_1_95' title='bbox 760 1695 1121 1759; x_wconf 78' lang='lat' dir='ltr'><strong>custodiveris,</strong></span> <span class='ocrx_word' id='word_1_96' title='bbox 1195 1701 1244 1746; x_wconf 78' lang='lat' dir='ltr'><strong>et</strong></span> <span class='ocrx_word' id='word_1_97' title='bbox 1300 1703 1355 1744; x_wconf 88' lang='lat' dir='ltr'><strong>tu</strong></span> <span class='ocrx_word' id='word_1_98' title='bbox 1404 1687 1727 1760; x_wconf 85' lang='lat' dir='ltr'><strong>dijudicabis</strong></span> <span class='ocrx_word' id='word_1_99' title='bbox 1778 1687 1990 1740; x_wconf 82' lang='lat' dir='ltr'><strong>domum</strong></span> 
     </span>
    </p>
   </div>
   <div class='ocr_carea' id='block_1_15' title="bbox 2091 597 3666 671">
    <p class='ocr_par' dir='ltr' id='par_1_15' title="bbox 2091 597 3666 671">
     <span class='ocr_line' id='line_1_15' title="bbox 2091 597 3666 671; baseline 0.002 -22"><span class='ocrx_word' id='word_1_100' title='bbox 2091 597 2373 669; x_wconf 76' lang='grc' dir='ltr'><strong>ἐσθήματα</strong></span> <span class='ocrx_word' id='word_1_101' title='bbox 2393 615 2407 629; x_wconf 71' lang='grc' dir='ltr'><strong>ο</strong></span> <span class='ocrx_word' id='word_1_102' title='bbox 2429 599 2600 662; x_wconf 81' lang='grc' dir='ltr'>οὓτως</span> <span class='ocrx_word' id='word_1_103' title='bbox 2621 598 2870 661; x_wconf 85' lang='grc' dir='ltr'>είωθότος</span> <span class='ocrx_word' id='word_1_104' title='bbox 2900 598 3059 655; x_wconf 76' lang='grc' dir='ltr'>πάλιν</span> <span class='ocrx_word' id='word_1_105' title='bbox 3085 598 3414 669; x_wconf 60' lang='grc' dir='ltr'>εὐδοκιμεῖν,</span> <span class='ocrx_word' id='word_1_106' title='bbox 3428 600 3666 671; x_wconf 76' lang='grc' dir='ltr'>καθαρὸν</span> 
     </span>
    </p>
   </div>
   <div class='ocr_carea' id='block_1_16' title="bbox 2089 688 3667 764">
    <p class='ocr_par' dir='ltr' id='par_1_16' title="bbox 2089 688 3667 764">
     <span class='ocr_line' id='line_1_16' title="bbox 2089 688 3667 764; baseline 0 -24"><span class='ocrx_word' id='word_1_107' title='bbox 2089 688 2240 742; x_wconf 79' lang='grc' dir='ltr'>ἔσται</span> <span class='ocrx_word' id='word_1_108' title='bbox 2273 690 2369 742; x_wconf 75' lang='grc' dir='ltr'>καὶ</span> <span class='ocrx_word' id='word_1_109' title='bbox 2397 689 2655 758; x_wconf 82' lang='grc' dir='ltr'><strong>διαφανὲς</strong></span> <span class='ocrx_word' id='word_1_110' title='bbox 2687 690 2785 759; x_wconf 83' lang='grc' dir='ltr'><strong>τῆς</strong></span> <span class='ocrx_word' id='word_1_111' title='bbox 2817 690 3116 758; x_wconf 74' lang='grc' dir='ltr'><strong>ἱερωσύνης</strong></span> <span class='ocrx_word' id='word_1_112' title='bbox 3147 689 3209 742; x_wconf 82' lang='grc' dir='ltr'>τὸ</span> <span class='ocrx_word' id='word_1_113' title='bbox 3235 689 3424 761; x_wconf 78' lang='grc' dir='ltr'>χρῆμα</span> <span class='ocrx_word' id='word_1_114' title='bbox 3449 691 3548 764; x_wconf 62' lang='lat'><strong>(1},</strong></span> <span class='ocrx_word' id='word_1_115' title='bbox 3571 691 3667 744; x_wconf 78' lang='grc' dir='ltr'><strong>καὶ</strong></span> 
     </span>
    </p>
   </div>
   <div class='ocr_carea' id='block_1_17' title="bbox 2090 780 3664 853">
    <p class='ocr_par' dir='ltr' id='par_1_17' title="bbox 2090 780 3664 853">
     <span class='ocr_line' id='line_1_17' title="bbox 2090 780 3664 853; baseline 0.003 -22"><span class='ocrx_word' id='word_1_116' title='bbox 2090 781 2145 832; x_wconf 83' lang='grc' dir='ltr'>ὲν</span> <span class='ocrx_word' id='word_1_117' title='bbox 2197 780 2365 851; x_wconf 83' lang='grc' dir='ltr'>πολλῇ</span> <span class='ocrx_word' id='word_1_118' title='bbox 2405 780 2682 853; x_wconf 76' lang='grc' dir='ltr'>παρρησίᾳ</span> <span class='ocrx_word' id='word_1_119' title='bbox 2717 783 2782 852; x_wconf 82' lang='grc' dir='ltr'>τῇ</span> <span class='ocrx_word' id='word_1_120' title='bbox 2818 783 2967 851; x_wconf 83' lang='grc' dir='ltr'>παρὰ</span> <span class='ocrx_word' id='word_1_121' title='bbox 3013 781 3151 851; x_wconf 77' lang='grc' dir='ltr'>Θεῷ.</span> <span class='ocrx_word' id='word_1_122' title='bbox 3185 783 3292 834; x_wconf 83' lang='grc' dir='ltr'><strong>Καὶ</strong></span> <span class='ocrx_word' id='word_1_123' title='bbox 3327 781 3457 848; x_wconf 87' lang='grc' dir='ltr'>γοῦν</span> <span class='ocrx_word' id='word_1_124' title='bbox 3504 785 3531 834; x_wconf 84' lang='grc' dir='ltr'><strong>ὁ</strong></span> <span class='ocrx_word' id='word_1_125' title='bbox 3575 782 3664 837; x_wconf 77' lang='grc' dir='ltr'>θε-</span> 
     </span>
    </p>
   </div>
   <div class='ocr_carea' id='block_1_18' title="bbox 2092 869 3666 941">
    <p class='ocr_par' dir='ltr' id='par_1_18' title="bbox 2092 869 3666 941">
     <span class='ocr_line' id='line_1_18' title="bbox 2092 869 3666 941; baseline 0.004 -20"><span class='ocrx_word' id='word_1_126' title='bbox 2092 869 2314 934; x_wconf 90' lang='grc' dir='ltr'>σπέσιος</span> <span class='ocrx_word' id='word_1_127' title='bbox 2340 869 2550 934; x_wconf 81' lang='grc' dir='ltr'>Παῦλος</span> <span class='ocrx_word' id='word_1_128' title='bbox 2583 871 2946 941; x_wconf 74' lang='grc' dir='ltr'><strong>ἱερουργήσας</strong></span> <span class='ocrx_word' id='word_1_129' title='bbox 2988 874 3100 934; x_wconf 87' lang='grc' dir='ltr'>τοῖς</span> <span class='ocrx_word' id='word_1_130' title='bbox 3132 871 3305 924; x_wconf 78' lang='grc' dir='ltr'>ἔθνεσι</span> <span class='ocrx_word' id='word_1_131' title='bbox 3339 872 3399 925; x_wconf 73' lang='grc' dir='ltr'>τὸ</span> <span class='ocrx_word' id='word_1_132' title='bbox 3427 873 3666 940; x_wconf 78' lang='grc' dir='ltr'>Εὐαγγέ-</span> 
     </span>
    </p>
   </div>
   <div class='ocr_carea' id='block_1_19' title="bbox 2090 959 3668 1031">
    <p class='ocr_par' dir='ltr' id='par_1_19' title="bbox 2090 959 3668 1031">
     <span class='ocr_line' id='line_1_19' title="bbox 2090 959 3668 1031; baseline 0.003 -21"><span class='ocrx_word' id='word_1_133' title='bbox 2090 959 2204 1012; x_wconf 88' lang='grc' dir='ltr'>λιον</span> <span class='ocrx_word' id='word_1_134' title='bbox 2231 959 2326 1014; x_wconf 89' lang='grc' dir='ltr'><strong>τοῦ</strong></span> <span class='ocrx_word' id='word_1_135' title='bbox 2352 959 2611 1031; x_wconf 81' lang='grc' dir='ltr'><strong>Χριστοῦ,</strong></span> <span class='ocrx_word' id='word_1_136' title='bbox 2635 961 2728 1012; x_wconf 75' lang='grc' dir='ltr'><strong>καὶ</strong></span> <span class='ocrx_word' id='word_1_137' title='bbox 2751 962 2871 1019; x_wconf 88' lang='grc' dir='ltr'>ταῖς</span> <span class='ocrx_word' id='word_1_138' title='bbox 2907 962 2988 1024; x_wconf 80' lang='grc' dir='ltr'><strong>είς</strong></span> <span class='ocrx_word' id='word_1_139' title='bbox 3017 961 3077 1014; x_wconf 79' lang='grc' dir='ltr'><strong>τὸ</strong></span> <span class='ocrx_word' id='word_1_140' title='bbox 3097 961 3316 1030; x_wconf 84' lang='grc' dir='ltr'>ἄμεινον</span> <span class='ocrx_word' id='word_1_141' title='bbox 3367 962 3668 1015; x_wconf 74' lang='grc' dir='ltr'>ἐπιδόσεσιν</span> 
     </span>
    </p>
   </div>
   <div class='ocr_carea' id='block_1_20' title="bbox 2090 1050 3668 1123">
    <p class='ocr_par' dir='ltr' id='par_1_20' title="bbox 2090 1050 3668 1123">
     <span class='ocr_line' id='line_1_20' title="bbox 2090 1050 3668 1123; baseline 0.002 -20"><span class='ocrx_word' id='word_1_142' title='bbox 2090 1050 2509 1123; x_wconf 82' lang='grc' dir='ltr'>εὐδοκιμοῦντας</span> <span class='ocrx_word' id='word_1_143' title='bbox 2545 1051 2778 1121; x_wconf 82' lang='grc' dir='ltr'><strong>βλέπων,</strong></span> <span class='ocrx_word' id='word_1_144' title='bbox 2809 1053 2903 1108; x_wconf 61' lang='grc' dir='ltr'>καὶ</span> <span class='ocrx_word' id='word_1_145' title='bbox 2935 1051 3159 1122; x_wconf 75' lang='grc' dir='ltr'>βεϐαίαν</span> <span class='ocrx_word' id='word_1_146' title='bbox 3197 1053 3418 1122; x_wconf 76' lang='grc' dir='ltr'>ἔχοντας</span> <span class='ocrx_word' id='word_1_147' title='bbox 3444 1053 3541 1123; x_wconf 79' lang='grc' dir='ltr'>τὴν</span> <span class='ocrx_word' id='word_1_148' title='bbox 3570 1053 3668 1106; x_wconf 70' lang='grc' dir='ltr'>ἐπ’</span> 
     </span>
    </p>
   </div>
   <div class='ocr_carea' id='block_1_21' title="bbox 2089 1141 3670 1215">
    <p class='ocr_par' dir='ltr' id='par_1_21' title="bbox 2089 1141 3670 1215">
     <span class='ocr_line' id='line_1_21' title="bbox 2089 1141 3670 1215; baseline 0 -22"><span class='ocrx_word' id='word_1_149' title='bbox 2089 1141 2237 1210; x_wconf 81' lang='grc' dir='ltr'>αὐτῷ</span> <span class='ocrx_word' id='word_1_150' title='bbox 2287 1142 2490 1205; x_wconf 85' lang='grc' dir='ltr'>πίστιν,</span> <span class='ocrx_word' id='word_1_151' title='bbox 2518 1142 2819 1201; x_wconf 73' lang='grc' dir='ltr'><strong>ἐπιστέλλει</strong></span> <span class='ocrx_word' id='word_1_152' title='bbox 2851 1143 3053 1211; x_wconf 75' lang='grc' dir='ltr'>λέγων’</span> <span class='ocrx_word' id='word_1_153' title='bbox 3109 1163 3127 1201; x_wconf 76' lang='grc' dir='ltr'><strong>ς</strong></span> <span class='ocrx_word' id='word_1_154' title='bbox 3156 1143 3238 1214; x_wconf 82' lang='grc' dir='ltr'><strong>Νὴ</strong></span> <span class='ocrx_word' id='word_1_155' title='bbox 3262 1143 3362 1214; x_wconf 79' lang='grc' dir='ltr'>τὴν</span> <span class='ocrx_word' id='word_1_156' title='bbox 3393 1143 3670 1215; x_wconf 75' lang='grc' dir='ltr'><strong>ἡμετέραν</strong></span> 
     </span>
    </p>
   </div>
   <div class='ocr_carea' id='block_1_22' title="bbox 2090 1231 3668 1305">
    <p class='ocr_par' dir='ltr' id='par_1_22' title="bbox 2090 1231 3668 1305">
     <span class='ocr_line' id='line_1_22' title="bbox 2090 1231 3668 1305; baseline 0.003 -21"><span class='ocrx_word' id='word_1_157' title='bbox 2090 1235 2380 1302; x_wconf 82' lang='grc' dir='ltr'><strong>καύχησιν,</strong></span> <span class='ocrx_word' id='word_1_158' title='bbox 2408 1231 2643 1301; x_wconf 74' lang='grc' dir='ltr'>ἀδελφοὶ,</span> <span class='ocrx_word' id='word_1_159' title='bbox 2664 1234 2732 1304; x_wconf 76' lang='grc' dir='ltr'><strong>ἢν</strong></span> <span class='ocrx_word' id='word_1_160' title='bbox 2760 1234 2956 1304; x_wconf 78' lang='grc' dir='ltr'>ἔχομεν</span> <span class='ocrx_word' id='word_1_161' title='bbox 2987 1236 3044 1287; x_wconf 84' lang='grc' dir='ltr'><strong>ὲν</strong></span> <span class='ocrx_word' id='word_1_162' title='bbox 3065 1233 3250 1305; x_wconf 79' lang='grc' dir='ltr'>Κυρίῳ</span> <span class='ocrx_word' id='word_1_163' title='bbox 3271 1233 3467 1304; x_wconf 80' lang='grc' dir='ltr'>Ἰησοῦ.</span> <span class='ocrx_word' id='word_1_164' title='bbox 3502 1253 3520 1284; x_wconf 86' lang='grc'><strong><em>›</em></strong></span> <span class='ocrx_word' id='word_1_165' title='bbox 3561 1235 3668 1288; x_wconf 73' lang='grc' dir='ltr'><strong>Καὶ</strong></span> 
     </span>
    </p>
   </div>
   <div class='ocr_carea' id='block_1_23' title="bbox 2091 1323 3523 1395">
    <p class='ocr_par' dir='ltr' id='par_1_23' title="bbox 2091 1323 3523 1395">
     <span class='ocr_line' id='line_1_23' title="bbox 2091 1323 3523 1395; baseline 0.001 -21"><span class='ocrx_word' id='word_1_166' title='bbox 2091 1323 2282 1378; x_wconf 83' lang='grc' dir='ltr'>πάλιν·</span> <span class='ocrx_word' id='word_1_167' title='bbox 2326 1344 2345 1377; x_wconf 79' lang='lat' dir='ltr'><strong>t</strong></span> <span class='ocrx_word' id='word_1_168' title='bbox 2374 1325 2533 1395; x_wconf 73' lang='grc' dir='ltr'>Χαρὰ</span> <span class='ocrx_word' id='word_1_169' title='bbox 2570 1325 2663 1378; x_wconf 78' lang='grc' dir='ltr'><strong>καὶ</strong></span> <span class='ocrx_word' id='word_1_170' title='bbox 2695 1324 2955 1394; x_wconf 85' lang='grc' dir='ltr'>στέφανός</span> <span class='ocrx_word' id='word_1_171' title='bbox 2991 1342 3093 1395; x_wconf 88' lang='grc' dir='ltr'><strong>μου</strong></span> <span class='ocrx_word' id='word_1_172' title='bbox 3134 1327 3291 1394; x_wconf 80' lang='grc' dir='ltr'><strong>ὑμεῖς</strong></span> <span class='ocrx_word' id='word_1_173' title='bbox 3330 1327 3470 1377; x_wconf 83' lang='grc' dir='ltr'>ἐττε.</span> <span class='ocrx_word' id='word_1_174' title='bbox 3505 1345 3523 1376; x_wconf 76' lang='lat' dir='ltr'><strong>i</strong></span> 
     </span>
    </p>
   </div>
   <div class='ocr_carea' id='block_1_24' title="bbox 2162 1417 3669 1488">
    <p class='ocr_par' dir='ltr' id='par_1_24' title="bbox 2162 1417 3669 1488">
     <span class='ocr_line' id='line_1_24' title="bbox 2162 1417 3669 1488; baseline -0.002 -17"><span class='ocrx_word' id='word_1_175' title='bbox 2162 1417 2272 1471; x_wconf 79' lang='lat' dir='ltr'><strong>Kal</strong></span> <span class='ocrx_word' id='word_1_176' title='bbox 2323 1421 2354 1470; x_wconf 83' lang='grc' dir='ltr'><em>ὀ</em></span> <span class='ocrx_word' id='word_1_177' title='bbox 2403 1418 2654 1487; x_wconf 74' lang='grc' dir='ltr'>ἄγγελος</span> <span class='ocrx_word' id='word_1_178' title='bbox 2701 1419 2984 1485; x_wconf 76' lang='grc' dir='ltr'><strong>εἱστήκει.</strong></span> <span class='ocrx_word' id='word_1_179' title='bbox 3021 1421 3132 1472; x_wconf 82' lang='lat' dir='ltr'><strong>Kal</strong></span> <span class='ocrx_word' id='word_1_180' title='bbox 3167 1418 3587 1488; x_wconf 76' lang='grc' dir='ltr'><strong>διεμαρτύρατο</strong></span> <span class='ocrx_word' id='word_1_181' title='bbox 3635 1419 3669 1468; x_wconf 83' lang='grc' dir='ltr'><strong><em>ό</em></strong></span> 
     </span>
    </p>
   </div>
   <div class='ocr_carea' id='block_1_25' title="bbox 2089 1508 3669 1579">
    <p class='ocr_par' dir='ltr' id='par_1_25' title="bbox 2089 1508 3669 1579">
     <span class='ocr_line' id='line_1_25' title="bbox 2089 1508 3669 1579; baseline 0 -17"><span class='ocrx_word' id='word_1_182' title='bbox 2089 1509 2344 1579; x_wconf 71' lang='grc' dir='ltr'>ἄγγελος</span> <span class='ocrx_word' id='word_1_183' title='bbox 2371 1510 2591 1578; x_wconf 76' lang='lat' dir='ltr'><strong>Kvplov</strong></span> <span class='ocrx_word' id='word_1_184' title='bbox 2620 1510 2772 1578; x_wconf 80' lang='grc' dir='ltr'>πρὸς</span> <span class='ocrx_word' id='word_1_185' title='bbox 2799 1510 3052 1578; x_wconf 73' lang='grc' dir='ltr'>Ἰησοῦν,</span> <span class='ocrx_word' id='word_1_186' title='bbox 3070 1509 3264 1579; x_wconf 69' lang='grc' dir='ltr'>,λέγων</span> <span class='ocrx_word' id='word_1_187' title='bbox 3285 1526 3297 1539; x_wconf 88' lang='grc'><strong>·</strong></span> <span class='ocrx_word' id='word_1_188' title='bbox 3337 1508 3482 1563; x_wconf 81' lang='grc' dir='ltr'>Τάδε</span> <span class='ocrx_word' id='word_1_189' title='bbox 3507 1508 3669 1576; x_wconf 69' lang='grc' dir='ltr'>λέγει</span> 
     </span>
    </p>
   </div>
   <div class='ocr_carea' id='block_1_26' title="bbox 2107 1600 3666 1670">
    <p class='ocr_par' dir='ltr' id='par_1_26' title="bbox 2107 1600 3666 1670">
     <span class='ocr_line' id='line_1_26' title="bbox 2107 1600 3666 1670; baseline 0.002 -17"><span class='ocrx_word' id='word_1_190' title='bbox 2107 1600 2320 1668; x_wconf 82' lang='grc' dir='ltr'>Κύριος</span> <span class='ocrx_word' id='word_1_191' title='bbox 2346 1600 2788 1670; x_wconf 71' lang='grc' dir='ltr'>παντοκράτωρο</span> <span class='ocrx_word' id='word_1_192' title='bbox 2821 1603 2954 1660; x_wconf 78' lang='grc' dir='ltr'><strong>Ἐὰν</strong></span> <span class='ocrx_word' id='word_1_193' title='bbox 2976 1603 3046 1656; x_wconf 77' lang='grc' dir='ltr'><strong>ἐν</strong></span> <span class='ocrx_word' id='word_1_194' title='bbox 3069 1603 3198 1668; x_wconf 83' lang='grc' dir='ltr'>ταῖς</span> <span class='ocrx_word' id='word_1_195' title='bbox 3229 1601 3388 1668; x_wconf 81' lang='grc' dir='ltr'><strong>ὁδοῖς</strong></span> <span class='ocrx_word' id='word_1_196' title='bbox 3413 1619 3530 1668; x_wconf 86' lang='grc' dir='ltr'>μου</span> <span class='ocrx_word' id='word_1_197' title='bbox 3562 1618 3666 1656; x_wconf 84' lang='grc' dir='ltr'>πο-</span> 
     </span>
    </p>
   </div>
   <div class='ocr_carea' id='block_1_27' title="bbox 2082 1693 3666 1764">
    <p class='ocr_par' dir='ltr' id='par_1_27' title="bbox 2082 1693 3666 1764">
     <span class='ocr_line' id='line_1_27' title="bbox 2082 1693 3666 1764; baseline 0.001 -18"><span class='ocrx_word' id='word_1_198' title='bbox 2082 1694 2256 1761; x_wconf 78' lang='grc' dir='ltr'>ρεύῃ,</span> <span class='ocrx_word' id='word_1_199' title='bbox 2283 1693 2382 1746; x_wconf 76' lang='grc' dir='ltr'>καὶ</span> <span class='ocrx_word' id='word_1_200' title='bbox 2418 1695 2488 1746; x_wconf 80' lang='grc' dir='ltr'><strong>ἐν</strong></span> <span class='ocrx_word' id='word_1_201' title='bbox 2522 1693 2646 1759; x_wconf 84' lang='grc' dir='ltr'>τοῖς</span> <span class='ocrx_word' id='word_1_202' title='bbox 2677 1695 3098 1764; x_wconf 80' lang='grc' dir='ltr'>προστάγμασί</span> <span class='ocrx_word' id='word_1_203' title='bbox 3119 1711 3238 1762; x_wconf 86' lang='grc' dir='ltr'>μου</span> <span class='ocrx_word' id='word_1_204' title='bbox 3273 1694 3536 1762; x_wconf 68' lang='grc' dir='ltr'>φυλάξῃ,</span> <span class='ocrx_word' id='word_1_205' title='bbox 3568 1693 3666 1748; x_wconf 71' lang='grc' dir='ltr'>καὶ</span> 
     </span>
    </p>
   </div>
   <div class='ocr_carea' id='block_1_28' title="bbox 420 1775 1989 1857">
    <p class='ocr_par' dir='ltr' id='par_1_28' title="bbox 420 1775 1989 1857">
     <span class='ocr_line' id='line_1_28' title="bbox 420 1775 1989 1857; baseline -0.011 -11"><span class='ocrx_word' id='word_1_206' title='bbox 420 1809 607 1857; x_wconf 79' lang='lat' dir='ltr'><strong>nteant,</strong></span> <span class='ocrx_word' id='word_1_207' title='bbox 647 1802 696 1846; x_wconf 79' lang='lat' dir='ltr'><strong>et</strong></span> <span class='ocrx_word' id='word_1_208' title='bbox 744 1790 1006 1844; x_wconf 71' lang='lat' dir='ltr'><strong>custodias</strong></span> <span class='ocrx_word' id='word_1_209' title='bbox 1077 1787 1271 1840; x_wconf 85' lang='lat' dir='ltr'><strong>atrium</strong></span> <span class='ocrx_word' id='word_1_210' title='bbox 1341 1800 1552 1846; x_wconf 80' lang='lat' dir='ltr'><strong>meum,</strong></span> <span class='ocrx_word' id='word_1_211' title='bbox 1589 1790 1637 1835; x_wconf 84' lang='lat' dir='ltr'><strong>et</strong></span> <span class='ocrx_word' id='word_1_212' title='bbox 1696 1782 1830 1834; x_wconf 81' lang='lat' dir='ltr'><strong>dabo</strong></span> <span class='ocrx_word' id='word_1_213' title='bbox 1891 1775 1989 1832; x_wconf 86' lang='lat' dir='ltr'><strong>tibi</strong></span> 
     </span>
    </p>
   </div>
   <div class='ocr_carea' id='block_1_29' title="bbox 2088 1775 3670 1857">
    <p class='ocr_par' dir='ltr' id='par_1_29' title="bbox 2092 1779 3670 1852">
     <span class='ocr_line' id='line_1_29' title="bbox 2092 1779 3670 1852; baseline -0.001 -17"><span class='ocrx_word' id='word_1_214' title='bbox 2092 1783 2173 1835; x_wconf 90' lang='grc' dir='ltr'>σὺ</span> <span class='ocrx_word' id='word_1_215' title='bbox 2218 1782 2541 1850; x_wconf 67' lang='grc' dir='ltr'>διακρινεῖ(</span> <span class='ocrx_word' id='word_1_216' title='bbox 2585 1783 2691 1835; x_wconf 78' lang='grc' dir='ltr'><strong>τὸν</strong></span> <span class='ocrx_word' id='word_1_217' title='bbox 2724 1779 2894 1837; x_wconf 79' lang='grc' dir='ltr'>οἶκόν</span> <span class='ocrx_word' id='word_1_218' title='bbox 2915 1801 3058 1852; x_wconf 66' lang='grc' dir='ltr'>μου,</span> <span class='ocrx_word' id='word_1_219' title='bbox 3089 1783 3187 1836; x_wconf 78' lang='grc' dir='ltr'>καὶ</span> <span class='ocrx_word' id='word_1_220' title='bbox 3230 1783 3520 1851; x_wconf 74' lang='grc' dir='ltr'><strong>φυλάξεις</strong></span> <span class='ocrx_word' id='word_1_221' title='bbox 3555 1783 3670 1847; x_wconf 73' lang='grc' dir='ltr'><strong>τὴν</strong></span> 
     </span>
    </p>
   </div>
   <div class='ocr_carea' id='block_1_30' title="bbox 418 1876 1618 1939">
    <p class='ocr_par' dir='ltr' id='par_1_30' title="bbox 418 1876 1618 1939">
     <span class='ocr_line' id='line_1_30' title="bbox 418 1876 1618 1939; baseline -0.011 0"><span class='ocrx_word' id='word_1_222' title='bbox 418 1893 771 1939; x_wconf 68' lang='lat' dir='ltr'><strong>conversantes</strong></span> <span class='ocrx_word' id='word_1_223' title='bbox 827 1882 881 1932; x_wconf 85' lang='lat' dir='ltr'><strong>in</strong></span> <span class='ocrx_word' id='word_1_224' title='bbox 913 1879 1080 1933; x_wconf 78' lang='lat' dir='ltr'><strong>medio</strong></span> <span class='ocrx_word' id='word_1_225' title='bbox 1099 1881 1348 1930; x_wconf 86' lang='lat' dir='ltr'><strong>stantium</strong></span> <span class='ocrx_word' id='word_1_226' title='bbox 1381 1876 1618 1926; x_wconf 57' lang='lat' dir='ltr'><strong>istorum.</strong></span> 
     </span>
    </p>
   </div>
   <div class='ocr_carea' id='block_1_31' title="bbox 493 2046 1986 2124">
    <p class='ocr_par' dir='ltr' id='par_1_31' title="bbox 493 2046 1986 2124">
     <span class='ocr_line' id='line_1_31' title="bbox 493 2046 1986 2124; baseline -0.014 -7"><span class='ocrx_word' id='word_1_227' title='bbox 493 2061 624 2118; x_wconf 75' lang='lat' dir='ltr'><strong>XIX.</strong></span> <span class='ocrx_word' id='word_1_228' title='bbox 665 2059 719 2114; x_wconf 93' lang='lat' dir='ltr'><strong>lu</strong></span> <span class='ocrx_word' id='word_1_229' title='bbox 739 2058 865 2113; x_wconf 79' lang='lat' dir='ltr'><strong>Jesn</strong></span> <span class='ocrx_word' id='word_1_230' title='bbox 909 2070 1101 2124; x_wconf 87' lang='lat' dir='ltr'><strong>magno</strong></span> <span class='ocrx_word' id='word_1_231' title='bbox 1129 2055 1409 2108; x_wconf 85' lang='lat' dir='ltr'><strong>sacerdote</strong></span> <span class='ocrx_word' id='word_1_232' title='bbox 1440 2049 1716 2106; x_wconf 84' lang='lat' dir='ltr'><strong>Christum</strong></span> <span class='ocrx_word' id='word_1_233' title='bbox 1743 2046 1986 2101; x_wconf 88' lang='lat' dir='ltr'><strong>omnium</strong></span> 
     </span>
    </p>
   </div>
   <div class='ocr_carea' id='block_1_32' title="bbox 422 2137 1985 2212">
    <p class='ocr_par' dir='ltr' id='par_1_32' title="bbox 422 2137 1985 2212">
     <span class='ocr_line' id='line_1_32' title="bbox 422 2137 1985 2212; baseline -0.014 -4"><span class='ocrx_word' id='word_1_234' title='bbox 422 2154 754 2208; x_wconf 83' lang='lat' dir='ltr'><strong>Salvatorem</strong></span> <span class='ocrx_word' id='word_1_235' title='bbox 775 2147 1103 2212; x_wconf 89' lang='lat' dir='ltr'><strong>descriptum</strong></span> <span class='ocrx_word' id='word_1_236' title='bbox 1126 2142 1442 2210; x_wconf 74' lang='lat' dir='ltr'><strong>accipimus,</strong></span> <span class='ocrx_word' id='word_1_237' title='bbox 1460 2137 1614 2206; x_wconf 82' lang='lat' dir='ltr'><strong>cujus</strong></span> <span class='ocrx_word' id='word_1_238' title='bbox 1645 2137 1770 2192; x_wconf 86' lang='lat' dir='ltr'><strong>item</strong></span> <span class='ocrx_word' id='word_1_239' title='bbox 1799 2150 1985 2205; x_wconf 84' lang='lat' dir='ltr'><strong>perso-</strong></span> 
     </span>
    </p>
   </div>
   <div class='ocr_carea' id='block_1_33' title="bbox 418 2227 1986 2312">
    <p class='ocr_par' dir='ltr' id='par_1_33' title="bbox 418 2227 1986 2312">
     <span class='ocr_line' id='line_1_33' title="bbox 418 2227 1986 2312; baseline -0.016 -11"><span class='ocrx_word' id='word_1_240' title='bbox 418 2260 546 2301; x_wconf 85' lang='lat' dir='ltr'><strong>nam</strong></span> <span class='ocrx_word' id='word_1_241' title='bbox 578 2255 638 2298; x_wconf 86' lang='lat' dir='ltr'><strong>ut</strong></span> <span class='ocrx_word' id='word_1_242' title='bbox 661 2248 893 2312; x_wconf 81' lang='lat' dir='ltr'><strong>gereret,</strong></span> <span class='ocrx_word' id='word_1_243' title='bbox 934 2254 962 2289; x_wconf 90' lang='lat' dir='ltr'><strong>a</strong></span> <span class='ocrx_word' id='word_1_244' title='bbox 994 2233 1264 2304; x_wconf 86' lang='lat' dir='ltr'><strong>principio</strong></span> <span class='ocrx_word' id='word_1_245' title='bbox 1320 2233 1499 2290; x_wconf 83' lang='lat' dir='ltr'><strong>Aaron</strong></span> <span class='ocrx_word' id='word_1_246' title='bbox 1533 2228 1782 2284; x_wconf 86' lang='lat' dir='ltr'><strong>sacerdos</strong></span> <span class='ocrx_word' id='word_1_247' title='bbox 1831 2227 1986 2280; x_wconf 89' lang='lat' dir='ltr'><strong>insti-</strong></span> 
     </span>
    </p>
   </div>
   <div class='ocr_carea' id='block_1_34' title="bbox 420 2317 1988 2392">
    <p class='ocr_par' dir='ltr' id='par_1_34' title="bbox 420 2317 1988 2392">
     <span class='ocr_line' id='line_1_34' title="bbox 420 2317 1988 2392; baseline -0.014 -1"><span class='ocrx_word' id='word_1_248' title='bbox 420 2346 566 2391; x_wconf 88' lang='lat' dir='ltr'><strong>tutus</strong></span> <span class='ocrx_word' id='word_1_249' title='bbox 593 2345 694 2388; x_wconf 87' lang='lat' dir='ltr'><strong>est.</strong></span> <span class='ocrx_word' id='word_1_250' title='bbox 738 2330 850 2385; x_wconf 81' lang='lat' dir='ltr'><strong>Hoc</strong></span> <span class='ocrx_word' id='word_1_251' title='bbox 888 2339 1063 2383; x_wconf 86' lang='lat' dir='ltr'><strong>autem</strong></span> <span class='ocrx_word' id='word_1_252' title='bbox 1091 2327 1145 2380; x_wconf 90' lang='lat' dir='ltr'><strong>in</strong></span> <span class='ocrx_word' id='word_1_253' title='bbox 1175 2326 1290 2379; x_wconf 89' lang='lat' dir='ltr'><strong>loco</strong></span> <span class='ocrx_word' id='word_1_254' title='bbox 1317 2324 1385 2378; x_wconf 87' lang='lat' dir='ltr'><strong>ad</strong></span> <span class='ocrx_word' id='word_1_255' title='bbox 1414 2323 1590 2392; x_wconf 84' lang='lat' dir='ltr'><strong>ipsum</strong></span> <span class='ocrx_word' id='word_1_256' title='bbox 1624 2319 1789 2374; x_wconf 88' lang='lat' dir='ltr'><strong>lilium</strong></span> <span class='ocrx_word' id='word_1_257' title='bbox 1836 2317 1988 2371; x_wconf 75' lang='lat' dir='ltr'><strong>lose-</strong></span> 
     </span>
    </p>
   </div>
   <div class='ocr_carea' id='block_1_35' title="bbox 419 2409 1986 2481">
    <p class='ocr_par' dir='ltr' id='par_1_35' title="bbox 419 2409 1986 2481">
     <span class='ocr_line' id='line_1_35' title="bbox 419 2409 1986 2481; baseline -0.01 -2"><span class='ocrx_word' id='word_1_258' title='bbox 419 2429 520 2481; x_wconf 75' lang='lat' dir='ltr'><strong>tlec</strong></span> <span class='ocrx_word' id='word_1_259' title='bbox 548 2426 748 2480; x_wconf 82' lang='lat' dir='ltr'><strong>dictum</strong></span> <span class='ocrx_word' id='word_1_260' title='bbox 777 2421 1094 2474; x_wconf 77' lang='lat' dir='ltr'><strong>asset-imus:</strong></span> <span class='ocrx_word' id='word_1_261' title='bbox 1129 2435 1150 2468; x_wconf 73' lang='grc' dir='ltr'><strong>ι</strong></span> <span class='ocrx_word' id='word_1_262' title='bbox 1188 2415 1313 2470; x_wconf 64' lang='lat' dir='ltr'><strong>Haec</strong></span> <span class='ocrx_word' id='word_1_263' title='bbox 1346 2414 1476 2469; x_wconf 87' lang='lat' dir='ltr'><strong>dicit</strong></span> <span class='ocrx_word' id='word_1_264' title='bbox 1500 2411 1757 2467; x_wconf 77' lang='lat' dir='ltr'><strong>Dominus</strong></span> <span class='ocrx_word' id='word_1_265' title='bbox 1815 2409 1986 2463; x_wconf 47' lang='lat' dir='ltr'><strong>omni.</strong></span> 
     </span>
    </p>
   </div>
   <div class='ocr_carea' id='block_1_36' title="bbox 421 2505 1988 2589">
    <p class='ocr_par' dir='ltr' id='par_1_36' title="bbox 421 2505 1988 2589">
     <span class='ocr_line' id='line_1_36' title="bbox 421 2505 1988 2589; baseline -0.013 -15"><span class='ocrx_word' id='word_1_266' title='bbox 421 2527 652 2589; x_wconf 87' lang='lat' dir='ltr'><strong>potens:</strong></span> <span class='ocrx_word' id='word_1_267' title='bbox 681 2515 738 2569; x_wconf 89' lang='lat' dir='ltr'><strong>Si</strong></span> <span class='ocrx_word' id='word_1_268' title='bbox 776 2513 829 2568; x_wconf 89' lang='lat' dir='ltr'><strong>in</strong></span> <span class='ocrx_word' id='word_1_269' title='bbox 865 2512 966 2565; x_wconf 90' lang='lat' dir='ltr'><strong>viis</strong></span> <span class='ocrx_word' id='word_1_270' title='bbox 1000 2509 1133 2564; x_wconf 82' lang='lat' dir='ltr'><strong>meis</strong></span> <span class='ocrx_word' id='word_1_271' title='bbox 1187 2505 1572 2571; x_wconf 85' lang='lat' dir='ltr'><strong>ambulaveris,</strong></span> <span class='ocrx_word' id='word_1_272' title='bbox 1607 2514 1664 2557; x_wconf 90' lang='lat' dir='ltr'><strong>et</strong></span> <span class='ocrx_word' id='word_1_273' title='bbox 1723 2512 1988 2571; x_wconf 63' lang='lat' dir='ltr'><strong>praecepta</strong></span> 
     </span>
    </p>
   </div>
   <div class='ocr_carea' id='block_1_37' title="bbox 420 2596 1984 2671">
    <p class='ocr_par' dir='ltr' id='par_1_37' title="bbox 420 2596 1984 2671">
     <span class='ocr_line' id='line_1_37' title="bbox 420 2596 1984 2671; baseline -0.013 -6"><span class='ocrx_word' id='word_1_274' title='bbox 420 2625 541 2665; x_wconf 86' lang='lat' dir='ltr'><strong>mea</strong></span> <span class='ocrx_word' id='word_1_275' title='bbox 574 2605 952 2668; x_wconf 85' lang='lat' dir='ltr'><strong>custodiveris,</strong></span> <span class='ocrx_word' id='word_1_276' title='bbox 980 2611 1036 2656; x_wconf 90' lang='lat' dir='ltr'><strong>et</strong></span> <span class='ocrx_word' id='word_1_277' title='bbox 1065 2611 1117 2654; x_wconf 89' lang='lat' dir='ltr'><strong>tu</strong></span> <span class='ocrx_word' id='word_1_278' title='bbox 1146 2597 1471 2671; x_wconf 85' lang='lat' dir='ltr'><strong>dijudicabis</strong></span> <span class='ocrx_word' id='word_1_279' title='bbox 1493 2596 1710 2651; x_wconf 89' lang='lat' dir='ltr'><strong>domum</strong></span> <span class='ocrx_word' id='word_1_280' title='bbox 1749 2607 1942 2654; x_wconf 86' lang='lat' dir='ltr'><strong>meam,</strong></span> <span class='ocrx_word' id='word_1_281' title='bbox 1965 2613 1984 2645; x_wconf 76' lang='grc' dir='ltr'><strong>ι</strong></span> 
     </span>
    </p>
   </div>
   <div class='ocr_carea' id='block_1_38' title="bbox 418 2684 1987 2771">
    <p class='ocr_par' dir='ltr' id='par_1_38' title="bbox 418 2684 1987 2771">
     <span class='ocr_line' id='line_1_38' title="bbox 418 2684 1987 2771; baseline -0.013 -14"><span class='ocrx_word' id='word_1_282' title='bbox 418 2712 473 2756; x_wconf 79' lang='lat' dir='ltr'><strong>et</strong></span> <span class='ocrx_word' id='word_1_283' title='bbox 516 2715 635 2771; x_wconf 69' lang='lat' dir='ltr'><strong>quae</strong></span> <span class='ocrx_word' id='word_1_284' title='bbox 682 2705 1002 2768; x_wconf 90' lang='lat' dir='ltr'><strong>sequuntur.</strong></span> <span class='ocrx_word' id='word_1_285' title='bbox 1071 2691 1186 2745; x_wconf 85' lang='lat' dir='ltr'><strong>Non</strong></span> <span class='ocrx_word' id='word_1_286' title='bbox 1235 2690 1376 2744; x_wconf 90' lang='lat' dir='ltr'><strong>enim</strong></span> <span class='ocrx_word' id='word_1_287' title='bbox 1430 2685 1559 2741; x_wconf 91' lang='lat' dir='ltr'><strong>talia</strong></span> <span class='ocrx_word' id='word_1_288' title='bbox 1609 2684 1832 2740; x_wconf 86' lang='lat' dir='ltr'><strong>Christo</strong></span> <span class='ocrx_word' id='word_1_289' title='bbox 1881 2684 1987 2744; x_wconf 87' lang='lat' dir='ltr'><strong>dici</strong></span> 
     </span>
    </p>
   </div>
   <div class='ocr_carea' id='block_1_39' title="bbox 419 2773 1988 2860">
    <p class='ocr_par' dir='ltr' id='par_1_39' title="bbox 419 2773 1988 2860">
     <span class='ocr_line' id='line_1_39' title="bbox 419 2773 1988 2860; baseline -0.013 -14"><span class='ocrx_word' id='word_1_290' title='bbox 419 2800 662 2860; x_wconf 83' lang='lat' dir='ltr'><strong>queunt:</strong></span> <span class='ocrx_word' id='word_1_291' title='bbox 703 2789 792 2858; x_wconf 85' lang='lat' dir='ltr'><strong>qui</strong></span> <span class='ocrx_word' id='word_1_292' title='bbox 817 2795 900 2841; x_wconf 91' lang='lat' dir='ltr'><strong>est</strong></span> <span class='ocrx_word' id='word_1_293' title='bbox 931 2786 1036 2845; x_wconf 85' lang='lat' dir='ltr'><strong>via,</strong></span> <span class='ocrx_word' id='word_1_294' title='bbox 1064 2779 1377 2850; x_wconf 78' lang='lat' dir='ltr'><strong>iustiﬁcatio</strong></span> <span class='ocrx_word' id='word_1_295' title='bbox 1425 2777 1540 2842; x_wconf 86' lang='lat' dir='ltr'><strong>Dei,</strong></span> <span class='ocrx_word' id='word_1_296' title='bbox 1566 2786 1622 2831; x_wconf 90' lang='lat' dir='ltr'><strong>et</strong></span> <span class='ocrx_word' id='word_1_297' title='bbox 1687 2773 1866 2828; x_wconf 84' lang='lat' dir='ltr'><strong>Patris</strong></span> <span class='ocrx_word' id='word_1_298' title='bbox 1905 2773 1988 2828; x_wconf 89' lang='lat' dir='ltr'><strong>sui</strong></span> 
     </span>
    </p>
   </div>
   <div class='ocr_carea' id='block_1_40' title="bbox 419 2869 1990 2950">
    <p class='ocr_par' dir='ltr' id='par_1_40' title="bbox 419 2869 1990 2950">
     <span class='ocr_line' id='line_1_40' title="bbox 419 2869 1990 2950; baseline -0.012 -13"><span class='ocrx_word' id='word_1_299' title='bbox 419 2886 637 2938; x_wconf 84' lang='lat' dir='ltr'><strong>domum</strong></span> <span class='ocrx_word' id='word_1_300' title='bbox 670 2881 786 2950; x_wconf 91' lang='lat' dir='ltr'><strong>ipse</strong></span> <span class='ocrx_word' id='word_1_301' title='bbox 815 2873 1146 2947; x_wconf 66' lang='lat' dir='ltr'><strong>dijutlicavit,</strong></span> <span class='ocrx_word' id='word_1_302' title='bbox 1181 2881 1239 2925; x_wconf 91' lang='lat' dir='ltr'><strong>ut</strong></span> <span class='ocrx_word' id='word_1_303' title='bbox 1270 2869 1439 2924; x_wconf 83' lang='lat' dir='ltr'><strong>Filius</strong></span> <span class='ocrx_word' id='word_1_304' title='bbox 1462 2876 1782 2938; x_wconf 78' lang='lat' dir='ltr'><strong>potestatein</strong></span> <span class='ocrx_word' id='word_1_305' title='bbox 1833 2879 1990 2919; x_wconf 75' lang='lat' dir='ltr'><strong>exer-</strong></span> 
     </span>
    </p>
   </div>
   <div class='ocr_carea' id='block_1_41' title="bbox 419 2958 1991 3029">
    <p class='ocr_par' dir='ltr' id='par_1_41' title="bbox 419 2958 1991 3029">
     <span class='ocr_line' id='line_1_41' title="bbox 419 2958 1991 3029; baseline -0.011 -3"><span class='ocrx_word' id='word_1_306' title='bbox 419 2989 567 3029; x_wconf 77' lang='lat' dir='ltr'><strong>cens.</strong></span> <span class='ocrx_word' id='word_1_307' title='bbox 593 2972 720 3026; x_wconf 86' lang='lat' dir='ltr'><strong>Erat</strong></span> <span class='ocrx_word' id='word_1_308' title='bbox 746 2971 887 3025; x_wconf 90' lang='lat' dir='ltr'><strong>enim</strong></span> <span class='ocrx_word' id='word_1_309' title='bbox 913 2966 1094 3023; x_wconf 84' lang='lat' dir='ltr'><strong>Moses</strong></span> <span class='ocrx_word' id='word_1_310' title='bbox 1119 2965 1289 3018; x_wconf 81' lang='lat' dir='ltr'><strong>ﬁdelis</strong></span> <span class='ocrx_word' id='word_1_311' title='bbox 1325 2961 1553 3016; x_wconf 83' lang='lat' dir='ltr'><strong>famulus</strong></span> <span class='ocrx_word' id='word_1_312' title='bbox 1575 2960 1628 3016; x_wconf 89' lang='lat' dir='ltr'><strong>in</strong></span> <span class='ocrx_word' id='word_1_313' title='bbox 1651 2959 1800 3016; x_wconf 81' lang='lat' dir='ltr'><strong>omni</strong></span> <span class='ocrx_word' id='word_1_314' title='bbox 1830 2958 1991 3013; x_wconf 90' lang='lat' dir='ltr'><strong>domo</strong></span> 
     </span>
    </p>
   </div>
   <div class='ocr_carea' id='block_1_42' title="bbox 2015 1854 3670 1944">
    <p class='ocr_par' dir='ltr' id='par_1_42' title="bbox 2015 1854 3670 1944">
     <span class='ocr_line' id='line_1_42' title="bbox 2015 1854 3670 1944; baseline -0.001 -15"><span class='ocrx_word' id='word_1_315' title='bbox 2015 1854 2059 1906; x_wconf 73' lang='grc' dir='ltr'><strong><em>Β</em></strong></span> <span class='ocrx_word' id='word_1_316' title='bbox 2087 1875 2288 1941; x_wconf 73' lang='grc' dir='ltr'><strong>αὐλήν</strong></span> <span class='ocrx_word' id='word_1_317' title='bbox 2323 1893 2464 1944; x_wconf 84' lang='grc' dir='ltr'>μου,</span> <span class='ocrx_word' id='word_1_318' title='bbox 2500 1874 2602 1928; x_wconf 74' lang='grc' dir='ltr'><strong>καί</strong></span> <span class='ocrx_word' id='word_1_319' title='bbox 2633 1874 2804 1928; x_wconf 87' lang='grc' dir='ltr'><strong>δώσω</strong></span> <span class='ocrx_word' id='word_1_320' title='bbox 2853 1893 2951 1929; x_wconf 90' lang='grc' dir='ltr'><strong>σοι</strong></span> <span class='ocrx_word' id='word_1_321' title='bbox 3005 1876 3561 1944; x_wconf 62' lang='grc' dir='ltr'><strong>ἀναστρεφομένους</strong></span> <span class='ocrx_word' id='word_1_322' title='bbox 3598 1875 3670 1928; x_wconf 76' lang='grc' dir='ltr'><strong>ἐν</strong></span> 
     </span>
    </p>
   </div>
   <div class='ocr_carea' id='block_1_43' title="bbox 2087 1967 3039 2036">
    <p class='ocr_par' dir='ltr' id='par_1_43' title="bbox 2087 1967 3039 2036">
     <span class='ocr_line' id='line_1_43' title="bbox 2087 1967 3039 2036; baseline 0.001 -16"><span class='ocrx_word' id='word_1_323' title='bbox 2087 1967 2258 2036; x_wconf 81' lang='grc' dir='ltr'>μέσῳ</span> <span class='ocrx_word' id='word_1_324' title='bbox 2282 1967 2400 2020; x_wconf 74' lang='grc' dir='ltr'>τῶν</span> <span class='ocrx_word' id='word_1_325' title='bbox 2428 1967 2772 2034; x_wconf 77' lang='grc' dir='ltr'>ἑστηκότων</span> <span class='ocrx_word' id='word_1_326' title='bbox 2796 1969 3039 2022; x_wconf 75' lang='grc' dir='ltr'>τούτοιν.</span> 
     </span>
    </p>
   </div>
   <div class='ocr_carea' id='block_1_44' title="bbox 2163 2057 3670 2130">
    <p class='ocr_par' dir='ltr' id='par_1_44' title="bbox 2163 2057 3670 2130">
     <span class='ocr_line' id='line_1_44' title="bbox 2163 2057 3670 2130; baseline -0.003 -16"><span class='ocrx_word' id='word_1_327' title='bbox 2163 2061 2263 2114; x_wconf 78' lang='grc' dir='ltr'>ΙΘ¹.</span> <span class='ocrx_word' id='word_1_328' title='bbox 2302 2060 2397 2121; x_wconf 78' lang='grc' dir='ltr'><strong>Εἰς</strong></span> <span class='ocrx_word' id='word_1_329' title='bbox 2439 2058 2790 2112; x_wconf 82' lang='grc' dir='ltr'>ὑποτύπωσιν</span> <span class='ocrx_word' id='word_1_330' title='bbox 2846 2060 2944 2129; x_wconf 81' lang='grc' dir='ltr'>μὲν</span> <span class='ocrx_word' id='word_1_331' title='bbox 2999 2057 3092 2112; x_wconf 86' lang='grc' dir='ltr'><strong>τοῦ</strong></span> <span class='ocrx_word' id='word_1_332' title='bbox 3160 2059 3376 2113; x_wconf 84' lang='grc' dir='ltr'>πάντων</span> <span class='ocrx_word' id='word_1_333' title='bbox 3421 2059 3670 2130; x_wconf 81' lang='grc' dir='ltr'>Σωτῆρος</span> 
     </span>
    </p>
   </div>
   <div class='ocr_carea' id='block_1_45' title="bbox 2091 2149 3669 2223">
    <p class='ocr_par' dir='ltr' id='par_1_45' title="bbox 2091 2149 3669 2223">
     <span class='ocr_line' id='line_1_45' title="bbox 2091 2149 3669 2223; baseline -0.002 -19"><span class='ocrx_word' id='word_1_334' title='bbox 2091 2152 2326 2223; x_wconf 79' lang='grc' dir='ltr'>Χριστοῦ</span> <span class='ocrx_word' id='word_1_335' title='bbox 2379 2149 2796 2222; x_wconf 81' lang='grc' dir='ltr'>παρεδεξάμεθα</span> <span class='ocrx_word' id='word_1_336' title='bbox 2844 2151 2936 2203; x_wconf 83' lang='grc' dir='ltr'>τὸν</span> <span class='ocrx_word' id='word_1_337' title='bbox 2973 2149 3182 2220; x_wconf 78' lang='grc' dir='ltr'><strong>Ἰησοῦν</strong></span> <span class='ocrx_word' id='word_1_338' title='bbox 3227 2151 3317 2202; x_wconf 85' lang='grc' dir='ltr'><strong>τὸν</strong></span> <span class='ocrx_word' id='word_1_339' title='bbox 3381 2149 3532 2222; x_wconf 83' lang='grc' dir='ltr'>ἱερέα</span> <span class='ocrx_word' id='word_1_340' title='bbox 3577 2149 3669 2201; x_wconf 77' lang='grc' dir='ltr'><strong>τὸν</strong></span> 
     </span>
    </p>
   </div>
   <div class='ocr_carea' id='block_1_46' title="bbox 2095 2233 3664 2311">
    <p class='ocr_par' dir='ltr' id='par_1_46' title="bbox 2095 2233 3664 2311">
     <span class='ocr_line' id='line_1_46' title="bbox 2095 2233 3664 2311; baseline -0.002 -16"><span class='ocrx_word' id='word_1_341' title='bbox 2095 2243 2267 2310; x_wconf 84' lang='grc' dir='ltr'>μέγαν</span> <span class='ocrx_word' id='word_1_342' title='bbox 2286 2259 2297 2270; x_wconf 82' lang='lat'><strong><em>°</em></strong></span> <span class='ocrx_word' id='word_1_343' title='bbox 2335 2233 2540 2296; x_wconf 73' lang='grc' dir='ltr'>τέθέιτο</span> <span class='ocrx_word' id='word_1_344' title='bbox 2573 2241 2679 2311; x_wconf 85' lang='grc' dir='ltr'>γὰρ</span> <span class='ocrx_word' id='word_1_345' title='bbox 2711 2242 2789 2304; x_wconf 89' lang='grc' dir='ltr'>εἰς</span> <span class='ocrx_word' id='word_1_346' title='bbox 2817 2240 2974 2293; x_wconf 90' lang='grc' dir='ltr'>τοῦτο</span> <span class='ocrx_word' id='word_1_347' title='bbox 3002 2242 3096 2294; x_wconf 78' lang='grc' dir='ltr'><strong>καὶ</strong></span> <span class='ocrx_word' id='word_1_348' title='bbox 3123 2239 3332 2310; x_wconf 82' lang='grc' dir='ltr'>Ἀαρὼν</span> <span class='ocrx_word' id='word_1_349' title='bbox 3368 2243 3426 2294; x_wconf 82' lang='grc' dir='ltr'>ὲν</span> <span class='ocrx_word' id='word_1_350' title='bbox 3448 2241 3664 2310; x_wconf 82' lang='grc' dir='ltr'>ἀρχαῖς.</span> 
     </span>
    </p>
   </div>
   <div class='ocr_carea' id='block_1_47' title="bbox 2091 2329 3668 2403">
    <p class='ocr_par' dir='ltr' id='par_1_47' title="bbox 2091 2329 3668 2403">
     <span class='ocr_line' id='line_1_47' title="bbox 2091 2329 3668 2403; baseline -0.003 -17"><span class='ocrx_word' id='word_1_351' title='bbox 2091 2333 2236 2403; x_wconf 85' lang='grc' dir='ltr'>Πλὴν</span> <span class='ocrx_word' id='word_1_352' title='bbox 2267 2333 2322 2385; x_wconf 75' lang='grc' dir='ltr'>ἐν</span> <span class='ocrx_word' id='word_1_353' title='bbox 2367 2349 2430 2400; x_wconf 89' lang='grc' dir='ltr'><strong>γε</strong></span> <span class='ocrx_word' id='word_1_354' title='bbox 2480 2334 2593 2394; x_wconf 84' lang='grc' dir='ltr'>τοῖς</span> <span class='ocrx_word' id='word_1_355' title='bbox 2635 2332 3019 2402; x_wconf 79' lang='grc' dir='ltr'>προκειμένοις</span> <span class='ocrx_word' id='word_1_356' title='bbox 3050 2333 3183 2402; x_wconf 87' lang='grc' dir='ltr'>πρὸς</span> <span class='ocrx_word' id='word_1_357' title='bbox 3222 2331 3383 2384; x_wconf 82' lang='grc' dir='ltr'>αὑτὸν</span> <span class='ocrx_word' id='word_1_358' title='bbox 3421 2329 3668 2402; x_wconf 78' lang='grc' dir='ltr'>εἰρῆσθαί</span> 
     </span>
    </p>
   </div>
   <div class='ocr_carea' id='block_1_48' title="bbox 2092 2421 3667 2493">
    <p class='ocr_par' dir='ltr' id='par_1_48' title="bbox 2092 2421 3667 2493">
     <span class='ocr_line' id='line_1_48' title="bbox 2092 2421 3667 2493; baseline -0.003 -15"><span class='ocrx_word' id='word_1_359' title='bbox 2092 2441 2268 2492; x_wconf 81' lang='grc' dir='ltr'>φαμεν</span> <span class='ocrx_word' id='word_1_360' title='bbox 2313 2424 2403 2477; x_wconf 80' lang='grc' dir='ltr'><strong>τὸν</strong></span> <span class='ocrx_word' id='word_1_361' title='bbox 2436 2421 2679 2476; x_wconf 82' lang='grc' dir='ltr'>Ἰωσεδὲκ</span> <span class='ocrx_word' id='word_1_362' title='bbox 2709 2423 2788 2488; x_wconf 85' lang='grc' dir='ltr'><strong>τὸ,</strong></span> <span class='ocrx_word' id='word_1_363' title='bbox 2835 2440 2854 2478; x_wconf 83' lang='lat' dir='ltr'><strong>t</strong></span> <span class='ocrx_word' id='word_1_364' title='bbox 2886 2422 3023 2476; x_wconf 83' lang='grc' dir='ltr'><strong>Τάδε</strong></span> <span class='ocrx_word' id='word_1_365' title='bbox 3057 2422 3203 2491; x_wconf 82' lang='grc' dir='ltr'>λέγει</span> <span class='ocrx_word' id='word_1_366' title='bbox 3237 2422 3438 2493; x_wconf 82' lang='grc' dir='ltr'>Κύριος</span> <span class='ocrx_word' id='word_1_367' title='bbox 3469 2440 3667 2477; x_wconf 84' lang='grc' dir='ltr'>παντο·-</span> 
     </span>
    </p>
   </div>
   <div class='ocr_carea' id='block_1_49' title="bbox 2092 2513 3669 2585">
    <p class='ocr_par' dir='ltr' id='par_1_49' title="bbox 2092 2513 3669 2585">
     <span class='ocr_line' id='line_1_49' title="bbox 2092 2513 3669 2585; baseline -0.001 -20"><span class='ocrx_word' id='word_1_368' title='bbox 2092 2514 2335 2584; x_wconf 88' lang='grc' dir='ltr'>κράτωρ·</span> <span class='ocrx_word' id='word_1_369' title='bbox 2364 2533 2382 2565; x_wconf 83' lang='lat' dir='ltr'><strong>t</strong></span> <span class='ocrx_word' id='word_1_370' title='bbox 2423 2513 2550 2566; x_wconf 83' lang='grc' dir='ltr'>Ἐάν</span> <span class='ocrx_word' id='word_1_371' title='bbox 2585 2514 2642 2566; x_wconf 80' lang='grc' dir='ltr'><strong>ἐν</strong></span> <span class='ocrx_word' id='word_1_372' title='bbox 2667 2514 2787 2575; x_wconf 85' lang='grc' dir='ltr'>ταῖς</span> <span class='ocrx_word' id='word_1_373' title='bbox 2806 2513 2944 2577; x_wconf 81' lang='grc' dir='ltr'>ὁδοῖς</span> <span class='ocrx_word' id='word_1_374' title='bbox 2972 2529 3073 2583; x_wconf 84' lang='grc' dir='ltr'><strong>μου</strong></span> <span class='ocrx_word' id='word_1_375' title='bbox 3105 2513 3335 2585; x_wconf 81' lang='grc' dir='ltr'>πορεύῃ,</span> <span class='ocrx_word' id='word_1_376' title='bbox 3355 2515 3450 2565; x_wconf 70' lang='grc' dir='ltr'><strong>καὶ</strong></span> <span class='ocrx_word' id='word_1_377' title='bbox 3476 2515 3532 2566; x_wconf 83' lang='grc' dir='ltr'><strong>ὲν</strong></span> <span class='ocrx_word' id='word_1_378' title='bbox 3557 2516 3669 2576; x_wconf 82' lang='grc' dir='ltr'>τοῖς</span> 
     </span>
    </p>
   </div>
   <div class='ocr_carea' id='block_1_50' title="bbox 2091 2605 3669 2678">
    <p class='ocr_par' dir='ltr' id='par_1_50' title="bbox 2091 2605 3669 2678">
     <span class='ocr_line' id='line_1_50' title="bbox 2091 2605 3669 2678; baseline 0 -20"><span class='ocrx_word' id='word_1_379' title='bbox 2091 2605 2478 2675; x_wconf 81' lang='grc' dir='ltr'>προστάγμασί</span> <span class='ocrx_word' id='word_1_380' title='bbox 2526 2622 2627 2674; x_wconf 88' lang='grc' dir='ltr'><strong>μου</strong></span> <span class='ocrx_word' id='word_1_381' title='bbox 2671 2605 2942 2678; x_wconf 81' lang='grc' dir='ltr'>φυλάσσῃ,</span> <span class='ocrx_word' id='word_1_382' title='bbox 2982 2606 3077 2658; x_wconf 82' lang='grc' dir='ltr'><strong>καὶ</strong></span> <span class='ocrx_word' id='word_1_383' title='bbox 3129 2605 3194 2658; x_wconf 81' lang='grc' dir='ltr'><strong>σὺ</strong></span> <span class='ocrx_word' id='word_1_384' title='bbox 3247 2605 3538 2674; x_wconf 85' lang='grc' dir='ltr'>διακρινεῖς</span> <span class='ocrx_word' id='word_1_385' title='bbox 3577 2605 3669 2660; x_wconf 73' lang='grc' dir='ltr'><strong>τὸν</strong></span> 
     </span>
    </p>
   </div>
   <div class='ocr_carea' id='block_1_51' title="bbox 2089 2691 3667 2764">
    <p class='ocr_par' dir='ltr' id='par_1_51' title="bbox 2089 2691 3667 2764">
     <span class='ocr_line' id='line_1_51' title="bbox 2089 2691 3667 2764; baseline -0.002 -17"><span class='ocrx_word' id='word_1_386' title='bbox 2089 2691 2235 2747; x_wconf 83' lang='grc' dir='ltr'>οἶκόν</span> <span class='ocrx_word' id='word_1_387' title='bbox 2267 2711 2390 2764; x_wconf 87' lang='grc' dir='ltr'>μου,</span> <span class='ocrx_word' id='word_1_388' title='bbox 2424 2712 2442 2744; x_wconf 72' lang='grc' dir='ltr'><strong>ι</strong></span> <span class='ocrx_word' id='word_1_389' title='bbox 2479 2693 2576 2746; x_wconf 74' lang='grc' dir='ltr'><strong>καὶ</strong></span> <span class='ocrx_word' id='word_1_390' title='bbox 2613 2693 2682 2746; x_wconf 80' lang='grc' dir='ltr'>τὰ</span> <span class='ocrx_word' id='word_1_391' title='bbox 2709 2692 2917 2756; x_wconf 84' lang='grc' dir='ltr'>τούτοις</span> <span class='ocrx_word' id='word_1_392' title='bbox 2946 2693 3206 2760; x_wconf 78' lang='grc' dir='ltr'>ἑπόμενα.</span> <span class='ocrx_word' id='word_1_393' title='bbox 3239 2693 3313 2746; x_wconf 81' lang='grc' dir='ltr'><strong>Οὐ</strong></span> <span class='ocrx_word' id='word_1_394' title='bbox 3348 2693 3456 2763; x_wconf 86' lang='grc' dir='ltr'>γὰρ</span> <span class='ocrx_word' id='word_1_395' title='bbox 3487 2691 3551 2746; x_wconf 85' lang='grc' dir='ltr'>ἃν</span> <span class='ocrx_word' id='word_1_396' title='bbox 3589 2693 3667 2744; x_wconf 77' lang='grc' dir='ltr'>εί-</span> 
     </span>
    </p>
   </div>
   <div class='ocr_carea' id='block_1_52' title="bbox 2094 2785 3666 2856">
    <p class='ocr_par' dir='ltr' id='par_1_52' title="bbox 2094 2785 3666 2856">
     <span class='ocr_line' id='line_1_52' title="bbox 2094 2785 3666 2856; baseline -0.001 -17"><span class='ocrx_word' id='word_1_397' title='bbox 2094 2804 2223 2856; x_wconf 83' lang='grc' dir='ltr'>ρητο</span> <span class='ocrx_word' id='word_1_398' title='bbox 2263 2787 2331 2838; x_wconf 79' lang='grc' dir='ltr'><strong>τὰ</strong></span> <span class='ocrx_word' id='word_1_399' title='bbox 2367 2785 2544 2838; x_wconf 83' lang='grc' dir='ltr'>τοιάδε</span> <span class='ocrx_word' id='word_1_400' title='bbox 2591 2785 2840 2856; x_wconf 74' lang='grc' dir='ltr'>Χριστῷο</span> <span class='ocrx_word' id='word_1_401' title='bbox 2891 2785 3053 2849; x_wconf 78' lang='grc' dir='ltr'>αὐτὸς</span> <span class='ocrx_word' id='word_1_402' title='bbox 3105 2785 3213 2856; x_wconf 81' lang='grc' dir='ltr'><strong>γάρ</strong></span> <span class='ocrx_word' id='word_1_403' title='bbox 3256 2787 3403 2838; x_wconf 81' lang='grc' dir='ltr'>ἐστιν</span> <span class='ocrx_word' id='word_1_404' title='bbox 3455 2787 3486 2854; x_wconf 80' lang='grc' dir='ltr'><strong>ἡ</strong></span> <span class='ocrx_word' id='word_1_405' title='bbox 3529 2785 3666 2849; x_wconf 78' lang='grc' dir='ltr'>ὁδὸς,</span> 
     </span>
    </p>
   </div>
   <div class='ocr_carea' id='block_1_53' title="bbox 2089 2875 3671 2947">
    <p class='ocr_par' dir='ltr' id='par_1_53' title="bbox 2089 2875 3671 2947">
     <span class='ocr_line' id='line_1_53' title="bbox 2089 2875 3671 2947; baseline -0.002 -16"><span class='ocrx_word' id='word_1_406' title='bbox 2089 2877 2250 2940; x_wconf 78' lang='grc' dir='ltr'>αὐτὸς</span> <span class='ocrx_word' id='word_1_407' title='bbox 2293 2877 2354 2930; x_wconf 84' lang='grc' dir='ltr'><strong>τὸ</strong></span> <span class='ocrx_word' id='word_1_408' title='bbox 2395 2876 2673 2947; x_wconf 82' lang='grc' dir='ltr'>δικαίωμα</span> <span class='ocrx_word' id='word_1_409' title='bbox 2714 2876 2806 2929; x_wconf 84' lang='grc' dir='ltr'><strong>τοῦ</strong></span> <span class='ocrx_word' id='word_1_410' title='bbox 2837 2876 2971 2930; x_wconf 84' lang='grc' dir='ltr'>Θεοῦ</span> <span class='ocrx_word' id='word_1_411' title='bbox 3006 2877 3100 2930; x_wconf 75' lang='grc' dir='ltr'><strong>καὶ</strong></span> <span class='ocrx_word' id='word_1_412' title='bbox 3133 2875 3368 2946; x_wconf 84' lang='grc' dir='ltr'>Πατρὸς,</span> <span class='ocrx_word' id='word_1_413' title='bbox 3404 2876 3564 2938; x_wconf 75' lang='grc' dir='ltr'>αὐτὸς</span> <span class='ocrx_word' id='word_1_414' title='bbox 3593 2875 3671 2930; x_wconf 84' lang='grc' dir='ltr'>δι-</span> 
     </span>
    </p>
   </div>
   <div class='ocr_carea' id='block_1_54' title="bbox 2090 2961 3670 3038">
    <p class='ocr_par' dir='ltr' id='par_1_54' title="bbox 2090 2961 3670 3038">
     <span class='ocr_line' id='line_1_54' title="bbox 2090 2961 3670 3038; baseline -0.001 -18"><span class='ocrx_word' id='word_1_415' title='bbox 2090 2969 2268 3038; x_wconf 85' lang='grc' dir='ltr'>έκρινε</span> <span class='ocrx_word' id='word_1_416' title='bbox 2311 2968 2400 3021; x_wconf 83' lang='grc' dir='ltr'>τὸν</span> <span class='ocrx_word' id='word_1_417' title='bbox 2446 2964 2594 3022; x_wconf 80' lang='grc' dir='ltr'>οἷκον</span> <span class='ocrx_word' id='word_1_418' title='bbox 2623 2967 2810 3032; x_wconf 81' lang='grc' dir='ltr'>αὐτοῦ,</span> <span class='ocrx_word' id='word_1_419' title='bbox 2835 2968 3268 3034; x_wconf 78' lang='grc' dir='ltr'>κατεξουσιάζων</span> <span class='ocrx_word' id='word_1_420' title='bbox 3299 2968 3374 3030; x_wconf 82' lang='grc' dir='ltr'>ὡς</span> <span class='ocrx_word' id='word_1_421' title='bbox 3411 2961 3670 3031; x_wconf 53' lang='grc' dir='ltr'><strong>ΥίόςέἩν</strong></span> 
     </span>
    </p>
   </div>
   <div class='ocr_carea' id='block_1_55' title="bbox 421 3049 1989 3130">
    <p class='ocr_par' dir='ltr' id='par_1_55' title="bbox 421 3049 1989 3124">
     <span class='ocr_line' id='line_1_55' title="bbox 421 3049 1989 3124; baseline -0.01 -4"><span class='ocrx_word' id='word_1_422' title='bbox 421 3067 510 3120; x_wconf 82' lang='lat' dir='ltr'><strong>hei</strong></span> <span class='ocrx_word' id='word_1_423' title='bbox 545 3080 558 3117; x_wconf 88' lang='lat'><strong>:</strong></span> <span class='ocrx_word' id='word_1_424' title='bbox 592 3074 647 3119; x_wconf 89' lang='lat' dir='ltr'><strong>at</strong></span> <span class='ocrx_word' id='word_1_425' title='bbox 677 3063 925 3118; x_wconf 89' lang='lat' dir='ltr'><strong>Christus</strong></span> <span class='ocrx_word' id='word_1_426' title='bbox 954 3069 1013 3114; x_wconf 91' lang='lat' dir='ltr'><strong>ut</strong></span> <span class='ocrx_word' id='word_1_427' title='bbox 1044 3057 1212 3112; x_wconf 80' lang='lat' dir='ltr'><strong>Filius</strong></span> <span class='ocrx_word' id='word_1_428' title='bbox 1243 3069 1405 3124; x_wconf 81' lang='lat' dir='ltr'><strong>super</strong></span> <span class='ocrx_word' id='word_1_429' title='bbox 1426 3055 1644 3108; x_wconf 91' lang='lat' dir='ltr'><strong>domum</strong></span> <span class='ocrx_word' id='word_1_430' title='bbox 1673 3052 1810 3121; x_wconf 89' lang='lat' dir='ltr'><strong>ejus,</strong></span> <span class='ocrx_word' id='word_1_431' title='bbox 1840 3049 1989 3119; x_wconf 85' lang='lat' dir='ltr'><strong>cujus</strong></span> 
     </span>
    </p>
   </div>
   <div class='ocr_carea' id='block_1_56' title="bbox 2088 3049 3672 3130">
    <p class='ocr_par' dir='ltr' id='par_1_56' title="bbox 2094 3057 3672 3130">
     <span class='ocr_line' id='line_1_56' title="bbox 2094 3057 3672 3130; baseline -0.001 -19"><span class='ocrx_word' id='word_1_432' title='bbox 2094 3059 2191 3128; x_wconf 84' lang='grc' dir='ltr'>μὲν</span> <span class='ocrx_word' id='word_1_433' title='bbox 2226 3058 2334 3128; x_wconf 75' lang='grc' dir='ltr'><strong>γάρ</strong></span> <span class='ocrx_word' id='word_1_434' title='bbox 2369 3059 2397 3109; x_wconf 83' lang='grc' dir='ltr'>ὁ</span> <span class='ocrx_word' id='word_1_435' title='bbox 2425 3057 2710 3122; x_wconf 85' lang='grc' dir='ltr'>θεσπέσιος</span> <span class='ocrx_word' id='word_1_436' title='bbox 2742 3058 2948 3129; x_wconf 83' lang='grc' dir='ltr'>Μωσῆς</span> <span class='ocrx_word' id='word_1_437' title='bbox 2970 3057 3156 3121; x_wconf 82' lang='grc' dir='ltr'>πιστὸς</span> <span class='ocrx_word' id='word_1_438' title='bbox 3186 3058 3439 3129; x_wconf 87' lang='grc' dir='ltr'>θεράπων</span> <span class='ocrx_word' id='word_1_439' title='bbox 3477 3061 3534 3112; x_wconf 81' lang='grc' dir='ltr'>ὲν</span> <span class='ocrx_word' id='word_1_440' title='bbox 3565 3058 3672 3130; x_wconf 84' lang='grc' dir='ltr'>ὅλῳ</span> 
     </span>
    </p>
   </div>
   <div class='ocr_carea' id='block_1_57' title="bbox 419 3143 1989 3241">
    <p class='ocr_par' dir='ltr' id='par_1_57' title="bbox 419 3143 1989 3218">
     <span class='ocr_line' id='line_1_57' title="bbox 419 3143 1989 3218; baseline -0.01 -8"><span class='ocrx_word' id='word_1_441' title='bbox 419 3158 608 3211; x_wconf 67' lang='lat' dir='ltr'><strong>demus</strong></span> <span class='ocrx_word' id='word_1_442' title='bbox 632 3169 735 3210; x_wconf 87' lang='lat' dir='ltr'><strong>nos</strong></span> <span class='ocrx_word' id='word_1_443' title='bbox 773 3167 957 3208; x_wconf 90' lang='lat' dir='ltr'><strong>sumus</strong></span> <span class='ocrx_word' id='word_1_444' title='bbox 979 3152 1045 3204; x_wconf 79' lang='grc'>⁷⁵.</span> <span class='ocrx_word' id='word_1_445' title='bbox 1076 3149 1217 3218; x_wconf 82' lang='lat' dir='ltr'><strong>Ergo</strong></span> <span class='ocrx_word' id='word_1_446' title='bbox 1247 3148 1312 3202; x_wconf 88' lang='lat' dir='ltr'><strong>ad</strong></span> <span class='ocrx_word' id='word_1_447' title='bbox 1343 3145 1512 3200; x_wconf 82' lang='lat' dir='ltr'><strong>lilium</strong></span> <span class='ocrx_word' id='word_1_448' title='bbox 1535 3144 1762 3200; x_wconf 78' lang='lat' dir='ltr'><strong>Josedec</strong></span> <span class='ocrx_word' id='word_1_449' title='bbox 1784 3143 1884 3199; x_wconf 87' lang='lat' dir='ltr'><strong>ista</strong></span> <span class='ocrx_word' id='word_1_450' title='bbox 1909 3143 1989 3202; x_wconf 87' lang='lat' dir='ltr'><strong>di—</strong></span> 
     </span>
    </p>
   </div>
   <div class='ocr_carea' id='block_1_58' title="bbox 2088 3143 3672 3241">
    <p class='ocr_par' dir='ltr' id='par_1_58' title="bbox 2091 3149 3672 3221">
     <span class='ocr_line' id='line_1_58' title="bbox 2091 3149 3672 3221; baseline -0.001 -17"><span class='ocrx_word' id='word_1_451' title='bbox 2091 3149 2170 3218; x_wconf 80' lang='grc' dir='ltr'><strong>τῷ</strong></span> <span class='ocrx_word' id='word_1_452' title='bbox 2200 3150 2332 3220; x_wconf 80' lang='grc' dir='ltr'>οἴκῳ</span> <span class='ocrx_word' id='word_1_453' title='bbox 2354 3149 2450 3204; x_wconf 88' lang='grc' dir='ltr'><strong>τοῦ</strong></span> <span class='ocrx_word' id='word_1_454' title='bbox 2485 3150 2620 3208; x_wconf 84' lang='grc' dir='ltr'>Θεοῦ</span> <span class='ocrx_word' id='word_1_455' title='bbox 2641 3168 2655 3184; x_wconf 74' lang='grc' dir='ltr'><strong>ο</strong></span> <span class='ocrx_word' id='word_1_456' title='bbox 2689 3151 2922 3221; x_wconf 79' lang='grc' dir='ltr'>Χριστὸς</span> <span class='ocrx_word' id='word_1_457' title='bbox 2949 3150 3006 3202; x_wconf 87' lang='grc' dir='ltr'>δὲ</span> <span class='ocrx_word' id='word_1_458' title='bbox 3033 3151 3108 3213; x_wconf 86' lang='grc' dir='ltr'>ὼς</span> <span class='ocrx_word' id='word_1_459' title='bbox 3133 3150 3259 3217; x_wconf 81' lang='grc' dir='ltr'>Υἱὸς</span> <span class='ocrx_word' id='word_1_460' title='bbox 3287 3151 3380 3212; x_wconf 60' lang='grc' dir='ltr'><strong>ἐπὶ</strong></span> <span class='ocrx_word' id='word_1_461' title='bbox 3404 3150 3494 3206; x_wconf 83' lang='grc' dir='ltr'><strong>τὸν</strong></span> <span class='ocrx_word' id='word_1_462' title='bbox 3523 3149 3672 3208; x_wconf 71' lang='grc' dir='ltr'>οἰκον</span> 
     </span>
    </p>
   </div>
   <div class='ocr_carea' id='block_1_59' title="bbox 421 3232 1989 3313">
    <p class='ocr_par' dir='ltr' id='par_1_59' title="bbox 421 3232 1989 3310">
     <span class='ocr_line' id='line_1_59' title="bbox 421 3232 1989 3310; baseline -0.008 -10"><span class='ocrx_word' id='word_1_463' title='bbox 421 3259 505 3300; x_wconf 88' lang='lat' dir='ltr'><strong>cta</strong></span> <span class='ocrx_word' id='word_1_464' title='bbox 531 3245 782 3310; x_wconf 80' lang='lat' dir='ltr'><strong>sunto,ad</strong></span> <span class='ocrx_word' id='word_1_465' title='bbox 803 3241 1079 3298; x_wconf 78' lang='lat' dir='ltr'><strong>Christum</strong></span> <span class='ocrx_word' id='word_1_466' title='bbox 1095 3237 1334 3293; x_wconf 88' lang='lat' dir='ltr'><strong>minime.</strong></span> <span class='ocrx_word' id='word_1_467' title='bbox 1355 3236 1642 3292; x_wconf 86' lang='lat' dir='ltr'><strong>Pollicetur</strong></span> <span class='ocrx_word' id='word_1_468' title='bbox 1663 3245 1839 3290; x_wconf 80' lang='lat' dir='ltr'><strong>autem</strong></span> <span class='ocrx_word' id='word_1_469' title='bbox 1851 3232 1989 3288; x_wconf 89' lang='lat' dir='ltr'><strong>Deus</strong></span> 
     </span>
    </p>
   </div>
   <div class='ocr_carea' id='block_1_60' title="bbox 2088 3232 3669 3313">
    <p class='ocr_par' dir='ltr' id='par_1_60' title="bbox 2093 3235 3669 3313">
     <span class='ocr_line' id='line_1_60' title="bbox 2093 3235 3669 3313; baseline 0.001 -19"><span class='ocrx_word' id='word_1_470' title='bbox 2093 3240 2283 3307; x_wconf 82' lang='grc' dir='ltr'>αὐτοῦ,</span> <span class='ocrx_word' id='word_1_471' title='bbox 2330 3235 2392 3296; x_wconf 69' lang='grc' dir='ltr'>οὗ</span> <span class='ocrx_word' id='word_1_472' title='bbox 2443 3237 2593 3306; x_wconf 81' lang='grc' dir='ltr'>οἶκός</span> <span class='ocrx_word' id='word_1_473' title='bbox 2637 3243 2805 3312; x_wconf 70' lang='grc' dir='ltr'>ἐσμεν</span> <span class='ocrx_word' id='word_1_474' title='bbox 2848 3243 3027 3312; x_wconf 79' lang='grc' dir='ltr'>ἡμεῖς.</span> <span class='ocrx_word' id='word_1_475' title='bbox 3062 3240 3269 3294; x_wconf 79' lang='grc' dir='ltr'>Οὐκοῦν</span> <span class='ocrx_word' id='word_1_476' title='bbox 3299 3241 3536 3313; x_wconf 80' lang='grc' dir='ltr'>εἰρήσθω</span> <span class='ocrx_word' id='word_1_477' title='bbox 3568 3242 3669 3312; x_wconf 82' lang='grc' dir='ltr'>μὲν</span> 
     </span>
    </p>
   </div>
   <div class='ocr_carea' id='block_1_61' title="bbox 420 3325 1989 3404">
    <p class='ocr_par' dir='ltr' id='par_1_61' title="bbox 420 3325 1989 3395">
     <span class='ocr_line' id='line_1_61' title="bbox 420 3325 1989 3395; baseline -0.006 -7"><span class='ocrx_word' id='word_1_478' title='bbox 420 3335 776 3392; x_wconf 82' lang='lat' dir='ltr'><strong>sacerdotium</strong></span> <span class='ocrx_word' id='word_1_479' title='bbox 806 3341 1138 3386; x_wconf 88' lang='lat' dir='ltr'><strong>retenturum</strong></span> <span class='ocrx_word' id='word_1_480' title='bbox 1169 3328 1334 3383; x_wconf 83' lang='lat' dir='ltr'><strong>etiam</strong></span> <span class='ocrx_word' id='word_1_481' title='bbox 1367 3339 1487 3395; x_wconf 83' lang='lat' dir='ltr'><strong>post</strong></span> <span class='ocrx_word' id='word_1_482' title='bbox 1533 3337 1774 3392; x_wconf 86' lang='lat' dir='ltr'><strong>tempora</strong></span> <span class='ocrx_word' id='word_1_483' title='bbox 1819 3325 1989 3389; x_wconf 87' lang='lat' dir='ltr'><strong>capti-</strong></span> 
     </span>
    </p>
   </div>
   <div class='ocr_carea' id='block_1_62' title="bbox 2088 3325 3667 3404">
    <p class='ocr_par' dir='ltr' id='par_1_62' title="bbox 2096 3332 3667 3404">
     <span class='ocr_line' id='line_1_62' title="bbox 2096 3332 3667 3404; baseline -0.001 -18"><span class='ocrx_word' id='word_1_484' title='bbox 2096 3333 2230 3404; x_wconf 81' lang='grc' dir='ltr'>πρὸς</span> <span class='ocrx_word' id='word_1_485' title='bbox 2258 3333 2348 3386; x_wconf 85' lang='grc' dir='ltr'>τὸν</span> <span class='ocrx_word' id='word_1_486' title='bbox 2378 3332 2473 3387; x_wconf 87' lang='grc' dir='ltr'><strong>τοῦ</strong></span> <span class='ocrx_word' id='word_1_487' title='bbox 2502 3334 2750 3390; x_wconf 83' lang='grc' dir='ltr'>Ἰωσεδὲκ</span> <span class='ocrx_word' id='word_1_488' title='bbox 2775 3333 2844 3393; x_wconf 84' lang='grc' dir='ltr'>τὰ</span> <span class='ocrx_word' id='word_1_489' title='bbox 2871 3333 3069 3398; x_wconf 81' lang='grc' dir='ltr'>τοιάδε,</span> <span class='ocrx_word' id='word_1_490' title='bbox 3093 3333 3227 3403; x_wconf 84' lang='grc' dir='ltr'>πρὸς</span> <span class='ocrx_word' id='word_1_491' title='bbox 3257 3333 3316 3386; x_wconf 89' lang='grc' dir='ltr'><strong>δέ</strong></span> <span class='ocrx_word' id='word_1_492' title='bbox 3344 3351 3406 3402; x_wconf 90' lang='grc' dir='ltr'><strong>γε</strong></span> <span class='ocrx_word' id='word_1_493' title='bbox 3432 3333 3667 3404; x_wconf 84' lang='grc' dir='ltr'>Χριστὸν</span> 
     </span>
    </p>
   </div>
   <div class='ocr_carea' id='block_1_63' title="bbox 418 3412 1989 3497">
    <p class='ocr_par' dir='ltr' id='par_1_63' title="bbox 418 3412 1989 3486">
     <span class='ocr_line' id='line_1_63' title="bbox 418 3412 1989 3486; baseline -0.006 -11"><span class='ocrx_word' id='word_1_494' title='bbox 418 3424 624 3486; x_wconf 78' lang='lat' dir='ltr'><strong>vitatis,</strong></span> <span class='ocrx_word' id='word_1_495' title='bbox 646 3430 702 3475; x_wconf 91' lang='lat' dir='ltr'><strong>ut</strong></span> <span class='ocrx_word' id='word_1_496' title='bbox 727 3419 1034 3474; x_wconf 82' lang='lat' dir='ltr'><strong>sacerdotes</strong></span> <span class='ocrx_word' id='word_1_497' title='bbox 1055 3417 1274 3485; x_wconf 65' lang='lat' dir='ltr'><strong>praesint</strong></span> <span class='ocrx_word' id='word_1_498' title='bbox 1299 3415 1502 3479; x_wconf 80' lang='lat' dir='ltr'><strong>lsraeli,</strong></span> <span class='ocrx_word' id='word_1_499' title='bbox 1520 3422 1574 3467; x_wconf 91' lang='lat' dir='ltr'><strong>et</strong></span> <span class='ocrx_word' id='word_1_500' title='bbox 1590 3422 1829 3468; x_wconf 88' lang='lat' dir='ltr'><strong>sanctam</strong></span> <span class='ocrx_word' id='word_1_501' title='bbox 1847 3412 1989 3466; x_wconf 82' lang='lat' dir='ltr'><strong>illam</strong></span> 
     </span>
    </p>
   </div>
   <div class='ocr_carea' id='block_1_64' title="bbox 2088 3412 3666 3497">
    <p class='ocr_par' dir='ltr' id='par_1_64' title="bbox 2091 3423 3666 3497">
     <span class='ocr_line' id='line_1_64' title="bbox 2091 3423 3666 3497; baseline 0.002 -21"><span class='ocrx_word' id='word_1_502' title='bbox 2091 3424 2292 3478; x_wconf 83' lang='grc' dir='ltr'>οὐκέτι.</span> <span class='ocrx_word' id='word_1_503' title='bbox 2313 3423 2707 3494; x_wconf 82' lang='grc' dir='ltr'>Ἐπηγγέλλετο</span> <span class='ocrx_word' id='word_1_504' title='bbox 2735 3424 2793 3478; x_wconf 85' lang='grc' dir='ltr'>δὲ</span> <span class='ocrx_word' id='word_1_505' title='bbox 2821 3423 2975 3488; x_wconf 80' lang='grc' dir='ltr'>Θεὸς,</span> <span class='ocrx_word' id='word_1_506' title='bbox 3011 3423 3109 3494; x_wconf 75' lang='grc' dir='ltr'>τὴν</span> <span class='ocrx_word' id='word_1_507' title='bbox 3143 3424 3282 3477; x_wconf 84' lang='grc' dir='ltr'>κατὰ</span> <span class='ocrx_word' id='word_1_508' title='bbox 3312 3424 3473 3496; x_wconf 83' lang='grc' dir='ltr'>νόμον</span> <span class='ocrx_word' id='word_1_509' title='bbox 3506 3427 3666 3497; x_wconf 81' lang='grc' dir='ltr'>ἱερω-</span> 
     </span>
    </p>
   </div>
   <div class='ocr_carea' id='block_1_65' title="bbox 421 3504 1989 3590">
    <p class='ocr_par' dir='ltr' id='par_1_65' title="bbox 421 3504 1989 3572">
     <span class='ocr_line' id='line_1_65' title="bbox 421 3504 1989 3572; baseline -0.005 -6"><span class='ocrx_word' id='word_1_510' title='bbox 421 3513 694 3568; x_wconf 85' lang='lat' dir='ltr'><strong>civitatem</strong></span> <span class='ocrx_word' id='word_1_511' title='bbox 745 3512 1106 3564; x_wconf 86' lang='lat' dir='ltr'><strong>moderentur.</strong></span> <span class='ocrx_word' id='word_1_512' title='bbox 1153 3506 1421 3572; x_wconf 83' lang='lat' dir='ltr'><strong>Quoniam</strong></span> <span class='ocrx_word' id='word_1_513' title='bbox 1458 3504 1638 3568; x_wconf 90' lang='lat' dir='ltr'><strong>enim,</strong></span> <span class='ocrx_word' id='word_1_514' title='bbox 1680 3505 1989 3572; x_wconf 85' lang='lat' dir='ltr'><strong>captivitate</strong></span> 
     </span>
    </p>
   </div>
   <div class='ocr_carea' id='block_1_66' title="bbox 2088 3504 3664 3590">
    <p class='ocr_par' dir='ltr' id='par_1_66' title="bbox 2093 3517 3664 3590">
     <span class='ocr_line' id='line_1_66' title="bbox 2093 3517 3664 3590; baseline 0.002 -22"><span class='ocrx_word' id='word_1_515' title='bbox 2093 3517 2260 3587; x_wconf 85' lang='grc' dir='ltr'>σύνην</span> <span class='ocrx_word' id='word_1_516' title='bbox 2307 3519 2603 3588; x_wconf 82' lang='grc' dir='ltr'>κρατήσειν</span> <span class='ocrx_word' id='word_1_517' title='bbox 2645 3517 2724 3571; x_wconf 75' lang='grc' dir='ltr'>ἔτι</span> <span class='ocrx_word' id='word_1_518' title='bbox 2769 3517 2864 3571; x_wconf 74' lang='grc' dir='ltr'>καὶ</span> <span class='ocrx_word' id='word_1_519' title='bbox 2916 3519 3054 3587; x_wconf 86' lang='grc' dir='ltr'>μετά</span> <span class='ocrx_word' id='word_1_520' title='bbox 3097 3534 3162 3585; x_wconf 83' lang='grc' dir='ltr'><strong>γε</strong></span> <span class='ocrx_word' id='word_1_521' title='bbox 3204 3518 3330 3580; x_wconf 83' lang='grc' dir='ltr'>τοὺς</span> <span class='ocrx_word' id='word_1_522' title='bbox 3368 3518 3463 3586; x_wconf 80' lang='grc' dir='ltr'>τῆς</span> <span class='ocrx_word' id='word_1_523' title='bbox 3500 3520 3664 3590; x_wconf 80' lang='grc' dir='ltr'>αἰχμ-</span> 
     </span>
    </p>
   </div>
   <div class='ocr_carea' id='block_1_67' title="bbox 420 3595 1993 3668">
    <p class='ocr_par' dir='ltr' id='par_1_67' title="bbox 420 3595 1993 3668">
     <span class='ocr_line' id='line_1_67' title="bbox 420 3595 1993 3668; baseline -0.006 -9"><span class='ocrx_word' id='word_1_524' title='bbox 420 3604 635 3659; x_wconf 90' lang='lat' dir='ltr'><strong>inducta</strong></span> <span class='ocrx_word' id='word_1_525' title='bbox 655 3643 671 3668; x_wconf 94' lang='lat'><strong>,</strong></span> <span class='ocrx_word' id='word_1_526' title='bbox 699 3611 753 3656; x_wconf 88' lang='lat' dir='ltr'><strong>et</strong></span> <span class='ocrx_word' id='word_1_527' title='bbox 799 3601 1005 3656; x_wconf 89' lang='lat' dir='ltr'><strong>sanctis</strong></span> <span class='ocrx_word' id='word_1_528' title='bbox 1035 3598 1396 3653; x_wconf 76' lang='lat' dir='ltr'><strong>concrematis</strong></span> <span class='ocrx_word' id='word_1_529' title='bbox 1434 3605 1490 3650; x_wconf 91' lang='lat' dir='ltr'><strong>et</strong></span> <span class='ocrx_word' id='word_1_530' title='bbox 1546 3595 1831 3652; x_wconf 79' lang='lat' dir='ltr'><strong>sacriﬁciis</strong></span> <span class='ocrx_word' id='word_1_531' title='bbox 1858 3596 1993 3651; x_wconf 87' lang='lat' dir='ltr'><strong>sub-</strong></span> 
     </span>
    </p>
   </div>
   <div class='ocr_carea' id='block_1_68' title="bbox 426 3685 1993 3759">
    <p class='ocr_par' dir='ltr' id='par_1_68' title="bbox 426 3685 1993 3759">
     <span class='ocr_line' id='line_1_68' title="bbox 426 3685 1993 3759; baseline -0.003 -12"><span class='ocrx_word' id='word_1_532' title='bbox 426 3694 568 3759; x_wconf 83' lang='lat' dir='ltr'><strong>latis,</strong></span> <span class='ocrx_word' id='word_1_533' title='bbox 615 3690 1016 3747; x_wconf 87' lang='lat' dir='ltr'><strong>arbitrabantur</strong></span> <span class='ocrx_word' id='word_1_534' title='bbox 1069 3688 1304 3742; x_wconf 88' lang='lat' dir='ltr'><strong>nonnulli</strong></span> <span class='ocrx_word' id='word_1_535' title='bbox 1352 3687 1585 3744; x_wconf 73' lang='lat' dir='ltr'><strong>Massica</strong></span> <span class='ocrx_word' id='word_1_536' title='bbox 1612 3685 1852 3743; x_wconf 83' lang='lat' dir='ltr'><strong>funditus</strong></span> <span class='ocrx_word' id='word_1_537' title='bbox 1898 3687 1993 3742; x_wconf 80' lang='lat' dir='ltr'><strong>ab-</strong></span> 
     </span>
    </p>
   </div>
   <div class='ocr_carea' id='block_1_69' title="bbox 419 3776 1991 3853">
    <p class='ocr_par' dir='ltr' id='par_1_69' title="bbox 419 3776 1991 3853">
     <span class='ocr_line' id='line_1_69' title="bbox 419 3776 1991 3853; baseline -0.006 -14"><span class='ocrx_word' id='word_1_538' title='bbox 419 3782 634 3847; x_wconf 86' lang='lat' dir='ltr'><strong>olenda,</strong></span> <span class='ocrx_word' id='word_1_539' title='bbox 651 3781 818 3853; x_wconf 72' lang='lat'><strong>6&#39;73</strong></span> <span class='ocrx_word' id='word_1_540' title='bbox 842 3790 896 3836; x_wconf 94' lang='lat' dir='ltr'><strong>et</strong></span> <span class='ocrx_word' id='word_1_541' title='bbox 912 3780 1080 3850; x_wconf 89' lang='lat' dir='ltr'><strong>legem</strong></span> <span class='ocrx_word' id='word_1_542' title='bbox 1106 3778 1236 3832; x_wconf 88' lang='lat' dir='ltr'><strong>nihil</strong></span> <span class='ocrx_word' id='word_1_543' title='bbox 1252 3777 1481 3848; x_wconf 88' lang='lat' dir='ltr'><strong>amplius</strong></span> <span class='ocrx_word' id='word_1_544' title='bbox 1496 3776 1801 3841; x_wconf 86' lang='lat' dir='ltr'><strong>valituram,</strong></span> <span class='ocrx_word' id='word_1_545' title='bbox 1825 3790 1991 3844; x_wconf 85' lang='lat' dir='ltr'><strong>quan-</strong></span> 
     </span>
    </p>
   </div>
   <div class='ocr_carea' id='block_1_70' title="bbox 425 3866 1988 3945">
    <p class='ocr_par' dir='ltr' id='par_1_70' title="bbox 425 3866 1988 3945">
     <span class='ocr_line' id='line_1_70' title="bbox 425 3866 1988 3945; baseline -0.004 -17"><span class='ocrx_word' id='word_1_546' title='bbox 425 3891 586 3945; x_wconf 77' lang='lat' dir='ltr'><strong>quam</strong></span> <span class='ocrx_word' id='word_1_547' title='bbox 632 3875 866 3929; x_wconf 87' lang='lat' dir='ltr'><strong>nondum</strong></span> <span class='ocrx_word' id='word_1_548' title='bbox 919 3879 1185 3941; x_wconf 77' lang='lat' dir='ltr'><strong>praesente.</strong></span> <span class='ocrx_word' id='word_1_549' title='bbox 1224 3869 1316 3924; x_wconf 92' lang='lat' dir='ltr'><strong>illo</strong></span> <span class='ocrx_word' id='word_1_550' title='bbox 1352 3879 1595 3939; x_wconf 84' lang='lat' dir='ltr'><strong>tempore</strong></span> <span class='ocrx_word' id='word_1_551' title='bbox 1637 3882 1745 3939; x_wconf 86' lang='lat' dir='ltr'><strong>quo</strong></span> <span class='ocrx_word' id='word_1_552' title='bbox 1797 3866 1988 3934; x_wconf 82' lang='lat' dir='ltr'><strong>Unige-</strong></span> 
     </span>
    </p>
   </div>
   <div class='ocr_carea' id='block_1_71' title="bbox 425 3958 1988 4031">
    <p class='ocr_par' dir='ltr' id='par_1_71' title="bbox 425 3958 1988 4031">
     <span class='ocr_line' id='line_1_71' title="bbox 425 3958 1988 4031; baseline -0.005 -9"><span class='ocrx_word' id='word_1_553' title='bbox 425 3970 596 4022; x_wconf 86' lang='lat' dir='ltr'><strong>uitam</strong></span> <span class='ocrx_word' id='word_1_554' title='bbox 637 3974 822 4020; x_wconf 85' lang='lat' dir='ltr'><strong>natum</strong></span> <span class='ocrx_word' id='word_1_555' title='bbox 863 3965 1131 4019; x_wconf 89' lang='lat' dir='ltr'><strong>hominem</strong></span> <span class='ocrx_word' id='word_1_556' title='bbox 1152 3975 1414 4031; x_wconf 86' lang='lat' dir='ltr'><strong>apparere</strong></span> <span class='ocrx_word' id='word_1_557' title='bbox 1441 3959 1748 4031; x_wconf 85' lang='lat' dir='ltr'><strong>oportebat,</strong></span> <span class='ocrx_word' id='word_1_558' title='bbox 1786 3958 1988 4014; x_wconf 89' lang='lat' dir='ltr'><strong>idcirco</strong></span> 
     </span>
    </p>
   </div>
   <div class='ocr_carea' id='block_1_72' title="bbox 423 4051 1986 4123">
    <p class='ocr_par' dir='ltr' id='par_1_72' title="bbox 423 4051 1986 4123">
     <span class='ocr_line' id='line_1_72' title="bbox 423 4051 1986 4123; baseline -0.005 -11"><span class='ocrx_word' id='word_1_559' title='bbox 423 4059 566 4112; x_wconf 80' lang='lat' dir='ltr'><strong>Deus</strong></span> <span class='ocrx_word' id='word_1_560' title='bbox 597 4057 796 4112; x_wconf 88' lang='lat' dir='ltr'><strong>docens</strong></span> <span class='ocrx_word' id='word_1_561' title='bbox 826 4053 1080 4110; x_wconf 88' lang='lat' dir='ltr'><strong>lsraelem</strong></span> <span class='ocrx_word' id='word_1_562' title='bbox 1109 4053 1209 4108; x_wconf 88' lang='lat' dir='ltr'><strong>sub</strong></span> <span class='ocrx_word' id='word_1_563' title='bbox 1250 4053 1492 4123; x_wconf 85' lang='lat' dir='ltr'><strong>antiquis</strong></span> <span class='ocrx_word' id='word_1_564' title='bbox 1542 4051 1786 4108; x_wconf 87' lang='lat' dir='ltr'><strong>moribus</strong></span> <span class='ocrx_word' id='word_1_565' title='bbox 1840 4051 1986 4106; x_wconf 76' lang='lat' dir='ltr'><strong>lutu-</strong></span> 
     </span>
    </p>
   </div>
   <div class='ocr_carea' id='block_1_73' title="bbox 419 4142 1982 4227">
    <p class='ocr_par' dir='ltr' id='par_1_73' title="bbox 419 4142 1982 4227">
     <span class='ocr_line' id='line_1_73' title="bbox 419 4142 1982 4227; baseline -0.004 -25"><span class='ocrx_word' id='word_1_566' title='bbox 419 4163 538 4202; x_wconf 88' lang='lat' dir='ltr'><strong>rum</strong></span> <span class='ocrx_word' id='word_1_567' title='bbox 581 4156 636 4204; x_wconf 91' lang='lat' dir='ltr'><strong>et</strong></span> <span class='ocrx_word' id='word_1_568' title='bbox 662 4147 764 4204; x_wconf 88' lang='lat' dir='ltr'><strong>sub</strong></span> <span class='ocrx_word' id='word_1_569' title='bbox 792 4145 1016 4216; x_wconf 87' lang='lat' dir='ltr'><strong>imperio</strong></span> <span class='ocrx_word' id='word_1_570' title='bbox 1046 4146 1387 4201; x_wconf 82' lang='lat' dir='ltr'><strong>sacerdotum</strong></span> <span class='ocrx_word' id='word_1_571' title='bbox 1411 4151 1626 4227; x_wconf 71' lang='lat' dir='ltr'><strong>aetatem</strong></span> <span class='ocrx_word' id='word_1_572' title='bbox 1657 4142 1982 4206; x_wconf 81' lang='lat' dir='ltr'><strong>habiturum,</strong></span> 
     </span>
    </p>
   </div>
   <div class='ocr_carea' id='block_1_74' title="bbox 423 4232 1986 4307">
    <p class='ocr_par' dir='ltr' id='par_1_74' title="bbox 423 4232 1986 4307">
     <span class='ocr_line' id='line_1_74' title="bbox 423 4232 1986 4307; baseline -0.004 -15"><span class='ocrx_word' id='word_1_573' title='bbox 423 4237 565 4294; x_wconf 87' lang='lat' dir='ltr'><strong>haud</strong></span> <span class='ocrx_word' id='word_1_574' title='bbox 597 4253 750 4294; x_wconf 82' lang='lat' dir='ltr'><strong>secus</strong></span> <span class='ocrx_word' id='word_1_575' title='bbox 783 4253 944 4307; x_wconf 81' lang='lat' dir='ltr'><strong>quam</strong></span> <span class='ocrx_word' id='word_1_576' title='bbox 972 4247 1099 4292; x_wconf 84' lang='lat' dir='ltr'><strong>ante</strong></span> <span class='ocrx_word' id='word_1_577' title='bbox 1113 4237 1480 4306; x_wconf 83' lang='lat' dir='ltr'><strong>captivitatem</strong></span> <span class='ocrx_word' id='word_1_578' title='bbox 1502 4234 1808 4290; x_wconf 86' lang='lat' dir='ltr'><strong>necessario</strong></span> <span class='ocrx_word' id='word_1_579' title='bbox 1842 4232 1986 4287; x_wconf 57' lang='lat' dir='ltr'><strong>aliirc</strong></span> 
     </span>
    </p>
   </div>
   <div class='ocr_carea' id='block_1_75' title="bbox 421 4327 1983 4400">
    <p class='ocr_par' dir='ltr' id='par_1_75' title="bbox 421 4327 1983 4400">
     <span class='ocr_line' id='line_1_75' title="bbox 421 4327 1983 4400; baseline -0.003 -17"><span class='ocrx_word' id='word_1_580' title='bbox 421 4341 554 4398; x_wconf 85' lang='lat' dir='ltr'><strong>mat,</strong></span> <span class='ocrx_word' id='word_1_581' title='bbox 577 4331 620 4385; x_wconf 88' lang='lat' dir='ltr'><strong>si</strong></span> <span class='ocrx_word' id='word_1_582' title='bbox 653 4330 822 4400; x_wconf 85' lang='lat' dir='ltr'><strong>legent</strong></span> <span class='ocrx_word' id='word_1_583' title='bbox 874 4330 1085 4386; x_wconf 88' lang='lat' dir='ltr'><strong>sincere</strong></span> <span class='ocrx_word' id='word_1_584' title='bbox 1131 4328 1466 4392; x_wconf 85' lang='lat' dir='ltr'><strong>custodierit,</strong></span> <span class='ocrx_word' id='word_1_585' title='bbox 1535 4327 1706 4395; x_wconf 86' lang='lat' dir='ltr'><strong>ipsum</strong></span> <span class='ocrx_word' id='word_1_586' title='bbox 1771 4340 1983 4380; x_wconf 86' lang='lat' dir='ltr'><strong>rursum</strong></span> 
     </span>
    </p>
   </div>
   <div class='ocr_carea' id='block_1_76' title="bbox 421 4416 1982 4490">
    <p class='ocr_par' dir='ltr' id='par_1_76' title="bbox 421 4416 1982 4490">
     <span class='ocr_line' id='line_1_76' title="bbox 421 4416 1982 4490; baseline -0.003 -16"><span class='ocrx_word' id='word_1_587' title='bbox 421 4423 635 4476; x_wconf 86' lang='lat' dir='ltr'><strong>domum</strong></span> <span class='ocrx_word' id='word_1_588' title='bbox 673 4421 790 4490; x_wconf 88' lang='lat' dir='ltr'><strong>ejus</strong></span> <span class='ocrx_word' id='word_1_589' title='bbox 833 4420 1265 4488; x_wconf 89' lang='lat' dir='ltr'><strong>dijudicaturum,</strong></span> <span class='ocrx_word' id='word_1_590' title='bbox 1296 4430 1350 4474; x_wconf 89' lang='lat' dir='ltr'><strong>et</strong></span> <span class='ocrx_word' id='word_1_591' title='bbox 1397 4419 1570 4489; x_wconf 85' lang='lat' dir='ltr'><strong>prima</strong></span> <span class='ocrx_word' id='word_1_592' title='bbox 1625 4418 1794 4486; x_wconf 87' lang='lat' dir='ltr'><strong>gloria</strong></span> <span class='ocrx_word' id='word_1_593' title='bbox 1841 4416 1982 4485; x_wconf 84' lang='lat' dir='ltr'><strong>p0ti-</strong></span> 
     </span>
    </p>
   </div>
   <div class='ocr_carea' id='block_1_77' title="bbox 2094 3608 3666 3682">
    <p class='ocr_par' dir='ltr' id='par_1_77' title="bbox 2094 3608 3666 3682">
     <span class='ocr_line' id='line_1_77' title="bbox 2094 3608 3666 3682; baseline 0.001 -21"><span class='ocrx_word' id='word_1_594' title='bbox 2094 3608 2331 3671; x_wconf 87' lang='grc' dir='ltr'>αλωσίας</span> <span class='ocrx_word' id='word_1_595' title='bbox 2359 3610 2606 3680; x_wconf 83' lang='grc' dir='ltr'>καιροὺς,</span> <span class='ocrx_word' id='word_1_596' title='bbox 2636 3608 2776 3664; x_wconf 85' lang='grc' dir='ltr'>ὥστε</span> <span class='ocrx_word' id='word_1_597' title='bbox 2803 3609 2931 3671; x_wconf 83' lang='grc' dir='ltr'>τοὺς</span> <span class='ocrx_word' id='word_1_598' title='bbox 2967 3609 3342 3678; x_wconf 83' lang='grc' dir='ltr'>ἱερατεύοντας</span> <span class='ocrx_word' id='word_1_599' title='bbox 3372 3609 3666 3682; x_wconf 81' lang='grc' dir='ltr'>κατάρχειν</span> 
     </span>
    </p>
   </div>
   <div class='ocr_carea' id='block_1_78' title="bbox 2088 3698 3662 3771">
    <p class='ocr_par' dir='ltr' id='par_1_78' title="bbox 2088 3698 3662 3771">
     <span class='ocr_line' id='line_1_78' title="bbox 2088 3698 3662 3771; baseline 0.001 -18"><span class='ocrx_word' id='word_1_600' title='bbox 2088 3699 2184 3753; x_wconf 85' lang='grc' dir='ltr'><strong>τοῦ</strong></span> <span class='ocrx_word' id='word_1_601' title='bbox 2212 3699 2452 3771; x_wconf 79' lang='grc' dir='ltr'>Ἰσραὴλ,</span> <span class='ocrx_word' id='word_1_602' title='bbox 2489 3699 2581 3753; x_wconf 75' lang='grc' dir='ltr'>καὶ</span> <span class='ocrx_word' id='word_1_603' title='bbox 2628 3700 2725 3770; x_wconf 81' lang='grc' dir='ltr'><strong>τὴν</strong></span> <span class='ocrx_word' id='word_1_604' title='bbox 2776 3699 2939 3767; x_wconf 80' lang='grc' dir='ltr'>ἁγίαν</span> <span class='ocrx_word' id='word_1_605' title='bbox 2985 3698 3188 3752; x_wconf 81' lang='grc' dir='ltr'>διέπειν</span> <span class='ocrx_word' id='word_1_606' title='bbox 3233 3699 3386 3754; x_wconf 87' lang='grc' dir='ltr'>πόλιν</span> <span class='ocrx_word' id='word_1_607' title='bbox 3426 3701 3662 3771; x_wconf 80' lang='grc' dir='ltr'>ἐκείνην.</span> 
     </span>
    </p>
   </div>
   <div class='ocr_carea' id='block_1_79' title="bbox 2104 3789 3668 3863">
    <p class='ocr_par' dir='ltr' id='par_1_79' title="bbox 2104 3789 3668 3863">
     <span class='ocr_line' id='line_1_79' title="bbox 2104 3789 3668 3863; baseline 0 -17"><span class='ocrx_word' id='word_1_608' title='bbox 2104 3790 2321 3862; x_wconf 79' lang='grc' dir='ltr'>Ἐπειδὴ</span> <span class='ocrx_word' id='word_1_609' title='bbox 2369 3791 2478 3863; x_wconf 78' lang='grc' dir='ltr'>γὰρ</span> <span class='ocrx_word' id='word_1_610' title='bbox 2525 3789 2810 3860; x_wconf 77' lang='grc' dir='ltr'>συμϐάσης</span> <span class='ocrx_word' id='word_1_611' title='bbox 2858 3789 2956 3861; x_wconf 82' lang='grc' dir='ltr'>τῆς</span> <span class='ocrx_word' id='word_1_612' title='bbox 3003 3789 3396 3861; x_wconf 79' lang='grc' dir='ltr'>αἰχμαλωσίας,</span> <span class='ocrx_word' id='word_1_613' title='bbox 3434 3792 3668 3846; x_wconf 74' lang='grc' dir='ltr'>καὶτῶν</span> 
     </span>
    </p>
   </div>
   <div class='ocr_carea' id='block_1_80' title="bbox 2090 3880 3665 3954">
    <p class='ocr_par' dir='ltr' id='par_1_80' title="bbox 2090 3880 3665 3954">
     <span class='ocr_line' id='line_1_80' title="bbox 2090 3880 3665 3954; baseline 0.001 -18"><span class='ocrx_word' id='word_1_614' title='bbox 2090 3882 2259 3950; x_wconf 79' lang='grc' dir='ltr'>ἁγίων</span> <span class='ocrx_word' id='word_1_615' title='bbox 2289 3881 2788 3954; x_wconf 75' lang='grc' dir='ltr'>ἐμπεπρησμένων,</span> <span class='ocrx_word' id='word_1_616' title='bbox 2823 3881 2919 3942; x_wconf 70' lang='grc' dir='ltr'>καὶ</span> <span class='ocrx_word' id='word_1_617' title='bbox 2942 3880 3132 3948; x_wconf 79' lang='grc' dir='ltr'>θυσίας</span> <span class='ocrx_word' id='word_1_618' title='bbox 3149 3882 3330 3936; x_wconf 87' lang='grc' dir='ltr'>ούκέτι</span> <span class='ocrx_word' id='word_1_619' title='bbox 3365 3901 3665 3954; x_wconf 86' lang='grc' dir='ltr'>προσκεκο-</span> 
     </span>
    </p>
   </div>
   <div class='ocr_carea' id='block_1_81' title="bbox 2093 3971 3665 4045">
    <p class='ocr_par' dir='ltr' id='par_1_81' title="bbox 2093 3971 3665 4045">
     <span class='ocr_line' id='line_1_81' title="bbox 2093 3971 3665 4045; baseline -0.001 -17"><span class='ocrx_word' id='word_1_620' title='bbox 2093 3973 2379 4045; x_wconf 84' lang='grc' dir='ltr'>μισμένης,</span> <span class='ocrx_word' id='word_1_621' title='bbox 2410 3971 2578 4043; x_wconf 76' lang='grc' dir='ltr'>ᾤοντό</span> <span class='ocrx_word' id='word_1_622' title='bbox 2618 3989 2763 4035; x_wconf 86' lang='grc' dir='ltr'>τινες</span> <span class='ocrx_word' id='word_1_623' title='bbox 2809 3972 2944 4043; x_wconf 82' lang='grc' dir='ltr'>πρὸς</span> <span class='ocrx_word' id='word_1_624' title='bbox 3001 3973 3312 4044; x_wconf 79' lang='grc' dir='ltr'>ἀνατροπὴν</span> <span class='ocrx_word' id='word_1_625' title='bbox 3347 3974 3665 4045; x_wconf 75' lang='grc' dir='ltr'>οἰχήσεσθαι</span> 
     </span>
    </p>
   </div>
   <div class='ocr_carea' id='block_1_82' title="bbox 2089 4063 3661 4136">
    <p class='ocr_par' dir='ltr' id='par_1_82' title="bbox 2089 4063 3661 4136">
     <span class='ocr_line' id='line_1_82' title="bbox 2089 4063 3661 4136; baseline -0.001 -17"><span class='ocrx_word' id='word_1_626' title='bbox 2089 4065 2327 4134; x_wconf 82' lang='grc' dir='ltr'>παντελῆ</span> <span class='ocrx_word' id='word_1_627' title='bbox 2371 4064 2443 4119; x_wconf 83' lang='grc' dir='ltr'>τὰ</span> <span class='ocrx_word' id='word_1_628' title='bbox 2473 4063 2737 4128; x_wconf 77' lang='grc' dir='ltr'>Μωσέως,</span> <span class='ocrx_word' id='word_1_629' title='bbox 2783 4065 2877 4118; x_wconf 73' lang='grc' dir='ltr'>καὶ</span> <span class='ocrx_word' id='word_1_630' title='bbox 2923 4065 3295 4136; x_wconf 81' lang='grc' dir='ltr'>ἀπρακτήσειν</span> <span class='ocrx_word' id='word_1_631' title='bbox 3344 4067 3434 4119; x_wconf 86' lang='grc' dir='ltr'>τὸν</span> <span class='ocrx_word' id='word_1_632' title='bbox 3475 4066 3661 4136; x_wconf 81' lang='grc' dir='ltr'>νόμον,</span> 
     </span>
    </p>
   </div>
   <div class='ocr_carea' id='block_1_83' title="bbox 2088 4153 3661 4228">
    <p class='ocr_par' dir='ltr' id='par_1_83' title="bbox 2088 4153 3661 4228">
     <span class='ocr_line' id='line_1_83' title="bbox 2088 4153 3661 4228; baseline 0 -18"><span class='ocrx_word' id='word_1_633' title='bbox 2088 4157 2262 4210; x_wconf 82' lang='grc' dir='ltr'>καίτοι</span> <span class='ocrx_word' id='word_1_634' title='bbox 2309 4156 2476 4228; x_wconf 82' lang='grc' dir='ltr'>μήπω</span> <span class='ocrx_word' id='word_1_635' title='bbox 2526 4155 2791 4226; x_wconf 80' lang='grc' dir='ltr'>παρόντος</span> <span class='ocrx_word' id='word_1_636' title='bbox 2822 4153 2914 4207; x_wconf 87' lang='grc' dir='ltr'><strong>τοῦ</strong></span> <span class='ocrx_word' id='word_1_637' title='bbox 2954 4153 3170 4225; x_wconf 80' lang='grc' dir='ltr'>καιροῦ,</span> <span class='ocrx_word' id='word_1_638' title='bbox 3198 4156 3319 4209; x_wconf 82' lang='grc' dir='ltr'>καθ’</span> <span class='ocrx_word' id='word_1_639' title='bbox 3348 4156 3406 4210; x_wconf 88' lang='grc' dir='ltr'><strong>δν</strong></span> <span class='ocrx_word' id='word_1_640' title='bbox 3449 4157 3661 4212; x_wconf 88' lang='grc' dir='ltr'>ἀναδεί-</span> 
     </span>
    </p>
   </div>
   <div class='ocr_carea' id='block_1_84' title="bbox 2088 4246 3657 4322">
    <p class='ocr_par' dir='ltr' id='par_1_84' title="bbox 2088 4246 3657 4322">
     <span class='ocr_line' id='line_1_84' title="bbox 2088 4246 3657 4322; baseline -0.006 -20"><span class='ocrx_word' id='word_1_641' title='bbox 2088 4247 2314 4302; x_wconf 79' lang='grc' dir='ltr'>κνυσθαι</span> <span class='ocrx_word' id='word_1_642' title='bbox 2339 4249 2506 4318; x_wconf 75' lang='grc' dir='ltr'>ἐχρῆν</span> <span class='ocrx_word' id='word_1_643' title='bbox 2531 4246 2990 4317; x_wconf 80' lang='grc' dir='ltr'>ὲνηνθρωπηκότα</span> <span class='ocrx_word' id='word_1_644' title='bbox 3009 4247 3100 4301; x_wconf 86' lang='grc' dir='ltr'><strong>τὸν</strong></span> <span class='ocrx_word' id='word_1_645' title='bbox 3122 4248 3400 4320; x_wconf 74' lang='grc' dir='ltr'>Μονογενῆ</span> <span class='ocrx_word' id='word_1_646' title='bbox 3417 4267 3430 4281; x_wconf 77' lang='grc' dir='ltr'><strong><em>ο</em></strong></span> <span class='ocrx_word' id='word_1_647' title='bbox 3460 4250 3657 4322; x_wconf 71' lang='grc' dir='ltr'>ταύτῃ-</span> 
     </span>
    </p>
   </div>
   <div class='ocr_carea' id='block_1_85' title="bbox 2085 4337 3660 4411">
    <p class='ocr_par' dir='ltr' id='par_1_85' title="bbox 2085 4337 3660 4411">
     <span class='ocr_line' id='line_1_85' title="bbox 2085 4337 3660 4411; baseline -0.006 -17"><span class='ocrx_word' id='word_1_648' title='bbox 2085 4357 2166 4394; x_wconf 89' lang='grc' dir='ltr'><strong>τοι</strong></span> <span class='ocrx_word' id='word_1_649' title='bbox 2197 4338 2330 4402; x_wconf 84' lang='grc' dir='ltr'>Θεὸς</span> <span class='ocrx_word' id='word_1_650' title='bbox 2358 4337 2686 4404; x_wconf 79' lang='grc' dir='ltr'>ἀναπείθων,</span> <span class='ocrx_word' id='word_1_651' title='bbox 2724 4340 2805 4394; x_wconf 82' lang='grc' dir='ltr'>ὅτι</span> <span class='ocrx_word' id='word_1_652' title='bbox 2833 4341 2944 4403; x_wconf 82' lang='grc' dir='ltr'>τοῖς</span> <span class='ocrx_word' id='word_1_653' title='bbox 2976 4340 3218 4411; x_wconf 84' lang='grc' dir='ltr'>ἀρχαίοις</span> <span class='ocrx_word' id='word_1_654' title='bbox 3241 4341 3419 4398; x_wconf 79' lang='grc' dir='ltr'>ἔθεσιν</span> <span class='ocrx_word' id='word_1_655' title='bbox 3445 4343 3660 4398; x_wconf 83' lang='grc' dir='ltr'>ὐποκεί-</span> 
     </span>
    </p>
   </div>
   <div class='ocr_carea' id='block_1_86' title="bbox 2087 4429 3660 4505">
    <p class='ocr_par' dir='ltr' id='par_1_86' title="bbox 2087 4429 3660 4505">
     <span class='ocr_line' id='line_1_86' title="bbox 2087 4429 3660 4505; baseline 0.004 -21"><span class='ocrx_word' id='word_1_656' title='bbox 2087 4446 2237 4484; x_wconf 82' lang='grc' dir='ltr'>σεται</span> <span class='ocrx_word' id='word_1_657' title='bbox 2280 4429 2440 4485; x_wconf 83' lang='grc' dir='ltr'>πάλιν</span> <span class='ocrx_word' id='word_1_658' title='bbox 2491 4431 2520 4482; x_wconf 83' lang='grc' dir='ltr'><strong>ὁ</strong></span> <span class='ocrx_word' id='word_1_659' title='bbox 2549 4429 2785 4500; x_wconf 75' lang='grc' dir='ltr'>Ἰσραὴλ,</span> <span class='ocrx_word' id='word_1_660' title='bbox 2823 4430 2914 4488; x_wconf 75' lang='grc' dir='ltr'>καὶ</span> <span class='ocrx_word' id='word_1_661' title='bbox 2963 4431 3070 4486; x_wconf 78' lang='grc' dir='ltr'>ὑπὸ</span> <span class='ocrx_word' id='word_1_662' title='bbox 3111 4436 3269 4505; x_wconf 85' lang='grc' dir='ltr'>χεῖρα</span> <span class='ocrx_word' id='word_1_663' title='bbox 3315 4435 3510 4504; x_wconf 78' lang='grc' dir='ltr'>πράξει</span> <span class='ocrx_word' id='word_1_664' title='bbox 3549 4437 3660 4490; x_wconf 86' lang='grc' dir='ltr'>τῶν</span> 
     </span>
    </p>
   </div>
   <div class='ocr_carea' id='block_1_87' title="bbox 420 4509 1989 4594">
    <p class='ocr_par' dir='ltr' id='par_1_87' title="bbox 420 4509 1984 4576">
     <span class='ocr_line' id='line_1_87' title="bbox 420 4509 1984 4576; baseline -0.002 -12"><span class='ocrx_word' id='word_1_665' title='bbox 420 4524 619 4576; x_wconf 88' lang='lat' dir='ltr'><strong>turum,</strong></span> <span class='ocrx_word' id='word_1_666' title='bbox 645 4526 769 4567; x_wconf 88' lang='lat' dir='ltr'><strong>eum</strong></span> <span class='ocrx_word' id='word_1_667' title='bbox 811 4512 866 4566; x_wconf 81' lang='lat' dir='ltr'><strong>in</strong></span> <span class='ocrx_word' id='word_1_668' title='bbox 897 4527 1053 4568; x_wconf 91' lang='lat' dir='ltr'><strong>sacro</strong></span> <span class='ocrx_word' id='word_1_669' title='bbox 1079 4511 1378 4566; x_wconf 88' lang='lat' dir='ltr'><strong>ministerio</strong></span> <span class='ocrx_word' id='word_1_670' title='bbox 1411 4509 1573 4564; x_wconf 86' lang='lat' dir='ltr'><strong>etiam</strong></span> <span class='ocrx_word' id='word_1_671' title='bbox 1644 4509 1850 4563; x_wconf 84' lang='lat' dir='ltr'><strong>sanctis</strong></span> <span class='ocrx_word' id='word_1_672' title='bbox 1890 4523 1984 4561; x_wconf 90' lang='lat' dir='ltr'><strong>an-</strong></span> 
     </span>
    </p>
   </div>
   <div class='ocr_carea' id='block_1_88' title="bbox 2088 4509 3659 4594">
    <p class='ocr_par' dir='ltr' id='par_1_88' title="bbox 2089 4519 3659 4594">
     <span class='ocr_line' id='line_1_88' title="bbox 2089 4519 3659 4594; baseline 0.008 -22"><span class='ocrx_word' id='word_1_673' title='bbox 2089 4519 2299 4590; x_wconf 85' lang='grc' dir='ltr'>ίερέων,</span> <span class='ocrx_word' id='word_1_674' title='bbox 2327 4519 2471 4576; x_wconf 76' lang='grc' dir='ltr'>καθὰ</span> <span class='ocrx_word' id='word_1_675' title='bbox 2508 4521 2602 4574; x_wconf 70' lang='grc' dir='ltr'>καὶ</span> <span class='ocrx_word' id='word_1_676' title='bbox 2641 4519 2749 4591; x_wconf 82' lang='grc' dir='ltr'><strong>πρὸ</strong></span> <span class='ocrx_word' id='word_1_677' title='bbox 2780 4521 2880 4592; x_wconf 83' lang='grc' dir='ltr'>τῆς</span> <span class='ocrx_word' id='word_1_678' title='bbox 2918 4522 3312 4593; x_wconf 79' lang='grc' dir='ltr'>αἰχμαλωσίας,</span> <span class='ocrx_word' id='word_1_679' title='bbox 3343 4527 3659 4594; x_wconf 80' lang='grc' dir='ltr'>ἀναγκαίως</span> 
     </span>
    </p>
   </div>
   <div class='ocr_carea' id='block_1_89' title="bbox 418 4601 1981 4672">
    <p class='ocr_par' dir='ltr' id='par_1_89' title="bbox 418 4601 1981 4672">
     <span class='ocr_line' id='line_1_89' title="bbox 418 4601 1981 4672; baseline -0.004 -14"><span class='ocrx_word' id='word_1_680' title='bbox 418 4605 550 4672; x_wconf 68' lang='lat' dir='ltr'><strong>gelis</strong></span> <span class='ocrx_word' id='word_1_681' title='bbox 584 4602 987 4672; x_wconf 81' lang='lat' dir='ltr'><strong>adjuvantibus.</strong></span> <span class='ocrx_word' id='word_1_682' title='bbox 1022 4601 1137 4658; x_wconf 83' lang='lat' dir='ltr'><strong>Non</strong></span> <span class='ocrx_word' id='word_1_683' title='bbox 1169 4603 1313 4658; x_wconf 90' lang='lat' dir='ltr'><strong>enim</strong></span> <span class='ocrx_word' id='word_1_684' title='bbox 1361 4602 1466 4656; x_wconf 91' lang='lat' dir='ltr'><strong>dici</strong></span> <span class='ocrx_word' id='word_1_685' title='bbox 1525 4609 1699 4671; x_wconf 88' lang='lat' dir='ltr'><strong>potest</strong></span> <span class='ocrx_word' id='word_1_686' title='bbox 1746 4609 1981 4654; x_wconf 80' lang='lat' dir='ltr'><strong>veterem</strong></span> 
     </span>
    </p>
   </div>
   <div class='ocr_carea' id='block_1_90' title="bbox 418 4693 1983 4765">
    <p class='ocr_par' dir='ltr' id='par_1_90' title="bbox 418 4693 1983 4765">
     <span class='ocr_line' id='line_1_90' title="bbox 418 4693 1983 4765; baseline -0.004 -15"><span class='ocrx_word' id='word_1_687' title='bbox 418 4695 587 4765; x_wconf 79' lang='lat' dir='ltr'><strong>legem</strong></span> <span class='ocrx_word' id='word_1_688' title='bbox 620 4695 912 4750; x_wconf 89' lang='lat' dir='ltr'><strong>virtutibus</strong></span> <span class='ocrx_word' id='word_1_689' title='bbox 936 4693 1362 4762; x_wconf 80' lang='lat' dir='ltr'><strong>intelligentihus</strong></span> <span class='ocrx_word' id='word_1_690' title='bbox 1426 4693 1734 4748; x_wconf 86' lang='lat' dir='ltr'><strong>destitutam</strong></span> <span class='ocrx_word' id='word_1_691' title='bbox 1784 4693 1983 4746; x_wconf 78' lang='lat' dir='ltr'><strong>fuisse.</strong></span> 
     </span>
    </p>
   </div>
   <div class='ocr_carea' id='block_1_91' title="bbox 417 4783 1984 4854">
    <p class='ocr_par' dir='ltr' id='par_1_91' title="bbox 417 4783 1984 4854">
     <span class='ocr_line' id='line_1_91' title="bbox 417 4783 1984 4854; baseline 0 -16"><span class='ocrx_word' id='word_1_692' title='bbox 417 4785 476 4838; x_wconf 89' lang='lat' dir='ltr'><strong>Si</strong></span> <span class='ocrx_word' id='word_1_693' title='bbox 515 4784 658 4839; x_wconf 90' lang='lat' dir='ltr'><strong>enim</strong></span> <span class='ocrx_word' id='word_1_694' title='bbox 687 4784 877 4854; x_wconf 85' lang='lat' dir='ltr'><strong>legalia</strong></span> <span class='ocrx_word' id='word_1_695' title='bbox 907 4785 992 4838; x_wconf 90' lang='lat' dir='ltr'><strong>illa</strong></span> <span class='ocrx_word' id='word_1_696' title='bbox 1027 4785 1135 4854; x_wconf 86' lang='lat' dir='ltr'><strong>typi</strong></span> <span class='ocrx_word' id='word_1_697' title='bbox 1166 4797 1219 4839; x_wconf 89' lang='lat' dir='ltr'><strong>et</strong></span> <span class='ocrx_word' id='word_1_698' title='bbox 1252 4786 1456 4839; x_wconf 70' lang='lat' dir='ltr'><strong>umbrat</strong></span> <span class='ocrx_word' id='word_1_699' title='bbox 1499 4792 1685 4848; x_wconf 87' lang='lat' dir='ltr'><strong>erant,</strong></span> <span class='ocrx_word' id='word_1_700' title='bbox 1736 4797 1867 4852; x_wconf 84' lang='lat' dir='ltr'><strong>ergo</strong></span> <span class='ocrx_word' id='word_1_701' title='bbox 1918 4783 1984 4838; x_wconf 89' lang='lat' dir='ltr'><strong>ad</strong></span> 
     </span>
    </p>
   </div>
   <div class='ocr_carea' id='block_1_92' title="bbox 422 4866 1982 4948">
    <p class='ocr_par' dir='ltr' id='par_1_92' title="bbox 422 4866 1982 4948">
     <span class='ocr_line' id='line_1_92' title="bbox 422 4866 1982 4948; baseline 0.001 -20"><span class='ocrx_word' id='word_1_702' title='bbox 422 4875 510 4932; x_wconf 90' lang='lat' dir='ltr'><strong>Dei</strong></span> <span class='ocrx_word' id='word_1_703' title='bbox 538 4876 762 4948; x_wconf 85' lang='lat' dir='ltr'><strong>gloriam</strong></span> <span class='ocrx_word' id='word_1_704' title='bbox 797 4876 1214 4945; x_wconf 82' lang='lat' dir='ltr'><strong>peragebantur.</strong></span> <span class='ocrx_word' id='word_1_705' title='bbox 1249 4872 1364 4931; x_wconf 81' lang='lat' dir='ltr'><strong>Hoc</strong></span> <span class='ocrx_word' id='word_1_706' title='bbox 1403 4877 1597 4946; x_wconf 90' lang='lat' dir='ltr'><strong>opinor</strong></span> <span class='ocrx_word' id='word_1_707' title='bbox 1640 4866 1742 4929; x_wconf 84' lang='lat' dir='ltr'><strong>sibi</strong></span> <span class='ocrx_word' id='word_1_708' title='bbox 1798 4874 1937 4930; x_wconf 87' lang='lat' dir='ltr'><strong>velle</strong></span> <span class='ocrx_word' id='word_1_709' title='bbox 1967 4894 1982 4930; x_wconf 92' lang='lat'><strong>:</strong></span> 
     </span>
    </p>
   </div>
   <div class='ocr_carea' id='block_1_93' title="bbox 424 4965 1980 5029">
    <p class='ocr_par' dir='ltr' id='par_1_93' title="bbox 424 4965 1980 5029">
     <span class='ocr_line' id='line_1_93' title="bbox 424 4965 1980 5029; baseline -0.001 -10"><span class='ocrx_word' id='word_1_710' title='bbox 424 4987 440 5016; x_wconf 70' lang='grc' dir='ltr'><strong>ε</strong></span> <span class='ocrx_word' id='word_1_711' title='bbox 480 4965 626 5020; x_wconf 86' lang='lat' dir='ltr'><strong>Dabo</strong></span> <span class='ocrx_word' id='word_1_712' title='bbox 651 4966 744 5020; x_wconf 90' lang='lat' dir='ltr'><strong>tibi</strong></span> <span class='ocrx_word' id='word_1_713' title='bbox 775 4977 1157 5022; x_wconf 82' lang='lat' dir='ltr'><strong>conversantes</strong></span> <span class='ocrx_word' id='word_1_714' title='bbox 1176 4967 1226 5020; x_wconf 86' lang='lat' dir='ltr'><strong>in</strong></span> <span class='ocrx_word' id='word_1_715' title='bbox 1248 4967 1425 5021; x_wconf 90' lang='lat' dir='ltr'><strong>medio</strong></span> <span class='ocrx_word' id='word_1_716' title='bbox 1450 4966 1704 5021; x_wconf 89' lang='lat' dir='ltr'><strong>stantium</strong></span> <span class='ocrx_word' id='word_1_717' title='bbox 1732 4966 1980 5029; x_wconf 79' lang='lat' dir='ltr'><strong>horum,t</strong></span> 
     </span>
    </p>
   </div>
   <div class='ocr_carea' id='block_1_94' title="bbox 418 5057 1985 5128">
    <p class='ocr_par' dir='ltr' id='par_1_94' title="bbox 418 5057 1985 5128">
     <span class='ocr_line' id='line_1_94' title="bbox 418 5057 1985 5128; baseline 0.001 -17"><span class='ocrx_word' id='word_1_718' title='bbox 418 5059 520 5113; x_wconf 87' lang='lat' dir='ltr'><strong>hoc</strong></span> <span class='ocrx_word' id='word_1_719' title='bbox 562 5070 666 5123; x_wconf 87' lang='lat' dir='ltr'><strong>est,</strong></span> <span class='ocrx_word' id='word_1_720' title='bbox 717 5059 1100 5128; x_wconf 88' lang='lat' dir='ltr'><strong>prapemodum</strong></span> <span class='ocrx_word' id='word_1_721' title='bbox 1139 5074 1244 5113; x_wconf 91' lang='lat' dir='ltr'><strong>una</strong></span> <span class='ocrx_word' id='word_1_722' title='bbox 1302 5057 1672 5113; x_wconf 79' lang='lat' dir='ltr'><strong>sacrificantes</strong></span> <span class='ocrx_word' id='word_1_723' title='bbox 1709 5067 1765 5112; x_wconf 88' lang='lat' dir='ltr'><strong>et</strong></span> <span class='ocrx_word' id='word_1_724' title='bbox 1809 5058 1985 5113; x_wconf 85' lang='lat' dir='ltr'><strong>sacris</strong></span> 
     </span>
    </p>
   </div>
   <div class='ocr_carea' id='block_1_95' title="bbox 418 5146 1985 5220">
    <p class='ocr_par' dir='ltr' id='par_1_95' title="bbox 418 5146 1985 5220">
     <span class='ocr_line' id='line_1_95' title="bbox 418 5146 1985 5220; baseline 0.003 -20"><span class='ocrx_word' id='word_1_725' title='bbox 418 5148 606 5202; x_wconf 78' lang='lat' dir='ltr'><strong>ciliciis</strong></span> <span class='ocrx_word' id='word_1_726' title='bbox 639 5147 792 5202; x_wconf 88' lang='lat' dir='ltr'><strong>simul</strong></span> <span class='ocrx_word' id='word_1_727' title='bbox 851 5149 1132 5220; x_wconf 83' lang='lat' dir='ltr'><strong>fungentes</strong></span> <span class='ocrx_word' id='word_1_728' title='bbox 1191 5148 1430 5219; x_wconf 90' lang='lat' dir='ltr'><strong>angelos.</strong></span> <span class='ocrx_word' id='word_1_729' title='bbox 1495 5146 1775 5218; x_wconf 84' lang='lat' dir='ltr'><strong>Perpende</strong></span> <span class='ocrx_word' id='word_1_730' title='bbox 1822 5164 1985 5219; x_wconf 88' lang='lat' dir='ltr'><strong>porro</strong></span> 
     </span>
    </p>
   </div>
   <div class='ocr_carea' id='block_1_96' title="bbox 419 5239 1982 5311">
    <p class='ocr_par' dir='ltr' id='par_1_96' title="bbox 419 5239 1982 5311">
     <span class='ocr_line' id='line_1_96' title="bbox 419 5239 1982 5311; baseline 0.002 -19"><span class='ocrx_word' id='word_1_731' title='bbox 419 5241 686 5309; x_wconf 87' lang='lat' dir='ltr'><strong>quomodo</strong></span> <span class='ocrx_word' id='word_1_732' title='bbox 718 5240 914 5310; x_wconf 88' lang='lat' dir='ltr'><strong>ubique</strong></span> <span class='ocrx_word' id='word_1_733' title='bbox 939 5255 1092 5295; x_wconf 86' lang='lat' dir='ltr'><strong>sacra</strong></span> <span class='ocrx_word' id='word_1_734' title='bbox 1125 5239 1404 5309; x_wconf 84' lang='lat' dir='ltr'><strong>Scriptura</strong></span> <span class='ocrx_word' id='word_1_735' title='bbox 1437 5239 1659 5308; x_wconf 84' lang='lat' dir='ltr'><strong>angelos</strong></span> <span class='ocrx_word' id='word_1_736' title='bbox 1690 5250 1841 5296; x_wconf 83' lang='lat' dir='ltr'><strong>stare</strong></span> <span class='ocrx_word' id='word_1_737' title='bbox 1866 5255 1982 5311; x_wconf 83' lang='lat' dir='ltr'><strong>pro-</strong></span> 
     </span>
    </p>
   </div>
   <div class='ocr_carea' id='block_1_97' title="bbox 420 5331 1980 5404">
    <p class='ocr_par' dir='ltr' id='par_1_97' title="bbox 420 5331 1980 5404">
     <span class='ocr_line' id='line_1_97' title="bbox 420 5331 1980 5404; baseline 0.003 -19"><span class='ocrx_word' id='word_1_738' title='bbox 420 5332 647 5396; x_wconf 90' lang='lat' dir='ltr'><strong>nuntiet,</strong></span> <span class='ocrx_word' id='word_1_739' title='bbox 665 5333 912 5388; x_wconf 87' lang='lat' dir='ltr'><strong>stationis</strong></span> <span class='ocrx_word' id='word_1_740' title='bbox 947 5332 1206 5388; x_wconf 82' lang='lat' dir='ltr'><strong>vocabulo</strong></span> <span class='ocrx_word' id='word_1_741' title='bbox 1249 5331 1567 5402; x_wconf 78' lang='lat' dir='ltr'><strong>signiﬁcans</strong></span> <span class='ocrx_word' id='word_1_742' title='bbox 1599 5349 1694 5389; x_wconf 86' lang='lat' dir='ltr'><strong>cos</strong></span> <span class='ocrx_word' id='word_1_743' title='bbox 1753 5334 1980 5404; x_wconf 62' lang='lat' dir='ltr'><strong>ignavia</strong></span> 
     </span>
    </p>
   </div>
   <div class='ocr_carea' id='block_1_98' title="bbox 421 5422 1978 5487">
    <p class='ocr_par' dir='ltr' id='par_1_98' title="bbox 421 5422 1978 5487">
     <span class='ocr_line' id='line_1_98' title="bbox 421 5422 1978 5487; baseline 0.003 -13"><span class='ocrx_word' id='word_1_744' title='bbox 421 5436 524 5474; x_wconf 88' lang='lat' dir='ltr'><strong>nou</strong></span> <span class='ocrx_word' id='word_1_745' title='bbox 552 5424 922 5487; x_wconf 86' lang='lat' dir='ltr'><strong>succumbere,</strong></span> <span class='ocrx_word' id='word_1_746' title='bbox 974 5425 1066 5476; x_wconf 84' lang='lat' dir='ltr'><strong>sed</strong></span> <span class='ocrx_word' id='word_1_747' title='bbox 1108 5433 1338 5477; x_wconf 86' lang='lat' dir='ltr'><strong>mentem</strong></span> <span class='ocrx_word' id='word_1_748' title='bbox 1367 5422 1508 5476; x_wconf 90' lang='lat' dir='ltr'><strong>velut</strong></span> <span class='ocrx_word' id='word_1_749' title='bbox 1535 5431 1793 5486; x_wconf 86' lang='lat' dir='ltr'><strong>erectam,</strong></span> <span class='ocrx_word' id='word_1_750' title='bbox 1820 5431 1876 5480; x_wconf 84' lang='lat' dir='ltr'><strong>et</strong></span> <span class='ocrx_word' id='word_1_751' title='bbox 1898 5423 1978 5478; x_wconf 88' lang='lat' dir='ltr'><strong>in-</strong></span> 
     </span>
    </p>
   </div>
   <div class='ocr_carea' id='block_1_99' title="bbox 2086 4608 3656 4688">
    <p class='ocr_par' dir='ltr' id='par_1_99' title="bbox 2086 4608 3656 4688">
     <span class='ocr_line' id='line_1_99' title="bbox 2086 4608 3656 4688; baseline 0.006 -27"><span class='ocrx_word' id='word_1_752' title='bbox 2086 4609 2271 4678; x_wconf 72' lang='grc' dir='ltr'>φησὶν,</span> <span class='ocrx_word' id='word_1_753' title='bbox 2300 4608 2376 4672; x_wconf 77' lang='grc' dir='ltr'>ὡς</span> <span class='ocrx_word' id='word_1_754' title='bbox 2421 4610 2474 4666; x_wconf 69' lang='grc' dir='ltr'>εἰ</span> <span class='ocrx_word' id='word_1_755' title='bbox 2503 4609 2714 4679; x_wconf 83' lang='grc' dir='ltr'>γένοιτο</span> <span class='ocrx_word' id='word_1_756' title='bbox 2759 4611 2980 4682; x_wconf 83' lang='grc' dir='ltr'>γνήσιος</span> <span class='ocrx_word' id='word_1_757' title='bbox 3021 4615 3332 4684; x_wconf 72' lang='grc' dir='ltr'>νομοφύλαξ</span> <span class='ocrx_word' id='word_1_758' title='bbox 3370 4619 3398 4671; x_wconf 83' lang='grc' dir='ltr'>ὁ</span> <span class='ocrx_word' id='word_1_759' title='bbox 3431 4617 3656 4688; x_wconf 81' lang='grc' dir='ltr'>Ἰησοῦς,</span> 
     </span>
    </p>
   </div>
   <div class='ocr_carea' id='block_1_100' title="bbox 2084 4699 3666 4779">
    <p class='ocr_par' dir='ltr' id='par_1_100' title="bbox 2084 4699 3666 4779">
     <span class='ocr_line' id='line_1_100' title="bbox 2084 4699 3666 4779; baseline 0.004 -26"><span class='ocrx_word' id='word_1_760' title='bbox 2084 4701 2244 4764; x_wconf 80' lang='grc' dir='ltr'>αὐτὸς</span> <span class='ocrx_word' id='word_1_761' title='bbox 2279 4700 2440 4760; x_wconf 82' lang='grc' dir='ltr'>πάλιν</span> <span class='ocrx_word' id='word_1_762' title='bbox 2485 4702 2750 4772; x_wconf 82' lang='grc' dir='ltr'>διακρινεῖ</span> <span class='ocrx_word' id='word_1_763' title='bbox 2779 4705 2873 4756; x_wconf 85' lang='grc' dir='ltr'><strong>τὸν</strong></span> <span class='ocrx_word' id='word_1_764' title='bbox 2919 4699 3064 4758; x_wconf 75' lang='grc' dir='ltr'>οἷκον</span> <span class='ocrx_word' id='word_1_765' title='bbox 3103 4705 3288 4770; x_wconf 84' lang='grc' dir='ltr'>αὐτοῦ,</span> <span class='ocrx_word' id='word_1_766' title='bbox 3321 4708 3415 4761; x_wconf 80' lang='grc' dir='ltr'>καὶ</span> <span class='ocrx_word' id='word_1_767' title='bbox 3447 4709 3505 4761; x_wconf 80' lang='grc' dir='ltr'><strong>ὲν</strong></span> <span class='ocrx_word' id='word_1_768' title='bbox 3534 4708 3666 4779; x_wconf 74' lang='grc' dir='ltr'>δόξῃ</span> 
     </span>
    </p>
   </div>
   <div class='ocr_carea' id='block_1_101' title="bbox 2085 4791 3664 4870">
    <p class='ocr_par' dir='ltr' id='par_1_101' title="bbox 2085 4791 3664 4870">
     <span class='ocr_line' id='line_1_101' title="bbox 2085 4791 3664 4870; baseline 0.005 -24"><span class='ocrx_word' id='word_1_769' title='bbox 2085 4791 2328 4846; x_wconf 85' lang='grc' dir='ltr'>κείσεται</span> <span class='ocrx_word' id='word_1_770' title='bbox 2365 4794 2434 4863; x_wconf 77' lang='grc' dir='ltr'>τῇ</span> <span class='ocrx_word' id='word_1_771' title='bbox 2478 4791 2671 4865; x_wconf 79' lang='grc' dir='ltr'>πρώτῃ</span> <span class='ocrx_word' id='word_1_772' title='bbox 2697 4831 2712 4858; x_wconf 92' lang='grc'><strong>,</strong></span> <span class='ocrx_word' id='word_1_773' title='bbox 2763 4794 3319 4867; x_wconf 85' lang='grc' dir='ltr'>συλλειτουργούντων</span> <span class='ocrx_word' id='word_1_774' title='bbox 3367 4798 3515 4870; x_wconf 79' lang='grc' dir='ltr'>αύτῷ</span> <span class='ocrx_word' id='word_1_775' title='bbox 3564 4800 3664 4854; x_wconf 70' lang='grc' dir='ltr'><strong>καὶ</strong></span> 
     </span>
    </p>
   </div>
   <div class='ocr_carea' id='block_1_102' title="bbox 2092 4883 3662 4963">
    <p class='ocr_par' dir='ltr' id='par_1_102' title="bbox 2092 4883 3662 4963">
     <span class='ocr_line' id='line_1_102' title="bbox 2092 4883 3662 4963; baseline 0.006 -25"><span class='ocrx_word' id='word_1_776' title='bbox 2092 4883 2262 4952; x_wconf 84' lang='grc' dir='ltr'>ἁγίων</span> <span class='ocrx_word' id='word_1_777' title='bbox 2287 4883 2553 4952; x_wconf 79' lang='grc' dir='ltr'>ἀγγέλων.</span> <span class='ocrx_word' id='word_1_778' title='bbox 2588 4886 2662 4944; x_wconf 85' lang='grc' dir='ltr'><strong>Οὺ</strong></span> <span class='ocrx_word' id='word_1_779' title='bbox 2708 4886 2816 4958; x_wconf 80' lang='grc' dir='ltr'><strong>γάρ</strong></span> <span class='ocrx_word' id='word_1_780' title='bbox 2859 4889 2960 4941; x_wconf 86' lang='grc' dir='ltr'><strong>πού</strong></span> <span class='ocrx_word' id='word_1_781' title='bbox 3005 4907 3204 4960; x_wconf 80' lang='grc' dir='ltr'>φαμεν.</span> <span class='ocrx_word' id='word_1_782' title='bbox 3239 4891 3314 4954; x_wconf 82' lang='grc' dir='ltr'>ὡς</span> <span class='ocrx_word' id='word_1_783' title='bbox 3360 4893 3565 4963; x_wconf 77' lang='grc' dir='ltr'>ἕρημος</span> <span class='ocrx_word' id='word_1_784' title='bbox 3590 4888 3662 4963; x_wconf 71' lang='grc' dir='ltr'>ἦν</span> 
     </span>
    </p>
   </div>
   <div class='ocr_carea' id='block_1_103' title="bbox 2087 4976 3659 5054">
    <p class='ocr_par' dir='ltr' id='par_1_103' title="bbox 2087 4976 3659 5054">
     <span class='ocr_line' id='line_1_103' title="bbox 2087 4976 3659 5054; baseline 0.005 -24"><span class='ocrx_word' id='word_1_785' title='bbox 2087 4976 2372 5046; x_wconf 81' lang='grc' dir='ltr'>δυνάμεων</span> <span class='ocrx_word' id='word_1_786' title='bbox 2399 4976 2630 5044; x_wconf 82' lang='grc' dir='ltr'>λογικῶν</span> <span class='ocrx_word' id='word_1_787' title='bbox 2663 4979 2692 5030; x_wconf 85' lang='grc' dir='ltr'>ὁ</span> <span class='ocrx_word' id='word_1_788' title='bbox 2725 4979 2891 5032; x_wconf 89' lang='grc' dir='ltr'>πάλαι</span> <span class='ocrx_word' id='word_1_789' title='bbox 2921 4981 3103 5052; x_wconf 83' lang='grc' dir='ltr'>νόμος.</span> <span class='ocrx_word' id='word_1_790' title='bbox 3134 4983 3197 5035; x_wconf 75' lang='lat' dir='ltr'><strong>Et</strong></span> <span class='ocrx_word' id='word_1_791' title='bbox 3232 4983 3338 5054; x_wconf 83' lang='grc' dir='ltr'>γὰρ</span> <span class='ocrx_word' id='word_1_792' title='bbox 3376 4985 3477 5050; x_wconf 76' lang='grc' dir='ltr'>’καὶ</span> <span class='ocrx_word' id='word_1_793' title='bbox 3505 4979 3573 5054; x_wconf 77' lang='grc' dir='ltr'>ἦν</span> <span class='ocrx_word' id='word_1_794' title='bbox 3599 4988 3659 5038; x_wconf 84' lang='grc' dir='ltr'>ὲν</span> 
     </span>
    </p>
   </div>
   <div class='ocr_carea' id='block_1_104' title="bbox 2087 5067 3660 5147">
    <p class='ocr_par' dir='ltr' id='par_1_104' title="bbox 2087 5067 3660 5147">
     <span class='ocr_line' id='line_1_104' title="bbox 2087 5067 3660 5147; baseline 0.01 -28"><span class='ocrx_word' id='word_1_795' title='bbox 2087 5067 2278 5130; x_wconf 86' lang='grc' dir='ltr'>τύποις</span> <span class='ocrx_word' id='word_1_796' title='bbox 2331 5067 2425 5121; x_wconf 77' lang='grc' dir='ltr'><strong>καὶ</strong></span> <span class='ocrx_word' id='word_1_797' title='bbox 2471 5070 2647 5132; x_wconf 85' lang='grc' dir='ltr'>σκιαῖς</span> <span class='ocrx_word' id='word_1_798' title='bbox 2683 5069 2752 5123; x_wconf 76' lang='grc' dir='ltr'>τὰ</span> <span class='ocrx_word' id='word_1_799' title='bbox 2791 5072 2850 5125; x_wconf 80' lang='grc' dir='ltr'><strong>ὲν</strong></span> <span class='ocrx_word' id='word_1_800' title='bbox 2898 5072 3064 5143; x_wconf 83' lang='grc' dir='ltr'>νόμῳ,</span> <span class='ocrx_word' id='word_1_801' title='bbox 3097 5074 3212 5128; x_wconf 82' lang='grc' dir='ltr'>ἀλλ’</span> <span class='ocrx_word' id='word_1_802' title='bbox 3235 5070 3327 5129; x_wconf 80' lang='grc' dir='ltr'><strong>οὖν</strong></span> <span class='ocrx_word' id='word_1_803' title='bbox 3381 5078 3461 5141; x_wconf 84' lang='grc' dir='ltr'><strong>είς</strong></span> <span class='ocrx_word' id='word_1_804' title='bbox 3501 5079 3660 5147; x_wconf 73' lang='grc' dir='ltr'>δόξαν</span> 
     </span>
    </p>
   </div>
   <div class='ocr_carea' id='block_1_105' title="bbox 2091 5157 3662 5234">
    <p class='ocr_par' dir='ltr' id='par_1_105' title="bbox 2091 5157 3662 5234">
     <span class='ocr_line' id='line_1_105' title="bbox 2091 5157 3662 5234; baseline 0.01 -24"><span class='ocrx_word' id='word_1_805' title='bbox 2091 5158 2322 5214; x_wconf 74' lang='grc' dir='ltr'>ὲτελείτο</span> <span class='ocrx_word' id='word_1_806' title='bbox 2351 5157 2507 5214; x_wconf 90' lang='grc' dir='ltr'>Θεοῦ.</span> <span class='ocrx_word' id='word_1_807' title='bbox 2536 5160 2705 5214; x_wconf 88' lang='grc' dir='ltr'>Τοῦτο</span> <span class='ocrx_word' id='word_1_808' title='bbox 2754 5157 2907 5233; x_wconf 78' lang='grc' dir='ltr'>οἶμαι</span> <span class='ocrx_word' id='word_1_809' title='bbox 2954 5163 3145 5234; x_wconf 80' lang='grc' dir='ltr'>δηλοῦν</span> <span class='ocrx_word' id='word_1_810' title='bbox 3191 5166 3278 5232; x_wconf 83' lang='grc' dir='ltr'><strong>τὸ,</strong></span> <span class='ocrx_word' id='word_1_811' title='bbox 3319 5187 3340 5219; x_wconf 77' lang='grc' dir='ltr'><strong>ι</strong></span> <span class='ocrx_word' id='word_1_812' title='bbox 3366 5170 3533 5223; x_wconf 82' lang='grc' dir='ltr'>Δώσω</span> <span class='ocrx_word' id='word_1_813' title='bbox 3575 5188 3662 5226; x_wconf 87' lang='grc' dir='ltr'><strong>σοι</strong></span> 
     </span>
    </p>
   </div>
   <div class='ocr_carea' id='block_1_106' title="bbox 2089 5249 3651 5326">
    <p class='ocr_par' dir='ltr' id='par_1_106' title="bbox 2089 5249 3651 5326">
     <span class='ocr_line' id='line_1_106' title="bbox 2089 5249 3651 5326; baseline 0.007 -25"><span class='ocrx_word' id='word_1_814' title='bbox 2089 5249 2594 5320; x_wconf 81' lang='grc' dir='ltr'>ἀναστρεφομένους</span> <span class='ocrx_word' id='word_1_815' title='bbox 2622 5252 2679 5303; x_wconf 76' lang='grc' dir='ltr'><strong>ἐν</strong></span> <span class='ocrx_word' id='word_1_816' title='bbox 2724 5253 2874 5322; x_wconf 81' lang='grc' dir='ltr'>μέσῳ</span> <span class='ocrx_word' id='word_1_817' title='bbox 2903 5253 3011 5305; x_wconf 85' lang='grc' dir='ltr'>τῶν</span> <span class='ocrx_word' id='word_1_818' title='bbox 3039 5256 3343 5326; x_wconf 79' lang='grc' dir='ltr'>ἑστηκότων</span> <span class='ocrx_word' id='word_1_819' title='bbox 3374 5259 3596 5326; x_wconf 87' lang='grc' dir='ltr'>τούτων,</span> <span class='ocrx_word' id='word_1_820' title='bbox 3632 5281 3651 5312; x_wconf 74' lang='grc' dir='ltr'><strong>ι</strong></span> 
     </span>
    </p>
   </div>
   <div class='ocr_carea' id='block_1_107' title="bbox 2088 5337 3659 5420">
    <p class='ocr_par' dir='ltr' id='par_1_107' title="bbox 2088 5337 3659 5420">
     <span class='ocr_line' id='line_1_107' title="bbox 2088 5337 3659 5420; baseline 0.007 -28"><span class='ocrx_word' id='word_1_821' title='bbox 2088 5337 2352 5402; x_wconf 81' lang='grc' dir='ltr'>τουτέστι,</span> <span class='ocrx_word' id='word_1_822' title='bbox 2380 5340 2660 5411; x_wconf 76' lang='grc' dir='ltr'>μονονουχὶ</span> <span class='ocrx_word' id='word_1_823' title='bbox 2686 5343 3158 5414; x_wconf 87' lang='grc' dir='ltr'>συνιερατεύοντας</span> <span class='ocrx_word' id='word_1_824' title='bbox 3207 5347 3301 5400; x_wconf 76' lang='grc' dir='ltr'>καὶ</span> <span class='ocrx_word' id='word_1_825' title='bbox 3321 5347 3659 5420; x_wconf 66' lang='grc' dir='ltr'>συλλειτουρε-</span> 
     </span>
    </p>
   </div>
   <div class='ocr_carea' id='block_1_108' title="bbox 2085 5422 3656 5509">
    <p class='ocr_par' dir='ltr' id='par_1_108' title="bbox 2085 5422 3656 5509">
     <span class='ocr_line' id='line_1_108' title="bbox 2085 5422 3656 5509; baseline 0.01 -33"><span class='ocrx_word' id='word_1_826' title='bbox 2085 5422 2312 5491; x_wconf 84' lang='grc' dir='ltr'>γοῦντας</span> <span class='ocrx_word' id='word_1_827' title='bbox 2358 5426 2638 5492; x_wconf 79' lang='grc' dir='ltr'>ἀγγέλους.</span> <span class='ocrx_word' id='word_1_828' title='bbox 2669 5428 2858 5499; x_wconf 77' lang='grc' dir='ltr'>Ἀθρει</span> <span class='ocrx_word' id='word_1_829' title='bbox 2915 5431 2970 5484; x_wconf 82' lang='grc' dir='ltr'>δὲ</span> <span class='ocrx_word' id='word_1_830' title='bbox 3017 5433 3163 5498; x_wconf 74' lang='grc' dir='ltr'>ὅπως</span> <span class='ocrx_word' id='word_1_831' title='bbox 3213 5439 3487 5509; x_wconf 81' lang='grc' dir='ltr'>πανταχοῦ</span> <span class='ocrx_word' id='word_1_832' title='bbox 3529 5443 3656 5504; x_wconf 84' lang='grc' dir='ltr'>τοὺς</span> 
     </span>
    </p>
   </div>
   <div class='ocr_carea' id='block_1_109' title="bbox 485 5617 2118 5688">
    <p class='ocr_par' dir='ltr' id='par_1_109' title="bbox 485 5617 2118 5688">
     <span class='ocr_line' id='line_1_109' title="bbox 485 5617 2118 5688; baseline 0.002 -18"><span class='ocrx_word' id='word_1_833' title='bbox 485 5617 533 5649; x_wconf 85' lang='grc'><strong>’³</strong></span> <span class='ocrx_word' id='word_1_834' title='bbox 559 5617 716 5671; x_wconf 75' lang='lat' dir='ltr'><strong>Rom.</strong></span> <span class='ocrx_word' id='word_1_835' title='bbox 750 5635 839 5682; x_wconf 78' lang='lat' dir='ltr'><strong>xv,</strong></span> <span class='ocrx_word' id='word_1_836' title='bbox 871 5617 958 5673; x_wconf 80' lang='grc'><strong>17.</strong></span> <span class='ocrx_word' id='word_1_837' title='bbox 1034 5619 1080 5649; x_wconf 75' lang='grc'><strong>⁷⁵</strong></span> <span class='ocrx_word' id='word_1_838' title='bbox 1111 5618 1340 5688; x_wconf 84' lang='lat' dir='ltr'><strong>Philipp.</strong></span> <span class='ocrx_word' id='word_1_839' title='bbox 1374 5634 1446 5683; x_wconf 87' lang='lat' dir='ltr'><strong>tv,</strong></span> <span class='ocrx_word' id='word_1_840' title='bbox 1481 5617 1536 5670; x_wconf 86' lang='lat'><strong>9.</strong></span> <span class='ocrx_word' id='word_1_841' title='bbox 1614 5619 1660 5650; x_wconf 81' lang='lat'><strong>&quot;</strong></span> <span class='ocrx_word' id='word_1_842' title='bbox 1692 5617 1852 5673; x_wconf 83' lang='lat' dir='ltr'><strong>Hebr.</strong></span> <span class='ocrx_word' id='word_1_843' title='bbox 1883 5635 1966 5684; x_wconf 87' lang='lat' dir='ltr'><strong>Ill,</strong></span> <span class='ocrx_word' id='word_1_844' title='bbox 1994 5620 2118 5674; x_wconf 71' lang='lat'><strong>2-6.</strong></span> 
     </span>
    </p>
   </div>
   <div class='ocr_carea' id='block_1_110' title="bbox 486 5796 1989 5871">
    <p class='ocr_par' dir='ltr' id='par_1_110' title="bbox 486 5796 1989 5871">
     <span class='ocr_line' id='line_1_110' title="bbox 486 5796 1989 5871; baseline 0.004 -21"><span class='ocrx_word' id='word_1_845' title='bbox 486 5797 564 5869; x_wconf 77' lang='grc'><strong>(1)</strong></span> <span class='ocrx_word' id='word_1_846' title='bbox 594 5797 885 5853; x_wconf 87' lang='lat' dir='ltr'><strong>Cotelerius</strong></span> <span class='ocrx_word' id='word_1_847' title='bbox 909 5796 1168 5867; x_wconf 78' lang='lat' dir='ltr'><strong>(Monum.</strong></span> <span class='ocrx_word' id='word_1_848' title='bbox 1204 5797 1268 5851; x_wconf 79' lang='grc' dir='ltr'>Ε.</span> <span class='ocrx_word' id='word_1_849' title='bbox 1303 5797 1365 5851; x_wconf 81' lang='lat' dir='ltr'><strong>G.</strong></span> <span class='ocrx_word' id='word_1_850' title='bbox 1396 5798 1612 5869; x_wconf 55' lang='lat'><strong>“,636)</strong></span> <span class='ocrx_word' id='word_1_851' title='bbox 1642 5801 1767 5868; x_wconf 87' lang='lat' dir='ltr'><strong>legit</strong></span> <span class='ocrx_word' id='word_1_852' title='bbox 1789 5803 1989 5871; x_wconf 80' lang='grc' dir='ltr'>σχῆμα,</span> 
     </span>
    </p>
   </div>
   <div class='ocr_carea' id='block_1_111' title="bbox 2088 5796 2456 5871">
    <p class='ocr_par' dir='ltr' id='par_1_111' title="bbox 2088 5802 2456 5857">
     <span class='ocr_line' id='line_1_111' title="bbox 2088 5802 2456 5857; baseline 0 -3"><span class='ocrx_word' id='word_1_853' title='bbox 2088 5802 2264 5856; x_wconf 80' lang='lat' dir='ltr'><strong>tbittts.</strong></span> <span class='ocrx_word' id='word_1_854' title='bbox 2293 5802 2456 5857; x_wconf 75' lang='lat' dir='ltr'><strong>Eon.</strong></span> 
     </span>
    </p>
   </div>
  </div>
