  <div class='ocr_page' id='page_1' title='image "/cluster/home/n/w/nwhite01/storage/ocr_20150623/72/nnc1.0046980300/031.png"; bbox 0 0 4072 6370; ppageno 0'>
   <div class='ocr_carea' id='block_1_1' title="bbox 398 307 3650 386">
    <p class='ocr_par' dir='ltr' id='par_1_1' title="bbox 398 307 3650 386">
     <span class='ocr_line' id='line_1_1' title="bbox 398 307 3650 386; baseline -0.005 0"><span class='ocrx_word' id='word_1_1' title='bbox 398 325 461 386; x_wconf 74' lang='lat' dir='ltr'><strong>SI</strong></span> <span class='ocrx_word' id='word_1_2' title='bbox 1421 325 1481 382; x_wconf 87' lang='lat' dir='ltr'><strong>S.</strong></span> <span class='ocrx_word' id='word_1_3' title='bbox 1521 322 1800 380; x_wconf 65' lang='grc' dir='ltr'>ριιιιιιιι</span> <span class='ocrx_word' id='word_1_4' title='bbox 1840 318 2309 376; x_wconf 72' lang='lat' dir='ltr'><strong>ALEXANDRINI</strong></span> <span class='ocrx_word' id='word_1_5' title='bbox 2348 320 2672 378; x_wconf 65' lang='lat' dir='ltr'><strong>ABCﬂlEP.</strong></span> <span class='ocrx_word' id='word_1_6' title='bbox 3576 307 3650 372; x_wconf 60' lang='grc' dir='ltr'>δᾶ</span> 
     </span>
    </p>
   </div>
   <div class='ocr_carea' id='block_1_2' title="bbox 396 436 1961 514">
    <p class='ocr_par' dir='ltr' id='par_1_2' title="bbox 396 442 1957 514">
     <span class='ocr_line' id='line_1_2' title="bbox 396 442 1957 514; baseline -0.003 -16"><span class='ocrx_word' id='word_1_7' title='bbox 396 444 648 514; x_wconf 83' lang='lat' dir='ltr'><strong>appellat.</strong></span> <span class='ocrx_word' id='word_1_8' title='bbox 672 444 773 498; x_wconf 84' lang='lat' dir='ltr'><strong>hoc</strong></span> <span class='ocrx_word' id='word_1_9' title='bbox 810 453 912 511; x_wconf 81' lang='lat' dir='ltr'><strong>est,</strong></span> <span class='ocrx_word' id='word_1_10' title='bbox 955 457 1168 512; x_wconf 77' lang='lat' dir='ltr'><strong>semper</strong></span> <span class='ocrx_word' id='word_1_11' title='bbox 1195 452 1503 512; x_wconf 64' lang='lat' dir='ltr'><strong>quaerentes</strong></span> <span class='ocrx_word' id='word_1_12' title='bbox 1539 442 1696 512; x_wconf 77' lang='lat' dir='ltr'><strong>signa</strong></span> <span class='ocrx_word' id='word_1_13' title='bbox 1744 442 1957 506; x_wconf 90' lang='lat' dir='ltr'><strong>videre,</strong></span> 
     </span>
    </p>
   </div>
   <div class='ocr_carea' id='block_1_3' title="bbox 2065 436 3646 514">
    <p class='ocr_par' dir='ltr' id='par_1_3' title="bbox 2065 436 3646 511">
     <span class='ocr_line' id='line_1_3' title="bbox 2065 436 3646 511; baseline -0.001 -18"><span class='ocrx_word' id='word_1_14' title='bbox 2065 439 2293 511; x_wconf 87' lang='grc' dir='ltr'>ουργοῦν</span> <span class='ocrx_word' id='word_1_15' title='bbox 2351 441 2447 509; x_wconf 79' lang='grc' dir='ltr'>μὲν</span> <span class='ocrx_word' id='word_1_16' title='bbox 2487 439 2603 510; x_wconf 83' lang='grc' dir='ltr'><strong>γὰρ</strong></span> <span class='ocrx_word' id='word_1_17' title='bbox 2633 439 2710 509; x_wconf 82' lang='grc' dir='ltr'>τῷ</span> <span class='ocrx_word' id='word_1_18' title='bbox 2747 441 2992 510; x_wconf 84' lang='grc' dir='ltr'><strong>ἀρχιερεῖ</strong></span> <span class='ocrx_word' id='word_1_19' title='bbox 3029 439 3224 509; x_wconf 77' lang='grc' dir='ltr'>ἕστηκε</span> <span class='ocrx_word' id='word_1_20' title='bbox 3255 436 3313 491; x_wconf 77' lang='grc' dir='ltr'>τὸ</span> <span class='ocrx_word' id='word_1_21' title='bbox 3347 439 3534 509; x_wconf 75' lang='grc' dir='ltr'>τάγμα</span> <span class='ocrx_word' id='word_1_22' title='bbox 3585 439 3646 491; x_wconf 77' lang='grc' dir='ltr'>τὸ</span> 
     </span>
    </p>
   </div>
   <div class='ocr_carea' id='block_1_4' title="bbox 393 533 1967 608">
    <p class='ocr_par' dir='ltr' id='par_1_4' title="bbox 393 533 1967 608">
     <span class='ocr_line' id='line_1_4' title="bbox 393 533 1967 608; baseline -0.003 -16"><span class='ocrx_word' id='word_1_23' title='bbox 393 539 760 608; x_wconf 72' lang='lat' dir='ltr'><strong>prodigiorum</strong></span> <span class='ocrx_word' id='word_1_24' title='bbox 812 537 1057 606; x_wconf 89' lang='lat' dir='ltr'><strong>cupidos.</strong></span> <span class='ocrx_word' id='word_1_25' title='bbox 1093 534 1287 591; x_wconf 83' lang='lat' dir='ltr'><strong>Nescio</strong></span> <span class='ocrx_word' id='word_1_26' title='bbox 1312 538 1457 590; x_wconf 89' lang='lat' dir='ltr'><strong>enim</strong></span> <span class='ocrx_word' id='word_1_27' title='bbox 1511 533 1781 604; x_wconf 84' lang='lat' dir='ltr'><strong>quomodo</strong></span> <span class='ocrx_word' id='word_1_28' title='bbox 1835 549 1967 604; x_wconf 88' lang='lat' dir='ltr'><strong>gens</strong></span> 
     </span>
    </p>
   </div>
   <div class='ocr_carea' id='block_1_5' title="bbox 390 623 1964 694">
    <p class='ocr_par' dir='ltr' id='par_1_5' title="bbox 390 623 1964 694">
     <span class='ocr_line' id='line_1_5' title="bbox 390 623 1964 694; baseline -0.002 -14"><span class='ocrx_word' id='word_1_29' title='bbox 390 624 574 681; x_wconf 68' lang='lat' dir='ltr'><strong>Iudaea</strong></span> <span class='ocrx_word' id='word_1_30' title='bbox 593 625 660 680; x_wconf 88' lang='lat' dir='ltr'><strong>ad</strong></span> <span class='ocrx_word' id='word_1_31' title='bbox 680 627 792 680; x_wconf 67' lang='lat' dir='ltr'><strong>haec</strong></span> <span class='ocrx_word' id='word_1_32' title='bbox 817 637 1005 680; x_wconf 85' lang='lat' dir='ltr'><strong>natura</strong></span> <span class='ocrx_word' id='word_1_33' title='bbox 1035 624 1224 679; x_wconf 92' lang='lat' dir='ltr'><strong>fertur.</strong></span> <span class='ocrx_word' id='word_1_34' title='bbox 1243 623 1429 694; x_wconf 89' lang='lat' dir='ltr'><strong>Itaque</strong></span> <span class='ocrx_word' id='word_1_35' title='bbox 1465 639 1586 679; x_wconf 88' lang='lat' dir='ltr'><strong>cum</strong></span> <span class='ocrx_word' id='word_1_36' title='bbox 1612 623 1860 679; x_wconf 75' lang='lat' dir='ltr'><strong>Christus</strong></span> <span class='ocrx_word' id='word_1_37' title='bbox 1885 623 1964 677; x_wconf 86' lang='lat' dir='ltr'><strong>fe-</strong></span> 
     </span>
    </p>
   </div>
   <div class='ocr_carea' id='block_1_6' title="bbox 373 701 1966 787">
    <p class='ocr_par' dir='ltr' id='par_1_6' title="bbox 373 701 1966 787">
     <span class='ocr_line' id='line_1_6' title="bbox 373 701 1966 787; baseline -0.004 -14"><span class='ocrx_word' id='word_1_38' title='bbox 373 701 553 774; x_wconf 42' lang='lat' dir='ltr'><strong>cisset</strong></span> <span class='ocrx_word' id='word_1_39' title='bbox 585 717 739 787; x_wconf 87' lang='lat' dir='ltr'><strong>quasi</strong></span> <span class='ocrx_word' id='word_1_40' title='bbox 762 715 1022 787; x_wconf 83' lang='lat' dir='ltr'><strong>ﬂagellum</strong></span> <span class='ocrx_word' id='word_1_41' title='bbox 1057 717 1122 771; x_wconf 92' lang='lat' dir='ltr'><strong>de</strong></span> <span class='ocrx_word' id='word_1_42' title='bbox 1153 715 1424 778; x_wconf 82' lang='lat' dir='ltr'><strong>funiculis,</strong></span> <span class='ocrx_word' id='word_1_43' title='bbox 1452 727 1752 784; x_wconf 89' lang='lat' dir='ltr'><strong>omnesque</strong></span> <span class='ocrx_word' id='word_1_44' title='bbox 1781 727 1810 765; x_wconf 90' lang='lat' dir='ltr'><strong>e</strong></span> <span class='ocrx_word' id='word_1_45' title='bbox 1832 721 1966 766; x_wconf 81' lang='lat' dir='ltr'><strong>tent-</strong></span> 
     </span>
    </p>
   </div>
   <div class='ocr_carea' id='block_1_7' title="bbox 393 809 1965 885">
    <p class='ocr_par' dir='ltr' id='par_1_7' title="bbox 393 809 1965 885">
     <span class='ocr_line' id='line_1_7' title="bbox 393 809 1965 885; baseline -0.005 -17"><span class='ocrx_word' id='word_1_46' title='bbox 393 815 480 885; x_wconf 87' lang='lat' dir='ltr'><strong>plu</strong></span> <span class='ocrx_word' id='word_1_47' title='bbox 507 815 776 883; x_wconf 85' lang='lat' dir='ltr'><strong>ejecisset,</strong></span> <span class='ocrx_word' id='word_1_48' title='bbox 811 813 1144 881; x_wconf 75' lang='lat' dir='ltr'><strong>dixissetque</strong></span> <span class='ocrx_word' id='word_1_49' title='bbox 1177 831 1192 869; x_wconf 90' lang='lat'><strong>:</strong></span> <span class='ocrx_word' id='word_1_50' title='bbox 1220 830 1239 862; x_wconf 75' lang='grc' dir='ltr'><strong>ι</strong></span> <span class='ocrx_word' id='word_1_51' title='bbox 1289 810 1514 866; x_wconf 83' lang='lat' dir='ltr'><strong>Auferte</strong></span> <span class='ocrx_word' id='word_1_52' title='bbox 1572 810 1674 866; x_wconf 88' lang='lat' dir='ltr'><strong>ista</strong></span> <span class='ocrx_word' id='word_1_53' title='bbox 1721 809 1868 873; x_wconf 91' lang='lat' dir='ltr'><strong>hinc,</strong></span> <span class='ocrx_word' id='word_1_54' title='bbox 1911 817 1965 862; x_wconf 89' lang='lat' dir='ltr'><strong>et</strong></span> 
     </span>
    </p>
   </div>
   <div class='ocr_carea' id='block_1_8' title="bbox 393 893 1965 968">
    <p class='ocr_par' dir='ltr' id='par_1_8' title="bbox 393 893 1965 968">
     <span class='ocr_line' id='line_1_8' title="bbox 393 893 1965 968; baseline -0.004 -10"><span class='ocrx_word' id='word_1_55' title='bbox 393 905 559 959; x_wconf 84' lang='lat' dir='ltr'><strong>nolite</strong></span> <span class='ocrx_word' id='word_1_56' title='bbox 583 902 760 958; x_wconf 83' lang='lat' dir='ltr'><strong>facere</strong></span> <span class='ocrx_word' id='word_1_57' title='bbox 786 903 1002 958; x_wconf 87' lang='lat' dir='ltr'><strong>domum</strong></span> <span class='ocrx_word' id='word_1_58' title='bbox 1030 900 1203 955; x_wconf 87' lang='lat' dir='ltr'><strong>Patris</strong></span> <span class='ocrx_word' id='word_1_59' title='bbox 1237 901 1365 966; x_wconf 86' lang='lat' dir='ltr'><strong>mei,</strong></span> <span class='ocrx_word' id='word_1_60' title='bbox 1395 902 1614 954; x_wconf 89' lang='lat' dir='ltr'><strong>domum</strong></span> <span class='ocrx_word' id='word_1_61' title='bbox 1643 893 1965 968; x_wconf 70' lang='lat' dir='ltr'><strong>negotiatio-</strong></span> 
     </span>
    </p>
   </div>
   <div class='ocr_carea' id='block_1_9' title="bbox 395 989 1962 1063">
    <p class='ocr_par' dir='ltr' id='par_1_9' title="bbox 395 989 1962 1063">
     <span class='ocr_line' id='line_1_9' title="bbox 395 989 1962 1063; baseline -0.006 -13"><span class='ocrx_word' id='word_1_62' title='bbox 395 997 496 1060; x_wconf 86' lang='lat' dir='ltr'><strong>uis,</strong></span> <span class='ocrx_word' id='word_1_63' title='bbox 539 1015 560 1049; x_wconf 76' lang='grc' dir='ltr'><strong>ι</strong></span> <span class='ocrx_word' id='word_1_64' title='bbox 597 1004 967 1060; x_wconf 86' lang='lat' dir='ltr'><strong>accesserunt,</strong></span> <span class='ocrx_word' id='word_1_65' title='bbox 992 1003 1046 1048; x_wconf 92' lang='lat' dir='ltr'><strong>et</strong></span> <span class='ocrx_word' id='word_1_66' title='bbox 1072 992 1400 1063; x_wconf 71' lang='lat' dir='ltr'><strong>quaesierunt</strong></span> <span class='ocrx_word' id='word_1_67' title='bbox 1442 1009 1454 1044; x_wconf 93' lang='lat'>:</span> <span class='ocrx_word' id='word_1_68' title='bbox 1489 1010 1508 1043; x_wconf 81' lang='grc' dir='ltr'><strong>ι</strong></span> <span class='ocrx_word' id='word_1_69' title='bbox 1545 989 1697 1056; x_wconf 82' lang='lat' dir='ltr'><strong>Quod</strong></span> <span class='ocrx_word' id='word_1_70' title='bbox 1749 989 1962 1058; x_wconf 88' lang='lat' dir='ltr'><strong>signum</strong></span> 
     </span>
    </p>
   </div>
   <div class='ocr_carea' id='block_1_10' title="bbox 392 1081 1964 1156">
    <p class='ocr_par' dir='ltr' id='par_1_10' title="bbox 392 1081 1964 1156">
     <span class='ocr_line' id='line_1_10' title="bbox 392 1081 1964 1156; baseline -0.006 -12"><span class='ocrx_word' id='word_1_71' title='bbox 392 1088 630 1144; x_wconf 87' lang='lat' dir='ltr'><strong>ostendis</strong></span> <span class='ocrx_word' id='word_1_72' title='bbox 658 1087 784 1156; x_wconf 88' lang='lat' dir='ltr'><strong>quia</strong></span> <span class='ocrx_word' id='word_1_73' title='bbox 823 1087 940 1142; x_wconf 60' lang='lat' dir='ltr'><strong>haec</strong></span> <span class='ocrx_word' id='word_1_74' title='bbox 995 1083 1172 1140; x_wconf 84' lang='lat' dir='ltr'><strong>facis?</strong></span> <span class='ocrx_word' id='word_1_75' title='bbox 1216 1093 1270 1138; x_wconf 94' lang='lat' dir='ltr'><strong>et</strong></span> <span class='ocrx_word' id='word_1_76' title='bbox 1321 1085 1442 1154; x_wconf 82' lang='lat' dir='ltr'><strong>quis</strong></span> <span class='ocrx_word' id='word_1_77' title='bbox 1495 1083 1640 1137; x_wconf 83' lang='lat' dir='ltr'><strong>dedit</strong></span> <span class='ocrx_word' id='word_1_78' title='bbox 1678 1082 1768 1135; x_wconf 87' lang='lat' dir='ltr'><strong>tibi</strong></span> <span class='ocrx_word' id='word_1_79' title='bbox 1827 1081 1964 1134; x_wconf 87' lang='lat' dir='ltr'><strong>hanc</strong></span> 
     </span>
    </p>
   </div>
   <div class='ocr_carea' id='block_1_11' title="bbox 391 1175 1965 1248">
    <p class='ocr_par' dir='ltr' id='par_1_11' title="bbox 391 1175 1965 1248">
     <span class='ocr_line' id='line_1_11' title="bbox 391 1175 1965 1248; baseline -0.003 -16"><span class='ocrx_word' id='word_1_80' title='bbox 391 1189 709 1248; x_wconf 81' lang='lat' dir='ltr'><strong>potestatem</strong></span> <span class='ocrx_word' id='word_1_81' title='bbox 749 1180 842 1232; x_wconf 68' lang='lat'><strong>&quot;1&#39;</strong></span> <span class='ocrx_word' id='word_1_82' title='bbox 876 1197 898 1231; x_wconf 77' lang='grc' dir='ltr'><strong>ι</strong></span> <span class='ocrx_word' id='word_1_83' title='bbox 940 1179 1304 1233; x_wconf 80' lang='lat' dir='ltr'><strong>Aceesserunt</strong></span> <span class='ocrx_word' id='word_1_84' title='bbox 1353 1188 1408 1230; x_wconf 91' lang='lat' dir='ltr'><strong>et</strong></span> <span class='ocrx_word' id='word_1_85' title='bbox 1435 1176 1550 1242; x_wconf 83' lang='lat' dir='ltr'><strong>alii,</strong></span> <span class='ocrx_word' id='word_1_86' title='bbox 1578 1191 1700 1230; x_wconf 89' lang='lat' dir='ltr'><strong>cum</strong></span> <span class='ocrx_word' id='word_1_87' title='bbox 1741 1175 1842 1229; x_wconf 86' lang='lat' dir='ltr'><strong>hac</strong></span> <span class='ocrx_word' id='word_1_88' title='bbox 1882 1189 1965 1241; x_wconf 84' lang='lat' dir='ltr'><strong>pe-</strong></span> 
     </span>
    </p>
   </div>
   <div class='ocr_carea' id='block_1_12' title="bbox 394 1265 1957 1338">
    <p class='ocr_par' dir='ltr' id='par_1_12' title="bbox 394 1265 1957 1338">
     <span class='ocr_line' id='line_1_12' title="bbox 394 1265 1957 1338; baseline -0.006 -14"><span class='ocrx_word' id='word_1_89' title='bbox 394 1271 579 1324; x_wconf 88' lang='lat' dir='ltr'><strong>titione</strong></span> <span class='ocrx_word' id='word_1_90' title='bbox 603 1290 617 1324; x_wconf 91' lang='lat'><strong>:</strong></span> <span class='ocrx_word' id='word_1_91' title='bbox 658 1289 676 1321; x_wconf 77' lang='grc' dir='ltr'><strong>ι</strong></span> <span class='ocrx_word' id='word_1_92' title='bbox 713 1268 984 1338; x_wconf 73' lang='lat' dir='ltr'><strong>Magister,</strong></span> <span class='ocrx_word' id='word_1_93' title='bbox 1013 1267 1301 1321; x_wconf 87' lang='lat' dir='ltr'><strong>volumusa</strong></span> <span class='ocrx_word' id='word_1_94' title='bbox 1329 1277 1378 1322; x_wconf 81' lang='lat' dir='ltr'><strong>te</strong></span> <span class='ocrx_word' id='word_1_95' title='bbox 1405 1268 1616 1337; x_wconf 85' lang='lat' dir='ltr'><strong>signum</strong></span> <span class='ocrx_word' id='word_1_96' title='bbox 1646 1265 1832 1319; x_wconf 76' lang='lat' dir='ltr'><strong>videre</strong></span> <span class='ocrx_word' id='word_1_97' title='bbox 1857 1265 1957 1318; x_wconf 73' lang='lat' dir='ltr'><strong>“.r</strong></span> 
     </span>
    </p>
   </div>
   <div class='ocr_carea' id='block_1_13' title="bbox 394 1357 1960 1431">
    <p class='ocr_par' dir='ltr' id='par_1_13' title="bbox 394 1357 1960 1431">
     <span class='ocr_line' id='line_1_13' title="bbox 394 1357 1960 1431; baseline -0.004 -17"><span class='ocrx_word' id='word_1_98' title='bbox 394 1359 618 1426; x_wconf 87' lang='lat' dir='ltr'><strong>Idcirco,</strong></span> <span class='ocrx_word' id='word_1_99' title='bbox 638 1361 916 1431; x_wconf 87' lang='lat' dir='ltr'><strong>quoniam,</strong></span> <span class='ocrx_word' id='word_1_100' title='bbox 944 1357 1138 1428; x_wconf 87' lang='lat' dir='ltr'><strong>inquit,</strong></span> <span class='ocrx_word' id='word_1_101' title='bbox 1163 1357 1263 1411; x_wconf 85' lang='lat' dir='ltr'><strong>viri</strong></span> <span class='ocrx_word' id='word_1_102' title='bbox 1303 1367 1429 1410; x_wconf 86' lang='lat' dir='ltr'><strong>sunt</strong></span> <span class='ocrx_word' id='word_1_103' title='bbox 1453 1365 1960 1426; x_wconf 75' lang='lat' dir='ltr'><strong>portentorum,seu</strong></span> 
     </span>
    </p>
   </div>
   <div class='ocr_carea' id='block_1_14' title="bbox 393 1447 1958 1520">
    <p class='ocr_par' dir='ltr' id='par_1_14' title="bbox 393 1447 1958 1520">
     <span class='ocr_line' id='line_1_14' title="bbox 393 1447 1958 1520; baseline -0.004 -15"><span class='ocrx_word' id='word_1_104' title='bbox 393 1451 773 1506; x_wconf 87' lang='lat' dir='ltr'><strong>miraculorum</strong></span> <span class='ocrx_word' id='word_1_105' title='bbox 803 1451 1199 1520; x_wconf 89' lang='lat' dir='ltr'><strong>speculatores,</strong></span> <span class='ocrx_word' id='word_1_106' title='bbox 1235 1447 1446 1502; x_wconf 89' lang='lat' dir='ltr'><strong>discant</strong></span> <span class='ocrx_word' id='word_1_107' title='bbox 1477 1457 1650 1502; x_wconf 84' lang='lat' dir='ltr'><strong>tecum</strong></span> <span class='ocrx_word' id='word_1_108' title='bbox 1675 1457 1730 1501; x_wconf 91' lang='lat' dir='ltr'><strong>et</strong></span> <span class='ocrx_word' id='word_1_109' title='bbox 1755 1447 1958 1511; x_wconf 89' lang='lat' dir='ltr'><strong>futura,</strong></span> 
     </span>
    </p>
   </div>
   <div class='ocr_carea' id='block_1_15' title="bbox 393 1545 1961 1611">
    <p class='ocr_par' dir='ltr' id='par_1_15' title="bbox 393 1545 1961 1611">
     <span class='ocr_line' id='line_1_15' title="bbox 393 1545 1961 1611; baseline -0.004 -13"><span class='ocrx_word' id='word_1_110' title='bbox 393 1545 666 1611; x_wconf 88' lang='lat' dir='ltr'><strong>signorum</strong></span> <span class='ocrx_word' id='word_1_111' title='bbox 699 1558 816 1611; x_wconf 67' lang='lat' dir='ltr'><strong>quas</strong></span> <span class='ocrx_word' id='word_1_112' title='bbox 845 1551 1032 1610; x_wconf 87' lang='lat' dir='ltr'><strong>petunt</strong></span> <span class='ocrx_word' id='word_1_113' title='bbox 1063 1549 1485 1610; x_wconf 85' lang='lat' dir='ltr'><strong>perpetratorem</strong></span> <span class='ocrx_word' id='word_1_114' title='bbox 1513 1555 1728 1608; x_wconf 84' lang='lat' dir='ltr'><strong>semper</strong></span> <span class='ocrx_word' id='word_1_115' title='bbox 1770 1547 1961 1606; x_wconf 87' lang='lat' dir='ltr'><strong>poten-</strong></span> 
     </span>
    </p>
   </div>
   <div class='ocr_carea' id='block_1_16' title="bbox 392 1627 1960 1698">
    <p class='ocr_par' dir='ltr' id='par_1_16' title="bbox 392 1627 1960 1698">
     <span class='ocr_line' id='line_1_16' title="bbox 392 1627 1960 1698; baseline -0.001 -13"><span class='ocrx_word' id='word_1_116' title='bbox 392 1627 682 1688; x_wconf 86' lang='lat' dir='ltr'><strong>tissimum.</strong></span> <span class='ocrx_word' id='word_1_117' title='bbox 715 1630 973 1698; x_wconf 83' lang='lat' dir='ltr'><strong>Quisnam</strong></span> <span class='ocrx_word' id='word_1_118' title='bbox 1019 1631 1197 1684; x_wconf 80' lang='lat' dir='ltr'><strong>autem</strong></span> <span class='ocrx_word' id='word_1_119' title='bbox 1229 1628 1360 1683; x_wconf 84' lang='lat' dir='ltr'><strong>hic?</strong></span> <span class='ocrx_word' id='word_1_120' title='bbox 1398 1647 1416 1680; x_wconf 74' lang='grc' dir='ltr'><strong>ι</strong></span> <span class='ocrx_word' id='word_1_121' title='bbox 1453 1628 1592 1683; x_wconf 84' lang='lat' dir='ltr'><strong>Ecce</strong></span> <span class='ocrx_word' id='word_1_122' title='bbox 1622 1643 1722 1696; x_wconf 83' lang='lat' dir='ltr'><strong>ego</strong></span> <span class='ocrx_word' id='word_1_123' title='bbox 1752 1628 1960 1683; x_wconf 82' lang='lat' dir='ltr'><strong>adduco</strong></span> 
     </span>
    </p>
   </div>
   <div class='ocr_carea' id='block_1_17' title="bbox 392 1719 1961 1790">
    <p class='ocr_par' dir='ltr' id='par_1_17' title="bbox 392 1719 1961 1790">
     <span class='ocr_line' id='line_1_17' title="bbox 392 1719 1961 1790; baseline 0 -17"><span class='ocrx_word' id='word_1_124' title='bbox 392 1733 604 1774; x_wconf 80' lang='lat' dir='ltr'><strong>servum</strong></span> <span class='ocrx_word' id='word_1_125' title='bbox 643 1737 840 1781; x_wconf 88' lang='lat' dir='ltr'><strong>meum,</strong></span> <span class='ocrx_word' id='word_1_126' title='bbox 875 1719 1066 1774; x_wconf 84' lang='lat' dir='ltr'><strong>Oriens</strong></span> <span class='ocrx_word' id='word_1_127' title='bbox 1090 1735 1282 1773; x_wconf 82' lang='lat' dir='ltr'><strong>nomen</strong></span> <span class='ocrx_word' id='word_1_128' title='bbox 1314 1720 1450 1787; x_wconf 85' lang='lat' dir='ltr'><strong>ejus.</strong></span> <span class='ocrx_word' id='word_1_129' title='bbox 1477 1740 1494 1771; x_wconf 72' lang='grc' dir='ltr'><strong>ι</strong></span> <span class='ocrx_word' id='word_1_130' title='bbox 1521 1723 1656 1775; x_wconf 85' lang='lat' dir='ltr'><strong>Deus</strong></span> <span class='ocrx_word' id='word_1_131' title='bbox 1688 1720 1850 1790; x_wconf 81' lang='lat' dir='ltr'><strong>igitur</strong></span> <span class='ocrx_word' id='word_1_132' title='bbox 1883 1735 1961 1773; x_wconf 86' lang='lat' dir='ltr'><strong>se-</strong></span> 
     </span>
    </p>
   </div>
   <div class='ocr_carea' id='block_1_18' title="bbox 392 1809 1961 1880">
    <p class='ocr_par' dir='ltr' id='par_1_18' title="bbox 392 1809 1961 1880">
     <span class='ocr_line' id='line_1_18' title="bbox 392 1809 1961 1880; baseline 0.001 -17"><span class='ocrx_word' id='word_1_133' title='bbox 392 1813 620 1863; x_wconf 67' lang='lat' dir='ltr'><strong>cundum</strong></span> <span class='ocrx_word' id='word_1_134' title='bbox 647 1821 888 1864; x_wconf 76' lang='lat' dir='ltr'><strong>naturam</strong></span> <span class='ocrx_word' id='word_1_135' title='bbox 909 1823 960 1863; x_wconf 79' lang='lat' dir='ltr'><strong>cl</strong></span> <span class='ocrx_word' id='word_1_136' title='bbox 981 1827 1043 1865; x_wconf 79' lang='lat' dir='ltr'><strong>ex</strong></span> <span class='ocrx_word' id='word_1_137' title='bbox 1066 1811 1171 1863; x_wconf 68' lang='lat' dir='ltr'><strong>Dro</strong></span> <span class='ocrx_word' id='word_1_138' title='bbox 1190 1809 1346 1862; x_wconf 85' lang='lat' dir='ltr'><strong>Patre</strong></span> <span class='ocrx_word' id='word_1_139' title='bbox 1364 1811 1608 1880; x_wconf 85' lang='lat' dir='ltr'><strong>apparuit</strong></span> <span class='ocrx_word' id='word_1_140' title='bbox 1623 1810 1961 1878; x_wconf 82' lang='lat' dir='ltr'><strong>Unigettitus,</strong></span> 
     </span>
    </p>
   </div>
   <div class='ocr_carea' id='block_1_19' title="bbox 391 1901 1967 1974">
    <p class='ocr_par' dir='ltr' id='par_1_19' title="bbox 391 1901 1967 1974">
     <span class='ocr_line' id='line_1_19' title="bbox 391 1901 1967 1974; baseline 0.001 -20"><span class='ocrx_word' id='word_1_141' title='bbox 391 1903 681 1956; x_wconf 59' lang='lat' dir='ltr'><strong>secundum</strong></span> <span class='ocrx_word' id='word_1_142' title='bbox 725 1903 824 1957; x_wconf 90' lang='lat' dir='ltr'><strong>hoc</strong></span> <span class='ocrx_word' id='word_1_143' title='bbox 868 1903 1019 1956; x_wconf 89' lang='lat' dir='ltr'><strong>liber.</strong></span> <span class='ocrx_word' id='word_1_144' title='bbox 1071 1904 1240 1974; x_wconf 78' lang='lat'><strong>678</strong></span> <span class='ocrx_word' id='word_1_145' title='bbox 1279 1903 1635 1958; x_wconf 83' lang='lat' dir='ltr'><strong>Nihilominus</strong></span> <span class='ocrx_word' id='word_1_146' title='bbox 1672 1901 1967 1956; x_wconf 76' lang='lat' dir='ltr'><strong>exinanivit</strong></span> 
     </span>
    </p>
   </div>
   <div class='ocr_carea' id='block_1_20' title="bbox 390 1994 1962 2065">
    <p class='ocr_par' dir='ltr' id='par_1_20' title="bbox 390 1994 1962 2065">
     <span class='ocr_line' id='line_1_20' title="bbox 390 1994 1962 2065; baseline -0.001 -18"><span class='ocrx_word' id='word_1_147' title='bbox 390 1994 758 2063; x_wconf 75' lang='lat' dir='ltr'><strong>semetipsum,</strong></span> <span class='ocrx_word' id='word_1_148' title='bbox 782 1997 1072 2050; x_wconf 84' lang='lat' dir='ltr'><strong>secundum</strong></span> <span class='ocrx_word' id='word_1_149' title='bbox 1099 1995 1486 2065; x_wconf 81' lang='lat' dir='ltr'><strong>Scripturas”,</strong></span> <span class='ocrx_word' id='word_1_150' title='bbox 1517 1995 1804 2050; x_wconf 90' lang='lat' dir='ltr'><strong>demittens</strong></span> <span class='ocrx_word' id='word_1_151' title='bbox 1827 2009 1886 2048; x_wconf 91' lang='lat' dir='ltr'><strong>se</strong></span> <span class='ocrx_word' id='word_1_152' title='bbox 1911 1994 1962 2046; x_wconf 92' lang='lat' dir='ltr'><strong>in</strong></span> 
     </span>
    </p>
   </div>
   <div class='ocr_carea' id='block_1_21' title="bbox 389 2087 1966 2158">
    <p class='ocr_par' dir='ltr' id='par_1_21' title="bbox 389 2087 1966 2158">
     <span class='ocr_line' id='line_1_21' title="bbox 389 2087 1966 2158; baseline -0.002 -17"><span class='ocrx_word' id='word_1_153' title='bbox 389 2087 448 2158; x_wconf 69' lang='grc' dir='ltr'>ιι]</span> <span class='ocrx_word' id='word_1_154' title='bbox 478 2090 620 2155; x_wconf 88' lang='lat' dir='ltr'><strong>quod</strong></span> <span class='ocrx_word' id='word_1_155' title='bbox 669 2104 773 2141; x_wconf 74' lang='lat' dir='ltr'><strong>non</strong></span> <span class='ocrx_word' id='word_1_156' title='bbox 798 2097 934 2152; x_wconf 89' lang='lat' dir='ltr'><strong>erat,</strong></span> <span class='ocrx_word' id='word_1_157' title='bbox 961 2099 1014 2143; x_wconf 88' lang='lat' dir='ltr'><strong>et</strong></span> <span class='ocrx_word' id='word_1_158' title='bbox 1042 2088 1343 2157; x_wconf 87' lang='lat' dir='ltr'><strong>appellatus</strong></span> <span class='ocrx_word' id='word_1_159' title='bbox 1367 2103 1553 2144; x_wconf 87' lang='lat' dir='ltr'><strong>servus</strong></span> <span class='ocrx_word' id='word_1_160' title='bbox 1592 2097 1812 2157; x_wconf 90' lang='lat' dir='ltr'><strong>propter</strong></span> <span class='ocrx_word' id='word_1_161' title='bbox 1870 2103 1966 2140; x_wconf 86' lang='lat' dir='ltr'><strong>na-</strong></span> 
     </span>
    </p>
   </div>
   <div class='ocr_carea' id='block_1_22' title="bbox 393 2179 1961 2250">
    <p class='ocr_par' dir='ltr' id='par_1_22' title="bbox 393 2179 1961 2250">
     <span class='ocr_line' id='line_1_22' title="bbox 393 2179 1961 2250; baseline -0.002 -17"><span class='ocrx_word' id='word_1_162' title='bbox 393 2191 564 2233; x_wconf 87' lang='lat' dir='ltr'><strong>turam</strong></span> <span class='ocrx_word' id='word_1_163' title='bbox 597 2179 911 2245; x_wconf 86' lang='lat' dir='ltr'><strong>humanam,</strong></span> <span class='ocrx_word' id='word_1_164' title='bbox 946 2181 1190 2250; x_wconf 86' lang='lat' dir='ltr'><strong>quamvis</strong></span> <span class='ocrx_word' id='word_1_165' title='bbox 1229 2181 1466 2235; x_wconf 88' lang='lat' dir='ltr'><strong>omnium</strong></span> <span class='ocrx_word' id='word_1_166' title='bbox 1496 2180 1750 2234; x_wconf 87' lang='lat' dir='ltr'><strong>Dominus</strong></span> <span class='ocrx_word' id='word_1_167' title='bbox 1798 2192 1961 2243; x_wconf 88' lang='lat' dir='ltr'><strong>esset,</strong></span> 
     </span>
    </p>
   </div>
   <div class='ocr_carea' id='block_1_23' title="bbox 392 2271 1963 2340">
    <p class='ocr_par' dir='ltr' id='par_1_23' title="bbox 392 2271 1963 2340">
     <span class='ocr_line' id='line_1_23' title="bbox 392 2271 1963 2340; baseline -0.001 -17"><span class='ocrx_word' id='word_1_168' title='bbox 392 2279 648 2340; x_wconf 80' lang='lat' dir='ltr'><strong>tanquam</strong></span> <span class='ocrx_word' id='word_1_169' title='bbox 691 2271 854 2327; x_wconf 85' lang='lat' dir='ltr'><strong>Deus.</strong></span> <span class='ocrx_word' id='word_1_170' title='bbox 885 2271 991 2326; x_wconf 84' lang='lat' dir='ltr'><strong>Sed</strong></span> <span class='ocrx_word' id='word_1_171' title='bbox 1012 2272 1151 2327; x_wconf 90' lang='lat' dir='ltr'><strong>idem</strong></span> <span class='ocrx_word' id='word_1_172' title='bbox 1174 2281 1229 2326; x_wconf 92' lang='lat' dir='ltr'><strong>et</strong></span> <span class='ocrx_word' id='word_1_173' title='bbox 1251 2271 1444 2328; x_wconf 75' lang='lat' dir='ltr'><strong>Oriens</strong></span> <span class='ocrx_word' id='word_1_174' title='bbox 1471 2282 1608 2336; x_wconf 84' lang='lat' dir='ltr'><strong>erat,</strong></span> <span class='ocrx_word' id='word_1_175' title='bbox 1639 2271 1690 2325; x_wconf 88' lang='lat' dir='ltr'><strong>id</strong></span> <span class='ocrx_word' id='word_1_176' title='bbox 1729 2280 1845 2335; x_wconf 87' lang='lat' dir='ltr'><strong>est,</strong></span> <span class='ocrx_word' id='word_1_177' title='bbox 1872 2271 1963 2323; x_wconf 88' lang='lat' dir='ltr'><strong>Sol</strong></span> 
     </span>
    </p>
   </div>
   <div class='ocr_carea' id='block_1_24' title="bbox 390 2361 1965 2430">
    <p class='ocr_par' dir='ltr' id='par_1_24' title="bbox 390 2361 1965 2430">
     <span class='ocr_line' id='line_1_24' title="bbox 390 2361 1965 2430; baseline -0.001 -13"><span class='ocrx_word' id='word_1_178' title='bbox 390 2361 611 2430; x_wconf 67' lang='lat' dir='ltr'><strong>iustitiae</strong></span> <span class='ocrx_word' id='word_1_179' title='bbox 627 2365 694 2417; x_wconf 82' lang='grc'><strong>⁸⁸.</strong></span> <span class='ocrx_word' id='word_1_180' title='bbox 719 2363 956 2421; x_wconf 78' lang='lat' dir='ltr'><strong>Exortus</strong></span> <span class='ocrx_word' id='word_1_181' title='bbox 983 2374 1066 2419; x_wconf 90' lang='lat' dir='ltr'><strong>est</strong></span> <span class='ocrx_word' id='word_1_182' title='bbox 1094 2365 1326 2428; x_wconf 85' lang='lat' dir='ltr'><strong>enim,et</strong></span> <span class='ocrx_word' id='word_1_183' title='bbox 1355 2364 1674 2418; x_wconf 89' lang='lat' dir='ltr'><strong>illuminavit</strong></span> <span class='ocrx_word' id='word_1_184' title='bbox 1704 2378 1802 2418; x_wconf 90' lang='lat' dir='ltr'><strong>nos</strong></span> <span class='ocrx_word' id='word_1_185' title='bbox 1819 2362 1965 2416; x_wconf 83' lang='lat' dir='ltr'><strong>velut</strong></span> 
     </span>
    </p>
   </div>
   <div class='ocr_carea' id='block_1_25' title="bbox 389 2454 1963 2526">
    <p class='ocr_par' dir='ltr' id='par_1_25' title="bbox 389 2454 1963 2526">
     <span class='ocr_line' id='line_1_25' title="bbox 389 2454 1963 2526; baseline -0.001 -18"><span class='ocrx_word' id='word_1_186' title='bbox 389 2454 442 2508; x_wconf 84' lang='lat' dir='ltr'><strong>ln</strong></span> <span class='ocrx_word' id='word_1_187' title='bbox 477 2455 715 2510; x_wconf 88' lang='lat' dir='ltr'><strong>tenebris</strong></span> <span class='ocrx_word' id='word_1_188' title='bbox 740 2456 994 2526; x_wconf 79' lang='lat' dir='ltr'><strong>degentes</strong></span> <span class='ocrx_word' id='word_1_189' title='bbox 1025 2455 1095 2521; x_wconf 86' lang='lat'><strong>&quot;’,</strong></span> <span class='ocrx_word' id='word_1_190' title='bbox 1120 2465 1176 2511; x_wconf 90' lang='lat' dir='ltr'><strong>et</strong></span> <span class='ocrx_word' id='word_1_191' title='bbox 1209 2466 1414 2510; x_wconf 86' lang='lat' dir='ltr'><strong>tantum</strong></span> <span class='ocrx_word' id='word_1_192' title='bbox 1460 2471 1566 2509; x_wconf 92' lang='lat' dir='ltr'><strong>non</strong></span> <span class='ocrx_word' id='word_1_193' title='bbox 1609 2455 1771 2509; x_wconf 88' lang='lat' dir='ltr'><strong>etiam</strong></span> <span class='ocrx_word' id='word_1_194' title='bbox 1844 2463 1963 2507; x_wconf 82' lang='lat' dir='ltr'><strong>tan-</strong></span> 
     </span>
    </p>
   </div>
   <div class='ocr_carea' id='block_1_26' title="bbox 393 2546 1959 2614">
    <p class='ocr_par' dir='ltr' id='par_1_26' title="bbox 393 2546 1959 2614">
     <span class='ocr_line' id='line_1_26' title="bbox 393 2546 1959 2614; baseline 0 -18"><span class='ocrx_word' id='word_1_195' title='bbox 393 2561 551 2614; x_wconf 86' lang='lat' dir='ltr'><strong>quam</strong></span> <span class='ocrx_word' id='word_1_196' title='bbox 581 2556 738 2601; x_wconf 88' lang='lat' dir='ltr'><strong>noete</strong></span> <span class='ocrx_word' id='word_1_197' title='bbox 776 2556 830 2600; x_wconf 92' lang='lat' dir='ltr'><strong>et</strong></span> <span class='ocrx_word' id='word_1_198' title='bbox 867 2558 1090 2602; x_wconf 87' lang='lat' dir='ltr'><strong>veterno</strong></span> <span class='ocrx_word' id='word_1_199' title='bbox 1119 2547 1341 2600; x_wconf 90' lang='lat' dir='ltr'><strong>obrutos</strong></span> <span class='ocrx_word' id='word_1_200' title='bbox 1390 2547 1675 2600; x_wconf 89' lang='lat' dir='ltr'><strong>mundanis</strong></span> <span class='ocrx_word' id='word_1_201' title='bbox 1715 2546 1959 2612; x_wconf 84' lang='lat' dir='ltr'><strong>volupta-</strong></span> 
     </span>
    </p>
   </div>
   <div class='ocr_carea' id='block_1_27' title="bbox 393 2634 1957 2708">
    <p class='ocr_par' dir='ltr' id='par_1_27' title="bbox 393 2634 1957 2708">
     <span class='ocr_line' id='line_1_27' title="bbox 393 2634 1957 2708; baseline -0.001 -19"><span class='ocrx_word' id='word_1_202' title='bbox 393 2637 877 2708; x_wconf 84' lang='lat' dir='ltr'><strong>tibus,mentisque</strong></span> <span class='ocrx_word' id='word_1_203' title='bbox 906 2637 1120 2692; x_wconf 78' lang='lat' dir='ltr'><strong>oculum</strong></span> <span class='ocrx_word' id='word_1_204' title='bbox 1149 2635 1384 2692; x_wconf 84' lang='lat' dir='ltr'><strong>tenebris</strong></span> <span class='ocrx_word' id='word_1_205' title='bbox 1414 2634 1639 2690; x_wconf 80' lang='lat' dir='ltr'><strong>eﬂusum</strong></span> <span class='ocrx_word' id='word_1_206' title='bbox 1678 2636 1957 2695; x_wconf 83' lang='lat' dir='ltr'><strong>habentes.</strong></span> 
     </span>
    </p>
   </div>
   <div class='ocr_carea' id='block_1_28' title="bbox 389 2726 1958 2799">
    <p class='ocr_par' dir='ltr' id='par_1_28' title="bbox 389 2726 1958 2799">
     <span class='ocr_line' id='line_1_28' title="bbox 389 2726 1958 2799; baseline -0.004 -14"><span class='ocrx_word' id='word_1_207' title='bbox 389 2727 645 2785; x_wconf 79' lang='lat' dir='ltr'><strong>excitavit</strong></span> <span class='ocrx_word' id='word_1_208' title='bbox 682 2729 749 2782; x_wconf 90' lang='lat' dir='ltr'><strong>ad</strong></span> <span class='ocrx_word' id='word_1_209' title='bbox 791 2728 1124 2799; x_wconf 87' lang='lat' dir='ltr'><strong>vigiliam,et</strong></span> <span class='ocrx_word' id='word_1_210' title='bbox 1146 2729 1318 2798; x_wconf 88' lang='lat' dir='ltr'><strong>gratia</strong></span> <span class='ocrx_word' id='word_1_211' title='bbox 1349 2743 1442 2782; x_wconf 86' lang='lat' dir='ltr'><strong>sua</strong></span> <span class='ocrx_word' id='word_1_212' title='bbox 1495 2743 1592 2782; x_wconf 89' lang='lat' dir='ltr'><strong>nos</strong></span> <span class='ocrx_word' id='word_1_213' title='bbox 1647 2726 1958 2780; x_wconf 87' lang='lat' dir='ltr'><strong>illustravit.</strong></span> 
     </span>
    </p>
   </div>
   <div class='ocr_carea' id='block_1_29' title="bbox 390 2813 1958 2885">
    <p class='ocr_par' dir='ltr' id='par_1_29' title="bbox 390 2813 1958 2885">
     <span class='ocr_line' id='line_1_29' title="bbox 390 2813 1958 2885; baseline 0 -17"><span class='ocrx_word' id='word_1_214' title='bbox 390 2813 528 2868; x_wconf 83' lang='lat' dir='ltr'><strong>Hinc</strong></span> <span class='ocrx_word' id='word_1_215' title='bbox 565 2823 621 2870; x_wconf 88' lang='lat' dir='ltr'><strong>et</strong></span> <span class='ocrx_word' id='word_1_216' title='bbox 645 2814 857 2883; x_wconf 88' lang='lat' dir='ltr'><strong>sapiens</strong></span> <span class='ocrx_word' id='word_1_217' title='bbox 893 2814 1088 2869; x_wconf 83' lang='lat' dir='ltr'><strong>Paulus</strong></span> <span class='ocrx_word' id='word_1_218' title='bbox 1121 2814 1277 2869; x_wconf 90' lang='lat' dir='ltr'><strong>nobis</strong></span> <span class='ocrx_word' id='word_1_219' title='bbox 1309 2818 1596 2885; x_wconf 55' lang='lat' dir='ltr'><strong>praecepit,</strong></span> <span class='ocrx_word' id='word_1_220' title='bbox 1653 2815 1755 2870; x_wconf 86' lang='lat' dir='ltr'><strong>hoc</strong></span> <span class='ocrx_word' id='word_1_221' title='bbox 1788 2816 1958 2883; x_wconf 91' lang='lat' dir='ltr'><strong>ipsum</strong></span> 
     </span>
    </p>
   </div>
   <div class='ocr_carea' id='block_1_30' title="bbox 388 2901 1957 2974">
    <p class='ocr_par' dir='ltr' id='par_1_30' title="bbox 388 2901 1957 2974">
     <span class='ocr_line' id='line_1_30' title="bbox 388 2901 1957 2974; baseline -0.001 -19"><span class='ocrx_word' id='word_1_222' title='bbox 388 2903 734 2974; x_wconf 81' lang='lat' dir='ltr'><strong>significans:</strong></span> <span class='ocrx_word' id='word_1_223' title='bbox 773 2919 792 2954; x_wconf 79' lang='grc' dir='ltr'><strong>ι</strong></span> <span class='ocrx_word' id='word_1_224' title='bbox 835 2901 948 2956; x_wconf 77' lang='lat' dir='ltr'><strong>Nox</strong></span> <span class='ocrx_word' id='word_1_225' title='bbox 979 2901 1270 2972; x_wconf 70' lang='lat' dir='ltr'><strong>prazcessit,</strong></span> <span class='ocrx_word' id='word_1_226' title='bbox 1299 2902 1414 2956; x_wconf 91' lang='lat' dir='ltr'><strong>dies</strong></span> <span class='ocrx_word' id='word_1_227' title='bbox 1453 2911 1630 2955; x_wconf 92' lang='lat' dir='ltr'><strong>autem</strong></span> <span class='ocrx_word' id='word_1_228' title='bbox 1672 2901 1957 2970; x_wconf 85' lang='lat' dir='ltr'><strong>appropin-</strong></span> 
     </span>
    </p>
   </div>
   <div class='ocr_carea' id='block_1_31' title="bbox 387 2990 1959 3064">
    <p class='ocr_par' dir='ltr' id='par_1_31' title="bbox 387 2990 1959 3064">
     <span class='ocr_line' id='line_1_31' title="bbox 387 2990 1959 3064; baseline -0.001 -19"><span class='ocrx_word' id='word_1_229' title='bbox 387 2995 595 3064; x_wconf 82' lang='lat' dir='ltr'><strong>quavit.</strong></span> <span class='ocrx_word' id='word_1_230' title='bbox 632 2993 962 3063; x_wconf 80' lang='lat' dir='ltr'><strong>Abjiciamus</strong></span> <span class='ocrx_word' id='word_1_231' title='bbox 1027 3009 1155 3062; x_wconf 81' lang='lat' dir='ltr'><strong>ergo</strong></span> <span class='ocrx_word' id='word_1_232' title='bbox 1184 3007 1344 3062; x_wconf 84' lang='lat' dir='ltr'><strong>Opera</strong></span> <span class='ocrx_word' id='word_1_233' title='bbox 1387 2991 1757 3055; x_wconf 85' lang='lat' dir='ltr'><strong>tenebrarum,</strong></span> <span class='ocrx_word' id='word_1_234' title='bbox 1794 2996 1847 3045; x_wconf 90' lang='lat' dir='ltr'><strong>et</strong></span> <span class='ocrx_word' id='word_1_235' title='bbox 1879 2990 1959 3042; x_wconf 87' lang='lat' dir='ltr'><strong>iu-</strong></span> 
     </span>
    </p>
   </div>
   <div class='ocr_carea' id='block_1_32' title="bbox 2070 529 3648 602">
    <p class='ocr_par' dir='ltr' id='par_1_32' title="bbox 2070 529 3648 602">
     <span class='ocr_line' id='line_1_32' title="bbox 2070 529 3648 602; baseline 0.001 -20"><span class='ocrx_word' id='word_1_236' title='bbox 2070 532 2353 592; x_wconf 77' lang='grc' dir='ltr'>Λευῖτικόν</span> <span class='ocrx_word' id='word_1_237' title='bbox 2373 548 2386 560; x_wconf 87' lang='grc'><strong>·</strong></span> <span class='ocrx_word' id='word_1_238' title='bbox 2421 535 2467 584; x_wconf 75' lang='lat' dir='ltr'><strong>ot</strong></span> <span class='ocrx_word' id='word_1_239' title='bbox 2498 532 2554 584; x_wconf 87' lang='grc' dir='ltr'><strong>δέ</strong></span> <span class='ocrx_word' id='word_1_240' title='bbox 2581 549 2643 600; x_wconf 84' lang='grc' dir='ltr'>γε</span> <span class='ocrx_word' id='word_1_241' title='bbox 2673 531 3038 602; x_wconf 71' lang='grc' dir='ltr'>πρεσϐύτεροι</span> <span class='ocrx_word' id='word_1_242' title='bbox 3065 533 3253 601; x_wconf 78' lang='grc' dir='ltr'><strong>ἱερεῖς,</strong></span> <span class='ocrx_word' id='word_1_243' title='bbox 3309 531 3383 594; x_wconf 82' lang='grc' dir='ltr'>ὡς</span> <span class='ocrx_word' id='word_1_244' title='bbox 3423 529 3648 584; x_wconf 76' lang='grc' dir='ltr'><strong>ἐκείνων</strong></span> 
     </span>
    </p>
   </div>
   <div class='ocr_carea' id='block_1_33' title="bbox 2067 623 3643 695">
    <p class='ocr_par' dir='ltr' id='par_1_33' title="bbox 2067 623 3643 695">
     <span class='ocr_line' id='line_1_33' title="bbox 2067 623 3643 695; baseline -0.001 -19"><span class='ocrx_word' id='word_1_245' title='bbox 2067 624 2324 695; x_wconf 87' lang='grc' dir='ltr'>ἀμείνους</span> <span class='ocrx_word' id='word_1_246' title='bbox 2360 624 2460 688; x_wconf 76' lang='grc' dir='ltr'>ἔτι,</span> <span class='ocrx_word' id='word_1_247' title='bbox 2488 626 2582 678; x_wconf 74' lang='grc' dir='ltr'>καὶ</span> <span class='ocrx_word' id='word_1_248' title='bbox 2623 623 2897 695; x_wconf 87' lang='grc' dir='ltr'>ίερώτεροι</span> <span class='ocrx_word' id='word_1_249' title='bbox 2931 623 3069 677; x_wconf 82' lang='grc' dir='ltr'>κατὰ</span> <span class='ocrx_word' id='word_1_250' title='bbox 3111 623 3202 676; x_wconf 77' lang='grc' dir='ltr'><strong>τὸν</strong></span> <span class='ocrx_word' id='word_1_251' title='bbox 3230 623 3416 693; x_wconf 87' lang='grc' dir='ltr'>νόμον.</span> <span class='ocrx_word' id='word_1_252' title='bbox 3446 623 3540 676; x_wconf 79' lang='grc' dir='ltr'>καὶ</span> <span class='ocrx_word' id='word_1_253' title='bbox 3577 625 3643 692; x_wconf 81' lang='grc' dir='ltr'>τῇ</span> 
     </span>
    </p>
   </div>
   <div class='ocr_carea' id='block_1_34' title="bbox 2069 713 3646 788">
    <p class='ocr_par' dir='ltr' id='par_1_34' title="bbox 2069 713 3646 788">
     <span class='ocr_line' id='line_1_34' title="bbox 2069 713 3646 788; baseline 0.003 -20"><span class='ocrx_word' id='word_1_254' title='bbox 2069 713 2321 788; x_wconf 75' lang='grc' dir='ltr'>συνεδρία</span> <span class='ocrx_word' id='word_1_255' title='bbox 2362 718 2672 787; x_wconf 83' lang='grc' dir='ltr'>τετίμηντο.</span> <span class='ocrx_word' id='word_1_256' title='bbox 2717 716 3168 788; x_wconf 86' lang='grc' dir='ltr'>Τερατοσκόπους</span> <span class='ocrx_word' id='word_1_257' title='bbox 3195 732 3259 783; x_wconf 86' lang='grc' dir='ltr'><strong>γε</strong></span> <span class='ocrx_word' id='word_1_258' title='bbox 3311 714 3415 786; x_wconf 83' lang='grc' dir='ltr'>μὴν</span> <span class='ocrx_word' id='word_1_259' title='bbox 3450 714 3646 772; x_wconf 74' lang='grc' dir='ltr'>αὐτοὺς</span> 
     </span>
    </p>
   </div>
   <div class='ocr_carea' id='block_1_35' title="bbox 2067 804 3642 880">
    <p class='ocr_par' dir='ltr' id='par_1_35' title="bbox 2067 804 3642 880">
     <span class='ocr_line' id='line_1_35' title="bbox 2067 804 3642 880; baseline -0.003 -19"><span class='ocrx_word' id='word_1_260' title='bbox 2067 807 2343 878; x_wconf 77' lang='grc' dir='ltr'><strong>ὀνομάζει,</strong></span> <span class='ocrx_word' id='word_1_261' title='bbox 2391 810 2685 871; x_wconf 86' lang='grc' dir='ltr'>τουτέστιν,</span> <span class='ocrx_word' id='word_1_262' title='bbox 2742 809 2829 864; x_wconf 72' lang='grc' dir='ltr'><strong>ἀεὶ</strong></span> <span class='ocrx_word' id='word_1_263' title='bbox 2879 811 3082 880; x_wconf 89' lang='grc' dir='ltr'>σημεῖα</span> <span class='ocrx_word' id='word_1_264' title='bbox 3138 804 3434 878; x_wconf 75' lang='grc' dir='ltr'>ζητοῦντας</span> <span class='ocrx_word' id='word_1_265' title='bbox 3489 808 3642 876; x_wconf 78' lang='grc' dir='ltr'>όρᾷν,</span> 
     </span>
    </p>
   </div>
   <div class='ocr_carea' id='block_1_36' title="bbox 2068 894 3643 970">
    <p class='ocr_par' dir='ltr' id='par_1_36' title="bbox 2068 894 3643 970">
     <span class='ocr_line' id='line_1_36' title="bbox 2068 894 3643 970; baseline -0.005 -18"><span class='ocrx_word' id='word_1_266' title='bbox 2068 899 2175 952; x_wconf 88' lang='grc' dir='ltr'><strong>τῶν</strong></span> <span class='ocrx_word' id='word_1_267' title='bbox 2198 900 2438 970; x_wconf 82' lang='grc' dir='ltr'><strong>τεράτων</strong></span> <span class='ocrx_word' id='word_1_268' title='bbox 2465 900 2806 970; x_wconf 77' lang='grc' dir='ltr'><strong>ἐφιεμένους.</strong></span> <span class='ocrx_word' id='word_1_269' title='bbox 2832 899 2994 952; x_wconf 80' lang='grc' dir='ltr'>Φύσει</span> <span class='ocrx_word' id='word_1_270' title='bbox 3022 898 3131 970; x_wconf 84' lang='grc' dir='ltr'><strong>γάρ</strong></span> <span class='ocrx_word' id='word_1_271' title='bbox 3157 914 3272 960; x_wconf 85' lang='grc' dir='ltr'><strong>πως</strong></span> <span class='ocrx_word' id='word_1_272' title='bbox 3296 896 3384 951; x_wconf 78' lang='grc' dir='ltr'><strong>ἀεὶ</strong></span> <span class='ocrx_word' id='word_1_273' title='bbox 3403 894 3643 948; x_wconf 87' lang='grc' dir='ltr'>τοιοῦτόν</span> 
     </span>
    </p>
   </div>
   <div class='ocr_carea' id='block_1_37' title="bbox 2066 987 3644 1057">
    <p class='ocr_par' dir='ltr' id='par_1_37' title="bbox 2066 987 3644 1057">
     <span class='ocr_line' id='line_1_37' title="bbox 2066 987 3644 1057; baseline -0.003 -15"><span class='ocrx_word' id='word_1_274' title='bbox 2066 992 2180 1043; x_wconf 86' lang='grc' dir='ltr'>ἐστι</span> <span class='ocrx_word' id='word_1_275' title='bbox 2209 990 2269 1043; x_wconf 81' lang='grc' dir='ltr'>τὸ</span> <span class='ocrx_word' id='word_1_276' title='bbox 2307 990 2416 1044; x_wconf 90' lang='grc' dir='ltr'><strong>τῶν</strong></span> <span class='ocrx_word' id='word_1_277' title='bbox 2437 989 2710 1044; x_wconf 85' lang='grc' dir='ltr'>Ἰουδαίων</span> <span class='ocrx_word' id='word_1_278' title='bbox 2740 990 2909 1052; x_wconf 75' lang='grc' dir='ltr'>ἔθνος.</span> <span class='ocrx_word' id='word_1_279' title='bbox 2941 991 3052 1042; x_wconf 75' lang='grc' dir='ltr'><strong>Καὶ</strong></span> <span class='ocrx_word' id='word_1_280' title='bbox 3081 987 3232 1057; x_wconf 88' lang='grc' dir='ltr'>γοῦν,</span> <span class='ocrx_word' id='word_1_281' title='bbox 3256 988 3343 1041; x_wconf 84' lang='grc' dir='ltr'>ὅτε</span> <span class='ocrx_word' id='word_1_282' title='bbox 3365 987 3394 1038; x_wconf 86' lang='grc' dir='ltr'><strong>ό</strong></span> <span class='ocrx_word' id='word_1_283' title='bbox 3413 989 3644 1057; x_wconf 70' lang='grc' dir='ltr'>Χριστὸς</span> 
     </span>
    </p>
   </div>
   <div class='ocr_carea' id='block_1_38' title="bbox 2065 1077 3642 1154">
    <p class='ocr_par' dir='ltr' id='par_1_38' title="bbox 2065 1077 3642 1154">
     <span class='ocr_line' id='line_1_38' title="bbox 2065 1077 3642 1154; baseline -0.004 -19"><span class='ocrx_word' id='word_1_284' title='bbox 2065 1084 2294 1154; x_wconf 79' lang='grc' dir='ltr'><strong>ποιήσας</strong></span> <span class='ocrx_word' id='word_1_285' title='bbox 2326 1083 2458 1135; x_wconf 75' lang='grc' dir='ltr'>ώσεὶ</span> <span class='ocrx_word' id='word_1_286' title='bbox 2505 1081 2827 1153; x_wconf 81' lang='grc' dir='ltr'>φραγέλλιον</span> <span class='ocrx_word' id='word_1_287' title='bbox 2878 1083 2942 1134; x_wconf 84' lang='grc' dir='ltr'><strong>ἐκ</strong></span> <span class='ocrx_word' id='word_1_288' title='bbox 2993 1081 3264 1150; x_wconf 83' lang='grc' dir='ltr'>σχοινίων,</span> <span class='ocrx_word' id='word_1_289' title='bbox 3313 1080 3520 1142; x_wconf 80' lang='grc' dir='ltr'>πάντας</span> <span class='ocrx_word' id='word_1_290' title='bbox 3553 1077 3642 1142; x_wconf 78' lang='grc' dir='ltr'><strong>ἐξ-</strong></span> 
     </span>
    </p>
   </div>
   <div class='ocr_carea' id='block_1_39' title="bbox 2064 1169 3639 1244">
    <p class='ocr_par' dir='ltr' id='par_1_39' title="bbox 2064 1169 3639 1244">
     <span class='ocr_line' id='line_1_39' title="bbox 2064 1169 3639 1244; baseline -0.004 -17"><span class='ocrx_word' id='word_1_291' title='bbox 2064 1175 2253 1228; x_wconf 76' lang='grc' dir='ltr'>έϐαλεν</span> <span class='ocrx_word' id='word_1_292' title='bbox 2299 1176 2362 1228; x_wconf 85' lang='grc' dir='ltr'><strong>ἐκ</strong></span> <span class='ocrx_word' id='word_1_293' title='bbox 2409 1173 2501 1227; x_wconf 87' lang='grc' dir='ltr'><strong>τοῦ</strong></span> <span class='ocrx_word' id='word_1_294' title='bbox 2537 1174 2702 1244; x_wconf 89' lang='grc' dir='ltr'>ἱεροῦ,</span> <span class='ocrx_word' id='word_1_295' title='bbox 2733 1174 2908 1242; x_wconf 88' lang='grc' dir='ltr'>λέγων</span> <span class='ocrx_word' id='word_1_296' title='bbox 2932 1215 2946 1236; x_wconf 94' lang='grc'><strong>,</strong></span> <span class='ocrx_word' id='word_1_297' title='bbox 2990 1175 3086 1225; x_wconf 75' lang='grc' dir='ltr'><strong>«Ἃ</strong></span> <span class='ocrx_word' id='word_1_298' title='bbox 3100 1189 3226 1244; x_wconf 90' lang='grc' dir='ltr'>ρατε</span> <span class='ocrx_word' id='word_1_299' title='bbox 3254 1172 3428 1224; x_wconf 89' lang='grc' dir='ltr'>ταῦτα</span> <span class='ocrx_word' id='word_1_300' title='bbox 3456 1169 3639 1222; x_wconf 86' lang='grc' dir='ltr'>ἐντεῦ-</span> 
     </span>
    </p>
   </div>
   <div class='ocr_carea' id='block_1_40' title="bbox 2064 1256 3639 1338">
    <p class='ocr_par' dir='ltr' id='par_1_40' title="bbox 2064 1256 3639 1338">
     <span class='ocr_line' id='line_1_40' title="bbox 2064 1256 3639 1338; baseline -0.005 -18"><span class='ocrx_word' id='word_1_301' title='bbox 2064 1267 2174 1330; x_wconf 90' lang='grc' dir='ltr'>θεν,</span> <span class='ocrx_word' id='word_1_302' title='bbox 2213 1267 2308 1320; x_wconf 70' lang='grc' dir='ltr'>καὶ</span> <span class='ocrx_word' id='word_1_303' title='bbox 2339 1267 2412 1338; x_wconf 83' lang='grc' dir='ltr'>μὴ</span> <span class='ocrx_word' id='word_1_304' title='bbox 2445 1270 2644 1320; x_wconf 85' lang='grc' dir='ltr'>ποιεῖτε</span> <span class='ocrx_word' id='word_1_305' title='bbox 2678 1265 2769 1318; x_wconf 82' lang='grc' dir='ltr'><strong>τὸν</strong></span> <span class='ocrx_word' id='word_1_306' title='bbox 2791 1262 2938 1318; x_wconf 73' lang='grc' dir='ltr'>οἷκον</span> <span class='ocrx_word' id='word_1_307' title='bbox 2967 1264 3060 1318; x_wconf 84' lang='grc' dir='ltr'><strong>τοῦ</strong></span> <span class='ocrx_word' id='word_1_308' title='bbox 3097 1264 3308 1335; x_wconf 86' lang='grc' dir='ltr'>Πατρός</span> <span class='ocrx_word' id='word_1_309' title='bbox 3335 1279 3462 1331; x_wconf 86' lang='grc' dir='ltr'>μου,</span> <span class='ocrx_word' id='word_1_310' title='bbox 3491 1256 3639 1314; x_wconf 80' lang='grc' dir='ltr'>οἶκον</span> 
     </span>
    </p>
   </div>
   <div class='ocr_carea' id='block_1_41' title="bbox 2063 1353 3643 1431">
    <p class='ocr_par' dir='ltr' id='par_1_41' title="bbox 2063 1353 3643 1431">
     <span class='ocr_line' id='line_1_41' title="bbox 2063 1353 3643 1431; baseline -0.003 -20"><span class='ocrx_word' id='word_1_311' title='bbox 2063 1359 2349 1431; x_wconf 70' lang='grc' dir='ltr'>ἐμπορίου,</span> <span class='ocrx_word' id='word_1_312' title='bbox 2385 1379 2400 1410; x_wconf 80' lang='grc' dir='ltr'><strong>ι</strong></span> <span class='ocrx_word' id='word_1_313' title='bbox 2443 1357 2751 1430; x_wconf 81' lang='grc' dir='ltr'>προσῄεσαν</span> <span class='ocrx_word' id='word_1_314' title='bbox 2784 1358 3033 1425; x_wconf 78' lang='grc' dir='ltr'>λέγοντες</span> <span class='ocrx_word' id='word_1_315' title='bbox 3055 1374 3069 1388; x_wconf 80' lang='grc' dir='ltr'><strong>ο</strong></span> <span class='ocrx_word' id='word_1_316' title='bbox 3130 1376 3147 1406; x_wconf 77' lang='grc' dir='ltr'><strong>ι</strong></span> <span class='ocrx_word' id='word_1_317' title='bbox 3177 1355 3242 1408; x_wconf 89' lang='grc' dir='ltr'>Τί</span> <span class='ocrx_word' id='word_1_318' title='bbox 3271 1355 3491 1424; x_wconf 79' lang='grc' dir='ltr'>σημεῖον</span> <span class='ocrx_word' id='word_1_319' title='bbox 3535 1353 3643 1407; x_wconf 81' lang='grc' dir='ltr'>δει-</span> 
     </span>
    </p>
   </div>
   <div class='ocr_carea' id='block_1_42' title="bbox 2063 1445 3642 1515">
    <p class='ocr_par' dir='ltr' id='par_1_42' title="bbox 2063 1445 3642 1515">
     <span class='ocr_line' id='line_1_42' title="bbox 2063 1445 3642 1515; baseline -0.004 -12"><span class='ocrx_word' id='word_1_320' title='bbox 2063 1450 2262 1514; x_wconf 82' lang='grc' dir='ltr'>κνύεις,</span> <span class='ocrx_word' id='word_1_321' title='bbox 2292 1451 2374 1503; x_wconf 85' lang='grc' dir='ltr'>ὅτι</span> <span class='ocrx_word' id='word_1_322' title='bbox 2405 1449 2580 1503; x_wconf 85' lang='grc' dir='ltr'>ταῦτα</span> <span class='ocrx_word' id='word_1_323' title='bbox 2629 1451 2830 1514; x_wconf 76' lang='grc' dir='ltr'>ποιεῖςς</span> <span class='ocrx_word' id='word_1_324' title='bbox 2868 1448 2962 1501; x_wconf 71' lang='grc' dir='ltr'>καὶ</span> <span class='ocrx_word' id='word_1_325' title='bbox 2991 1447 3075 1510; x_wconf 90' lang='grc' dir='ltr'><strong>τίς</strong></span> <span class='ocrx_word' id='word_1_326' title='bbox 3119 1446 3285 1499; x_wconf 76' lang='grc' dir='ltr'>ἔδωκέ</span> <span class='ocrx_word' id='word_1_327' title='bbox 3316 1463 3396 1498; x_wconf 67' lang='grc' dir='ltr'>σιῑι</span> <span class='ocrx_word' id='word_1_328' title='bbox 3431 1445 3528 1515; x_wconf 83' lang='grc' dir='ltr'><strong>τὴν</strong></span> <span class='ocrx_word' id='word_1_329' title='bbox 3557 1445 3642 1508; x_wconf 76' lang='grc' dir='ltr'><strong>ἐξ·</strong></span> 
     </span>
    </p>
   </div>
   <div class='ocr_carea' id='block_1_43' title="bbox 2061 1537 3642 1612">
    <p class='ocr_par' dir='ltr' id='par_1_43' title="bbox 2061 1537 3642 1612">
     <span class='ocr_line' id='line_1_43' title="bbox 2061 1537 3642 1612; baseline -0.004 -18"><span class='ocrx_word' id='word_1_330' title='bbox 2061 1542 2248 1594; x_wconf 87' lang='grc' dir='ltr'>ουσίαν</span> <span class='ocrx_word' id='word_1_331' title='bbox 2278 1541 2514 1612; x_wconf 85' lang='grc' dir='ltr'>ταύτην;</span> <span class='ocrx_word' id='word_1_332' title='bbox 2547 1560 2565 1591; x_wconf 74' lang='grc' dir='ltr'><strong>ι</strong></span> <span class='ocrx_word' id='word_1_333' title='bbox 2611 1541 2929 1612; x_wconf 75' lang='grc' dir='ltr'>Εὖρήσομεν</span> <span class='ocrx_word' id='word_1_334' title='bbox 2965 1539 3023 1592; x_wconf 83' lang='grc' dir='ltr'>δὲ</span> <span class='ocrx_word' id='word_1_335' title='bbox 3062 1540 3156 1592; x_wconf 73' lang='grc' dir='ltr'>καὶ</span> <span class='ocrx_word' id='word_1_336' title='bbox 3209 1537 3426 1607; x_wconf 81' lang='grc' dir='ltr'>ἐτέρους</span> <span class='ocrx_word' id='word_1_337' title='bbox 3470 1553 3642 1607; x_wconf 83' lang='grc' dir='ltr'>προσ-</span> 
     </span>
    </p>
   </div>
   <div class='ocr_carea' id='block_1_44' title="bbox 2064 1629 3641 1702">
    <p class='ocr_par' dir='ltr' id='par_1_44' title="bbox 2064 1629 3641 1702">
     <span class='ocr_line' id='line_1_44' title="bbox 2064 1629 3641 1702; baseline -0.004 -15"><span class='ocrx_word' id='word_1_338' title='bbox 2064 1637 2259 1698; x_wconf 87' lang='grc' dir='ltr'>ιόντας,</span> <span class='ocrx_word' id='word_1_339' title='bbox 2308 1633 2403 1687; x_wconf 75' lang='grc' dir='ltr'>καὶ</span> <span class='ocrx_word' id='word_1_340' title='bbox 2445 1634 2704 1702; x_wconf 90' lang='grc' dir='ltr'>λέγοντας</span> <span class='ocrx_word' id='word_1_341' title='bbox 2751 1631 2935 1701; x_wconf 74' lang='grc' dir='ltr'>αὐτῷ·</span> <span class='ocrx_word' id='word_1_342' title='bbox 2991 1650 3008 1681; x_wconf 75' lang='grc' dir='ltr'><strong>ι</strong></span> <span class='ocrx_word' id='word_1_343' title='bbox 3041 1629 3362 1692; x_wconf 85' lang='grc' dir='ltr'>Διδάσκαλε,</span> <span class='ocrx_word' id='word_1_344' title='bbox 3416 1629 3641 1698; x_wconf 83' lang='grc' dir='ltr'>θέλομεν</span> 
     </span>
    </p>
   </div>
   <div class='ocr_carea' id='block_1_45' title="bbox 2065 1722 3638 1796">
    <p class='ocr_par' dir='ltr' id='par_1_45' title="bbox 2065 1722 3638 1796">
     <span class='ocr_line' id='line_1_45' title="bbox 2065 1722 3638 1796; baseline -0.004 -18"><span class='ocrx_word' id='word_1_345' title='bbox 2065 1725 2173 1778; x_wconf 82' lang='grc' dir='ltr'><strong>ἀπὸ</strong></span> <span class='ocrx_word' id='word_1_346' title='bbox 2207 1724 2300 1778; x_wconf 89' lang='grc' dir='ltr'><strong>σοῦ</strong></span> <span class='ocrx_word' id='word_1_347' title='bbox 2338 1728 2560 1796; x_wconf 87' lang='grc' dir='ltr'>σημεῖον</span> <span class='ocrx_word' id='word_1_348' title='bbox 2595 1725 2743 1780; x_wconf 77' lang='grc' dir='ltr'>ἰδεῖν.</span> <span class='ocrx_word' id='word_1_349' title='bbox 2777 1743 2796 1777; x_wconf 75' lang='grc' dir='ltr'><strong>ι</strong></span> <span class='ocrx_word' id='word_1_350' title='bbox 2829 1723 3041 1778; x_wconf 74' lang='grc' dir='ltr'>Οὐκοῦν</span> <span class='ocrx_word' id='word_1_351' title='bbox 3087 1723 3402 1793; x_wconf 83' lang='grc' dir='ltr'>ἐπειδήπερ,</span> <span class='ocrx_word' id='word_1_352' title='bbox 3456 1722 3638 1789; x_wconf 66' lang='grc' dir='ltr'>φησιν,</span> 
     </span>
    </p>
   </div>
   <div class='ocr_carea' id='block_1_46' title="bbox 2066 1814 3649 1888">
    <p class='ocr_par' dir='ltr' id='par_1_46' title="bbox 2066 1814 3649 1888">
     <span class='ocr_line' id='line_1_46' title="bbox 2066 1814 3649 1888; baseline -0.003 -18"><span class='ocrx_word' id='word_1_353' title='bbox 2066 1816 2256 1887; x_wconf 83' lang='grc' dir='ltr'>ἄνδρες</span> <span class='ocrx_word' id='word_1_354' title='bbox 2285 1818 2391 1870; x_wconf 81' lang='grc' dir='ltr'>εἰσὶ</span> <span class='ocrx_word' id='word_1_355' title='bbox 2417 1817 2830 1888; x_wconf 64' lang='grc' dir='ltr'>τερατοσκόποι,</span> <span class='ocrx_word' id='word_1_356' title='bbox 2869 1816 3287 1886; x_wconf 79' lang='grc' dir='ltr'>μανθανέτωσαν</span> <span class='ocrx_word' id='word_1_357' title='bbox 3321 1814 3434 1884; x_wconf 79' lang='grc' dir='ltr'>ἃμα</span> <span class='ocrx_word' id='word_1_358' title='bbox 3466 1814 3548 1866; x_wconf 75' lang='grc' dir='ltr'>σοὶ</span> <span class='ocrx_word' id='word_1_359' title='bbox 3575 1816 3649 1867; x_wconf 73' lang='grc' dir='ltr'><strong>τὰ.</strong></span> 
     </span>
    </p>
   </div>
   <div class='ocr_carea' id='block_1_47' title="bbox 2067 1901 3646 1978">
    <p class='ocr_par' dir='ltr' id='par_1_47' title="bbox 2067 1901 3646 1978">
     <span class='ocr_line' id='line_1_47' title="bbox 2067 1901 3646 1978; baseline -0.002 -18"><span class='ocrx_word' id='word_1_360' title='bbox 2067 1908 2318 1978; x_wconf 81' lang='grc' dir='ltr'><strong>ἐσόμενα,</strong></span> <span class='ocrx_word' id='word_1_361' title='bbox 2353 1909 2447 1962; x_wconf 75' lang='grc' dir='ltr'><strong>καὶ</strong></span> <span class='ocrx_word' id='word_1_362' title='bbox 2475 1908 2718 1978; x_wconf 80' lang='grc' dir='ltr'>σημείων</span> <span class='ocrx_word' id='word_1_363' title='bbox 2747 1901 2823 1962; x_wconf 85' lang='grc' dir='ltr'>ὧν</span> <span class='ocrx_word' id='word_1_364' title='bbox 2851 1906 3096 1962; x_wconf 72' lang='grc' dir='ltr'>αἰτοῦσιν</span> <span class='ocrx_word' id='word_1_365' title='bbox 3121 1907 3207 1960; x_wconf 80' lang='grc' dir='ltr'><strong>ἀεὶ</strong></span> <span class='ocrx_word' id='word_1_366' title='bbox 3249 1907 3340 1958; x_wconf 77' lang='grc' dir='ltr'><strong>τὸν</strong></span> <span class='ocrx_word' id='word_1_367' title='bbox 3378 1905 3646 1959; x_wconf 84' lang='grc' dir='ltr'>παναλκέ-</span> 
     </span>
    </p>
   </div>
   <div class='ocr_carea' id='block_1_48' title="bbox 2067 1992 3649 2069">
    <p class='ocr_par' dir='ltr' id='par_1_48' title="bbox 2067 1992 3649 2069">
     <span class='ocr_line' id='line_1_48' title="bbox 2067 1992 3649 2069; baseline 0.002 -22"><span class='ocrx_word' id='word_1_368' title='bbox 2067 2013 2260 2050; x_wconf 81' lang='grc' dir='ltr'>στατον</span> <span class='ocrx_word' id='word_1_369' title='bbox 2294 1998 2685 2069; x_wconf 79' lang='grc' dir='ltr'>ἀποτελεστήν.</span> <span class='ocrx_word' id='word_1_370' title='bbox 2721 2001 2830 2053; x_wconf 76' lang='grc' dir='ltr'><strong>Καὶ</strong></span> <span class='ocrx_word' id='word_1_371' title='bbox 2877 1998 2961 2062; x_wconf 86' lang='grc' dir='ltr'><strong>τίς</strong></span> <span class='ocrx_word' id='word_1_372' title='bbox 3006 1999 3072 2069; x_wconf 83' lang='grc' dir='ltr'>δὴ</span> <span class='ocrx_word' id='word_1_373' title='bbox 3120 1994 3213 2052; x_wconf 84' lang='grc' dir='ltr'>οὖν</span> <span class='ocrx_word' id='word_1_374' title='bbox 3261 1992 3415 2062; x_wconf 71' lang='grc' dir='ltr'>οὗτός</span> <span class='ocrx_word' id='word_1_375' title='bbox 3454 2001 3649 2060; x_wconf 63' lang='lat' dir='ltr'><strong>tactv;</strong></span> 
     </span>
    </p>
   </div>
   <div class='ocr_carea' id='block_1_49' title="bbox 2071 2085 3643 2160">
    <p class='ocr_par' dir='ltr' id='par_1_49' title="bbox 2071 2085 3643 2160">
     <span class='ocr_line' id='line_1_49' title="bbox 2071 2085 3643 2160; baseline 0.004 -25"><span class='ocrx_word' id='word_1_376' title='bbox 2071 2105 2088 2135; x_wconf 78' lang='grc' dir='ltr'><strong>ι</strong></span> <span class='ocrx_word' id='word_1_377' title='bbox 2113 2086 2240 2140; x_wconf 82' lang='grc' dir='ltr'>Ἰδοὺ</span> <span class='ocrx_word' id='word_1_378' title='bbox 2267 2085 2380 2154; x_wconf 84' lang='grc' dir='ltr'>ἐγὼ</span> <span class='ocrx_word' id='word_1_379' title='bbox 2412 2088 2530 2156; x_wconf 81' lang='grc' dir='ltr'>ἄγω</span> <span class='ocrx_word' id='word_1_380' title='bbox 2559 2088 2648 2141; x_wconf 88' lang='grc' dir='ltr'>τὸν</span> <span class='ocrx_word' id='word_1_381' title='bbox 2673 2088 2856 2142; x_wconf 85' lang='grc' dir='ltr'>δοῦλόν</span> <span class='ocrx_word' id='word_1_382' title='bbox 2892 2106 3019 2160; x_wconf 88' lang='grc' dir='ltr'>μου,</span> <span class='ocrx_word' id='word_1_383' title='bbox 3037 2089 3297 2158; x_wconf 75' lang='grc' dir='ltr'>Ἀνατολὴ</span> <span class='ocrx_word' id='word_1_384' title='bbox 3336 2089 3505 2158; x_wconf 77' lang='grc' dir='ltr'>ὄνομα</span> <span class='ocrx_word' id='word_1_385' title='bbox 3545 2090 3643 2141; x_wconf 80' lang='grc' dir='ltr'>αῦ-</span> 
     </span>
    </p>
   </div>
   <div class='ocr_carea' id='block_1_50' title="bbox 2063 2176 3648 2250">
    <p class='ocr_par' dir='ltr' id='par_1_50' title="bbox 2063 2176 3648 2250">
     <span class='ocr_line' id='line_1_50' title="bbox 2063 2176 3648 2250; baseline -0.001 -19"><span class='ocrx_word' id='word_1_386' title='bbox 2063 2179 2161 2250; x_wconf 84' lang='grc' dir='ltr'><strong>τῷ.</strong></span> <span class='ocrx_word' id='word_1_387' title='bbox 2196 2198 2214 2231; x_wconf 76' lang='grc' dir='ltr'><strong>ι</strong></span> <span class='ocrx_word' id='word_1_388' title='bbox 2253 2178 2384 2243; x_wconf 80' lang='grc' dir='ltr'>Θεὸς</span> <span class='ocrx_word' id='word_1_389' title='bbox 2440 2179 2540 2249; x_wconf 76' lang='grc' dir='ltr'>μὲν</span> <span class='ocrx_word' id='word_1_390' title='bbox 2565 2176 2657 2233; x_wconf 78' lang='grc' dir='ltr'>οὖν</span> <span class='ocrx_word' id='word_1_391' title='bbox 2687 2179 2829 2233; x_wconf 84' lang='grc' dir='ltr'>κατὰ</span> <span class='ocrx_word' id='word_1_392' title='bbox 2857 2179 3019 2249; x_wconf 84' lang='grc' dir='ltr'>φύσιν</span> <span class='ocrx_word' id='word_1_393' title='bbox 3065 2179 3157 2232; x_wconf 69' lang='grc' dir='ltr'>καὶ</span> <span class='ocrx_word' id='word_1_394' title='bbox 3180 2181 3242 2232; x_wconf 79' lang='grc' dir='ltr'><strong>ἐκ</strong></span> <span class='ocrx_word' id='word_1_395' title='bbox 3271 2177 3408 2230; x_wconf 85' lang='grc' dir='ltr'>Θεοῦ</span> <span class='ocrx_word' id='word_1_396' title='bbox 3433 2178 3648 2248; x_wconf 78' lang='grc' dir='ltr'>[ἰατρὸς</span> 
     </span>
    </p>
   </div>
   <div class='ocr_carea' id='block_1_51' title="bbox 2066 2268 3644 2342">
    <p class='ocr_par' dir='ltr' id='par_1_51' title="bbox 2066 2268 3644 2342">
     <span class='ocr_line' id='line_1_51' title="bbox 2066 2268 3644 2342; baseline -0.002 -19"><span class='ocrx_word' id='word_1_397' title='bbox 2066 2273 2303 2341; x_wconf 81' lang='grc' dir='ltr'>πέφηνεν</span> <span class='ocrx_word' id='word_1_398' title='bbox 2333 2271 2362 2322; x_wconf 87' lang='grc' dir='ltr'><strong>ό</strong></span> <span class='ocrx_word' id='word_1_399' title='bbox 2393 2271 2723 2342; x_wconf 80' lang='grc' dir='ltr'>Μονογενὴς,</span> <span class='ocrx_word' id='word_1_400' title='bbox 2755 2274 2850 2326; x_wconf 73' lang='grc' dir='ltr'>καὶ</span> <span class='ocrx_word' id='word_1_401' title='bbox 2890 2273 2964 2335; x_wconf 87' lang='grc' dir='ltr'><strong>ώς</strong></span> <span class='ocrx_word' id='word_1_402' title='bbox 2994 2271 3152 2324; x_wconf 87' lang='grc' dir='ltr'>τοῦτο</span> <span class='ocrx_word' id='word_1_403' title='bbox 3180 2270 3460 2340; x_wconf 78' lang='grc' dir='ltr'>ὑπάρχων,</span> <span class='ocrx_word' id='word_1_404' title='bbox 3492 2268 3644 2321; x_wconf 82' lang='grc' dir='ltr'>ἐλεύ-</span> 
     </span>
    </p>
   </div>
   <div class='ocr_carea' id='block_1_52' title="bbox 2064 2361 3646 2433">
    <p class='ocr_par' dir='ltr' id='par_1_52' title="bbox 2064 2361 3646 2433">
     <span class='ocr_line' id='line_1_52' title="bbox 2064 2361 3646 2433; baseline -0.002 -17"><span class='ocrx_word' id='word_1_405' title='bbox 2064 2361 2420 2433; x_wconf 81' lang='grc' dir='ltr'>θερος.“Αλλὰ</span> <span class='ocrx_word' id='word_1_406' title='bbox 2472 2363 2776 2416; x_wconf 82' lang='grc' dir='ltr'>κεκένωκεν</span> <span class='ocrx_word' id='word_1_407' title='bbox 2827 2364 3038 2426; x_wconf 68' lang='grc' dir='ltr'>ἑαυτὸν,</span> <span class='ocrx_word' id='word_1_408' title='bbox 3069 2362 3212 2416; x_wconf 72' lang='grc' dir='ltr'>κατὰ</span> <span class='ocrx_word' id='word_1_409' title='bbox 3253 2365 3352 2425; x_wconf 71' lang='grc' dir='ltr'><strong>τὰς</strong></span> <span class='ocrx_word' id='word_1_410' title='bbox 3402 2361 3646 2432; x_wconf 74' lang='grc' dir='ltr'>Γραφὰς,</span> 
     </span>
    </p>
   </div>
   <div class='ocr_carea' id='block_1_53' title="bbox 2063 2451 3643 2526">
    <p class='ocr_par' dir='ltr' id='par_1_53' title="bbox 2063 2451 3643 2526">
     <span class='ocr_line' id='line_1_53' title="bbox 2063 2451 3643 2526; baseline -0.003 -17"><span class='ocrx_word' id='word_1_411' title='bbox 2063 2455 2275 2519; x_wconf 74' lang='grc' dir='ltr'>καθιεὶς</span> <span class='ocrx_word' id='word_1_412' title='bbox 2324 2457 2403 2519; x_wconf 88' lang='grc' dir='ltr'><strong>είς</strong></span> <span class='ocrx_word' id='word_1_413' title='bbox 2447 2456 2586 2526; x_wconf 81' lang='grc' dir='ltr'>ὅπερ</span> <span class='ocrx_word' id='word_1_414' title='bbox 2637 2456 2738 2508; x_wconf 74' lang='grc' dir='ltr'>οὐκ</span> <span class='ocrx_word' id='word_1_415' title='bbox 2786 2451 2874 2526; x_wconf 74' lang='grc' dir='ltr'>ἦν,</span> <span class='ocrx_word' id='word_1_416' title='bbox 2904 2455 2996 2508; x_wconf 75' lang='grc' dir='ltr'>καὶ</span> <span class='ocrx_word' id='word_1_417' title='bbox 3029 2454 3402 2525; x_wconf 83' lang='grc' dir='ltr'>κεχρημάτικε</span> <span class='ocrx_word' id='word_1_418' title='bbox 3437 2453 3643 2518; x_wconf 74' lang='grc' dir='ltr'>δοῦλος,</span> 
     </span>
    </p>
   </div>
   <div class='ocr_carea' id='block_1_54' title="bbox 2062 2545 3650 2618">
    <p class='ocr_par' dir='ltr' id='par_1_54' title="bbox 2062 2545 3650 2618">
     <span class='ocr_line' id='line_1_54' title="bbox 2062 2545 3650 2618; baseline -0.003 -17"><span class='ocrx_word' id='word_1_419' title='bbox 2062 2549 2151 2602; x_wconf 80' lang='grc' dir='ltr'>διὰ</span> <span class='ocrx_word' id='word_1_420' title='bbox 2179 2549 2240 2600; x_wconf 87' lang='grc' dir='ltr'><strong>τὸ</strong></span> <span class='ocrx_word' id='word_1_421' title='bbox 2274 2545 2634 2618; x_wconf 85' lang='grc' dir='ltr'>ἀνθρώπινον,</span> <span class='ocrx_word' id='word_1_422' title='bbox 2667 2547 2844 2600; x_wconf 86' lang='grc' dir='ltr'>καίτοι</span> <span class='ocrx_word' id='word_1_423' title='bbox 2875 2547 3078 2617; x_wconf 82' lang='grc' dir='ltr'>Κύριος</span> <span class='ocrx_word' id='word_1_424' title='bbox 3109 2547 3326 2599; x_wconf 85' lang='grc' dir='ltr'>πάντων</span> <span class='ocrx_word' id='word_1_425' title='bbox 3362 2545 3650 2616; x_wconf 73' lang='grc' dir='ltr'>ὑπάρχων,</span> 
     </span>
    </p>
   </div>
   <div class='ocr_carea' id='block_1_55' title="bbox 2060 2633 3645 2708">
    <p class='ocr_par' dir='ltr' id='par_1_55' title="bbox 2060 2633 3645 2708">
     <span class='ocr_line' id='line_1_55' title="bbox 2060 2633 3645 2708; baseline -0.001 -18"><span class='ocrx_word' id='word_1_426' title='bbox 2060 2637 2136 2702; x_wconf 85' lang='grc' dir='ltr'>ὡς</span> <span class='ocrx_word' id='word_1_427' title='bbox 2176 2637 2328 2702; x_wconf 89' lang='grc' dir='ltr'>Θεός.</span> <span class='ocrx_word' id='word_1_428' title='bbox 2346 2637 2488 2690; x_wconf 80' lang='grc' dir='ltr'>Ἀλλ’</span> <span class='ocrx_word' id='word_1_429' title='bbox 2520 2634 2587 2708; x_wconf 76' lang='grc' dir='ltr'>ἦν</span> <span class='ocrx_word' id='word_1_430' title='bbox 2632 2639 2726 2690; x_wconf 79' lang='grc' dir='ltr'>καὶ</span> <span class='ocrx_word' id='word_1_431' title='bbox 2772 2633 2926 2699; x_wconf 75' lang='grc' dir='ltr'>οὗτος</span> <span class='ocrx_word' id='word_1_432' title='bbox 2953 2635 3226 2706; x_wconf 77' lang='grc' dir='ltr'>Ἀνατολὴ,</span> <span class='ocrx_word' id='word_1_433' title='bbox 3267 2635 3534 2698; x_wconf 75' lang='grc' dir='ltr'>τουτέστι,</span> <span class='ocrx_word' id='word_1_434' title='bbox 3569 2635 3645 2688; x_wconf 92' lang='grc' dir='ltr'>δι-</span> 
     </span>
    </p>
   </div>
   <div class='ocr_carea' id='block_1_56' title="bbox 2062 2723 3644 2800">
    <p class='ocr_par' dir='ltr' id='par_1_56' title="bbox 2062 2723 3644 2800">
     <span class='ocr_line' id='line_1_56' title="bbox 2062 2723 3644 2800; baseline -0.001 -17"><span class='ocrx_word' id='word_1_435' title='bbox 2062 2729 2354 2800; x_wconf 79' lang='grc' dir='ltr'>καιοσύνης</span> <span class='ocrx_word' id='word_1_436' title='bbox 2382 2729 2591 2794; x_wconf 84' lang='grc' dir='ltr'>Ἥλιος.</span> <span class='ocrx_word' id='word_1_437' title='bbox 2623 2729 2840 2798; x_wconf 84' lang='grc' dir='ltr'>Ἀνέσχε</span> <span class='ocrx_word' id='word_1_438' title='bbox 2887 2729 3001 2799; x_wconf 77' lang='grc' dir='ltr'><strong>γὰρ</strong></span> <span class='ocrx_word' id='word_1_439' title='bbox 3051 2732 3143 2782; x_wconf 76' lang='grc' dir='ltr'>καὶ</span> <span class='ocrx_word' id='word_1_440' title='bbox 3182 2727 3496 2799; x_wconf 66' lang='grc' dir='ltr'>ἐπέλαμψεν</span> <span class='ocrx_word' id='word_1_441' title='bbox 3528 2723 3644 2782; x_wconf 76' lang='grc' dir='ltr'>οἷά-</span> 
     </span>
    </p>
   </div>
   <div class='ocr_carea' id='block_1_57' title="bbox 2062 2818 3646 2892">
    <p class='ocr_par' dir='ltr' id='par_1_57' title="bbox 2062 2818 3646 2892">
     <span class='ocr_line' id='line_1_57' title="bbox 2062 2818 3646 2892; baseline -0.002 -21"><span class='ocrx_word' id='word_1_442' title='bbox 2062 2833 2170 2892; x_wconf 84' lang='grc' dir='ltr'><strong>περ</strong></span> <span class='ocrx_word' id='word_1_443' title='bbox 2215 2820 2276 2872; x_wconf 91' lang='grc' dir='ltr'><strong>ἐν</strong></span> <span class='ocrx_word' id='word_1_444' title='bbox 2327 2820 2508 2872; x_wconf 87' lang='grc' dir='ltr'>σκότει</span> <span class='ocrx_word' id='word_1_445' title='bbox 2561 2818 2892 2871; x_wconf 84' lang='grc' dir='ltr'>διατελοῦσιν</span> <span class='ocrx_word' id='word_1_446' title='bbox 2921 2820 3073 2888; x_wconf 78' lang='grc' dir='ltr'>ἡμῖν,</span> <span class='ocrx_word' id='word_1_447' title='bbox 3115 2818 3274 2887; x_wconf 86' lang='grc' dir='ltr'>μόνον</span> <span class='ocrx_word' id='word_1_448' title='bbox 3305 2818 3362 2871; x_wconf 86' lang='grc' dir='ltr'>δὲ</span> <span class='ocrx_word' id='word_1_449' title='bbox 3393 2819 3513 2887; x_wconf 67' lang='grc' dir='ltr'>οὐχ).</span> <span class='ocrx_word' id='word_1_450' title='bbox 3551 2819 3646 2871; x_wconf 69' lang='grc' dir='ltr'><strong>καὶ</strong></span> 
     </span>
    </p>
   </div>
   <div class='ocr_carea' id='block_1_58' title="bbox 2061 2901 3714 2979">
    <p class='ocr_par' dir='ltr' id='par_1_58' title="bbox 2061 2901 3714 2979">
     <span class='ocr_line' id='line_1_58' title="bbox 2061 2901 3714 2979; baseline -0.004 -16"><span class='ocrx_word' id='word_1_451' title='bbox 2061 2910 2137 2974; x_wconf 82' lang='grc' dir='ltr'>ὡς</span> <span class='ocrx_word' id='word_1_452' title='bbox 2162 2911 2219 2962; x_wconf 90' lang='grc' dir='ltr'><strong>ἐν</strong></span> <span class='ocrx_word' id='word_1_453' title='bbox 2246 2910 2402 2963; x_wconf 71' lang='grc' dir='ltr'>νυκτὶ</span> <span class='ocrx_word' id='word_1_454' title='bbox 2458 2911 2550 2963; x_wconf 76' lang='grc' dir='ltr'>καὶ</span> <span class='ocrx_word' id='word_1_455' title='bbox 2579 2907 2732 2978; x_wconf 84' lang='grc' dir='ltr'>ῦπνῳ</span> <span class='ocrx_word' id='word_1_456' title='bbox 2762 2907 3178 2979; x_wconf 82' lang='grc' dir='ltr'>κεκαρωμένους</span> <span class='ocrx_word' id='word_1_457' title='bbox 3210 2909 3326 2968; x_wconf 83' lang='grc' dir='ltr'>ταῖς</span> <span class='ocrx_word' id='word_1_458' title='bbox 3355 2907 3647 2976; x_wconf 81' lang='grc' dir='ltr'>κοσμικαῖς</span> <span class='ocrx_word' id='word_1_459' title='bbox 3711 2901 3714 2905; x_wconf 73' lang='grc'><strong>’</strong></span> 
     </span>
    </p>
   </div>
   <div class='ocr_carea' id='block_1_59' title="bbox 2060 2999 3646 3072">
    <p class='ocr_par' dir='ltr' id='par_1_59' title="bbox 2060 2999 3646 3072">
     <span class='ocr_line' id='line_1_59' title="bbox 2060 2999 3646 3072; baseline -0.003 -18"><span class='ocrx_word' id='word_1_460' title='bbox 2060 3001 2299 3072; x_wconf 82' lang='grc' dir='ltr'>ἡδοναῖς,</span> <span class='ocrx_word' id='word_1_461' title='bbox 2333 3002 2428 3055; x_wconf 73' lang='grc' dir='ltr'>καὶ</span> <span class='ocrx_word' id='word_1_462' title='bbox 2474 3001 2573 3070; x_wconf 80' lang='grc' dir='ltr'>τῆς</span> <span class='ocrx_word' id='word_1_463' title='bbox 2605 2999 2845 3063; x_wconf 80' lang='grc' dir='ltr'>διανοίας</span> <span class='ocrx_word' id='word_1_464' title='bbox 2885 3000 2980 3053; x_wconf 83' lang='grc' dir='ltr'>τὸν</span> <span class='ocrx_word' id='word_1_465' title='bbox 3013 2999 3288 3069; x_wconf 74' lang='grc' dir='ltr'>ὀφθαλμὸν</span> <span class='ocrx_word' id='word_1_466' title='bbox 3333 3015 3646 3051; x_wconf 86' lang='grc' dir='ltr'>κατεσκοτι-</span> 
     </span>
    </p>
   </div>
   <div class='ocr_carea' id='block_1_60' title="bbox 387 3081 1961 3175">
    <p class='ocr_par' dir='ltr' id='par_1_60' title="bbox 387 3081 1959 3150">
     <span class='ocr_line' id='line_1_60' title="bbox 387 3081 1959 3150; baseline -0.005 -9"><span class='ocrx_word' id='word_1_467' title='bbox 387 3087 617 3141; x_wconf 90' lang='lat' dir='ltr'><strong>duamur</strong></span> <span class='ocrx_word' id='word_1_468' title='bbox 642 3100 796 3140; x_wconf 86' lang='lat' dir='ltr'><strong>arma</strong></span> <span class='ocrx_word' id='word_1_469' title='bbox 832 3085 986 3150; x_wconf 89' lang='lat' dir='ltr'><strong>lucis,</strong></span> <span class='ocrx_word' id='word_1_470' title='bbox 1037 3085 1179 3139; x_wconf 91' lang='lat' dir='ltr'><strong>sicut</strong></span> <span class='ocrx_word' id='word_1_471' title='bbox 1204 3084 1256 3137; x_wconf 93' lang='lat' dir='ltr'><strong>in</strong></span> <span class='ocrx_word' id='word_1_472' title='bbox 1287 3083 1374 3138; x_wconf 90' lang='lat' dir='ltr'><strong>die</strong></span> <span class='ocrx_word' id='word_1_473' title='bbox 1433 3083 1662 3138; x_wconf 85' lang='lat' dir='ltr'><strong>honeste</strong></span> <span class='ocrx_word' id='word_1_474' title='bbox 1721 3081 1959 3136; x_wconf 88' lang='lat' dir='ltr'><strong>ambule-</strong></span> 
     </span>
    </p>
   </div>
   <div class='ocr_carea' id='block_1_61' title="bbox 2065 3081 3646 3175">
    <p class='ocr_par' dir='ltr' id='par_1_61' title="bbox 2070 3090 3646 3165">
     <span class='ocr_line' id='line_1_61' title="bbox 2070 3090 3646 3165; baseline -0.004 -19"><span class='ocrx_word' id='word_1_475' title='bbox 2070 3093 2319 3164; x_wconf 83' lang='grc' dir='ltr'>σμένους,</span> <span class='ocrx_word' id='word_1_476' title='bbox 2353 3094 2543 3165; x_wconf 70' lang='grc' dir='ltr'>ἤγειρέ</span> <span class='ocrx_word' id='word_1_477' title='bbox 2590 3109 2649 3145; x_wconf 90' lang='grc' dir='ltr'>τε</span> <span class='ocrx_word' id='word_1_478' title='bbox 2683 3091 2820 3163; x_wconf 84' lang='grc' dir='ltr'>πρὸς</span> <span class='ocrx_word' id='word_1_479' title='bbox 2847 3090 3028 3162; x_wconf 79' lang='grc' dir='ltr'>νῆψιν,</span> <span class='ocrx_word' id='word_1_480' title='bbox 3068 3091 3163 3144; x_wconf 72' lang='grc' dir='ltr'>καὶ</span> <span class='ocrx_word' id='word_1_481' title='bbox 3213 3090 3497 3162; x_wconf 79' lang='grc' dir='ltr'>λαμπροὺς</span> <span class='ocrx_word' id='word_1_482' title='bbox 3541 3091 3646 3142; x_wconf 76' lang='grc' dir='ltr'><strong>ἀπ-</strong></span> 
     </span>
    </p>
   </div>
   <div class='ocr_carea' id='block_1_62' title="bbox 387 3175 1967 3244">
    <p class='ocr_par' dir='ltr' id='par_1_62' title="bbox 387 3175 1967 3244">
     <span class='ocr_line' id='line_1_62' title="bbox 387 3175 1967 3244; baseline -0.001 -12"><span class='ocrx_word' id='word_1_483' title='bbox 387 3193 508 3232; x_wconf 78' lang='lat' dir='ltr'><strong>mus</strong></span> <span class='ocrx_word' id='word_1_484' title='bbox 524 3175 625 3230; x_wconf 80' lang='grc'><strong>⁸⁸.»</strong></span> <span class='ocrx_word' id='word_1_485' title='bbox 650 3175 717 3231; x_wconf 86' lang='lat' dir='ltr'><strong>Et</strong></span> <span class='ocrx_word' id='word_1_486' title='bbox 749 3179 939 3232; x_wconf 87' lang='lat' dir='ltr'><strong>iterum</strong></span> <span class='ocrx_word' id='word_1_487' title='bbox 968 3195 980 3230; x_wconf 92' lang='lat'>:</span> <span class='ocrx_word' id='word_1_488' title='bbox 1021 3194 1038 3225; x_wconf 80' lang='grc' dir='ltr'><strong>ι</strong></span> <span class='ocrx_word' id='word_1_489' title='bbox 1079 3175 1272 3244; x_wconf 87' lang='lat' dir='ltr'><strong>Surge,</strong></span> <span class='ocrx_word' id='word_1_490' title='bbox 1302 3175 1391 3244; x_wconf 89' lang='lat' dir='ltr'><strong>qui</strong></span> <span class='ocrx_word' id='word_1_491' title='bbox 1421 3176 1643 3239; x_wconf 90' lang='lat' dir='ltr'><strong>dormis,</strong></span> <span class='ocrx_word' id='word_1_492' title='bbox 1668 3185 1967 3244; x_wconf 80' lang='lat' dir='ltr'><strong>etexsurge</strong></span> 
     </span>
    </p>
   </div>
   <div class='ocr_carea' id='block_1_63' title="bbox 388 3269 1967 3340">
    <p class='ocr_par' dir='ltr' id='par_1_63' title="bbox 388 3269 1967 3340">
     <span class='ocr_line' id='line_1_63' title="bbox 388 3269 1967 3340; baseline 0.002 -18"><span class='ocrx_word' id='word_1_493' title='bbox 388 3286 416 3322; x_wconf 81' lang='grc' dir='ltr'><strong>ιι</strong></span> <span class='ocrx_word' id='word_1_494' title='bbox 446 3270 691 3335; x_wconf 86' lang='lat' dir='ltr'><strong>mortuis,</strong></span> <span class='ocrx_word' id='word_1_495' title='bbox 714 3283 766 3326; x_wconf 85' lang='lat' dir='ltr'><strong>et</strong></span> <span class='ocrx_word' id='word_1_496' title='bbox 795 3271 1121 3326; x_wconf 88' lang='lat' dir='ltr'><strong>illuminabit</strong></span> <span class='ocrx_word' id='word_1_497' title='bbox 1143 3282 1196 3327; x_wconf 88' lang='lat' dir='ltr'><strong>te</strong></span> <span class='ocrx_word' id='word_1_498' title='bbox 1216 3269 1470 3328; x_wconf 85' lang='lat' dir='ltr'><strong>Christus</strong></span> <span class='ocrx_word' id='word_1_499' title='bbox 1498 3271 1569 3324; x_wconf 68' lang='grc' dir='ltr'><strong>δ’.</strong></span> <span class='ocrx_word' id='word_1_500' title='bbox 1610 3291 1628 3322; x_wconf 75' lang='grc' dir='ltr'><strong>ι</strong></span> <span class='ocrx_word' id='word_1_501' title='bbox 1654 3270 1967 3340; x_wconf 78' lang='lat' dir='ltr'><strong>Promulgat</strong></span> 
     </span>
    </p>
   </div>
   <div class='ocr_carea' id='block_1_64' title="bbox 390 3363 1958 3432">
    <p class='ocr_par' dir='ltr' id='par_1_64' title="bbox 390 3363 1958 3432">
     <span class='ocr_line' id='line_1_64' title="bbox 390 3363 1958 3432; baseline 0.001 -18"><span class='ocrx_word' id='word_1_502' title='bbox 390 3363 550 3432; x_wconf 88' lang='lat' dir='ltr'><strong>igitur</strong></span> <span class='ocrx_word' id='word_1_503' title='bbox 571 3372 698 3416; x_wconf 86' lang='lat' dir='ltr'><strong>ante</strong></span> <span class='ocrx_word' id='word_1_504' title='bbox 745 3363 974 3432; x_wconf 87' lang='lat' dir='ltr'><strong>insignia</strong></span> <span class='ocrx_word' id='word_1_505' title='bbox 1024 3363 1163 3418; x_wconf 87' lang='lat' dir='ltr'><strong>facta</strong></span> <span class='ocrx_word' id='word_1_506' title='bbox 1223 3363 1520 3418; x_wconf 89' lang='lat' dir='ltr'><strong>Salvatoris</strong></span> <span class='ocrx_word' id='word_1_507' title='bbox 1590 3363 1782 3427; x_wconf 90' lang='lat' dir='ltr'><strong>nostri,</strong></span> <span class='ocrx_word' id='word_1_508' title='bbox 1837 3378 1958 3432; x_wconf 67' lang='lat' dir='ltr'><strong>qua:</strong></span> 
     </span>
    </p>
   </div>
   <div class='ocr_carea' id='block_1_65' title="bbox 389 3454 1957 3524">
    <p class='ocr_par' dir='ltr' id='par_1_65' title="bbox 389 3454 1957 3524">
     <span class='ocr_line' id='line_1_65' title="bbox 389 3454 1957 3524; baseline 0 -18"><span class='ocrx_word' id='word_1_509' title='bbox 389 3469 627 3520; x_wconf 85' lang='lat' dir='ltr'><strong>praesens</strong></span> <span class='ocrx_word' id='word_1_510' title='bbox 676 3455 921 3510; x_wconf 84' lang='lat' dir='ltr'><strong>editurus</strong></span> <span class='ocrx_word' id='word_1_511' title='bbox 967 3465 1070 3511; x_wconf 88' lang='lat' dir='ltr'><strong>est.</strong></span> <span class='ocrx_word' id='word_1_512' title='bbox 1103 3454 1353 3511; x_wconf 79' lang='lat' dir='ltr'><strong>Nominat</strong></span> <span class='ocrx_word' id='word_1_513' title='bbox 1421 3470 1660 3518; x_wconf 87' lang='lat' dir='ltr'><strong>servum,</strong></span> <span class='ocrx_word' id='word_1_514' title='bbox 1702 3456 1957 3524; x_wconf 86' lang='lat' dir='ltr'><strong>quoniam</strong></span> 
     </span>
    </p>
   </div>
   <div class='ocr_carea' id='block_1_66' title="bbox 391 3545 1964 3618">
    <p class='ocr_par' dir='ltr' id='par_1_66' title="bbox 391 3545 1964 3618">
     <span class='ocr_line' id='line_1_66' title="bbox 391 3545 1964 3618; baseline 0.001 -19"><span class='ocrx_word' id='word_1_515' title='bbox 391 3547 444 3601; x_wconf 92' lang='lat' dir='ltr'><strong>in</strong></span> <span class='ocrx_word' id='word_1_516' title='bbox 483 3545 625 3601; x_wconf 85' lang='lat' dir='ltr'><strong>servi</strong></span> <span class='ocrx_word' id='word_1_517' title='bbox 665 3545 834 3602; x_wconf 88' lang='lat' dir='ltr'><strong>forma</strong></span> <span class='ocrx_word' id='word_1_518' title='bbox 875 3548 1057 3614; x_wconf 84' lang='lat' dir='ltr'><strong>venit;</strong></span> <span class='ocrx_word' id='word_1_519' title='bbox 1083 3547 1380 3612; x_wconf 90' lang='lat' dir='ltr'><strong>Orientem,</strong></span> <span class='ocrx_word' id='word_1_520' title='bbox 1412 3548 1535 3618; x_wconf 88' lang='lat' dir='ltr'><strong>quia</strong></span> <span class='ocrx_word' id='word_1_521' title='bbox 1577 3548 1753 3601; x_wconf 86' lang='lat' dir='ltr'><strong>lumen</strong></span> <span class='ocrx_word' id='word_1_522' title='bbox 1781 3561 1964 3600; x_wconf 77' lang='lat' dir='ltr'><strong>verum</strong></span> 
     </span>
    </p>
   </div>
   <div class='ocr_carea' id='block_1_67' title="bbox 389 3639 1964 3705">
    <p class='ocr_par' dir='ltr' id='par_1_67' title="bbox 389 3639 1964 3705">
     <span class='ocr_line' id='line_1_67' title="bbox 389 3639 1964 3705; baseline -0.003 -11"><span class='ocrx_word' id='word_1_523' title='bbox 389 3649 495 3705; x_wconf 85' lang='lat' dir='ltr'><strong>est,</strong></span> <span class='ocrx_word' id='word_1_524' title='bbox 526 3639 666 3694; x_wconf 88' lang='lat' dir='ltr'><strong>idem</strong></span> <span class='ocrx_word' id='word_1_525' title='bbox 723 3649 778 3695; x_wconf 90' lang='lat' dir='ltr'><strong>et</strong></span> <span class='ocrx_word' id='word_1_526' title='bbox 806 3641 944 3702; x_wconf 88' lang='lat' dir='ltr'><strong>dies,</strong></span> <span class='ocrx_word' id='word_1_527' title='bbox 973 3651 1027 3695; x_wconf 93' lang='lat' dir='ltr'><strong>et</strong></span> <span class='ocrx_word' id='word_1_528' title='bbox 1053 3641 1231 3695; x_wconf 87' lang='lat' dir='ltr'><strong>clarus</strong></span> <span class='ocrx_word' id='word_1_529' title='bbox 1263 3639 1453 3695; x_wconf 84' lang='lat' dir='ltr'><strong>lucifer</strong></span> <span class='ocrx_word' id='word_1_530' title='bbox 1481 3639 1532 3694; x_wconf 89' lang='lat' dir='ltr'><strong>in</strong></span> <span class='ocrx_word' id='word_1_531' title='bbox 1573 3639 1840 3693; x_wconf 88' lang='lat' dir='ltr'><strong>mentibus</strong></span> <span class='ocrx_word' id='word_1_532' title='bbox 1868 3653 1964 3693; x_wconf 79' lang='lat' dir='ltr'><strong>ex-</strong></span> 
     </span>
    </p>
   </div>
   <div class='ocr_carea' id='block_1_68' title="bbox 392 3731 1960 3802">
    <p class='ocr_par' dir='ltr' id='par_1_68' title="bbox 392 3731 1960 3802">
     <span class='ocr_line' id='line_1_68' title="bbox 392 3731 1960 3802; baseline -0.004 -14"><span class='ocrx_word' id='word_1_533' title='bbox 392 3735 578 3790; x_wconf 90' lang='lat' dir='ltr'><strong>oriens</strong></span> <span class='ocrx_word' id='word_1_534' title='bbox 607 3745 660 3788; x_wconf 90' lang='lat' dir='ltr'><strong>et</strong></span> <span class='ocrx_word' id='word_1_535' title='bbox 700 3734 865 3789; x_wconf 86' lang='lat' dir='ltr'><strong>corda</strong></span> <span class='ocrx_word' id='word_1_536' title='bbox 913 3734 1088 3789; x_wconf 91' lang='lat' dir='ltr'><strong>lucida</strong></span> <span class='ocrx_word' id='word_1_537' title='bbox 1138 3733 1394 3788; x_wconf 74' lang='lat' dir='ltr'><strong>efﬁciens.</strong></span> <span class='ocrx_word' id='word_1_538' title='bbox 1457 3733 1680 3802; x_wconf 87' lang='lat' dir='ltr'><strong>Insuper</strong></span> <span class='ocrx_word' id='word_1_539' title='bbox 1733 3731 1960 3801; x_wconf 90' lang='lat' dir='ltr'><strong>lapidem</strong></span> 
     </span>
    </p>
   </div>
   <div class='ocr_carea' id='block_1_69' title="bbox 391 3807 1960 3896">
    <p class='ocr_par' dir='ltr' id='par_1_69' title="bbox 391 3807 1960 3896">
     <span class='ocr_line' id='line_1_69' title="bbox 391 3807 1960 3896; baseline -0.003 -17"><span class='ocrx_word' id='word_1_540' title='bbox 391 3837 579 3882; x_wconf 71' lang='lat' dir='ltr'><strong>vocat:</strong></span> <span class='ocrx_word' id='word_1_541' title='bbox 607 3826 736 3896; x_wconf 88' lang='lat' dir='ltr'><strong>quin</strong></span> <span class='ocrx_word' id='word_1_542' title='bbox 766 3836 819 3880; x_wconf 92' lang='lat' dir='ltr'><strong>et</strong></span> <span class='ocrx_word' id='word_1_543' title='bbox 845 3827 1028 3880; x_wconf 86' lang='lat' dir='ltr'><strong>datum</strong></span> <span class='ocrx_word' id='word_1_544' title='bbox 1062 3838 1186 3880; x_wconf 90' lang='lat' dir='ltr'><strong>ante</strong></span> <span class='ocrx_word' id='word_1_545' title='bbox 1229 3825 1418 3880; x_wconf 73' lang='lat' dir='ltr'><strong>faciem</strong></span> <span class='ocrx_word' id='word_1_546' title='bbox 1459 3823 1608 3889; x_wconf 83' lang='lat' dir='ltr'><strong>Jesu,</strong></span> <span class='ocrx_word' id='word_1_547' title='bbox 1654 3832 1710 3878; x_wconf 91' lang='lat' dir='ltr'><strong>et</strong></span> <span class='ocrx_word' id='word_1_548' title='bbox 1742 3807 1960 3890; x_wconf 73' lang='lat' dir='ltr'><strong>septem</strong></span> 
     </span>
    </p>
   </div>
   <div class='ocr_carea' id='block_1_70' title="bbox 390 3914 1964 3985">
    <p class='ocr_par' dir='ltr' id='par_1_70' title="bbox 390 3914 1964 3985">
     <span class='ocr_line' id='line_1_70' title="bbox 390 3914 1964 3985; baseline -0.003 -12"><span class='ocrx_word' id='word_1_549' title='bbox 390 3919 594 3974; x_wconf 86' lang='lat' dir='ltr'><strong>habere</strong></span> <span class='ocrx_word' id='word_1_550' title='bbox 615 3917 800 3972; x_wconf 90' lang='lat' dir='ltr'><strong>oculos</strong></span> <span class='ocrx_word' id='word_1_551' title='bbox 837 3926 1102 3971; x_wconf 90' lang='lat' dir='ltr'><strong>autumat.</strong></span> <span class='ocrx_word' id='word_1_552' title='bbox 1146 3915 1443 3985; x_wconf 88' lang='lat' dir='ltr'><strong>Oportebat</strong></span> <span class='ocrx_word' id='word_1_553' title='bbox 1491 3916 1635 3970; x_wconf 91' lang='lat' dir='ltr'><strong>enim</strong></span> <span class='ocrx_word' id='word_1_554' title='bbox 1699 3914 1964 3984; x_wconf 90' lang='lat' dir='ltr'><strong>imprimis</strong></span> 
     </span>
    </p>
   </div>
   <div class='ocr_carea' id='block_1_71' title="bbox 390 4005 1957 4081">
    <p class='ocr_par' dir='ltr' id='par_1_71' title="bbox 390 4005 1957 4081">
     <span class='ocr_line' id='line_1_71' title="bbox 390 4005 1957 4081; baseline -0.006 -15"><span class='ocrx_word' id='word_1_555' title='bbox 390 4011 748 4066; x_wconf 81' lang='lat' dir='ltr'><strong>sacerdotium</strong></span> <span class='ocrx_word' id='word_1_556' title='bbox 779 4009 966 4080; x_wconf 87' lang='lat' dir='ltr'><strong>legale,</strong></span> <span class='ocrx_word' id='word_1_557' title='bbox 990 4011 1145 4078; x_wconf 80' lang='lat' dir='ltr'><strong>cujus</strong></span> <span class='ocrx_word' id='word_1_558' title='bbox 1177 4021 1358 4081; x_wconf 86' lang='lat' dir='ltr'><strong>typum</strong></span> <span class='ocrx_word' id='word_1_559' title='bbox 1407 4008 1682 4080; x_wconf 89' lang='lat' dir='ltr'><strong>posuimus</strong></span> <span class='ocrx_word' id='word_1_560' title='bbox 1727 4005 1911 4061; x_wconf 83' lang='lat' dir='ltr'><strong>Jesum</strong></span> <span class='ocrx_word' id='word_1_561' title='bbox 1945 4045 1957 4066; x_wconf 87' lang='lat'><strong>,</strong></span> 
     </span>
    </p>
   </div>
   <div class='ocr_carea' id='block_1_72' title="bbox 390 4100 1962 4174">
    <p class='ocr_par' dir='ltr' id='par_1_72' title="bbox 390 4100 1962 4174">
     <span class='ocr_line' id='line_1_72' title="bbox 390 4100 1962 4174; baseline -0.004 -19"><span class='ocrx_word' id='word_1_562' title='bbox 390 4105 548 4174; x_wconf 83' lang='lat' dir='ltr'><strong>quasi</strong></span> <span class='ocrx_word' id='word_1_563' title='bbox 580 4113 706 4158; x_wconf 83' lang='lat' dir='ltr'><strong>ante</strong></span> <span class='ocrx_word' id='word_1_564' title='bbox 753 4102 947 4157; x_wconf 79' lang='lat' dir='ltr'><strong>faciem</strong></span> <span class='ocrx_word' id='word_1_565' title='bbox 979 4110 1033 4154; x_wconf 83' lang='lat' dir='ltr'><strong>et</strong></span> <span class='ocrx_word' id='word_1_566' title='bbox 1069 4111 1196 4156; x_wconf 87' lang='lat' dir='ltr'><strong>ante</strong></span> <span class='ocrx_word' id='word_1_567' title='bbox 1248 4101 1438 4156; x_wconf 89' lang='lat' dir='ltr'><strong>oculos</strong></span> <span class='ocrx_word' id='word_1_568' title='bbox 1498 4100 1701 4154; x_wconf 86' lang='lat' dir='ltr'><strong>habere</strong></span> <span class='ocrx_word' id='word_1_569' title='bbox 1749 4111 1962 4165; x_wconf 85' lang='lat' dir='ltr'><strong>semper</strong></span> 
     </span>
    </p>
   </div>
   <div class='ocr_carea' id='block_1_73' title="bbox 391 4187 1959 4265">
    <p class='ocr_par' dir='ltr' id='par_1_73' title="bbox 391 4187 1959 4265">
     <span class='ocr_line' id='line_1_73' title="bbox 391 4187 1959 4265; baseline -0.006 -16"><span class='ocrx_word' id='word_1_570' title='bbox 391 4196 621 4265; x_wconf 90' lang='lat' dir='ltr'><strong>lapidem</strong></span> <span class='ocrx_word' id='word_1_571' title='bbox 649 4195 878 4250; x_wconf 80' lang='lat' dir='ltr'><strong>electum</strong></span> <span class='ocrx_word' id='word_1_572' title='bbox 901 4233 916 4258; x_wconf 90' lang='lat'><strong>,</strong></span> <span class='ocrx_word' id='word_1_573' title='bbox 947 4193 1281 4265; x_wconf 79' lang='lat' dir='ltr'><strong>angularem,</strong></span> <span class='ocrx_word' id='word_1_574' title='bbox 1307 4191 1624 4260; x_wconf 73' lang='lat' dir='ltr'><strong>pretiosum,</strong></span> <span class='ocrx_word' id='word_1_575' title='bbox 1660 4190 1712 4242; x_wconf 91' lang='lat' dir='ltr'><strong>in</strong></span> <span class='ocrx_word' id='word_1_576' title='bbox 1766 4187 1959 4241; x_wconf 85' lang='lat' dir='ltr'><strong>funda-</strong></span> 
     </span>
    </p>
   </div>
   <div class='ocr_carea' id='block_1_74' title="bbox 390 4278 1958 4346">
    <p class='ocr_par' dir='ltr' id='par_1_74' title="bbox 390 4278 1958 4346">
     <span class='ocr_line' id='line_1_74' title="bbox 390 4278 1958 4346; baseline -0.005 -6"><span class='ocrx_word' id='word_1_577' title='bbox 390 4295 632 4340; x_wconf 76' lang='lat' dir='ltr'><strong>mentum</strong></span> <span class='ocrx_word' id='word_1_578' title='bbox 670 4283 798 4340; x_wconf 92' lang='lat' dir='ltr'><strong>Sion</strong></span> <span class='ocrx_word' id='word_1_579' title='bbox 862 4284 1173 4346; x_wconf 90' lang='lat' dir='ltr'><strong>decretum,</strong></span> <span class='ocrx_word' id='word_1_580' title='bbox 1207 4281 1387 4335; x_wconf 87' lang='lat' dir='ltr'><strong>multis</strong></span> <span class='ocrx_word' id='word_1_581' title='bbox 1437 4278 1608 4336; x_wconf 89' lang='lat' dir='ltr'><strong>oculis</strong></span> <span class='ocrx_word' id='word_1_582' title='bbox 1662 4279 1958 4333; x_wconf 89' lang='lat' dir='ltr'><strong>intuentem</strong></span> 
     </span>
    </p>
   </div>
   <div class='ocr_carea' id='block_1_75' title="bbox 390 4368 1960 4444">
    <p class='ocr_par' dir='ltr' id='par_1_75' title="bbox 390 4368 1960 4444">
     <span class='ocr_line' id='line_1_75' title="bbox 390 4368 1960 4444; baseline -0.003 -15"><span class='ocrx_word' id='word_1_583' title='bbox 390 4375 570 4429; x_wconf 89' lang='lat' dir='ltr'><strong>omnia</strong></span> <span class='ocrx_word' id='word_1_584' title='bbox 600 4375 668 4430; x_wconf 69' lang='grc' dir='ltr'><strong>⁸ο,</strong></span> <span class='ocrx_word' id='word_1_585' title='bbox 701 4373 916 4444; x_wconf 89' lang='lat' dir='ltr'><strong>Septem</strong></span> <span class='ocrx_word' id='word_1_586' title='bbox 942 4373 1138 4444; x_wconf 88' lang='lat' dir='ltr'><strong>quippe</strong></span> <span class='ocrx_word' id='word_1_587' title='bbox 1164 4373 1526 4444; x_wconf 77' lang='lat' dir='ltr'><strong>integritatem</strong></span> <span class='ocrx_word' id='word_1_588' title='bbox 1548 4368 1960 4441; x_wconf 82' lang='lat' dir='ltr'><strong>perfectionem-</strong></span> 
     </span>
    </p>
   </div>
   <div class='ocr_carea' id='block_1_76' title="bbox 2068 3179 3648 3256">
    <p class='ocr_par' dir='ltr' id='par_1_76' title="bbox 2068 3179 3648 3256">
     <span class='ocr_line' id='line_1_76' title="bbox 2068 3179 3648 3256; baseline -0.003 -20"><span class='ocrx_word' id='word_1_589' title='bbox 2068 3185 2235 3255; x_wconf 83' lang='grc' dir='ltr'>έφηνε</span> <span class='ocrx_word' id='word_1_590' title='bbox 2265 3187 2331 3256; x_wconf 73' lang='grc' dir='ltr'>τῇ</span> <span class='ocrx_word' id='word_1_591' title='bbox 2362 3187 2491 3255; x_wconf 79' lang='grc' dir='ltr'>παρ’</span> <span class='ocrx_word' id='word_1_592' title='bbox 2521 3182 2714 3237; x_wconf 86' lang='grc' dir='ltr'>ἐαυτοῦ</span> <span class='ocrx_word' id='word_1_593' title='bbox 2741 3186 2942 3256; x_wconf 86' lang='grc' dir='ltr'>χάριτι.</span> <span class='ocrx_word' id='word_1_594' title='bbox 2978 3181 3266 3253; x_wconf 82' lang='grc' dir='ltr'>Τοιγάρτοι</span> <span class='ocrx_word' id='word_1_595' title='bbox 3309 3182 3402 3234; x_wconf 78' lang='grc' dir='ltr'><strong>καὶ</strong></span> <span class='ocrx_word' id='word_1_596' title='bbox 3429 3182 3458 3232; x_wconf 90' lang='grc' dir='ltr'><strong>ό</strong></span> <span class='ocrx_word' id='word_1_597' title='bbox 3485 3179 3648 3249; x_wconf 81' lang='grc' dir='ltr'>σοφὸς</span> 
     </span>
    </p>
   </div>
   <div class='ocr_carea' id='block_1_77' title="bbox 2067 3272 3642 3346">
    <p class='ocr_par' dir='ltr' id='par_1_77' title="bbox 2067 3272 3642 3346">
     <span class='ocr_line' id='line_1_77' title="bbox 2067 3272 3642 3346; baseline -0.003 -18"><span class='ocrx_word' id='word_1_598' title='bbox 2067 3277 2198 3346; x_wconf 83' lang='grc' dir='ltr'>ἡμῖν</span> <span class='ocrx_word' id='word_1_599' title='bbox 2219 3277 2524 3330; x_wconf 75' lang='grc' dir='ltr'>ἐπιστέλλει</span> <span class='ocrx_word' id='word_1_600' title='bbox 2553 3277 2782 3340; x_wconf 82' lang='grc' dir='ltr'>Παῦλος,</span> <span class='ocrx_word' id='word_1_601' title='bbox 2807 3276 2940 3330; x_wconf 78' lang='grc' dir='ltr'>αὐτὸ</span> <span class='ocrx_word' id='word_1_602' title='bbox 2965 3274 3029 3346; x_wconf 83' lang='grc' dir='ltr'>δὴ</span> <span class='ocrx_word' id='word_1_603' title='bbox 3056 3274 3216 3328; x_wconf 86' lang='grc' dir='ltr'>τοῦτο</span> <span class='ocrx_word' id='word_1_604' title='bbox 3244 3272 3610 3344; x_wconf 84' lang='grc' dir='ltr'>καταμηνῦων</span> <span class='ocrx_word' id='word_1_605' title='bbox 3627 3287 3642 3301; x_wconf 78' lang='grc' dir='ltr'><strong>ο</strong></span> 
     </span>
    </p>
   </div>
   <div class='ocr_carea' id='block_1_78' title="bbox 2074 3365 3646 3438">
    <p class='ocr_par' dir='ltr' id='par_1_78' title="bbox 2074 3365 3646 3438">
     <span class='ocr_line' id='line_1_78' title="bbox 2074 3365 3646 3438; baseline 0.001 -21"><span class='ocrx_word' id='word_1_606' title='bbox 2074 3385 2092 3416; x_wconf 77' lang='grc' dir='ltr'><strong>ι</strong></span> <span class='ocrx_word' id='word_1_607' title='bbox 2115 3367 2178 3418; x_wconf 81' lang='grc' dir='ltr'><em>Ἢ</em></span> <span class='ocrx_word' id='word_1_608' title='bbox 2203 3366 2297 3432; x_wconf 72' lang='grc' dir='ltr'><strong>νὺξ</strong></span> <span class='ocrx_word' id='word_1_609' title='bbox 2319 3367 2642 3437; x_wconf 77' lang='grc' dir='ltr'>προέκοψεν,</span> <span class='ocrx_word' id='word_1_610' title='bbox 2673 3371 2707 3437; x_wconf 88' lang='grc' dir='ltr'><strong>ἡ</strong></span> <span class='ocrx_word' id='word_1_611' title='bbox 2728 3367 2784 3420; x_wconf 86' lang='grc' dir='ltr'><strong>δέ</strong></span> <span class='ocrx_word' id='word_1_612' title='bbox 2807 3367 2990 3438; x_wconf 82' lang='grc' dir='ltr'>ἡμέρα</span> <span class='ocrx_word' id='word_1_613' title='bbox 3019 3367 3268 3438; x_wconf 75' lang='grc' dir='ltr'>ἤγγισεν.</span> <span class='ocrx_word' id='word_1_614' title='bbox 3287 3365 3646 3436; x_wconf 86' lang='grc' dir='ltr'>Ἀποθώμεθα</span> 
     </span>
    </p>
   </div>
   <div class='ocr_carea' id='block_1_79' title="bbox 2065 3456 3647 3532">
    <p class='ocr_par' dir='ltr' id='par_1_79' title="bbox 2065 3456 3647 3532">
     <span class='ocr_line' id='line_1_79' title="bbox 2065 3456 3647 3532; baseline 0.001 -20"><span class='ocrx_word' id='word_1_615' title='bbox 2065 3456 2158 3514; x_wconf 88' lang='grc' dir='ltr'><strong>οῦν</strong></span> <span class='ocrx_word' id='word_1_616' title='bbox 2190 3461 2256 3514; x_wconf 82' lang='grc' dir='ltr'><strong>τὰ</strong></span> <span class='ocrx_word' id='word_1_617' title='bbox 2293 3462 2430 3532; x_wconf 80' lang='grc' dir='ltr'>ἔργα</span> <span class='ocrx_word' id='word_1_618' title='bbox 2468 3461 2562 3514; x_wconf 88' lang='grc' dir='ltr'><strong>τοῦ</strong></span> <span class='ocrx_word' id='word_1_619' title='bbox 2603 3462 2847 3526; x_wconf 79' lang='grc' dir='ltr'>σκότους,</span> <span class='ocrx_word' id='word_1_620' title='bbox 2879 3461 2973 3514; x_wconf 76' lang='grc' dir='ltr'>καὶ</span> <span class='ocrx_word' id='word_1_621' title='bbox 3016 3459 3362 3530; x_wconf 78' lang='grc' dir='ltr'>ἐνδυσώμεθα</span> <span class='ocrx_word' id='word_1_622' title='bbox 3397 3460 3464 3513; x_wconf 76' lang='grc' dir='ltr'>τὰ</span> <span class='ocrx_word' id='word_1_623' title='bbox 3510 3460 3647 3531; x_wconf 80' lang='grc' dir='ltr'>ἔργα</span> 
     </span>
    </p>
   </div>
   <div class='ocr_carea' id='block_1_80' title="bbox 2064 3550 3646 3624">
    <p class='ocr_par' dir='ltr' id='par_1_80' title="bbox 2064 3550 3646 3624">
     <span class='ocr_line' id='line_1_80' title="bbox 2064 3550 3646 3624; baseline 0 -22"><span class='ocrx_word' id='word_1_624' title='bbox 2064 3550 2157 3603; x_wconf 90' lang='grc' dir='ltr'><strong>τοῦ</strong></span> <span class='ocrx_word' id='word_1_625' title='bbox 2199 3551 2397 3620; x_wconf 81' lang='grc' dir='ltr'>φωτὸς,</span> <span class='ocrx_word' id='word_1_626' title='bbox 2425 3550 2500 3614; x_wconf 82' lang='grc' dir='ltr'>ὡς</span> <span class='ocrx_word' id='word_1_627' title='bbox 2544 3552 2603 3603; x_wconf 87' lang='grc' dir='ltr'><strong>ἐν</strong></span> <span class='ocrx_word' id='word_1_628' title='bbox 2645 3551 2829 3624; x_wconf 72' lang='grc' dir='ltr'>ἡμέρᾳ.</span> <span class='ocrx_word' id='word_1_629' title='bbox 2863 3551 3213 3622; x_wconf 79' lang='grc' dir='ltr'>εὐσχημόνως</span> <span class='ocrx_word' id='word_1_630' title='bbox 3262 3551 3646 3621; x_wconf 84' lang='grc' dir='ltr'>περιπατήσω-</span> 
     </span>
    </p>
   </div>
   <div class='ocr_carea' id='block_1_81' title="bbox 2069 3643 3647 3715">
    <p class='ocr_par' dir='ltr' id='par_1_81' title="bbox 2069 3643 3647 3715">
     <span class='ocr_line' id='line_1_81' title="bbox 2069 3643 3647 3715; baseline -0.001 -19"><span class='ocrx_word' id='word_1_631' title='bbox 2069 3660 2186 3714; x_wconf 88' lang='grc' dir='ltr'>μεν.</span> <span class='ocrx_word' id='word_1_632' title='bbox 2225 3662 2244 3694; x_wconf 76' lang='grc' dir='ltr'><strong>ι</strong></span> <span class='ocrx_word' id='word_1_633' title='bbox 2281 3645 2388 3696; x_wconf 78' lang='grc' dir='ltr'><strong>Καὶ</strong></span> <span class='ocrx_word' id='word_1_634' title='bbox 2422 3643 2604 3697; x_wconf 78' lang='grc' dir='ltr'>πάλινο</span> <span class='ocrx_word' id='word_1_635' title='bbox 2634 3645 2910 3715; x_wconf 78' lang='grc' dir='ltr'>«Ἔγειρε,</span> <span class='ocrx_word' id='word_1_636' title='bbox 2947 3646 2974 3697; x_wconf 89' lang='grc' dir='ltr'><strong>ό</strong></span> <span class='ocrx_word' id='word_1_637' title='bbox 2999 3644 3294 3707; x_wconf 86' lang='grc' dir='ltr'>καθεύδων,</span> <span class='ocrx_word' id='word_1_638' title='bbox 3321 3645 3416 3698; x_wconf 65' lang='grc' dir='ltr'>καὶ</span> <span class='ocrx_word' id='word_1_639' title='bbox 3439 3645 3647 3697; x_wconf 82' lang='grc' dir='ltr'>ἀνάστα</span> 
     </span>
    </p>
   </div>
   <div class='ocr_carea' id='block_1_82' title="bbox 2065 3734 3638 3808">
    <p class='ocr_par' dir='ltr' id='par_1_82' title="bbox 2065 3734 3638 3808">
     <span class='ocr_line' id='line_1_82' title="bbox 2065 3734 3638 3808; baseline -0.003 -19"><span class='ocrx_word' id='word_1_640' title='bbox 2065 3738 2128 3789; x_wconf 88' lang='grc' dir='ltr'><strong>ἐκ</strong></span> <span class='ocrx_word' id='word_1_641' title='bbox 2154 3734 2264 3788; x_wconf 90' lang='grc' dir='ltr'><strong>τῶν</strong></span> <span class='ocrx_word' id='word_1_642' title='bbox 2297 3735 2524 3806; x_wconf 86' lang='grc' dir='ltr'>νεκρῶν,</span> <span class='ocrx_word' id='word_1_643' title='bbox 2557 3735 2651 3788; x_wconf 77' lang='grc' dir='ltr'>καὶ</span> <span class='ocrx_word' id='word_1_644' title='bbox 2681 3735 2973 3805; x_wconf 81' lang='grc' dir='ltr'>ἐπιφαύσει</span> <span class='ocrx_word' id='word_1_645' title='bbox 3007 3754 3087 3789; x_wconf 90' lang='grc' dir='ltr'><strong>σοι</strong></span> <span class='ocrx_word' id='word_1_646' title='bbox 3115 3739 3142 3790; x_wconf 88' lang='grc' dir='ltr'><strong>ό</strong></span> <span class='ocrx_word' id='word_1_647' title='bbox 3171 3737 3422 3808; x_wconf 85' lang='grc' dir='ltr'>Χριστός.</span> <span class='ocrx_word' id='word_1_648' title='bbox 3455 3755 3472 3785; x_wconf 75' lang='grc' dir='ltr'><strong>ι</strong></span> <span class='ocrx_word' id='word_1_649' title='bbox 3503 3737 3638 3804; x_wconf 79' lang='grc' dir='ltr'>Προο</span> 
     </span>
    </p>
   </div>
   <div class='ocr_carea' id='block_1_83' title="bbox 2065 3827 3646 3898">
    <p class='ocr_par' dir='ltr' id='par_1_83' title="bbox 2065 3827 3646 3898">
     <span class='ocr_line' id='line_1_83' title="bbox 2065 3827 3646 3898; baseline -0.001 -18"><span class='ocrx_word' id='word_1_650' title='bbox 2065 3827 2430 3898; x_wconf 80' lang='grc' dir='ltr'>ανακηρῦττει</span> <span class='ocrx_word' id='word_1_651' title='bbox 2459 3827 2750 3898; x_wconf 90' lang='grc' dir='ltr'>τοιγαροῦν</span> <span class='ocrx_word' id='word_1_652' title='bbox 2779 3828 2882 3897; x_wconf 80' lang='grc' dir='ltr'>τῆς</span> <span class='ocrx_word' id='word_1_653' title='bbox 2925 3828 3018 3881; x_wconf 89' lang='grc' dir='ltr'><strong>τοῦ</strong></span> <span class='ocrx_word' id='word_1_654' title='bbox 3051 3829 3298 3898; x_wconf 85' lang='grc' dir='ltr'>Σωτῆρος</span> <span class='ocrx_word' id='word_1_655' title='bbox 3331 3828 3486 3898; x_wconf 78' lang='grc' dir='ltr'>ἡμῶν</span> <span class='ocrx_word' id='word_1_656' title='bbox 3529 3830 3646 3880; x_wconf 73' lang='grc' dir='ltr'>ἐπι-</span> 
     </span>
    </p>
   </div>
   <div class='ocr_carea' id='block_1_84' title="bbox 2064 3916 3644 3990">
    <p class='ocr_par' dir='ltr' id='par_1_84' title="bbox 2064 3916 3644 3990">
     <span class='ocr_line' id='line_1_84' title="bbox 2064 3916 3644 3990; baseline -0.003 -19"><span class='ocrx_word' id='word_1_657' title='bbox 2064 3918 2266 3989; x_wconf 86' lang='grc' dir='ltr'>δημίας</span> <span class='ocrx_word' id='word_1_658' title='bbox 2311 3917 2382 3970; x_wconf 81' lang='grc' dir='ltr'>τὰ</span> <span class='ocrx_word' id='word_1_659' title='bbox 2429 3916 2660 3990; x_wconf 78' lang='grc' dir='ltr'>λαμπρὰ</span> <span class='ocrx_word' id='word_1_660' title='bbox 2691 3917 3108 3989; x_wconf 78' lang='grc' dir='ltr'>κατορθώματα.</span> <span class='ocrx_word' id='word_1_661' title='bbox 3141 3918 3334 3972; x_wconf 85' lang='grc' dir='ltr'>Δοῦλον</span> <span class='ocrx_word' id='word_1_662' title='bbox 3381 3918 3436 3970; x_wconf 84' lang='grc' dir='ltr'><strong>δέ</strong></span> <span class='ocrx_word' id='word_1_663' title='bbox 3480 3934 3644 3985; x_wconf 74' lang='grc' dir='ltr'>φηςιν</span> 
     </span>
    </p>
   </div>
   <div class='ocr_carea' id='block_1_85' title="bbox 2065 4008 3645 4081">
    <p class='ocr_par' dir='ltr' id='par_1_85' title="bbox 2065 4008 3645 4081">
     <span class='ocr_line' id='line_1_85' title="bbox 2065 4008 3645 4081; baseline -0.002 -18"><span class='ocrx_word' id='word_1_664' title='bbox 2065 4009 2224 4063; x_wconf 78' lang='grc' dir='ltr'>αὑτὸν</span> <span class='ocrx_word' id='word_1_665' title='bbox 2245 4009 2335 4064; x_wconf 85' lang='grc' dir='ltr'><strong>διά</strong></span> <span class='ocrx_word' id='word_1_666' title='bbox 2347 4027 2451 4072; x_wconf 91' lang='grc' dir='ltr'>τοι,</span> <span class='ocrx_word' id='word_1_667' title='bbox 2473 4008 2532 4062; x_wconf 77' lang='grc' dir='ltr'>τὸ</span> <span class='ocrx_word' id='word_1_668' title='bbox 2553 4011 2611 4063; x_wconf 82' lang='grc' dir='ltr'><strong>ἐν</strong></span> <span class='ocrx_word' id='word_1_669' title='bbox 2623 4009 2810 4063; x_wconf 82' lang='grc' dir='ltr'>δούλου</span> <span class='ocrx_word' id='word_1_670' title='bbox 2834 4009 3153 4063; x_wconf 84' lang='grc' dir='ltr'>καθικέσθαι</span> <span class='ocrx_word' id='word_1_671' title='bbox 3177 4012 3357 4081; x_wconf 76' lang='grc' dir='ltr'>μορφῇ</span> <span class='ocrx_word' id='word_1_672' title='bbox 3379 4027 3392 4039; x_wconf 86' lang='grc'><strong>·</strong></span> <span class='ocrx_word' id='word_1_673' title='bbox 3430 4010 3645 4062; x_wconf 78' lang='grc' dir='ltr'>Ἀνατοο</span> 
     </span>
    </p>
   </div>
   <div class='ocr_carea' id='block_1_86' title="bbox 2064 4099 3642 4172">
    <p class='ocr_par' dir='ltr' id='par_1_86' title="bbox 2064 4099 3642 4172">
     <span class='ocr_line' id='line_1_86' title="bbox 2064 4099 3642 4172; baseline 0 -20"><span class='ocrx_word' id='word_1_674' title='bbox 2064 4101 2160 4171; x_wconf 79' lang='grc' dir='ltr'>λὴν</span> <span class='ocrx_word' id='word_1_675' title='bbox 2188 4099 2265 4165; x_wconf 88' lang='grc' dir='ltr'><strong>δέ,</strong></span> <span class='ocrx_word' id='word_1_676' title='bbox 2294 4102 2377 4154; x_wconf 86' lang='grc' dir='ltr'>ὃτι</span> <span class='ocrx_word' id='word_1_677' title='bbox 2408 4100 2523 4169; x_wconf 81' lang='grc' dir='ltr'><strong>φῶς</strong></span> <span class='ocrx_word' id='word_1_678' title='bbox 2555 4102 2670 4152; x_wconf 83' lang='grc' dir='ltr'>ἐστι</span> <span class='ocrx_word' id='word_1_679' title='bbox 2711 4099 2770 4152; x_wconf 86' lang='grc' dir='ltr'><strong>τὸ</strong></span> <span class='ocrx_word' id='word_1_680' title='bbox 2815 4099 3065 4170; x_wconf 83' lang='grc' dir='ltr'>ἀληθινὸν</span> <span class='ocrx_word' id='word_1_681' title='bbox 3099 4100 3282 4167; x_wconf 78' lang='grc' dir='ltr'>αὐτὸς,</span> <span class='ocrx_word' id='word_1_682' title='bbox 3315 4100 3408 4154; x_wconf 72' lang='grc' dir='ltr'>καὶ</span> <span class='ocrx_word' id='word_1_683' title='bbox 3436 4099 3642 4172; x_wconf 79' lang='grc' dir='ltr'>ἡμέρα,</span> 
     </span>
    </p>
   </div>
   <div class='ocr_carea' id='block_1_87' title="bbox 2067 4192 3644 4264">
    <p class='ocr_par' dir='ltr' id='par_1_87' title="bbox 2067 4192 3644 4264">
     <span class='ocr_line' id='line_1_87' title="bbox 2067 4192 3644 4264; baseline -0.002 -17"><span class='ocrx_word' id='word_1_684' title='bbox 2067 4195 2159 4247; x_wconf 77' lang='grc' dir='ltr'>καὶ</span> <span class='ocrx_word' id='word_1_685' title='bbox 2187 4193 2438 4264; x_wconf 83' lang='grc' dir='ltr'>λαμπρὸς</span> <span class='ocrx_word' id='word_1_686' title='bbox 2470 4192 2767 4264; x_wconf 79' lang='grc' dir='ltr'>ἑωσφόρος,</span> <span class='ocrx_word' id='word_1_687' title='bbox 2801 4194 2881 4256; x_wconf 85' lang='grc' dir='ltr'><strong>είς</strong></span> <span class='ocrx_word' id='word_1_688' title='bbox 2908 4192 3031 4246; x_wconf 85' lang='grc' dir='ltr'>νοῦν</span> <span class='ocrx_word' id='word_1_689' title='bbox 3057 4193 3382 4255; x_wconf 87' lang='grc' dir='ltr'>ἀνατέλλων,</span> <span class='ocrx_word' id='word_1_690' title='bbox 3419 4193 3513 4245; x_wconf 72' lang='grc' dir='ltr'>καὶ</span> <span class='ocrx_word' id='word_1_691' title='bbox 3547 4209 3644 4246; x_wconf 77' lang='grc' dir='ltr'>κα-</span> 
     </span>
    </p>
   </div>
   <div class='ocr_carea' id='block_1_88' title="bbox 2065 4284 3646 4358">
    <p class='ocr_par' dir='ltr' id='par_1_88' title="bbox 2065 4284 3646 4358">
     <span class='ocr_line' id='line_1_88' title="bbox 2065 4284 3646 4358; baseline -0.002 -18"><span class='ocrx_word' id='word_1_692' title='bbox 2065 4287 2440 4358; x_wconf 80' lang='grc' dir='ltr'>ταφαιδρύνων</span> <span class='ocrx_word' id='word_1_693' title='bbox 2470 4287 2718 4357; x_wconf 84' lang='grc' dir='ltr'>καρδίας.</span> <span class='ocrx_word' id='word_1_694' title='bbox 2767 4287 3053 4356; x_wconf 81' lang='grc' dir='ltr'>Ὀνομὰζει</span> <span class='ocrx_word' id='word_1_695' title='bbox 3091 4286 3148 4338; x_wconf 79' lang='grc' dir='ltr'>δὲ</span> <span class='ocrx_word' id='word_1_696' title='bbox 3183 4285 3318 4355; x_wconf 79' lang='grc' dir='ltr'>πρὸς</span> <span class='ocrx_word' id='word_1_697' title='bbox 3349 4284 3522 4354; x_wconf 82' lang='grc' dir='ltr'>τούτῳ</span> <span class='ocrx_word' id='word_1_698' title='bbox 3551 4286 3646 4337; x_wconf 65' lang='grc' dir='ltr'>καὶ</span> 
     </span>
    </p>
   </div>
   <div class='ocr_carea' id='block_1_89' title="bbox 2064 4375 3647 4447">
    <p class='ocr_par' dir='ltr' id='par_1_89' title="bbox 2064 4375 3647 4447">
     <span class='ocr_line' id='line_1_89' title="bbox 2064 4375 3647 4447; baseline -0.004 -15"><span class='ocrx_word' id='word_1_699' title='bbox 2064 4377 2224 4432; x_wconf 85' lang='grc' dir='ltr'>Λίθον</span> <span class='ocrx_word' id='word_1_700' title='bbox 2267 4377 2448 4438; x_wconf 75' lang='grc' dir='ltr'>αὑτὸν,</span> <span class='ocrx_word' id='word_1_701' title='bbox 2487 4375 2713 4447; x_wconf 73' lang='grc' dir='ltr'>καὶμὴν</span> <span class='ocrx_word' id='word_1_702' title='bbox 2749 4377 2839 4428; x_wconf 74' lang='grc' dir='ltr'>καὶ</span> <span class='ocrx_word' id='word_1_703' title='bbox 2881 4375 3124 4429; x_wconf 85' lang='grc' dir='ltr'>δεδόσθαι</span> <span class='ocrx_word' id='word_1_704' title='bbox 3175 4377 3309 4446; x_wconf 68' lang='grc' dir='ltr'>φησι</span> <span class='ocrx_word' id='word_1_705' title='bbox 3340 4376 3444 4445; x_wconf 84' lang='grc' dir='ltr'>πρὸ</span> <span class='ocrx_word' id='word_1_706' title='bbox 3474 4391 3647 4442; x_wconf 80' lang='grc' dir='ltr'>προσ-</span> 
     </span>
    </p>
   </div>
   <div class='ocr_carea' id='block_1_90' title="bbox 390 4453 1961 4540">
    <p class='ocr_par' dir='ltr' id='par_1_90' title="bbox 390 4463 1961 4535">
     <span class='ocr_line' id='line_1_90' title="bbox 390 4463 1961 4535; baseline -0.001 -17"><span class='ocrx_word' id='word_1_707' title='bbox 390 4479 495 4535; x_wconf 83' lang='lat' dir='ltr'><strong>que</strong></span> <span class='ocrx_word' id='word_1_708' title='bbox 521 4465 797 4519; x_wconf 84' lang='lat' dir='ltr'><strong>declarare</strong></span> <span class='ocrx_word' id='word_1_709' title='bbox 818 4465 1010 4518; x_wconf 85' lang='lat' dir='ltr'><strong>solent.</strong></span> <span class='ocrx_word' id='word_1_710' title='bbox 1046 4463 1260 4519; x_wconf 86' lang='lat' dir='ltr'><strong>Sterilis</strong></span> <span class='ocrx_word' id='word_1_711' title='bbox 1295 4463 1456 4531; x_wconf 81' lang='lat' dir='ltr'><strong>igitur</strong></span> <span class='ocrx_word' id='word_1_712' title='bbox 1510 4463 1711 4518; x_wconf 84' lang='lat' dir='ltr'><strong>dicitur</strong></span> <span class='ocrx_word' id='word_1_713' title='bbox 1773 4475 1961 4532; x_wconf 89' lang='lat' dir='ltr'><strong>parere</strong></span> 
     </span>
    </p>
   </div>
   <div class='ocr_carea' id='block_1_91' title="bbox 2065 4453 3645 4540">
    <p class='ocr_par' dir='ltr' id='par_1_91' title="bbox 2067 4469 3645 4540">
     <span class='ocr_line' id='line_1_91' title="bbox 2067 4469 3645 4540; baseline -0.001 -18"><span class='ocrx_word' id='word_1_714' title='bbox 2067 4469 2216 4522; x_wconf 87' lang='grc' dir='ltr'>ώπου</span> <span class='ocrx_word' id='word_1_715' title='bbox 2242 4469 2440 4540; x_wconf 84' lang='grc' dir='ltr'>Ἰησοῦ,</span> <span class='ocrx_word' id='word_1_716' title='bbox 2471 4469 2612 4522; x_wconf 85' lang='grc' dir='ltr'>ἐπτά</span> <span class='ocrx_word' id='word_1_717' title='bbox 2635 4487 2693 4523; x_wconf 91' lang='grc' dir='ltr'>τε</span> <span class='ocrx_word' id='word_1_718' title='bbox 2723 4469 2868 4540; x_wconf 79' lang='grc' dir='ltr'>ἐχειν</span> <span class='ocrx_word' id='word_1_719' title='bbox 2894 4469 3020 4532; x_wconf 82' lang='grc' dir='ltr'>τοὺς</span> <span class='ocrx_word' id='word_1_720' title='bbox 3049 4469 3358 4539; x_wconf 81' lang='grc' dir='ltr'>ὀφθαλμοὺς</span> <span class='ocrx_word' id='word_1_721' title='bbox 3383 4469 3645 4539; x_wconf 82' lang='grc' dir='ltr'>διισχυρί-</span> 
     </span>
    </p>
   </div>
   <div class='ocr_carea' id='block_1_92' title="bbox 389 4555 1962 4624">
    <p class='ocr_par' dir='ltr' id='par_1_92' title="bbox 389 4555 1962 4624">
     <span class='ocr_line' id='line_1_92' title="bbox 389 4555 1962 4624; baseline -0.002 -14"><span class='ocrx_word' id='word_1_722' title='bbox 389 4567 596 4624; x_wconf 82' lang='lat' dir='ltr'><strong>septem</strong></span> <span class='ocrx_word' id='word_1_723' title='bbox 626 4557 694 4611; x_wconf 78' lang='lat'><strong>&quot;.</strong></span> <span class='ocrx_word' id='word_1_724' title='bbox 731 4555 872 4614; x_wconf 77' lang='lat' dir='ltr'><strong>Mille</strong></span> <span class='ocrx_word' id='word_1_725' title='bbox 905 4566 1084 4610; x_wconf 87' lang='lat' dir='ltr'><strong>autem</strong></span> <span class='ocrx_word' id='word_1_726' title='bbox 1116 4555 1287 4611; x_wconf 90' lang='lat' dir='ltr'><strong>oculis</strong></span> <span class='ocrx_word' id='word_1_727' title='bbox 1325 4555 1506 4610; x_wconf 88' lang='lat' dir='ltr'><strong>omnia</strong></span> <span class='ocrx_word' id='word_1_728' title='bbox 1540 4557 1761 4619; x_wconf 89' lang='lat' dir='ltr'><strong>intueri,</strong></span> <span class='ocrx_word' id='word_1_729' title='bbox 1791 4565 1846 4609; x_wconf 89' lang='lat' dir='ltr'><strong>et</strong></span> <span class='ocrx_word' id='word_1_730' title='bbox 1876 4555 1962 4607; x_wconf 82' lang='lat' dir='ltr'><strong>in-</strong></span> 
     </span>
    </p>
   </div>
   <div class='ocr_carea' id='block_1_93' title="bbox 389 4644 1960 4717">
    <p class='ocr_par' dir='ltr' id='par_1_93' title="bbox 389 4644 1960 4717">
     <span class='ocr_line' id='line_1_93' title="bbox 389 4644 1960 4717; baseline -0.002 -15"><span class='ocrx_word' id='word_1_731' title='bbox 389 4649 606 4717; x_wconf 82' lang='lat' dir='ltr'><strong>spicere</strong></span> <span class='ocrx_word' id='word_1_732' title='bbox 659 4661 746 4702; x_wconf 88' lang='lat' dir='ltr'><strong>res</strong></span> <span class='ocrx_word' id='word_1_733' title='bbox 779 4655 996 4703; x_wconf 88' lang='lat' dir='ltr'><strong>nostras</strong></span> <span class='ocrx_word' id='word_1_734' title='bbox 1050 4647 1286 4702; x_wconf 82' lang='lat' dir='ltr'><strong>divinam</strong></span> <span class='ocrx_word' id='word_1_735' title='bbox 1343 4658 1397 4700; x_wconf 90' lang='lat' dir='ltr'><strong>et</strong></span> <span class='ocrx_word' id='word_1_736' title='bbox 1457 4645 1780 4702; x_wconf 79' lang='lat' dir='ltr'><strong>ineffabilem</strong></span> <span class='ocrx_word' id='word_1_737' title='bbox 1837 4644 1960 4700; x_wconf 80' lang='lat' dir='ltr'><strong>Filii</strong></span> 
     </span>
    </p>
   </div>
   <div class='ocr_carea' id='block_1_94' title="bbox 2070 4560 3644 4638">
    <p class='ocr_par' dir='ltr' id='par_1_94' title="bbox 2070 4560 3644 4638">
     <span class='ocr_line' id='line_1_94' title="bbox 2070 4560 3644 4638; baseline -0.001 -24"><span class='ocrx_word' id='word_1_738' title='bbox 2070 4560 2394 4625; x_wconf 82' lang='grc' dir='ltr'>ζεται.Ἕδει</span> <span class='ocrx_word' id='word_1_739' title='bbox 2423 4560 2532 4631; x_wconf 76' lang='grc' dir='ltr'>γὰρ</span> <span class='ocrx_word' id='word_1_740' title='bbox 2569 4560 2801 4631; x_wconf 87' lang='grc' dir='ltr'>μάλιστα</span> <span class='ocrx_word' id='word_1_741' title='bbox 2840 4561 2938 4631; x_wconf 80' lang='grc' dir='ltr'><strong>τὴν</strong></span> <span class='ocrx_word' id='word_1_742' title='bbox 2971 4561 3107 4614; x_wconf 76' lang='grc' dir='ltr'>κατὰ</span> <span class='ocrx_word' id='word_1_743' title='bbox 3135 4560 3294 4630; x_wconf 87' lang='grc' dir='ltr'>νόμον</span> <span class='ocrx_word' id='word_1_744' title='bbox 3323 4563 3644 4638; x_wconf 66' lang='grc' dir='ltr'>ἱερωσύνην,</span> 
     </span>
    </p>
   </div>
   <div class='ocr_carea' id='block_1_95' title="bbox 2068 4646 3647 4724">
    <p class='ocr_par' dir='ltr' id='par_1_95' title="bbox 2068 4646 3647 4724">
     <span class='ocr_line' id='line_1_95' title="bbox 2068 4646 3647 4724; baseline -0.001 -19"><span class='ocrx_word' id='word_1_745' title='bbox 2068 4646 2135 4724; x_wconf 76' lang='grc' dir='ltr'>ἦς</span> <span class='ocrx_word' id='word_1_746' title='bbox 2162 4655 2242 4716; x_wconf 85' lang='grc' dir='ltr'><strong>είς</strong></span> <span class='ocrx_word' id='word_1_747' title='bbox 2270 4650 2441 4706; x_wconf 80' lang='grc' dir='ltr'>τύπον</span> <span class='ocrx_word' id='word_1_748' title='bbox 2470 4651 2750 4722; x_wconf 77' lang='grc' dir='ltr'>ἐθήκαμεν</span> <span class='ocrx_word' id='word_1_749' title='bbox 2782 4651 2874 4704; x_wconf 88' lang='grc' dir='ltr'><strong>τὸν</strong></span> <span class='ocrx_word' id='word_1_750' title='bbox 2901 4649 3127 4721; x_wconf 85' lang='grc' dir='ltr'>Ἰησοῦν,</span> <span class='ocrx_word' id='word_1_751' title='bbox 3156 4650 3316 4703; x_wconf 73' lang='grc' dir='ltr'>οἱονεὶ</span> <span class='ocrx_word' id='word_1_752' title='bbox 3342 4650 3448 4720; x_wconf 79' lang='grc' dir='ltr'>πρὸ</span> <span class='ocrx_word' id='word_1_753' title='bbox 3477 4659 3647 4720; x_wconf 71' lang='grc' dir='ltr'><strong>προσ-⁹</strong></span> 
     </span>
    </p>
   </div>
   <div class='ocr_carea' id='block_1_96' title="bbox 389 4735 1961 4813">
    <p class='ocr_par' dir='ltr' id='par_1_96' title="bbox 389 4735 1961 4807">
     <span class='ocr_line' id='line_1_96' title="bbox 389 4735 1961 4807; baseline -0.002 -14"><span class='ocrx_word' id='word_1_754' title='bbox 389 4747 640 4794; x_wconf 87' lang='lat' dir='ltr'><strong>naturam</strong></span> <span class='ocrx_word' id='word_1_755' title='bbox 675 4753 780 4792; x_wconf 92' lang='lat' dir='ltr'><strong>non</strong></span> <span class='ocrx_word' id='word_1_756' title='bbox 804 4746 978 4807; x_wconf 84' lang='lat' dir='ltr'><strong>potest</strong></span> <span class='ocrx_word' id='word_1_757' title='bbox 1000 4737 1268 4806; x_wconf 89' lang='lat' dir='ltr'><strong>quispiam</strong></span> <span class='ocrx_word' id='word_1_758' title='bbox 1309 4737 1557 4792; x_wconf 83' lang='lat' dir='ltr'><strong>dubitare</strong></span> <span class='ocrx_word' id='word_1_759' title='bbox 1589 4755 1605 4792; x_wconf 92' lang='lat'><strong>:</strong></span> <span class='ocrx_word' id='word_1_760' title='bbox 1633 4755 1654 4790; x_wconf 77' lang='grc' dir='ltr'><strong>ι</strong></span> <span class='ocrx_word' id='word_1_761' title='bbox 1695 4735 1860 4792; x_wconf 81' lang='lat' dir='ltr'><strong>Vivus</strong></span> <span class='ocrx_word' id='word_1_762' title='bbox 1879 4747 1961 4791; x_wconf 92' lang='lat' dir='ltr'><strong>est</strong></span> 
     </span>
    </p>
   </div>
   <div class='ocr_carea' id='block_1_97' title="bbox 2065 4735 3644 4813">
    <p class='ocr_par' dir='ltr' id='par_1_97' title="bbox 2067 4739 3644 4813">
     <span class='ocr_line' id='line_1_97' title="bbox 2067 4739 3644 4813; baseline -0.003 -19"><span class='ocrx_word' id='word_1_763' title='bbox 2067 4742 2216 4796; x_wconf 89' lang='grc' dir='ltr'>ώπου</span> <span class='ocrx_word' id='word_1_764' title='bbox 2267 4743 2358 4795; x_wconf 77' lang='grc' dir='ltr'>καὶ</span> <span class='ocrx_word' id='word_1_765' title='bbox 2404 4743 2509 4813; x_wconf 83' lang='grc' dir='ltr'>πρὸ</span> <span class='ocrx_word' id='word_1_766' title='bbox 2553 4741 2842 4813; x_wconf 79' lang='grc' dir='ltr'>ὀφθαλμῶν</span> <span class='ocrx_word' id='word_1_767' title='bbox 2873 4742 3017 4812; x_wconf 78' lang='grc' dir='ltr'>ἔχειν</span> <span class='ocrx_word' id='word_1_768' title='bbox 3042 4741 3129 4794; x_wconf 75' lang='grc' dir='ltr'><strong>διὰ</strong></span> <span class='ocrx_word' id='word_1_769' title='bbox 3154 4740 3354 4804; x_wconf 82' lang='grc' dir='ltr'>παντὸς</span> <span class='ocrx_word' id='word_1_770' title='bbox 3384 4741 3476 4794; x_wconf 87' lang='grc' dir='ltr'><strong>τὸν</strong></span> <span class='ocrx_word' id='word_1_771' title='bbox 3499 4739 3644 4794; x_wconf 87' lang='grc' dir='ltr'>λίθον</span> 
     </span>
    </p>
   </div>
   <div class='ocr_carea' id='block_1_98' title="bbox 390 4825 1961 4906">
    <p class='ocr_par' dir='ltr' id='par_1_98' title="bbox 390 4825 1961 4900">
     <span class='ocr_line' id='line_1_98' title="bbox 390 4825 1961 4900; baseline -0.001 -16"><span class='ocrx_word' id='word_1_772' title='bbox 390 4829 533 4884; x_wconf 89' lang='lat' dir='ltr'><strong>enim</strong></span> <span class='ocrx_word' id='word_1_773' title='bbox 559 4844 741 4886; x_wconf 87' lang='lat' dir='ltr'><strong>sermo</strong></span> <span class='ocrx_word' id='word_1_774' title='bbox 765 4827 880 4895; x_wconf 86' lang='lat' dir='ltr'><strong>Dei,</strong></span> <span class='ocrx_word' id='word_1_775' title='bbox 901 4837 957 4884; x_wconf 90' lang='lat' dir='ltr'><strong>et</strong></span> <span class='ocrx_word' id='word_1_776' title='bbox 972 4825 1179 4894; x_wconf 79' lang='lat' dir='ltr'><strong>ellicax,</strong></span> <span class='ocrx_word' id='word_1_777' title='bbox 1208 4836 1263 4884; x_wconf 91' lang='lat' dir='ltr'><strong>et</strong></span> <span class='ocrx_word' id='word_1_778' title='bbox 1283 4829 1664 4900; x_wconf 88' lang='lat' dir='ltr'><strong>penetrabilior</strong></span> <span class='ocrx_word' id='word_1_779' title='bbox 1680 4829 1828 4884; x_wconf 89' lang='lat' dir='ltr'><strong>omni</strong></span> <span class='ocrx_word' id='word_1_780' title='bbox 1851 4830 1961 4900; x_wconf 59' lang='lat' dir='ltr'><strong>gla-</strong></span> 
     </span>
    </p>
   </div>
   <div class='ocr_carea' id='block_1_99' title="bbox 2065 4825 3644 4906">
    <p class='ocr_par' dir='ltr' id='par_1_99' title="bbox 2069 4833 3644 4906">
     <span class='ocr_line' id='line_1_99' title="bbox 2069 4833 3644 4906; baseline -0.003 -17"><span class='ocrx_word' id='word_1_781' title='bbox 2069 4835 2158 4889; x_wconf 83' lang='grc' dir='ltr'><strong>τὸν</strong></span> <span class='ocrx_word' id='word_1_782' title='bbox 2186 4834 2458 4899; x_wconf 83' lang='grc' dir='ltr'>ἐκλεκτὸν,</span> <span class='ocrx_word' id='word_1_783' title='bbox 2492 4835 2584 4888; x_wconf 75' lang='grc' dir='ltr'><strong>τὸν</strong></span> <span class='ocrx_word' id='word_1_784' title='bbox 2618 4835 3031 4906; x_wconf 79' lang='grc' dir='ltr'>ἀκρογωνιαῖον,</span> <span class='ocrx_word' id='word_1_785' title='bbox 3057 4835 3149 4887; x_wconf 85' lang='grc' dir='ltr'>τὸν</span> <span class='ocrx_word' id='word_1_786' title='bbox 3180 4833 3416 4904; x_wconf 75' lang='grc' dir='ltr'>ἔντιμον,</span> <span class='ocrx_word' id='word_1_787' title='bbox 3451 4833 3540 4887; x_wconf 79' lang='grc' dir='ltr'>τὸν</span> <span class='ocrx_word' id='word_1_788' title='bbox 3566 4834 3644 4895; x_wconf 90' lang='grc' dir='ltr'><strong>είς</strong></span> 
     </span>
    </p>
   </div>
   <div class='ocr_carea' id='block_1_100' title="bbox 390 4918 1961 4998">
    <p class='ocr_par' dir='ltr' id='par_1_100' title="bbox 390 4918 1961 4989">
     <span class='ocr_line' id='line_1_100' title="bbox 390 4918 1961 4989; baseline 0.001 -15"><span class='ocrx_word' id='word_1_789' title='bbox 390 4920 478 4975; x_wconf 90' lang='lat' dir='ltr'><strong>dio</strong></span> <span class='ocrx_word' id='word_1_790' title='bbox 503 4919 742 4989; x_wconf 83' lang='lat' dir='ltr'><strong>ancipiti,</strong></span> <span class='ocrx_word' id='word_1_791' title='bbox 761 4928 814 4974; x_wconf 91' lang='lat' dir='ltr'><strong>et</strong></span> <span class='ocrx_word' id='word_1_792' title='bbox 835 4918 1144 4989; x_wconf 89' lang='lat' dir='ltr'><strong>pertingens</strong></span> <span class='ocrx_word' id='word_1_793' title='bbox 1160 4932 1328 4988; x_wconf 86' lang='lat' dir='ltr'><strong>usque</strong></span> <span class='ocrx_word' id='word_1_794' title='bbox 1341 4918 1408 4973; x_wconf 90' lang='lat' dir='ltr'><strong>ad</strong></span> <span class='ocrx_word' id='word_1_795' title='bbox 1430 4919 1749 4974; x_wconf 88' lang='lat' dir='ltr'><strong>divisionem</strong></span> <span class='ocrx_word' id='word_1_796' title='bbox 1769 4920 1961 4976; x_wconf 69' lang='lat' dir='ltr'><strong>animat</strong></span> 
     </span>
    </p>
   </div>
   <div class='ocr_carea' id='block_1_101' title="bbox 2065 4918 3648 4998">
    <p class='ocr_par' dir='ltr' id='par_1_101' title="bbox 2074 4924 3648 4998">
     <span class='ocr_line' id='line_1_101' title="bbox 2074 4924 3648 4998; baseline -0.003 -16"><span class='ocrx_word' id='word_1_797' title='bbox 2074 4927 2143 4982; x_wconf 75' lang='grc' dir='ltr'><strong>τὰ</strong></span> <span class='ocrx_word' id='word_1_798' title='bbox 2173 4928 2398 4998; x_wconf 84' lang='grc' dir='ltr'>θεμέλια</span> <span class='ocrx_word' id='word_1_799' title='bbox 2438 4926 2594 4992; x_wconf 86' lang='grc' dir='ltr'>Σιὼν,</span> <span class='ocrx_word' id='word_1_800' title='bbox 2630 4927 2718 4981; x_wconf 79' lang='grc' dir='ltr'><strong>τὸν</strong></span> <span class='ocrx_word' id='word_1_801' title='bbox 2761 4927 2975 4990; x_wconf 84' lang='grc' dir='ltr'>πολλοῖς</span> <span class='ocrx_word' id='word_1_802' title='bbox 3024 4925 3319 4996; x_wconf 74' lang='grc' dir='ltr'>ὀφθαλμοῖς</span> <span class='ocrx_word' id='word_1_803' title='bbox 3365 4924 3648 4996; x_wconf 77' lang='grc' dir='ltr'>ἐφορῶντα</span> 
     </span>
    </p>
   </div>
   <div class='ocr_carea' id='block_1_102' title="bbox 388 5010 1961 5087">
    <p class='ocr_par' dir='ltr' id='par_1_102' title="bbox 388 5010 1961 5080">
     <span class='ocr_line' id='line_1_102' title="bbox 388 5010 1961 5080; baseline 0.002 -16"><span class='ocrx_word' id='word_1_804' title='bbox 388 5018 445 5064; x_wconf 83' lang='lat' dir='ltr'><strong>et</strong></span> <span class='ocrx_word' id='word_1_805' title='bbox 459 5011 702 5080; x_wconf 88' lang='lat' dir='ltr'><strong>spiritus,</strong></span> <span class='ocrx_word' id='word_1_806' title='bbox 717 5023 1032 5079; x_wconf 80' lang='lat' dir='ltr'><strong>compagum</strong></span> <span class='ocrx_word' id='word_1_807' title='bbox 1050 5024 1263 5079; x_wconf 87' lang='lat' dir='ltr'><strong>quoque</strong></span> <span class='ocrx_word' id='word_1_808' title='bbox 1290 5018 1344 5066; x_wconf 91' lang='lat' dir='ltr'><strong>et</strong></span> <span class='ocrx_word' id='word_1_809' title='bbox 1368 5010 1750 5075; x_wconf 86' lang='lat' dir='ltr'><strong>medullarum,</strong></span> <span class='ocrx_word' id='word_1_810' title='bbox 1773 5020 1827 5066; x_wconf 81' lang='lat' dir='ltr'><strong>et</strong></span> <span class='ocrx_word' id='word_1_811' title='bbox 1850 5011 1961 5067; x_wconf 87' lang='lat' dir='ltr'><strong>dis-</strong></span> 
     </span>
    </p>
   </div>
   <div class='ocr_carea' id='block_1_103' title="bbox 2065 5010 3646 5087">
    <p class='ocr_par' dir='ltr' id='par_1_103' title="bbox 2073 5014 3646 5087">
     <span class='ocr_line' id='line_1_103' title="bbox 2073 5014 3646 5087; baseline -0.001 -19"><span class='ocrx_word' id='word_1_812' title='bbox 2073 5016 2142 5068; x_wconf 83' lang='grc' dir='ltr'>τὰ</span> <span class='ocrx_word' id='word_1_813' title='bbox 2163 5015 2358 5070; x_wconf 88' lang='grc' dir='ltr'>πάντα.</span> <span class='ocrx_word' id='word_1_814' title='bbox 2381 5017 2454 5069; x_wconf 89' lang='grc' dir='ltr'>Τὸ</span> <span class='ocrx_word' id='word_1_815' title='bbox 2479 5016 2588 5087; x_wconf 78' lang='grc' dir='ltr'><strong>γὰρ</strong></span> <span class='ocrx_word' id='word_1_816' title='bbox 2614 5015 2776 5082; x_wconf 76' lang='grc' dir='ltr'>ἐτι-τὰ,</span> <span class='ocrx_word' id='word_1_817' title='bbox 2807 5014 2902 5068; x_wconf 90' lang='grc' dir='ltr'><strong>τοῦ</strong></span> <span class='ocrx_word' id='word_1_818' title='bbox 2930 5015 3152 5078; x_wconf 88' lang='grc' dir='ltr'>τελείως</span> <span class='ocrx_word' id='word_1_819' title='bbox 3179 5015 3390 5085; x_wconf 73' lang='grc' dir='ltr'>ἔχοντος</span> <span class='ocrx_word' id='word_1_820' title='bbox 3420 5015 3505 5068; x_wconf 83' lang='grc' dir='ltr'><strong>ἀεί</strong></span> <span class='ocrx_word' id='word_1_821' title='bbox 3533 5015 3646 5077; x_wconf 86' lang='grc' dir='ltr'><strong>πώς</strong></span> 
     </span>
    </p>
   </div>
   <div class='ocr_carea' id='block_1_104' title="bbox 388 5102 1961 5176">
    <p class='ocr_par' dir='ltr' id='par_1_104' title="bbox 388 5102 1961 5173">
     <span class='ocr_line' id='line_1_104' title="bbox 388 5102 1961 5173; baseline 0.001 -15"><span class='ocrx_word' id='word_1_822' title='bbox 388 5113 568 5158; x_wconf 87' lang='lat' dir='ltr'><strong>cretor</strong></span> <span class='ocrx_word' id='word_1_823' title='bbox 591 5103 974 5173; x_wconf 89' lang='lat' dir='ltr'><strong>cogitationum</strong></span> <span class='ocrx_word' id='word_1_824' title='bbox 997 5110 1053 5157; x_wconf 89' lang='lat' dir='ltr'><strong>et</strong></span> <span class='ocrx_word' id='word_1_825' title='bbox 1077 5102 1433 5158; x_wconf 88' lang='lat' dir='ltr'><strong>intentionum</strong></span> <span class='ocrx_word' id='word_1_826' title='bbox 1465 5103 1664 5170; x_wconf 88' lang='lat' dir='ltr'><strong>cordis,</strong></span> <span class='ocrx_word' id='word_1_827' title='bbox 1685 5112 1741 5158; x_wconf 91' lang='lat' dir='ltr'><strong>et</strong></span> <span class='ocrx_word' id='word_1_828' title='bbox 1757 5119 1863 5160; x_wconf 93' lang='lat' dir='ltr'><strong>non</strong></span> <span class='ocrx_word' id='word_1_829' title='bbox 1885 5113 1961 5160; x_wconf 86' lang='lat' dir='ltr'><strong>est</strong></span> 
     </span>
    </p>
   </div>
   <div class='ocr_carea' id='block_1_105' title="bbox 2065 5102 3644 5176">
    <p class='ocr_par' dir='ltr' id='par_1_105' title="bbox 2075 5105 3644 5176">
     <span class='ocr_line' id='line_1_105' title="bbox 2075 5105 3644 5176; baseline -0.001 -18"><span class='ocrx_word' id='word_1_830' title='bbox 2075 5107 2191 5160; x_wconf 84' lang='grc' dir='ltr'>ἐστι</span> <span class='ocrx_word' id='word_1_831' title='bbox 2242 5107 2594 5176; x_wconf 76' lang='grc' dir='ltr'>σημαντικόν.</span> <span class='ocrx_word' id='word_1_832' title='bbox 2624 5108 2821 5175; x_wconf 87' lang='grc' dir='ltr'>Στεῖρα</span> <span class='ocrx_word' id='word_1_833' title='bbox 2852 5106 2982 5174; x_wconf 84' lang='grc' dir='ltr'>γοῦν</span> <span class='ocrx_word' id='word_1_834' title='bbox 3023 5105 3246 5174; x_wconf 88' lang='grc' dir='ltr'>λέγεται</span> <span class='ocrx_word' id='word_1_835' title='bbox 3273 5109 3450 5158; x_wconf 88' lang='grc' dir='ltr'>τεκεῖν</span> <span class='ocrx_word' id='word_1_836' title='bbox 3485 5106 3644 5159; x_wconf 79' lang='grc' dir='ltr'>ἑπτά.</span> 
     </span>
    </p>
   </div>
   <div class='ocr_carea' id='block_1_106' title="bbox 391 5193 1961 5268">
    <p class='ocr_par' dir='ltr' id='par_1_106' title="bbox 391 5193 1961 5264">
     <span class='ocr_line' id='line_1_106' title="bbox 391 5193 1961 5264; baseline 0.001 -16"><span class='ocrx_word' id='word_1_837' title='bbox 391 5193 495 5248; x_wconf 86' lang='lat' dir='ltr'><strong>ulla</strong></span> <span class='ocrx_word' id='word_1_838' title='bbox 511 5206 758 5249; x_wconf 84' lang='lat' dir='ltr'><strong>creatura</strong></span> <span class='ocrx_word' id='word_1_839' title='bbox 771 5194 1052 5249; x_wconf 85' lang='lat' dir='ltr'><strong>invisibilis</strong></span> <span class='ocrx_word' id='word_1_840' title='bbox 1068 5193 1122 5249; x_wconf 84' lang='lat' dir='ltr'><strong>in</strong></span> <span class='ocrx_word' id='word_1_841' title='bbox 1137 5203 1423 5262; x_wconf 79' lang='lat' dir='ltr'><strong>conspectu</strong></span> <span class='ocrx_word' id='word_1_842' title='bbox 1436 5194 1770 5264; x_wconf 88' lang='lat' dir='ltr'><strong>ejus.Omnia</strong></span> <span class='ocrx_word' id='word_1_843' title='bbox 1788 5204 1961 5250; x_wconf 85' lang='lat' dir='ltr'><strong>autem</strong></span> 
     </span>
    </p>
   </div>
   <div class='ocr_carea' id='block_1_107' title="bbox 2065 5193 3648 5268">
    <p class='ocr_par' dir='ltr' id='par_1_107' title="bbox 2077 5196 3648 5268">
     <span class='ocr_line' id='line_1_107' title="bbox 2077 5196 3648 5268; baseline 0 -19"><span class='ocrx_word' id='word_1_844' title='bbox 2077 5197 2198 5249; x_wconf 85' lang='grc' dir='ltr'>’Ότι</span> <span class='ocrx_word' id='word_1_845' title='bbox 2229 5197 2285 5250; x_wconf 79' lang='grc' dir='ltr'>δὲ</span> <span class='ocrx_word' id='word_1_846' title='bbox 2338 5198 2555 5268; x_wconf 83' lang='grc' dir='ltr'>μυρίοις</span> <span class='ocrx_word' id='word_1_847' title='bbox 2599 5196 2842 5266; x_wconf 77' lang='grc' dir='ltr'>ὄμμασιν</span> <span class='ocrx_word' id='word_1_848' title='bbox 2879 5197 3052 5267; x_wconf 76' lang='grc' dir='ltr'>ἐφορᾷ</span> <span class='ocrx_word' id='word_1_849' title='bbox 3095 5198 3273 5250; x_wconf 87' lang='grc' dir='ltr'>πάντα</span> <span class='ocrx_word' id='word_1_850' title='bbox 3310 5197 3402 5249; x_wconf 70' lang='grc' dir='ltr'>καὶ</span> <span class='ocrx_word' id='word_1_851' title='bbox 3425 5197 3648 5250; x_wconf 83' lang='grc' dir='ltr'>ἐπισκέ-</span> 
     </span>
    </p>
   </div>
   <div class='ocr_carea' id='block_1_108' title="bbox 389 5285 1961 5358">
    <p class='ocr_par' dir='ltr' id='par_1_108' title="bbox 389 5285 1961 5357">
     <span class='ocr_line' id='line_1_108' title="bbox 389 5285 1961 5357; baseline 0 -17"><span class='ocrx_word' id='word_1_852' title='bbox 389 5287 529 5340; x_wconf 84' lang='lat' dir='ltr'><strong>nuda</strong></span> <span class='ocrx_word' id='word_1_853' title='bbox 547 5296 601 5340; x_wconf 89' lang='lat' dir='ltr'><strong>et</strong></span> <span class='ocrx_word' id='word_1_854' title='bbox 618 5295 802 5354; x_wconf 88' lang='lat' dir='ltr'><strong>aperta</strong></span> <span class='ocrx_word' id='word_1_855' title='bbox 828 5286 1137 5341; x_wconf 87' lang='lat' dir='ltr'><strong>suntoculis</strong></span> <span class='ocrx_word' id='word_1_856' title='bbox 1158 5289 1294 5357; x_wconf 88' lang='lat' dir='ltr'><strong>ejus,</strong></span> <span class='ocrx_word' id='word_1_857' title='bbox 1310 5311 1327 5339; x_wconf 78' lang='grc' dir='ltr'><strong>ι</strong></span> <span class='ocrx_word' id='word_1_858' title='bbox 1347 5285 1486 5341; x_wconf 90' lang='lat' dir='ltr'><strong>sicut</strong></span> <span class='ocrx_word' id='word_1_859' title='bbox 1511 5289 1774 5357; x_wconf 89' lang='lat' dir='ltr'><strong>scriptum</strong></span> <span class='ocrx_word' id='word_1_860' title='bbox 1799 5297 1882 5342; x_wconf 85' lang='lat' dir='ltr'><strong>est</strong></span> <span class='ocrx_word' id='word_1_861' title='bbox 1899 5286 1961 5340; x_wconf 84' lang='grc'><strong>⁸³.</strong></span> 
     </span>
    </p>
   </div>
   <div class='ocr_carea' id='block_1_109' title="bbox 2065 5285 3645 5358">
    <p class='ocr_par' dir='ltr' id='par_1_109' title="bbox 2076 5285 3645 5358">
     <span class='ocr_line' id='line_1_109' title="bbox 2076 5285 3645 5358; baseline 0.001 -20"><span class='ocrx_word' id='word_1_862' title='bbox 2076 5304 2268 5340; x_wconf 81' lang='grc' dir='ltr'>πτεται</span> <span class='ocrx_word' id='word_1_863' title='bbox 2313 5287 2384 5338; x_wconf 75' lang='grc' dir='ltr'>τὰ</span> <span class='ocrx_word' id='word_1_864' title='bbox 2416 5285 2534 5339; x_wconf 83' lang='grc' dir='ltr'>καθ’</span> <span class='ocrx_word' id='word_1_865' title='bbox 2562 5288 2710 5356; x_wconf 77' lang='grc' dir='ltr'>ἡμᾶς</span> <span class='ocrx_word' id='word_1_866' title='bbox 2757 5289 2789 5355; x_wconf 84' lang='grc' dir='ltr'>ἠ</span> <span class='ocrx_word' id='word_1_867' title='bbox 2833 5286 2954 5341; x_wconf 86' lang='grc' dir='ltr'>θεία</span> <span class='ocrx_word' id='word_1_868' title='bbox 2983 5304 3043 5338; x_wconf 89' lang='grc' dir='ltr'><strong>τε</strong></span> <span class='ocrx_word' id='word_1_869' title='bbox 3081 5287 3172 5339; x_wconf 77' lang='grc' dir='ltr'>καὶ</span> <span class='ocrx_word' id='word_1_870' title='bbox 3217 5287 3524 5358; x_wconf 73' lang='grc' dir='ltr'>ἀπόρρητος</span> <span class='ocrx_word' id='word_1_871' title='bbox 3551 5286 3645 5339; x_wconf 87' lang='grc' dir='ltr'><strong>τοῦ</strong></span> 
     </span>
    </p>
   </div>
   <div class='ocr_carea' id='block_1_110' title="bbox 390 5377 3648 5454">
    <p class='ocr_par' dir='ltr' id='par_1_110' title="bbox 390 5377 3648 5454">
     <span class='ocr_line' id='line_1_110' title="bbox 390 5377 3648 5454; baseline 0.001 -23"><span class='ocrx_word' id='word_1_872' title='bbox 390 5377 522 5432; x_wconf 87' lang='grc' dir='ltr'>Υίοῦ</span> <span class='ocrx_word' id='word_1_873' title='bbox 549 5378 730 5449; x_wconf 79' lang='grc' dir='ltr'>φύσις,</span> <span class='ocrx_word' id='word_1_874' title='bbox 750 5380 851 5434; x_wconf 81' lang='grc' dir='ltr'>οὐκ</span> <span class='ocrx_word' id='word_1_875' title='bbox 879 5379 946 5435; x_wconf 81' lang='grc' dir='ltr'>ἂν</span> <span class='ocrx_word' id='word_1_876' title='bbox 969 5380 1262 5436; x_wconf 82' lang='grc' dir='ltr'>ἐνδοιάσειέ</span> <span class='ocrx_word' id='word_1_877' title='bbox 1293 5398 1378 5443; x_wconf 85' lang='grc' dir='ltr'><strong>τις</strong></span> <span class='ocrx_word' id='word_1_878' title='bbox 1401 5397 1413 5411; x_wconf 80' lang='lat'><strong><em>°</em></strong></span> <span class='ocrx_word' id='word_1_879' title='bbox 1447 5399 1466 5434; x_wconf 74' lang='grc' dir='ltr'><strong>ι</strong></span> <span class='ocrx_word' id='word_1_880' title='bbox 1493 5381 1609 5436; x_wconf 90' lang='grc' dir='ltr'>Ζῶν</span> <span class='ocrx_word' id='word_1_881' title='bbox 1660 5382 1769 5454; x_wconf 82' lang='grc' dir='ltr'><strong>γὰρ</strong></span> <span class='ocrx_word' id='word_1_882' title='bbox 1792 5385 1820 5437; x_wconf 88' lang='grc' dir='ltr'><strong>ό</strong></span> <span class='ocrx_word' id='word_1_883' title='bbox 1856 5382 2010 5452; x_wconf 86' lang='grc' dir='ltr'>λόγος</span> <span class='ocrx_word' id='word_1_884' title='bbox 2043 5381 2136 5436; x_wconf 87' lang='grc' dir='ltr'><strong>τοῦ</strong></span> <span class='ocrx_word' id='word_1_885' title='bbox 2170 5381 2325 5447; x_wconf 87' lang='grc' dir='ltr'>Θεοῦ,</span> <span class='ocrx_word' id='word_1_886' title='bbox 2409 5383 2498 5437; x_wconf 69' lang='grc' dir='ltr'>καὶ</span> <span class='ocrx_word' id='word_1_887' title='bbox 2543 5381 2791 5453; x_wconf 84' lang='grc' dir='ltr'>ἐνεργὴς,</span> <span class='ocrx_word' id='word_1_888' title='bbox 2825 5383 2917 5437; x_wconf 83' lang='grc' dir='ltr'>καὶ</span> <span class='ocrx_word' id='word_1_889' title='bbox 2944 5381 3250 5450; x_wconf 86' lang='grc' dir='ltr'>τομώτερος</span> <span class='ocrx_word' id='word_1_890' title='bbox 3283 5383 3423 5452; x_wconf 80' lang='grc' dir='ltr'>ὑπὲρ</span> <span class='ocrx_word' id='word_1_891' title='bbox 3469 5386 3648 5436; x_wconf 72' lang='grc' dir='ltr'>πᾶσαν</span> 
     </span>
    </p>
   </div>
   <div class='ocr_carea' id='block_1_111' title="bbox 394 5474 3646 5550">
    <p class='ocr_par' dir='ltr' id='par_1_111' title="bbox 394 5474 3646 5550">
     <span class='ocr_line' id='line_1_111' title="bbox 394 5474 3646 5550; baseline 0 -23"><span class='ocrx_word' id='word_1_892' title='bbox 394 5474 670 5547; x_wconf 83' lang='grc' dir='ltr'>μάχαιραν</span> <span class='ocrx_word' id='word_1_893' title='bbox 714 5475 986 5548; x_wconf 85' lang='grc' dir='ltr'>δίστομον,</span> <span class='ocrx_word' id='word_1_894' title='bbox 1018 5477 1111 5532; x_wconf 70' lang='grc' dir='ltr'>καὶ</span> <span class='ocrx_word' id='word_1_895' title='bbox 1137 5477 1505 5548; x_wconf 71' lang='grc' dir='ltr'>διικνούμενος</span> <span class='ocrx_word' id='word_1_896' title='bbox 1535 5479 1663 5548; x_wconf 80' lang='grc' dir='ltr'>ἄχρι</span> <span class='ocrx_word' id='word_1_897' title='bbox 1729 5477 1996 5550; x_wconf 82' lang='grc' dir='ltr'>μερισμοῦ</span> <span class='ocrx_word' id='word_1_898' title='bbox 2033 5479 2208 5548; x_wconf 70' lang='grc' dir='ltr'>ψυχῆς</span> <span class='ocrx_word' id='word_1_899' title='bbox 2265 5479 2358 5530; x_wconf 74' lang='grc' dir='ltr'>καὶ</span> <span class='ocrx_word' id='word_1_900' title='bbox 2410 5477 2734 5547; x_wconf 81' lang='grc' dir='ltr'>πνεύματος,</span> <span class='ocrx_word' id='word_1_901' title='bbox 2764 5477 2968 5548; x_wconf 33' lang='grc' dir='ltr'>,ἁρμῶν</span> <span class='ocrx_word' id='word_1_902' title='bbox 3009 5493 3070 5528; x_wconf 88' lang='grc' dir='ltr'><strong>τε</strong></span> <span class='ocrx_word' id='word_1_903' title='bbox 3113 5478 3204 5529; x_wconf 71' lang='grc' dir='ltr'>καὶ</span> <span class='ocrx_word' id='word_1_904' title='bbox 3284 5476 3518 5546; x_wconf 86' lang='grc' dir='ltr'>μυελῶν,</span> <span class='ocrx_word' id='word_1_905' title='bbox 3553 5477 3646 5528; x_wconf 76' lang='grc' dir='ltr'>καὶ</span> 
     </span>
    </p>
   </div>
   <div class='ocr_carea' id='block_1_112' title="bbox 460 5674 1005 5744">
    <p class='ocr_par' dir='ltr' id='par_1_112' title="bbox 460 5674 1005 5744">
     <span class='ocr_line' id='line_1_112' title="bbox 460 5674 1005 5744; baseline 0.009 -15"><span class='ocrx_word' id='word_1_906' title='bbox 460 5674 505 5704; x_wconf 83' lang='grc'><strong>⁸³</strong></span> <span class='ocrx_word' id='word_1_907' title='bbox 535 5674 691 5731; x_wconf 79' lang='lat' dir='ltr'><strong>Joan.</strong></span> <span class='ocrx_word' id='word_1_908' title='bbox 725 5694 785 5744; x_wconf 93' lang='grc' dir='ltr'><strong>ιι,</strong></span> <span class='ocrx_word' id='word_1_909' title='bbox 821 5679 1005 5735; x_wconf 75' lang='lat' dir='ltr'><strong>H-l9.</strong></span> 
     </span>
    </p>
   </div>
   <div class='ocr_carea' id='block_1_113' title="bbox 1088 5674 1961 5750">
    <p class='ocr_par' dir='ltr' id='par_1_113' title="bbox 1088 5679 1961 5750">
     <span class='ocr_line' id='line_1_113' title="bbox 1088 5679 1961 5750; baseline -0.006 -14"><span class='ocrx_word' id='word_1_910' title='bbox 1088 5689 1130 5713; x_wconf 82' lang='lat'><strong>“</strong></span> <span class='ocrx_word' id='word_1_911' title='bbox 1166 5681 1352 5736; x_wconf 74' lang='lat' dir='ltr'><strong>Matth.</strong></span> <span class='ocrx_word' id='word_1_912' title='bbox 1392 5696 1488 5744; x_wconf 77' lang='lat' dir='ltr'><strong>xu,</strong></span> <span class='ocrx_word' id='word_1_913' title='bbox 1520 5682 1606 5735; x_wconf 81' lang='grc'><strong>58.</strong></span> <span class='ocrx_word' id='word_1_914' title='bbox 1687 5681 1730 5711; x_wconf 78' lang='grc'><strong>⁸⁵</strong></span> <span class='ocrx_word' id='word_1_915' title='bbox 1759 5679 1961 5750; x_wconf 77' lang='lat' dir='ltr'><strong>Philipp</strong></span> 
     </span>
    </p>
   </div>
   <div class='ocr_carea' id='block_1_114' title="bbox 2065 5674 3646 5750">
    <p class='ocr_par' dir='ltr' id='par_1_114' title="bbox 2071 5674 3646 5750">
     <span class='ocr_line' id='line_1_114' title="bbox 2071 5674 3646 5750; baseline -0.002 -18"><span class='ocrx_word' id='word_1_916' title='bbox 2071 5721 2084 5740; x_wconf 86' lang='lat'><strong>,</strong></span> <span class='ocrx_word' id='word_1_917' title='bbox 2129 5681 2180 5743; x_wconf 83' lang='lat'><strong>7,</strong></span> <span class='ocrx_word' id='word_1_918' title='bbox 2214 5680 2266 5734; x_wconf 86' lang='lat'><strong>8.</strong></span> <span class='ocrx_word' id='word_1_919' title='bbox 2346 5683 2390 5713; x_wconf 80' lang='grc'>⁸⁸</span> <span class='ocrx_word' id='word_1_920' title='bbox 2426 5681 2653 5735; x_wconf 74' lang='lat' dir='ltr'><strong>.‘llalaclt.</strong></span> <span class='ocrx_word' id='word_1_921' title='bbox 2693 5697 2764 5741; x_wconf 85' lang='lat' dir='ltr'><strong>tv,</strong></span> <span class='ocrx_word' id='word_1_922' title='bbox 2805 5682 2858 5734; x_wconf 68' lang='grc' dir='ltr'><strong>ἓ.</strong></span> <span class='ocrx_word' id='word_1_923' title='bbox 2937 5681 2981 5710; x_wconf 80' lang='grc'><strong>⁸⁷</strong></span> <span class='ocrx_word' id='word_1_924' title='bbox 3013 5678 3140 5750; x_wconf 58' lang='lat' dir='ltr'><strong>Luc.</strong></span> <span class='ocrx_word' id='word_1_925' title='bbox 3174 5692 3210 5735; x_wconf 85' lang='lat' dir='ltr'><strong>I.</strong></span> <span class='ocrx_word' id='word_1_926' title='bbox 3246 5676 3383 5750; x_wconf 40' lang='grc' dir='ltr'>79η-</span> <span class='ocrx_word' id='word_1_927' title='bbox 3409 5674 3646 5750; x_wconf 46' lang='grc'><strong>⁸⁸3081.</strong></span> 
     </span>
    </p>
   </div>
   <div class='ocr_carea' id='block_1_115' title="bbox 393 5745 1961 5820">
    <p class='ocr_par' dir='ltr' id='par_1_115' title="bbox 393 5745 1961 5820">
     <span class='ocr_line' id='line_1_115' title="bbox 393 5745 1961 5820; baseline 0.004 -23"><span class='ocrx_word' id='word_1_928' title='bbox 393 5760 510 5811; x_wconf 74' lang='lat' dir='ltr'><strong>xm,</strong></span> <span class='ocrx_word' id='word_1_929' title='bbox 544 5745 747 5812; x_wconf 76' lang='grc'><strong>12,15.</strong></span> <span class='ocrx_word' id='word_1_930' title='bbox 825 5749 868 5781; x_wconf 77' lang='grc'><strong>⁸⁸</strong></span> <span class='ocrx_word' id='word_1_931' title='bbox 901 5750 1096 5820; x_wconf 81' lang='lat' dir='ltr'><strong>Ephes.</strong></span> <span class='ocrx_word' id='word_1_932' title='bbox 1127 5768 1175 5815; x_wconf 78' lang='grc' dir='ltr'><strong>ν,</strong></span> <span class='ocrx_word' id='word_1_933' title='bbox 1213 5752 1290 5804; x_wconf 77' lang='grc' dir='ltr'><strong>Η.</strong></span> <span class='ocrx_word' id='word_1_934' title='bbox 1374 5754 1417 5783; x_wconf 74' lang='grc' dir='ltr'><strong>ὀ</strong></span> <span class='ocrx_word' id='word_1_935' title='bbox 1450 5750 1551 5804; x_wconf 83' lang='lat' dir='ltr'><strong>lsa.</strong></span> <span class='ocrx_word' id='word_1_936' title='bbox 1587 5766 1778 5817; x_wconf 68' lang='lat' dir='ltr'><strong>xxmt,</strong></span> <span class='ocrx_word' id='word_1_937' title='bbox 1821 5745 1961 5816; x_wconf 49' lang='lat'><strong>161&#39;!</strong></span> 
     </span>
    </p>
   </div>
   <div class='ocr_carea' id='block_1_116' title="bbox 2065 5745 2328 5820">
    <p class='ocr_par' dir='ltr' id='par_1_116' title="bbox 2065 5754 2328 5815">
     <span class='ocr_line' id='line_1_116' title="bbox 2065 5754 2328 5815; baseline 0.011 -11"><span class='ocrx_word' id='word_1_938' title='bbox 2065 5763 2142 5805; x_wconf 67' lang='grc' dir='ltr'>ιιι.</span> <span class='ocrx_word' id='word_1_939' title='bbox 2189 5769 2247 5815; x_wconf 76' lang='lat' dir='ltr'><strong>II,</strong></span> <span class='ocrx_word' id='word_1_940' title='bbox 2278 5754 2328 5807; x_wconf 73' lang='lat' dir='ltr'><strong>li.</strong></span> 
     </span>
    </p>
   </div>
   <div class='ocr_carea' id='block_1_117' title="bbox 2422 5745 3535 5820">
    <p class='ocr_par' dir='ltr' id='par_1_117' title="bbox 2422 5745 3535 5820">
     <span class='ocr_line' id='line_1_117' title="bbox 2422 5745 3535 5820; baseline -0.008 -14"><span class='ocrx_word' id='word_1_941' title='bbox 2422 5755 2460 5784; x_wconf 73' lang='grc' dir='ltr'><strong>ν’</strong></span> <span class='ocrx_word' id='word_1_942' title='bbox 2498 5753 2515 5806; x_wconf 89' lang='grc' dir='ltr'><strong>ι</strong></span> <span class='ocrx_word' id='word_1_943' title='bbox 2548 5752 2678 5820; x_wconf 65' lang='lat' dir='ltr'><strong>Reg.</strong></span> <span class='ocrx_word' id='word_1_944' title='bbox 2726 5768 2782 5814; x_wconf 86' lang='lat' dir='ltr'><strong>ll,</strong></span> <span class='ocrx_word' id='word_1_945' title='bbox 2952 5752 2992 5782; x_wconf 86' lang='lat'><strong>&quot;</strong></span> <span class='ocrx_word' id='word_1_946' title='bbox 3025 5748 3188 5802; x_wconf 80' lang='lat' dir='ltr'><strong>Ilebr.</strong></span> <span class='ocrx_word' id='word_1_947' title='bbox 3223 5761 3294 5811; x_wconf 85' lang='lat' dir='ltr'><strong>tv,</strong></span> <span class='ocrx_word' id='word_1_948' title='bbox 3330 5747 3412 5808; x_wconf 70' lang='lat' dir='ltr'><strong>l2,</strong></span> <span class='ocrx_word' id='word_1_949' title='bbox 3452 5745 3535 5798; x_wconf 74' lang='grc'><strong>15.</strong></span> 
     </span>
    </p>
   </div>
  </div>
