4072 6370
364 361 439 418 ss
1174 329 1722 414 cduuw‘rtntus
1762 349 1827 406 IN
1869 345 2269 406 ZACHARIAM
2311 339 2748 403 PROPHETAM.
3544 333 3611 389 ει

363 474 610 543 κριτικδς
656 475 1024 547 ἐνθυμήσεων,
1059 476 1149 527 καὶ
1182 474 1399 527 ὲννοιῶν
1435 471 1681 544 καρδίας,
1717 469 1810 525 καὶ
1850 469 1951 522 οὐκ
1988 467 2103 521 ἐστι
2168 465 2344 530 κτίσις
2375 462 2584 533 ἀφανὴς
2624 459 2851 514 ἐνώπιον
2897 455 3085 511 αὑτοῦ.
3119 453 3305 509 Πάντα
3337 452 3394 506 δὲ
3427 448 3611 522 γυμνά

364 565 459 620 καὶ
491 568 956 640 τετραχηλισμένα
980 570 1088 630 τοῖς
1111 565 1410 636 ὀφθαλμοῖς
1441 562 1626 629 αὑτοῦ,
1649 580 1667 614 ›
1706 561 1848 615 κατὰ
1874 559 1935 614 τὸ
1969 557 2376 630 γεγραμμένον.

448 639 604 717 Ἰδοὺ
629 662 746 732 ira)
773 661 965 729 όρύξω
1000 659 1434 730 βόθρον,τ”λέγει
1465 659 1681 728 Κύριος
1724 669 1942 711 παντο-

2112 654 2245 710 Ecce
2260 670 2352 725 ego
2374 653 2571 724 fodiam
2598 649 2821 718 foveam,
2839 645 2966 699 dicit
2992 642 3247 698 Dominus
3265 639 3609 708 omnipotens,

364 753 616 822 κρὰτωρ,
651 752 752 807 καὶ
792 752 1140 823 ψηλαφήσω
1168 749 1375 807 πᾶσαν
1415 749 1531 819 τὴν
1561 748 1802 804 ἀδικίαν
1831 745 1943 816 τῆς

374 846 480 915 τῆς
504 846 743 913 ἐκείνης
773 846 843 899 ἐν
878 845 1065 915 ἡμέρᾳ
1089 840 1217 914 μιᾷ.
1475 834 1487 848 ’

361 928 375 984 ι
438 935 569 991 KA'.
614 936 853 1001 Ἐδειξεν
884 936 1052 999 ὅντως
1101 935 1195 988 καὶ
1251 934 1366 1004 φῶς
1413 933 1508 986 καὶ
1558 929 1821 1000 ἀνατολὴν
1854 928 1944 982 τὸν

368 1029 573 1099 Κύριον
599 1028 754 1099 ήμῶν
782 1027 990 1100 Ἰησοῦν
1016 1028 1269 1101 Χριστὸν,
1300 1028 1396 1081 καὶ
1421 1025 1502 1080 ὅτι
1530 1027 1641 1087 τοῖς
1679 1025 1737 1077 ὲν
1766 1022 1946 1076 σκότει

368 1121 465 1174 καὶ
517 1121 647 1191 σκιᾷ
698 1111 950 1183 θανάτου,
1001 1120 1268 1180 τουτέστι,
1320 1118 1433 1179 τοῖς
1485 1112 1945 1184 πεπλανημένοις,

368 1211 632 1280 ἀνατολῆς
664 1208 941 1280 ἀνέλαμψε
972 1209 1149 1279 δίκην.
1175 1207 1313 1260 Ἀλλ’
1339 1201 1408 1278 ἦν
1430 1206 1748 1274 ἀναγκαῖον,
1771 1202 1862 1257 καὶ
1887 1202 1948 1254 τὸ

371 1303 470 1371 τῆς
510 1301 820 1371 οἰκονομίας
854 1299 1301 1372 προαναφανῆναι
1336 1296 1531 1368 πέρας,
1557 1292 1827 1355 τουτέστι,
1857 1291 1948 1344 τὸν

371 1392 513 1464 ὑπὲρ
532 1391 690 1462 ήμῶν
710 1391 965 1445 ἁπάντων
988 1390 1237 1452 θάνατον,
1255 1389 1315 1443 ὃν
1338 1387 1478 1443 ἑκὼν
1497 1385 1712 1455 ἀνέτλη,
1731 1382 1950 1453 σταυρῷ

373 1484 650 1555 παραδοὺς
673 1483 733 1536 τὸ
763 1483 893 1537 ῐδιον
929 1481 1106 1552 σῶμα.
1136 1480 1221 1550 ἐφ’
1248 1473 1294 1549 ᾧ
1324 1480 1417 1534 καὶ
1451 1478 1511 1532 τὸ
1546 1476 1656 1531 τῶν
1685 1475 1950 1530 Ἰουδαίων

377 1576 815 1647 προσκέκρουκεν
850 1572 1020 1636 ἔθνος,
1044 1575 1135 1627 καὶ
1163 1574 1261 1643 τῆς
1283 1571 1420 1643 πρὸς
1442 1570 1604 1626 αὐτὸν
1622 1567 1952 1638 οἰκειότητος

377 1666 768 1739 ἁποϐέϐληται.
787 1665 1004 1736 Ἐπειδὴ
1054 1665 1164 1737 7&9
1211 1666 1272 1718 οὐ
1323 1664 1574 1727 συνέντες
1618 1665 1667 1717 oi
1710 1661 1950 1724 δείλαιοι,

376 1760 601 1822 εἰκότως
646 1757 953 1813 ἀπώλισθον
1007 1760 1104 1827 τῆς
1157 1755 1393 1819 ἐλπίδος,
1421 1755 1515 1809 καί⁸
1559 1754 1722 1808 κακοὶ
1767 1752 1953 1817 κακῶς

376 1850 712 1914 ἀπολώλασι,
761 1849 960 1913 δειναῖς
991 1850 1087 1902 καὶ
1113 1847 1374 1917 ἀφύκτοις
1418 1846 1695 1909 ὲναλόντες
1747 1861 1955 1915 συμφο-

2044 757 2091 802 et
2124 744 2453 801 contrectabo
2485 758 2683 798 amnem
2712 743 3038 813 iniquitatem
3067 746 3219 789 terra:
3270 731 3414 786 illius
3439 731 3494 783 in
3527 728 3612 780 die

2115 929 2257 987 X-Xl.
2299 929 2551 986 Ostendit.
2595 926 2876 981 Dominum
2927 931 3168 976 nostrum
3218 914 3401 971 Iesum
3450 910 3612 987 Chri-

2046 1033 2187 1079 stum
2213 1037 2338 1076 vere
2376 1029 2430 1074 et
2472 1019 2652 1072 litmen
2707 1024 2764 1070 et
2815 1012 3082 1067 orientem
3114 1022 3254 1068 esse,
3304 1013 3361 1059 et
3403 1016 3526 1057 eum
3560 1001 3614 1055 in

2049 1112 2287 1170 tenebris
2325 1120 2488 1180 atque
2546 1108 2735 1163 umbra
2765 1101 3129 1167 versantibus,
3158 1096 3326 1170 679
3364 1094 3465 1150 hoc
3510 1099 3614 1156 est,

2048 1208 2291 1263 seductis
2323 1214 2377 1260 et
2421 1202 2745 1259 errantibus.
2780 1198 2952 1251 instar
2979 1192 3207 1249 orientis
3254 1187 3530 1245 refulsisse
3545 1186 3612 1237 ”.

2051 1297 2156 1351 Sed
2184 1295 2467 1366 oportebat
2509 1292 2670 1346 etiam
2711 1287 3029 1343 oeconomiae
3060 1295 3280 1351 scopum
3324 1293 3387 1333 ac
3418 1285 3614 1332 metam

2051 1388 2197 1459 prius
2222 1386 2523 1448 declarare,
2555 1385 2655 1437 hoc
2718 1391 2803 1435 est
2834 1385 3084 1443 mortem,
3116 1388 3279 1444 quam
3320 1385 3417 1442 pro
3463 1368 3619 1424 nobis

2051 1476 2302 1533 omnibus
2348 1475 2517 1528 libens
2559 1470 2834 1535 sustinuit,
2865 1481 3095 1536 corpore
3144 1479 3242 1519 suo
3286 1462 3352 1515 ad
3400 1474 3616 1514 crucem

2053 1568 2271 1632 tradito,
2309 1566 2361 1621 in
2396 1581 2502 1635 quo
2532 1574 2588 1619 et
2616 1561 2839 1617 Judaica
2870 1574 3002 1631 gens
3032 1554 3292 1628 peccavit,
3320 1560 3374 1606 et
3409 1551 3477 1605 ab
3504 1548 3620 1617 ejus

2050 1658 2286 1714 amicitia
2318 1656 2539 1726 depulsa
2573 1664 2675 1709 est.
2710 1652 2975 1720 Quoniam
3019 1649 3161 1704 enim
3197 1661 3316 1701 non.
3337 1640 3620 1699 intellexe-

2054 1762 2177 1808 runt
2227 1751 2441 1814 miseri,
2488 1763 2581 1819 spe
2617 1730 2711 1801 sua
2765 1745 2971 1801 merito.
2999 1753 3127 1798 sunt
3162 1739 3358 1803 orbati,
3394 1746 3450 1792 et
3495 1734 3621 1789 mali

2053 1843 2193 1898 male
2222 1842 2517 1911 perierunt,
2577 1838 2856 1892 atrocibus.
2893 1845 2950 1889 et
3004 1828 3436 1889 ineluctabilibus
3474 1827 3622 1882 cala—

381 1944 526 2012 ραῖς·
575 1940 754 2013 βόθρῳ
804 1940 870 2013 δὴ
908 1936 1002 1995 οὖν
1048 1939 1371 2011 παρεικάζει
1418 1939 1511 1992 τὸν
1554 1937 1649 1990 τοῦ
1705 1935 1956 2008 Σωτῆρος

2063 1934 2332 1988 milatihus
2357 1928 2707 1986 circumventi
2730 1928 2801 1981 ’⁸.
2851 1926 2985 1983 Cum
3037 1924 3196 1980 fovea.
3240 1922 3405 1992 igitur
3441 1917 3631 1974 Salva-

380 2004 632 2102 σταυρόν.
662 2004 989 2088 IIIa-md)th
1016 2004 1146 2102 γὰρ
1195 2031 1382 2101 ὥσπερ
1436 2033 1516 2094 είς
1575 2030 1766 2100 βόθρον
1808 2004 1875 2082 ait
1895 2028 1956 2082 τὸ

2063 2026 2188 2079 turis
2222 2038 2438 2078 crucem
2467 2029 2766 2091 comparat.
2797 2016 2928 2072 Nam
2962 2015 3114 2086 quasi
3155 2015 3208 2068 in
3241 2012 3447 2067 foveam
3483 2009 3607 2063 deci.

380 2128 714 2182 Δεσποτικὺν
741 2126 1037 2197 ἐκχέαντες
1066 2120 1227 2195 αἷμα,
1261 2126 1353 2179 καὶ
1380 2122 1597 2195 σταυρῷ
1625 2122 1955 2192 παραδοῦναι

377 2218 747 2289 τολμήσαντες
767 2216 862 2272 τὸν
889 2216 1132 2288 ἀρχηγὸν
1169 2216 1269 2284 τῆς
1288 2213 1455 2285 ζωῆς.
1477 2214 1539 2267 Et
1557 2213 1614 2267 δὲ
1632 2213 1724 2266 καὶ
1754 2212 1913 2276 αὐτὸς
1928 2216 1957 2267 ό

379 2309 566 2381 Πατὴρ
582 2309 672 2362 τόν
696 2307 886 2379 βόθρον
904 2307 1237 2380 όρωρυχέναι
1260 2305 1492 2374 λέγοιτο,
1521 2302 1955 2369 σκανδαλιζέσθω

380 2400 601 2472 μηδείς·
642 2399 891 2453 ἐννοείτω
927 2399 985 2452 δὲ
1021 2398 1241 2470 μᾶλλον,
1276 2397 1352 2460 ὡς
1394 2394 1814 2467 ὲκμεμέστωταί
1839 2411 1956 2458 πως

378 2487 537 2561 (τῆς)
548 2487 856 2560 οίκονομίας
870 2490 899 2541 ό
911 2487 1319 2558 λόγος.”ομοιον
1336 2484 1444 2556 7&9
1460 2484 1617 2538 τοῦτό
1636 2486 1753 2538 ἐστι
1771 2483 1849 2555 τῷ
1868 2483 1957 2537 διὰ

380 2579 613 2652 Χριστοῦ
637 2579 816 2649 σοφῶς
835 2596 896 2633 τε
920 2580 1014 2633 καὶ
1036 2578 1283 2651 ἀτρεκῶς
1306 2576 1601 2649 εἰρημένῳ·
1628 2596 1646 2629 ι
1666 2576 1759 2638 Ei;
1780 2578 1959 2648 κρῖμα

381 2671 497 2743 ἐγὼ
516 2675 596 2737 είς
626 2672 718 2727 τὸν
735 2673 940 2744 κόσμον
962 2671 1152 2726 τοῦτον
1175 2666 1363 2743 ἦλθον,
1392 2671 1480 2725 ῖνα
1497 2672 1545 2724 οἱ
1568 2670 1643 2742 μὴ
1669 2669 1956 2740 βλέποντες

381 2765 641 2837 βλέπωσι,
665 2767 762 2820 καὶ
784 2766 835 2819 οί
859 2765 1147 2836 βλέποντες
1168 2763 1359 2834 τυφλοὶ
1383 2763 1668 2833 γένωνται.
1695 2783 1714 2815 ι
1744 2764 1959 2830 Καίτοι,

380 2857 499 2922 πῶς
538 2858 640 2910 οὐκ
683 2856 882 2929 ἀληθὲς
910 2858 1105 2918 είπεῖν,
1133 2854 1210 2918 ὡς
1239 2856 1300 2909 οὐ
1338 2854 1545 2927 ταύτης
1577 2854 1738 2909 ἕνεκα
1782 2871 1959 2923 παρα-

381 2951 575 3020 γέγονε
603 2948 701 3021 τῆς
726 2948 928 3013 αἰτίας,
949 2949 1037 3003 ῖνα
1065 2946 1255 3017 τυφλοὶ
1281 2945 1542 3016 γένωνται
1569 2962 1714 3010 τινες
1735 2984 1751 3010 ,
1787 2944 1905 2999 ἀλλ’
1924 2946 1959 3017 ὴ

381 3039 493 3095 τῶν
529 3043 602 3112 μὴ
628 3039 890 3094 νοούντων
910 3037 1182 3110 φαυλότης
1217 3039 1494 3109 μονονουχὶ
1526 3037 1621 3090 καὶ
1638 3034 1958 3107 διαϐέϐληκε

383 3134 482 3201 τῆς
529 3133 760 3205 ἀρίστης
799 3132 1108 3203 οἰκονομίας
1133 3131 1224 3184 τδν
1265 3129 1499 3200 τρόπον;
1532 3128 1607 3181 Οὐ
1636 3127 1745 3199 γὰρ
1771 3127 1961 3198 ἧθελον

387 3224 627 3294 βλέπειν,
658 3222 835 3276 καίτοι
868 3222 1028 3294 μετὸν
1056 3224 1239 3286 αὐτοῖς
1274 3221 1368 3276 τοῦ
1399 3220 1543 3275 θείου
1575 3220 1771 3292 φωτός.
1805 3219 1969 3275 Οὕτω

386 3315 617 3371 κάνθάδε
657 3315 895 3386 νοήσεις.
930 3313 1197 3384 Πέπομφε
1230 3313 1329 3384 μὲν
1366 3312 1477 3385 γὰρ
1507 3313 1599 3366 τὸν
1632 3312 1759 3367 Υίὸν
1784 3315 1816 3367 ό
1844 3312 1965 3367 Πα-

385 3407 509 3478 τὴρ,
554 3425 572 3458 ι
607 3407 673 3459 ἶν’
698 3409 726 3461 ό
753 3407 956 3478 κόσμος
991 3404 1136 3476 σωθῇ
1168 3404 1237 3458 δι’
1267 3403 1433 3458 αὐτοῦ
1455 3421 1469 3434 ο
1504 3424 1524 3458 ι
1556 3404 1643 3460 διὰ
1669 3404 1725 3461 δὲ
1747 3404 1855 3459 τῶν
1887 3405 1964 3477 μὴ

389 3497 676 3551 συνιέντων
730 3496 1012 3563 ἀπόνοιαν,
1043 3496 1234 3566 γέγονε
1277 3496 1470 3569 βόθρος
1512 3497 1608 3551 καὶ
1655 3497 1808 3567 πάγη
1852 3478 1977 3561 τοῖς

390 3589 764 3661 σταυρώσασιν
816 3592 847 3644 ό
900 3588 1328 3661 ἀπεσταλμένος.
1355 3588 1686 3659 Νενόμισται
1721 3588 1779 3642 δὲ
1821 3589 1967 3659 τάχα

390 3698 493 3735 που
521 3682 614 3736 καὶ
635 3680 825 3752 ὀρύξαι
855 3679 946 3735 τὸν
981 3680 1171 3753 βόθρον
1200 3683 1229 3736 ό
1256 3678 1581 3750 πεπομφώς.
1617 3697 1638 3732 ι
1673 3677 1881 3750 Ὀρύξω
1901 3677 1974 3751 δὴ

387 3769 481 3827 οὖν
528 3774 622 3827 τὸν
671 3772 881 3843 βόθρον,
930 3773 1085 3845 φησὶ,
1130 3773 1225 3827 καὶ
1269 3771 1576 3844 ψηλαφήσω
1634 3772 1816 3829 πᾶσαν
1867 3770 1966 3842 τὴν

390 3863 600 3919 ἀδικίαν
628 3864 725 3955 τῆς
752 3863 856 3935 γῆς
882 3863 1096 3955 ἐκείνης
1132 3865 1191 3916 ὲν
1217 3863 1407 3936 ἡμέρᾳ.
1437 3863 1556 3938 μιᾷ.
1580 3881 1600 3914 ι
1632 3862 1708 3916 Τὸ
1734 3862 1812 3929 δὲ,
1842 3862 1965 3934 Ψη-

391 3953 833 4027 λαφησιυ,“φησῖν
856 3954 977 4008 ἀντὶ
1008 3953 1126 4021 τοῦ,
1151 3956 1383 4026 Ζητήσω
1406 3955 1501 4009 καὶ
1532 3954 1975 4027 περιεργάσομαιη

390 4046 623 4110 λεπτῶς.
642 4046 996 4102 Ἀπεκτόνασι
1026 4047 1127 4119 μὲν
1153 4045 1272 4118 γὰρ
1286 4047 1415 4111 τοὺς
1465 4045 1655 4115 ἁγίους
1685 4046 1969 4117 προφήτας

392 4141 486 4194 καὶ
527 4139 655 4203 τοὺς
699 4141 847 4193 κατά
873 4140 1100 4212 καιροὺς
1133 4137 1578 4208 ἀπεσταλμένους
1602 4138 1837 4202 οἰκέτας.
1858 4136 1968 4203 Οὓς

394 4230 493 4300 μὲν
532 4228 642 4298 γὰρ
686 4227 935 4299 ὕϐρισαν,
968 4226 1063 4292 οὓς
1094 4228 1153 4282 δὲ
1196 4227 1598 4301 ἐλιθοϐόλησαν,
1632 4226 1725 4292 οὓς
1761 4228 1827 4282 δὲ’
1861 4229 1967 4286 ἀπ-

393 4321 658 4375 έκτειναν.
677 4319 816 4373 Ἀλλ’
846 4315 916 4390 ἦν
961 4314 1278 4386 (imaginario;
1321 4317 1402 4372 ἔτι
1447 4318 1598 4384 Θεόςο
1623 4320 1830 4374 οἰκέται
1857 4320 1968 4393 7&9

392 4404 531 4481 ἦσαν
564 4410 659 4463 καὶ
690 4409 968 4480 ὁμόδουλοι
1018 4411 1131 4472 τοῖς
1161 4408 1520 4465 ἀπεκτονόσιν
1542 4409 1590 4462 οἱ
1616 4391 1972 4475 πεπονθότες..

408 4501 561 4555 Ἐπεὶ
585 4501 642 4555 δὲ
666 4500 941 4572 ἀχαλίνοις
972 4500 1172 4571 ὁρμαῖς
1203 4502 1285 4564 εἰς
1309 4498 1468 4554 τοῦτο
1515 4500 1838 4577 διᾴττοντες,
1873 4502 1969 4557 καὶ

396 4591 529 4646 πολὺ
557 4592 841 4664 βλέποντες
860 4594 940 4656 εἰς
959 4591 1300 4663 ἀνοσιότητα,
1322 4592 1417 4646 καὶ
1431 4593 1512 4656 είς
1539 4592 1700 4647 αὐτὸν
1720 4592 1971 4656 ἐκτόπως

394 4683 830 4753 πεπαρῳνήκασι
858 4681 951 4735 τὸν
983 4680 1129 4747 Υἱὸν,
1158 4680 1252 4736 καὶ
1297 4682 1376 4745 είς
1405 4681 1497 4736 τὸν
1529 4683 1587 4736 ὲν
1625 4681 1703 4752 τῷ
1750 4682 1968 4753 σταυρῷ

395 4771 728 4827 κατώλισθον
772 4770 980 4844 βόθρον,
1011 4773 1111 4826 οὐκ
1154 4773 1366 4842 ἀφῆκεν
1404 4772 1583 4827 αὐτῶν
1618 4754 1987 4848 ἁψηλάφητονλ

394 4863 491 4936 τὴν
533 4863 1108 4937 ἁμαρτίαν.⁵Εζήτησε
1158 4864 1267 4935 γὰρ
1324 4864 1420 4918 καὶ
1466 4868 1676 4929 ποιναῖς
1729 4865 1970 4936 ὑπέθηκε

395 4957 519 5021 τοὺς
547 4955 919 5026 ἠσεϐηκότας,
940 4955 1160 5026 ἀπάσης
1184 4956 1284 5025 τῆς
1315 4955 1586 5010 Ἰουδαίων
1613 4957 1714 5028 γῆς
1746 4955 1968 5025 καθορί-

396 5047 502 5114 ζων
527 5049 617 5103 τὸν
643 5048 862 5121 ὄλεθρον
896 5050 954 5102 ἐν
985 5047 1169 5120 ἡμέρᾳ
1194 5048 1311 5118 μιᾷ,
1334 5048 1456 5101 καθ’
1478 5048 1544 5119 ἢν
1573 5047 1779 5117 ἔφασαν
1803 5065 1970 5118 προσ-

396 5140 616 5210 ἀγοντες
640 5140 801 5193 αὐτὸν
828 5138 906 5213 τῷ
931 5139 1146 5210 Πιλάτῳ
1167 5156 1180 5170 ·
1209 5160 1226 5191 ι
1252 5141 1326 5193 Τὸ
1345 5137 1481 5211 αἷμα
1508 5140 1672 5194 αὑτοῦ
1695 5140 1781 5210 ἐφ’
1826 5141 1973 5211 ἡμᾶς

400 5235 489 5285 καὶ
515 5233 607 5286 ἐπὶ
635 5231 705 5285 τά
731 5232 897 5286 τέκνα
928 5232 1105 5304 ἡμῶν.
1140 5253 1159 5286 ι
1194 5233 1257 5286 Εἰ
1279 5234 1387 5305 7&9
1416 5234 1509 5287 καὶ
1544 5233 1618 5304 μὴ
1661 5231 1972 5303 συμϐέϐηκε

398 5325 736 5395 παραχρῆμα
758 5326 825 5379 τὰ
847 5328 911 5380 ἐκ
934 5326 1083 5391 θείας
1103 5327 1271 5399 ὀργῆς
1294 5367 1307 5390 ,
1334 5329 1384 5381 εί
1410 5325 1486 5398 μὴ
1511 5324 1800 5396 ἑζήτηνται
1818 5325 1972 5388 δίκας

288 5464 291 5469 .
400 5416 741 5487 ὑπερθέσεως
764 5432 779 5448 ο
805 5417 929 5489 δίχα
952 5418 1068 5474 ἀλλ’
1093 5415 1232 5489 οὖνὴ
1261 5419 1411 5490 παρά
1432 5416 1564 5471 Θεοῦ
1589 5416 1773 5470 δικαία
1792 5415 1970 5487 ψῆφος

400 5505 618 5574 γέγονεν
648 5506 735 5559 ἐπ’
770 5506 974 5573 αὐτοῖς,
1002 5508 1243 5582 ὄλεθρον,
1277 5508 1352 5573 ὡς
1397 5507 1553 5579 ἔφην,
1582 5508 1678 5577 τῆς
1703 5507 1972 5561 Ἰουδαίων

468 5707 516 5737 ’³
554 5706 686 5761 Luc.
711 5722 750 5770 ι,
783 5708 869 5762 78.
945 5709 993 5740 “
1021 5710 1209 5769 Matth.
1245 5727 1355 5776 XXI,
1393 5710 1479 5767 Μ.
1559 5712 1601 5745 ’⁸
1636 5712 1752 5766 Act.
1786 5724 1869 5775 Ill,
1911 5707 1995 5764 15.

402 5779 446 5808 ’³
479 5776 672 5832 Matth.
706 5794 874 5845 uvu,
902 5780 990 5834 ‘25.

2058 2116 2270 2179 derunt,
2330 2114 2420 2184 qui
2468 2112 2811 2167 Dominicum
2875 2107 3113 2163 eﬂ‘udere
3171 2102 3509 2173 sanguinem,
3572 2108 3629 2152 et

2057 2215 2330 2261 auctorem
2380 2204 2503 2258 vita:
2531 2204 2679 2258 cruci
2725 2195 3101 2255 aﬂixerunt”.
3131 2192 3285 2261 Quod
3337 2191 3381 2246 si
3413 2200 3468 2245 et
3513 2189 3629 2257 ipse

2058 2299 2219 2354 Pater
2254 2298 2454 2352 fodisse
2478 2297 2688 2350 foveam
2720 2292 2937 2355 dicitur,
2973 2303 3133 2345 nemo
3160 2283 3463 2341 oﬂendatur
3493 2297 3506 2334 :
3534 2280 3626 2335 sed

2058 2391 2186 2446 illud
2220 2389 2422 2459 cogitet
2466 2387 2669 2456 potius,
2707 2398 2868 2456 quam
2898 2381 3089 2453 plenus
3120 2379 3192 2433 sit
3233 2389 3411 2433 sermo
3437 2373 3630 2429 divinae

2058 2481 2406 2553 providentia:
2464 2493 2528 2532 ac
2597 2472 3043 2548 dispensationis.
3098 2467 3287 2524 Simile
3336 2465 3481 2521 enim
3529 2462 3631 2516 huc

2058 2583 2141 2631 est
2178 2573 2255 2627 illi
2308 2572 2451 2643 quod
2484 2585 2584 2641 per
2614 2569 2892 2625 Christum
2932 2564 3204 2635 sapienter
3256 2574 3321 2613 ac
3368 2570 3495 2611 vere
3550 2552 3631 2607 die

2059 2677 2204 2721 ctum
2236 2674 2321 2721 est
2351 2688 2362 2721 :
2392 2681 2412 2716 ι
2444 2662 2499 2718 in
2519 2662 2779 2734 judicium
2811 2674 2913 2732 ego
2942 2658 2998 2713 in
3035 2657 3177 2711 hunc
3204 2650 3461 2706 mundum
3485 2645 3631 2707 veni.

2060 2760 2222 2830 utqui
2247 2773 2352 2813 non
2376 2756 2584 2822 vident,
2610 2753 2847 2820 videant,
2874 2760 2929 2807 et
2952 2748 3192 2804 videntes
3216 2743 3342 2800 caeci
3375 2738 3578 2794 iisut“.
3606 2757 3627 2789 s

2060 2851 2381 2920 Quanquam
2444 2862 2568 2904 vere
2613 2846 2717 2902 dici
2776 2851 2981 2915 potest,
3032 2841 3212 2911 ipsum
3261 2851 3368 2891 non
3414 2841 3636 2902 pr0pter

2063 2945 2205 2999 hanc
2225 2953 2442 2998 causam
2470 2937 2752 2994 advenisse
2801 2944 2861 2990 ut
2889 2932 3110 3005 quidam
3133 2929 3273 2987 caeci
3295 2927 3504 2991 ﬂerent,
3540 2922 3640 2976 sed

2065 3049 2173 3088 non
2200 3030 2614 3101 inteiligentium
2640 3026 2884 3101 nequitia
2915 3032 3135 3082 tantum.
3153 3036 3260 3076 non
3300 3018 3463 3073 etiam
3492 3030 3637 3071 irco-

2064 3125 2259 3180 uomiaz
2317 3120 2534 3177 modum
2588 3116 2875 3173 criminata
2933 3123 3051 3171 est.
3091 3111 3207 3167 Non
3258 3107 3404 3164 enim
3450 3106 3637 3158 videre

2064 3212 2381 3277 voluerunt,
2428 3208 2642 3264 tametsi
2685 3206 2882 3265 divinae
2926 3202 3065 3259 lucis
3113 3200 3265 3272 copia
3313 3196 3419 3253 illis
3459 3197 3633 3251 ﬁeret.

2064 3303 2207 3359 Idem
2232 3309 2286 3357 et
2311 3300 2399 3356 hic
2427 3297 2694 3370 intellige.
2728 3293 3045 3351 Misitenim
3070 3291 3265 3346 Filium
3294 3287 3481 3352 Pater,
3516 3303 3535 3336 ι
3564 3283 3640 3340 Ut

2068 3393 2301 3449 mundus
2335 3390 2639 3449 salvaretur
2678 3403 2777 3458 per
2825 3387 3001 3456 ipsum
3022 3383 3091 3438 ⁸⁷.
3121 3403 3141 3437 ι
3177 3381 3410 3451 Propter
3449 3391 3638 3432 vecor-

2067 3484 2216 3539 diam
2239 3491 2422 3537 autem
2458 3493 2565 3535 non
2593 3476 3006 3547 intelligentiam
3065 3471 3157 3544 qui
3188 3471 3388 3526 missus
3414 3478 3520 3534 est,
3554 3464 3636 3521 fo-

2066 3589 2166 3630 vea
2212 3582 2267 3629 et
2310 3572 2537 3645 laqueus
2570 3567 2986 3625 cruciﬂxoribus
3030 3565 3145 3621 suis
3189 3561 3511 3620 factusest.
3559 3558 3639 3612 Ac

2068 3668 2300 3723 fortasse
2327 3665 2499 3720 etiam
2527 3662 2739 3718 foveam
2772 3658 2971 3715 fodisse
2996 3652 3384 3712 existimandus
3413 3660 3497 3708 est
3525 3651 3642 3719 ipse

2067 3759 2159 3830 qui
2192 3757 2363 3813 misit.
2386 3755 2494 3810 ‘Ait
2528 3754 2695 3825 igitur
2727 3770 2741 3807 :
2775 3770 2794 3803 ι
2823 3749 3048 3806 Fodiam
3080 3748 3324 3815 foveam,
3346 3753 3401 3801 et
3428 3752 3644 3800 contre-

2069 3851 2230 3907 ctaho
2265 3861 2480 3904 onmem
2514 3844 2856 3923 iniquitatem
2889 3850 3049 3923 terra:
3078 3839 3222 3895 illius
3249 3838 3305 3894 in
3342 3836 3430 3893 die
3456 3848 3582 3890 una.
3615 3853 3639 3888 ι

2068 3938 2455 4002 Contrectabo,
2480 3918 2678 4006 inquit,
2698 3948 2817 4006 pro,
2839 3918 3098 4005 quaram,
3129 3939 3182 3986 et
3203 3926 3532 3985 adamussim
3562 3926 3646 3979 in-

2069 4033 2300 4105 dagabo.
2355 4029 2656 4103 Prophetas
2702 4027 2849 4081 enim
2913 4032 3131 4080 sanctos
3185 4032 3240 4077 et
3285 4021 3483 4076 missos
3529 4019 3643 4073 suis

2067 4140 2312 4202 quosque
2341 4122 2897 4194 tempuribusservos
2923 4117 3265 4174 occiderunt.
3299 4111 3450 4168 Alios
3496 4111 3639 4167 enim

2066 4200 2397 4278 contumelia
2442 4211 2761 4280 affecerunt,
2804 4209 2940 4267 alios
2964 4207 3292 4280 lapidarunt,
3326 4203 3463 4258 alios
3487 4200 3645 4271 jugu-

2066 4310 2253 4366 larunt
2274 4308 2343 4361 ³⁸.
2360 4305 2560 4362 Verum
2589 4302 2928 4359 tolerantiam
2954 4299 3130 4354 adhuc
3152 4295 3442 4352 adhibebat
3466 4292 3641 4347 Deus:

2069 4401 2215 4460 servi
2254 4400 2399 4456 enim
2448 4404 2608 4454 erant
2663 4402 2719 4451 et
2764 4391 3013 4450 conservi
3069 4387 3507 4445 interﬁcientium
3550 4384 3642 4455 qui

2070 4496 2187 4552 haec
2223 4491 2593 4563 patiebantur.
2633 4484 2899 4553 Quoniam
2933 4496 3064 4539 vero
3107 4479 3367 4535 eﬂ‘renata
3415 4477 3643 4532 audacia

2069 4601 2136 4643 eo
2161 4583 2550 4656 prosiluerunt,
2576 4588 2633 4635 et
2660 4586 2865 4634 tantam
2894 4574 3227 4645 impietatem
3259 4571 3645 4629 consciverunt

2074 4687 2135 4735 ut
2169 4678 2223 4733 in
2266 4677 2443 4748 ipsum
2497 4672 2693 4728 Filium
2743 4669 3004 4724 atrociter
3044 4666 3537 4728 debaccharentur,
3589 4669 3646 4717 et

2077 4772 2132 4826 in
2166 4768 2376 4825 foveam
2416 4763 2601 4821 crucis
2641 4761 2777 4831 lapsi
2824 4768 2972 4826 sunt,
3003 4767 3285 4829 peccatum
3332 4770 3521 4812 eorum
3560 4752 3647 4808 in-

2077 4868 2486 4919 contrectatum.
2508 4870 2619 4914 non
2642 4850 2960 4924 praeterivit.
2993 4848 3253 4921 Quaesivit
3276 4847 3501 4903 enimet
3526 4856 3644 4915 ρωε

2077 4955 2163 5010 nis
2199 4950 2431 5021 subjecit
2456 4949 2673 5019 impios,
2706 4946 2803 5003 toti
2834 4944 3143 5001 Iudaeorum
3181 4939 3391 5013 regioni
3436 4946 3644 5009 pestem

2076 5057 2131 5104 et
2157 5046 2377 5101 exitium
2407 5043 2706 5099 decernens
2732 5039 2821 5095 die
2849 5053 2952 5093 una
2984 5051 3091 5106 qua
3119 5027 3649 5095 clamabant,Pi|ato

2082 5154 2206 5193 eum
2236 5136 2522 5193 offerentes
2553 5151 2566 5186 :
2597 5152 2616 5184 ι
2648 5130 2880 5202 Sanguis
2915 5129 3033 5197 ejus
3063 5140 3227 5195 super
3269 5137 3368 5178 uos
3396 5129 3450 5175 et
3484 5134 3649 5188 super

2082 5225 2554 5283 ﬁliosnostros".
2588 5241 2609 5276 ι
2645 5222 2755 5277 Etsi
2785 5220 2928 5276 enim
2965 5233 3070 5272 uou
3117 5214 3298 5270 statim
3332 5213 3467 5266 iram
3509 5209 3647 5265 divi-

2080 5335 2202 5375 nam
2260 5317 2578 5388 supplicium
2625 5324 2709 5370 est
2759 5320 3173 5372 consecutum,.
3203 5304 3305 5359 etsi
3361 5317 3468 5357 non
3512 5301 3646 5355 citra

2074 5409 2619 5492 procrastinationem
2651 5418 2824 5475 patum
2849 5409 2976 5457 sunt
3006 5396 3277 5467 expetitae,
3304 5406 3482 5449 tamen
3502 5391 3646 5462 justa

2082 5483 2173 5559 Dei
2209 5501 2378 5574 380
2408 5498 2673 5555 sententia
2706 5496 2758 5551 in
2803 5508 2921 5550 eos.
2948 5490 3053 5545 lata
3106 5498 3354 5557 est,,per
3385 5483 3648 5546 Judmam,

2072 5707 2117 5740 ""
2146 5704 2297 5761 Joau.
2325 5720 2401 5769 Ix,
2435 5703 2523 5759 59.
2594 5697 2639 5731 ’⁷
2669 5696 2824 5752 Joan.
2856 5709 2939 5762 tu,
2976 5693 3060 5748 i7.
3118 5693 3163 5725 “
3188 5689 3379 5747 Matth.
3414 5704 3526 5755 xxi,
3558 5686 3646 5743 35.
