4072 6370
439 238 508 305 55
1460 254 1515 310 S.
1554 256 1834 318 εῑιιιιω
1875 263 2345 325 ΑιεΧΛΝοιιιΝι
2388 269 2707 329 ARCDIEP.
3612 276 3685 339 εδ

438 363 496 412 ut
524 358 846 424 memoravi,
877 359 1065 425 dlﬂ'usa
1093 365 1380 436 pernicies.
1411 367 1596 441 itaque
1636 372 1903 437 abductus
1925 391 1982 435 es

2112 383 2455 455 καταχέουσα
2482 386 2608 458 γῆς.
2621 389 2730 445 Καὶ
2752 387 2880 458 γοῦν
2901 389 3265 462 ἀπεκομίζετο
3291 389 3389 463 μὲν
3408 391 3437 443 ό
3451 391 3683 464 Χριστὸς

436 444 653 514 quidem
695 447 947 507 Christus
991 454 1061 510 ad
1100 470 1341 526 crucem,
1396 465 1747 533 sequentibus
1791 467 2010 529 feminis

436 540 860 611 lamentantibus
904 557 961 604 et
1009 549 1371 621 plorantibus,
1423 560 1489 613 ad
1536 575 1672 630 quas
1713 577 2009 621 conversus

435 631 551 691 ait:
584 651 604 686 ι
633 633 783 697 Filia
823 635 1144 708 Jerusalem,
1186 646 1354 703 nolite
1383 649 1514 706 llere
1553 667 1722 725 super
1766 671 1874 725 me,
1915 658 2008 714 sed

433 734 597 791 super
643 740 741 781 vos
795 730 936 797 ipsas
984 731 1127 801 ﬂete,
1156 746 1213 793 et
1254 753 1420 810 super
1485 742 1624 798 alios
1672 749 1943 802 vestros‘.
1982 768 2002 800 ι

434 810 639 871 Truditi
673 828 801 875 sunt
825 822 975 880 enim
1026 827 1079 885 in
1121 830 1347 887 exilium
1384 842 1440 888 et
1470 835 1692 903 caedem,
1735 846 1789 894 et
1827 842 2007 897 evenit

433 904 540 959 illis
568 910 711 978 quod
750 921 837 967 est
859 916 999 986 apud
1031 916 1226 977 lsaiam
1258 941 1276 979 :
1312 943 1331 977 ι
1365 922 1533 983 Terra
1565 938 1743 989 vestra
1766 932 2004 999 deserta,

433 996 680 1060 civitates
722 1016 917 1065 vestra
948 1025 1225 1071 succensae
1269 1016 1406 1087 igni,
1453 1022 1727 1093 regionem
1770 1035 2003 1083 vestram

430 1102 615 1146 coram
672 1097 827 1152 vobis
872 1099 1035 1158 alieni
1082 1105 1344 1166 devorant
1396 1111 1591 1183 ipsam,
1651 1126 1707 1171 et
1758 1118 2003 1179 desolata

432 1190 538 1245 est,
571 1185 831 1245 subversa
862 1207 891 1245 a
921 1196 1135 1265 populis
1164 1201 1420 1259 alienis’.
1454 1223 1475 1258 ι

506 1271 667 1331 Vitas.
700 1279 785 1336 lO.
827 1280 895 1336 In
929 1285 1017 1342 die
1057 1288 1172 1356 illa,
1217 1292 1342 1347 dicit
1376 1294 1627 1351 Dominus
1656 1300 2002 1370 omnipotens,

430 1380 706 1423 convocate
730 1377 1086 1447 unusquisque
1111 1383 1409 1451 proximum
1439 1403 1591 1441 suum
1626 1390 1805 1445 subter
1830 1393 2002 1459 uitem,

429 1467 476 1508 et
507 1460 684 1513 subter
710 1462 867 1529 ficum
896 1482 1069 1525 suam.

501 1634 664 1691 XXII.
708 1637 861 1698 Malis
897 1646 1147 1703 omnibus
1196 1651 1449 1708 obrutum
1507 1656 1596 1720 iri,
1649 1671 1873 1730 peccato
1918 1678 2001 1717 en-

430 1739 547 1778 rutn
597 1739 952 1799 contrectato,
1004 1739 1094 1806 qui
1127 1743 1281 1809 quasi
1333 1744 1385 1799 in
1431 1727 1997 1820 foveamvdeciderint,
2034 1727 2073 1779 Β

428 1827 647 1890 propter
686 1821 960 1881 Christum
1009 1829 1079 1886 ab
1111 1847 1170 1887 se
1215 1833 1268 1888 in
1316 1852 1533 1894 crucem
1567 1850 1771 1908 actum,
1816 1856 2001 1916 aperte

427 1914 691 1980 praedixit.
722 1914 1080 1978 Credentihus
1110 1934 1290 1981 autem
1326 1938 1383 1983 et
1413 1930 1761 2002 diligentibus
1791 1914 1914 1993 eum
1947 1940 1998 1993 id

426 2017 529 2058 non
572 2005 912 2075 damnosum,
943 2013 1052 2069 imo
1103 2015 1304 2074 laetitiae
1356 2030 1412 2076 et
1431 2022 1686 2092 jucunda;
1718 2027 1997 2095 cujusdam

425 2094 804 2154 delectationis
832 2106 1114 2160 materiam
1139 2108 1376 2165 futurum
1413 2114 1620 2171 utiliter
1643 2094 1994 2184 pmnuntiat.

420 2185 720 2242 Attestatur
753 2192 863 2247 haec
906 2195 1072 2249 etiam
1103 2196 1288 2265 justus
1317 2202 1559 2261 Simeou.
1603 2209 1705 2264 Ubi
1744 2213 1887 2269 enim
1917 2215 2000 2269 di-

420 2277 603 2333 vinum
659 2281 919 2339 infantem
988 2293 1312 2360 conspexit,
1371 2297 1657 2370 ipsumque
1723 2303 1778 2358 in
1842 2307 1998 2363 ulnas

420 2370 648 2439 accepit,
691 2374 771 2428 sic
814 2382 1156 2445 prophetavit
1187 2401 1203 2442 :
1243 2401 1262 2436 t
1294 2385 1432 2443 Ecce
1456 2390 1664 2458 positus
1694 2402 1778 2450 est
1810 2394 1896 2451 hic
1943 2397 1995 2452 in

422 2461 633 2517 ruinam
670 2474 723 2519 et
767 2466 818 2518 iu
863 2474 1320 2530 resurrectionem
1375 2480 1692 2548 multorum,
1725 2493 1779 2540 et
1810 2486 1862 2541 in
1918 2489 1995 2544 si—

417 2567 581 2621 gnum
621 2558 705 2611 cui
752 2561 1215 2621 contradicetur'.
1252 2585 1274 2620 ι
1327 2569 1658 2628 Ceciderunt
1696 2577 1865 2643 enim,
1902 2581 1992 2650 qui

418 2647 735 2711 sanguinem
786 2649 995 2718 justum
1049 2671 1214 2724 super
1262 2663 1441 2733 capita
1497 2681 1595 2721 sua
1658 2647 1993 2738 hauserunt,

419 2735 571 2825 velut
624 2740 877 2810 proiecti,
933 2755 986 2799 et
1020 2745 1296 2817 jaccutes,
1340 2764 1394 2809 et
1436 2759 1670 2825 pedibus
1715 2735 1994 2820 diabolicis

417 2823 678 2884 substrati
712 2848 726 2885 :
757 2835 923 2889 erecti
978 2846 1103 2893 sunt
1149 2841 1240 2909 qui
1294 2859 1360 2899 ex
1413 2823 1661 2916 gentibus
1711 2852 1777 2906 a'd
1833 2853 1989 2910 ﬁdem

417 2933 702 2977 venerunt.
739 2924 806 2979 Et
833 2926 947 2997 ipse
973 2928 1225 2989 Christus
1250 2936 1447 2993 alicubi
1471 2942 1679 2998 sanctis
1705 2943 1991 3015 discipulis

2112 474 2204 529 ἐπὶ
2234 474 2326 529 τὸν
2351 477 2603 549 σταυρὸν,
2635 478 2849 533 εἵποντο
2880 479 2936 533 δὲ
2963 480 3057 534 καὶ
3101 484 3356 552 γυναῖκες
3389 481 3681 554 θρηνοῦσαι

2111 581 2169 618 τε
2199 566 2293 621 καὶ
2309 567 2616 623 κλαίουσαι⁸
2647 565 2763 624 εἶτα
2792 571 2925 643 πρὸς
2947 571 3147 635 ταύτας
3174 572 3410 654 ἔφασκεν
3432 575 3685 644 ἐπιστρα-

2110 658 2261 726 φείς·
2306 678 2325 711 ι
2356 659 2665 732 Θυγατέρες
2697 660 3068 733 Ἰερουσαλὴμ,
3100 663 3174 732 μή
3195 661 3407 716 κλαίετε
3429 662 3514 715 ἐπ’
3537 663 3681 733 ἐμοὶ,

2110 753 2248 826 πλὴν
2276 754 2362 822 ἐφ’
2384 756 2604 817 έαυταϊς
2631 754 2847 808 κλαίετε
2884 756 2977 809 καὶ
2997 755 3089 809 ἐπὶ
3107 758 3218 819 τοῖς
3235 754 3443 820 τέκνοις
3464 752 3636 825 ὑμῶν.
3661 775 3678 808 ι

2109 844 2503 915 Παραδέδονται
2526 844 2637 916 γὰρ
2661 845 2739 907 εἰς
2763 843 2983 916 ὄλεθρον
3039 843 3132 897 καὶ
3159 842 3395 914 σφαγὴν,
3428 841 3524 896 καὶ⁸
3545 858 3680 912 συμ-

2109 934 2342 1006 ϐέϐηκεν
2368 936 2552 1000 αὐτοῖς
2575 935 2646 989 τὰ
2675 935 2764 990 διὰ
2791 936 2975 1006 φωνῆς
3007 934 3229 988 Ἡσαΐου
3252 951 3264 964 ·
3295 955 3314 986 ι
3337 933 3396 986 Ἠ
3424 933 3497 1003 γῆ
3528 932 3682 1004 ὑμῶν

2107 1028 2335 1099 ἔρημος,
2383 1028 2439 1081 αἱ
2494 1026 2678 1091 πόλεις
2728 1026 2883 1099 ὑμῶν
2922 1026 3305 1100 πυρίκαυστοι,
3352 1027 3451 1099 τὴν
3500 1026 3683 1098 χώραν

2108 1120 2261 1190 ὑμῶν
2306 1119 2534 1174 ἐνώπιον
2575 1118 2730 1190 ὑμῶν
2777 1118 3046 1189 ἀλλότριοι
3085 1117 3465 1172 κατεσθίουσιν
3488 1117 3679 1189 αὐτὴν,

2107 1213 2200 1267 καὶ
2225 1213 2517 1283 ἠρήμωται
2544 1210 3002 1282 κατεστραμμένη
3025 1210 3128 1264 ὑπὸ
3148 1209 3293 1263 λαῶν
3315 1209 3625 1281 ἀλλοτρίων.
3654 1230 3674 1262 ι

2188 1306 2286 1358 Ἐν
2353 1303 2428 1373 τῇ
2470 1303 2656 1374 ἡμέρᾳ
2702 1303 2929 1371 ἐκείνῃ,
2979 1304 3142 1373 λέγει
3197 1304 3414 1370 Κύριος
3463 1316 3679 1355 παντο-

2104 1398 2367 1468 κράτωρ,
2416 1396 2857 1470 ,συγκαλέσατε
2924 1396 3180 1461 ἕκαστος
3247 1395 3354 1449 τὸν
3411 1396 3683 1460 πλησίον

2102 1490 2287 1543 αὑτοῦ
2312 1489 2592 1544 ὑποκάτω
2637 1487 2909 1559 ἀμπέλου
2981 1489 3077 1543 καὶ
3158 1486 3432 1542 ὑποκάτω
3477 1485 3678 1553 συκῆς

2102 1579 2307 1635 αὑτοῦ.

2175 1673 2301 1726 ΚΒ⁰.
2336 1674 2458 1726 Ὅτι
2484 1673 2580 1743 μὲν
2604 1674 2661 1725 ὲν
2684 1672 2846 1724 παντὶ
2871 1671 3189 1742 γενήσονται
3223 1667 3397 1739 κακῷ,
3416 1667 3655 1738 ψηλαφω

2107 1763 2273 1836 μένης
2302 1764 2478 1818 αὐτῶν
2504 1762 2605 1833 τῆς
2662 1762 2956 1833 ἁμαρτίας,
2985 1762 3034 1815 οἱ
3078 1759 3326 1830 καθάπερ
3373 1761 3453 1823 εἰς
3486 1758 3679 1830 βόθρον

2102 1858 2577 1929 κατενηνεγμένοι,
2599 1857 2689 1909 διά
2713 1872 2777 1924 γε
2808 1855 2869 1908 τὸ
2915 1853 3226 1925 σταυρῶσαι
3258 1852 3511 1922 Χριστὸν,
3541 1869 3676 1923 προ-

2103 1952 2417 2022 μεμήνυκξν
2446 1948 2710 2022 ἐναργῶς.
2766 1949 2885 2002 Ὀτι
2947 1949 3004 2003 δὲ
3055 1950 3168 2011 τοῖς
3209 1946 3540 2011 πιστεύουσι,
3581 1946 3675 1998 καὶ

2100 2043 2439 2114 ἠγαπηκόσιν
2460 2042 2644 2107 αὐτὸν,
2661 2042 2762 2095 οὐκ
2784 2040 3194 2139 ἀκερδὲς-ἐσται
3215 2037 3275 2091 τὸ
3303 2037 3510 2139 χρῆμα,
3541 2035 3676 2139 μάλα·

2098 2134 2188 2188 λον
2214 2133 2270 2187 δὲ
2301 2137 2395 2188 καὶ
2421 2133 2556 2204 πρὸς
2576 2130 2917 2204 εὐφροσύνης
2951 2131 3044 2185 καὶ
3071 2128 3315 2200 τέρψεων
3340 2128 3679 2197 ἐπιτερπῶν,

2099 2221 2460 2295 προαγορεύει
2487 2222 2792 2293 χρησίμως.
2836 2220 3193 2292 Μαρτυρήσει
3239 2217 3296 2270 δὲ
3338 2215 3547 2279 τούτοις
3579 2217 3675 2269 καὶ

2096 2315 2125 2366 ὁ
2149 2314 2353 2378 δίκαιος
2390 2312 2635 2384 Συμεών.
2670 2313 2799 2366 Ὅτε
2838 2312 2946 2384 γὰρ
2988 2310 3050 2363 τὸ
3087 2309 3228 2363 θεῖον
3258 2307 3511 2362 τεθέαται
3544 2306 3672 2377 βρέ-

2097 2421 2215 2473 φος,
2244 2403 2339 2457 καὶ
2364 2404 2445 2465 εἰς
2473 2400 2717 2470 ἀγκάλας
2740 2400 2978 2466 ἐδέξατο,
3025 2399 3421 2469 προεφήτευσε,
3460 2395 3632 2462 λέγων
3655 2410 3667 2421 ·

2103 2516 2119 2546 ι
2176 2495 2305 2548 Ἰδοὺ
2333 2485 2488 2557 οὗτος
2530 2494 2708 2547 κεῖται
2738 2493 2817 2555 εἰς
2850 2490 3059 2544 πτῶσιν
3085 2491 3177 2543 καὶ
3215 2488 3510 2542 ἀνάστασιν
3544 2486 3673 2538 πολ-

2094 2581 2224 2645 λῶν,
2252 2582 2346 2634 καὶ
2393 2583 2473 2644 εὶς
2522 2582 2746 2651 σημεῖον
2802 2578 3239 2648 ἀντιλεγόμενον.
3276 2596 3294 2627 ι
3342 2574 3669 2630 Πεπτὼκασι

2093 2673 2201 2742 γὰρ
2226 2672 2357 2725 oleo
2381 2672 2587 2725 δίκαιον
2641 2664 2783 2742 αἷμα
2830 2673 2950 2733 ταῖς
2976 2670 3125 2738 σφῶν
3181 2669 3360 2722 αὐτῶν
3409 2666 3670 2735 ὲπαντλή·

2095 2779 2285 2826 σαντες
2318 2760 2604 2830 κεφαλαῖς,
2636 2759 2826 2833 ῶσπερ
2869 2760 3214 2832 ἐρριμμένοι,
3251 2760 3347 2812 καὶ
3382 2759 3622 2829 κείμενοι
3649 2798 3664 2816 .

2092 2852 2185 2904 καὶ
2212 2851 2317 2904 ὑπὸ
2340 2851 2505 2914 πόδας
2557 2849 2713 2914 ὄντες
2756 2849 3114 2914 διαϐολικούς·
3158 2846 3494 2921 ῶρθὼθησαν
3529 2847 3584 2901 δὲ
3617 2848 3669 2900 οἱ

2091 2943 2148 3009 ἐξ
2172 2941 2359 2995 ἐθνῶν.
2396 2943 2506 2994 Καὶ
2533 2941 2694 3005 αὐτὸς
2739 2940 2797 2994 δέ
2850 2958 2953 2995 που
3002 2941 3258 3011 Χριστὸς,
3293 2937 3673 3011 προανεφὼνειν

416 3019 642 3066 mortem
692 3014 745 3070 in
792 3033 956 3076 cruce
997 3021 1100 3079 sibi
1136 3025 1507 3083 sustinendum
1541 3032 1805 3099 praedicit.
1842 3014 1987 3101 Quos

416 3108 470 3126 In.
498 3100 679 3126 Ι-ῗριΑ-
711 3103 840 3126 ..2.Ιέι
905 3124 915 3126 μ
936 3124 948 3126 -
1069 3111 1080 3126 I
1260 3115 1272 3126 ι
1297 3116 1328 3126 ι.
1355 3117 1386 3126 ..
1551 3119 1601 3126 --
1644 3121 1676 3126 --

2094 3033 2192 3103 μὲν
2220 3036 2331 3099 τοῖς
2354 3033 2528 3100 ἁγίοις
2559 3032 2828 3104 μαθηταῖς
2866 3032 2926 3087 τὸ
2975 3032 3080 3126 ἐπὶ-
3098 3031 3177 3102 τῷ
3203 3030 3419 3126 σταυρῷ
3459 3029 3627 3093 πάθος
3650 3046 3663 3058 ·

414 3108 473 3153 ιιι
498 3100 681 3158 tristes
711 3103 869 3173 vidit,
894 3111 1185 3169 consolans
1208 3115 1414 3172 addidit
1445 3133 1461 3172 :
1497 3138 1515 3171 ι
1551 3119 1743 3178 Mulier
1768 3100 1987 3195 quando

2090 3100 2276 3196 έπειδὴ
2309 3126 2363 3178 δὲ
2410 3100 2704 3193 γεγονότας
2743 3124 2802 3176 ὲν
2847 3100 3171 3194 κατήφειαις
3220 3100 3491 3183 τεθέαται,
3527 3137 3666 3191 παρ-

413 3190 577 3258 parit,
616 3195 893 3252 tristitiam
927 3200 1114 3268 habet,
1148 3203 1273 3273 quia
1306 3209 1455 3262 venit
1495 3210 1624 3264 hora
1657 3190 1803 3280 ejus:
1828 3215 1986 3271 Post-

413 3294 575 3346 quam
607 3294 790 3338 autem
822 3290 1052 3357 peperit,
1077 3292 1273 3361 gaudio
1298 3294 1515 3363 gaudet,
1550 3299 1673 3368 quia
1716 3310 1880 3357 natus
1902 3314 1986 3358 est

414 3369 576 3425 homo
608 3373 659 3427 in
699 3377 977 3434 mundum.
1026 3379 1093 3434 Et
1132 3398 1229 3438 vos
1278 3400 1420 3442 nunc
1452 3388 1672 3457 quidem
1707 3393 1983 3452 tristitiam

414 3462 648 3531 habetis,
685 3466 878 3522 iterum
909 3481 1089 3527 autem
1114 3475 1367 3533 videbitis
1400 3494 1506 3545 me,
1533 3490 1588 3535 et
1615 3483 1869 3553 gaudebit
1892 3502 1987 3543 cur

411 3563 647 3611 vestrum
671 3560 713 3612 ⁸.
746 3577 765 3615 ι
821 3559 914 3617 Sic
943 3572 1000 3618 et
1045 3566 1312 3623 excitatus
1347 3585 1377 3625 a
1434 3576 1661 3628 mortuis
1694 3574 1883 3634 ﬂentes
1928 3580 1983 3637 in

409 3648 571 3712 horto
610 3651 866 3708 mulieres
909 3656 1199 3713 salutando
1228 3660 1498 3720 allocutus
1534 3675 1619 3721 est
1640 3666 1681 3720 ⁸.
1719 3687 1738 3720 ι
1770 3669 1983 3741 Conve-

411 3739 491 3793 nit
523 3756 687 3811 porro
720 3745 884 3800 etiam
914 3749 1210 3818 quemlibet
1255 3767 1377 3811 eum
1425 3756 1766 3829 diligentium
1814 3739 1981 3834 super

406 3846 572 3887 cruce
600 3844 656 3890 et
695 3839 1095 3895 resurrectione
1134 3842 1340 3909 dicere,
1399 3863 1419 3898 ι
1459 3845 1786 3908 Convertisti
1829 3854 1982 3926 plan-

403 3930 552 3977 ctum
590 3939 769 3981 meum
802 3927 855 3982 in
902 3932 1156 4000 gaudium
1188 3935 1358 4003 mihi;
1401 3940 1719 3999 ronscidisti
1758 3957 1977 4002 saccum

404 4028 604 4080 meum,
656 4026 715 4072 et
757 4018 1166 4079 circumdedisti
1220 4043 1304 4083 me
1351 4028 1536 4085 laetitia
1560 4031 1601 4087 ⁸.
1638 4050 1660 4082 ι
1698 4033 1981 4101 Quomodo

401 4103 548 4159 enim
601 4121 706 4161 non
761 4111 987 4166 evanuit
1037 4112 1232 4183 luctus,
1281 4128 1338 4175 et
1379 4119 1573 4176 ablata
1621 4133 1747 4178 sunt
1791 4140 1979 4183 omnes

402 4194 656 4269 lacrymte
704 4200 775 4254 ab
822 4202 969 4257 omni
1004 4203 1163 4270 facie,
1204 4217 1264 4263 ut
1289 4208 1418 4266 dicit
1453 4213 1714 4283 propheta
1737 4215 1785 4282 ",
1813 4216 1977 4273 Chri-

403 4294 488 4342 sto
523 4287 575 4342 in
607 4290 773 4345 vitam
822 4305 1095 4365 revocato,
1124 4298 1291 4371 681
1316 4312 1371 4356 et
1411 4301 1641 4374 imperio
1690 4310 1881 4365 mortis
1911 4311 1980 4367 ab

2088 3216 2273 3271 εκάλει
2301 3217 2494 3284 λέγων’
2535 3237 2553 3267 ι
2575 3217 2639 3268 'H
2667 3216 2803 3285 γυνὴ
2845 3217 2974 3269 ὅταν
3007 3216 3188 3287 τίκτῃ,
3222 3214 3399 3283 λύπην
3428 3212 3558 3284 ἔχει,
3582 3213 3664 3265 ὅτι

2086 3303 2248 3379 ἦλθεν
2300 3310 2333 3379 ή
2388 3308 2507 3379 ὥρα
2534 3307 2723 3377 αὐτῆς.
2753 3306 2921 3360 Ὅταν
2947 3307 3003 3360 δὲ
3032 3306 3188 3378 τέκῃ,
3246 3305 3392 3376 χαρᾷ
3444 3303 3658 3373 χαίρει.

2085 3403 2167 3455 ὅτι
2194 3402 2454 3475 ἐγεννήθη
2480 3401 2765 3472 ἄνθρωπος
2792 3402 2872 3464 εἰς
2910 3400 3001 3454 τὸν
3066 3398 3290 3469 κόσμον.
3357 3397 3466 3451 Καὶ
3504 3398 3663 3465 ὑμεῖς

2086 3493 2181 3547 νῦν
2228 3495 2327 3565 μὲν
2374 3493 2551 3565 λύπην
2588 3491 2760 3562 ἔχετε,
2818 3489 3044 3563 ὓστερον
3071 3491 3129 3545 δὲ
3193 3489 3388 3560 ὖψεσθέ
3436 3504 3525 3558 με,
3569 3488 3664 3540 καὶ

2085 3587 2382 3659 χαρήσεται
2404 3585 2558 3656 ὑμῶν
2607 3587 2640 3656 ή
2665 3585 2878 3657 καρδία.
2912 3605 2929 3636 ι
2987 3582 3143 3638 Οὕτω
3172 3582 3267 3636 καὶ
3297 3579 3663 3651 ἐγηγερμένος

2086 3680 2153 3732 ἐκ
2185 3677 2416 3751 νεκρῶν,
2456 3680 2577 3742 ταῖς
2619 3680 2675 3730 ἐν
2731 3677 2808 3747 τῷ
2871 3677 3033 3747 κήπῳ
3087 3673 3401 3737 κλαιούσαις
3447 3670 3661 3740 γυναιῇ

2090 3768 2435 3842 προσεφώνει
2459 3770 2539 3836 τὸ,
2573 3770 2827 3841 Χαίρετε.
2864 3767 3073 3842 Πρέποι
3106 3767 3150 3820 δ’
3188 3766 3276 3829 ἂν,
3317 3766 3412 3818 καὶ
3434 3764 3667 3818 ’ἑκαστον-

2084 3859 2192 3913 τῶν
2233 3857 2570 3927 ἀγαπώντων
2611 3857 2774 3913 αὑτὸν
2825 3856 2917 3910 ἐπὶ
2958 3872 3020 3925 γε
3062 3854 3139 3927 τῷ
3196 3852 3415 3926 σταυρῷ
3454 3855 3546 3906 καὶ
3591 3854 3658 3922 τῇ

2082 3949 2375 4003 ἀναστάσει
2403 3949 2603 4018 λέγειν’
2644 3965 2663 4000 ι
2700 3946 3010 4019 Ἔστρεψας
3034 3944 3126 3998 τὸν
3167 3943 3396 3997 κοπετόν
3427 3960 3529 4012 μου
3580 3942 3655 4002 εἰς

2080 4042 2257 4114 χαράν
2274 4041 2419 4112 ἐμοὶ,
2440 4038 2727 4111 διέρῤηξας
2753 4039 2844 4091 τὸν
2874 4037 3076 4091 σάκκον
3115 4053 3242 4105 μου,
3266 4034 3361 4089 καὶ
3395 4032 3658 4105 περιέζω-

2082 4130 2181 4194 σάς
2212 4148 2279 4202 με
2301 4128 2661 4201 εὐφροσύνην.
2697 4147 2715 4180 ι
2777 4126 2902 4188 Πῶς
2955 4125 3062 4196 γὰρ
3082 4126 3189 4181 οὐκ
3213 4124 3419 4195 οἴχεται
3457 4120 3555 4193 μὲν
3593 4125 3659 4175 ἐκ

2081 4222 2257 4276 ποδῶν
2301 4221 2361 4275 τὸ
2418 4219 2656 4282 πενθεῖν,
2700 4216 2979 4290 ἀφῂΜται
3007 4216 3064 4270 δὲ
3110 4218 3218 4271 πᾶν
3269 4217 3503 4286 δάκρυον
3547 4213 3657 4267 ἀπὸ

2080 4313 2394 4384 προσώπου,
2437 4312 2577 4367 κατὰ
2622 4311 2720 4383 τὴν
2748 4310 2840 4363 τοῦ
2877 4311 3154 4381 προφήτου
3186 4308 3653 4382 φωνὴν,·ὲγηγερ-

399 4393 465 4432 eo
491 4378 776 4438 destructo
797 4382 826 4439 ἲ
847 4385 969 4441 Vita
999 4387 1144 4443 enim
1177 4401 1265 4445 est
1296 4401 1492 4450 natura
1515 4410 1611 4451 sua
1636 4397 1680 4464 ⁸,
1716 4406 1971 4471 tanquam

2090 4378 2248 4477 μένου
2278 4404 2537 4477 Χριστοῦ,
2580 4378 2814 4476 καὶ-[τὸ]
2838 4378 2931 4456 του
2985 4378 3215 4456 θανάτου
3255 4378 3654 4460 καταλύσαντος

398 4466 561 4534 Deus.
591 4475 839 4543 quamvis
886 4475 940 4531 in
992 4491 1156 4533 carne
1196 4482 1463 4551 apparuit.
1508 4483 1696 4557 Itaque
1730 4466 1966 4557 dic'illa,

397 4562 495 4628 ait,
525 4564 625 4619 hoc
656 4576 739 4620 est
792 4567 885 4623 illo
927 4581 1168 4639 tempore
1194 4589 1303 4643 quo
1333 4591 1399 4631 ex
1451 4584 1680 4635 mortuis
1711 4583 1967 4640 revixerit

393 4663 450 4708 et
486 4654 779 4712 ceciderint
807 4660 1183 4731 cruciﬁxores,
1219 4681 1239 4717 ι
1268 4681 1564 4727 convocate
1597 4678 1966 4748 unusquisque

396 4747 699 4813 proximum
736 4765 892 4805 suum
922 4753 1110 4812 subter
1141 4758 1306 4817 vitem
1335 4771 1391 4814 et
1425 4762 1636 4818 ficum.»
1666 4766 1745 4821 Ac
1773 4768 1816 4822 si
1842 4747 1965 4839 quis

394 4834 537 4892 volet
568 4840 725 4896 talem
749 4857 965 4899 sensum
997 4847 1294 4917 simplicem
1329 4861 1382 4906 et
1411 4853 1628 4909 obvium
1656 4834 1962 4926 admittere,

393 4941 553 4989 voces
603 4930 700 4987 has
738 4934 1100 5001 spiritualium
1141 4942 1459 5009 gaudiorum
1502 4947 1806 5016 symbolum
1843 4965 1965 5011 esse

393 5017 698 5079 allirmabit.
730 5023 997 5084 Praeterea
1029 5038 1085 5086 et
1110 5030 1237 5086 illud
1284 5049 1392 5089 non
1435 5036 1554 5091 sine
1593 5039 1964 5109 improbabili-

393 5123 501 5167 tate
532 5114 636 5170 dici
669 5132 825 5187 posse
864 5135 1007 5185 reor,
1045 5121 1202 5178 licum
1230 5134 1286 5180 et
1322 5127 1483 5184 vitem
1527 5132 1693 5187 videri
1728 5134 1962 5205 appella-

391 5212 496 5257 tam
530 5204 847 5277 Ecelestam,
880 5211 1036 5281 cuius
1066 5218 1193 5271 item
1224 5218 1437 5276 divinus
1463 5222 1670 5277 Cantor
1694 5204 1957 5292 meminit,

389 5313 678 5364 supernum
705 5316 769 5357 ac
799 5304 1077 5361 cmlestem
1114 5322 1396 5378 sponsum,
1426 5312 1695 5371 Christum
1728 5318 1955 5383 scilicet,

387 5403 481 5455 per
532 5393 810 5457 ambagem
862 5398 1231 5466 compellans:
1270 5419 1287 5451 ι
1330 5402 1475 5458 Uxor
1505 5413 1591 5459 tua
1646 5408 1785 5461 sicut
1830 5411 1991 5465 vitiS'

2075 4496 2275 4569 κράτος
2293 4513 2313 4561 ;ι
2351 4493 2472 4567 Ζωὴ
2505 4495 2611 4567 γάρ
2659 4496 2776 4550 ἐστι
2813 4491 2955 4548 κατὰ
2993 4494 3158 4562 φύσιν
3178 4494 3253 4557 ὡς
3282 4492 3433 4559 Θεὸς,
3475 4490 3577 4545 κᾶν
3602 4493 3652 4543 εἰ

2078 4585 2317 4657 πέφηνεν
2367 4586 2425 4640 ἐν
2465 4587 2648 4657 σαρκί.
2678 4586 2884 4641 Οὐκοῦν
2903 4585 2977 4656 τῇ
3001 4584 3187 4655 ἡμέρᾳ
3212 4584 3436 4652 ἐκείνῃ.
3482 4587 3652 4656 φησι.

2074 4679 2338 4744 τουτέστι,
2370 4680 2493 4734 κατ’
2530 4681 2706 4733 ἐκεῖνο
2740 4678 2954 4750 καιροῦ,
2995 4678 3117 4733 καθ’
3168 4677 3228 4731 ὃν
3284 4678 3528 4750 ἀναόιῲη
3585 4681 3652 4735 ὲκ

2073 4772 2307 4842 νεκρῶν,
2340 4772 2709 4826 πεπτωκότων
2729 4772 2836 4823 τῶν
2887 4768 3312 4841 ὲσταυρωκότων
3333 4809 3348 4831 ,
3387 4770 3653 4837 συγκαλέ-

2075 4880 2204 4918 σατε
2223 4863 2451 4926 ἕκαστος
2480 4864 2570 4917 τὸν
2593 4863 2818 4935 πλησίον
2877 4862 3043 4917 αὐτοῦ
3074 4862 3333 4917 ὑποκάτω
3371 4863 3647 4935 ἀμπέλου,

2074 4955 2166 5009 καὶ
2190 4953 2447 5010 ὑποκάτω
2490 4957 2677 5026 συκῆς.
2714 4956 2820 5010 Καὶ
2852 4957 2900 5008 εἰ
2929 4954 3028 5026 μὲν
3072 4954 3312 5025 βούλοιτό
3334 4972 3415 5019 τις
3444 4953 3650 5009 ἁπλοῦν

2073 5047 2167 5101 καὶ
2219 5047 2507 5119 πρόχειρον
2543 5046 2633 5100 τὸν
2674 5047 2912 5102 τοιοῦτον
2974 5047 3304 5117 εἰσδέχεσθαι
3346 5046 3489 5108 νοῦν,
3523 5048 3648 5119 τέρ-

2069 5135 2216 5204 ψεων
2243 5130 2381 5190 εἶναι
2411 5136 2520 5189 τῶν
2549 5137 2931 5208 πνευματικῶν
2956 5137 3223 5207 σύμσολον
3268 5137 3648 5191 διαδεδαιώσε-

2067 5245 2157 5282 ται
2184 5227 2252 5281 τὰ
2277 5229 2639 5299 ὡνομασμένα
2688 5230 2799 5282 Οὐκ
2823 5228 3082 5283 ἀπίθανον
3101 5228 3157 5282 δὲ
3186 5223 3321 5282 εἶναί
3348 5246 3489 5301 φημι
3511 5229 3647 5301 πρὸς

2065 5318 2239 5389 τούτῳ
2273 5321 2491 5374 κάκεῖνο
2527 5323 2720 5382 εἰπεῖν,
2751 5321 2832 5373 ὃτι
2879 5320 3051 5391 συκῆν
3078 5322 3169 5373 καὶ
3199 5320 3443 5390 ἄμπελον
3470 5319 3648 5374 ἔοικεν

2066 5411 2358 5464 ἀποκαλεῖν
2388 5412 2484 5481 τὴν
2525 5412 2870 5481 Ἐκκλησίαν,
2901 5408 2968 5487 ἧς
2996 5414 3085 5465 καὶ
3127 5413 3154 5462 ὁ
3181 5411 3463 5476 θεσπέσιος
3499 5410 3643 5465 Μελ-

454 5592 468 5620 ¹
508 5589 638 5647 Lur.
662 5607 817 5685 xx‘tn,
1002 5599 1031 5685 ς
1063 5595 1251 5685 Issi.”
1269 5599 1319 5653 7.
1401 5603 1419 5634 ³
1454 5601 1584 5660 Luc.
1618 5622 1674 5671 tt,
1712 5606 1799 5662 δι.
1877 5608 1894 5640 ⁸
1921 5608 1988 5665 Jo

2109 5629 2218 5677 xw,
2244 5612 2332 5677 ‘2],
2373 5613 2461 5669 22.
2539 5615 2556 5644 ⁸
2584 5613 2734 5670 Juan.
2767 5633 2858 5680 xx,
2884 5616 3065 5669 lii-l7.
3143 5618 3162 5647 ⁸
3191 5615 3335 5673 Psul.
3367 5633 3514 5685 XXIX,
3551 5617 3635 5674 12,

382 5661 401 5691 τ
427 5657 531 5716 lsa.
568 5677 691 5730 xxv,
722 5660 774 5718 8.
852 5660 873 5695 ⁸
898 5663 1057 5721 Joan.
1088 5657 1275 5721 xtv.’6.
