4072 6370
265 407 330 463 57
1079 404 1633 466 COMDENTARIUS
1671 405 1736 458 IN
1779 403 2180 460 ZACHARIAM
2226 402 2678 458 PROPIIETAM.
3467 393 3538 451 58

265 521 396 590 ῳδδς
452 520 850 592 ὅιαμέμνηται,
893 522 1067 590 λέγων
1119 523 1532 594 αἰνιγματωδῶς
1585 523 1721 594 πρὸς
1757 524 1847 576 τδν

1977 526 2260 591 ιίιυηιιαηε,
2301 526 2350 579 in
2403 525 2663 579 lateribus
2702 523 2892 577 domus
2936 530 3041 576 tua:
3065 521 3106 572 '.
3139 539 3159 572 ι
3197 518 3286 574 Ait
3341 527 3396 571 et
3425 519 3540 586 ipse

263 612 469 666 ἀνωθεν
504 613 597 665 καὶ
633 612 691 678 ἐξ
719 613 950 685 ούρανοῦ
997 615 1247 686 νυμφίον,
1289 617 1559 676 τουτέστι,
1589 615 1847 685 Χριστόν·

271 725 289 756 s
334 704 397 758 Ἦ
417 705 553 775 γυνή
584 721 677 758 σου
706 705 781 768 ὡς
804 707 1044 776 ἄμπελος
1074 708 1396 776 εὐθηνοῦσα,
1419 711 1477 762 ἐν
1510 711 1622 771 τοῖς
1646 708 1853 761 κλίτεσι

264 795 363 864 τῆς
389 795 567 856 οἰκίας
606 810 720 849 σου.
761 813 780 847 s
806 796 948 867 Ἔφη
975 795 1031 849 δέ
1071 813 1173 850 που
1213 796 1305 850 καὶ
1328 799 1490 860 αὐτὸς
1516 798 1544 850 ὀ
1574 797 1683 850 τῶν
1715 798 1853 850 ὅλων

267 886 417 949 Θεός·
458 905 474 936 t
513 888 579 939 Ai
606 887 843 958 ἄμπελοι
893 887 1272 960 κυπρίζουσιν,
1322 890 1529 943 ἔδωκαν
1583 890 1779 960 ὀσμὴν,
1823 890 1857 958 ἠ

269 979 410 1048 συκῆ
437 978 730 1048 ἐξήνεγκεν
773 978 1026 1042 ὀλύνθους
1079 982 1268 1053 αὐτῆς.
1305 1001 1323 1032 ι
1367 983 1452 1045 Ὡς
1480 981 1588 1052 γὰρ
1609 982 1711 1052 ἤδη
1744 982 1855 1034 τῶν

281 1069 619 1140 Ἑκκλησιῶν
647 1071 969 1142 ἀρξαμένων
1000 1075 1057 1124 ἐν
1093 1074 1280 1145 κόσμῳ
1304 1075 1392 1128 διὰ
1423 1075 1522 1145 τῆς
1572 1077 1653 1138 είς
1693 1076 1857 1128 αὐτὸν

269 1159 582 1224 εύωδιάζειν
608 1161 864 1227 πίστεως,
885 1163 984 1226 τὰς
1002 1164 1280 1234 ἀμπέλους
1297 1165 1400 1236 εφη
1429 1165 1740 1236 κυπρίζειν,
1764 1167 1860 1218 καὶ

273 1252 380 1320 μὴν
412 1250 508 1304 καὶ
541 1251 890 1318 ἐκφαίνεσθαι
913 1255 1038 1316 τοὺς
1076 1252 1354 1318 ὀλύνθους’
1405 1255 1645 1315 νοηθεῖεν
1675 1254 1742 1309 ἂν
1769 1256 1861 1308 καὶ

270 1336 436 1405 οὗτοι,
469 1341 578 1394 τῶν
600 1343 723 1413 ἄρτι
759 1344 1198 1399 πεπιστευκότων
1228 1348 1260 1414 ἡ
1293 1344 1445 1398 οὔπω
1477 1347 1574 1414 μὲν
1601 1347 1862 1417 πέπειρος

273 1434 365 1486 καὶ
383 1433 611 1501 γλυκεῖα
644 1433 886 1504 πληθὺς,
944 1435 1176 1505 ἐσομένη
1239 1437 1295 1488 δὲ
1352 1437 1494 1490 κατά
1534 1437 1732 1507 βραχὺ.
1771 1437 1863 1490 καὶ

271 1528 393 1588 ταῖς
421 1528 503 1588 είς
539 1526 600 1578 τὸ
660 1527 882 1596 ἄμεινον
939 1526 1243 1581 ἐπιδόσεσιν
1293 1527 1445 1582 ἰοῦσα
1503 1529 1635 1599 πρὸς
1685 1529 1859 1582 τοῦτο.

286 1614 666 1692 ’Δδρυνθέντες
698 1616 826 1686 γὰρ,
859 1616 950 1667 καὶ
981 1617 1060 1679 εἰς
1092 1616 1260 1686 ἄνδρα
1300 1617 1504 1671 τέλειον
1533 1617 1864 1688 ἀναόεὗηκόο

273 1723 368 1770 τες
392 1703 486 1759 τοῦ
514 1704 880 1777 πληρώματος
932 1706 1025 1758 τοῦ
1077 1707 1334 1778 Χριστοῦ,
1391 1709 1610 1776 γλυκεῖς
1667 1703 1866 1780 οἷάπερ

275 1797 515 1867 ἐσόμεθα
546 1799 748 1868 καρποὶ
790 1797 869 1867 τῷ
905 1797 1042 1868 Θεῷ,
1096 1798 1347 1868 καθάπερ
1407 1800 1578 1870 μητρί
1639 1819 1745 1853 τινι
1799 1803 1863 1871 τῇ

289 1885 591 1955 Ἐκκλησία
650 1886 1116 1956 προσπεφυκότες.
1174 1887 1383 1939 Οὐκοῦν
1438 1888 1526 1940 διά
1575 1907 1636 1942 τε
1693 1891 1858 1959 συκῆς
1893 1874 1937 1929 Β

278 1978 374 2029 καὶ
411 1977 662 2047 ἀμπέλου
720 1979 1031 2048 νοουμένων
1073 1979 1182 2032 τῶν
1228 1980 1584 2050 Ἐκκλησιῶν,
1637 1983 1730 2034 ὑπ’
1769 1984 1865 2036 αύ-

273 2071 398 2132 ταῖς
437 2069 694 2139 ἐσόμεθα,
722 2071 816 2122 καὶ
875 2072 932 2122 ἐν
965 2073 1151 2134 αὐταῖς
1201 2072 1600 2144 καταλύσομεν,
1634 2092 1868 2144 προτρο-

277 2159 456 2228 πάδην
521 2159 772 2230 ἀλλήλοις
829 2163 1005 2215 ἐκεῖνο
1057 2162 1308 2230 λέγοντες
1367 2164 1430 2217 τὸ
1495 2165 1869 2236 προφητικὸν

282 2269 304 2302 s
331 2249 519 2314 Δεῦτε,
545 2251 835 2321 ἀναδῶμεν
859 2254 940 2317 είς
961 2254 1018 2307 τὸ
1045 2254 1169 2324 ὅρος
1200 2255 1426 2326 Κυρίου,
1456 2257 1548 2309 καὶ
1571 2258 1650 2320 είς
1675 2257 1766 2310 τὸν
1794 2254 1872 2310 οἳ·

281 2356 376 2391 κον
405 2338 501 2392 τοῦ
560 2339 696 2393 Θεοῦ
730 2340 945 2407 Ἰακὼϐ,
983 2344 1075 2395 καὶ
1111 2344 1402 2412 ἀναγγελεῖ
1450 2348 1580 2415 ἡμῖν
1623 2347 1720 2418 τὴν
1749 2348 1867 2402 ὁδὸν

279 2430 473 2494 αὐτοῦ,
514 2432 609 2485 καὶ
646 2434 1026 2504 πορευσόμεθα
1061 2437 1118 2488 ἐν
1144 2437 1304 2507 αὐτῇ.
1341 2455 1360 2487 ι
1397 2438 1534 2490 mas
1559 2438 1623 2508 δὴ
1653 2439 1868 2506 γένοιτο

280 2521 471 2575 τούτου
498 2526 700 2591 τυχεῖν,
739 2524 960 2576 ἐπαίνου
1018 2526 1218 2588 παντὸς
1269 2525 1576 2596 ἀξιώσομεν
1611 2530 1735 2592 τοὺς
1791 2531 1872 2594 είς

280 2611 440 2666 τοῦτο
463 2613 817 2684 κεκληκότας,
851 2615 1010 2669 πάλιν
1049 2617 1226 2669 ἐκεῖνο
1251 2617 1517 2684 λέγοντες·
1558 2637 1577 2669 s
1617 2619 1871 2692 Εὐφράν-

283 2706 384 2776 θην
412 2705 508 2759 ἐπὶ
535 2709 646 2768 τοῖς
670 2707 915 2776 εἰρηκόσι
948 2725 1038 2778 μοι
1059 2725 1073 2739 ο
1112 2708 1207 2771 Εἰς
1262 2703 1409 2762 οἷκον
1438 2709 1643 2780 Κυρίου
1673 2730 1872 2782 πορευ-

285 2795 512 2868 σόμεθα.
551 2815 569 2848 s
606 2797 863 2867 Τέριῖκεως
893 2800 1000 2871 γὰρ
1025 2802 1156 2870 ἡμῖν
1182 2799 1278 2870 τῆς
1307 2800 1568 2855 ἀνωτάτω
1599 2802 1660 2856 τὸ
1681 2805 1873 2875 χρῆμα

285 2888 496 2958 καρπὸς
519 2890 679 2941 νοοῖτ’
701 2889 767 2942 ἂν
815 2890 1063 2955 εἰκότως.
1103 2891 1394 2963 Τοιγάρτοι
1440 2893 1604 2946 πάλιν
1639 2896 1873 2966 ἐροῦμεν

1958 617 2331 671 universorum
2366 618 2508 671 Deus
2544 614 2776 684 quodam
2810 614 2930 668 loco
2964 629 2979 666 :
3020 629 3039 662 ι
3076 610 3258 664 Vinea
3289 608 3542 662 ﬂorentes

1956 709 2225 763 dederunt
2273 687 2494 761 odorem
2545 721 2726 770 suum,
2775 714 2830 758 et
2877 703 3012 756 licus
3047 697 3275 769 pratulit
3323 710 3542 765 grossus

1959 815 2088 854 suos
2115 798 2179 853 ".
2210 818 2228 850 ι
2265 798 2342 854 Ut
2371 799 2516 852 enim
2544 796 2677 863 jatn,
2713 795 2970 849 Ecclesiis
3005 794 3058 846 in
3102 790 3303 844 mundo
3333 789 3436 842 title
3487 787 3539 838 in

1959 892 2134 960 ipsum
2176 889 2467 953 inchoatis,
2497 890 2684 943 vineas
2712 900 2932 941 suavem
2960 886 3171 954 spirare
3194 881 3437 944 odorem,
3471 894 3538 932 ac

1959 981 2153 1036 ﬂorere
2180 991 2342 1050 atque
2374 982 2594 1048 insuper
2641 993 2862 1048 grossos
2889 991 3080 1044 parere
3107 974 3240 1029 dicit
3271 990 3282 1024 :
3308 985 3539 1039 quorum

1962 1075 2182 1127 nomine
2212 1089 2384 1142 nuper
2416 1073 2520 1127 title
2569 1070 2906 1125 iuitiatorum
2953 1066 3186 1121 nondum
3229 1072 3438 1116 matura
3485 1069 3543 1114 et

1961 1165 2134 1220 dulcis
2176 1164 2486 1225 multitudo,
2545 1162 2728 1216 futura
2764 1169 2946 1212 autem
2979 1156 3236 1226 paulatim
3283 1163 3336 1209 et
3372 1154 3542 1206 incre-

1967 1255 2165 1309 mentis
2194 1256 2261 1308 ad
2305 1253 2526 1307 meliora
2571 1253 2676 1305 huc
2701 1250 3055 1321 progrediens
3079 1245 3307 1315 intelligi
3341 1251 3538 1313 potest.

1963 1346 2156 1416 Adepti
2205 1345 2350 1400 enim
2401 1343 2856 1413 magnitudinem,
2917 1360 2934 1392 ι
2964 1350 3019 1396 et
3066 1341 3118 1394 in
3155 1339 3326 1393 virum
3363 1335 3542 1407 perfe-

1965 1447 2111 1491 ctum
2159 1436 2509 1506 plenitudinis
2552 1434 2758 1489 Christi
2785 1435 2828 1470 “
2867 1454 2884 1485 ι
2918 1433 3111 1496 evecti,
3160 1431 3346 1485 dulces
3391 1427 3544 1496 quasi

1968 1530 2176 1582 fruetus
2208 1529 2411 1582 erimus
2463 1527 2592 1588 Deo,
2637 1525 2894 1581 Ecclesia
2937 1524 3086 1576 velut
3133 1521 3289 1576 matri
3341 1517 3544 1588 agnati.

1968 1621 2307 1690 Quapropter
2346 1634 2440 1687 per
2474 1618 2634 1672 licmn
2667 1626 2720 1669 et
2751 1621 2914 1669 vitem
2956 1612 3242 1668 intellectis
3270 1607 3545 1667 Ecclesiis,

1968 1715 2068 1767 sub
2108 1713 2236 1780 ipsis
2269 1714 2492 1772 erimus,
2531 1721 2585 1764 et
2635 1710 2685 1762 in
2718 1709 2851 1778 ipsis
2892 1704 3313 1766 diversabimur,
3350 1704 3546 1754 cohor-

1974 1803 2244 1872 tandoqne
2295 1802 2436 1855 inter
2490 1816 2588 1854 nos
2641 1801 2885 1853 dicemus
2937 1795 3067 1849 illud
3114 1791 3489 1862 propheticum
3531 1805 3544 1840 :

1970 1913 1988 1946 ι
2025 1894 2240 1958 Venite,
2283 1893 2641 1947 ascendamus
2696 1891 2762 1943 ad
2814 1897 3050 1942 montem
3104 1883 3349 1946 Domini,
3383 1889 3438 1933 et
3481 1881 3548 1932 ait

1965 1989 2182 2041 domum
2249 1986 2340 2040 Dei
2390 1984 2592 2046 Jacuh,
2672 1991 2726 2037 et
2785 1979 3126 2035 aunoutiabit
3179 1977 3336 2030 nobis
3404 1974 3547 2024 viam

1968 2095 2144 2140 suam.
2173 2088 2227 2132 ct
2261 2077 2656 2131 ambulabimus
2703 2076 2755 2128 in
2795 2088 2858 2126 ea
2885 2073 2949 2124 δ’.
2987 2089 3005 2122 ι
3037 2070 3189 2136 Quod
3225 2070 3270 2123 si
3315 2065 3548 2120 assecuti

1973 2169 2259 2234 fuerimus,
2285 2170 2618 2222 omnimodis
2649 2166 3066 2236 przedicabimus
3095 2163 3188 2232 qui
3219 2173 3316 2214 nos
3355 2160 3422 2210 ad
3448 2156 3550 2210 hoc
3602 2184 3607 2189 -

1978 2271 2262 2324 vocarunt,
2308 2262 2655 2330 dicemusque
2690 2277 2701 2310 :
2733 2279 2751 2310 ι
2785 2259 3020 2312 Lmtatus
3066 2271 3184 2310 sum
3226 2255 3278 2306 in
3327 2251 3408 2304 his
3457 2248 3548 2316 qui

1972 2353 2226 2408 dixerunt
2284 2354 2415 2407 mihi
2449 2349 2560 2409 :'ln
2631 2353 2848 2404 domum
2911 2348 3124 2404 Domini
3195 2346 3391 2400 ibimus
3423 2341 3486 2394 “.
3525 2357 3546 2391 s

1975 2443 2198 2498 Summa
2248 2443 2390 2496 enim
2442 2442 2625 2496 laetitia
2678 2441 2888 2495 fructus
2938 2449 3127 2494 noster
3169 2434 3397 2502 intelligi
3432 2432 3553 2501 jure

1972 2544 2152 2604 queat.
2195 2531 2430 2588 Proinde
2456 2549 2643 2588 rursus
2679 2533 2808 2586 illud
2846 2527 3255 2599 Psalmographi
3282 2524 3554 2579 exclama-

1974 2627 2154 2680 bimus
2187 2645 2200 2680 :
2235 2643 2253 2676 ι
2288 2624 2463 2680 Unam
2497 2624 2659 2693 petivi
2706 2638 2735 2677 a
2769 2623 3016 2686 Domino,
3067 2620 3208 2674 hanc
3254 2615 3551 2686 requiram,

1976 2726 2034 2768 ut
2069 2716 2360 2770 inhabilem
2399 2719 2458 2773 in
2497 2715 2661 2770 domo
2691 2714 2904 2769 Domini
2935 2711 3188 2767 omnibus
3218 2708 3408 2763 diebus
3433 2705 3556 2759 vita:

1975 2822 2108 2861 meae
2141 2823 2158 2862 :
2187 2818 2247 2862 ut
2291 2807 2503 2860 videam
2559 2807 2891 2872 voluptatem
2951 2801 3186 2866 Domini,
3238 2809 3295 2852 et
3343 2797 3554 2850 visitet-

1977 2899 2238 2968 templum
2274 2909 2519 2954 sanctum
2543 2899 2660 2968 ejus
2685 2897 2749 2951 ¹⁸.
2783 2917 2803 2949 ι

285 2978 425 3032 κατά
455 2977 550 3031 τὸν
574 2980 894 3051 Ψαλμῳδόν·
921 3001 938 3032 ι
963 2983 1108 3037 Μίαν
1135 2983 1425 3055 ᾐτησάμην
1455 2987 1608 3058 παρά
1631 2990 1860 3059 Κυρίου,
1899 2980 2108 3062 ταύτην
2179 2992 2418 3064 ζητήσω,
2480 2991 2569 3046 τοῦ
2631 2992 2906 3045 κατοικεῖν
2971 3005 3038 3058 με
3076 2988 3136 3039 ἐν
3185 2984 3320 3055 οἴκῳ
3351 2978 3558 3048 Κυρίου

288 3070 466 3136 πάσας
485 3073 584 3135 τὰς
613 3074 826 3144 ἡμέρας
882 3074 976 3145 τῆς
1020 3076 1164 3147 ζωῆς
1225 3093 1350 3145 μου,
1409 3079 1502 3132 τοῦ
1554 3079 1779 3151 θεωρεῖν
1806 3100 1873 3152 με
1913 3083 2012 3156 τὴν
2034 3087 2373 3156 τερπνότητα
2426 3083 2766 3156 Κυρίου,καὶ
2833 3079 3257 3133 ἐπισκέπτεσθαι
3286 3075 3374 3127 τὸν
3405 3071 3558 3139 ἅγιον

289 3166 473 3220 αὐτοῦ.
517 3187 534 3218 s

551 3308 936 3396 ΤΟΜΟΣ
1013 3310 1606 3401 ΔΕΥΤΕΡΟΣ.

899 3469 1148 3524 ΚΕΦΑΛ.
1197 3474 1269 3524 Δ’.

363 3605 470 3659 Καὶ
492 3605 870 3672 ἐπέστρεψεν
906 3608 939 3658 ὁ
976 3605 1230 3673 ἅγγελος
1286 3611 1318 3661 ὀ
1367 3608 1577 3662 λαλῶν
1615 3609 1684 3662 ἐν
1705 3609 1834 3676 ἐμοὶ
1861 3648 1874 3669 ,

293 3697 391 3750 καὶ
430 3695 700 3765 ἐξήγειρέ
717 3712 816 3764 με,
861 3695 933 3749 ὃν
970 3699 1211 3764 τρόπον,
1263 3698 1408 3751 ὅταν
1440 3699 1727 3769 ὲξεγερθῆ
1776 3701 1878 3752 ἆν-

294 3790 524 3858 θρωπος
557 3788 626 3852 ἐξ
658 3789 856 3842 ὕπνου
905 3789 1114 3851 αὐτοῦ,
1155 3791 1252 3844 καὶ
1295 3791 1426 3846 εἷπε
1479 3794 1630 3860 πρός
1683 3811 1778 3860 με·
1819 3795 1879 3846 Τί

293 3877 375 3933 σὺ
404 3876 696 3944 ﬂuxae;
718 3877 827 3932 Kal
857 3874 994 3932 εἶπα
1014 3897 1026 3908 ·
1068 3879 1350 3948 Ἑώρακα,
1374 3883 1470 3936 καὶ
1498 3882 1626 3936 ἰδοὺ
1657 3886 1882 3952 λυχν.ἀ

297 3967 497 4036 χρυσῆ
527 3967 663 4036 ὅλη,
694 3969 793 4023 καὶ
821 3967 888 4022 τὸ
909 3969 1252 4037 λαμπάδιον
1279 3971 1480 4025 ἐπάνω
1536 3973 1745 4040 αὐτῆς,
1782 3975 1880 4027 καὶ

295 4053 445 4107 ἑπτὰ
470 4056 686 4124 λύχνοι
717 4054 916 4109 ἐπάνω
951 4057 1160 4125 αὐτῆς,
1199 4061 1297 4112 καὶ
1333 4061 1484 4114 ἑπτὰ
1525 4062 1883 4130 ἐπαρυστρί-

295 4145 396 4212 δες
440 4146 568 4212 τοῖς
620 4149 872 4216 λύχνοις
919 4149 1043 4215 τοῖς
1087 4150 1288 4204 ἐπάνω
1345 4153 1574 4222 αὐτῆς,
1620 4155 1718 4209 καὶ
1770 4156 1881 4210 δύο

296 4236 492 4291 ἐλαῖαι
513 4238 714 4291 ἐπάνω
727 4239 940 4307 αὐτῆς,
961 4243 1063 4310 μία
1087 4243 1154 4296 ἐκ
1171 4243 1384 4307 δεξιῶν
1413 4246 1519 4298 τοῦ
1542 4247 1885 4316 λαμπαδίου

299 4329 510 4398 αὐτῆς,
538 4332 636 4384 καὶ
657 4333 766 4399 μία
786 4331 855 4396 ἐξ
893 4335 1231 4403 εὐωνύμων.

371 4442 497 4496 Kl".
521 4444 615 4507 Τὸ,
653 4445 1043 4518 Ἐπέστρεψεν,
1073 4451 1131 4500 ἐν
1159 4448 1368 4513 τούτοις
1387 4451 1485 4522 οὐχ
1515 4451 1590 4515 ὡς
1613 4453 1678 4504 ἐκ
1709 4453 1876 4506 τόπου

309 4535 577 4604 νοήσομεν
611 4533 825 4605 (εὔηθες
851 4537 959 4610 γὰρ
985 4539 1227 4610 κομιδῇ),
1250 4541 1547 4613 νομιοῦμεν
1573 4542 1630 4596 δὲ
1649 4543 1874 4613 μᾶλλον,

2187 3325 2434 3418 TOM
2464 3325 2596 3413 US
2685 3320 3336 3410 SECUNDUS.

2532 3473 2696 3545 632
2725 3470 2876 3525 CAP.
2920 3469 3007 3523 tv.

2055 3613 2215 3668 Vsus.
2256 3611 2371 3665 1-5.
2426 3610 2487 3663 Et
2540 3626 2773 3663 reversus
2813 3618 2887 3660 est
2927 3606 3140 3674 angelus
3185 3604 3274 3672 qui
3313 3601 3558 3671 loqueba-

1982 3722 2070 3762 tur
2121 3709 2174 3760 in
2216 3724 2334 3772 me,
2383 3717 2430 3758 et
2477 3703 2753 3759 suscitavit
2800 3718 2879 3753 me
2925 3702 3060 3752 sicut
3101 3713 3219 3751 cum
3275 3696 3566 3749 suscitatur

1983 3802 2134 3852 homo
2157 3799 2219 3850 de
2250 3813 2433 3850 somno
2472 3812 2590 3855 suo,
2617 3805 2663 3846 et
2694 3793 2824 3846 dixit
2859 3791 2927 3844 ml
2955 3807 3034 3843 me
3064 3806 3082 3842 :
3117 3788 3256 3854 Quid
3297 3799 3354 3841 tu
3380 3788 3520 3840 sides
3540 3787 3568 3837 ἲ

1986 3889 2048 3944 Et
2075 3891 2189 3943 dixi
2215 3905 2233 3943 :
2266 3887 2408 3951 Vidi,
2440 3899 2487 3940 et
2539 3903 2653 3940 ecce
2685 3885 3060 3938 candelabrum
3109 3897 3331 3935 aureum
3370 3891 3569 3943 totum,

1983 3992 2032 4038 et
2081 3983 2282 4048 lampas
2338 3996 2493 4048 super
2549 3981 2739 4045 ipsum.
2791 3987 2837 4029 et
2887 3984 3078 4044 septem
3125 3973 3355 4027 lucerna
3405 3987 3570 4040 super

1985 4069 2142 4132 illud,
2187 4077 2235 4120 et
2277 4075 2468 4134 septem
2505 4065 2765 4134 iufusoria
2810 4063 3038 4117 lucernis
3082 4077 3236 4131 super
3274 4063 3484 4130 ipsum;
3515 4072 3564 4112 et

1985 4161 2104 4214 dun:
2131 4161 2280 4214 oliva:
2305 4175 2462 4227 super
2491 4159 2644 4222 illud,
2677 4174 2783 4210 una
2829 4174 2860 4209 α
2889 4155 3092 4209 dextris
3128 4155 3388 4222 lampadis
3425 4153 3563 4222 ejus,

1986 4266 2031 4308 et
2066 4269 2171 4306 una
2205 4271 2235 4305 a
2270 4253 2522 4306 sinistris.

2062 4452 2249 4506 XXIII.
2295 4453 2591 4505 Reversom
2619 4463 2742 4503 esse
2773 4449 2859 4503 hic
2890 4462 2995 4502 non
3025 4457 3086 4501 ut
3118 4461 3184 4502 ex
3217 4445 3336 4502 loco
3366 4448 3570 4517 accipi-

1992 4559 2131 4606 mus,
2171 4543 2220 4596 itl
2261 4542 2404 4594 enim
2455 4554 2718 4609 perquam
2765 4539 3007 4607 ineptum
3039 4551 3181 4593 esset
3216 4557 3227 4592 :
3259 4548 3570 4592 statuemus

304 4623 402 4694 τὴν
434 4625 508 4688 ὡς
534 4625 595 4689 ἐξ
618 4625 861 4697 ὁράσεως
892 4629 991 4699 τῆς
1020 4629 1079 4695 ἐξ
1117 4620 1320 4701 ἀμφοῖν
1353 4634 1438 4700 ἐφ’
1489 4635 1681 4706 ἑτέραν
1725 4634 1875 4697 εὐθὺς

1993 4645 2170 4689 autem
2195 4635 2371 4702 potius
2409 4649 2474 4686 ex
2508 4633 2770 4685 ambabus
2799 4631 3099 4692 visionibus
3142 4631 3208 4685 ad
3255 4631 3415 4684 aliam
3454 4641 3568 4684 sta-

309 4717 402 4770 καὶ
432 4718 648 4786 γείτονα
697 4722 1108 4792 μεταφοίτησιν,
1153 4724 1312 4794 δῆλον
1372 4725 1428 4777 δὲ
1473 4726 1554 4778 ὃτι
1594 4744 1893 4797 πνευματι-

306 4810 425 4880 κήν.
464 4810 686 4882 Ἐπειδὴ
739 4811 796 4865 δέ
856 4813 1072 4883 νηψεως
1142 4816 1385 4886 ἀκράτου
1441 4817 1602 4888 χρεία
1656 4818 1749 4871 καὶ
1795 4819 1895 4889 τῆς

305 4899 448 4968 ὑπὲρ
480 4899 606 4953 νοῦν
631 4901 722 4954 τὸν
753 4903 1116 4975 ἀνθρώπινον,
1143 4905 1200 4959 ἐν
1229 4923 1290 4975 γε
1319 4907 1384 4978 δὴ
1419 4909 1650 4980 μάλιστα
1684 4910 1894 4974 τούτοις

305 4990 512 5061 λεπτὴν
572 4993 799 5048 ἐνετίθει
855 4998 1252 5068 ἐπιγρήγορσιν
1304 4997 1383 5068 τῷ
1443 5001 1697 5072 προφήτῃ
1741 5001 1895 5067 Θεὸς,

311 5083 706 5153 μαθητεύοντος
768 5089 1004 5156 ἀγγέλου
1037 5089 1131 5143 τοῦ
1179 5090 1466 5152 λαλοῦντος
1517 5094 1575 5145 ἐν
1616 5093 1782 5162 αύτῷ,
1817 5092 1894 5154 ὡς

307 5174 486 5229 δοκεῖν
513 5177 574 5242 ἐξ
608 5177 778 5232 ὖπνου
801 5179 1168 5252 διεγερθῆναι.
1221 5184 1457 5255 Τοιαύτη
1492 5185 1600 5254 γάρ
1627 5189 1742 5249 πώς
1774 5187 1892 5238 ἐστι

308 5266 408 5336 τῆς
437 5269 494 5321 ἐν
547 5271 678 5340 ἡμῖν
713 5271 949 5338 διανοίας
999 5278 1032 5345 ἡ
1074 5277 1408 5339 κατάστασις
1432 5319 1448 5340 ,
1505 5278 1599 5330 καὶ
1661 5277 1797 5330 πολὺ
1826 5278 1892 5348 δὴ

314 5358 478 5426 μείων
539 5360 691 5430 παρὰ
733 5363 835 5432 τὴν
882 5360 1045 5418 οὖσαν
1101 5367 1160 5417 ἐν
1212 5369 1322 5429 τοῖς
1381 5366 1558 5434 ἁγίοις
1614 5366 1888 5434 ἀγγέλοις,

311 5447 450 5502 ὥστε
477 5452 608 5520 φαίη
666 5469 750 5514 τις
799 5453 865 5508 ἂν
929 5458 1254 5529 ἐγρήγορσιν
1304 5459 1404 5529 μὲν
1435 5459 1503 5512 τά
1555 5459 1801 5522 ἐκείνων,
1833 5460 1891 5510 ἐν

312 5537 464 5609 ὕπνῳ
486 5541 542 5594 δὲ
573 5542 762 5614 ὥσπερ
788 5545 854 5599 τά
883 5549 1005 5600 καθ’
1032 5551 1201 5620 ἡμᾶς.
1234 5551 1450 5622 Ἐπειδὴ
1471 5551 1526 5603 δὲ
1557 5554 1584 5603 ὁ
1609 5551 1891 5612 θεσπέσιος

311 5631 536 5698 ἄγγελος
567 5634 794 5706 γνώμην
839 5655 895 5689 τε
945 5641 1037 5692 καὶ
1083 5640 1205 5693 νοῦν
1244 5643 1377 5710 πρὸς
1409 5642 1585 5712 τούτῳ
1628 5641 1692 5711 δὴ
1751 5657 1892 5711 παρ-

326 5871 336 5881 _
390 5808 410 5838 ⁸
443 5808 581 5865 Psal.
612 5828 815 5879 cum,
850 5816 897 5867 5.

983 5820 1020 5844 ”'
1051 5819 1203 5875 (iant.
1239 5833 1294 5880 Il,
1327 5819 1405 5872 l3.
1489 5819 1524 5849 “
1563 5819 1757 5888 Ephes.
1793 5832 1864 5879 tv,
1904 5816 1982 5872 l3.

1995 4727 2089 4779 tim
2147 4735 2202 4779 et
2236 4726 2468 4778 vicinam
2499 4724 2834 4794 spiritualem
2883 4725 3069 4793 utique
3131 4724 3371 4778 transiri.
3423 4724 3572 4790 Quo-

1996 4821 2140 4874 niam
2175 4834 2302 4872 veru
2337 4819 2390 4872 in
2439 4818 2524 4872 his
2557 4819 2793 4872 maxime
2831 4817 3092 4888 singulari
3125 4817 3404 4886 vigilantia
3437 4833 3576 4881 opus

1994 4921 2100 4976 est,
2153 4918 2208 4964 et
2247 4909 2451 4979 majore
2513 4924 2678 4977 quam
2723 4924 2821 4978 pro
2855 4917 3014 4976 captu
3071 4909 3332 4973 humano,
3383 4921 3570 4960 acrem

1999 5003 2235 5072 vigiliam
2281 5001 2527 5055 immittit
2562 5003 2834 5069 propheta:
2883 5000 3046 5062 Deus,
3104 5000 3332 5055 docente
3379 4999 3573 5068 angelo

1994 5095 2084 5161 qui
2111 5094 2165 5147 in
2201 5094 2316 5163 ipso
2350 5092 2686 5161 loquebatur,
2726 5101 2784 5146 ut
2811 5105 2869 5146 se
2909 5107 2939 5145 e
2969 5105 3162 5145 somno
3189 5099 3405 5159 putaret
3435 5091 3574 5142 exci-

1995 5193 2189 5239 tatum.
2232 5183 2380 5238 Talis
2417 5193 2501 5236 cst
2533 5183 2677 5237 enim
2719 5184 2881 5237 animi
2928 5181 3104 5237 nostri
3138 5181 3398 5243 conditio,
3436 5181 3574 5233 mul-

1996 5286 2160 5344 tuque
2199 5275 2429 5329 interior
2475 5290 2637 5344 quant
2674 5275 2728 5330 in
2769 5276 2974 5330 sanetis
3008 5275 3233 5345 angelis,
3264 5281 3321 5325 nt
3355 5285 3574 5327 asseve-

1998 5383 2120 5422 rare
2155 5368 2330 5436 possit
2382 5369 2651 5436 quispiam
2691 5368 2813 5422 illos
2843 5381 2964 5422 esse
2995 5367 3048 5420 in
3081 5375 3338 5435 perpetua
3371 5365 3573 5435 vigilia,

1997 5474 2093 5512 nus
2146 5459 2300 5528 quasi
2357 5459 2408 5511 in
2465 5468 2724 5528 perpetuo
2783 5474 2992 5513 somno.
3049 5459 3339 5526 Postquam
3394 5465 3576 5510 autem

1995 5550 2208 5605 divinus
2238 5550 2462 5619 angelus
2498 5551 2850 5614 voluntatem,
2885 5561 2939 5604 ct
2991 5561 3227 5604 mentem
3261 5563 3480 5618 quoque
3513 5563 3578 5602 en

1997 5640 2308 5696 inclinatam
2365 5641 2532 5705 vidit,
2587 5652 2646 5694 ut
2699 5643 2841 5710 quod
2899 5642 3063 5694 [iebat
3120 5641 3389 5696 subtiliter
3444 5637 3578 5693 satis

2066 5819 2103 5847 ”
2138 5816 2236 5870 lszt.
2279 5833 2334 5880 tt,
2375 5818 2428 5867 ὅ.

2509 5817 2552 5846 ¹³
2587 5818 2730 5871 Psal.
2773 5834 2920 5883 cui,
2961 5818 3008 5871 l.
3092 5816 3304 5889 "jl’sal.
3341 5831 3488 5877 χχιι,
3517 5814 3574 5870 4.
