4072 6370
462 374 533 433 ω
1454 358 1514 411 S.
1554 349 1833 409 CYRILLI
1874 344 2345 403 ALEXAIVDRINI
2385 343 2707 399 AliUlllEP'.
3653 337 3722 392 ϐο

465 489 771 562 perspicere
798 492 997 555 posset,
1032 490 1382 553 percontatur
1426 474 1686 546 quidnam
1747 478 1891 538 putet
1917 480 2076 527 esse,

2178 463 2499 535 νηνεγμένον
2551 460 2826 523 τεθέαται,
2854 457 2995 511 ὥστε
3041 456 3133 509 καὶ
3175 453 3539 525 ἀποχρώντως
3581 453 3723 523 ἔχειν

466 559 1078 654 ιιιιιειηοηειινιὼειιιυιι.
1113 573 1248 628 Tum
1291 569 1557 637 protvbeta
1592 578 1802 618 rursum
1844 559 2040 616 certis-

469 678 660 729 simam
696 670 922 728 visionis
951 662 1524 729 commemorationem
1584 653 1814 717 inducit,
1853 651 2042 706 dicens

468 784 526 820 se
562 765 761 819 vidisse
792 759 1200 822 candelabrum,
1250 761 1421 808 totum
1459 761 1684 801 aureum
1715 758 1813 814 per
1844 749 2042 806 totum,

470 874 534 911 ac
573 869 739 924 super
785 854 962 922 ipsum
1012 846 1345 916 lampadem;
1382 841 1515 912 quin
1559 846 1613 892 et
1662 838 1913 890 lucernas
1958 846 2046 886 se-

472 959 638 1016 ptem,
700 954 754 1000 et
794 947 983 998 eodem
1028 952 1254 994 numero
1315 931 1601 997 inlusoria,
1662 927 1834 982 olivas
1886 926 2042 990 duas,

473 1056 633 1093 uuam
659 1054 689 1090 a
715 1034 921 1090 dextris
950 1031 1233 1100 lampadis,
1260 1026 1488 1080 alteram
1511 1037 1539 1076 a
1566 1019 1821 1076 sinistris.
1849 1017 1915 1071 Et
1941 1016 2047 1071 ista

489 1131 708 1201 quidem
747 1136 966 1182 ostensa
999 1121 1251 1192 liquidius
1281 1117 1507 1172 forsitan
1542 1109 1905 1183 cxplanabuut
1928 1121 2048 1178 quas

475 1223 618 1274 dicta
640 1227 791 1273 sunt.
827 1217 1058 1278 Necesse
1082 1224 1168 1266 est
1196 1220 1373 1264 tamen
1407 1205 1630 1259 visionis
1673 1200 1833 1270 hujus
1859 1200 2047 1252 intima

475 1311 743 1368 curiosius
790 1310 1127 1377 indagantes,
1180 1298 1499 1371 signiﬁcatis
1545 1304 1750 1350 attente
1802 1290 2051 1346 conside-

480 1398 665 1454 randis
686 1394 1099 1464 diligentissime
1123 1389 1457 1452 incumbere,
1480 1394 1536 1441 et
1556 1400 1619 1439 ea
1641 1398 1761 1439 cum
1783 1381 1892 1451 jam
1923 1395 2053 1450 prae.

477 1491 638 1546 dictis
662 1490 800 1543 scite
839 1484 1110 1556 copulare.
1141 1481 1417 1552 Aitigitur
1455 1477 1838 1530 universorum
1881 1472 2048 1536 Deus,

478 1597 539 1639 se
596 1581 802 1636 foveam
866 1580 1158 1639 fossuram,
1222 1585 1278 1628 et
1317 1578 1782 1627 coutrectaturum
1832 1576 2050 1619 omnem

482 1673 822 1743 iniquitatem
857 1681 1015 1725 terra:
1044 1668 1190 1723 illius
1226 1666 1279 1719 in
1311 1664 1397 1719 die
1429 1676 1560 1718 una.
1594 1658 1854 1715 Hortatur
1887 1655 2052 1712 etiam

481 1766 639 1832 alios,
688 1772 750 1818 ut
791 1765 933 1817 inter
979 1776 1039 1816 se
1086 1760 1186 1815 sub
1217 1759 1381 1813 vitem
1428 1765 1485 1810 et
1519 1752 1678 1807 ficum
1728 1756 2046 1805 convocem.

484 1857 592 1912 Nos
615 1817 836 1924 scopum
863 1851 1159 1924 prophetia:
1190 1844 1850 1915 aperientesﬁdicebamus
1873 1842 2051 1896 incre-
2084 1817 2128 1872 Β

485 1947 625 2002 dulis
673 1958 729 2001 et
753 1944 1056 2015 agrestibus
1077 1937 1543 2009 contemptoribus
1567 1935 1761 1989 salutis
1784 1949 1878 2004 per
1900 1933 2057 1988 011νί-

488 2048 629 2093 stum
679 2048 845 2104 partae
874 2034 1162 2105 quamdam
1213 2031 1424 2086 foveam
1468 2028 1743 2084 exitialem
1790 2040 1912 2081 esse
1949 2024 2058 2080 fos-

484 2145 620 2194 sam,
649 2127 814 2199 683
840 2124 1219 2182 contumeliam
1271 2122 1478 2178 scilicet
1525 2121 1729 2185 crucis,
1772 2128 1829 2172 et
1883 2116 2059 2171 scelus

484 2230 721 2274 cruentae
745 2219 910 2272 caedis
937 2215 1160 2270 Christi.
1212 2212 1499 2268 Perierunt
1534 2211 1679 2266 enim
1715 2208 1924 2271 miseri,
1967 2204 2058 2274 qui

496 2314 782 2368 Dominum
825 2310 989 2378 impie
1019 2315 1372 2362 necaverunt.
1415 2303 1485 2359 lis
1525 2313 1704 2356 autem
1737 2300 1827 2370 qui
1861 2299 2064 2355 dilexe-

489 2412 614 2460 runt
649 2403 938 2459 adventum
984 2399 1103 2470 ejus
1147 2400 1584 2457 delectationem,
1633 2404 1687 2447 et
1717 2392 1965 2454 delicias,
2005 2399 2060 2442 et

489 2496 620 2565 quid
647 2510 750 2550 non
777 2492 995 2548 tandem
1021 2489 1180 2562 bujus
1209 2489 1427 2561 generis
1459 2485 1792 2556 contigisse?
1824 2482 2067 2538 Fuerunt

491 2587 632 2640 enim
663 2585 716 2639 in
755 2584 1011 2640 Ecclesiis
1048 2581 1194 2636 velut
1221 2583 1323 2636 sub
1350 2580 1559 2634 licubus
1610 2587 1663 2632 et
1697 2576 1922 2632 vitibus.
1960 2573 2067 2628 Sed

491 2692 620 2734 ecce
638 2677 746 2731 alio
774 2678 899 2730 item
939 2675 1098 2729 modo
1128 2671 1389 2743 propheta
1420 2670 1731 2743 mysterium
1773 2668 1927 2722 vidit.
1959 2666 2070 2721 Au-

497 2785 645 2824 reum
685 2769 881 2839 quippe
907 2765 1293 2823 candelabrum
1336 2779 1524 2818 rursus
1568 2760 1862 2816 Ecclesiam
1899 2759 2071 2813 inter-

497 2869 799 2930 pretamur,
856 2866 1045 2928 utpote
1107 2855 1480 2911 bonorabilem
1543 2853 1762 2919 inundo,
1817 2860 2071 2921 tauquam

499 2952 787 3007 virtutibus
851 2948 1274 3005 illustrissimam
1337 2962 1402 3003 ac
1444 2944 1963 3017 splendidissimam,
2012 2948 2072 2996 ut

499 3038 729 3093 sublime
750 3037 1039 3092 admodum
1073 3035 1335 3091 eleuatum
1359 3043 1501 3089 veras
1529 3032 1854 3104 cognitionis
1877 3030 2075 3084 divina:

2146 556 2387 611 συνιέναι
2410 554 2622 616 λεπτῶς
2652 552 2752 622 τὴν
2786 551 2997 621 ὅρασιν,
3030 546 3413 601 διεπυνθάνετο
3446 544 3640 612 λέγων,
3671 546 3724 598 τί

2146 647 2213 701 ἀν
2237 647 2401 700 οἴοιτο
2451 644 2718 715 ὑπάρχειν
2765 641 2834 695 τά
2882 637 3218 709 δεδειγμένοι.
3282 635 3725 702 Ἀπλανεστάτην

2145 756 2209 807 γε
2271 738 2378 809 μὴν
2431 738 2467 789 δ
2500 736 2787 808 προφήτης
2842 732 2941 800 τῆς
3003 730 3245 802 ὁράσεως
3292 729 3393 799 τὴν
3448 727 3725 795 ἀφήγησιν

2146 832 2380 885 ἐποιεῖτο
2410 827 2594 891 πάλιν,
2657 823 2879 895 λυχνίαν
2922 820 3222 893 ἑωρακέναι
3272 817 3444 885 λέγων
3489 818 3616 886 ὅλην
3657 817 3723 868 δι’

2145 925 2269 978 ὅλου
2300 921 2527 993 χρυσῆν⁸
2567 918 2750 972 ἐπάνω
2781 915 2839 969 δὲ
2864 914 3038 984 αὐτῆς
3062 913 3122 966 τὸ
3153 910 3477 981 λαμπάδιον,
3496 911 3590 963 καὶ
3620 917 3726 979 μὴ.)

2149 1016 2242 1070 καὶ
2277 1015 2503 1086 λύχνους
2528 1011 2687 1074 ἑπτὰ,
2720 1010 2813 1062 καὶ
2875 1006 3194 1078 ἰσαρίθμους
3230 1005 3412 1067 αὐτοῖς
3471 1003 3573 1066 τὰς
3628 1004 3724 1053 ἐςτ-

2150 1106 2510 1181 αρυστρίδας,
2539 1104 2725 1166 ἐλαίας
2741 1101 2855 1166 δύο,
2893 1100 3021 1171 μίαν
3045 1099 3141 1169 μὲν
3163 1100 3226 1151 ἐκ
3251 1095 3439 1163 δεξιῶν
3465 1093 3559 1147 τοῦ
3590 1094 3731 1162 λαμ-

2151 1199 2364 1260 παδίου,
2409 1197 2640 1267 θατέραν
2670 1212 2730 1262 γε
2771 1192 2877 1264 μὴν
2906 1189 3163 1260 κειμένην
3188 1187 3250 1253 se
3276 1187 3591 1257 εὐωνύμων.
3622 1184 3729 1238 Καὶ

2149 1295 2183 1364 ἠ
2216 1293 2317 1363 μὲν
2363 1288 2741 1361 ὲμιρανεστέρα
2773 1284 2878 1337 τῶν
2927 1280 3285 1352 δεδειγμένων
3333 1278 3586 1342 ἀπόδοσις
3641 1276 3728 1347 εἴη

2152 1384 2217 1438 ἂν
2240 1385 2340 1452 οὐχ
2366 1382 2530 1452 ἑτέρα
2560 1379 2711 1448 παρά
2741 1376 2931 1432 ταῦτα.
2963 1376 3084 1449 Χρὴ
3112 1373 3169 1427 δὲ
3195 1373 3321 1435 τοὺς
3349 1370 3447 1441 τῆς
3477 1370 3737 1423 ἐσωτάτω

2152 1475 2242 1529 τὸν
2264 1474 2389 1529 νοῦν
2417 1474 2658 1535 ἐνιέντας
2689 1469 3129 1541 περιεργότερον,
3152 1461 3466 1534 περιαθρείν
3495 1454 3554 1513 εὖ
3583 1458 3735 1531 μάλα·

2155 1567 2448 1640 πειρᾶσθαι
2480 1565 2551 1619 τά
2578 1562 2902 1635 δηλούμενα,
2961 1562 3055 1614 καὶ
3105 1556 3313 1611 συνδεῖν
3360 1553 3589 1627 ἀστείως
3622 1553 3735 1614 τοῖς

2155 1660 2254 1732 ἥδη
2286 1656 2705 1729 προειρημένοις
2727 1656 2822 1707 καὶ
2842 1653 2985 1706 τάδε.
3022 1653 3166 1721 Ἔφη
3192 1649 3370 1702 τοίνυν
3415 1646 3444 1698 ὁ
3471 1645 3577 1699 τῶν
3599 1645 3735 1697 ὅλων

2155 1752 2309 1816 Θεὸς,
2333 1752 2415 1803 ὅτι
2459 1750 2549 1802 καὶ
2581 1747 2771 1818 βόθρον
2815 1746 3020 1817 όρύξει,
3071 1744 3165 1797 καὶ
3211 1741 3520 1816 ψηλαφήσει
3557 1739 3743 1791 πᾶσαν

2156 1847 2255 1916 τὴν
2283 1842 2495 1897 ἀδικίαν
2527 1841 2627 1910 τῆς
2667 1838 2769 1909 γῆς
2795 1837 3013 1907 ἐκείνης
3040 1836 3098 1889 έν
3134 1835 3318 1905 ἡμέρᾳ
3342 1834 3459 1904 μιᾷ,
3502 1829 3738 1899 Προτρέ-

2159 1955 2250 1990 πει
2306 1936 2362 1988 δὲ
2414 1934 2511 1987 καὶ
2549 1932 2760 2001 ἑτέροις
2812 1928 3105 1997 συγκαλεῖν
3164 1924 3423 1996 ἀλλήλους
3482 1920 3745 1975 ὑποκάτω

2160 2029 2407 2101 ἀμπέλου
2460 2026 2551 2080 καὶ
2586 2021 2843 2076 ὑποκάτω
2876 2020 3067 2090 συκῆς.
3111 2018 3298 2086 Ἡμεῖς
3323 2015 3379 2069 δὲ
3412 2010 3555 2082 σαφῆ
3607 2009 3740 2062 καθ-

2163 2119 2406 2180 ιστάντες
2440 2116 2538 2186 τῆς
2573 2112 2910 2185 προφητείας
2962 2109 3052 2163 τὸν
3080 2106 3301 2167 σκοπὸν,
3356 2102 3613 2173 ἐλέγομεν
3660 2101 3745 2153 ὅτι

2161 2215 2275 2276 τοῖς
2290 2212 2387 2283 μὲν
2407 2203 2995 2276 ἀπειθεῖνιῂρημένοις,
3013 2201 3109 2254 καὶ
3135 2197 3493 2268 ἀτιμάζουσιν
3516 2193 3747 2264 ἀμαθῶς

2162 2306 2265 2375 τὴν
2293 2301 2383 2356 διὰ
2415 2296 2651 2373 Χριστοῦ
2685 2293 2980 2366 σωτηρίαν,
3004 2292 3195 2364 βόθρος
3221 2286 3311 2343 οἷά
3335 2306 3417 2352 τις
3439 2287 3751 2359 ὀρώρυκται

2167 2394 2548 2466 κατακομίζων
2579 2394 2658 2454 εἰς
2679 2388 2918 2460 ὄλεθρον,
2949 2390 2982 2459 ἡ
3008 2387 3099 2440 ἐπὶ
3127 2383 3205 2455 τῷ
3232 2380 3448 2453 σταυρῷ
3471 2379 3746 2451 παροινία,

2168 2489 2383 2558 καὶτῆς
2426 2486 2568 2541 κατά
2615 2482 2853 2555 Χριστοῦ
2917 2476 3228 2550 μιαιφονίας
3277 2473 3346 2527 τὰ
3402 2471 3749 2541 ἐγκλήματα.

2181 2577 2516 2634 ’Δπολὼλασι
2593 2576 2703 2647 γὰρ
2786 2575 2836 2626 οί
2911 2569 3133 2624 δείλαιοι
3214 2563 3750 2637 Κυριοκτονήσαντες

2170 2671 2419 2733 ἀνοσίως.
2443 2669 2567 2731 Τοῖς
2587 2684 2651 2736 γε
2689 2665 2793 2737 μὴν
2821 2660 3135 2733 ἠγαπηκόσι
3181 2659 3281 2728 τὴν
3305 2655 3623 2724 ἐπιφάνειαν
3652 2650 3750 2708 αὺ-

2170 2762 2265 2817 τοῦ
2286 2759 2476 2832 τέρψις
2507 2776 2567 2812 τε
2599 2757 2693 2811 καὶ
2724 2753 2925 2824 τρυφὴ,
2948 2752 3039 2805 καὶ
3077 2750 3129 2802 τί
3162 2747 3269 2817 γὰρ
3296 2746 3415 2816 οὐχὶ
3447 2743 3555 2796 τῶν
3577 2741 3757 2795 τοιού-

2170 2876 2277 2912 των
2306 2854 2547 2926 ὑπῆρξε;
2578 2851 2840 2920 Γεγόνασι
2864 2847 2972 2917 γὰρ
3011 2845 3086 2908 ὡς
3118 2843 3222 2896 uno
3250 2841 3444 2902 συκαῖς
3511 2836 3605 2889 καὶ
3638 2837 3749 2904 ἀμ-

2176 2948 2362 3011 πέλοις
2397 2948 2521 3009 ταῖς
2563 2940 2933 3013 Ἑκκλησίαις.
2976 2936 3115 2990 Ἀλλ’
3153 2933 3258 2988 ίδοὺ
3294 2931 3388 2986 καὶ
3428 2927 3549 2983 καθ’
3569 2927 3765 2998 ’ἕτερον

2174 3037 2375 3106 τρόπον
2402 3033 2496 3088 τοῦ
2547 3029 2848 3104 μυστηρίου
2879 3026 2979 3097 τὴν
3026 3023 3255 3094 δύναμιν
3289 3021 3319 3073 ό
3351 3017 3761 3106 προφήτης-τε-

500 3126 789 3196 dogmalis,
824 3141 988 3195 SUper
1024 3138 1129 3195 qua
1166 3123 1370 3193 lampas
1417 3134 1522 3188 est,
1571 3099 1764 3192 nempe
1797 3120 2072 3183 Christus,

2179 3099 2390 3182 θέαται.
2445 3099 2560 3196 Τὴν
2615 3099 2743 3191 γάρ
2777 3136 2861 3172 τοι
2893 3115 3099 3189 χρυσῆν
3146 3110 3368 3183 λυχνίαν
3408 3106 3584 3178 φαμὲν
3616 3099 3757 3158 εἶναι

500 3221 568 3276 de
601 3234 709 3290 quo
736 3220 876 3274 Deus
912 3228 964 3273 et
1003 3217 1201 3273 Pater:
1240 3235 1259 3268 ι
1293 3215 1521 3286 Propter
1559 3215 1689 3270 Sion
1722 3229 1826 3269 non
1863 3212 2076 3277 tacebo,

501 3322 558 3367 et
583 3320 803 3383 propter
831 3309 1128 3365 Jerusalem
1165 3324 1275 3363 non
1302 3309 1602 3379 quiescam,
1633 3306 1809 3361 donec
1836 3303 2081 3374 egredia-

505 3414 594 3456 tur
634 3413 693 3457 ut
731 3403 911 3455 lumen
942 3401 1149 3471 justitia
1206 3414 1348 3464 mea,
1400 3409 1454 3453 et
1504 3397 1743 3452 salutare
1800 3410 1976 3450 meum
2025 3403 2084 3447 ut

506 3494 714 3562 lampas
746 3494 1071 3547 accendetur
1094 3491 1159 3544 ".
1191 3511 1210 3544 ι
1259 3489 1409 3543 lianc
1436 3488 1737 3558 lampadem
1770 3487 2082 3541 universum

508 3586 696 3640 urbem
746 3586 1142 3640 illuminautcm
1203 3598 1367 3653 super
1410 3579 1797 3636 candelabrum
1846 3579 1987 3633 Deus
2032 3587 2088 3632 et

512 3680 670 3734 Pater
701 3678 925 3748 posuit:
964 3697 981 3728 r
1015 3675 1089 3732 Ut
1116 3690 1305 3731 omnes
1348 3674 1440 3743 qui
1493 3672 1866 3741 ingrediuntur
1907 3669 2085 3723 lumen

511 3772 751 3835 videant,
797 3780 853 3824 et
891 3769 1069 3823 luceat
1115 3768 1367 3822 omnibus
1397 3767 1490 3835 qui
1533 3765 1586 3818 in
1623 3762 1785 3817 domo
1810 3772 1935 3817 sunt
1961 3761 2025 3814 ".
2063 3779 2083 3813 ι

514 3864 733 3933 Septem
771 3869 954 3915 autem
985 3870 1113 3914 sunt
1158 3858 1411 3920 lucernae,
1446 3871 1552 3909 non
1600 3855 1861 3908 habentes
1907 3851 2087 3904 lumen

514 3955 835 4024 proprium,
894 3954 989 4007 sed
1048 3951 1322 4005 inductum
1397 3956 1452 4002 et
1498 3956 1805 4010 externum,
1877 3952 1932 3996 et
1985 3942 2089 3996 olci

515 4045 783 4102 aﬂ'usioue
833 4044 1120 4106 nutritum,
1154 4057 1275 4112 qua:
1304 4051 1359 4095 et
1398 4041 1530 4110 ipsa:
1558 4048 1777 4092 sanctos
1817 4033 2091 4105 apostolos

516 4139 781 4206 referunt,
831 4145 887 4193 et
923 4133 1286 4205 evangelistas
1336 4132 1580 4199 insuper,
1624 4137 1678 4183 et
1724 4127 1815 4197 qui
1867 4124 2093 4195 singulis

525 4229 859 4300 temporibus
889 4226 1216 4281 exstiterunt
1249 4221 1607 4277 Ecclesiarum
1659 4218 1967 4288 magistros,
2000 4215 2092 4286 qui

522 4320 971 4374 illuminationem
1028 4332 1057 4369 a
1085 4314 1321 4370 ~Cbristo
1367 4312 1533 4367 veluti
1573 4310 1832 4379 quosdam
1872 4308 2096 4379 lyclmos

521 4415 575 4469 in
612 4412 808 4468 animis
872 4420 927 4466 et
958 4408 1213 4463 cordibus
1257 4406 1371 4461 suis
1394 4412 1771 4473 susceperunt,
1807 4401 1894 4456 cui
1924 4398 2097 4469 Spiri-

2183 3218 2345 3272 πάλιν
2384 3214 2483 3287 τὴν
2516 3195 2894 3280 νἘκκλησίαν,
2945 3207 3020 3270 ὡς
3066 3200 3435 3273 τετιμημένην
3461 3200 3518 3251 ὲν
3545 3195 3756 3264 κόσμῳ,

2180 3286 2611 3377 διαφανεστάτην
2637 3304 2696 3356 ὲν
2720 3302 2965 3375 ἀρεταῖς,
2994 3298 3070 3361 ὡς
3099 3292 3234 3365 ὑψοῦ
3258 3293 3322 3363 δὴ
3347 3290 3471 3344 λίαν
3515 3286 3763 3377 ἠρμένην

2182 3370 2296 3464 τοῖς
2328 3399 2429 3468 τῆς
2491 3370 2776 3465 ἀληθινῆς-
2803 3387 3130 3459 θεογνωσίας
3173 3384 3462 3468 δόγμασιν,
3511 3370 3659 3450 ὲφ’ᾖ
3702 3376 3765 3428 τὸ

2184 3465 2510 3562 λαμπάδιον,
2540 3486 2807 3545 τουτέστι,
2839 3480 3092 3555 Χριστὸς,
3127 3477 3257 3548 περὶ
3276 3465 3339 3528 οὗ
3373 3488 3540 3543 φησιν
3581 3470 3609 3523 ὁ
3632 3467 3765 3531 Θεὸς

2187 3560 2281 3638 καί
2304 3583 2516 3654 Πατήρο
2551 3598 2571 3631 r
2600 3578 2698 3632 Διά
2736 3575 2875 3630 Σιὼν
2926 3574 2987 3627 οὐ
3018 3570 3391 3639 σιωπήσομαι,
3416 3562 3510 3618 καὶ⁵
3538 3560 3625 3615 διὰ
3663 3561 3765 3612 Ἱε-

2191 3650 2479 3753 ρουσαλὴμ
2522 3675 2624 3728 οὐκ
2670 3672 2876 3743 ἀνήσω,
2927 3667 3031 3728 ἕως
3056 3663 3121 3718 ἂν
3155 3659 3349 3733 ἐξέλθῃ
3368 3658 3443 3721 ὡς
3489 3653 3603 3724 φῶς
3631 3650 3770 3753 ήΔδι-

2188 3744 2448 3839 καιοσύνη
2481 3784 2606 3838 μου,
2634 3765 2696 3819 τδ
2722 3765 2777 3819 δὲ
2805 3758 3070 3830 σωτήριόν
3098 3772 3199 3827 μου
3219 3753 3293 3817 ὡς
3317 3747 3538 3823 λαμπὰς
3565 3744 3771 3839 καυθή-

2192 3879 2364 3916 σεται.
2391 3879 2411 3913 s
2438 3835 2617 3912 ’Τοῦτο
2638 3858 2747 3928 γάρ
2771 3851 3075 3923 λαμπάδιον
3096 3847 3156 3902 τὸ
3187 3847 3374 3899 πᾶσαν
3393 3835 3772 3907 καταφωτίζον

2188 3954 2288 4024 τὴν
2321 3952 2411 4006 ὑπ’
2441 3949 2686 4021 οὐρανὸν,
2717 3926 2834 4000 ήὲπὶ
2863 3946 2930 4015 τῇ
2961 3941 3151 4010 λυχνίᾳ
3180 3936 3422 3990 τέθεικεν
3445 3933 3471 3984 ό
3505 3929 3636 3992 Θεὸς
3678 3926 3773 3981 καὶ

2193 4019 2405 4117 Πατὴρ,
2433 4062 2451 4095 t
2480 4019 2597 4095 Ἵνα
2620 4041 2818 4100 πάντες
2850 4037 2899 4090 οἱ
2926 4030 3392 4103 εἰσπορευόμενοι,
3413 4025 3474 4078 τὸ
3503 4022 3617 4092 φῶς
3649 4019 3773 4092 βλέ-

2194 4109 2362 4202 πωσί,
2395 4136 2490 4190 καὶ
2512 4134 2704 4205 λάμπῃ
2730 4132 2860 4184 πᾶσι
2886 4128 2996 4190 τοῖς
3029 4127 3086 4178 ἐν
3141 4124 3208 4193 τῇ
3252 4118 3421 4189 οἰκίᾳ.
3456 4135 3475 4168 ι
3518 4110 3687 4168 Ἑπτά
3718 4109 3775 4163 δὲ

2194 4232 2243 4283 oi
2288 4228 2494 4298 λύχνοι,
2519 4201 2633 4297 φῶς
2669 4201 2767 4276 οὐκ
2801 4222 3016 4292 ἔχοντες
3067 4215 3219 4277 ῐδιον,
3248 4211 3364 4266 ἀλλ’
3388 4207 3643 4266 ἐπακτὸν,
3680 4201 3778 4255 καὶ

2196 4324 2413 4390 ἔξωθεν,
2446 4321 2540 4374 καὶ
2582 4320 2700 4379 ταῖς
2735 4315 2800 4367 δι’
2832 4310 3013 4366 ἐλαίου
3061 4304 3350 4378 χορηγίαις
3399 4299 3773 4390 τρεφόμενονς

2198 4385 2521 4488 σημαίνουσι
2544 4412 2601 4465 δὲ
2627 4410 2720 4464 καὶ
2742 4407 2895 4463 αὐτοὶ
2914 4402 3041 4466 τοὺς
3078 4399 3266 4468 ἁγίους
3291 4392 3647 4452 ἀποστόλους,
3686 4385 3780 4488 καὶ

525 4516 611 4558 tus
661 4516 877 4559 sanctus
923 4501 1180 4556 alimenta
1223 4496 1605 4568 suppeditavit,
1647 4494 1738 4564 qui
1782 4492 2076 4547 domestici:

2203 4508 2386 4579 μέντοι
2445 4504 2540 4558 καὶ⁵
2565 4492 3105 4570 εὐαγγελιστάςνκαλ.
3136 4490 3262 4552 τοὺς
3291 4485 3437 4541 κατά
3462 4482 3648 4552 καιρὸν
3670 4477 3779 4532 τῶν

524 4600 704 4651 lumen
774 4595 1018 4662 praebent
1066 4601 1121 4646 et
1173 4589 1462 4646 credentes
1520 4601 1624 4641 una
1674 4600 1799 4640 cum
1852 4582 2099 4651 lampade

529 4687 856 4741 illuminant.
887 4682 1127 4739 Observa
1162 4688 1448 4749 praeterea,
1496 4687 1705 4746 septem
1748 4673 1986 4728 lucernis
2020 4672 2100 4725 iu-

531 4778 730 4833 fusoria
761 4775 1016 4839 adfuisse,
1062 4788 1156 4843 per
1189 4786 1309 4841 qua:
1341 4770 1446 4824 illis
1479 4769 1658 4823 oleum
1700 4765 2100 4827 infunderetur,

529 4870 760 4939 latupadi
822 4883 925 4922 non
973 4865 1232 4922 adfuisse.
1269 4861 1407 4929 Quid
1456 4860 1572 4915 ita?
1604 4868 1689 4913 est
1737 4856 1880 4913 enim
1922 4854 2102 4908 lumen

531 4979 718 5019 verum
755 4959 938 5024 Filius,
970 4975 1075 5014 nou
1126 4968 1430 5018 externum,
1459 4966 1637 5021 neque
1667 4949 1966 5010 inductum,
2006 4957 2107 4998 uec

533 5056 600 5111 ab
628 5055 736 5110 alio
774 5055 983 5119 datum,
1023 5052 1110 5106 cui
1155 5048 1386 5104 facultas
1418 5041 1756 5100 illutniuandi
1799 5035 2106 5105 contigerit,

537 5146 632 5201 sed
676 5146 792 5214 ipse
824 5153 911 5199 est
943 5142 1241 5198 secundum
1275 5148 1523 5194 naturam
1574 5136 1752 5191 lumen
1781 5152 1794 5188 :
1826 5130 1967 5201 quod
2007 5143 2107 5182 an-

539 5252 645 5295 tem
700 5241 754 5294 iu
807 5241 1013 5294 sanctis
1059 5247 1161 5302 est,
1205 5236 1275 5291 ab
1328 5236 1444 5304 ipso
1493 5232 1951 5289 comumnicatum
1997 5236 2101 5282 est.

538 5331 883 5386 'l‘estificatur
932 5329 983 5384 id
1025 5329 1243 5398 sapiens
1283 5325 1518 5382 Joannes
1557 5338 1573 5377 :
1610 5342 1627 5373 ι
1660 5322 1734 5376 De
1779 5319 2112 5390 plenitudine

540 5424 683 5493 ejus,
743 5423 936 5492 inquit,
999 5437 1191 5477 onmes
1246 5418 1640 5488 accepimus”.
1678 5435 1695 5466 ι
1755 5416 1872 5484 Ipse
1932 5422 2111 5467 autem

544 5516 715 5571 Filius
742 5531 928 5571 verum
975 5515 1155 5571 lumen
1184 5513 1455 5569 claritatis
1487 5527 1597 5566 sua:
1629 5511 1917 5577 partit-ipes
1945 5506 2115 5561 factos

546 5607 730 5662 mundi
768 5607 946 5662 lumen
981 5607 1309 5678 appellabat.
1362 5606 1449 5660 Ait
1498 5605 1699 5658 etenim
1742 5601 1947 5655 sanctis
1981 5616 2114 5671 apo-

625 5784 665 5817 "
700 5782 804 5837 lsa.
836 5797 966 5849 uti,
1012 5783 1057 5838 l.
1140 5784 1180 5813 ¹⁶
1211 5780 1341 5837 Luc.
1377 5796 1447 5844 xi,
1481 5780 1567 5836 '53.
1652 5779 1692 5810 ³⁷
1725 5776 1880 5831 Juau.
1917 5792 1955 5842 ι,
1983 5775 2065 5830 16.

2214 4567 2549 4664 λΕκκλησιῶν
2583 4567 2959 4649 διδασκάλους,
3008 4580 3331 4652 δεχομένους
3380 4576 3476 4647 μὲν
3514 4567 3602 4627 οἷά
3630 4586 3791 4664 τινας·

2202 4658 2428 4759 λύχνους
2489 4685 2569 4748 είς
2615 4681 2738 4735 νοῦν
2789 4680 2880 4732 καὶ
2920 4674 3146 4747 καρδίαν
3205 4669 3296 4723 τὸν
3339 4667 3493 4738 παρὰ
3544 4658 3781 4735 Χριστοῦ

2205 4756 2507 4850 φωτισμὸν.
2550 4774 2644 4828 καὶ
2668 4775 2789 4835 ταῖς
2845 4768 2940 4822 τοῦ
2987 4764 3304 4835 Πνεύματος
3350 4756 3634 4829 χορηγίαις
3662 4768 3783 4823 τρε-

2206 4843 2441 4942 ιρόμενον
2474 4867 2719 4937 ἔχοντας,
2747 4864 2926 4925 ἱέντας
2949 4876 3014 4928 γε
3045 4857 3149 4929 μὴν
3195 4856 3308 4917 τοῖς
3342 4853 3400 4905 ὲν
3436 4852 3503 4919 τῇ
3549 4846 3695 4916 οἰκίᾳ
3723 4843 3785 4896 τδ

2209 4961 2343 5031 φῶς,
2374 4960 2465 5014 καὶ
2491 4956 2569 5029 τῷ
2585 4951 2876 5024 λαμπαδίῳ
2907 4942 3458 5018 συγκαταυγάζοντας
3509 4937 3635 4998 τοὺς
3690 4949 3788 4984 πε-

2210 5025 2591 5113 πιστευκότας.
2630 5046 2912 5115 Ἐπιτήρει
2959 5041 3035 5104 δὲ,
3062 5041 3146 5092 ὅτι
3186 5040 3299 5099 τοῖς
3342 5033 3438 5104 μὲν
3488 5027 3630 5083 ἑπτὰ
3679 5025 3778 5078 λύ-

2224 5161 2372 5216 χνοις
2396 5138 2791 5212 ὲπαρυστρίδες
2814 5130 2976 5207 ἦσαν,
3009 5132 3075 5185 δι’
3121 5123 3196 5184 ὧν
3228 5126 3413 5187 αὐτοῖς
3445 5120 3707 5190 εἰσεχεῖτο
3728 5115 3791 5169 τὺ

2217 5208 2414 5300 έλαιον,
2436 5208 2804 5304 ἐπαρυστρίδα
2848 5243 2914 5296 γε
2963 5225 3070 5295 μὴν
3107 5222 3169 5275 τὸ
3192 5216 3507 5304 λαμπάδιον
3522 5212 3622 5304 ουκ
3655 5208 3788 5304 έχει.

2217 5327 2317 5380 Διά
2347 5298 2506 5378 ποίαν
2536 5298 2738 5385 ait-tau;
2768 5316 2887 5380 Φῶς
2922 5315 3017 5385 μὲν
3053 5312 3160 5382 γάρ
3210 5312 3327 5363 ἐστι
3365 5306 3427 5359 τὺ
3458 5298 3719 5373 ἀληθινὸν
3766 5300 3795 5350 ό

2219 5415 2367 5479 Υἱὸς,
2398 5415 2499 5466 οὐκ
2523 5407 2741 5477 ἔξωθεν,
2765 5406 2871 5460 οὐδ’
2893 5403 3148 5464 ἐπακτὸν,
3184 5398 3307 5453 οὔτε
3348 5395 3453 5468 μὴν
3506 5391 3636 5463 παρ’
3678 5389 3794 5442 ἑτέ-

2226 5523 2317 5577 ρου
2342 5504 2492 5559 δοτδν
2514 5503 2574 5555 τὸ
2597 5499 2996 5567 καταφωτίςειν
3035 5491 3293 5548 δύνασθαι
3325 5486 3526 5559 λαχών·
3559 5483 3674 5539 ἀλλ’
3702 5483 3797 5536 αὗ-

2222 5573 2313 5660 τδς
2345 5595 2484 5650 κατά
2516 5592 2676 5663 φύσιν
2702 5592 2960 5661 ὑπάρχων
3001 5586 3131 5656 φῶς·
3181 5579 3443 5654 μεθεκτόν
3473 5593 3534 5647 γε
3571 5573 3680 5646 μὴν
3741 5573 3798 5624 ἐν
