4072 6370
263 426 323 483 οι
1109 421 1661 481 COMMENTAMUS
1700 422 1767 480 IN
1812 422 2223 482 ZACIIARIAM
2262 425 2711 485 PKOPHETAM.
3462 432 3533 487 62

261 553 368 614 τοῖς
396 548 576 617 ἁγίοις
620 547 713 602 καὶ
755 546 885 617 παρ’
915 544 1103 600 αὐτοῦ.
1150 546 1265 599 Καὶ
1298 545 1709 618 πληροφορήσει
1754 546 1843 599 λέ-

1960 547 2100 602 stolis
2137 565 2149 602 :
2184 567 2203 599 ι
2235 546 2340 603 Vos
2372 549 2510 605 estis
2539 550 2633 604 lux
2669 549 2855 604 mundi
2884 550 2949 602 ⁵⁸.
2986 567 3004 602 ι
3040 547 3161 603 1am
3195 549 3311 604 dna:
3355 549 3532 615 olivzr,

263 659 373 710 γων
399 642 428 696 ό
471 639 635 708 σοφὸς
674 638 951 707 Ἰωάννης,
1003 637 1084 690 ότι
1134 656 1153 688 ι
1196 637 1293 691 Ἐκ
1338 636 1432 690 τοῦ
1476 636 1842 707 πληρώματος

264 731 431 789 αὑτοῦ
462 734 626 803 ἡμεῖς
647 730 847 793 πάντες
874 727 1157 799 ἐλάϐομεν.
1195 748 1212 780 ι
1254 728 1376 794 Φῶς
1413 730 1471 782 δέ
1498 729 1759 801 ὑπάρχων
1783 731 1845 784 τὸ

266 825 519 897 ἀληθινὸν
555 826 585 879 ὁ
617 822 766 887 Υἱὸς,
795 822 912 891 uti);
938 820 1189 892 ὠνόμαζε
1216 820 1312 875 τοῦ
1350 821 1558 892 κόσμου
1584 822 1711 885 τοὺς
1745 820 1844 887 τῆς

265 917 399 988 παρ’
421 914 588 970 αὐτοῦ
645 912 1029 984 λαμπρότητος
1054 914 1113 965 ἐν
1149 912 1367 982 μεθέξει
1420 912 1842 984 γεγενημένους.

267 1005 412 1075 Ἔφη
441 1004 551 1076 γὰρ
577 1007 688 1068 τοῖς
721 1002 899 1071 ἁγίοις
932 1002 1269 1066 ἀποστόλοις·
1307 1023 1326 1055 ι
1372 1005 1564 1075 Ὑμεῖς
1611 1007 1736 1057 ἐστε
1784 1005 1847 1058 τὸ

264 1098 382 1165 φῶς
404 1096 502 1150 τοῦ
555 1095 782 1166 κόσμου.
826 1114 844 1145 ι
889 1095 955 1147 Δί
1001 1095 1096 1148 δύο
1144 1113 1206 1163 γε
1264 1095 1376 1166 μὴν
1424 1095 1621 1161 ἐλαῖαι,
1657 1095 1753 1167 μία
1783 1097 1848 1149 ἐκ

263 1186 476 1255 δεξιῶν,
499 1189 594 1241 καὶ
627 1186 724 1256 μία
752 1186 812 1251 ἐξ
840 1186 1136 1256 εὐωνύμων
1171 1185 1266 1240 τοῦ
1318 1187 1624 1257 λαμπαδίου
1657 1186 1847 1257 κείμε-

263 1295 377 1345 ναι,
399 1281 528 1341 τοὺς
554 1276 647 1331 δύο
665 1277 831 1341 λαοὺς
861 1277 1317 1348 ὑποσημαίνουσι,
1361 1279 1644 1348 μονονουχὶ
1676 1279 1769 1331 καὶ
1791 1281 1848 1331 ἐν

264 1368 456 1438 κύκλῳ
501 1367 873 1440 περιεστῶτας
915 1367 1170 1437 Χριστόν.
1227 1367 1564 1437 Τετίμηνται
1606 1369 1715 1438 γὰρ
1771 1368 1850 1432 ὡς

262 1457 553 1528 ἠλεημένοι
577 1460 643 1529 τῇ
668 1458 847 1529 τοιᾷδε
891 1458 1098 1511 στάσει.
1130 1459 1241 1512 Καὶ
1265 1460 1313 1511 οἱ
1347 1458 1447 1528 μὲν
1470 1455 1613 1528 ἦσαν
1644 1460 1710 1512 ἐκ
1747 1459 1849 1530 τῆς

266 1547 629 1613 καλλιελαίου,
656 1549 925 1613 τουτέστι,
957 1549 1060 1620 τῆς
1107 1548 1385 1603 Ἰουδαίων
1415 1549 1768 1622 Συναγωγῆς
1799 1552 1849 1603 oi.

263 1639 322 1692 δέ
350 1639 447 1709 τῆς
475 1638 670 1711 ἀγρίου
701 1640 799 1710 μὲν
849 1638 1141 1708 ἐξέφυσαν,
1169 1640 1439 1700 τουτέστι,
1463 1639 1567 1709 τῆς
1597 1637 1659 1706 ἐξ
1680 1639 1850 1694 ἐθνῶν

265 1730 525 1801 πληθύος.
558 1730 704 1801 Πλὴν
725 1731 1201 1803 ἐγκεντρισθέντες
1226 1732 1308 1795 εἰς
1345 1731 1447 1803 τὴν
1477 1731 1842 1796 καλλιέλαιον,

266 1824 514 1877 κοινωνοὶ
560 1822 818 1892 γεγόνασι
871 1822 972 1893 τῆς
1020 1824 1276 1893 πιότητος
1334 1824 1434 1895 τῆς
1492 1824 1670 1897 ῥίζης,
1709 1823 1851 1879 κατὰ

262 1917 366 1987 τὴν
400 1913 497 1968 τοῦ
528 1915 798 1987 μακαρίου
844 1914 1060 1968 Παύλου
1124 1919 1330 1988 φωνήν.
1361 1917 1553 1990 ¹Ἀθρει
1612 1917 1670 1970 δὲ
1700 1918 1850 1981 ὅπως
1882 1905 1924 1960 Β

263 2010 361 2062 ἐπὶ
382 2009 483 2081 τὴν
512 2008 737 2079 λυχνίαν
760 2007 896 2078 ὁμοῦ
927 2007 1007 2079 τῷ
1043 2007 1338 2079 λαμπαδίῳ
1395 2010 1492 2063 καὶ
1544 2009 1597 2064 οἱ
1642 2007 1848 2080 λύχνοι,

265 2101 362 2154 καὶ
394 2102 453 2154 αἱ
492 2098 587 2153 δύο
630 2099 830 2154 ἐλαῖαι.
859 2098 1083 2154 Σύνεστι
1140 2099 1250 2171 γὰρ
1284 2102 1415 2171 ἡμῖν
1449 2103 1507 2155 ἐν
1552 2100 1852 2173 Ἐκκλησία

265 2189 525 2260 Χριστὸς,
552 2190 650 2243 καὶ
675 2189 786 2242 τῶν
813 2189 1308 2261 πεπιστευκότωνή
1336 2189 1468 2261 ὴλεη
1479 2189 1612 2261 μένη
1641 2187 1851 2261 πληθὺς

266 2281 687 2351 καταλάμπεται
714 2281 812 2352 μὲν
861 2280 941 2350 τῷ
991 2283 1121 2352 παρ’
1152 2280 1320 2335 αὑτοῦ
1352 2281 1514 2351 φωτὶ,
1554 2280 1852 2350 φωτίζεται

261 2374 322 2425 δὲ
354 2373 449 2442 καὶ
480 2372 571 2426 διὰ
621 2372 854 2444 λύχνων,
902 2373 951 2427 οἳ
1015 2372 1280 2443 μεθεκτὸν
1325 2373 1511 2443 ἔχουσι
1566 2374 1660 2426 καὶ
1716 2373 1852 2444 παρ’

261 2464 430 2519 αὐτοῦ
458 2465 521 2519 τὸ
548 2465 684 2534 φῶς.
731 2465 928 2518 Ἰστέον
969 2465 1048 2531 δέ,
1078 2465 1161 2519 ὅτι
1215 2465 1311 2518 καὶ
1334 2468 1392 2518 ἐν
1418 2467 1485 2537 τῇ
1535 2468 1851 2537 κατασκευῇ

260 2559 367 2628 τῆς
391 2557 553 2624 ἁγίας
583 2557 788 2628 σκηνῆς
825 2557 1002 2612 ἔκειτο
1031 2557 1130 2630 μὲν
1169 2558 1248 2622 είς
1272 2558 1342 2611 τά
1360 2558 1529 2625 Ἀγια
1548 2559 1656 2613 τῶν
1683 2559 1853 2628 ἁγίων

263 2651 405 2705 ἑπτά
441 2650 673 2721 λύχνους
700 2650 900 2721 ἔχουσα
945 2649 1137 2721 λυχνία
1191 2650 1389 2722 χρυσῆ.
1426 2652 1769 2722 Προσέταττε
1796 2651 1855 2705 δὲ

261 2743 400 2808 θεὸς
425 2742 507 2815 τῷ
545 2741 781 2814 Ἀαρὼν,
804 2742 1001 2811 λέγων,
1047 2742 1129 2795 ὅτι
1181 2761 1199 2793 ι
1236 2740 1391 2795 Κατὰ
1427 2742 1721 2812 πρόσωπον
1748 2742 1855 2812 τῆς

264 2838 486 2909 λυχνίας
538 2840 604 2892 ἐκ
650 2836 747 2890 τοῦ
805 2837 979 2890 νοτίου
1043 2836 1248 2908 μέρους
1316 2836 1581 2905 φανοῦσιν
1620 2839 1668 2890 οἱ
1711 2836 1854 2891 ἑπτὰ

264 2924 471 2997 λύχνοι.
507 2944 528 2979 ι
566 2926 644 2979 Ού
704 2924 816 2997 γάρ
875 2928 988 2989 τοῖς
1030 2926 1259 2980 κατόπιν
1315 2927 1486 2998 αὐτῆς
1535 2929 1564 2980 ὁ
1599 2927 1690 2981 διὰ
1743 2927 1853 2981 τῶν

264 3015 476 3087 λύχνων
500 3017 708 3071 δέδοται
735 3017 1037 3089 φωτισμδς,
1066 3017 1201 3072 ἀλλὰ
1251 3021 1366 3082 τοῖς
1395 3018 1469 3083 ὡς
1497 3020 1556 3072 ἐν
1576 3018 1855 3092 προσώπῳ

268 3108 510 3181 Χριστοῦ
569 3108 662 3163 διὰ
699 3110 800 3181 τῆς
841 3108 1079 3174 πίστεως
1135 3110 1542 3182 ἐνηνεγμένοις.
1578 3110 1690 3164 Καὶ
1723 3110 1855 3179 γοῦν

1948 654 2054 692 una
2083 653 2113 692 a
2140 639 2375 704 dextris,
2406 648 2462 695 et
2487 642 2660 695 altera
2690 657 2721 694 a
2746 641 2991 696 sinistris
3021 640 3288 710 lampadis
3318 645 3531 709 postia,

1947 731 2084 785 duos
2117 729 2346 798 populos
2382 730 2682 795 insinuant,
2714 730 2870 801 quasi
2913 731 2966 785 in
3015 732 3204 786 orbem
3250 729 3531 786 Christum

1947 821 2388 876 circumstantes.
2425 818 2564 874 Nam
2597 830 2655 875 ut
2708 821 3140 877 misericordiam
3175 821 3376 891 adepti,
3416 831 3531 876 sta-

1948 911 2095 966 tione
2119 910 2428 980 lmjusmodi
2460 911 2663 979 dignati
2704 919 2850 965 sunt.
2888 910 2955 964 Et
3002 909 3080 965 illi
3108 910 3328 979 quidem
3369 920 3534 964 erant

1948 1018 2018 1056 ex
2049 1003 2187 1056 bona
2235 1001 2400 1064 oliva,
2442 1004 2700 1055 nimirum
2742 1017 2809 1055 ex
2855 1000 3140 1071 Synagoga
3171 999 3482 1056 Iudaeorum
3516 1018 3529 1053 :

1951 1095 2005 1148 hi
2034 1109 2101 1147 ex
2135 1093 2370 1147 oleastro
2403 1093 2593 1162 geniti,
2630 1092 2733 1147 hoc
2768 1099 2854 1147 est
2900 1104 2968 1146 ex
3010 1093 3254 1161 gentium
3286 1091 3530 1146 multitu-

1950 1187 2077 1241 dine
2100 1183 2356 1257 η.ωᾷ
2384 1186 2773 1239 Verumtamen
2828 1184 3020 1239 inserti
3069 1185 3122 1237 in
3178 1184 3374 1237 bonam
3425 1183 3531 1235 oli—
3594 1222 3597 1227 .

1952 1295 2096 1344 vam,
2132 1277 2510 1347 pinguedinem
2562 1276 2764 1332 radicis
2819 1282 3188 1338 attraxerunt,
3238 1284 3296 1327 ut
3343 1275 3532 1328 scribit

1951 1373 2145 1426 beatus
2192 1369 2390 1425 Paulus
2411 1370 2478 1424 ³⁸.
2536 1368 2815 1438 Perpende
2866 1368 2979 1438 jam
3047 1368 3322 1436 quomodo
3370 1379 3533 1434 super

1950 1462 2336 1517 candelabrum
2370 1461 2531 1515 simul
2555 1475 2681 1516 cum
2712 1459 2960 1530 lampade
2991 1459 3156 1512 etiam
3187 1457 3424 1511 lucernae
3479 1468 3532 1510 et

1952 1556 2071 1608 duae
2113 1554 2271 1609 oliva:
2305 1562 2452 1608 sunt.
2499 1551 2597 1606 Est
2648 1551 2795 1606 enim
2840 1550 3123 1604 nobiscum
3177 1549 3233 1600 in
3293 1546 3533 1601 Ecclesia

1951 1645 2222 1711 Christus,
2268 1654 2325 1699 et
2369 1643 2714 1698 credentium
2764 1639 3054 1695 nmltitudo
3106 1636 3531 1691 misericordiam

1952 1748 2264 1801 consecuta,
2288 1751 2409 1806 ejus
2434 1735 2638 1789 lumine
2657 1734 3031 1797 illuminatnr;
3063 1729 3369 1783 illustratur
3393 1742 3535 1796 prte-

1956 1840 2100 1884 terea
2130 1844 2227 1899 per
2268 1828 2544 1893 lucernas,
2577 1841 2698 1897 qua:
2729 1824 2799 1880 ab
2838 1824 2957 1894 ipso
3000 1820 3258 1876 similiter
3285 1834 3535 1874 commu-

1954 1921 2191 1974 nicatum
2221 1919 2404 1974 lumen
2452 1918 2755 1974 continent.
2790 1914 2868 1971 Ne
2909 1916 3131 1984 ignores
3159 1925 3344 1982 porro,
3372 1910 3535 1964 etiam

1955 2014 2006 2067 in
2050 2024 2325 2069 structura
2375 2011 2552 2066 sancti
2598 2009 2936 2066 tabernaculi
2988 2010 3224 2080 positum
3271 2007 3441 2063 fuisse
3481 2009 3536 2060 in

1955 2104 2155 2160 Sancta
2204 2115 2521 2160 sanctorum
2574 2104 2962 2159 candelabrum
3019 2118 3276 2167 aureum,
3326 2111 3535 2172 septem

1955 2197 2207 2254 lucernas
2239 2196 2532 2252 sustinens.
2573 2195 2849 2250 Mandavit
2895 2197 3042 2250 enim
3081 2197 3222 2250 Deus
3255 2195 3434 2249 Aaron
3480 2193 3533 2245 in

1954 2290 2098 2345 hunc
2124 2291 2339 2345 modum
2368 2309 2383 2344 :
2416 2309 2435 2341 ι
2463 2288 2668 2345 Versus
2701 2288 2892 2343 faciem
2928 2287 3240 2343 candelabri
3271 2302 3336 2340 ex
3381 2295 3536 2354 parte

1955 2381 2179 2436 australi
2224 2381 2474 2436 lucebunt
2524 2392 2731 2450 septem
2778 2380 3017 2435 lucerna:
3038 2381 3107 2436 ".
3143 2398 3162 2431 ι
3218 2376 3339 2433 Non
3393 2375 3539 2431 enim

1954 2472 2022 2527 iis
2079 2473 2169 2542 qui
2215 2487 2246 2526 a
2301 2482 2455 2544 tergo
2504 2472 2815 2528 candelabri
2867 2481 3013 2537 sunt,
3075 2469 3397 2526 illuminatio
3447 2481 3543 2536 per

1956 2565 2207 2621 lucernas
2240 2568 2366 2622 data
2393 2576 2497 2632 est,
2540 2566 2633 2621 sed
2667 2566 2734 2621 iis
2794 2565 2886 2635 qui
2917 2565 3076 2635 quasi
3109 2564 3305 2619 faciem
3336 2561 3540 2619 Christi

1956 2672 2053 2727 per
2100 2659 2259 2713 [idem
2300 2658 2596 2728 respiciunt
2615 2659 2685 2711 υ.
2739 2658 2924 2725 Quare
2971 2655 3145 2712 Judaei
3189 2654 3342 2726 quasi
3398 2662 3544 2708 retro

1956 2749 2154 2819 ipsum,
2190 2757 2247 2803 et
2282 2747 2337 2803 in
2387 2758 2543 2816 tergo
2566 2748 2757 2817 positi,
2794 2747 3037 2803 tenebris
3064 2745 3415 2801 obscuratum
3446 2743 3544 2796 ba»

1957 2840 2087 2895 bent
2130 2855 2244 2895 cor.
2288 2841 2390 2906 Qui
2431 2850 2611 2895 autem
2659 2855 2726 2896 ex
2775 2840 3031 2910 gentibus
3071 2837 3445 2899 crediderunt,
3490 2834 3542 2888 in

1959 2932 2097 2987 facie
2136 2932 2336 2986 habent
2384 2931 2661 2998 lucernas,
2709 2930 2907 3000 quibus
2955 2930 3124 2985 libera
3166 2939 3242 2983 .et
3285 2928 3403 2982 sine
3438 2925 3547 2981 ullo

1958 3022 2344 3092 impedimento
2373 3039 2469 3094 per
2508 3032 2699 3079 sancta
2729 3022 2960 3090 contigit
2994 3019 3338 3076 illuminatio.
3373 3019 3547 3073 Arde-

1961 3117 2054 3169 bat
2102 3123 2282 3169 autem
2337 3123 2389 3169 et
2441 3114 2659 3169 lucerna
2704 3130 2809 3168 una
2869 3113 2922 3168 in
2962 3113 3113 3167 aditu
3161 3109 3542 3167 tabernaculi:

281 3199 527 3254 Ἰουδαῖοι
568 3199 801 3255 κατόπιν
822 3200 1012 3274 ῶσπερ
1041 3201 1209 3257 αὐτοῦ
1238 3204 1334 3257 καὶ
1364 3205 1448 3267 εἰς
1487 3202 1635 3258 νῶτα
1665 3203 1854 3275 κείμε-

1960 3219 2063 3276 qua
2112 3219 2171 3259 re
2219 3204 2633 3273 signiﬁcabatur
2688 3201 2916 3272 legalem
2951 3201 3349 3258 institutionem
3379 3213 3548 3253 evan-

267 3310 372 3356 νοι,
404 3294 896 3366 κατεσκοτισμένον
930 3294 1115 3367 ἔχουσι
1141 3296 1235 3350 τὸν
1256 3295 1403 3353 νοῦν.
1433 3296 1497 3351 Ol
1528 3297 1585 3350 δὲ
1607 3295 1667 3361 ἐξ
1688 3296 1857 3351 ἐθνῶν

1961 3297 2146 3366 gelicte
2173 3312 2203 3350 a
2239 3306 2393 3365 tergo
2423 3297 2521 3352 ire.
2552 3296 2685 3351 Vide
2718 3297 2863 3350 enim
2917 3310 3026 3366 quo
3057 3303 3237 3364 pacto,
3266 3292 3547 3364 quibusin

270 3384 682 3449 πιστεύσαντες,
712 3387 794 3451 είς
826 3386 1121 3457 πρόσωπον
1172 3388 1357 3458 έχουσι
1417 3390 1546 3453 τοὺς
1587 3388 1852 3460 λύχνους⁶

1963 3388 2231 3458 principio
2257 3387 2596 3443 tabernaculi
2625 3403 2729 3441 una
2762 3388 2989 3442 lucerna
3024 3387 3234 3451 ardeat,
3264 3384 3315 3439 in
3348 3383 3549 3437 Sancta

268 3476 552 3550 ἐλεύθερος
581 3477 690 3549 γὰρ
742 3477 929 3541 αὐτοῖς
966 3479 1062 3532 καὶ
1103 3478 1545 3549 ἀπαραπόδιστος
1580 3480 1857 3545 παντελῶς

1960 3490 2273 3536 sanctormn
2332 3480 2603 3549 ingressos
2662 3489 2869 3547 septem
2939 3477 3173 3531 lucernae
3239 3486 3291 3530 et
3349 3474 3551 3542 lampas

267 3571 301 3622 ό
329 3567 417 3624 διά
442 3568 552 3622 τῶν
579 3569 749 3638 ἁγίων
778 3569 970 3639 γέγονε
1001 3571 1300 3641 φωτισμός.
1352 3573 1598 3627 Ἐκαίετο
1646 3572 1705 3627 δέ
1758 3578 1856 3628 καὶ

1961 3575 2115 3645 quasi
2152 3573 2462 3642 largissimo
2491 3570 2785 3640 splendore
2819 3569 3239 3638 perfundebant.

271 3658 465 3731 λύχνος
513 3652 594 3721 εἷς
645 3661 704 3712 ἐν
763 3662 830 3731 τῇ
883 3659 1077 3733 πρώτῃ
1103 3664 1296 3734 σκηνῇ·
1339 3665 1438 3733 τῆς
1484 3664 1850 3735 εὐαγγελικῆς
1889 3666 2222 3730 παιδεύσεως
2252 3668 2481 3719 κατόπιν
2542 3662 2726 3718 ἰοῦσαν
2785 3661 2884 3733 τὴν
2913 3660 3144 3732 νομικὴν
3173 3657 3267 3716 τοῦ
3295 3657 3553 3729 πράγμα-

269 3767 364 3815 τος
387 3753 522 3820 ἡμῖν
559 3754 1077 3822 κατασημαίνοντος.
1105 3754 1214 3807 θέα
1241 3757 1349 3827 γὰρ
1387 3757 1565 3821 ὅπως,
1594 3753 1675 3821 οἷς
1705 3759 1765 3812 ἐν
1791 3759 1891 3830 μὲν
1926 3761 1992 3831 τῇ
2030 3758 2221 3832 πρώτῃ
2259 3761 2433 3830 σκηνῇ
2465 3752 2547 3821 εἷς
2575 3756 2790 3811 ἐκαίετο
2843 3754 3058 3825 λύχνος,
3090 3756 3204 3817 τοῖς
3237 3770 3302 3822 γε
3339 3752 3446 3824 μὴν
3471 3753 3554 3815 είς

272 3844 342 3898 τά
374 3845 541 3912 Ἅγια
568 3843 677 3899 τῶν
713 3845 885 3914 ἁγίων
929 3846 1071 3900 ἑπτά
1086 3845 1269 3917 λύχνοι
1306 3850 1397 3902 καὶ
1428 3849 1487 3903 τὸ
1520 3850 1826 3922 λαμπάδιον
1859 3851 2348 3925 ἅμςοιλαφεστάτην
2376 3850 2565 3923 ὥσπερ
2599 3849 2815 3903 ἐνίεσαν
2848 3847 2947 3919 τὴν
2975 3847 3150 3917 αὐγήν

349 3941 457 3997 Καὶ
486 3941 867 4027 ἐπηρώτησα,
920 3942 1019 3997 καὶ
1071 3939 1210 3997 εἶπα
1248 3945 1399 4014 πρὸς
1442 3946 1549 4000 τὸν
1602 3947 1857 4019 ἄγγελον

2037 3949 2204 4005 Vens.
2244 3948 2367 4003 4-6.
2420 3946 2488 4001 Ει
2517 3945 2858 4016 interrogavi,
2888 3954 2935 3998 et
2962 3945 3074 3998 dixi
3107 3943 3177 3996 ad
3202 3940 3443 4011 arigelum
3466 3938 3557 4008 qui

276 4032 386 4085 τὸν
413 4032 724 4086 λαλοῦντα
768 4032 839 4086 ἐν
897 4033 1047 4103 ἐμοὶ,
1099 4032 1315 4104 λέγων’
1358 4038 1418 4090 Τί
1471 4036 1605 4091 ἐστι
1638 4040 1857 4106 ταῦτα,

1963 4041 2273 4112 loquebatur
2302 4040 2356 4094 in
2398 4056 2499 4103 me,
2532 4039 2714 4094 dicens
2745 4055 2763 4093 :
2794 4036 2935 4103 Quid
2972 4045 3090 4090 sunt
3128 4035 3261 4097 haec,
3294 4031 3558 4086 Domine?

279 4124 456 4194 Κύριε
476 4140 497 4189 ;
544 4126 657 4179 Kal
692 4125 983 4194 ἀπεκρίθη
1047 4128 1081 4180 ὁ
1137 4126 1394 4197 ἄγγελος
1436 4130 1470 4182 ὁ
1537 4129 1750 4184 λαλῶν
1795 4131 1857 4185 ἐν

1966 4133 2032 4188 Ει
2064 4133 2330 4201 respondit
2364 4130 2578 4203 angelus
2616 4132 2705 4200 qui
2773 4128 3083 4201 loquebatur
3115 4127 3168 4180 in
3214 4141 3315 4188 nte,
3342 4132 3389 4178 et
3421 4120 3556 4176 dixit

277 4217 432 4286 ἐμοὶ,
469 4216 568 4271 καὶ
603 4216 735 4271 εἷπε
763 4218 914 4286 πρός
936 4235 1033 4287 με,
1068 4216 1285 4288 λέγων·
1315 4222 1398 4275 Οὐ
1437 4222 1753 4290 γινώσκεις
1808 4234 1857 4279 tt

1964 4223 2034 4277 nd
2079 4239 2180 4288 me,
2225 4222 2443 4276 dicens:
2470 4218 2596 4275 Non
2636 4219 2905 4291 cognoscis
2955 4217 3081 4287 quid
3134 4227 3252 4269 sunt
3294 4213 3453 4267 lure?
3487 4209 3556 4264 Et

279 4311 414 4363 ἐστι
440 4309 663 4373 cauta;
718 4310 829 4365 Καὶ
879 4306 1040 4365 εἴπω
1103 4311 1272 4379 Οὐχὶ,
1327 4299 1524 4380 Κύριε.
1579 4315 1693 4370 Καὶ
1740 4317 1857 4370 ἀπ·

1970 4316 2082 4368 dtxi
2112 4332 2130 4369 :
2163 4313 2307 4378 Non,
2340 4314 2578 4368 Domine.
2633 4313 2702 4367 Et
2733 4310 3022 4380 respondit,
3076 4319 3125 4362 et
3175 4307 3307 4359 dixit
3359 4311 3426 4357 ad
3455 4322 3555 4370 nte,

280 4400 507 4469 εκριθη,
548 4400 645 4454 καὶ
674 4394 806 4453 εἶπε
836 4401 985 4468 πρός
1014 4415 1105 4467 με,
1151 4396 1365 4469 λέγων·
1396 4395 1586 4478 Οὗτος
1617 4405 1651 4456 ό
1679 4404 1857 4472 λόγος

1972 4411 2190 4462 dicens:
2222 4406 2328 4462 Iste
2380 4424 2550 4462 sermo
2592 4406 2799 4460 Domini
2848 4404 2919 4457 ad
2970 4400 3283 4463 Zorobubel,
3333 4400 3510 4452 dicens
3537 4409 3556 4447 :

282 4490 508 4558 Κυρίου
534 4489 686 4557 πρὸς
723 4488 1078 4559 Ζοροϐάϐελ,
1112 4487 1325 4559 λέγων’
1364 4492 1485 4544 Οὐκ
1514 4492 1585 4545 ἐν
1611 4492 1857 4564 δυνάμει

1974 4501 2098 4555 Non
2136 4502 2191 4555 in
2225 4501 2541 4569 fortitudine
2584 4515 2800 4569 magna,
2846 4513 3011 4566 neque
3040 4496 3097 4548 in
3133 4493 3337 4557 robore,
3384 4492 3472 4545 sed
3502 4491 3557 4542 in

276 4578 537 4650 μεγάλῃ,
564 4581 708 4636 οὐδὲ
742 4582 814 4635 ἐν
861 4583 1048 4652 ὶσχύτ,
1087 4581 1249 4636 ἀλλὰ
1289 4582 1360 4635 ἐν
1384 4584 1686 4655 Πνεὺματι
1723 4604 1857 4655 μου,

1972 4590 2178 4661 Spiritu
2213 4608 2347 4654 meo,
2386 4590 2514 4643 dicit
2545 4586 2803 4642 Dominus
2835 4586 3184 4654 omnipotens.

280 4671 444 4742 λέγει
462 4673 678 4741 Κύριος
707 4674 1149 4745 παντοκράτωρ.

355 4764 482 4818 ΚΔ’.
509 4764 633 4818 Ὀτι
665 4765 760 4818 καὶ
794 4766 1037 4838 ἀμείνων
1074 4771 1166 4823 καὶ
1205 4770 1494 4843 ἱερώτερος
1521 4773 1619 4842 τῆς
1653 4772 1711 4824 ἐν
1733 4773 1868 4843 ἡμῖν

282 4855 521 4921 διανοίας
549 4860 580 4909 ό
605 4856 714 4910 τῶν
740 4859 946 4929 νοητῶν
970 4859 1252 4932 δυνάμεων
1281 4864 1424 4931 νοῦς,
1484 4865 1582 4918 καὶ
1623 4865 1680 4918 ἐν
1707 4866 1873 4933 ἀσυγ-

286 4946 494 5019 κρίτοις
531 4947 830 5019 ὑπεροχαῖς
857 4951 926 5005 τὰ
984 4952 1106 5005 καθ’
1128 4955 1277 5024 ἡμᾶς
1312 4955 1735 5026 ὑπερκείμενος,
1773 4957 1871 5011 καὶ

288 5037 539 5091 ἐντεῦθεν
567 5038 635 5092 ἂν
665 5038 875 5109 μάθοις.
912 5040 1244 5113 Ἐπέστρεψε
1282 5044 1379 5112 μὲν
1409 5043 1519 5116 γὰρ
1546 5045 1576 5098 ὁ
1616 5044 1867 5114 ἄγγελος,

288 5130 362 5192 ὡς
415 5132 445 5183 ὁ
500 5131 786 5202 προφήτης
834 5132 990 5202 φησὶ,
1047 5137 1142 5188 καὶ
1195 5134 1478 5207 ἐξήγειρεν
1516 5137 1702 5200 αὑτὸν,
1755 5156 1774 5189 ι
1810 5136 1871 5191 ὃν

288 5221 491 5292 τρόπον
516 5222 646 5276 ὅταν
671 5221 933 5295 ἐξεγερθῇ
962 5223 1248 5296 ἄνθρωπος
1306 5229 1373 5280 ἐκ
1416 5227 1512 5281 τοῦ
1548 5227 1720 5281 ὕπνου
1774 5228 1873 5282 αὒ-

289 5314 405 5366 τοῦ.
448 5333 466 5366 ι
504 5315 567 5368 Εἰ
592 5314 701 5387 γὰρ
723 5314 787 5388 δὴ
814 5316 1128 5389 συγκρίνειν
1155 5318 1329 5373 ἕλοιτό
1374 5337 1460 5384 τις
1509 5320 1585 5385 ὡς
1630 5320 1769 5392 πρός
1807 5338 1872 5390 γε

290 5406 382 5458 τον
405 5408 525 5471 ταῖς
554 5406 667 5462 ἄνω
689 5407 985 5480 δυνάμεσιν
1009 5409 1198 5464 ἐνόντα
1228 5411 1375 5475 νοῦν,
1401 5413 1499 5484 τῆς
1516 5412 1871 5483 ἀνθρωπίνης

290 5496 529 5561 διανοίας
563 5498 624 5552 τὸ
653 5500 872 5571 μέτρον,
910 5503 1389 5574 μειονεκτούμενον
1440 5504 1661 5576 εὑρήσει
1682 5505 1872 5559 τοσοῦ-

292 5602 405 5651 τον,
454 5590 581 5643 ὅσον
637 5590 704 5643 ἂν
740 5594 913 5644 νοοῖτο
973 5593 1203 5648 κατόπιν
1259 5594 1434 5649 ἐλθεῖν
1493 5595 1717 5667 καὶτῆς
1764 5595 1874 5650 τῶν

294 5678 575 5745 νηφόντων
628 5679 865 5745 διανοίας
919 5682 986 5737 τὰ
1020 5685 1078 5738 ἐν
1103 5687 1216 5755 τοῖς
1270 5684 1459 5751 ὕπνοις
1493 5686 1700 5758 ἀδρανῆ
1733 5705 1873 5757 φαν-

369 5794 412 5826 ¹⁸
439 5793 628 5850 Matth.
667 5811 715 5860 ν,
749 5797 829 5851 I4.

305 5801 412 5916 ww
439 5801 628 5850 Matth.
667 5811 715 5860 ν,
749 5801 829 5851 I4.
932 5802 973 5832 "
1004 5801 1158 5857 llom.
1196 5817 1272 5867 ιι,
1299 5802 1367 5857 17
1388 5818 1541 5874 seq‘t-

1622 5805 1665 5835 '°
1691 5804 1824 5860 Ibid.
1856 5803 1939 5859 l7.

2042 4766 2232 4823 XXIV.
2274 4765 2547 4821 Virtutum
2591 4781 2730 4838 quas
2766 4765 2949 4819 animo
3000 4765 3267 4829 videmus,
3319 4769 3554 4817 tuentem

1976 4872 2160 4916 nostra
2190 4870 2370 4914 mente
2387 4859 2842 4930 praestantiorem,
2867 4868 2921 4912 et
2948 4857 3302 4919 sanctiorem,
3329 4854 3555 4909 nostris-

1977 4969 2082 5024 que
2113 4954 2273 5008 rebus
2300 4951 2823 5023 incomparabilibus
2845 4950 3186 5006 excellentiis
3214 4948 3555 5018 superiorem

1977 5060 2118 5109 esse,
2159 5046 2323 5100 etiam
2357 5044 2485 5100 hinc
2521 5045 2724 5099 discas.
2758 5041 3036 5098 Reversus
3074 5053 3159 5097 est
3205 5041 3347 5096 enim
3388 5053 3559 5107 ange-

1979 5137 2083 5203 lus,
2109 5148 2168 5191 ut
2195 5137 2271 5191 ait
2310 5137 2595 5206 prapheta,
2628 5143 2682 5190 et
2725 5134 2986 5189 excitavit
3020 5149 3143 5189 eum
3167 5171 3182 5197 ,
3214 5151 3234 5183 ι
3262 5132 3410 5187 velut
3436 5145 3558 5185 cum

1978 5231 2248 5285 excitatur
2281 5228 2443 5282 homo
2473 5226 2541 5281 de
2594 5241 2788 5281 somno
2820 5242 2941 5282 suo.
2970 5245 2989 5277 ι
3020 5224 3154 5279 Nam
3206 5223 3250 5278 si
3298 5223 3421 5293 quis
3450 5221 3559 5277 vim

1975 5336 2333 5392 supernarum
2392 5321 2657 5375 virtutum
2710 5334 2839 5374 cum
2899 5316 3254 5385 intelligentia
3321 5315 3558 5369 humana

1976 5427 2295 5483 comparare
2348 5411 2614 5477 voluerit,
2673 5411 2816 5465 hanc
2882 5408 2974 5463 illa
3035 5415 3187 5462 tanto
3249 5405 3561 5461 inferiorem

1978 5504 2287 5575 perspiciet,
2316 5514 2580 5575 quantum
2607 5502 2815 5558 scimus
2838 5499 3179 5571 vigilantium
3217 5497 3560 5567 cogitationi-

1978 5599 2080 5652 bus
2127 5597 2326 5652 cedere
2358 5593 2739 5650 dormientium
2786 5591 2923 5655 visa,
2972 5591 3088 5645 sive
3109 5587 3277 5662 685
3326 5590 3559 5645 somnia.

1980 5689 2261 5745 Excitatus
2289 5697 2372 5743 est
2404 5688 2568 5758 igitur
2594 5685 2859 5756 propheta
2876 5682 2944 5739 ad
2968 5681 3206 5754 vigiliam
3237 5701 3250 5736 :
3283 5680 3557 5737 nihilomi-

2016 5807 2056 5836 ²¹
2093 5802 2262 5859 Exod.
2302 5815 2427 5866 xxv,
2458 5801 2563 5867 37;
2598 5799 2755 5856 Num.
2795 5814 2914 5866 rm,
2942 5799 2997 5854 9..
3078 5799 3122 5829 ²²
3146 5794 3290 5852 Psal.
3324 5806 3561 5860 Lxuttt,
