4072 6370
531 415 607 469 G5
1511 412 1586 468 'S.
1628 409 1912 468 CYBILLI
1948 408 2433 466 ALEXANDRINI
2468 407 2795 469 ARCIIIEP.
3738 408 3808 465 ει

542 543 643 581 nos
672 528 832 583 etiam
858 530 939 584 sic
960 529 1151 584 tardus
1183 539 1271 585 est
1299 532 1366 584 ad
1403 531 1753 601 percipienda
1775 538 1897 599 qua:
1930 542 2108 585 osten-

2224 532 2479 603 τάσματα
2548 532 2876 602 Ἐγήγερται
2907 530 2972 599 δὴ
3000 520 3094 583 οὗν
3134 531 3163 583 ό
3189 528 3478 599 προφήτης
3518 527 3599 591 εἰς
3625 526 3808 599 νῆψιν,

537 622 759 674 dnntnr.
791 620 998 677 Idcirco
1053 621 1354 690 iustissime
1389 634 1764 692 percontatur.
1796 631 1852 676 et
1898 637 1963 675 ea
2010 638 2112 675 an-

534 713 656 782 gelo
721 714 1031 768 declarantc
1086 729 1419 783 cognoscere
1479 715 1635 782 petit.
1702 714 1940 782 Angelus
1992 728 2114 766 eum

537 804 746 857 nescire
774 804 988 859 illorum
1025 805 1477 874 signiﬁcationem
1509 806 1898 873 prOpemodum
1930 803 2117 858 obsto-

535 894 731 962 pescit,
778 904 834 950 et
882 910 1007 948 num
1051 906 1179 950 vere
1228 894 1439 949 nesciat
1484 895 1800 961 interrogat.
1848 890 2113 961 Propheta

534 986 893 1053 ignorantiam
937 999 1124 1055 aperte
1171 988 1470 1041 confitente
1503 995 1557 1040 et
1602 984 1913 1039 tarditatem
1960 999 2113 1036 suam

535 1092 642 1131 non
676 1080 1057 1141 erubescente,
1098 1078 1489 1133 obscuritatem
1538 1077 1637 1130 visi
1687 1075 1944 1144 deinceps
1972 1089 2111 1128 enu-

535 1169 711 1237 cleat;
765 1181 853 1233 et,
903 1179 1159 1239 tanquam
1197 1186 1261 1223 ex
1317 1168 1551 1238 imagine
1605 1166 1893 1219 manifesta
1959 1174 2013 1218 et
2060 1164 2113 1217 in

535 1261 709 1315 oculis
741 1261 1072 1324 incnrrcntc,
1103 1276 1324 1330 scopum
1359 1262 1412 1313 in
1451 1275 1513 1314 ea
1547 1260 1798 1312 latentem
1838 1256 2109 1323 esplanat.

539 1350 716 1420 lnquit
742 1352 888 1406 etiim
921 1369 935 1406 :
970 1371 989 1402 ι
1023 1351 1120 1405 Hic
1146 1363 1230 1406 est
1250 1367 1431 1405 sermo
1457 1349 1665 1404 Domini
1696 1350 1761 1402 ad
1793 1345 2110 1410 anobaltel,

534 1441 724 1495 dicens
756 1459 770 1495 :
804 1441 918 1495 Non
950 1443 1001 1495 in
1032 1442 1354 1497 fortitudine
1404 1456 1623 1509 magna,
1653 1454 1753 1494 nec
1795 1440 1848 1491 in
1897 1438 2110 1503 rubore,

537 1534 631 1585 sed
678 1534 729 1585 in
778 1534 982 1602 Spiritu
1026 1549 1168 1599 meo,
1215 1533 1349 1587 dicit
1378 1532 1639 1586 Dominus
1687 1529 2051 1597 omnipotens.
2089 1546 2107 1578 ι

532 1621 758 1676 Perinde
794 1623 1029 1677 fortasse
1068 1640 1131 1679 ac
1174 1624 1220 1679 si
1266 1625 1433 1687 dicat,
1464 1622 1651 1676 omnia
1698 1622 1811 1674 haec
1849 1622 1984 1683 visa,
2017 1619 2112 1671 ali~

535 1717 750 1781 quando
790 1714 948 1768 tinem
989 1732 1146 1770 suum
1193 1726 1535 1777 assecutnra,
1577 1728 1681 1767 non
1733 1715 1963 1766 huinana
1999 1713 2111 1763 vir.

537 1815 648 1860 tute
693 1806 1084 1871 administrata,
1125 1818 1227 1861 nec
1270 1806 1324 1861 in
1372 1806 1564 1859 robore
1605 1803 1897 1873 corporali,
1931 1804 2022 1856 sed
2058 1803 2109 1856 in

2220 621 2355 674 ἀλλὰ
2390 622 2482 673 καὶ
2513 619 2686 683 οὕτως
2707 619 2870 690 ἔχων,
2906 618 3059 673 οὐδὲν
3097 614 3263 691 ἧττόν
3287 618 3404 669 ἐστι
3430 616 3632 686 βραδὺς
3675 617 3812 687 πρός

2219 727 2282 778 γε
2316 710 2376 763 τὸ
2398 708 2677 773 δύνασθαι,
2704 708 2869 779 φημὶ,
2899 708 3143 762 συνιέναι
3162 706 3230 761 τά
3282 706 3636 776 δεικνύμενα.
3666 704 3811 759 Ταύ-

2217 816 2389 869 τῃτοι,
2414 800 2507 854 καὶ
2539 799 2682 869 μάλα
2705 799 2954 863 εἰκότως,
2985 796 3425 853 ἀναπυνθάνεται
3453 812 3514 848 τε
3545 796 3640 850 καὶ
3668 795 3810 864 αξιοι

2220 892 2415 961 μαθεῖν
2442 892 2593 962 παρὰ
2641 890 2735 945 τοῦ
2762 889 3151 960 διασαφοῦντος
3201 886 3457 957 ἀγγέλου.
3524 886 3583 941 ’0
3627 887 3685 942 δὲ
3724 888 3808 941 δτι

2216 985 2278 1037 οὐ
2330 983 2530 1052 συνῆκε
2577 979 2866 1052 μονονουχὶ
2915 978 3264 1048 κατατέθηπέ
3292 994 3430 1042 πως,
3479 976 3593 1030 καὶ*
3631 978 3681 1030 εί
3727 977 3805 1048 μὴ

2217 1075 2431 1145 άληθῶς
2463 1073 2628 1143 είδείη
2653 1072 2905 1143 διερωτᾷ.
2935 1069 3044 1124 Τοῦ
3098 1070 3156 1124 δὲ
3189 1067 3490 1141 διαρρήδην
3522 1065 3807 1139 ὡμολογη-

2217 1168 2372 1230 κότος
2399 1166 2498 1236 τὴν
2548 1165 2791 1234 ἄγνοιαν,
2832 1163 2926 1217 καὶ
2964 1161 3026 1216 τὸ
3080 1160 3358 1230 δυσμαθές
3404 1161 3506 1213 οὐκ
3550 1161 3805 1229 αἰσχυνο·

2218 1261 2405 1333 μένου,
2430 1259 2850 1315 καταλευκαίνει
2872 1256 3061 1311 λοιπὸν
3110 1255 3172 1309 τὸ
3200 1256 3266 1309 ὲκ
3324 1254 3424 1324 τῆς
3450 1253 3693 1325 ὁράσεως
3717 1251 3798 1307 αι’·

2215 1370 2409 1425 νιγμα.
2454 1353 2549 1407 καί⁵
2577 1347 2689 1405 οἷον
2723 1350 2800 1414 ὡς
2826 1349 2888 1414 εξ
2914 1348 3125 1412 είκόνος
3151 1345 3432 1418 ἐμφανοῦς
3453 1362 3515 1399 τε
3555 1345 3801 1414 καὶιόρω-

2217 1447 2385 1518 μένης
2410 1445 2503 1499 τὸν
2523 1446 2583 1497 ὲν
2605 1444 2743 1514 αὐτῇ
2778 1439 3086 1512 λεληθότως
3106 1437 3425 1509 ἐγκείμενον
3453 1434 3802 1508 διερμηνεύει

2217 1537 2438 1593 σκοπόν.
2480 1555 2497 1587 ι
2540 1533 2710 1599 Οὗτος
2733 1534 2864 1604 γάρ.
2896 1532 3096 1603 φησιν,
3153 1532 3182 1583 ὁ
3222 1529 3380 1598 λόγος
3409 1527 3618 1599 Κυρίου
3664 1530 3802 1599 πρὸς

2214 1627 2536 1701 Ζοροὸάὸελ,
2576 1627 2770 1688 λέγων’
2825 1626 2937 1679 Οὐκ
2966 1626 3024 1677 ὲν
3055 1622 3282 1692 δυνάμει
3326 1619 3563 1693 μεγάλῃ,
3596 1618 3716 1672 οὐδὲ
3739 1621 3800 1672 ὲν

2217 1717 2384 1789 ἰσχύϊ,
2438 1715 2553 1769 ἀλλ’
2580 1719 2637 1767 ἐν
2690 1712 2969 1784 Πνεύματί
3017 1729 3157 1782 μου,
3209 1711 3359 1778 λέγει
3420 1707 3625 1778 Κύριος
3665 1724 3800 1760 παν-

2213 1810 2517 1881 τοκράτωρ.
2554 1827 2573 1859 ι
2607 1808 2831 1876 Ὅμοιον
2855 1805 2930 1869 ὼς
2971 1806 3021 1858 εἰ
3058 1803 3206 1873 λέγοι
3255 1801 3440 1872 τυχὸν,
3469 1801 3556 1854 ὃτι
3618 1800 3798 1854 πάντα

536 1897 732 1951 virtute
762 1894 997 1964 Spiritus
1026 1899 1225 1963 sancti,
1257 1909 1311 1953 et
1344 1908 1400 1951 nt
1428 1908 1493 1952 ex
1521 1898 1702 1950 divino
1729 1906 1880 1950 nutu.
1912 1894 2108 1949 Factus

2214 1901 2379 1955 ταῦτα
2404 1900 2474 1952 τὰ
2501 1898 2750 1970 ὁρώμενα
2778 1900 2857 1961 εἰς
2886 1896 3059 1968 πέρας
3095 1893 3215 1966 ἥξει
3250 1892 3397 1948 κατὰ
3426 1892 3674 1964 καιροὺς,
3698 1891 3801 1944 οὐκ

535 1999 619 2042 est
687 1989 953 2058 siquidem
1007 1988 1190 2059 lhomo
1241 1990 1412 2043 nostri
1471 1987 1667 2042 similis
1720 1986 2045 2055 Unigenitns
2090 2002 2103 2037 :

534 2089 903 2134 verumtamen
938 2095 1045 2133 non
1076 2080 1294 2133 bellavit
1317 2078 1585 2148 corporali
1620 2079 1799 2139 modo,
1834 2087 1891 2129 ut
1927 2076 2108 2128 κυριε-

531 2172 668 2225 siam
702 2172 853 2239 quasi
889 2170 1155 2240 quoddam
1183 2170 1570 2224 candelabrum
1603 2169 1805 2222 mundo
1832 2167 2104 2233 erigeret:

533 2275 709 2328 neque
738 2262 969 2328 sumptis
996 2262 1166 2315 armis
1190 2274 1406 2314 sensum
1438 2258 1805 2326 tangentibus,
1833 2266 1887 2310 et
1909 2257 2104 2309 cobor-

531 2352 674 2405 tibus
699 2352 968 2407 bellicosis
994 2353 1127 2406 duos
1156 2350 1383 2421 populos
1420 2349 1519 2403 sibi
1555 2348 1820 2415 adjunxit,
1852 2357 1944 2400 aut
1974 2348 2108 2400 duas

532 2443 783 2497 lucernas
821 2444 1002 2496 animo
1045 2441 1404 2511 aspectabiles
1449 2440 1776 2494 candelabro
1826 2439 2105 2507 imposuit,

530 2535 624 2587 sed
664 2534 718 2587 in
755 2536 949 2589 robore
995 2533 1234 2602 Spiritus
1264 2533 1437 2587 sancti
1493 2531 1702 2585 creavit
1744 2531 1797 2585 in
1846 2529 2107 2584 Ecclesiis

530 2627 763 2694 primum
806 2626 1102 2693 apostolos,
1137 2625 1330 2680 deinde
1374 2625 1690 2693 prophetas,
1743 2630 1798 2676 el.
1826 2621 2101 2690 evangeli-

530 2726 664 2778 stas.
687 2725 742 2770 et
772 2717 1043 2786 reliquum
1074 2731 1290 2770 omnem
1320 2726 1628 2770 smictornm
1656 2721 1880 2776 emtum,
1911 2712 2108 2766 divinis

528 2807 950 2862 charismatibus
977 2822 1072 2861 eos
1108 2807 1357 2876 impleas,
1389 2817 1442 2860 et
1501 2804 1817 2873 irrigatione
1873 2802 2107 2871 Spiritus

530 2898 760 2954 ubertim
795 2900 1201 2970 pinguelacicns
1223 2898 1288 2954 ³³.
1323 2899 1509 2966 Itaque
1554 2912 1659 2950 non
1696 2896 1748 2949 in
1790 2893 2107 2951 fortitudine

532 3008 747 3062 magna,
783 3009 881 3047 nec
915 2995 964 3047 in
1004 2995 1199 3047 robore
1221 2992 1449 3056 carnali,
1485 2991 1578 3046 sed
1616 2991 1667 3043 in
1700 2989 1902 3044 virtute
1931 2986 2106 3057 Spiri-

2209 1996 2526 2068 άνθρωπείᾳ
2548 1995 2772 2063 δυνάμει
2799 1990 3232 2062 κατορθούμενα,
3270 1987 3394 2042 οὔτε
3430 1987 3535 2059 μὴν
3561 1988 3618 2039 ὲν
3653 1984 3802 2055 ίσχύῐ

2212 2092 2469 2159 σαρκικῇ,
2498 2087 2613 2140 ἀλλ’
2642 2089 2698 2139 ὲν
2749 2086 2978 2154 δυνάμει
3032 2081 3353 2153 Πνεύματος
3384 2080 3568 2148 ἁγίου,
3608 2077 3798 2139 καλῶς

2210 2180 2275 2232 ὲκ
2301 2178 2459 2231 θείων
2497 2176 2893 2247 διανευμάτων.
2936 2175 3132 2243 Γέγονε
3191 2173 3288 2244 μὲν
3345 2170 3453 2242 γὰρ
3496 2168 3597 2224 άνθ
3613 2180 3798 2241 ρωπος

2210 2271 2331 2325 καθ’
2357 2272 2503 2341 ἡμᾶς
2531 2270 2559 2321 ὁ
2592 2268 2923 2338 Μονογενήςο
2955 2265 3092 2337 πλὴν
3113 2265 3173 2318 οὐ
3224 2262 3581 2333 πεπολέμηκε
3603 2276 3798 2328 σαρκι-

2210 2362 2341 2426 κῶς,
2375 2365 2461 2414 ἵνα
2500 2360 2753 2431 καθάπερ
2776 2360 2899 2413 τινὰ
2945 2357 3172 2428 λυχνίαν
3196 2355 3481 2427 ἀναστήσῃ
3500 2352 3580 2424 τῷ
3606 2352 3799 2429 κόσμῳ

2207 2455 2306 2525 τὴν
2339 2453 2684 2522 Ἐκκλησίαν·
2725 2451 2823 2521 οὐχ
2850 2449 2992 2504 ὅπλα
3024 2450 3256 2519 κινήσας
3285 2444 3542 2516 αἰσθητά,
3569 2444 3663 2497 καὶ
3695 2460 3798 2512 μα-

2209 2546 2387 2617 χίμων
2407 2544 2693 2614 φάλαγγας
2722 2542 3063 2613 παρέστησεν
3088 2538 3265 2609 ἑαυτῷ
3289 2538 3417 2600 τοὺς
3445 2536 3539 2590 δύο
3554 2535 3738 2597 λαοὺς,
3759 2533 3799 2604 ἦ

2209 2638 2335 2699 τοὺς
2353 2636 2581 2707 λύχνους
2605 2636 2729 2698 τοὺς
2760 2635 2985 2705 νοητοὺς
3038 2631 3278 2702 ἐπέθηκε
3335 2631 3400 2700 τῇ
3436 2625 3647 2698 λυχνίᾳ,
3682 2624 3797 2678 ἀλλ’

2210 2730 2269 2782 ὲν
2301 2728 2444 2799 ἰσχύῖ
2478 2727 2795 2797 Πνεύματος
2847 2726 3004 2794 ἁγίου
3062 2723 3510 2794 κεχειροτόνηκεν
3564 2721 3625 2771 ἓν
3675 2719 3797 2780 ταῖς

2223 2818 2568 2890 Ἐκκλησίαις
2596 2818 2816 2890 πρῶτον
2860 2816 3217 2881 ἀποστόλους,
3269 2811 3522 2883 δεύτερον
3576 2810 3797 2882 προφή-

2208 2935 2311 2982 τας
2358 2919 2454 2973 καὶ
2495 2915 2910 2988 εὐαγγελιστάς,
2966 2915 3059 2969 καὶ
3087 2913 3186 2985 τὴν
3228 2911 3396 2982 άλλην
3421 2911 3640 2965 ἃπασαν
3684 2907 3798 2961 τῶν

2211 3012 2381 3081 άγίων
2408 3012 2703 3081 ὁμήγυριν,
2731 3009 2891 3063 θείων
2912 3007 3110 3070 αὐτοὺς
3161 3003 3519 3076 χαρισμάτων
3553 3001 3797 3068 ἀναπιμ-

532 3095 619 3140 tus
662 3103 691 3139 ιι
736 3086 957 3141 Christo
1005 3085 1270 3156 Spoliatus
1319 3095 1405 3138 cst
1446 3082 1700 3144 Satanas,
1750 3095 1873 3136 cum
1906 3095 2014 3150 quo
2054 3091 2107 3132 et

2214 3101 2375 3166 πλάς,
2423 3102 2520 3155 καὶ
2562 3104 2630 3172 τῇ
2683 3098 2778 3152 τοῦ
2820 3096 3137 3169 Πνεύματος
3197 3094 3353 3165 χύσει
3414 3090 3796 3146 καταπιαίνων

529 3179 962 3233 adversariarum
1010 3188 1338 3248 potestatum
1358 3176 1499 3246 globi
1533 3176 1869 3241 occiderunt,
1899 3175 2105 3226 vocati-

2214 3159 2503 3253 πλουσίως.
2529 3159 2739 3243 Οὑικοῦν
2761 3188 2863 3241 οὐκ
2909 3159 3231 3250 ἐν’δυνάμει
3273 3180 3506 3253 μεγάλῃ.
3567 3179 3688 3233 οὐδὲ
3737 3181 3796 3232 ὲν

528 3285 634 3338 que
679 3280 805 3325 sunt
846 3271 919 3325 ad
961 3271 1290 3340 agnitionem
1343 3267 1435 3323 Dei
1468 3283 1563 3336 per
1596 3267 1755 3321 fidem
1804 3276 1859 3320 et
1896 3265 1985 3334 qni
2039 3280 2104 3316 ex

2219 3283 2364 3355 ἰσχύϊ
2384 3284 2450 3353 τῇ
2483 3283 2719 3352 σαρκικῇ
2755 3278 2906 3350 παρὰ
2938 3274 3196 3349 Χριστοῦ,
3228 3274 3344 3329 ἀλλ’
3369 3273 3445 3337 ώς
3477 3274 3535 3326 ἐν
3562 3272 3797 3341 δυνάμει

529 3361 718 3429 Israel,
758 3373 812 3417 et
862 3363 950 3432 qui
987 3362 1281 3431 aliquando
1330 3379 1348 3411 ι
1382 3370 1646 3413 creaturae
1683 3357 1861 3426 potius
1905 3356 2105 3409 servie-

2216 3374 2356 3427 Ilsz
2364 3389 2533 3444 ματος
2562 3370 2882 3425 ὲσκυλεύετο
2909 3368 3007 3440 μὲν
3029 3368 3057 3420 ό
3084 3366 3347 3429 Σατανᾶς,
3371 3364 3598 3417 ἔπιπτον
3619 3362 3676 3416 δὲ
3698 3363 3796 3415 σὺν

508 3466 662 3509 τειιι
711 3471 869 3524 quam
898 3453 1146 3507 Creatori
1169 3452 1235 3505 “.
1271 3470 1289 3503 ι
1340 3450 1604 3505 Exhibitus
1653 3457 1778 3503 sunt.
1821 3447 1980 3501 etiam
2053 3446 2104 3497 in

2215 3462 2364 3534 αὐτῷ
2392 3464 2488 3517 καὶ
2515 3462 2586 3516 τὰ
2608 3462 2719 3515 τῶν
2744 3458 3138 3529 ἀντικειμένων
3158 3457 3439 3528 δυνάμεων
3474 3456 3660 3525 στίφη,
3698 3456 3796 3507 καὶ

530 3546 786 3602 Ecclesiis
832 3547 1086 3606 lucernae.
1127 3544 1179 3598 id
1208 3554 1291 3599 est
1341 3541 1539 3607 sancti,
1571 3557 1675 3593 ttua
1706 3540 1949 3594 lucentes
1982 3554 2105 3590 cum

2215 3554 2507 3608 ἐκαλοῦντο
2537 3553 2673 3622 πρὸς
2728 3550 3059 3619 θεογνωσίαν
3104 3548 3194 3602 διὰ
3246 3549 3345 3620 τῆς
3370 3548 3628 3610 πίστεως,
3655 3546 3795 3600 οἵτε

530 3638 800 3709 lampade,
849 3637 1090 3700 Christo,
1148 3638 1384 3704 inquam.
1432 3631 1677 3687 Fuerunt
1731 3644 1985 3698 namque,
2049 3641 2107 3680 ιιι

2215 3642 2275 3707 ἐξ
2341 3640 2555 3713 Ἰσραὴλ
2623 3642 2719 3694 καὶ
2775 3641 2825 3692 οί
2880 3638 3047 3693 πάλαι
3098 3639 3216 3708 στῇ
3274 3637 3448 3690 κτίσει
3506 3634 3659 3706 παρὰ
3702 3634 3796 3688 τὸν

529 3730 744 3795 Quidem
777 3735 859 3782 est
896 3729 1037 3795 apud
1063 3725 1524 3796 sapientissimqu
1581 3721 1825 3785 Paulum,
1882 3738 1902 3772 ι
1933 3721 2097 3774 inuti-

2216 3736 2441 3805 κτίστην
2488 3732 2927 3803 λελατρευκότες.
2970 3750 2989 3781 ι
3041 3729 3441 3782 Ἀνεδείκνυντο
3491 3728 3550 3781 δὲ
3601 3728 3695 3781 καὶ
3734 3729 3795 3779 ἐν

530 3819 681 3873 naria
745 3819 797 3873 in
855 3819 1081 3883 mundo,
1142 3818 1366 3872 verbum
1425 3816 1547 3871 vine
1613 3816 1955 3869 continentes
1979 3812 2045 3865 ⁸⁸.
2082 3831 2100 3864 ι

2214 3829 2333 3890 ταῖς
2375 3823 2726 3896 Ἐκκλησίαις
2792 3823 2843 3876 0i.
2891 3821 3098 3892 λύχνοι,
3141 3819 3453 3881 τουτέστιν,
3510 3819 3561 3870 οἱ
3608 3816 3754 3884 ἇγιοι
3778 3858 3793 3880 ,

529 3912 684 3976 Quod
735 3921 913 3965 autent
976 3908 1290 3964 Emmanuel
1351 3925 1454 3961 non
1507 3922 1689 3970 manu,
1733 3920 1827 3959 sett
1868 3906 2103 3976 polentia

2217 3917 2684 3988 συνεκλάμποντες
2733 3913 2813 3984 τῷ
2860 3912 3175 3983 λαμπαδίῳ,
3217 3910 3360 3980 φημὶ
3408 3909 3494 3980 δὴ,
3531 3907 3792 3979 Χριστῷ.

531 4002 788 4064 humana,
831 4002 925 4054 sed
979 4000 1184 4054 viribus
1225 4000 1340 4055 suis
1373 4008 1626 4066 tanquam
1665 3997 1805 4051 Deus
1848 3999 2104 4052 mundum

2215 4010 2473 4078 Γεγόνασι
2493 4007 2622 4079 γὰρ,
2651 4006 2727 4070 ὡς
2763 4004 2895 4075 γοῦν
2944 4006 2974 4058 ό
3043 4002 3351 4073 σοφώτατος
3393 3994 3593 4073 γράφει
3644 4000 3795 4053 Παῦ-

528 4092 841 4157 salvaverit,
892 4102 1119 4147 testatus
1146 4100 1228 4145 est
1274 4099 1329 4145 et
1368 4105 1463 4159 per
1493 4090 1712 4153 Osenttt,
1763 4088 1902 4157 apud
1944 4104 2104 4159 quem

2214 4100 2324 4163 λος,
2363 4116 2382 4149 ι
2423 4098 2707 4169 φωστῆρες
2735 4097 2792 4149 tv
2819 4094 3030 4166 κόσμῳ,
3078 4093 3235 4161 λόγον
3263 4091 3409 4161 ζωῆς
3440 4090 3746 4160 ἐπέχοντες.
3768 4108 3786 4140 ι

531 4182 633 4236 ista
679 4182 932 4252 leguntur
966 4199 981 4236 :
1019 4199 1038 4232 ι
1073 4180 1328 4234 Filiorum
1372 4187 1551 4232 autem
1600 4176 1737 4231 Jnda
1781 4177 2102 4243 miserebor,

2216 4192 2340 4244 "Ott
2370 4189 2428 4243 δὲ
2454 4189 2555 4243 οὐκ
2579 4186 2895 4258 ἀνθρωπεία
2912 4185 3058 4255 χειρὶ
3078 4184 3286 4237 σέσωκε
3308 4183 3406 4254 τὴν
3434 4183 3524 4235 ὑπ’
3546 4180 3793 4252 οὐρανὸν,

528 4284 581 4328 et
607 4272 825 4328 salrabo
862 4289 957 4328 eos
1004 4273 1056 4326 in
1095 4271 1320 4326 Domino
1359 4270 1468 4325 Deo
1498 4286 1620 4337 suo,
1652 4280 1706 4326 et
1754 4286 1858 4325 non
1887 4272 2106 4327 salrabo

2214 4282 2329 4337 ἀλλ’
2356 4281 2513 4343 ἰδίαις
2538 4280 2832 4348 δυνάμεσιν
2858 4278 2934 4341 ὼς
2958 4277 3089 4340 Θεὸς
3107 4278 3135 4330 ὁ
3158 4272 3527 4344 Ἐμμανουὴλ,
3568 4272 3793 4343 διεμαρ-

530 4381 628 4420 cos
652 4366 704 4419 in
740 4381 892 4431 arcu,
933 4378 1113 4433 neque
1144 4364 1197 4417 in
1226 4363 1422 4434 gladio,
1454 4379 1628 4434 neque
1666 4365 1716 4417 in
1743 4364 1904 4428 bello,
1932 4379 2107 4433 neque

2214 4371 2415 4443 τύρατο
2477 4369 2652 4437 λέγων
2709 4368 2804 4420 καὶ
2854 4366 2944 4419 διὰ
2999 4366 3185 4436 φωνῆς
3234 4363 3416 4434 Ὢσηέ.
3470 4363 3624 4432 Ἔχει
3683 4362 3795 4431 γάρ

532 4456 587 4510 iu
617 4456 888 4520 curribus,
937 4469 1112 4522 neque
1143 4456 1195 4508 in
1242 4454 1416 4524 equis,
1454 4469 1626 4524 neque
1660 4455 1711 4508 in
1751 4455 2045 4523 equitibus.
2081 4475 2099 4507 ι

2214 4472 2377 4525 οῦτω²
2414 4484 2433 4519 ι
2471 4469 2610 4530 Τοὺς
2640 4466 2697 4520 δὲ
2732 4467 2883 4529 υἱοὺς
2930 4465 3098 4519 Ἰούδα
3122 4464 3352 4535 ὲλεήσω,
3379 4461 3474 4514 καὶ
3523 4459 3680 4513 σώσω
3705 4461 3796 4512 αύ-

531 4544 1045 4602 Peracconnnodate
1101 4555 1280 4599 autem
1354 4546 1576 4600 verbum
1628 4545 1828 4599 factum
1898 4555 1982 4601 est
2039 4546 2106 4602 ad

2214 4562 2340 4624 τοὺς
2373 4560 2431 4612 ὲν
2463 4557 2655 4628 Κυρίῳ
2691 4554 2812 4626 Θεῷ
2838 4554 3039 4617 αὐτῶν,
3066 4555 3161 4607 καὶ
3201 4555 3262 4606 οὐ
3305 4550 3468 4605 σώσω
3497 4551 3698 4613 αὐτοὺς
3733 4554 3802 4603 ἐν.

531 4635 829 4693 Zorobabel
850 4638 1019 4708 686
1044 4638 1109 4691 de
1141 4638 1280 4691 tribu
1312 4635 1449 4690 Juda
1473 4650 1643 4706 genus
1670 4639 1980 4702 ducentem,
2013 4639 2106 4707 qui

2214 4650 2375 4721 τόξῳ,
2429 4646 2551 4700 οὕτε
2609 4648 2667 4699 ὲν
2717 4646 2990 4718 ῥομφαία,
3036 4644 3161 4697 οὔτε
3205 4646 3265 4698 ὲν
3297 4642 3540 4713 πολέμῳ,
3571 4641 3693 4695 οὐδὲ
3736 4641 3797 4692 ἐν

530 4730 584 4785 id
629 4731 888 4798 temporis
935 4732 1115 4783 sedem
1166 4728 1313 4797 regni
1368 4726 1761 4799 Ilii-rosolymis
1799 4729 2103 4785 obtinebat.

2215 4742 2474 4813 ἅρμασιν,
2497 4738 2619 4791 οὐδὲ
2648 4740 2705 4791 ὲν
2736 4739 2958 4801 ἵπποις,
3008 4737 3131 4791 οὐδὲ
3172 4737 3229 4789 ἐν
3267 4734 3540 4789 ἱππεῦσιν.
3580 4752 3601 4783 ι
3638 4728 3710 4787 Εὖ
3739 4732 3798 4785 δὲ

532 4821 742 4878 Etenim
784 4838 849 4875 ne
883 4821 1018 4874 adeo
1054 4820 1354 4889 insignibus
1379 4819 1827 4888 admirandisque
1848 4822 2106 4890 operibus

2214 4832 2277 4903 δὴ
2302 4831 2509 4903 σφόδρα
2539 4829 2677 4901 πρὸς
2706 4828 3012 4901 Ζῳοὸάὸελ
3062 4830 3091 4881 ό
3120 4827 3276 4895 λόγος
3294 4822 3383 4897 ἦν,
3409 4826 3500 4878 τὸν
3521 4824 3581 4891 ἐξ
3627 4823 3798 4878 Ἰούδα

529 4914 637 4969 sibi
660 4912 1037 4983 prmnuntiatis
1061 4911 1459 4981 expeditionem
1488 4911 1777 4982 aliquando
1798 4914 2095 4981 suscipien-

2214 4924 2409 4995 φυλῆς,
2452 4925 2705 4977 διέποντα
2749 4922 2810 4975 τὸ
2859 4920 3165 4992 τηνικαῦτα
3195 4920 3323 4980 τοὺς
3382 4918 3483 4987 τῆς
3523 4914 3799 4986 βασιλείας

528 5009 675 5068 dam,
708 5013 762 5059 et
796 5004 983 5074 proelia
1025 5003 1268 5057 facienda
1296 5004 1674 5066 arbitraretur,
1701 5005 1767 5057 ab
1801 5004 2106 5070 ltujusmodi

2215 5014 2426 5078 θώκους
2467 5017 2524 5067 ὲν
2565 5012 2944 5085 Ἰερουσαλήμ.
2971 5012 3089 5065 Ἵνα
3112 5010 3227 5081 γὰρ
3254 5010 3329 5079 μὴ
3358 5007 3473 5060 τῶν
3493 5006 3637 5060 οὕτω
3659 5006 3799 5074 λαμ-

531 5094 742 5151 frivolis
790 5106 845 5149 et
887 5095 1138 5148 humanis
1194 5095 1615 5159 cogitationibus
1662 5108 1784 5148 eum
1832 5095 2107 5150 deterren-

530 5187 657 5240 dum
694 5186 925 5254 pntavit,
956 5185 1240 5254 potiusque
1285 5184 1486 5238 sentire
1503 5183 1690 5252 jussit,
1723 5184 1960 5238 divinam
1998 5184 2106 5238 elli-

531 5278 841 5344 racitatem,
873 5288 928 5331 et
960 5277 1267 5331 facultatem
1296 5293 1404 5330 non
1433 5277 1750 5339 humanam,
1781 5278 1874 5330 sed
1904 5276 2105 5331 Christi

534 5369 658 5422 talia
698 5370 968 5422 molientis
994 5385 1134 5424 esse.
1185 5368 1528 5423 Meminimus
1573 5382 1735 5438 porro
1765 5383 1865 5422 nos
1904 5368 2106 5429 dicere.

533 5472 589 5517 et
625 5463 799 5533 ipsum
836 5462 1244 5529 Zorobalielem,
1287 5474 1341 5516 ut
1381 5478 1446 5517 ex
1500 5462 1646 5516 tribu
1677 5460 1815 5517 Jnda
1858 5476 2110 5529 procrea-

538 5565 653 5609 tum
701 5566 755 5609 et
815 5572 1030 5625 regem,
1080 5556 1391 5623 signiﬁcare
1453 5556 1763 5615 Christum,
1823 5553 2110 5619 conjuncto

538 5650 702 5705 etiam
733 5647 861 5704 Iesu
896 5650 1004 5704 tilio
1043 5648 1293 5712 Josedec,
1341 5659 1397 5701 ut
1445 5649 1688 5702 simulet
1746 5647 1797 5700 in
1852 5662 1952 5698 una
1990 5660 2111 5713 per-

615 5819 663 5855 ⁸⁸
696 5820 862 5878 lCor.
894 5838 988 5888 xu,
1014 5822 1103 5877 28.
1182 5822 1223 5855 "‘
1253 5824 1407 5878 lium.
1443 5839 1478 5888 ι,
1505 5823 1593 5875 23.

1674 5824 1716 5853 ³⁸
1747 5821 1975 5891 Philipp.
2016 5836 2070 5887 tt,
2108 5820 2188 5876 16.

2217 5103 2373 5171 πρῶν
2434 5104 2527 5157 καὶ
2575 5102 2921 5171 ἁξιαγάστων
2973 5099 3419 5171 κατορθωμάτων
3484 5095 3634 5166 αὐτῷ
3665 5113 3799 5164 προσ

2217 5195 2654 5267 απηγγελμένων
2684 5193 2954 5263 πολέμους
2986 5192 3173 5255 οἴοιτο,
3213 5190 3308 5244 καὶ
3348 5188 3529 5259 μάχας
3558 5201 3796 5255 συγκροο

2216 5285 2548 5356 τηθήσεσθαι
2596 5283 2737 5337 κατὰ
2765 5283 3012 5349 καιροὺς,
3043 5280 3317 5350 ἐξίστησιν
3351 5274 3670 5343 ἀναγκαίως
3700 5274 3797 5327 αύ-

2216 5377 2309 5429 τὸν
2365 5376 2472 5428 τῶν
2525 5373 2666 5427 οὕτω
2711 5373 2925 5443 σαθρῶν
2978 5374 3073 5427 καὶ
3122 5369 3480 5441 ἀνθρωπίνων
3536 5366 3755 5419 ἐννοιῶν
3779 5407 3793 5428 ,

2218 5466 2519 5518 διακεῖσθαι
2551 5465 2607 5517 δὲ
2634 5463 2836 5534 μᾶλλον
2887 5464 3271 5535 προστέταχεν,
3300 5462 3379 5515 ὅτι
3412 5459 3724 5528 θεοπρεπὴς
3760 5460 3794 5527 ἡ

2220 5552 2491 5623 ἐνέργεια,
2527 5553 2620 5605 καὶ
2649 5553 2681 5622 ἠ
2716 5551 2944 5622 δύναμις
2991 5553 3091 5604 οὐκ
3113 5550 3448 5623 ἀνθρωπίνη,
3479 5547 3576 5600 τοῦ
3609 5548 3797 5600 διαπε-

2224 5643 2499 5714 ραίνοντος
2529 5643 2597 5695 τά
2626 5641 2800 5696 τοιάδε
2823 5641 3082 5713 Χριστοῦ.
3112 5637 3455 5711 Μεμνήμεθα
3480 5635 3557 5700 δὲ,
3592 5636 3674 5688 δτι
3704 5638 3797 5690 καὶ
