4072 6370
491 404 581 460 67
1515 397 1580 452 ‘S.
1619 395 1896 451 CYR‘lLLI
1939 395 2418 451 ALEXANDRIM
2452 393 2774 454 anew.
3683 398 3752 452 68

494 516 778 585 ignorabat
816 515 1066 570 Christus
1096 513 1308 567 Patrem
1346 525 1504 566 suum
1532 533 1542 568 :
1570 516 1663 568 sed
1708 515 1860 582 quasi
1887 529 2069 581 quem-

2180 513 2330 583 τέρα,
2375 513 2489 565 ἀλλ’
2526 512 2713 582 ὥσπερ
2749 513 2866 565 τινὰ
2913 513 3249 583 συνεργάτην
3285 511 3394 564 τῶν
3435 510 3585 563 ἰδίων
3623 528 3750 564 κατ-

495 614 618 662 dam
675 609 973 675 adiutorem
1027 605 1317 672 insignium
1360 619 1576 658 suarum
1599 605 1869 658 actionum
1947 621 2068 656 eum

497 700 748 763 faciebat,
780 713 901 752 cum
931 696 1168 749 diceret:
1208 713 1226 744 ι
1253 698 1290 747 Α
1317 710 1400 749 me
1424 695 1542 763 ipso
1575 695 1712 748 facio
1735 696 1886 750 nihil.
1917 695 2073 748 Pater

497 800 675 844 autem
710 791 761 843 in
793 802 876 842 me
913 803 1156 850 manens,
1191 789 1304 856 ipse
1339 787 1466 842 facit
1490 803 1650 856 opera
1677 790 1780 840 ".i
1807 789 2073 856 Operaba-

498 895 586 936 tur
609 884 750 936 enim
780 893 837 935 ut
868 896 962 948 per
998 882 1272 951 propriam
1311 882 1564 936 virtutem
1607 895 1700 949 per
1737 879 1952 941 Filium,
1979 895 2074 948 per

496 989 658 1045 quem
715 987 770 1028 et
816 974 882 1028 ab
946 973 1098 1026 initio
1158 975 1356 1026 creatis
1420 973 1692 1035 omnibus,
1753 977 1944 1025 merito
1989 981 2075 1025 est

499 1067 830 1122 admirabilis
883 1105 898 1119 .
949 1106 962 1119 .
1016 1106 1030 1119 .
1090 1080 1120 1118 a
1151 1064 1553 1133 sapientissimo
1607 1063 1823 1118 Daniele
1878 1065 2072 1119 iterum

500 1160 641 1214 Dens
670 1169 723 1214 et
749 1156 913 1213 Pater
964 1172 1121 1212 mons
1154 1155 1486 1222 nominatur,
1517 1158 1660 1210 unde
1694 1165 1749 1209 et
1773 1155 1907 1226 lapis
1956 1157 2076 1211 sine

499 1253 747 1308 manibus
810 1252 1066 1320 praecisus
1096 1260 1208 1314 est,
1252 1251 1343 1319 qui
1381 1258 1435 1302 et
1489 1265 1703 1313 aurum,
1749 1258 2072 1320 argentum,

497 1362 593 1410 ais,
626 1345 826 1400 ferrum
862 1344 1177 1398 comminuit
1201 1343 1268 1397 ’⁸.
1301 1343 1430 1410 Qua:
1472 1346 1636 1397 etiam
1665 1342 1864 1397 Christi
1900 1344 2076 1414 imago

501 1435 618 1490 fuit.
647 1435 814 1488 Natus
840 1435 982 1488 enim
1015 1449 1080 1487 ex
1116 1437 1230 1489 “Deo
1275 1433 1434 1487 Patre
1475 1432 1661 1492 Filius.
1715 1448 1874 1501 supra
1912 1447 2072 1501 quam

499 1529 604 1582 dici
632 1538 728 1582 aut
746 1537 928 1581 mente
946 1527 1060 1595 capi
1083 1536 1277 1595 potest,
1296 1527 1546 1579 cootrivit
1561 1537 1809 1592 regna,ut
1826 1525 2073 1594 deinceps

500 1634 666 1687 penes
689 1635 808 1672 eum
840 1619 911 1672 sit
951 1633 1110 1672 omne
1161 1617 1443 1685 imperium
1487 1632 1499 1668 :
1535 1633 1553 1665 ι
1609 1615 1879 1669 Flectetur
1931 1615 2073 1668 enim

501 1711 600 1777 ipsi
623 1724 782 1764 omne
815 1725 976 1777 genu,
1034 1719 1088 1761 et
1115 1709 1298 1762 omnis
1348 1707 1523 1775 lingua
1569 1707 1913 1761 confitebitur
1951 1709 2073 1774 quia

501 1801 756 1854 Dominus
789 1799 946 1854 Iesus
975 1799 1228 1853 Christus
1269 1800 1321 1852 in
1347 1799 1512 1868 gloria
1538 1810 1620 1853 est
1644 1799 1734 1852 Dei
1771 1798 1946 1852 Patris
1967 1799 2068 1854 η.)

499 1891 686 1962 Itaque
717 1903 771 1945 ut
800 1907 865 1946 ex
899 1902 1078 1945 monte
1113 1892 1203 1945 Dei
1233 1902 1286 1945 et
1322 1890 1498 1945 Patris
1533 1905 1776 1945 summus
1800 1890 2074 1958 angularis

497 1992 553 2036 et
587 1983 788 2035 electus
818 1982 952 2050 lapis
979 1988 1219 2036 resectns
1245 1980 1590 2044 Dens,factus
1609 1991 1694 2034 est
1724 1981 1875 2034 nobis
1901 1980 2072 2033 luere—

499 2073 717 2128 ditas”.
743 2073 934 2127 Vocati
962 2073 1157 2142 quippe
1183 2087 1368 2126 sumus
1397 2073 1450 2126 in
1475 2072 1814 2140 adoptionem
1843 2070 2072 2126 filiorum

498 2184 595 2236 ραι
624 2170 794 2237 ipsum
825 2167 890 2231 ³³,
921 2168 1216 2235 scriptique
1246 2165 1485 2219 ha-redes
1514 2166 1605 2219 Dei
1626 2166 1873 2228 viventis,
1896 2179 2075 2234 a-qua-

501 2259 647 2312 litate
678 2258 865 2328 gratiae
903 2260 1131 2327 gratiam
1175 2255 1604 2310 lttttrifatcietttes.
1639 2256 1749 2311 "0t:
1789 2273 1916 2310 vero
1947 2257 2073 2326 quid

499 2353 630 2404 est?
667 2353 793 2404 Data
824 2361 908 2404 est
938 2351 1150 2418 quidem
1201 2350 1372 2418 gratia
1419 2349 1633 2416 antiqua
1669 2350 1752 2402 illa
1791 2359 1845 2403 et
1873 2351 2074 2404 decan-

501 2451 608 2494 tata
638 2441 884 2495 :liberati
926 2450 1051 2494 sunt
1086 2443 1230 2495 enim
1258 2457 1320 2494 ex
1357 2439 1590 2509 [Egypto
1621 2439 1914 2494 secundum
1951 2455 2070 2495 cor-

498 2549 620 2603 pus,
667 2533 864 2588 servile
889 2533 1072 2602 jugnm
1110 2533 1492 2587 dominationis
1537 2547 1643 2601 quo
1691 2535 2075 2602 premebantur

503 2645 530 2676 a
569 2625 868 2679 cervicibus
898 2625 1234 2691 deiecerunt,
1259 2642 1352 2694 per
1375 2625 1607 2678 medium
1661 2639 1812 2678 mare
1846 2625 2075 2678 traducti

502 2729 647 2781 sunt,
684 2719 1034 2772 comederunt
1063 2734 1255 2770 manna
1284 2718 1336 2771 in
1365 2718 1672 2780 solitudine,
1725 2718 1894 2788 688
1932 2719 2078 2788 pedi-

502 2813 600 2865 bus
622 2810 838 2864 ﬂumina
863 2807 1504 2873 transierunt,.lortlanem
1533 2809 1856 2873 videlicet,in
1876 2819 2075 2862 terram

502 2901 880 2970 promissionis
911 2900 1202 2954 introducti
1237 2909 1382 2954 sunt.
1415 2899 1542 2956 Haec
1575 2901 1738 2970 igitur
1760 2901 1936 2971 gratia
1987 2900 2078 2954 illa

501 2994 694 3060 prima.
731 2993 927 3046 Verum
959 2992 1011 3045 in
1056 2991 1358 3061 aequalitate
1387 3001 1442 3045 et
1470 2992 1819 3048 similitudine
1846 2993 2080 3062 antiqua:

503 3084 645 3137 illius
677 3083 862 3150 gratim
881 3082 1050 3153 gratia
1081 3082 1348 3151 impertita
1380 3093 1464 3136 est
1486 3081 1765 3148 aCbristo,
1787 3085 1875 3153 qui
1905 3083 2080 3138 factus

2173 603 2509 673 ορθωμάτιον
2560 605 2793 655 ἐποιεῖτο
2835 602 3039 669 λέγων·
3092 620 3112 653 ι
3156 602 3277 654 Ἀπ’
3321 599 3564 670 {pausat}
3613 600 3752 654 ποιῶ

2172 694 2346 748 οὐδέν.
2393 695 2449 746 Ὀ
2474 694 2531 746 δὲ
2561 694 2753 764 Πατὴρ
2786 695 2814 746 ὁ
2842 695 2899 745 ἐν
2939 694 3062 763 ἐμοὶ
3107 693 3307 763 μένων.
3346 695 3492 746 ποιδῖ
3512 691 3588 746 τὰ

2173 787 2356 849 αὐτός.
2398 806 2416 836 ι
2457 786 2755 854 Εἰργάζετο
2793 787 2900 856 γάρ
2946 784 3021 848 ὡς
3061 784 3149 838 διὰ
3173 784 3453 854 δυνάμεως
3484 784 3620 846 ἰδίας
3655 783 3758 837 τοῦ

2181 879 2330 943 Υίοῦ,
2360 878 2429 930 δι’
2467 873 2528 932 οὗ
2563 879 2658 930 καὶ
2689 881 2745 930 ὲν
2771 877 2967 948 ἀρχαῖς
3005 876 3073 930 τὰ
3119 878 3297 931 πάντα
3338 876 3474 946 πρὸς
3517 875 3578 927 τὸ
3611 871 3754 927 εἶναι

2190 970 2548 1041 παρενεγκὼν
2576 969 2801 1030 εἰκότως
2833 965 3288 1038 θαυμάζεται.....
3310 967 3457 1038 παρὰ
3584 981 3752 1033 σοφω-

2175 1064 2324 1133 τάτῳ
2359 1061 2579 1132 Δανιὴλ,
2606 1062 2683 1124 ὠς
2705 1060 2830 1132 ὅρος
2858 1063 2992 1131 ἡμῖν
3031 1061 3342 1131 ὠνόμασται
3375 1060 3536 1113 πάλιν
3563 1063 3592 1112 6
3611 1059 3749 1120 Θεὸς

2175 1159 2270 1209 καὶ
2303 1153 2514 1225 Πατὴρ,
2553 1152 2613 1217 ἐξ
2643 1149 2704 1208 οῦ
2740 1155 2833 1206 καὶ
2867 1153 3015 1217 λίθος
3055 1153 3183 1207 ἄνευ
3217 1151 3397 1224 χειρὸς
3428 1153 3660 1223 ἐτμήθη,
3688 1150 3749 1214 ὃς

2174 1247 2270 1299 καὶ
2308 1245 2565 1299 ὲλέπτυνε
2610 1246 2672 1297 τὸ
2701 1245 2943 1315 χρυσίον,
2991 1246 3083 1299 τὸν
3110 1246 3369 1316 ἄργυρον,
3403 1245 3494 1297 τὸν
3528 1243 3746 1314 χαλκὸν,

2173 1336 2266 1388 τὸν
2307 1336 2546 1406 σίδηρον,
2589 1337 2682 1388 καὶ
2723 1331 2792 1404 ἦν
2851 1336 2928 1397 εἰς
2976 1335 3146 1387 τύπον
3192 1336 3285 1387 καὶ
3327 1334 3441 1387 τόδε
3488 1329 3746 1403 Χριστοῦ.

2174 1428 2545 1498 Γεγενημένος
2584 1427 2693 1497 γὰρ
2737 1429 2800 1480 ὲκ
2839 1426 2975 1480 Θεοῦ
3007 1427 3218 1499 Πατρὸς
3276 1428 3602 1497 ὰπορῤήτως
3653 1425 3748 1477 καὶ

2175 1521 2317 1589 ὑπὲρ
2343 1519 2465 1572 νοῦν
2490 1522 2517 1572 6
2545 1519 2690 1581 Υἱὸς,
2729 1518 3020 1590 συνέτριψε
3053 1517 3152 1582 τὰς
3184 1517 3484 1588 βασιλείας,
3517 1517 3580 1568 ἶν’
3602 1514 3749 1584 αὐτῷ

2175 1612 2360 1664 λοιπὸν
2393 1611 2453 1663 τὸ
2483 1610 2626 1663 κατὰ
2650 1610 2869 1662 πάντων
2899 1611 3098 1681 κράτος
3125 1610 3430 1680 ἀνάπτηται
3449 1625 3461 1636 ·
3497 1606 3747 1676 ιΚάμψει

2174 1703 2280 1773 γὰρ
2317 1701 2468 1772 αὐτῷ
2497 1704 2602 1755 πᾶν
2631 1703 2782 1770 γόνυ,
2813 1703 2906 1754 καὶ
2929 1703 3080 1754 πᾶσα
3109 1702 3328 1770 γλῶσσα
3356 1699 3748 1770 ἐξομολογήσε-

2176 1813 2286 1857 ται,
2333 1796 2415 1848 ὅτι
2462 1795 2666 1867 Κύριος
2725 1793 2932 1865 Ἰησοῦς
2978 1796 3209 1866 Χριστὸς
3269 1796 3350 1856 εἰς
3407 1793 3563 1858 δόξαν
3610 1789 3748 1844 Θεοῦ

2177 1887 2407 1958 Πατρός.
2449 1907 2466 1938 ι
2504 1887 2711 1941 Οὐκοῦν
2738 1888 2811 1948 ὡς
2843 1888 2900 1953 eg
2933 1887 3091 1956 ὅρους
3121 1884 3215 1938 τοῦ
3246 1884 3381 1938 Θεοῦ
3420 1867 3513 1937 καὶ
3537 1882 3749 1952 Πατρὸς

2177 1984 2571 2054 ἁκρογωνιαῖος
2610 1982 2701 2034 καὶ
2727 1981 2980 2042 ἐκλεκτὸς
3006 1978 3342 2050 ἀποτμηθεὶς
3371 1977 3516 2041 λίθος
3545 1979 3573 2030 6
3595 1977 3746 2038 Θεὸς,

2176 2077 2399 2144 γέγονεν
2432 2076 2563 2144 ἡμῖν
2612 2075 2967 2146 κληρονομία.
3029 2069 3359 2143 Κεκλήμεθα
3385 2069 3494 2141 γὰρ
3529 2072 3605 2131 είς
3638 2071 3750 2120 υἱο-

2178 2168 2363 2221 θεσίαν
2409 2167 2476 2219 δι’
2519 2166 2706 2232 αὐτοῦ,
2761 2165 2856 2220 καὶ
2905 2164 3231 2236 κληρονόμοι
3278 2163 3580 2231 γεγόναμεν
3613 2158 3747 2212 Θεοῦ

2179 2259 2401 2324 ζῶντος,
2445 2259 2651 2326 ἰσότητι
2695 2258 2914 2330 χάριτος
2965 2257 3164 2327 χάριτα
3205 2255 3596 2325 κερδαίνοντες.
3638 2253 3750 2306 Καὶ

2177 2352 2228 2404 τί
2256 2351 2319 2420 δὴ
2336 2349 2526 2414 τοῦτος
2555 2350 2773 2403 Δέδοται
2803 2349 2901 2418 μὲν
2926 2347 3034 2419 γάρ
3047 2348 3203 2418 χάρις
3226 2364 3306 2410 τις
3334 2346 3413 2415 τῷ
3451 2344 3686 2415 Ἰσραὴλ,
3714 2345 3749 2414 ἡ

2177 2442 2377 2513 ἀρχαία
2406 2460 2464 2495 τε
2498 2442 2682 2511 ἐκείνη
2715 2441 2811 2492 καὶ
2835 2440 3116 2510 διαϐόητος
3133 2452 3151 2467 ⁸
3175 2438 3538 2508 λελύτρωνται
3561 2436 3667 2508 γὰρ
3690 2434 3751 2500 ἐξ

2177 2536 2452 2604 Αἰγύπτου
2505 2533 2822 2605 σαρκικῶς,
2867 2533 2966 2602 τὴν
3017 2531 3405 2603 ἐπηρτημὲνην
3459 2531 3640 2592 αὐτοῖς
3687 2531 3753 2581 ὲκ

2182 2628 2494 2694 πλεονεξίας
2525 2627 2889 2680 ἀπεσείσαντο
2914 2625 3179 2688 δουλείαν,
3217 2623 3638 2692 διεϐιὸάσθησαν
3665 2621 3753 2673 διὰ

2180 2720 2452 2789 θαλάσσης
2487 2720 2692 2790 μέσης,
2723 2718 2923 2787 ἔφαγον
2952 2717 3014 2769 τὸ
3051 2717 3226 2786 μάννα
3255 2718 3312 2768 ὲν
3335 2717 3400 2786 τῇ
3437 2717 3649 2785 ἐρήμῳ,
3681 2713 3759 2764 δι-

2180 2810 2342 2880 ῆλθον
2375 2812 2434 2862 ὲν
2458 2811 2578 2862 ποδὶ
2633 2809 2916 2878 ποταμοὺς
2963 2805 3440 2878 (διεπεραιώσαντο
3467 2806 3574 2876 γὰρ
3611 2805 3756 2857 οὕτω

2181 2904 2270 2955 τὸν
2308 2902 2626 2972 Ἰορδάνην),
2647 2899 3102 2970 εἰσεκομίσθησαν
3133 2900 3211 2961 είς
3239 2900 3341 2969 τὴν
3383 2899 3485 2969 γῆν
3513 2897 3614 2967 τῆς
3649 2898 3755 2949 ἐπ-

2181 2995 2460 3063 αγγελίας.
2499 2993 2646 3064 Αὕτη
2681 2993 2746 3064 δὴ
2779 2990 2872 3046 οὖν
2907 2995 2939 3063 ή
2978 2992 3138 3064 χάρις
3179 2993 3213 3062 ἡ
3260 2990 3472 3061 πρώτη.
3517 2990 3656 3044 Ἀλλ’
3695 2992 3755 3043 ἑν

2186 3087 2390 3155 ἰσότητι
2448 3085 2541 3137 καὶ
2569 3085 2844 3155 ὁμοιότητι
2879 3083 2976 3152 τῆς
3001 3082 3234 3153 ἀρχαίας
3263 3083 3479 3153 ἐκείνης
3509 3084 3752 3154 χάριτος,

501 3185 584 3227 est
659 3173 814 3227 nobis
890 3172 1023 3242 lapis
1068 3182 1128 3226 ut
1192 3172 1627 3239 fundamentum,
1669 3178 1782 3228 sive
1838 3191 2077 3229 stmmms

2183 3179 2339 3250 χάρις
2368 3177 2576 3232 δέδοται
2608 3177 2755 3249 παρὰ
2783 3177 3044 3246 Χριστοῦ,
3075 3176 3133 3240 ὃς
3170 3177 3392 3245 γέγονεν
3421 3179 3572 3247 ἡμῖν,
3607 3178 3752 3242 λίθος

503 3265 801 3334 angularis,
831 3279 884 3318 et
938 3280 1152 3318 rursum
1213 3265 1386 3319 haeres
1421 3277 1480 3318 ut
1526 3266 1717 3320 Filius.
1777 3267 1879 3321 Per
1930 3268 2077 3321 illum

501 3356 700 3423 quippe
728 3355 968 3409 haeredes
1019 3354 1110 3409 Dei
1147 3355 1382 3410 instituti
1447 3371 1636 3411 sumus
1669 3359 1716 3389 ³³
1744 3398 1757 3410 .
1799 3357 2080 3422 Quomodo

503 3445 668 3514 igitur
701 3446 752 3497 in
783 3447 1090 3514 aequalitate
1123 3447 1308 3514 primae
1338 3446 1525 3516 gratim
1558 3448 1834 3500 secunda?
1862 3446 1988 3513 Qua:
2026 3449 2078 3502 in

504 3537 611 3590 illis
649 3537 852 3590 ﬁebant
899 3540 1197 3592 secundum
1230 3555 1475 3605 carnem,
1516 3540 1628 3594 sive
1676 3557 1914 3602 sensum,
1966 3542 2081 3595 haec

504 3630 756 3683 Christus
784 3631 1080 3683 secundum
1105 3632 1351 3699 spiritum
1379 3641 1434 3685 et
1459 3633 1783 3687 intellectum
1813 3635 2080 3703 prmstitit.

506 3720 715 3789 Eripuit
751 3737 847 3774 nos
875 3736 906 3775 e
958 3722 1218 3777 servitute
1257 3723 1545 3791 diabolica,
1587 3738 1684 3779 ceu
1734 3741 1801 3778 ex
1851 3725 1962 3779 luto
2027 3734 2083 3780 et

505 3811 749 3865 latere”.
785 3813 1058 3866 Liberavit
1099 3813 1474 3871 all‘ectionibus
1531 3818 1816 3870 mundanis
1855 3827 1910 3872 et
1961 3833 2083 3872 car-

507 3902 720 3955 nalibus
784 3901 1159 3957 immunditiis.
1204 3905 1360 3957 Velut
1435 3921 1530 3975 per
1576 3923 1724 3960 mare
1795 3908 2079 3963 transitum

503 3991 806 4045 concessit:
842 3990 1038 4046 ﬂuetus
1079 3995 1220 4048 enim
1269 3994 1426 4062 hujus
1467 3999 1586 4050 vita:
1638 4008 1692 4050 et
1727 4001 2079 4053 acerbitatem

501 4083 622 4154 ejus
653 4085 1074 4139 sollicitudiumn
1092 4088 1858 4155 prmterivinms.Comedimus
1886 4105 2079 4160 panem

503 4180 568 4227 de
597 4176 734 4230 creto
767 4174 1028 4245 (mystice
1050 4177 1678 4248 loquimur),Jordanem
1707 4181 2079 4248 transivimus,

499 4266 968 4321 circumcisiouem
991 4269 1042 4321 iu
1062 4270 1254 4336 spiritu
1276 4272 1608 4339 suscepimus
1629 4273 1693 4336 “,
1714 4273 2079 4331 hmreditatem

505 4358 806 4411 audivimus
822 4374 1112 4428 supernam
1143 4361 1580 4426 civitatem,vere
1608 4373 1848 4419 sanctam
1881 4376 2078 4422 terram

501 4445 657 4512 cujus
685 4459 738 4500 et
771 4447 1020 4502 Christus
1079 4449 1194 4518 ipse
1227 4453 1470 4505 meminit
1525 4467 1646 4506 cum
1687 4454 1805 4506 ait:
1867 4473 1887 4507 ι
1928 4455 2080 4513 Beati

2188 3271 2286 3340 μὲν
2329 3271 2404 3332 ὡς
2439 3269 2719 3339 θεμέλιος,
2755 3269 2922 3339 ἤγουν
2962 3271 3374 3339 ἁκρογωνιαῖος,
3421 3269 3757 3340 κληρονόμος

2181 3365 2237 3416 δὲ
2275 3363 2456 3427 πάλιν,
2484 3362 2558 3424 ὡς
2593 3362 2737 3424 Υἱός.
2772 3363 3078 3432 Γεγόναμεν
3113 3362 3220 3432 γὰρ
3250 3364 3316 3416 δι’
3347 3362 3507 3416 αὑτοῦ
3555 3363 3748 3432 κληρο-

2183 3457 2338 3524 νόμοι
2366 3453 2522 3506 Θεοῦ.
2552 3453 2676 3516 Πῶς
2701 3449 2794 3506 οὖν
2825 3455 2880 3505 ὲν
2911 3455 3117 3524 ἰσότητι
3150 3455 3250 3519 τῆς
3282 3459 3505 3525 πρώτης
3535 3455 3757 3525 χάριτος

2183 3548 2214 3614 ἡ
2249 3545 2476 3615 δευτέρα
2498 3545 2590 3606 ;"A
2626 3544 2735 3615 γὰρ
2767 3545 2853 3596 ἐπ’
2875 3545 3104 3606 ἐκείνοις
3125 3545 3426 3614 ἐπράττετο
3456 3543 3754 3616 σαρκικῶς,

2183 3642 2350 3710 ἦγουν
2398 3637 2703 3707 αἰσθητῶς,
2767 3636 2942 3689 ταῦτα
3005 3637 3353 3690 τετελείωκεν
3406 3640 3488 3704 ἐφ’
3543 3640 3675 3707 ἡμῖν
3728 3641 3756 3691 ὀ

2181 3731 2416 3802 Χριστὸς
2453 3727 2838 3800 πνευματικῶς
2869 3746 2926 3782 τε
2957 3729 3052 3782 καὶ
3075 3729 3298 3799 νοητῶς.
3350 3729 3614 3794 Ἐξείλετο
3638 3730 3758 3783 δου-

2181 3822 2330 3880 λείας
2365 3819 2699 3889 διαϐολικῆς,
2733 3820 2807 3881 ὡς
2834 3821 2898 3871 ἐκ
2933 3819 3103 3888 πηλοῦ
3156 3820 3249 3872 καὶ
3289 3819 3586 3883 πλινθείας.
3627 3821 3758 3873 Ἀπ-

2182 3911 2379 3982 ήλλαξε
2429 3909 2537 3962 τῶν
2585 3911 2644 3962 ὲν
2695 3910 2884 3979 κόσμῳ
2935 3909 3121 3962 παθῶν
3191 3909 3287 3962 καὶ
3325 3910 3433 3961 τῶν
3475 3911 3755 3980 σαρκικῶν

2182 4003 2557 4074 ἀκαθαρσιῶν.
2580 4001 2897 4055 Διεόίϐασεν
2927 4001 3002 4064 ὡς
3030 4001 3117 4055 διὰ
3151 4001 3427 4073 θαλάσσης
3445 4021 3460 4036 ·
3486 4004 3758 4074 παρεδρά-

2185 4112 2358 4166 μομεν
2395 4093 2505 4165 γὰρ
2529 4094 2619 4147 τὸν
2652 4093 2897 4147 κλύδωνα
2923 4091 3016 4146 τοῦ
3066 4094 3332 4165 παρόντος
3362 4093 3499 4166 βίου,
3533 4098 3626 4148 καὶ
3657 4097 3756 4165 τῆς

2182 4192 2239 4243 ἐν
2285 4186 2433 4257 αὐτῷ
2463 4186 2742 4257 φροντίδος
2785 4187 2846 4239 τὸ
2890 4188 3104 4259 πικρόν.
3146 4189 3452 4259 Ἐφάγομεν
3495 4189 3658 4259 ἄρτον
3698 4189 3754 4255 ἐξ

2180 4276 2411 4348 οὐρανοῦ
2439 4275 2724 4348 (μυστικὸς
2749 4277 2776 4328 ὁ
2807 4275 3010 4342 λόγος),
3041 4277 3462 4349 διεϐιὸάσθημεν
3489 4279 3580 4332 τὸν
3622 4278 3755 4348 Ἰορ-

2182 4367 2369 4437 δάνην,
2413 4366 2715 4439 περιτομὴν
2759 4368 3074 4438 ἐσχήκαμεν
3104 4369 3200 4440 τὴν
3237 4371 3294 4424 ὲν
3322 4372 3620 4440 πνεύματι,
3663 4388 3757 4424 κε-

2186 4459 2676 4528 κληρονομήκαμεν
2718 4456 2815 4527 τὴν
2859 4457 2970 4509 ἄνω
2999 4458 3176 4521 πόλιν,
3219 4460 3316 4529 τὴν
3345 4460 3559 4530 ἀληθῶς
3597 4462 3759 4528 ἁγίαν

507 4538 686 4604 mites,
723 4539 979 4606 quoniam
1008 4541 1108 4610 ipsi
1141 4544 1491 4609 possidebunt
1547 4554 1746 4599 terram
1776 4547 1842 4601 ³³.
1881 4567 1900 4599 ›
1941 4547 2077 4604 Ριιιο

2183 4552 2308 4620 γῆν,
2357 4543 2422 4618 ἧς
2457 4549 2553 4600 καὶ
2595 4547 2756 4610 αὐτὸς
2799 4550 2827 4600 ὁ
2879 4549 3112 4619 Χριστὸς
3153 4549 3501 4621 διεμὲμνητο,
3545 4551 3753 4619 λέγων’

501 4639 680 4684 autem
704 4646 803 4700 ego
829 4633 1289 4702 sapientissimum
1315 4650 1528 4706 quoque
1563 4639 1950 4709 evangelistam
1984 4641 2078 4696 Jo-

503 4735 697 4775 annem
731 4723 832 4777 hoc
874 4723 1049 4792 ipsum
1116 4725 1427 4791 signiﬁcare
1468 4727 1624 4794 velle,
1677 4746 1798 4785 cum
1833 4732 1963 4787 dicit
2014 4737 2080 4790 de

502 4813 721 4870 Christo
741 4831 755 4867 :
791 4815 894 4871 «De
915 4816 1253 4885 plenitudine
1280 4819 1398 4887 ejus
1415 4836 1513 4875 nos
1537 4837 1727 4877 omnes
1745 4825 2074 4896 accepimus,

501 4913 557 4957 et
588 4905 817 4973 gratiam
849 4920 947 4974 pro
976 4908 1170 4976 gratia.
1203 4907 1338 4973 Quia
1371 4910 1456 4964 lex
1487 4926 1582 4981 per
1611 4911 1793 4967 Mosen
1821 4915 1942 4969 data
1974 4926 2083 4982 est,

501 4996 673 5066 gratia
705 5005 761 5051 et
785 4997 988 5051 veritas
1018 5013 1112 5066 per
1139 4997 1324 5054 Jesum
1355 4999 1631 5055 Christum
1666 5003 1806 5059 facta
1843 5015 1926 5060 est
1952 5007 2021 5062 ³⁸.
2056 5028 2076 5062 ι

502 5086 747 5142 Minister
799 5088 941 5141 enim
997 5096 1053 5141 et
1139 5091 1406 5146 mediator
1479 5094 1682 5148 veteris
1766 5094 1908 5149 illius
1963 5113 2088 5166 gra-

505 5180 594 5234 tiae
673 5179 848 5235 Moses
903 5181 1051 5248 l‘uit;
1098 5186 1351 5239 secundae
1447 5197 1629 5240 autem
1716 5189 1901 5258 gratiae
1930 5191 2090 5246 tlhri-

500 5279 638 5336 stus,
677 5287 798 5342 qum
844 5272 1251 5328 similitudinem
1304 5277 1501 5345 prioris
1559 5278 1701 5334 illius
1722 5279 1905 5336 habet.
1954 5281 2084 5353 Typi

499 5363 645 5416 enim
671 5365 890 5432 quidam
921 5374 1080 5419 erant
1138 5367 1204 5419 ad
1268 5370 1585 5434 veritatem,
1650 5373 1766 5425 sive
1837 5376 2085 5430 veritatis

500 5455 666 5507 decus
699 5459 1083 5525 parturientes,
1119 5470 1271 5514 tanto
1299 5461 1544 5516 melioris
1576 5473 1630 5516 et
1656 5465 2080 5529 excellentioris,

498 5556 704 5614 quanto
750 5564 868 5617 qua:
934 5552 1185 5606 sensibus
1236 5569 1297 5607 ea
1370 5569 1491 5622 qua:
1546 5557 1659 5609 sola
1729 5558 2080 5628 intelligentia

569 5747 614 5778 ’⁷
644 5745 798 5802 Joan.
830 5766 939 5810 xrv,
967 5750 1053 5806 10.
1130 5753 1175 5784 ’⁸
1206 5753 1335 5807 1).ιιι.
1374 5770 1431 5816 ιι,
1466 5756 1555 5807 5i.

1637 5756 1679 5786 ”
1717 5756 1944 5824 Philipp.
1979 5775 2038 5821 tl,
2079 5758 2166 5817 10,
2209 5758 2288 5809 ll.

500 5830 618 5882 vtn,
646 5818 731 5873 Π.
810 5821 854 5851 ³³
885 5821 1054 5878 Exod.
1099 5841 1133 5888 ι,
1167 5825 1250 5877 Η.
1330 5827 1372 5855 ³’⁶
1411 5827 1578 5879 Exod.
1609 5841 1717 5892 xu,
1754 5828 1768 5878 l
1805 5845 1817 5891 ;
1851 5818 2002 5880 Jtian.
2028 5818 2113 5895 ἰι,
2140 5830 2225 5881 5ι.

2191 4654 2208 4684 ι
2233 4630 2509 4705 Μακάριοι
2543 4637 2591 4688 οἱ
2623 4638 2837 4704 πραεῖς,
2874 4637 2957 4689 ὅτι
2983 4638 3135 4689 αὐτοὶ
3166 4639 3631 4712 κληρονομήσουσι
3658 4642 3758 4711 τὴν

2185 4727 2311 4796 γῆν.
2353 4746 2370 4776 ›
2407 4721 2575 4796 Οἶμαι
2605 4727 2662 4779 δὲ
2691 4727 2865 4794 ἔγωγε
2897 4729 2990 4781 καὶ
3011 4730 3102 4781 τὸν
3140 4730 3449 4799 σοφώτατον
3470 4733 3758 4801 εὐαγγελι-

2187 4819 2318 4888 στὴν
2357 4818 2631 4888 Ἰωάννην,
2666 4820 2798 4872 αὐτὸ
2834 4820 2897 4891 δὴ
2935 4820 3092 4874 τοῦτο
3132 4821 3416 4891 βούλεσθαι
3455 4824 3668 4895 δηλοῦν,
3709 4827 3761 4878 εἰ

2184 4910 2331 4979 λέγοι
2364 4912 2490 4982 περὶ
2512 4912 2772 4982 Χριστοῦ,
2793 4913 2874 4966 ὅτι
2907 4933 2924 4964 ι
2949 4915 3042 4966 Ἐκ
3075 4915 3171 4968 τοῦ
3200 4915 3564 4987 πληρώματος
3591 4919 3758 4971 αὐτοῦ

2185 5003 2346 5072 ἡμεῖς
2373 5003 2572 5067 πάντες
2608 5003 2894 5074 ἐλάϐομεν,
2925 5006 3021 5058 καὶ
3050 5008 3204 5078 χάριν
3235 5010 3355 5061 ἀντὶ
3388 5009 3758 5081 χάριτος.”οτι

2183 5097 2211 5148 6
2242 5096 2405 5165 νόμος
2436 5093 2527 5148 διὰ
2556 5095 2799 5159 Μωσέως
2836 5097 2991 5168 ἐδόθη
3015 5138 3030 5159 ,
3060 5101 3092 5169 ή
3140 5100 3297 5171 χάρις
3336 5103 3430 5156 καὶ
3471 5103 3502 5173 ή
3534 5102 3758 5173 ἀλήθεια

2185 5188 2272 5241 διὰ
2313 5188 2488 5258 Ἰησοῦ
2516 5188 2753 5260 Χριστοῦ
2779 5189 3015 5257 ἐγένετο.
3045 5211 3062 5241 ι
3088 5193 3346 5256 Διάκονος
3375 5194 3476 5264 μὲν
3507 5195 3614 5263 γάρ
3663 5196 3760 5247 καὶ

2191 5280 2417 5351 μεσίτης
2445 5281 2543 5350 τῆς
2568 5281 2803 5350 ἀρχαίας
2829 5282 3041 5352 ἐκείνης
3069 5284 3290 5354 χάριτος
3319 5284 3543 5352 γέγονεν
3570 5287 3599 5337 ό
3630 5285 3760 5338 Μω-

2187 5373 2304 5442 σῆς
2321 5373 2421 5442 τῆς
2450 5389 2513 5440 γε
2547 5373 2652 5444 μὴν
2671 5373 2930 5445 δευτέρας
2962 5376 3181 5446 χάριτος
3205 5378 3233 5428 6
3254 5376 3509 5447 Χριστὸς,
3529 5376 3759 5447 ἐχούσης

2189 5466 2286 5534 μὲν
2331 5467 2629 5536 ὁμοιότητα
2682 5467 2817 5536 πρὸς
2864 5467 3082 5539 ἐκείνην
3129 5468 3310 5532 (τύποι
3353 5469 3463 5539 γὰρ
3507 5465 3648 5540 ἦσαν
3681 5469 3758 5532 ὼς

2184 5558 2319 5628 πρὸς
2368 5558 2660 5628 ἀλήθειαν,
2711 5560 2876 5629 ἤγουν
2922 5562 2983 5613 τὸ
3033 5561 3131 5632 τῆς
3177 5561 3434 5630 ἀληθείας
3480 5561 3759 5623 ὡδίνοντες

2370 5759 2411 5787 ³ο
2447 5760 2641 5823 l-Iphrs.
2700 5777 2755 5825 ιι,
2799 5762 2887 5815 ‘20.

2307 5830 2348 5858 ³⁵
2375 5830 2560 5884 .\l.ttth.
2593 5848 2639 5894 v,
2671 5831 2720 5882 4.

2989 5763 3030 5795 ³⁸
3067 5762 3260 5831 ΕρΙιθ-τ.
3291 5777 3326 5821 ι,
3365 5763 3398 5814 :‘i
3505 5763 3548 5793 ³¹
3595 5760 3752 5816 lium.

2801 5833 2846 5862 ³⁸
2877 5830 3036 5890 Joan.
3067 5830 3128 5898 tt,
3159 5831 3239 5899 l6,
3273 5835 3362 5888 l7.
