4072 6370
278 414 359 470 89
1130 402 1680 461 COMMENTARIUS
1713 399 1785 455 IN
1825 399 1886 454 ΖΑ

1935 398 2229 456 MAI
2261 398 2703 457 PROPIIETAM.
3474 404 3543 457 70

289 528 533 597 κάλλος),
557 526 842 596 ἀμείνονος
870 525 926 577 δὲ
949 524 1044 578 καὶ
1061 521 1493 594 ὑπερκειμένης,
1506 521 1617 589 ὅσῳ
1640 519 1737 571 καὶ
1764 517 1873 570 τῶν

1937 518 2501 588 ,τοιιιρτθιιεοὰιιηιυι-
2556 517 2902 573 antecellunt.
2936 517 3158 573 Accedit
3199 517 3354 574 testis
3401 517 3545 575 Pan-

288 620 563 692 αἰσθητῶν
594 621 697 673 ύπε
708 618 898 690 ρφέροι
927 616 995 670 ἂν
1019 615 1246 677 εἰκότως
1274 614 1345 667 τά
1368 613 1556 683 inermi.
1590 612 1700 673 Kal
1724 627 1867 682 μαρ-

1971 610 2055 664 lus
2092 624 2215 664 cum
2246 609 2439 663 scribit
2470 610 2537 662 ³⁷.
2562 609 2803 665 melioris
2847 609 3160 665 testamenti
3192 609 3544 666 mediatorem

286 716 529 786 τυρήσας
557 711 763 782 γράφει
801 712 833 763 6
862 707 1095 773 Παῦλος,
1139 706 1221 761 ὅτι
1265 705 1574 778 κρείττονος
1600 701 1865 773 διαθήκης

718 727 763 763 ιι
801 712 833 763 6
862 707 1095 773 Παῦλος,
1139 706 1221 761 ὅτι
1265 705 1574 778 κρείττονος
1600 701 1865 773 διαθήκης
1971 713 2090 755 esse
2119 696 2326 754 Iesum.

287 807 511 877 γέγονεν
540 802 738 872 ἔγγυος
772 798 1001 871 Ἰησοῦς»

364 935 473 992 Καὶ
495 934 732 1004 ἐγένετο
769 932 951 1001 λόγος
982 931 1203 999 Κυρίου
1234 929 1380 998 πρός
1418 945 1515 998 με,
1539 925 1760 996 λέγων’
1799 925 1866 978 Al

2048 914 2208 967 Vens.
2234 913 2289 978 8,
2318 912 2372 967 9.
2402 911 2466 967 Et
2504 913 2678 983 {actus
2707 923 2784 968 est
2817 931 2985 968 sermo
3047 915 3257 968 Domini
3311 920 3382 970 ad
3442 933 3544 984 me,

290 1030 487 1100 χεῖρες
512 1002 843 1096 Ζοροϐάϐελ
861 1023 1269 1092 ἐθεμελίωσαν
1297 1021 1405 1075 τὸν
1440 1016 1609 1097 οἷκον
1628 1016 1864 1080 τοῦτον,

1971 1009 2147 1061 dicens
2200 1021 2218 1060 :
2292 1006 2484 1059 Manus
2561 1002 2854 1059 Zorobabel
2919 1005 3270 1074 fundaverant
3332 1007 3544 1061 domum

438 1120 500 1173 αι
542 1095 739 1185 χεῖρες
791 1114 979 1169 αὐτοῦ
1018 1095 1481 1167 ἐπιτελέσουσικ
1514 1108 1731 1169 αῠτύν,
1769 1107 1868 1161 καὶ

1972 1098 2150 1161 istam,
2189 1107 2237 1151 et
2286 1112 2473 1149 manus
2540 1095 2653 1163 ejus
2702 1095 3029 1165 complebunt
3098 1113 3233 1162 eam,
3292 1108 3343 1152 et
3414 1099 3543 1153 scies

292 1209 597 1281 ἑπιγνώσῃ
617 1207 765 1262 διότι
785 1208 998 1275 Κύριος
1016 1203 1434 1274 παντοκράτωρ
1451 1195 1868 1267 ἐξαπέσταλκέ

1634 1195 1868 1253 σταλκέ
1972 1191 2094 1260 quia
2163 1187 2416 1242 Dominus
2456 1187 2779 1257 omnipotens
2806 1188 2949 1241 misit
2977 1204 3057 1241 me
3077 1189 3148 1241 ad
3175 1198 3242 1242 te.

287 1318 366 1372 με
397 1300 546 1370 πρὸς
575 1298 667 1352 σέ.

365 1416 512 1482 KG”.
555 1412 685 1466 Ἰδοὺ
745 1410 810 1480 δὴ
843 1407 1004 1463 πάλιν
1031 1409 1161 1478 ἡμῖν
1187 1407 1245 1459 ὲν
1274 1403 1553 1468 αἰσθητοῖς
1579 1402 1866 1472 πράγμασι

2045 1405 2234 1462 XXVI.
2260 1406 2360 1471 Eu,
2385 1398 2598 1462 rttrsum
2634 1408 2686 1461 in
2716 1408 2878 1463 rebus
2922 1422 3059 1479 quas
3111 1425 3270 1466 sensu
3332 1413 3545 1483 attingi-

292 1503 639 1577 καταγράφει
675 1501 744 1555 τὰ
771 1499 972 1571 νοητὰ,
1004 1497 1102 1552 καὶ
1136 1495 1245 1550 τῶν
1280 1494 1369 1548 διὰ
1408 1493 1644 1567 Χριστοῦ
1686 1509 1865 1564 παρα-

1976 1515 2112 1561 ntus,
2143 1512 2237 1554 eas
2283 1513 2402 1568 qtae
2464 1499 2640 1554 solum
2678 1499 3381 1570 intelligunturjdescribit,
3422 1515 3476 1559 et
3515 1521 3545 1559 a

292 1597 460 1662 δόξως
488 1592 890 1662 τετελεσμένων
934 1587 1298 1661 παρατίθησιν
1345 1587 1425 1651 εἰς
1465 1585 1635 1640 τύπον
1676 1584 1737 1637 τὸ
1780 1582 1868 1637 διὰ

1974 1590 2190 1646 Christo
2253 1590 2649 1665 admirabiliter
2707 1600 3139 1662 perpetratorum
3176 1603 3358 1664 typum
3425 1610 3543 1666 pro-

292 1687 479 1761 χειρὸς
528 1683 835 1758 Ζοροϐάϐελ
880 1681 1022 1736 κατὰ
1073 1680 1299 1751 καιροὺς
1352 1676 1862 1750 ὲκπεπερασμένον.

1975 1684 2126 1751 ponit
2182 1682 2234 1737 id
2297 1685 2440 1753 quod
2500 1698 2597 1751 per
2645 1697 2861 1736 manum
2926 1682 3226 1740 Zorobabcl
3251 1687 3543 1758 aliquando

308 1781 530 1852 Ἐπειδὴ
561 1780 695 1852 γὰρ,
728 1778 963 1848 ἁλούσης
996 1777 1092 1846 τῆς
1125 1775 1480 1829 Βαϐυλωνίων
1512 1773 1617 1828 ὑπὸ
1645 1772 1868 1844 Περσῶν

1974 1774 2276 1828 confectum
2302 1773 2423 1828 'l'uit.
2456 1774 2742 1843 Postquam
2771 1774 2913 1828 enim
2944 1773 3255 1846 Babyloniis
3305 1793 3334 1832 a
3404 1777 3548 1851 Cyro

290 1873 395 1928 καὶ
435 1871 622 1942 Κύρου
642 1910 657 1934 ,
685 1868 794 1924 τῶν
824 1868 922 1940 τῆς
950 1865 1193 1930 δουλείας
1232 1867 1443 1920 ἀνεῖντο
1478 1863 1694 1936 δεσμῶν
1724 1866 1772 1916 οἱ
1808 1861 1869 1926 ἐξ

1941 1938 1943 1942 λ
1977 1864 2262 1920 Persarum
2281 1880 2407 1936 rege
2427 1865 2665 1920 subactis
2690 1865 2950 1920 servitute
2969 1868 3198 1922 exsoluti
3228 1881 3355 1926 sunt
3374 1869 3549 1927 Israc-

310 1927 549 2036 Ἰσραὴλ,
573 1927 667 2017 καῖ
696 1961 762 2034 δὴ
789 1927 1115 2032 καὶνάνῆκον
1145 1927 1225 2021 είς
1246 1927 1617 2031 Ἰεροσόλυμα,
1643 1955 1871 2026 Δαρείου
1902 1927 1918 1983 Ῑ

1943 1962 1945 1972 ‘
1974 1956 2101 2022 litae,
2125 1966 2188 2012 et
2254 1957 2475 2027 insuper
2504 2028 2509 2039 ι
2544 1956 2983 2030 Hierosolymam
3039 1962 3334 2024 redierunt,
3382 1963 3551 2036 689

290 2055 483 2109 λοιπὴν
528 2054 625 2127 τὴν
670 2051 953 2107 Χαλδαίων
994 2051 1268 2115 διέποντος
1314 2049 1511 2121 ἀρχὴν,
1562 2046 1871 2121 προῦτρεπε

1974 2048 2135 2105 Dario
2174 2059 2356 2118 postea
2380 2048 2750 2133 Chaldaeorum
2776 2065 2995 2121 regnum
3027 2065 3380 2122 procurante,
3415 2057 3542 2109 hor-

290 2146 433 2208 Θεὸς
459 2144 588 2208 τοὺς
610 2144 1082 2215 ύπονοστήσαντας
1114 2141 1202 2194 τὸν
1230 2141 1372 2194 θεῖον
1392 2139 1553 2202 εὐθὺς
1585 2138 1875 2209 ἀναδείμα-

1978 2152 2123 2201 tatns
2157 2152 2240 2197 est
2300 2143 2443 2197 Deus
2497 2144 2720 2198 reduces
2780 2153 2837 2196 ut
2879 2156 3004 2199 ante
3073 2148 3251 2199 omnia
3311 2148 3550 2203 divinum

301 2238 427 2291 σθαι
454 2237 601 2304 ναὸν,
624 2235 999 2306 βασιλεύοντος
1032 2234 1130 2306 μὲν
1162 2232 1487 2305 Ζοροϐάϐελ,
1506 2230 1873 2304 ἱερατεύοντός

1979 2233 2235 2302 templum
2293 2232 2703 2295 reaedilicarent,
2740 2246 2886 2303 [rege
2940 2233 3156 2302 quidem
3190 2234 3548 2300 Zorobabele.

299 2344 364 2395 γε
402 2327 512 2399 μὴν
547 2324 718 2397 Ἰησοῦ
764 2324 859 2379 τοῦ
904 2323 1169 2378 Ἰωσεδὲκ.
1205 2323 1318 2379 Καὶ
1360 2323 1595 2395 ἥπτοντο
1641 2321 1739 2392 μὲν
1776 2320 1871 2374 τοῦ

1973 2322 2219 2392 principe
2240 2332 2417 2377 autem
2442 2324 2778 2378 sacerdotum
2795 2321 2919 2377 .lesu
2944 2324 3053 2377 lilio
3073 2322 3297 2381 Josedec
3316 2326 3382 2379 ⁸⁸.
3404 2325 3554 2382 Jam-

299 2418 486 2490 ἒργου,
521 2418 616 2471 καὶ
652 2418 717 2488 δὴ
746 2417 844 2471 καὶ
877 2418 938 2471 ὲν
969 2414 1214 2488 πρώταις
1239 2414 1520 2487 κρηπίδων
1547 2413 1875 2476 καταϐολαῖς

1975 2429 2079 2484 que
2107 2414 2173 2469 ad
2212 2429 2347 2484 opus
2381 2414 2846 2486 aggrediebantur,
2874 2425 2928 2470 et
2956 2415 3126 2484 prima
3194 2417 3550 2476 fundamenta

298 2510 363 2564 τὸ
394 2509 557 2582 ἔργον
581 2505 670 2579 ἦν,
698 2505 834 2581 ἧρτο
859 2509 915 2563 δὲ
940 2510 1035 2563 καὶ
1067 2508 1204 2580 ὑψοῦ
1235 2510 1304 2564 τὰ
1332 2509 1484 2582 τείχη
1514 2507 1723 2573 λοιπὸν,
1758 2503 1875 2560 εἶτα

1966 2505 2112 2575 jacta
2139 2515 2318 2568 erant,
2337 2514 2390 2559 et
2421 2508 2558 2560 mtiri
2580 2507 2631 2559 in
2662 2504 2825 2558 altum
2853 2507 3054 2572 educti,
3085 2523 3226 2574 cum,
3254 2511 3552 2579 prohibeo-

301 2603 508 2674 μεταξὺ
551 2602 869 2657 κωλυόντων
915 2602 1102 2665 τινῶν,
1153 2602 1247 2657 καὶ
1292 2600 1545 2671 ἐμποδὼν
1589 2600 1875 2670 γεγονότος

1979 2600 2119 2653 tibus
2168 2598 2487 2667 quibusdam
2532 2606 2587 2651 et
2643 2598 2843 2653 invidia
2907 2598 3257 2654 ﬁnitimarum
3314 2603 3551 2671 gentium

300 2696 395 2749 τοῦ
442 2696 638 2767 φθόνου
677 2694 787 2748 τῶν
830 2694 1124 2766 περιοίκων
1162 2692 1366 2757 ἐθνῶν,
1403 2692 1593 2762 γέγονέ
1626 2709 1708 2756 τις
1747 2691 1875 2744 ἀνα-

1977 2689 2324 2759 impediente,
2355 2705 2384 2741 a
2410 2689 2597 2744 labore
2633 2699 2903 2744 cessatum
2929 2701 3013 2745 est
3050 2701 3103 2744 et
3131 2706 3352 2760 operum
3377 2693 3549 2747 studia

301 2788 478 2858 κωχὴ,
510 2787 605 2841 καὶ
636 2785 1066 2856 σπουδασμάτων
1096 2785 1203 2837 τῶν
1251 2785 1344 2839 ἐπὶ
1385 2787 1499 2848 τοῖς
1526 2784 1707 2856 ἔργοις
1742 2783 1874 2837 ἀνά-

1976 2783 2202 2852 prolata.
2271 2780 2377 2834 Deo
2449 2789 2624 2835 autem
2677 2781 2744 2834 ad
2810 2795 2945 2850 opus
3005 2783 3109 2836 rite
3163 2782 3552 2839 conﬁciendum

302 2878 515 2950 ϐλησις.
557 2878 805 2941 Ἀνέντος
834 2878 889 2931 δὲ
924 2876 1083 2932 πάλιν
1129 2875 1314 2940 αὐτοῖς
1341 2876 1436 2930 τοῦ
1463 2875 1599 2930 Θεοῦ
1637 2875 1698 2929 τὸ
1725 2874 1877 2928 δύνα-

1973 2870 2486 2926 rursusl‘acultatem
2511 2872 3004 2940 suppeditanteﬁix
3025 2874 3234 2928 tandem
3251 2874 3551 2929 absolutum

304 2972 431 3028 σθαι
475 2968 778 3042 κατορθοῦν
799 3009 812 3033 ,
864 2968 1207 3022 τετελείωται
1238 2968 1393 3039 μόλις
1423 2969 1453 3021 6
1478 2967 1645 3032 νεὼς,
1699 2966 1874 3038 Ἰησοῦ

1976 2972 2078 3029 est,
2111 2961 2241 3017 Jesu
2269 2978 2536 3018 summum
2568 2973 2791 3033 gerente
2816 2964 3198 3027 sacerdotium,
3225 2964 3554 3023 Zorobabele

306 3064 407 3135 μὲν
456 3061 850 3135 ῖερατεύοντος,
898 3059 1204 3132 Ζοροϐάϐελ
1229 3076 1291 3127 γε
1345 3060 1452 3132 μὴν
1504 3059 1867 3130 ἐφεστηκότος

1977 3067 2158 3112 autem
2193 3071 2373 3110 rerum
2420 3056 2674 3127 potiente.
2715 3056 2779 3109 Et
2802 3056 2886 3110 his
2923 3058 3137 3124 quidem
3168 3058 3389 3113 historia
3421 3074 3554 3114 con-

304 3156 401 3210 τιια)⁵
444 3151 840 3225 βασιλεύοντος.
885 3151 1023 3205 Ἀλλ’
1053 3152 1111 3204 ἐν
1140 3150 1352 3214 τούτοις
1399 3149 1499 3220 μὲν
1531 3152 1559 3204 6
1589 3152 1690 3222 τῆς
1737 3152 1877 3203 ἱστοο

1980 3148 2181 3202 tinetur
2217 3146 2287 3201 ³⁸.
2328 3147 2460 3215 Quia
2497 3162 2625 3204 vero
2647 3164 2749 3220 pro
2782 3158 2908 3221 typo
2935 3150 3134 3205 Christi
3166 3148 3552 3206 anohahelem

306 3246 427 3317 ρίας
474 3243 934 3316 συμπεπέρασται
981 3241 1158 3311 λόγος.
1214 3240 1434 3312 Ἐπειδὴ
1477 3240 1536 3294 δὲ
1582 3242 1663 3305 είς
1707 3241 1874 3294 τύπον
1905 3293 1914 3338 1

1982 3239 2047 3294 de
2084 3239 2223 3294 tribu
2262 3237 2398 3293 Jnda
2450 3250 2628 3293 ortum
2677 3241 3094 3311 assumpsimus,
3127 3257 3249 3311 age.
3312 3242 3554 3296 dicamus

304 3335 543 3409 Χριστοῦ
592 3333 963 3405 παρείληπται
1016 3333 1143 3403 παρ’
1186 3331 1345 3402 ἡμῶν
1391 3333 1419 3383 6
1459 3331 1524 3382 ἐκ
1573 3331 1670 3401 τῆς
1709 3329 1912 3384 Ἰούδα

1982 3329 2257 3398 quomodo
2307 3338 2362 3384 et
2396 3344 2499 3399 qua
2534 3331 2745 3385 ratione
2773 3333 3002 3403 coeperit
3031 3332 3142 3402 ipse
3176 3333 3392 3402 quidem
3422 3333 3555 3389 aedi-

304 3428 479 3499 φυλῆς
503 3424 829 3497 Ζοροϐάϐελ,
852 3425 985 3494 φέρε
1011 3422 1075 3494 δὴ
1102 3422 1348 3493 λέγωμεν
1375 3422 1522 3479 ὅπως
1551 3437 1611 3473 τε
1638 3420 1731 3473 καὶ
1756 3420 1880 3474 τίνα

1981 3419 2146 3473 ﬁcare
2173 3419 2389 3475 domum
2424 3421 2665 3476 Domini:
2693 3422 2788 3477 sed
2819 3435 3000 3477 mente
3024 3434 3334 3494 conceptus,
3364 3435 3419 3479 et
3444 3425 3556 3495 spi-

304 3520 505 3591 τρόπον
534 3518 736 3589 ἤρξατο
779 3517 878 3588 μὲν
910 3514 1070 3580 αὐτὸς
1101 3515 1404 3586 οἰκοδομεῖν
1447 3514 1538 3567 τὸν
1578 3511 1725 3568 οἷκον
1762 3516 1878 3567 Ku-

1984 3512 2200 3569 ritualis
2237 3512 2545 3570 Zorobabel
2599 3529 2720 3569 eam
2781 3526 2969 3584 postea
3008 3513 3298 3583 perfecerit
3330 3525 3385 3570 et
3426 3530 3556 3571 con—

307 3612 425 3684 ρίου
448 3652 465 3677 ,
500 3611 826 3664 τετελείωκε
856 3609 900 3662 δ’
933 3602 999 3662 αὖ
1049 3610 1078 3662 6
1110 3608 1300 3679 νοητὸς
1346 3608 1441 3660 καὶ
1488 3607 1879 3678 πνευματικός.

1983 3607 2358 3660 summavcrit.
2408 3604 2703 3661 Constituit
2786 3608 2931 3660 enim
3017 3608 3280 3676 principio
3339 3609 3555 3663 domum

306 3703 697 3775 Κατεστήσατο
742 3701 846 3773 μὲν
896 3701 1002 3774 γὰρ
1035 3702 1093 3754 ὲν
1138 3700 1334 3770 ἀρχαῖς
1383 3693 1531 3752 οἶκόν
1573 3716 1696 3752 τινα
1786 3699 1882 3752 καὶ

1984 3695 2270 3765 quamdam
2289 3705 2342 3749 et
2377 3698 2706 3751 mansionem
2729 3696 2965 3751 divinam
2991 3697 3091 3752 sibi
3113 3708 3166 3752 et
3189 3695 3560 3754 PatriJutlzeo-

306 3794 613 3865 ἐναύλισμα
662 3793 965 3864 θεοπρεπὲς
1013 3789 1165 3861 αὺτῷ
1204 3807 1265 3843 τε
1309 3790 1403 3843 καὶ
1438 3789 1518 3860 τῷ
1547 3791 1743 3861 Πατρὶ,
1782 3790 1882 3862 τὴν

1984 3802 2103 3841 rurn
2146 3789 2505 3858 Synagogam.
2539 3787 2629 3843 Sic
2657 3803 2889 3858 namque
2946 3789 3095 3843 illam
3151 3789 3459 3860 appellavit,
3491 3790 3558 3845 de

321 3885 592 3942 Ἰουδαίων
637 3885 990 3954 Συναγωγήν.
1035 3881 1191 3937 Οῦτω
1234 3881 1341 3953 γάρ
1386 3883 1557 3954 αὐτὴν
1609 3882 1881 3952 ὠνόμαζε,

1985 3878 2380 3947 sapientissimo
2416 3881 2653 3934 omnimn
2680 3881 2826 3937 Mose
2856 3883 2927 3936 ita
2957 3882 3219 3952 loquens:
3252 3903 3271 3937 ι
3305 3882 3363 3939 Si
3395 3887 3559 3942 fuerit

310 3976 439 4046 περὶ
468 3972 565 4028 τοῦ
602 3973 882 4043 πανσόφου
933 3971 1177 4036 Μωσέως
1208 3970 1376 4024 εἰπών
1397 3988 1411 4002 ·
1447 3992 1465 4024 ι
1503 3973 1627 4026 Ἐὰν
1656 3973 1883 4042 γένηται

1984 3972 2248 4040 propheta
2284 3987 2351 4026 ex
2386 3973 2539 4026 vobis
2572 3971 2821 4034 Domino,
2853 3973 2906 4027 in
2930 3974 3135 4028 visione
3156 3975 3232 4029 illi
3264 3991 3560 4047 cognoscar

314 4068 596 4139 προφήτης
625 4065 685 4131 ἐξ
709 4065 864 4136 ὑμῶν
886 4064 1172 4137 Κυρίῳ,ὲν
1199 4065 1438 4135 ὁράματι
1465 4063 1613 4134 αὐτῷ
1635 4064 1885 4136 γνωσθή-

1984 4068 2040 4114 et
2079 4061 2132 4114 in
2169 4076 2362 4117 somno
2390 4062 2579 4132 IOquar
2608 4063 2680 4117 ei.
2763 4063 2878 4118 Non
2922 4065 3002 4119 sic
3057 4075 3112 4118 ut
3155 4081 3343 4121 servus
3407 4083 3558 4122 meus

315 4174 512 4230 σομαι,
545 4159 636 4213 καὶ
663 4161 721 4213 ὲν
759 4157 912 4228 ὕπνῳ
941 4157 1160 4227 λαλήσω
1196 4155 1365 4227 αὐτῷ.
1392 4153 1508 4227 Οὐχ
1542 4154 1716 4220 οῦτως
1751 4156 1828 4220 ὡς
1853 4157 1883 4210 6

1986 4149 2183 4215 Moses,
2221 4153 2273 4206 in
2308 4153 2454 4209 omni
2502 4155 2661 4208 domo
2709 4168 2828 4209 mea
2880 4155 3052 4210 ﬁdelis
3089 4167 3169 4211 est
3199 4156 3246 4188 “
3274 4194 3291 4212 .
3328 4177 3348 4210 ι
3416 4159 3558 4229 Ergo

316 4248 569 4320 θεράπων
615 4265 716 4320 μου
754 4248 982 4317 Μωσῆς,
1027 4249 1085 4300 ὲν
1127 4246 1233 4318 ὅλῳ
1264 4247 1342 4318 τῷ
1382 4246 1517 4317 οἴκῳ
1559 4263 1662 4318 μου
1694 4247 1886 4310 πιστός

1987 4241 2209 4297 fundata
2255 4253 2338 4298 est
2364 4254 2616 4314 tanquam
2647 4246 2838 4325 domus
2862 4262 2954 4317 per
2983 4247 3256 4303 Christum
3278 4290 3295 4312 ,
3351 4256 3443 4305 sed
3479 4252 3559 4304 in-

318 4341 481 4394 ἐστιν.
517 4359 537 4390 ι
574 4339 786 4394 Οὐκοῦν
826 4338 1214 4410 τεθεμελίωται
1246 4339 1344 4409 μὲν
1380 4337 1567 4409 ῶσπερ
1609 4334 1756 4402 οἶκος
1798 4338 1886 4392 διὰ

1988 4334 2211 4388 tervallo
2238 4350 2447 4389 eversa.
2471 4336 2646 4402 Quare
2677 4338 2935 4406 propheta
2985 4336 3250 4395 Jeremias
3306 4353 3366 4398 ut
3425 4359 3558 4398 con-

319 4427 574 4501 Χριστοῦ·
593 4428 902 4500 καθῄρηται
923 4428 980 4481 δὲ
1010 4426 1232 4500 μεταξύ.
1257 4429 1367 4481 Καὶ
1393 4427 1523 4497 γοῦν
1545 4429 1573 4481 6
1601 4430 1885 4500 προφήτης

1986 4441 2200 4482 cussam
2254 4439 2307 4481 et
2334 4430 2625 4499 collapsam
2662 4431 2979 4499 deploralin
3012 4432 3124 4486 haec
3154 4436 3356 4490 verba:
3392 4454 3411 4487 ι
3454 4438 3556 4491 Dn-

327 4516 599 4589 Ἱερεμίας
626 4518 701 4583 ὡς
732 4518 1060 4573 πεπτωκότα
1100 4536 1160 4571 τε
1210 4519 1306 4572 καὶ
1363 4521 1708 4589 σεσεισμένον
1751 4538 1883 4573 κατ-

1989 4534 2107 4573 mus
2134 4519 2298 4573 Israel
2324 4521 2541 4584 cecidit,
2597 4531 2653 4577 et
2701 4538 2805 4577 non
2858 4531 2942 4577 est
2983 4524 3073 4591 qui
3130 4525 3307 4579 denuo
3358 4529 3561 4584 excitet

316 4608 645 4680 ωλοφύρετο,
678 4609 870 4677 λέγων·
901 4629 919 4660 ι
950 4605 1110 4673 Οἶκος
1125 4609 1340 4680 Ἰσραὴλ
1370 4611 1582 4672 ἔπεσεν,
1610 4611 1709 4662 οὐκ
1734 4609 1882 4663 ἔστιν
1914 4622 1924 4676 1

1950 4626 2126 4669 leam.
2161 4630 2183 4663 ο
2235 4611 2611 4667 Verumtamen
2666 4629 2762 4683 per
2787 4614 3060 4670 Christum
3092 4618 3348 4684 excitata,
3399 4632 3451 4673 et
3507 4624 3558 4674 in

313 4700 341 4753 ὁ
366 4700 691 4772 ἀναστήσων
742 4700 923 4756 αὐτόν.
955 4719 972 4751 t
1014 4701 1162 4772 Πλὴν
1199 4701 1495 4772 ἐγήγερται
1524 4702 1611 4756 διὰ
1642 4702 1879 4774 Χριστοῦ

1986 4706 2148 4759 aliam
2205 4704 2591 4772 melioremque
2627 4705 2852 4759 formam
2885 4718 3090 4762 mutata
3118 4711 3561 4775 est,introductis

312 4791 408 4845 καὶ
446 4792 859 4862 μετεσκευάσθη
895 4791 1030 4863 πρὸς
1068 4792 1129 4845 τὸ
1178 4791 1422 4862 ἄμεινον,
1457 4793 1881 4865 εἰσκεκομισμὲ-

1986 4795 2037 4850 ἰιι
2068 4796 2237 4866 ipsam
2268 4796 2535 4864 gentibus,
2565 4806 2619 4850 et
2645 4798 2880 4851 exhibita
2928 4799 2980 4852 in
3038 4802 3237 4854 mundo
3293 4800 3558 4868 Ecclesia,

314 4900 420 4936 νων
456 4882 609 4955 αὐτῷ
645 4883 753 4938 τῶν
788 4882 979 4948 ἐθνῶν,
1022 4885 1114 4937 καὶ
1146 4883 1551 4956 ἀναδειχθείσης
1593 4886 1649 4937 ὲν
1696 4885 1885 4955 κόσμῳ

1993 4905 2011 4939 ι
2033 4901 2154 4956 qua:
2181 4896 2264 4940 est
2283 4886 2475 4940 domus
2514 4884 2607 4939 Dci
2638 4888 2867 4942 viventis
2926 4888 2996 4955 ⁸³,
3024 4907 3043 4941 t
3104 4891 3259 4960 cujus
3323 4893 3559 4960 pulchri-

311 4974 411 5044 τῆς
445 4974 808 5048 Ἐκκλησίας,
850 4994 868 5026 ι
900 4975 1023 5045 ἥτις
1063 4977 1210 5028 ἐστὶν
1257 4970 1404 5039 οἶκος
1433 4976 1565 5030 Θεοῦ
1607 4975 1828 5040 ζῶντος,
1861 4996 1878 5027 ι

1989 4979 2229 5033 tudinem
2257 4979 2628 5032 universorum
2658 4976 2916 5035 Dominus
2945 4997 3008 5035 ac
3062 4981 3198 5037 Dens
3265 4985 3557 5040 adamavit.

313 5058 380 5133 ἧς
410 5063 505 5118 τοῦ
534 5064 765 5128 κάλλους
801 5064 1023 5133 γέγονεν
1048 5065 1283 5137 ἐραστὴς
1314 5068 1343 5120 6
1367 5066 1474 5119 τῶν
1512 5066 1648 5119 ὅλων
1681 5066 1886 5138 Κύριος

1987 5068 2201 5123 Etenim
2237 5070 2508 5141 ,templnm
2564 5072 2826 5128 extremis
2898 5075 3559 5143 temporibusexcitamm;

315 5156 410 5208 καὶ
437 5154 591 5220 Θεός.
623 5156 747 5210 Ὅτι
794 5155 902 5228 γὰρ
945 5157 1290 5228 ἀσυγκρίτως
1327 5158 1564 5229 ἀμείνων
1610 5158 1761 5231 παρὰ
1794 5160 1886 5213 τὸν

1987 5160 2282 5218 Ecclesiam
2309 5162 2532 5227 scilicet,
2578 5162 2802 5218 inﬁnitis
2818 5165 3069 5234 partibus
3093 5167 3268 5235 primo
3303 5181 3562 5237 praestare

315 5244 532 5316 πρῶτον
577 5247 607 5299 6
661 5248 721 5300 ὲν
764 5247 1012 5317 ἐσχάτοις
1058 5250 1268 5318 καιροῖς
1320 5248 1687 5319 ἐγηγερμένος
1734 5249 1880 5315 ναδςι

1988 5254 2120 5309 satis
2178 5268 2446 5324 superque
2473 5256 2673 5318 docuit,
2723 5270 2817 5326 per
2853 5258 3169 5327 prophetam
3196 5261 3448 5329 Aggeeum
3489 5263 3560 5317 ita

315 5337 611 5403 τωτέστιν,
638 5340 673 5411 η
718 5338 1016 5410 Ἐκκλησία
1035 5380 1051 5403 ,
1082 5338 1571 5412 πεπληροφόρηκεν
1601 5339 1772 5396 εἰπὼν
1798 5342 1889 5395 διὰ

1986 5344 2245 5415 loquens:
2273 5362 2292 5397 ι
2321 5343 2452 5413 Quis
2481 5357 2564 5401 est
2592 5363 2658 5402 ex
2693 5347 2843 5403 vobis
2870 5350 3028 5403 homo
3070 5350 3159 5419 qui
3189 5351 3320 5406 vidit
3343 5353 3561 5410 domum

318 5433 502 5502 φωνῆς
544 5431 801 5501 Ἀγγαίου
830 5431 924 5485 τοῦ
955 5432 1234 5502 προφήτου
1257 5448 1271 5463 ·
1300 5451 1318 5482 ι
1351 5429 1446 5497 Τίς
1470 5434 1616 5486 ἐστιν
1643 5433 1701 5501 ἐξ
1732 5434 1888 5505 ὑμῶν

1987 5434 2128 5491 hanc
2150 5436 2202 5491 in
2227 5435 2396 5504 gloria
2424 5451 2518 5492 sua
2542 5438 2722 5509 priore
2741 5438 2764 5493 τ
2784 5437 2852 5493 Ει
2897 5441 3166 5507 quomodo
3210 5456 3306 5497 vos
3368 5446 3562 5501 videtis

316 5518 621 5592 ἄνθρωπος,
651 5522 711 5587 δς
740 5519 849 5577 εἶδε
876 5522 967 5577 τὸν
992 5517 1140 5577 οἷκον
1172 5522 1359 5577 τοῦτον
1390 5525 1449 5577 ἐν
1476 5527 1542 5595 τῇ
1569 5524 1694 5597 δόξῃ
1721 5525 1885 5580 αὐτοῦ

1984 5522 2160 5598 ipsam
2204 5541 2347 5582 nunc
2393 5527 2534 5582 sicut
2578 5544 2685 5582 non
2744 5528 3097 5584 exsistentem
3158 5532 3210 5586 in
3269 5546 3560 5603 conspectu

314 5613 386 5684 τῇ
412 5611 754 5686 ιμπροσθενς
805 5615 916 5669 Καὶ
966 5615 1083 5679 πῶς
1129 5615 1288 5686 ὑμεῖς
1332 5615 1557 5686 βλέπετε
1590 5618 1754 5672 αὐτὸν
1794 5618 1890 5673 νῦν

1989 5628 2168 5677 vestro
2198 5620 2243 5652 "
2277 5621 2300 5675 ?
2337 5640 2357 5675 ι
2396 5619 2463 5678 Ει
2511 5620 2649 5677 infra
2687 5636 2702 5674 :
2737 5642 2755 5674 ι
2804 5622 2938 5689 Quia
2994 5641 3185 5697 magna
3241 5628 3344 5683 erit
3394 5629 3562 5700 gloria

394 5808 437 5841 ³⁷
469 5808 638 5865 Hebr.
678 5825 708 5864 ν
745 5808 788 5841 ³⁸
816 5807 835 5862 1
863 5807 1019 5864 Esdr.
1055 5826 1145 5875 tv,
1178 5811 1202 5864 l
1234 5826 1389 5883 seqq.
1465 5813 1600 5884 Agg.
1636 5813 1871 5870 πίε-ιι.
1947 5815 1993 5847 ⁸⁸
2025 5815 2183 5874 Num.
2213 5833 2309 5886 Ill,
2341 5818 2396 5885 6,
2434 5820 2487 5876 7.
2567 5819 2608 5853 “
2640 5821 2656 5875 Ι
2684 5819 2824 5878 Tim.
2888 5840 2968 5892 ιιι,
3006 5826 3291 5901 l.5“Agg.
3355 5830 3496 5897 ",4.
