4072 6370
475 387 536 442 τι
1456 383 1513 439 s.
1555 340 1827 436 CiiRlLLl
1869 372 2339 435 ALEXANDle
2382 373 2702 431 ARCHIEP.
3658 378 3729 430 τι

473 505 666 559 domus
697 504 853 559 istius
893 503 1199 557 novissima:
1230 517 1392 571 super
1419 504 1669 573 primam,
1701 502 1831 556 dicit
1864 499 2039 555 Domi-

2154 495 2333 556 καθὼς
2379 495 2477 563 οὐχ
2521 495 2837 564 ὑπάρχοντα
2880 489 3110 545 ινώπιον
3160 490 3349 560 ὑμῶνς
3383 511 3401 541 ι
3452 489 3562 544 Καὶ
3612 490 3732 560 μεθ’

475 610 577 649 nus
623 598 964 664 omnipotens
996 594 1075 647 ⁸³.
1108 614 1128 647 s
1189 595 1663 651 Verumeniinvero
1724 596 1823 648 ista
1883 593 2052 647 histo-

478 687 588 739 rice
623 686 884 739 duntaxat
929 684 1246 754 intelligere,
1294 686 1423 754 quin
1470 699 1678 753 magnae
1728 684 1952 738 insaniae
1983 684 2055 737 sit

477 775 828 829 dubitandum
863 789 968 829 non
1009 784 1114 840 est,
1173 775 1219 829 si
1272 776 1395 845 quis
1445 776 1764 845 cogitaverit
1819 788 2052 843 quonam

475 868 633 919 modo
664 866 931 934 posterior
948 865 1116 938 gloria
1129 867 1312 937 templi
1339 867 1434 921 Dei
1468 867 1806 935 praestantior
1838 865 2040 933 prioris

484 953 656 1022 gloria
686 955 857 1011 videri
890 965 1086 1026 queat:
1112 971 1238 1010 nam
1284 956 1414 1011 illud
1446 955 1682 1011 incendit
1734 972 1796 1010 ac
1832 955 2054 1026 diripuit

478 1043 806 1119 Babylonius
832 1046 1326 1105 Nabuchodonosor
1359 1068 1372 1104 :
1403 1048 1569 1120 690
1589 1050 1690 1103 hoc
1722 1057 1900 1103 autem
1932 1058 2053 1118 post

479 1139 610 1193 illud
643 1148 982 1197 exstructum
1015 1150 1133 1212 post
1163 1151 1373 1212 tempus
1404 1143 1752 1211 captivitatis.
1777 1140 2051 1197 nihilomi-

474 1246 576 1287 nus
609 1245 639 1285 a
694 1233 952 1290 Romanis
979 1235 1258 1290 incensum
1288 1248 1353 1289 ac
1378 1234 1662 1302 spoliatum
1690 1243 1794 1298 est,
1826 1235 2050 1304 ipsaque

475 1325 841 1396 tlierosolyma
882 1337 936 1381 et
988 1324 1171 1382 Judaa
1200 1325 1449 1381 universa
1497 1326 1564 1381 “.
1617 1325 1735 1381 Non
1778 1326 1941 1397 igitur
1981 1329 2048 1381 ad

470 1414 750 1470 veritatem
780 1414 979 1471 suﬂicit
1002 1416 1259 1472 historica
1287 1416 1552 1471 narratio.
1584 1415 1752 1485 Major
1776 1426 1955 1470 autem
1995 1427 2051 1470 et

470 1508 813 1575 praestantior
851 1508 1021 1578 gloria
1076 1508 1349 1579 posterior
1398 1523 1559 1578 quam
1600 1510 1767 1578 prior,
1807 1508 2049 1564 Ecclesia

469 1608 743 1668 assumpta
767 1615 788 1650 ι
815 1598 870 1653 in
893 1599 1148 1671 templum
1181 1607 1446 1663 sanctum,
1471 1599 1524 1654 in
1565 1600 1928 1655 habitaculum
1956 1599 2048 1655 Dei

469 1688 522 1743 in
552 1688 753 1759 Spiritu
788 1689 855 1744 “.
884 1709 902 1742 ι
929 1690 1442 1761 ευρθτωάίιίοεηιυι·
1463 1691 1610 1746 enim
1642 1706 1807 1761 super
1854 1691 2046 1746 funda-

468 1793 642 1836 menta
668 1781 1031 1851 apostolorum
1053 1790 1107 1837 et
1122 1781 1523 1853 prophetarum,
1545 1796 1642 1849 per
1674 1797 1889 1837 omnem
1919 1797 2051 1835 con-

2157 588 2319 657 ξτερα
2340 602 2353 615 °
2380 606 2398 638 ι
2421 586 2567 639 Διότι
2597 585 2808 655 μεγάλη
2831 583 2985 637 ἔσται
3017 583 3052 653 ή
3082 580 3210 646 δόξα
3238 581 3335 635 τοῦ
3366 580 3517 636 οίκου
3538 581 3732 636 τούτου

2156 682 2189 751 ή
2223 680 2425 750 ἐσχάτη
2473 679 2613 749 ὑπὲρ
2652 679 2754 748 τὴν
2788 675 3011 747 πρώτην
3034 716 3051 740 ,
3101 673 3251 743 λέγει
3293 676 3499 745 Κύριος
3533 692 3733 728 παντο-

2155 772 2398 842 κράτωρ.
2435 790 2454 822 ι
2498 770 2635 823 Ἀλλ’
2676 771 2758 823 ὅτι
2792 768 2892 839 μὲν
2923 767 3084 838 μόνον
3124 765 3413 837 ίστορικῶς
3445 767 3512 818 τά
3555 766 3735 820 τοιάδε

2154 866 2298 917 νοεῖν
2318 862 2694 932 ἀπόπληκτον,
2727 862 2830 915 οὐκ
2856 860 2922 914 ἂν
2949 858 3241 913 ὲνδοιάσειέ
3258 875 3362 922 τις,
3381 856 3733 929 ὲννενοηκὼς,

2153 957 2236 1010 ὃτι
2279 953 2396 1017 πῶς
2441 955 2508 1008 ἂν
2538 954 2710 1007 νοοῖτο
2738 952 3150 1025 προφερεστέρα
3183 949 3284 1022 τῆς
3317 949 3566 1022 πρώτης,
3601 950 3635 1020 ή
3672 951 3730 1003 ὲν

2154 1049 2408 1119 ἐσχάτοις
2452 1046 2581 1111 δόξα
2627 1043 2722 1097 τοῦ
2768 1043 2914 1098 θείου
2964 1042 3119 1106 ναοῦ,
3154 1041 3313 1112 εῐπερ
3364 1043 3571 1094 ἐκεῖνον
3627 1039 3728 1111 μὲν

2147 1138 2534 1209 ,κατενέπρησε
2564 1136 2693 1189 ικαὶ-
2728 1133 3031 1205 διήρπασεν
3073 1133 3103 1186 ό
3140 1130 3481 1193 Βαϐυλώνιος
3511 1130 3727 1186 Ναϐου-

2152 1229 2484 1302 χοδονόσωρ·
2528 1227 2621 1281 τὸν
2665 1225 2724 1279 δὲ
2765 1225 2882 1295 μετ’
2919 1226 3126 1278 ἐκεῖνον
3172 1224 3544 1296 ἐγηγερμένον
3591 1225 3729 1294 μετὰ

2151 1323 2244 1376 τὸν
2258 1321 2361 1391 τῆς
2380 1322 2472 1390 αἰχ
2480 1318 2853 1389 μαλωσίαςκαι
2876 1317 2989 1388 ρὸν,
3001 1317 3154 1371 οὐδὲν
3170 1311 3331 1388 ἦττον
3361 1316 3619 1387 Ῥωμαῖοι
3637 1334 3715 1369 καρ

2153 1410 2517 1481 τενέπρησαν,
2544 1407 3097 1479 συγκαταδῃὼσαντες
3127 1406 3275 1479 αὐτῷ
3298 1410 3386 1461 καὶ
3417 1406 3636 1482 [quam
3662 1409 3734 1462 τὰ

2164 1502 2543 1572 Ἰεροσόλυμα,
2591 1500 2687 1553 καὶ
2724 1498 2941 1554 ἃπασαν
2970 1498 3027 1552 δὲ
3070 1499 3170 1570 τὴν
3203 1498 3473 1553 Ἰουδαίων
3501 1498 3730 1570 χώρανς

2153 1593 2362 1648 Οὔκουν
2393 1593 2608 1664 ἀπόχρη
2644 1592 2780 1663 πρὸς
2811 1590 3069 1662 ἀλήθειαν
3101 1592 3135 1662 ή
3174 1591 3273 1662 τῆς
3318 1589 3559 1660 ἱστορίας
3590 1590 3729 1644 dad-

2150 1686 2318 1748 δοσις.
2355 1685 2622 1756 Ἀμείνων
2652 1683 2711 1737 δὲ
2759 1684 2856 1738 καὶ
2876 1683 3292 1755 προφερεστέρα
3316 1683 3416 1754 τῆς
3444 1680 3668 1755 πρώτης
3690 1685 3725 1754 ἠ

2151 1777 2440 1832 τελευταία
2471 1776 2620 1843 δόξα,
2652 1774 3102 1847 παραληφθείσης
3136 1775 3235 1845 τῆς
3249 1774 3571 1844 Ἐκκλησίας
3606 1793 3626 1826 ι
3647 1776 3729 1838 είς

468 1883 669 1927 tactum
716 1874 1068 1944 suppeditata:
1120 1872 1452 1942 operationis
1501 1872 1763 1942 cujusque
1817 1872 2039 1927 membri

2152 1870 2278 1923 ναὸν
2322 1869 2498 1938 ἅγιον,
2545 1871 2625 1932 είς
2675 1870 3097 1938 κατοικητήριον
3132 1865 3228 1920 τοῦ
3275 1865 3410 1920 Θεσῦ
3457 1869 3518 1920 ἐν
3554 1866 3721 1921 πνεύ-

465 1968 700 2036 roaptati
736 1975 898 2037 atque
931 1966 1238 2037 compositi,
1275 1976 1332 2021 et
1362 1965 1524 2021 veluti
1558 1965 1700 2019 inter
1733 1982 1829 2020 nos
1878 1963 2056 2019 foedus

466 2060 709 2115 ineuntes
745 2060 796 2114 in
844 2059 1108 2114 unitatem
1149 2059 1273 2113 fidei
1301 2067 1356 2113 et
1390 2057 1695 2113 dilectionis
1731 2072 1827 2125 per
1878 2056 2053 2126 Spin-

465 2161 602 2216 tum,
630 2152 696 2206 ad
726 2150 1059 2206 eliiciendum
1081 2149 1335 2220 templum
1359 2159 1631 2205 sanctum.
1659 2148 1885 2217 Lapides
1908 2150 2051 2201 enim

463 2240 569 2294 vivi
595 2255 783 2295 sumus
802 2241 871 2294 “.
903 2239 1263 2307 Quamobrem
1278 2239 1495 2295 divinus
1510 2238 1705 2293 Paulus
1718 2239 2051 2293 credentium

464 2333 862 2387 multitudinem
912 2345 1054 2387 nunc
1082 2332 1299 2402 quidem
1342 2330 1434 2385 Dei
1464 2329 1872 2399 agriculturam,
1907 2344 2049 2382 nunc

465 2421 557 2477 Dei
625 2423 1036 2480 aediﬁcationem
1111 2424 1326 2479 vocavit
1352 2421 1398 2454 ⁸⁷
1436 2438 1451 2473 :
1491 2420 1646 2490 cujus
1714 2431 1772 2474 ut
1832 2421 2047 2489 sapiens

463 2511 788 2568 architectus
836 2512 1238 2568 fundamentum
1302 2513 1481 2584 posuit
1551 2510 1711 2567 Iesus
1768 2508 2041 2576 Christus,

462 2605 549 2657 cui
605 2619 796 2659 omines
849 2604 1172 2673 innitimur,
1243 2619 1340 2676 per
1397 2617 1556 2674 quem
1618 2613 1673 2657 et
1719 2611 1947 2663 stamus,
1989 2613 2043 2656 et

463 2694 716 2765 templum
744 2694 1103 2761 nominamur,
1129 2696 1303 2765 ipsum
1324 2695 1585 2750 habentes
1610 2695 1663 2749 iu
1706 2705 1887 2748 mente
1910 2704 1965 2748 et
1986 2693 2039 2748 in

459 2788 643 2846 corde.
680 2801 777 2856 per
802 2786 1062 2856 Spiritum
1096 2788 1427 2843 habitantem
1468 2796 1523 2841 et
1549 2798 1854 2841 manentem
1881 2786 1949 2820 ιδ’

2161 1978 2312 2033 ματι.
2353 1980 2372 2011 ι
2420 1958 2952 2030 Ἑποικοδομούμεθα
2984 1959 3092 2029 γὰρ
3121 1958 3213 2011 ἐπὶ
3249 1956 3326 2028 τῷ
3353 1957 3591 2030 θεμελίῳ
3619 1956 3728 2014 τῶν

2156 2055 2475 2110 ἀποστόλων
2519 2055 2614 2108 καὶ
2664 2051 2962 2124 προφητῶν
2983 2094 2999 2119 ,
3048 2052 3137 2107 διὰ
3190 2054 3372 2125 πάσης
3428 2052 3576 2123 ἁφῆς
3626 2053 3729 2125 τῆς

2155 2144 2516 2216 ἐπιχορηγίας
2574 2143 2674 2214 τῆς
2739 2143 2861 2197 κατ’
2913 2144 3195 2216 ἐνέργειαν
3247 2146 3477 2200 ἑκάστω
3532 2145 3727 2217 μέλους

2157 2234 2754 2309 συναρμολογούμενοι,
2809 2238 2904 2290 καὶ
2969 2237 3378 2308 συντιθέμενοι,
3424 2238 3518 2292 καὶ
3562 2239 3727 2293 οίονεί

2155 2346 2274 2391 πως
2306 2327 2556 2399 ἀλλήλοις
2578 2325 2968 2398 συμϐαίνοντες
2993 2330 3069 2392 είς
3093 2329 3320 2400 ἑνότητα
3367 2331 3603 2394 πίστεως
3629 2330 3725 2384 καὶ

2151 2420 2372 2488 ἀγάπης
2417 2419 2509 2472 ἐπὶ
2546 2417 2640 2472 τοῦ
2690 2418 3004 2490 Πνεῦματος
3053 2422 3137 2485 είς
3177 2422 3304 2475 ναδν
3348 2421 3525 2491 ἅγιον.
3566 2422 3720 2477 Λίθοι

2151 2509 2262 2581 γάρ
2291 2510 2458 2579 ὲσμεν
2481 2507 2701 2573 ζῶντες.
2734 2508 2847 2562 Καὶ
2873 2507 3003 2577 γοῦν
3028 2510 3058 2562 ὁ
3078 2508 3365 2572 Θεσπέσιος
3387 2508 3597 2573 Παῦλος
3621 2509 3724 2580 την

2148 2603 2258 2655 τῶν
2287 2601 2727 2654 πεπιστευκότων
2744 2600 2974 2670 πληθὺν,
2995 2600 3125 2654 ποτὲ
3150 2601 3249 2671 μὲν
3274 2600 3409 2656 Θεοῦ
3433 2601 3721 2673 γεώργιον,

2148 2692 2279 2746 ποτὲ
2312 2692 2368 2746 δὲ
2399 2693 2462 2762 δὴ
2496 2688 2590 2745 οὖν
2628 2693 2722 2745 καὶ
2759 2692 3048 2764 οἰκοδομὴν
3088 2692 3339 2763 ὠνόμαζε
3370 2692 3533 2746 Θεοῦο
3565 2694 3662 2747 καὶ
3693 2694 3723 2747 ό

2148 2785 2312 2853 σοφὸς
2345 2785 2683 2857 ἀρχιτέκτων
2728 2783 2974 2855 θεμέλιον
3002 2785 3267 2850 τέθεικεν,
3305 2781 3461 2849 οὗτος
3482 2786 3540 2839 δέ
3574 2787 3721 2840 ἔστιν

471 2875 678 2947 Ἰησοῦς
704 2880 734 2931 ό
760 2879 995 2949 Χριστὸς
1015 2919 1030 2944 ,
1125 2879 1189 2951 δὴ
1218 2880 1418 2943 πάντες
1451 2878 1842 2950 ὲρηρείσμεθα,
1899 2878 1969 2932 δι’
1998 2872 2061 2932 οὗ
2099 2878 2194 2932 καὶ
2230 2879 2563 2948 ἑστήκαμεν,
2620 2877 2712 2930 καὶ
2732 2879 2850 2930 ναοὶ
2874 2877 3306 2951 χρηματίζομεν,
3324 2877 3485 2931 αὑτὸν
3505 2875 3723 2946 ἔχοντες

459 2977 541 3038 είς
575 2975 699 3028 νοῦν
726 2975 821 3029 καὶ
846 2975 1077 3047 καρδίαν
1106 2975 1422 3047 ὲνῳκηκότα
1451 2994 1510 3030 τε
1536 2977 1630 3030 καὶ
1650 2975 2036 3049 ὲνηυλισμένον
2071 2974 2160 3029 διὰ
2189 2974 2286 3028 τοῦ
2318 2973 2459 3027 Πνεύ
2468 2990 2655 3045 ματος.

533 3066 797 3124 VensJO.
829 3067 959 3134 Quis
987 3070 1123 3123 enim
1151 3069 1384 3138 despexit
1420 3069 1475 3121 in
1533 3069 1642 3123 dies
1690 3069 1917 3138 parvos!
1964 3065 2034 3122 Et

2210 3067 2366 3120 Διότι
2395 3065 2488 3131 τίς
2518 3063 2935 3130 ἐξουδένωσεν
2957 3066 3048 3130 είς
3077 3064 3307 3133 ἡμέρας
3331 3065 3546 3133 μικράς
3563 3079 3583 3129 ;
3600 3063 3716 3118 Kai

457 3158 797 3224 (relabuntur,
832 3172 878 3213 et
908 3161 1151 3213 videbunt
1173 3159 1400 3228 lapidem
1440 3169 1719 3213 stanneum
1770 3161 1825 3213 in
1880 3177 2039 3213 nzanu

456 3246 763 3304 Zorobubel.
810 3249 1014 3319 Septem
1049 3251 1138 3305 isti
1168 3250 1305 3303 oculi
1342 3248 1555 3303 Domini
1578 3263 1722 3318 sunt,
1757 3254 2042 3323 respicien-

458 3353 532 3393 ιη
557 3357 717 3410 super
740 3357 945 3395 omnem
967 3353 1184 3397 terram.

528 3516 746 3574 XXVII.
768 3518 883 3576 Non
917 3530 1004 3576 est
1029 3525 1095 3577 de
1122 3538 1249 3578 mox
1280 3523 1479 3579 futuris
1511 3525 1682 3592 visio;
1738 3526 1831 3579 sed
1862 3524 2042 3593 potius

455 3610 524 3667 de
546 3610 875 3667 deducendis
916 3614 981 3668 ad
1014 3616 1344 3684 propositum
1374 3618 1556 3681 linem,
1607 3627 1664 3670 ut
1711 3615 2043 3684 temporibus

455 3705 719 3758 adventus
749 3703 987 3758 omnium
1036 3717 1278 3761 nostrum
1332 3706 1637 3762 Salvatoris
1693 3706 1918 3771 Christi,
1947 3705 2039 3771 qui

459 3797 511 3848 in
542 3806 783 3850 extrema
816 3804 1055 3866 tempora
1082 3799 1267 3855 saeculi
1298 3800 1459 3871 hujus
1498 3801 1724 3855 incidit:
1782 3809 2037 3854 caeterum

459 3904 565 3944 non
612 3890 686 3944 ita
730 3889 821 3945 diu
877 3900 1000 3961 post
1064 3891 1202 3946 hanc
1267 3891 1607 3961 prophetiam
1650 3891 1870 3954 editam,
1923 3889 2040 3944 sive

460 3977 713 4048 templum
749 3993 845 4050 per
874 3996 1090 4034 nanum
1131 3978 1431 4036 Zorobabel
1456 3981 1773 4035 excitatum.
1817 3980 1874 4034 Si
1917 3980 2039 4049 quis

460 4070 642 4141 igitur,
686 4071 881 4139 inquit,
926 4074 1234 4143 despexerit
1303 4073 1511 4127 medios
1549 4071 1665 4127 dies
1720 4086 1917 4142 parvos
1984 4078 2039 4125 et

457 4176 682 4230 paucos,
703 4163 815 4218 sive
843 4163 981 4218 nihil
1003 4164 1314 4233 pependerit
1334 4163 1667 4225 dilationem,
1685 4175 1788 4215 non
1812 4170 2038 4217 maestus

455 4261 672 4322 prepter
699 4253 1062 4317 hoc,omnino
1095 4255 1241 4309 onmi
1272 4253 1456 4308 laetitia
1484 4252 1796 4322 replebitur.
1824 4250 2033 4307 Gaude-

454 4343 535 4397 bit
563 4345 731 4408 enim,
755 4355 811 4399 et
831 4347 1033 4400 videbit
1056 4346 1281 4416 lapidem
1312 4357 1593 4400 stannenm
1618 4347 1670 4400 in
1719 4360 1881 4399 manu
1934 4344 2036 4399 Zo-

456 4434 693 4490 robabel.
724 4434 1012 4491 Stanneum
1045 4451 1171 4491 vero
1213 4437 1440 4508 lapidem
1466 4436 1739 4492 Christum
1772 4436 2034 4491 nominat.

452 4523 684 4581 Causam
710 4526 757 4581 si
788 4526 910 4597 quis
940 4542 1100 4582 nosse
1134 4528 1298 4590 volet,
1348 4542 1470 4581 non
1523 4528 1752 4581 dixerim
1793 4536 1847 4578 et
1912 4541 2032 4595 qua:

453 4616 574 4673 aliis
601 4618 874 4681 videntur,
904 4627 961 4674 et
1013 4619 1168 4674 nobis
1227 4634 1443 4688 quoque
1502 4620 1818 4687 probantur.
1866 4618 2033 4672 Aiunt

451 4708 594 4763 enim
628 4717 881 4764 stannum
910 4725 977 4764 ex
1013 4726 1122 4765 aere
1150 4719 1204 4765 et
1259 4711 1475 4780 plumbo
1505 4710 1814 4780 temperari,
1869 4720 2031 4779 atque

452 4799 658 4855 idcirco
698 4814 800 4855 nec
823 4802 1044 4856 omnino
1069 4815 1256 4856 carere
1274 4802 1492 4867 duritie,
1518 4816 1617 4856 nec
1647 4815 1838 4856 vacare
1866 4801 2027 4856 ctiam

450 4890 803 4946 mollitudine.
852 4890 1012 4963 691
1044 4890 1155 4947 Nos
1207 4907 1422 4965 quoque
1501 4893 1899 4962 quodammodo
1958 4906 2027 4946 ex

449 4982 650 5039 ‘oeitate
678 4997 798 5052 qum
827 4984 876 5036 vi
902 4985 1045 5037 nulla
1076 4984 1250 5054 frangi
1289 4999 1353 5040 ac
1404 4985 1672 5040 debilitari
1714 4992 1907 5055 potest,
1971 4993 2028 5039 et

447 5089 513 5129 ea
540 5075 769 5129 humana
853 5084 1069 5141 natura,
1119 5075 1491 5132 aﬂ'ectionibus
1558 5077 1712 5146 quasi
1769 5078 2022 5142 obnoxia,

448 5160 852 5220 Emmanuelem
914 5167 1308 5234 componimus.
1358 5166 1647 5221 Sciendum
1708 5182 1867 5236 porro
1928 5167 2025 5222 ad-

452 5266 721 5311 amantem
748 5270 965 5327 quoque
999 5256 1220 5326 plumbo
1249 5257 1410 5313 facile
1446 5256 1734 5328 confringi,
1760 5272 1819 5311 ut
1850 5261 2020 5322 aiunt,

450 5363 571 5401 rum
604 5360 781 5405 tamen
806 5348 857 5404 id
880 5364 978 5419 per
999 5349 1161 5403 aliam
1231 5350 1514 5404 materiam
1587 5364 1693 5404 non
1767 5350 2021 5420 patiatur.

452 5440 692 5495 Dicimus
734 5456 865 5511 ergo
892 5440 1190 5506 Christum,
1230 5441 1479 5512 quamvis
1525 5443 1814 5513 benignum
1870 5443 2023 5499 valde

450 5532 711 5602 longeque
747 5534 1191 5602 valentissimum,
1222 5544 1277 5590 et
1291 5546 1349 5589 ut
1383 5535 1546 5589 Deum
1573 5537 1714 5591 nulla
1741 5538 2021 5606 praditnm

449 5624 676 5687 Similia.
715 5640 813 5681 ceu
843 5627 1184 5682 adamantem
1219 5627 1503 5697 quemdam
1542 5626 1881 5699 confringere
1915 5626 2020 5683 Sa-

2147 3159 2518 3229 χαρήσονται
2540 3197 2555 3223 ,
2587 3157 2687 3211 καὶ
2717 3157 2969 3225 ὄψονται
3016 3156 3124 3211 τὸν
3156 3157 3331 3211 λίθον
3364 3155 3473 3210 τὸν
3504 3169 3721 3211 uuam-

2146 3253 2382 3319 τέρινον
2404 3251 2473 3303 ἐν
2504 3249 2655 3317 χειρί
2690 3247 3041 3316 Ζοροϐάϐελ.
3087 3249 3271 3303 Ἑπτὰ
3299 3244 3465 3305 οὗτοι
3495 3250 3720 3317 6950a}-

2140 3344 2241 3412 μοὶ
2290 3342 2514 3410 Κυρίου
2557 3340 2734 3403 εἰσίν,
2787 3343 2841 3394 οι
2888 3340 3338 3407 ἀποϐλέποντες
3372 3341 3469 3396 ἐπὶ
3513 3341 3720 3397 πᾶσαν

2144 3436 2260 3501 τὴν
2291 3435 2428 3505 γῆν.

2215 3527 2338 3580 ΚΖ’.
2380 3528 2456 3579 Οὐ
2489 3526 2618 3595 περὶ
2648 3525 2759 3578 τίίν
2806 3524 2969 3588 εὐθὺς
3013 3525 3288 3595 ἐσομένων
3323 3525 3357 3595 η
3384 3525 3603 3597 ὅρασις,
3630 3525 3718 3579 ἑν-

2142 3619 2522 3689 εχθησομένων
2542 3618 2599 3671 δὲ
2634 3616 2833 3687 μᾶλλον
2857 3618 2937 3679 είς
2968 3617 3160 3687 πέρας,
3192 3618 3269 3680 ῶς
3298 3620 3354 3671 έν
3385 3621 3595 3690 καιροίς
3616 3620 3716 3690 τῆς

2144 3710 2440 3780 ἐπιδημίας
2480 3708 2574 3762 τοῦ
2612 3708 2831 3762 πάντων
2875 3708 3036 3779 ήμῶν
3082 3709 3331 3779 Σωτῆρος
3361 3708 3629 3781 Χριστοῦ,
3678 3709 3714 3780 ἢ

2141 3801 2334 3868 γέγονε
2369 3800 2466 3867 μὲν
2490 3801 2549 3852 ὲν
2579 3798 2825 3869 ἐσχάτοις
2850 3797 2944 3851 τοῦ
2973 3799 3240 3869 παρόντος
3261 3798 3454 3862 αἰῶνος
3475 3801 3710 3871 καιροῐςο

2142 3891 2278 3962 πλὴν
2306 3889 2367 3943 οὗ
2389 3907 2471 3943 τοι
2505 3888 2720 3947 πολλοῖς
2753 3888 2890 3959 μετὰ
2914 3888 3088 3943 ταῦτα
3115 3889 3330 3961 χρόνοις
3362 3890 3460 3959 τῆς
3490 3904 3715 3960 προκει-

2143 3980 2314 4051 μένης
2332 3981 2467 4050 ήμῖν
2498 3978 2857 4050 προφητείας,
2880 3979 2998 4051 ήτοι
3027 3980 3126 4050 τῆς
3147 3978 3435 4049 οἰκοδομῆς
3463 3978 3557 4032 τοῦ
3582 3978 3712 4034 ναοῦ

2138 4068 2232 4121 τοῦ
2268 4068 2358 4121 διὰ
2410 4068 2591 4139 χειρὸς
2639 4066 2944 4137 Ζοροϐάϐελ
2974 4068 3369 4139 ὲγηγερμένου.
3407 4066 3477 4124 Εἴ
3505 4085 3590 4133 τις
3617 4065 3712 4123 οὖν

2139 4158 2269 4230 ἄρα,
2315 4160 2505 4230 φησὶν,
2561 4157 2934 4223 ὲξουδενώσειε
2978 4159 3076 4224 τὰς
3120 4160 3322 4230 μεταξὺ
3368 4161 3568 4234 μικρὰς
3617 4165 3713 4218 καὶ

2138 4252 2540 4323 εὐαριθμήτους
2595 4252 2848 4322 ἡμέρας,
2897 4252 3064 4319 ήγουν
3105 4251 3258 4305 οὐδὲν
3309 4253 3573 4325 ἡγήσαιτο
3609 4255 3710 4325 τὴν

2139 4343 2458 4413 ἀνάϐλησιν,
2482 4343 2584 4396 οὐκ
2607 4342 2907 4413 ἁκηδιάσας
2941 4343 3076 4413 πρὸς
3108 4342 3286 4406 τοῦτο,
3316 4343 3493 4416 πάντη
3525 4358 3586 4397 τε
3613 4346 3709 4397 καὶ

2066 4414 2112 4470 Ῑ)
2142 4438 2359 4501 πάντως
2391 4437 2607 4508 ἀπάσης
2628 4436 2779 4490 ἔσται
2801 4435 3066 4508 θυμηδίας
3095 4437 3366 4509 ἔμπλεως.
3392 4414 3708 4511 Χαέήσεται

2137 4532 2268 4603 γὰρ,
2298 4532 2394 4584 καὶ
2422 4530 2611 4601 ὄψεται
2640 4529 2728 4584 τὸν
2771 4528 2916 4583 λίθον
2941 4529 3034 4583 τὸν
3065 4529 3440 4601 κασσιτέρινον
3477 4533 3535 4583 ἐν
3564 4531 3708 4602 χειρὶ

2135 4621 2462 4693 Ζοροϐάϐελ.
2517 4622 2957 4691 Κικσοττέρινολ»⁸
3003 4621 3061 4675 δὲ
3107 4621 3252 4676 λίθον
3313 4621 3563 4694 ὠνόμασε
3615 4621 3706 4676 τὸν

2135 4715 2391 4784 Χριστόν.
2423 4714 2535 4767 Καὶ
2564 4714 2617 4766 ετ
2640 4730 2726 4777 τις
2757 4711 3001 4783 βούλοιτο
3032 4713 3130 4785 τὴν
3162 4713 3345 4768 αἰτίαν
3376 4712 3702 4785 ἀναμαθεῖν,

2136 4804 2303 4875 φαίην
2339 4802 2408 4857 ἃν
2436 4803 2598 4866 εὐθὺς
2629 4804 2698 4856 τὰ
2741 4803 3002 4858 δοκοῦντά
3044 4820 3191 4867 τισι,
3238 4806 3332 4859 καὶ
3358 4808 3491 4877 ήμτν
3521 4806 3706 4869 αὐτοῖς

2133 4893 2311 4966 ὀρθῶς
2359 4893 2507 4965 ἔχειν
2555 4892 2957 4967 ὑπειλημμένα.
3007 4896 3072 4949 0i.
3121 4897 3218 4967 μὲν
3268 4898 3379 4969 γάρ
3429 4914 3563 4965 φασι
3612 4898 3705 4955 τὸν

2132 4986 2458 5056 κασσίτερον
2503 4987 2614 5042 ἀπό
2666 5004 2725 5041 τε
2766 4986 2969 5059 χαλκοῦ
3008 4990 3103 5042 καὶ
3146 4988 3395 5059 μολίϐδου
3436 4992 3537 5060 τήν
3568 4990 3704 5059 σύγ-

2132 5093 2334 5147 κρασιν
2369 5078 2537 5148 ἔχειν,
2569 5077 2664 5132 καὶ
2689 5078 2894 5148 ταύτης
2921 5079 3087 5134 ἕνεκα
3118 5081 3217 5150 τῆς
3247 5082 3427 5146 αίτίας
3451 5081 3577 5136 οὔτε
3603 5082 3701 5136 τοῦ

2131 5165 2271 5224 εἶναι
2307 5169 2543 5242 σκληρὸν
2583 5170 2931 5243 ἀπηλλάχθαι
2963 5172 3265 5238 παντελῶς,
3314 5173 3439 5229 οὔτε
3473 5175 3581 5247 μὴν
3608 5176 3701 5230 ἁν-

2122 5261 2377 5339 αίνεσθαι
2406 5262 2469 5316 τὸ
2506 5261 2654 5334 ἔχειν
2683 5263 2779 5317 καὶ
2807 5261 3122 5333 μαλθακῶς.
3166 5264 3495 5336 Συντίθεμεν
3523 5266 3578 5320 δὲ
3606 5268 3703 5321 καὶ

2128 5357 2290 5426 ήμετς
2322 5354 2463 5408 κατὰ
2487 5354 2688 5410 τοιόνδε
2743 5355 2866 5409 τινὰ
2901 5355 3104 5426 τρόπον
3136 5357 3228 5410 τὸν
3261 5357 3609 5430 Ἐμμανουήλ
3636 5360 3700 5413 ἔκ

2125 5463 2186 5500 τε
2226 5447 2329 5518 τῆς
2357 5447 2669 5520 ἀθραύστου
2709 5445 2993 5519 θεότητος,
3024 5451 3120 5503 καὶ
3155 5452 3221 5503 ὲκ
3256 5449 3363 5519 τῆς
3387 5452 3549 5504 οίονεί
3582 5468 3700 5515 πως

2126 5535 2409 5606 ἐμπαθοῧς
2454 5534 2898 5608 άνθρωπότητος.
2960 5537 3156 5593 ’ἰστέον
3193 5538 3284 5601 δὲ,
3322 5540 3405 5593 ὄτι
3458 5540 3552 5595 καὶ
3607 5540 3700 5593 τὸν

2128 5629 2410 5698 ἀδάμαντα
2443 5627 2589 5680 λίθον
2633 5626 2869 5697 μολίϐδῳ
2915 5629 3080 5698 φασὶν
3121 5631 3358 5694 εὐκόλως
3405 5628 3698 5702 συνθραύε-

518 5806 717 5876 δδΑη.
741 5821 804 5873 η,
827 5806 916 5860 ω.
991 5807 1038 5838 ⁸⁵
1062 5804 1129 5859 ιν
1153 5803 1288 5876 Reg.
1325 5821 1450 5872 xxv,
1484 5807 1504 5858 l
1538 5822 1692 5878 seqq.
1769 5810 1815 5839 δ’
1844 5805 2039 5876 Ephes.

2167 5806 2256 5862 at.
2301 5808 2348 5839 κ
2375 5808 2393 5862 l
2420 5809 2561 5863 Petr.
2596 5823 2655 5872 ιι,
2686 5807 2737 5861 s.
2780 5807 2833 5838 ιτ
2868 5805 3141 5876 ιυοωιι,
3171 5807 3223 5864 9.
3286 5784 3695 5868 ισιωάλοοιτ.
