4072 6370
350 296 416 349 73
1155 291 1700 351 COMMENTARIUS
1732 294 1801 350 1N
1841 292 2245 352 ZACHARIAM
2277 291 2718 352 PROPHETAM.
3510 303 3586 364 τι

346 417 490 482 σθαι,
525 415 705 470 καίτοι
748 414 907 469 τοῦτο
947 412 1145 468 παθεῖν
1185 414 1251 468 δι’
1280 415 1476 486 ἑτέρας
1517 416 1651 487 ὕλης
1680 417 1782 470 οὐκ
1820 416 1895 469 ἀν

2018 400 2219 478 tanam,
2252 414 2318 469 de
2351 429 2456 483 quo
2482 415 2740 484 scriptum
2778 426 2991 475 exuat:
3032 440 3050 471 ι
3072 418 3177 475 Cor
3200 420 3319 491 ejus
3365 422 3583 483 indura-

344 507 623 580 εχόμενον.
658 507 839 579 ⁴Ιιαμὲν
863 499 978 574 οὖν,
1019 506 1100 559 δτι
1143 504 1320 560 καίτοι
1365 506 1601 579 χρηστὸς
1628 504 1705 561 ῶν
1750 508 1911 577 ἄγαν,

342 600 439 652 καὶ
467 597 748 671 παναλκὴς
795 600 824 653 6
864 598 1123 671 Χριστὸς,
1172 599 1267 653 καὶ
1299 598 1361 651 τὸ
1398 599 1607 672 ἀπηνὲς
1632 600 1735 655 οὐκ
1776 600 1915 671 ἔχων

342 690 419 754 ὡς
440 690 596 756 Θεὸς,
613 688 729 745 οἷον
751 692 1036 763 άδάμαντά
1062 708 1186 745 τινα
1210 691 1502 764 συνθραύει
1526 694 1617 747 τὸν
1647 694 1913 753 Σατανᾶν,

341 781 472 852 περὶ
515 777 577 837 οὗ
622 782 967 856 γέγραπταιυ
1021 802 1042 834 ι
1077 783 1144 838 Ἥ
1204 784 1402 856 καρδία
1446 784 1612 839 αὐτοῦ
1666 783 1915 852 πέπηγεν

342 872 531 945 ὥσπερ
562 874 731 938 λίθος.
763 876 1002 947 Ἐστηκε
1032 875 1090 929 δὲ
1120 875 1311 948 ὥσπερ
1336 876 1528 947 ἄκμων
1557 875 1844 948 άνήλατος.
1887 895 1907 928 ι

343 967 502 1020 Δοκεῖ
544 982 611 1035 γε
660 965 764 1037 μὴν
797 965 893 1019 καὶ
930 966 1134 1037 ἑτέρως
1170 966 1265 1020 τὸν
1302 968 1644 1040 κασσίτερον,
1689 967 1788 1021 εἶτ’
1817 962 1913 1021 οὖν

340 1057 433 1112 τὸν
480 1057 731 1128 μόλιϐδον
779 1061 860 1123 είς
908 1058 1285 1131 ἀποκάθαρσιν
1321 1059 1421 1131 τὴν
1465 1059 1552 1113 διὰ
1595 1059 1767 1131 πυρὸς
1813 1059 1912 1129 τῆς

340 1148 537 1220 ἑτέρας
574 1146 708 1220 ὕλης
738 1147 1049 1217 ἀναγκαίως
1080 1147 1641 1219 παραλαμϐάνεσθαι,
1674 1147 1911 1219 μάλιστα

339 1239 400 1293 δὲ
426 1242 541 1304 τοῖς
563 1239 633 1293 τὰ
665 1238 724 1304 ἐξ
747 1239 987 1311 ἀργύρου
1013 1242 1361 1311 τεχνουργεϊν
1384 1235 1598 1293 εἰωθόσι
1627 1238 1689 1293 τὸ
1718 1238 1911 1309 χρῆμά

339 1332 492 1385 ἔστιν
519 1333 838 1399 ἀναγκαῖον.
880 1332 991 1386 Καὶ
1028 1330 1161 1399 γοῦν
1190 1330 1294 1403 ἔφη
1320 1348 1421 1386 που
1447 1330 1579 1395 Θεὸς
1606 1330 1695 1385 διὰ
1726 1332 1909 1401 φωνῆς

351 1422 617 1493 Ἱερεμίου
651 1422 814 1477 πάλιν
846 1422 978 1477 αὐτὸ
1007 1422 1070 1493 δὴ
1098 1422 1257 1478 τοῦτο
1284 1422 1724 1493 αἰνιγματωδῶς
1759 1441 1777 1472 t
1799 1421 1909 1487 Ἐξ-

338 1514 493 1568 έλιπε
548 1514 801 1586 φυσητὴρ
846 1512 955 1567 ἀπὸ
998 1514 1190 1583 πυρὸς,
1239 1513 1453 1578 ἐξέλιπε
1499 1513 1779 1586 μόλιϐδος,
1827 1514 1908 1577 είς

338 1606 494 1659 κενὸν
519 1606 911 1677 άργυροκοπεῖ,
943 1603 1194 1676 πονηρίαι
1222 1604 1403 1661 αὐτῶν
1433 1604 1532 1658 οὐκ
1555 1604 1847 1675 ὲτάκησαν.
1881 1622 1900 1655 ι

338 1697 664 1769 Κασσιτέρῳ
684 1697 883 1761 τοίνυν,
921 1697 1091 1767 ήγουν
1124 1695 1378 1767 μολίϐδῳ,
1412 1694 1903 1767 παρεικάζειΧρι-

2017 514 2131 560 tum
2164 513 2248 558 est
2279 504 2401 573 plus
2433 521 2591 574 quam
2623 508 2776 576 lapis.
2819 507 2983 566 Stetit
3029 521 3209 567 autem
3237 515 3379 574 sicut
3427 520 3583 579 incus

2017 595 2298 667 impulsata
2321 596 2388 652 ⁸ο.
2422 615 2442 649 t
2479 596 2545 653 Et
2575 599 2775 669 alioqui
2831 612 3100 674 stannum,
3152 610 3267 669 sive
3306 614 3580 683 plumbum

2016 687 2082 740 ad
2115 685 2485 756 purgationem
2516 703 2611 757 per
2649 691 2822 761 ignem
2849 694 3072 752 alterius
3122 703 3319 759 metalli
3375 710 3579 764 assumi

2014 775 2256 829 cernitur
2282 779 2614 841 necessario,
2648 781 2984 848 potissimum
3022 788 3161 856 apud
3186 788 3365 853 fabros
3391 809 3580 865 argen-

2016 868 2203 924 tarios.
2228 868 2494 935 Quocirca
2535 872 2677 928 Deus
2714 874 2911 931 alicubi
2944 893 3039 947 per
3077 880 3364 943 Jeremiam
3388 904 3578 948 rursus

2013 958 2117 1014 hoc
2155 960 2349 1030 ipsum,
2379 962 2504 1018 licet
2534 966 2817 1024 obscurius
2868 971 3028 1027 dicit:
3069 993 3089 1026 ι
3128 976 3329 1036 Defecit
3393 982 3575 1040 δυωδ-

2014 1049 2208 1145 torium
2227 1052 2296 1107 ab
2326 1052 2470 1122 igne,
2501 1056 2697 1113 defecit
2734 1059 3031 1129 plumbum,
3081 1065 3280 1125 frustra
3332 1086 3576 1145 argenta-

2013 1138 2127 1195 rius
2164 1153 2441 1212 argentum
2472 1149 2725 1215 concidit,
2788 1153 3005 1211 malitiae
3053 1172 3238 1216 eorum
3284 1138 3423 1219 non-
3449 1180 3574 1227 sunt

2011 1230 2312 1301 liquefacta?
2331 1234 2398 1292 ⁸⁸.
2436 1255 2454 1289 ι
2476 1238 2651 1305 Quare
2671 1251 2884 1311 stanno,
2916 1247 3030 1302 sive
3054 1249 3272 1317 plumbo
3298 1254 3574 1318 Christum

2009 1334 2289 1394 comparat
2344 1337 2403 1405 ut
2452 1329 2843 1401 abstergentem
2901 1338 3113 1403 sordes,
3156 1351 3214 1395 ut
3238 1344 3571 1410 auferentem

2010 1428 2364 1484 supervacua,
2422 1428 2483 1473 ut
2519 1431 2830 1491 purgantem
2876 1430 3168 1485 secundum
3222 1432 3569 1503 intellectum.

2010 1506 2436 1603 [ind-etsigquis
2488 1514 2859 1584 interjectione
2916 1523 3209 1581 mediorum
3271 1538 3570 1603 temporum

2008 1595 2327 1694 nihil‘luerit
2352 1605 2723 1670 conturbatus,
2755 1619 2808 1663 et
2831 1624 2928 1678 pro
2953 1614 3121 1669 nihilo
3147 1620 3355 1679 duxerit
3375 1595 3567 1694 parvus

2008 1687 2122 1743 dies
2155 1688 2567 1789 intercedentes,
2595 1698 2844 1789 gaudebit
2892 1720 2912 1754 ‹
2970 1716 3024 1760 et
3073 1711 3274 1768 videbit
3334 1687 3563 1789 lapidem

339 1789 484 1853 στὸν,
519 1788 596 1851 ὼς
632 1790 933 1858 ἐκτήκοντα
965 1789 1091 1850 τοὺς
1128 1787 1353 1857 ρύπους,
1393 1786 1470 1851 ὡς
1495 1786 1895 1842 ἀπαλλάττοντο

2008 1789 2291 1878 stanneum
2325 1783 2925 1878 in‘manu‘Zorobabel.
2967 1814 2987 1849 ι
3020 1797 3158 1866 Quid
3193 1817 3322 1861 vero
3358 1783 3460 1878 est,
3510 1813 3566 1870 in

334 1879 446 1931 τῶν
474 1879 766 1949 περιττῶν,
796 1878 873 1943 ὡς
897 1878 1336 1950 ἀποκαθαίροντα
1370 1878 1595 1950 νοητῶς.
1628 1880 1690 1933 Εί
1724 1878 1787 1950 δή
1820 1896 1895 1945 τις

2011 1883 2173 1923 manu
2244 1868 2593 1969 Zorobabel?
2659 1877 2925 1938 Divinitus
2970 1886 3227 1958 inspirata
3285 1868 3566 1969 Scriptura

334 1966 429 2025 οὖν
474 1970 583 2042 ἄρα
623 1970 1144 2042 κατευμεγεθήσειε,
1204 1971 1358 2041 φησὶ,
1402 1970 1503 2041 τῆς
1541 1971 1650 2026 τῶν
1701 1969 1895 2042 μεταξὺ

2005 1964 2450 2061 manum-accipit
2482 1975 2536 2021 et
2565 1982 2662 2037 pro
2703 1971 2921 2040 virtute,
2961 1986 3016 2034 et
3042 1994 3140 2050 pro
3190 1964 3475 2055 potestate.
3509 1995 3566 2052 ln

336 2064 546 2136 καιρῶν
583 2063 855 2135 είσϐολῆς,
896 2064 990 2118 καὶ
1021 2063 1173 2117 οὐδὲν
1205 2065 1464 2137 ήγήσοιτο
1495 2064 1594 2128 τὰς
1617 2064 1706 2119 διὰ
1734 2064 1895 2137 μέσου

2005 2053 2205 2107 virtute
2225 2053 2408 2122 igitur,
2443 2059 2559 2114 sive
2592 2061 2755 2117 etiam
2801 2064 2854 2117 in
2900 2078 3165 2137 potestate
3192 2053 3567 2142 iZorobabelis

339 2154 545 2226 μικρὰς
592 2155 829 2226 ἡμέρας,
877 2157 1175 2225 χαρήσεται
1231 2155 1352 2227 μὲν,
1410 2174 1429 2209 ι
1466 2157 1562 2210 καὶ
1593 2155 1780 2225 ὄψεται
1813 2155 1895 2211 τὸν

2003 2142 2206 2200 videbit
2231 2144 2464 2215 lapidem
2488 2160 2793 2220 stanneum,
2819 2156 2920 2213 hoc
2961 2170 3065 2228 est,
3110 2163 3403 2229 Christum.
3454 2173 3564 2231 Zo-

333 2246 483 2300 λίθον
514 2246 608 2300 τὸν
636 2247 1011 2318 κασσιτέρινον
1040 2249 1099 2302 ὲν
1126 2248 1270 2319 χειρὶ
1306 2246 1630 2319 Ζοροϐάϐελ.
1662 2266 1681 2299 ι
1715 2247 1824 2301 Καὶ
1848 2246 1895 2300 τί

2002 2233 2221 2328 robahel
2248 2240 2468 2308 etenim,
2494 2252 2555 2298 ut
2576 2246 2708 2310 dixi,
2732 2248 2800 2304 de
2836 2251 2977 2308 tribu
3021 2254 3157 2312 Juda
3184 2271 3363 2328 natus,
3393 2265 3565 2325 lsrae-

330 2338 397 2409 δὴ
423 2340 532 2411 ἄρα
567 2341 685 2393 ἐστὶ
718 2340 778 2393 τὸ
808 2342 867 2393 ὲν
905 2340 1050 2411 χειρὶ
1081 2338 1414 2412 Ζοροϐάϐελ;
1455 2340 1520 2392 Ἠ
1549 2338 1895 2402 θεόπνευστος

2001 2324 2035 2378 li
2058 2327 2292 2395 praefuit.
2324 2329 2392 2385 Et
2411 2332 2659 2391 Christus
2685 2352 2899 2409 quoque
2924 2350 3169 2415 regnavit
3188 2324 3357 2422 super:
3374 2357 3561 2425 Israel,

330 2433 525 2504 Γραφὴ
554 2433 655 2504 τὴν
696 2435 851 2504 χεῖρα
892 2433 1107 2504 δέχεται
1158 2433 1253 2487 καὶ
1285 2433 1365 2496 εἰς
1405 2430 1654 2502 δύναμιν,
1688 2431 1783 2486 καὶ
1820 2432 1895 2495 είς

2004 2430 2110 2471 non
2147 2433 2297 2519 more
2326 2434 2536 2519 nostro,
2567 2428 2680 2483 sive
2716 2430 3181 2509 circumscriptum
3219 2452 3276 2498 et
3323 2456 3563 2519 tempore

331 2522 598 2587 ἐξουσίαν.
641 2524 727 2577 Ἑν
755 2524 982 2595 δυνάμει
1010 2524 1074 2596 δὴ
1108 2521 1203 2578 οὖν
1222 2564 1238 2589 ,
1272 2525 1441 2595 ήγουν
1466 2524 1562 2577 καὶ
1598 2524 1656 2576 ὲν
1682 2522 1895 2595 ἐξουσίᾳ

1999 2518 2148 2564 certo
2179 2511 2458 2570 deﬁnitum
2490 2531 2714 2588 regnum
2772 2532 2959 2582 tenens
2990 2534 3119 2587 :sed
3143 2542 3201 2588 ut
3247 2552 3375 2594 vere
3419 2511 3562 2601 Deus

329 2618 397 2687 τῇ
417 2615 511 2670 τοῦ
530 2616 836 2687 Ζοροϐάϐελ
860 2616 1052 2686 ὄψεται
1082 2616 1173 2670 τὸν
1202 2615 1349 2669 λίθον
1377 2615 1469 2669 τὸν
1494 2613 1895 2685 κασσιτέρινον,

1997 2602 2064 2654 ad
2092 2601 2300 2659 infinita
2335 2608 2533 2662 saecula
2568 2624 2629 2667 se
2678 2615 2981 2688 porrigens,
3042 2633 3332 2684 attestante
3401 2633 3559 2689 beato

328 2707 598 2773 τουτέστι,
627 2706 882 2778 Χριστόν.
920 2706 1226 2777 Ζοροϐάϐελ
1257 2706 1358 2778 μὲν
1390 2706 1521 2777 γὰρ,
1550 2706 1625 2770 ὼς
1655 2705 1813 2777 ἔφην,
1834 2707 1895 2760 ὲκ

1997 2692 2249 2787 ίὲεωίείο
2274 2710 2338 2751 ac
2369 2698 2541 2756 beatae
2575 2702 2774 2774 Virgini
2800 2707 2866 2761 de
2902 2723 2969 2766 eo
2995 2712 3228 2783 dicente,
3261 2720 3557 2787 parituram

329 2798 504 2868 φυλῆς
534 2798 629 2852 τοῦ
666 2797 834 2853 Ἰούδα
857 2798 1205 2868 βεϐασίλευκε
1237 2798 1347 2853 τῶν
1375 2797 1434 2865 ὲξ
1461 2797 1695 2870 Ἰσραήλ.
1735 2796 1895 2851 Ἐϐα-

1997 2786 2201 2884 lilium,
2230 2800 2285 2845 et
2333 2803 2646 2884 vocaturam
2682 2811 2875 2854 nomen
2926 2802 3045 2874 ejus
3069 2786 3277 2864 .lesum.
3310 2830 3330 2865 ι
3373 2816 3555 2884 Addit,

330 2888 543 2942 σίλευσε
578 2888 632 2942 δὲ
662 2889 758 2942 καὶ
797 2890 828 2941 6
864 2888 1099 2960 Χριστὸς
1135 2889 1228 2943 ἐπὶ
1269 2887 1361 2942 τὸν
1420 2888 1670 2961 Ἰσραήλ,
1701 2887 1802 2941 οὐκ
1838 2888 1895 2941 ὲν

2001 2878 2305 2975 edaturum
2349 2883 2423 2939 illi
2454 2883 2739 2942 Dominum
2768 2890 2933 2949 Deum
2970 2898 3153 2952 sedem
3190 2900 3354 2959 David
3386 2878 3555 2975 patris

328 2980 478 3045 τάξει
510 2983 575 3052 τῇ
603 2980 725 3035 καθ’
761 2982 928 3051 ἡμᾶς,
963 2981 1132 3052 ῆγουν
1161 2978 1447 3052 ’μετρητήν
1472 2979 1569 3033 καὶ
1594 2979 1769 3051 χρόνῳ
1796 2995 1895 3031 πε-

1997 2969 2133 3038 ejus,
2161 2980 2215 3026 et
2242 2985 2584 3044 regnaturum
2609 2994 2771 3048 super
2806 2983 3023 3040 domum
3060 2988 3221 3046 lsrael
3270 2995 3322 3048 in
3356 2969 3555 3068 sempi-

332 3076 680 3149 περασμένην
707 3076 805 3146 τὴν
832 3074 1110 3145 βασιλείαν
1139 3074 1282 3147 ἔχων
1302 3092 1318 3109 ·
1347 3073 1462 3128 ἀλλ’
1498 3073 1574 3137 ὡς
1610 3073 1741 3136 Θεὸς
1770 3071 1895 3143 άλη-

1998 3070 2227 3128 ternum,
2258 3075 2312 3120 et
2346 3068 2493 3137 regni
2523 3069 2639 3139 ejus
2660 3086 2765 3128 non
2814 3073 2935 3130 fore
2970 3078 3132 3135 ftnem
3162 3084 3228 3138 δι.
3257 3102 3277 3137 ι
3315 3087 3370 3142 In
3393 3106 3554 3146 manu

328 3166 458 3232 θῶς,
492 3169 573 3230 είς
597 3168 935 3239 ἀπεράντους
968 3166 1170 3231 αίῶνας
1192 3164 1596 3237 ἐκτεινομένην
1633 3165 1726 3219 καὶ
1755 3181 1894 3235 μαρ⁸

1998 3167 2127 3222 ergo
2153 3152 2473 3226 Zorobabel,
2507 3160 2611 3217 hoc
2638 3172 2726 3219 est
2764 3163 2818 3219 in
2845 3167 3044 3224 virtute
3075 3181 3129 3226 et
3155 3183 3420 3243 potestate
3460 3178 3558 3234 Zo-

325 3260 553 3330 τυρήσει
586 3260 758 3327 λέγων
782 3260 810 3312 ό
840 3258 1109 3331 μακάριος
1128 3257 1366 3329 Γαϐριὴλ
1389 3259 1455 3327 τῇ
1484 3254 1613 3325 ἁγία
1633 3255 1895 3327 Παρθένῳ

1998 3245 2288 3311 roltabelis,
2335 3248 2602 3307 videbitur
2646 3252 2929 3324 aliquando
2966 3259 3100 3330 lapis
3155 3264 3244 3319 ille
3272 3278 3551 3326 stanneus.

327 3352 457 3423 περὶ
486 3350 675 3414 αὐτοῦ,
705 3351 788 3404 ὄτι
812 3350 1024 3416 τέξεται
1052 3350 1189 3418 υίδν,
1227 3351 1322 3405 καὶ
1366 3348 1584 3403 καλέσει
1624 3348 1687 3402 τὸ
1723 3348 1895 3419 ὄνομα

327 3439 491 3495 αὐτοῦ
545 3440 774 3512 Ἰησοῦν.
825 3441 1171 3513 Προσεπάγει
1243 3440 1335 3506 δὲ,
1385 3441 1467 3493 ὅτι
1519 3458 1538 3491 ι
1576 3440 1683 3493 Καὶ
1733 3437 1894 3493 δώσει

326 3529 476 3601 αὐτῷ
514 3530 715 3601 Κύριος
757 3533 786 3585 6
834 3530 965 3594 Θεὸς
994 3530 1087 3585 τὸν
1131 3529 1321 3603 θρόνον
1347 3528 1513 3587 Δαϐὶδ
1558 3528 1654 3583 τοῦ
1685 3529 1892 3601 πατρὸς

326 3622 513 3689 αὐτοῦ,
545 3622 640 3675 καὶ
662 3620 967 3691 βασιλεύσει
995 3621 1089 3674 ἐπὶ
1120 3620 1211 3674 τὸν
1238 3615 1388 3674 οἷκον
1425 3620 1641 3693 Ἰσραὴλ
1662 3621 1743 3685 εις
1769 3623 1893 3686 τοὺς

325 3713 547 3780 αιῶνας,
574 3715 668 3767 καὶ
697 3713 799 3783 τῆς
832 3713 1105 3784 βασιλείας
1131 3713 1298 3769 αὐτοῦ
1327 3714 1429 3768 οὐκ
1468 3714 1620 3768 ἔσται
1655 3714 1826 3778 τέλος.
1866 3733 1885 3767 ι

337 3806 426 3859 Ἐν
447 3806 593 3877 χειρὶ
618 3805 683 3878 δή
703 3801 799 3859 οὖν
827 3806 1150 3877 Ζοροϐάϐελ,
1165 3806 1553 3871 τουτίστιν,ὼς
1580 3808 1638 3861 ὲν
1665 3807 1892 3878 δυνάμει

324 3918 384 3955 τε
426 3902 521 3955 καὶ
560 3901 778 3973 ἐξουσίᾳ
816 3903 883 3972 τῇ
932 3899 1026 3954 τοῦ
1070 3899 1375 3971 Ζοροϐάϐελ
1414 3900 1710 3972 ὀφθήσεται
1748 3900 1892 3955 κατὰ

324 3995 551 4064 καιροὺς
578 3994 609 4047 6
633 3992 778 4056 λίθος
809 3995 838 4046 6
867 3992 1260 4063 κασσιτέρινος.
1286 3992 1565 4064 Ἐπιφέρει
1594 3992 1652 4048 δὲ
1681 3993 1891 4057 τούτοις

323 4083 483 4147 εὐθὺς
514 4083 615 4153 τῆς
642 4083 979 4154 προφητείας
1011 4084 1040 4135 ό
1061 4082 1219 4150 λόγος
1237 4097 1253 4114 ο
1276 4101 1296 4134 t
1318 4081 1488 4137 Ἑπτὰ
1514 4076 1659 4137 οὗτοι
1687 4082 1891 4154 ὀφθαλ-

328 4177 419 4245 μοὶ
455 4174 665 4245 Κυρίου
703 4175 875 4239 εἰσὶν,
915 4175 966 4228 ei
1006 4174 1390 4239 ἐπιϐλέποντες
1434 4175 1527 4229 ἐπὶ
1569 4177 1749 4231 πᾶσαν
1789 4176 1890 4249 τήν

324 4276 445 4344 γῆν.
483 4293 502 4325 ε
536 4275 645 4328 Καὶ
677 4273 823 4337 τίνες
860 4272 926 4328 ἂν
958 4268 1069 4327 εἷεν
1112 4264 1258 4326 οὗτοι
1294 4270 1491 4336 πάλιν;
1522 4273 1594 4325 ’Ἠ
1621 4273 1731 4344 γὰρ
1762 4274 1891 4337 τοὺς

322 4363 462 4417 ἑπτὰ
490 4363 734 4433 λύχνους,
764 4361 860 4426 οὓς
884 4361 1136 4419 τεθέαται
1164 4362 1223 4414 ἂν
1250 4359 1328 4429 τῷ
1344 4359 1655 4430 λαμπαδίῳ,
1684 4358 1887 4429 κέκλη-

323 4473 416 4509 κεν
457 4454 771 4525 ὀφθαλμοὺς
796 4452 1021 4522 Κυρίου,
1064 4452 1155 4506 ῑνα
1194 4450 1406 4522 νοιῖιμεν
1432 4452 1558 4517 τοὺς
1580 4450 1788 4519 ἁγίους,
1819 4450 1887 4504 δι’

320 4542 395 4601 ῶν
422 4548 456 4618 ή
496 4547 761 4615 σύμπασα
802 4544 1241 4613 καταφωτίζεται
1290 4542 1397 4613 γῆ,
1448 4543 1544 4596 καὶ
1583 4541 1886 4613 ἐπισκοπῆς

318 4637 610 4705 ἀξιωθεῖσα
644 4636 892 4703 φαίνεται
935 4638 1047 4698 τοῖς
1095 4633 1248 4706 παρὰ
1288 4633 1457 4689 Θεοῦ·
1492 4633 1661 4704 ήγουν
1689 4636 1886 4697 ἐκεῖνο,

318 4725 474 4801 οἶμαί
499 4746 624 4795 που,
652 4726 1088 4799 κατασημαίνειν
1116 4725 1366 4796 ἐροῦμεν,
1392 4725 1467 4788 ὡς
1494 4727 1596 4780 οὐκ
1621 4724 1886 4797 ἀμελήσει

318 4818 426 4872 τῶν
460 4816 607 4870 ιδίων
645 4815 963 4887 κτισμάτων
987 4816 1018 4869 6
1051 4813 1159 4868 τῶν
1199 4813 1337 4868 ὅλων
1368 4813 1501 4878 Θεὸς
1538 4814 1630 4871 καὶ
1659 4815 1882 4885 Πατήρ’

317 4908 432 4964 ἀλλ’
480 4901 594 4960 οἷον
633 4905 848 4969 πολλοῖς
886 4922 948 4960 τε
982 4904 1076 4961 καὶ
1108 4905 1336 4968 ἀΰπνοις
1367 4904 1581 4976 ὄμμασι
1607 4904 1676 4958 τὰ
1705 4904 1886 4960 πάντα

318 4997 656 5072 περιαθρῶν,
689 4999 961 5069 χαριεῖται
977 4999 1092 5060 τοῖς
1115 4996 1210 5051 ἐπὶ
1240 4996 1343 5069 τῆς
1370 4996 1474 5067 γῆς
1493 4997 1588 5052 τὸν
1615 4995 1760 5054 λίθον
1787 4996 1883 5050 τὸν

320 5089 723 5161 κασσιτέρινον,
763 5086 1028 5152 τουτέστι,
1064 5087 1329 5160 Χριστὸν,
1368 5086 1439 5141 δι’
1465 5080 1528 5143 οὗ
1556 5086 1749 5157 γέγονε
1786 5086 1883 5143 καὶ

318 5182 399 5245 αις
424 5180 576 5251 ἡμᾶς
602 5179 635 5231 ὁ
662 5177 765 5248 τῆς
796 5178 1221 5249 κατασκέψεως,
1264 5173 1366 5235 εἴτ’
1403 5174 1499 5233 οὖν
1544 5179 1883 5249 ἐπισκέψεως

315 5271 534 5343 τρόπος.
562 5289 586 5323 ι
608 5269 979 5341 Ἐπεσκέψατο
992 5271 1102 5343 γὰρ
1124 5272 1277 5342 ἡμᾶς
1300 5270 1554 5345 Ἀνατολὴ
1569 5272 1630 5337 ἑξ
1642 5270 1832 5343 ὕψους,
1856 5290 1879 5350 ξ

316 5362 459 5415 κατὰ
515 5361 578 5416 τὸ
641 5362 1048 5433 γεγραμμένον.
1108 5362 1221 5418 Καὶ
1282 5363 1443 5435 εἴπερ
1498 5363 1669 5435 ἐσμὲν
1725 5362 1884 5435 σῶμα

314 5451 575 5521 Χριστοῦ,
621 5453 718 5507 καὶ
765 5452 901 5523 μέλη
948 5453 1015 5507 ἑκ
1056 5452 1287 5524 μέρους,
1314 5452 1470 5508 οὐδὲν
1498 5449 1651 5525 οἶμαι
1682 5453 1745 5509 τὸ
1775 5455 1883 5509 ἀπο

314 5543 484 5608 εικὸς,
516 5544 575 5596 εν
605 5542 900 5615 ὀφθαλμῶν
921 5542 1071 5609 τάξει
1109 5544 1235 5609 τοὺς
1264 5544 1453 5615 άγίους
1485 5546 1883 5618 μυσταγωγοὺς

389 5716 435 5751 ⁸⁸
473 5714 575 5773 Iob
611 5733 717 5782 ιιι,
765 5718 846 5773 l5.
924 5719 972 5751 ³⁸
1006 5718 1206 5776 Jerem.
1246 5735 1322 5788 vt,
1360 5720 1453 5778 29.

672 5811 945 5878 PATROL.
992 5816 1107 5877 Gtt.
1156 5817 1408 5883 LXXII.

1563 5722 1606 5755 "
1648 5721 1780 5781 Luc.
1820 5738 1861 5791 ι,
1900 5722 1992 5795 δι,
2031 5724 2121 5783 32.
2231 5727 2277 5761 ”
2313 5724 2444 5787 Luc.
2488 5742 2527 5794 t,
2569 5725 2656 5784 78.

1995 3337 2247 3431 annectit
2275 3342 2518 3408 protinus
2552 3344 2636 3399 his
2656 3349 3000 3418 propheticus
3028 3367 3206 3410 sermo
3238 3372 3296 3411 τι
3335 3357 3552 3431 Septem

1997 3429 2050 3485 hi
2084 3431 2223 3488 oculi
2250 3434 2457 3491 Domini
2484 3444 2610 3492 sunt
2633 3440 2983 3511 respicientes
3016 3461 3180 3516 super
3199 3429 3422 3509 omnem
3445 3463 3530 3510 ter

1996 3537 2133 3617 ratu.
2164 3541 2185 3576 ι
2228 3523 2456 3592 Quinam
2487 3529 2575 3585 isti
2603 3531 2742 3586 oculi
2772 3531 2796 3586 τ
2822 3534 2985 3606 692
3019 3538 3125 3594 Aut
3166 3542 3308 3597 enim
3348 3556 3551 3617 septem

1994 3611 2244 3675 lucernas
2274 3630 2409 3686 quas
2438 3618 2570 3674 vidit
2609 3621 2675 3675 ad
2716 3621 3038 3694 lampadem,
3092 3633 3308 3688 vocavit
3366 3611 3555 3695 oculos

1993 3701 2227 3769 Domini,
2254 3715 2313 3760 ut
2336 3708 2693 3781 intelligamus
2717 3725 2957 3783 sanctos,
2990 3733 3085 3788 per
3112 3735 3248 3791 quos
3303 3726 3552 3785 universa

1993 3804 2138 3851 terra
2168 3797 2515 3866 illuntinatur,
2552 3809 2607 3856 et
2636 3802 2814 3858 divina
2852 3806 3159 3866 visitatione
3189 3813 3405 3884 dignata
3430 3835 3551 3876 cer-

1991 3890 2139 3944 nitur
2167 3908 2181 3946 :
2207 3900 2303 3946 aut
2330 3902 2476 3948 certe
2511 3893 2658 3962 illud,
2691 3897 2903 3968 opinor,
2941 3901 3244 3972 signillcare
3288 3908 3551 3978 dicemus,

1990 3979 2157 4036 Deum
2184 3991 2240 4037 et
2271 3981 2484 4040 Patrem
2536 3987 2907 4044 universorum
2964 4005 3242 4054 creaturas
3284 4014 3411 4057 suas
3444 4018 3548 4059 υοιι

1989 4074 2381 4142 neglecturum,
2412 4077 2505 4132 sed
2548 4085 2804 4149 tanquam
2856 4084 3043 4140 multis
3088 4095 3141 4141 et
3202 4103 3417 4163 semper
3472 4097 3552 4150 vi-

1990 4165 2186 4235 gilibus
2229 4167 2401 4223 oculis
2431 4170 2611 4226 omnia
2640 4174 3189 4243 circumspicientem,
3223 4181 3547 4241 donaturum

1991 4260 2304 4316 mortalibus
2337 4261 2568 4331 lapidem
2616 4274 2919 4330 stanneum,
2974 4270 3076 4325 hoc
3109 4282 3193 4326 est
3252 4272 3548 4346 Christum,

1989 4361 2085 4419 per
2117 4364 2274 4420 quem
2314 4360 2369 4406 et
2412 4368 2510 4409 nes
2539 4352 2795 4422 visitavit,
2820 4356 2934 4413 sive
2972 4363 3225 4429 respexit.
3247 4382 3265 4415 ι
3304 4363 3551 4425 Visitavit

1990 4442 2132 4497 enim
2151 4457 2248 4497 nos
2268 4441 2460 4500 Oriens
2489 4460 2556 4500 ex
2585 4445 2711 4511 alto,
2738 4465 2757 4500 ι
2793 4458 2851 4504 ut
2872 4450 3128 4521 scriptum
3143 4464 3227 4511 est
3242 4456 3307 4508 ε’.
3330 4451 3397 4513 Et
3415 4474 3551 4530 quo-

1990 4532 2133 4588 niam
2160 4549 2346 4591 sumus
2373 4551 2567 4606 corpus
2592 4538 2815 4605 Christi,
2856 4555 2912 4597 et
2968 4545 3205 4600 membra
3261 4549 3549 4609 de.tnetn-

1990 4621 2089 4677 bro
2125 4623 2193 4690 ",
2227 4639 2328 4680 non
2374 4628 2610 4684 arbitror
2638 4629 3005 4699 improbabile,
3040 4634 3085 4689 si
3116 4645 3333 4694 sanctos
3363 4655 3545 4697 rerum

1990 4713 2289 4771 divinarum
2327 4716 2598 4783 doctores,
2627 4728 2686 4776 ut
2722 4720 2843 4777 aliis
2886 4724 3298 4784 excellentiores
3339 4740 3396 4787 et
3456 4746 3549 4787 su-

1988 4805 2289 4874 bliuiiores,
2316 4811 2505 4867 oculos
2534 4812 2853 4884 appellatos,
2890 4825 2945 4871 et
2971 4830 3031 4872 ut
3058 4833 3159 4891 ego
3181 4822 3380 4889 sentio,
3405 4824 3546 4880 banc

1986 4898 2057 4953 ob
2110 4912 2326 4955 causam
2381 4901 2542 4958 etiam
2579 4906 2861 4974 episcopos
2926 4909 3227 4966 nominatos
3282 4912 3543 4969 dicamus.

1989 4988 2309 5058 Speculatur
2349 4993 2532 5064 itaque
2593 5010 2688 5065 per
2743 4997 2865 5054 illos
2917 4998 2969 5055 in
3023 4999 3197 5071 ipsum
3263 5002 3547 5060 credentes

1986 5080 2245 5138 Dominus
2271 5094 2452 5146 noster
2474 5084 2630 5143 Jesus
2652 5085 2915 5145 Christus.
2966 5088 3193 5148 Detnum
3241 5092 3377 5162 lapis
3395 5104 3547 5149 stan-

1987 5187 2123 5229 neus
2175 5174 2282 5231 alio
2319 5191 2531 5247 quoque
2581 5178 2742 5235 modo
2787 5178 3038 5241 Christus
3082 5191 3255 5253 petest
3291 5184 3538 5256 intelligi.
3593 5221 3604 5245 ο

1985 5263 2251 5322 Stannum
2268 5269 2411 5324 enim
2428 5269 2698 5341 disiuncta
2716 5272 3123 5343 conjungit,vim
3141 5274 3543 5347 conglutinandi

1982 5357 2211 5415 habens.
2232 5358 2384 5416 Fecit
2418 5363 2668 5432 quiddam
2698 5362 2801 5421 tale
2834 5373 2890 5421 et
2923 5366 3078 5421 nobis
3135 5362 3405 5433 Christus,
3467 5366 3545 5422 sl-

1981 5451 2201 5523 quidem
2237 5470 2421 5511 verum
2448 5466 2551 5522 est,
2583 5471 2707 5514 eum
2742 5458 2796 5514 in
2829 5473 2990 5513 unum
3039 5472 3232 5517 novum
3264 5458 3540 5516 hominum

1982 5542 2118 5602 duos
2153 5544 2380 5617 populos
2444 5548 2767 5616 condidisse,
2810 5568 2830 5602 ι
2882 5546 3167 5606 facientem
3222 5564 3433 5622 pacem,
3485 5562 3543 5609 et
3633 5554 3639 5565 '

2766 5728 2815 5762 ⁸³
2853 5729 2873 5784 l
2911 5727 3036 5788 Cor.
3077 5746 3177 5799 stt,
3214 5731 3306 5792 27.

3116 5826 3152 5887 3
