4072 6370
502 344 572 400 75
1466 327 1543 382 ‘S.
1584 321 1863 381 CYRILLI
1902 315 2371 378 ALEXANURINI
2411 312 2735 372 ARCHIEP’
3684 302 3753 358 76

505 453 941 514 reconcihantem
972 449 1024 502 in
1052 460 1177 501 'uno
1220 456 1447 514 corpore
1493 442 1679 496 ambos
1706 440 1758 494 in
1822 438 2079 493 unitatem

2205 433 2456 487 :sOeicOat
2492 432 2707 502 λέγειν,
2760 428 2993 492 ὡςἰτῶν
3041 427 3216 482 ἄλλων
3280 422 3618 495 προῦχοντας
3658 420 3755 475 καὶ

502 563 602 619 per
630 540 970 617 spiritum‘“.
1013 538 1210 594 {Unde
1250 513 1384 605 lapis
1410 547 1653 590 summus
1678 529 1951 601 angularis
1987 536 2072 583 est

2205 525 2605 597 ιπερκειμένους
2634 565 2651 590 ,
2696 522 2951 594 ταύτῃτοι
2999 521 3095 574 καὶ
3159 516 3490 579 ἐπισκόπους
3538 513 3757 583 ὠνομα-

507 603 875 708 nuncupatus,
895 638 1223 688 connectens
1255 603 1319 680 ad
1345 626 1615 681 unitatem
1657 623 1790 678 duos
1828 619 2071 693 populos,

2205 620 2434 689 τμὲνους,
2458 616 2723 685 καθάπερι
2748 608 2981 685 ἐγῷμαι.
3005 609 3461 666 Κατασκέπτεται
3484 606 3543 660 δὲ
3560 605 3635 658 δι’
3653 603 3756 708 αύ-

751 693 1029 795 Gopulavit
1060 722 1185 775 item
1218 719 1433 786 angelos
1456 719 1507 771 in
1560 726 1705 771 terra
1721 715 2072 786 degentibus:

2205 710 2290 762 τῶν
2332 709 2457 771 τοὺς
2511 708 2592 771 είς
2639 705 2803 759 αὑτὸν
2852 703 3213 765 πιστεύοντας
3260 704 3290 754 6
3331 699 3536 770 Κύριος
3598 693 3759 768 ήμῶν

508 837 606 877 nos
620 822 774 890 ipsos
802 786 1033 886 “quoque
1055 827 1150 883 per
1178 827 1236 867 se
1283 810 1393 864 Deo
1419 819 1472 863 et
1537 808 1682 862 Patri
1704 805 2075 871 consociavit,

2205 799 2402 872 Ἰησοῦς
2453 798 2709 869 Χριστός.
2762 796 2924 860 Λίθος
2966 812 3030 865 γε
3077 792 3626 866 μὴνικασσιτέρινος,
3664 786 3761 841 καὶ

509 880 780 967 destructo
801 880 1212 977 peccatopquod
1257 899 1706 971 imerjacebat,et
1748 914 1847 954 ceu
1895 910 2081 952 murus

2205 891 2307 946 ιαθ’
2344 892 2529 961 ἕτερον
2562 889 2628 943 ἂν
2660 890 2832 942 νοοῖτο
2862 886 3064 958 τρόπον
3091 887 3120 939 6
3148 885 3402 955 Χριστός.
3440 882 3501 935 Ὃ
3529 880 3637 951 γάρ
3676 894 3761 931 τοι

508 1019 607 1057 nos
644 1002 713 1055 ab
737 1017 802 1054 eo
832 998 1158 1053 secludebat.

2205 984 2513 1054 ιασσίτερος
2572 981 2832 1035 συνάπτει
2890 979 3025 1051 πρὸς
3070 977 3267 1033 ἕνωσιν
3319 974 3390 1028 τὰ
3435 970 3759 1045 διῃρημένα,

508 1095 830 1165 κολλητικὴν
864 1091 1001 1162 ἔχων
1030 1085 1338 1161 τὴνιφύσιν.
1374 1085 1631 1157 Πέπραχε
1652 1083 1721 1137 ’δέ
1749 1080 2074 1137 τιτοιοῦτον
2110 1078 2205 1133 καὶ
2226 1080 2307 1143 είς
2362 1078 2511 1148 ἡμᾶς
2548 1076 2576 1129 6
2614 1073 2873 1143 Χριστὸς,
2943 1072 3102 1142 εἴπερ
3145 1070 3294 1165 ἐστιν
3323 1067 3542 1165 άληδές,
3570 1068 3645 1131 ὼς
3679 1067 3762 1165 είς

507 1158 819 1245 magna};
848 1158 1132 1258 ἄνθρωπον
1167 1185 1293 1246 τοὺς
1324 1181 1416 1234 δύο
1454 1181 1627 1245 κτίζει
1653 1178 1836 1242 λαοὺς,
1863 1196 1883 1229 ‹
1932 1174 2110 1230 Ποιῶν
2183 1172 2429 1243 εἰρήνην,
2462 1168 2558 1223 καὶ
2589 1165 3093 1221 ἀποκαταλλάσσων
3140 1165 3198 1217 ἐν
3245 1162 3327 1216 ἐνὶ
3377 1160 3592 1258 σώματι
3632 1158 3765 1221 τοὺς

510 1283 870 1356 ἀμφοτέρους,
901 1252 978 1342 είς
1019 1276 1236 1350 τὴνδιὰ
1297 1274 1602 1345 πνεύματος
1664 1272 1877 1324 ἕνωσιν.
1918 1288 1936 1320 ι
1979 1267 2141 1322 Ὅθεν
2178 1266 2275 1319 καὶ
2339 1263 2486 1326 λίθος
2538 1261 2933 1332 ἀκρογωνιαίος
2985 1258 3339 1327 ὠνόμασται,
3390 1252 3625 1306 συνδέων
3681 1252 3765 1313 είς

512 1346 867 1443 ἕνωσιν-τοῦς
910 1374 1013 1428 τδιο
1060 1346 1239 1436 λαοὺς,
1282 1370 1366 1434 ’ὡς
1411 1369 1564 1440 εφην.
1616 1366 1827 1437 mace
1879 1364 1935 1418 δὲ
1985 1365 2079 1417 καὶ
2144 1360 2399 1430 ἀγγέλοις
2429 1358 2557 1421 τοὺς
2581 1354 2803 1424 ἐπὶντῆς
2829 1354 2965 1424 γῆς·
2997 1352 3135 1407 ἀλλὰ
3206 1351 3300 1405 και
3328 1348 3565 1421 ἡμᾶςδι’
3600 1346 3766 1401 αὐτοῦ

512 1476 589 1547 τῷ
619 1473 738 1543 Θεῷ
768 1471 858 1524 καὶ
888 1468 1079 1537 Πατρὶ,
1110 1466 1207 1536 τὴν
1239 1462 1441 1535 μεταξὺ
1473 1460 1733 1531 κειμένην
1775 1459 1868 1512 καὶ
1898 1455 2072 1511 πᾶλαι
2110 1453 2543 1525 διατειχίζουσαν
2581 1447 2826 1504 καθελὼν
2864 1444 3155 1547 ἁμαρτίαν.

587 1568 748 1621 Vens.
786 1562 906 1616 II—I
923 1561 971 1616 ί.
996 1558 1062 1612 Et
1098 1556 1357 1623 respondi,
1385 1565 1430 1607 et
1472 1554 1584 1605 dixi
1631 1552 1696 1605 ad
1740 1565 1897 1606 eum:
1939 1547 2079 1614 Quid

515 1663 634 1713 (iure
666 1656 835 1713 olim,
863 1667 978 1721 qua:
1005 1668 1035 1702 a
1065 1648 1261 1701 dextris
1290 1643 1593 1699 candelabri
1631 1652 1676 1696 et
1720 1659 1751 1695 a
1797 1641 2025 1695 sinistris
2050 1640 2076 1692 ?

2258 1545 2369 1600 Kal
2420 1542 2775 1610 ἀπεκρίθην,
2813 1538 2914 1593 καί
2960 1536 3097 1591 εἷπα
3153 1534 3303 1605 πρὸς
3343 1533 3562 1589 αὐτόν·
3608 1532 3669 1586 Τί
3707 1533 3769 1585 ai

2187 1636 2296 1690 δύο
2328 1634 2522 1690 ἐλαῖαι
2553 1628 2749 1695 αὗται,
2778 1634 2837 1685 al
2868 1630 2937 1683 ἐκ
2970 1626 3183 1692 δεξιῶν
3210 1624 3320 1695 τῆς
3360 1624 3637 1695 λυχνίας,
3669 1621 3768 1677 καὶ

520 1750 583 1803 Et
620 1713 930 1813 interroga-vi
955 1740 1202 1802 secundo,
1235 1746 1281 1789 et
1304 1736 1416 1789 dixi
1450 1735 1517 1786 ad
1542 1749 1656 1786 eum
1682 1747 1699 1785 :
1732 1731 1947 1797 Quid'hi
1975 1733 2081 1784 duo

2205 1729 2254 1791 ξε
2291 1726 2611 1794 εὐωνύμων
2623 1739 2642 1787 ;
2677 1723 2790 1776 Kal
2829 1719 3189 1788 ἐπηρώτησα
3228 1717 3297 1771 ἐκ
3334 1714 3635 1785 δευτέρου,
3670 1713 3768 1768 καί

518 1841 651 1895 rami
677 1838 950 1899 olivarum,
982 1832 1070 1903 qui
1105 1831 1159 1883 in
1193 1826 1432 1881 manibus
1469 1826 1697 1878 duarum
1730 1824 1939 1877 narium
1984 1838 2084 1875 au-

520 1948 743 1994 rearum,
776 1925 1160 1994 infundentium
1204 1929 1249 1974 et
1276 1918 1647 1973 retrahentium
1682 1915 1946 1986 inlusoria
1980 1929 2083 1967 att-

2184 1816 2323 1874 εἶπα
2355 1816 2504 1884 πρὸς
2536 1815 2753 1870 αὐτόν’
2790 1813 2853 1867 Τί
2878 1814 2932 1866 οί
2959 1810 3069 1864 δύο
3109 1807 3325 1863 κλάδοι
3368 1806 3487 1860 τῶν
3525 1804 3767 1869 ἐλαιῶν,

2186 1913 2240 1964 οί
2262 1909 2345 1963 ἐν
2386 1907 2517 1974 ταῖς
2559 1905 2731 1977 χερσί
2764 1903 2901 1958 νῖτῶν
2926 1902 3036 1956 δύο
3077 1898 3445 1971 μυξωτήρων
3478 1897 3596 1951 τῶν
3628 1914 3774 1967 χρυ-

2187 1998 2342 2069 σῶν,
2396 1998 2515 2055 τῶν
2594 1998 2957 2068 ἐπιχεόντων
3032 1994 3131 2048 καί
3186 1991 3609 2061 ἐπαγαγόντων
3664 1989 3775 2056 τὰς

2186 2090 2626 2163 ἐπαρυστρίδας
2645 2089 2751 2155 τὰς
2776 2086 3015 2158 χρυσᾶς
3028 2104 3047 2152 ;
3068 2085 3179 2141 Kal
3198 2080 3328 2138 εἷπε
3350 2084 3498 2152 πρός
3518 2099 3596 2152 με
3612 2098 3627 2112 ο
3652 2083 3775 2135 om

2189 2180 2354 2249 οἶδας
2374 2183 2445 2236 ντί
2472 2182 2621 2235 ιὲστι
2650 2179 2837 2234 ταῦτα
2854 2195 2872 2243 ;
2907 2176 3017 2231 Kal
3043 2172 3215 2229 εἶπαο
3246 2173 3641 2241 Οὐχὶ,-Κύριε.
3663 2170 3776 2226 Kal

2188 2271 2383 2328 εἶπεν·
2406 2268 2582 2329 Οὗτοι
2605 2276 2658 2326 οἱ
2680 2272 2789 2326 δύο
2806 2270 2921 2325 vlol
2936 2267 3044 2338 τῆς
3065 2268 3343 2334 πιότητος
3362 2263 3778 2334 παρεστήκασι

2191 2366 2385 2433 Κυρίῳ
2412 2363 2613 2432 πάσης
2659 2362 2770 2431 τῆς
2806 2362 2938 2432 τῆςο

598 2464 831 2519 XXVIII.
892 2462 1118 2514 Animus
1166 2463 1477 2511 sanctorum
1518 2454 1758 2509 discendi
1802 2452 2090 2521 cupidissi-

2262 2456 2396 2513 KII'.
2438 2455 2746 2528 Φιλομαθὴς
2775 2455 2914 2524 ἄγαν
2947 2454 3057 2508 τῶν
3103 2455 3275 2525 ἁγίων
3303 2457 3331 2510 6
3357 2452 3501 2517 νοῦς.
3543 2449 3780 2522 Τοιγάρ-

521 2572 646 2611 mus
673 2564 777 2609 est.
804 2551 1040 2606 Proinde
1070 2548 1203 2603 nihil
1238 2549 1292 2602 in
1332 2546 1542 2601 visione
1580 2554 1924 2601 ostensurum
1963 2557 2092 2613 pro-

2205 2568 2271 2605 tov.
2305 2551 2536 2622 παρίησι
2574 2550 2669 2619 μὲν
2697 2551 2726 2602 6
2759 2549 3047 2620 προφήτης
3093 2549 3203 2602 τῶν
3249 2550 3309 2602 ἐν
3338 2549 3405 2619 τῇ
3450 2544 3638 2618 ὁράσει
3670 2543 3781 2597 δει-

525 2652 683 2718 pheta
709 2642 1092 2711 praetermittit,
1119 2650 1176 2697 et
1210 2638 1542 2710 perlibenter
1570 2638 1898 2702 sciscitatur,
1941 2645 1997 2691 et
2026 2639 2094 2691 de

2205 2642 2476 2712 ιινυμένων
2512 2640 2687 2704 οὐδὲν,
2738 2639 3088 2709 φιλοπευστεί
3115 2640 3195 2707 δέ,
3232 2640 3327 2694 καὶ
3354 2638 3492 2703 λίαν,
3526 2636 3620 2691 καί⁵
3649 2635 3783 2707 περὶ

527 2740 754 2809 singulis
785 2736 1025 2792 exactius
1040 2733 1294 2803 inquirit,
1320 2731 1577 2803 quidnam
1608 2730 1895 2801 signiﬁcati
1938 2742 2091 2784 com-

2205 2734 2428 2787 ὲκάστου
2465 2730 2681 2795 λεπτῶς
2725 2730 3161 2785 ἀναπυνθάνεται
3205 2732 3303 2797 τὸ,
3332 2732 3386 2784 τί
3417 2729 3491 2784 ἂν
3535 2728 3784 2799 βούλοιτο

528 2824 1184 2899 Momentum-Oportebat
1217 2822 1380 2893 igitur
1425 2822 1499 2877 ita
1542 2820 1785 2891 poscenti
1833 2834 1967 2876 voce
1994 2835 2094 2873 an-

2205 2826 2407 2898 5ηλοῦν.
2443 2824 2589 2878 Ἔδει
2636 2822 2815 2889 τοίνυν
2854 2821 3029 2886 οὓτως
3062 2822 3240 2894 ἔχοντι
3287 2820 3513 2894 γνώμης
3561 2821 3786 2894 διατρα-

527 2923 629 2991 geli
670 2918 931 2975 declarari
962 2914 1169 2983 ,-cujus
1210 2915 1288 2968 rei
1332 2913 1631 2982 symbolum
1672 2920 1879 2977 essent,
1911 2926 2030 2981 qua:
2063 2926 2093 2964 a

2205 2917 2419 2971 νοῦσθαι
2466 2915 2556 2969 διὰ
2597 2914 2690 2969 τοῦ
2738 2914 2840 2985 τῆς
2875 2914 3108 2983 ἀγγέλου
3151 2913 3369 2984 φωνῆς,
3405 2914 3554 2977 πίνος
3574 2912 3653 2966 ἂν
3694 2914 3786 2983 εἴη

528 3012 735 3067 dextris
781 3021 838 3065 et
884 3008 1117 3063 sinistris
1145 3005 1309 3077 693
1342 3005 1612 3074 lampadis
1681 3004 1900 3061 stabant
1939 3003 2096 3058 oliva:

2205 3006 2467 3079 σύμϐολον
2501 3007 2536 3073 ἠ
2565 3008 2645 3071 είς
2678 3005 2850 3071 δεξιόν
2880 3023 2940 3059 τε
2983 3006 3080 3059 καὶ
3121 3004 3401 3078 εὐώνυμον
3433 3006 3531 3060 τοῦ
3562 3006 3787 3076 λαμπα-

526 3099 1187 3168 ιΙιιιε.-(]ιιι·ἱοείυε›ἰιιιίιιιε
1221 3099 1533 3168 indagat,et
1563 3096 1773 3151 discere
1798 3095 1966 3164 cupit.
2003 3095 2096 3149 Vi-

2205 3098 2312 3152 δίου
2356 3097 2545 3161 στάσις
2595 3096 2702 3149 τῶν
2743 3096 2957 3151 ἐλαιῶν.
3006 3094 3276 3169 Ταύτῃτοι
3326 3096 3785 3168 περιεργάζεταις,

520 2023 658 2078 rea?
695 2020 754 2074 Et
787 2018 920 2072 dixit
966 2014 1033 2068 ad
1061 2029 1175 2067 me:
1210 2009 1332 2065 Non
1368 2010 1469 2064 scis
1501 2009 1626 2079 quid
1663 2017 1781 2061 sunt
1823 2006 1976 2060 lucc?
2016 2002 2087 2057 Et

519 2115 674 2169 dixi:
724 2112 1091 2180 Nequaquam,
1142 2104 1379 2157 Domine.
1423 2099 1491 2154 Et
1530 2101 1651 2153 ait:
1698 2097 1797 2151 Isti
1850 2098 1955 2150 duo
1988 2096 2088 2164 ﬁlii

519 2204 846 2277 pingttedinis
880 2202 1153 2254 institerunt
1188 2195 1406 2248 Domino
1443 2192 1610 2245 omnis
1645 2202 1816 2245 terrw.

521 3201 829 3259 sle-autem,
860 3191 1132 3263 quomodo
1172 3192 1368 3245 iterato
1420 3199 1793 3260 percontetur,
1830 3188 2097 3243 modum-

529 3306 635 3361 que
675 3285 1103 3359 percontationis
1134 3285 1227 3363 _ad
1278 3282 1561 3337 veritatem
1601 3281 1759 3351 quasi
1823 3281 2095 3335 immutet.

531 3381 674 3434 Duas
701 3378 842 3434 enim
865 3376 1035 3429 olivas
1066 3374 1360 3429 nominavit
1392 3374 1737 3443 iii-principio
1760 3390 1785 3427 δε
1819 3373 1913 3429 sed
1947 3388 2100 3427 men-

533 3474 601 3527 tis
629 3470 786 3527 oculo
814 3471 1023 3524 acutius
1065 3469 1180 3523 visa
1212 3465 1459 3530 intuitus,
1504 3480 1612 3519 non
1645 3464 1876 3534 amplius
1907 3463 2100 3530 olivas,

532 3562 838 3619 sed-ramos
859 3561 1127 3615 olivarum
1167 3555 1610 3612 nominataScite
1638 3556 1822 3624 itaque
1856 3554 2095 3609 interro-

530 3650 958 3722 gauli-explicat
1007 3663 1132 3703 mox
1184 3649 1372 3700 beatus
1432 3644 1777 3712 angelus,-et
1835 3643 1910 3697 ait
1957 3644 2104 3712 ipsos

533 3758 653 3798 esse
692 3743 828 3796 duos
878 3740 1029 3795 ﬁlios
1062 3737 1428 3810 piuguedinis,
1467 3745 1524 3790 ut
1552 3735 1839 3801 laetantes,
1886 3744 1943 3791 et
1986 3734 2105 3790 oleo

524 3833 734 3888 .Christi
766 3833 821 3887 in
862 3830 1067 3887 deliciis
1094 3831 1357 3895 viventes,
1390 3836 1445 3883 et
1472 3828 1651 3898 gratia
1692 3826 1927 3898 Spiritus
1959 3826 2107 3882 alfa-

537 3928 630 3980 tim
656 3925 1085 3995 pingueseentes.
1110 3921 1542 3977 Misericordiam
1568 3920 1712 3976 enim
1747 3920 2104 3985 obtinuimus,

525 4017 807 4089 jttstilicati
849 4015 1019 4086 gratis
1048 4030 1143 4084 per
1189 4013 1445 4078 ﬁdem“,
1501 4022 1559 4069 et
1593 4022 1813 4083 propter
1847 4029 2110 4069 commu-

538 4110 752 4165 nionem
785 4107 957 4163 sancti
995 4106 1231 4176 Spiritus
1255 4113 1534 4161 consortes
1565 4105 1761 4160 divinae
1786 4105 1905 4174 ejus
1938 4116 2110 4161 natu-

538 4219 613 4257 rae
644 4200 815 4255 ell‘ecti
855 4199 923 4253 ⁵⁸.
974 4197 1163 4266 Itaque
1218 4197 1271 4250 in
1329 4198 1450 4253 oleo
1496 4203 1551 4251 et
1606 4194 1844 4251 lucernis
1876 4195 2110 4251 duorum

541 4290 856 4361 populorum
898 4287 1161 4341 fundatio
1200 4295 1257 4341 et
1304 4283 1615 4340 assistentia
1667 4284 2003 4353 intelligitur.
2051 4282 2112 4337 In

537 4382 744 4436 lumine
772 4381 917 4435 enim
952 4388 1037 4435 est
1074 4377 1287 4433 vocatio
1317 4388 1527 4444 nostra,
1564 4385 1617 4431 et
1647 4376 1783 4430 ut-in
1819 4376 1939 4431 oleo
1967 4374 2112 4445 quod

2201 3191 2293 3243 καὶ
2333 3188 2734 3260 ἀναμανθάνειν
2781 3188 2943 3254 ἀξιοῖ.
2991 3187 3181 3259 Ἀθρει
3228 3189 3285 3241 δέ
3335 3188 3485 3251 ὅπως
3526 3186 3789 3257 δευτέραν

2200 3280 2395 3347 ἐπάγει
2418 3279 2517 3350 τὴν
2544 3278 2758 3341 πεῦσιν,
2784 3278 2875 3332 καὶ
2901 3279 3007 3350 μὴν
3036 3280 3131 3333 καὶ
3160 3278 3525 3350 μεταπλάττει
3558 3296 3675 3342 πως
3698 3279 3789 3343 είς

2201 3372 2262 3424 τὸ
2285 3372 2512 3445 ἀτρεκὲς
2542 3372 2631 3424 τὸν
2657 3370 2757 3442 τῆς
2787 3373 3110 3443 ἐρωτήσεως
3138 3372 3359 3443 τρόπον.
3397 3370 3501 3425 Δύο
3541 3371 3641 3442 μὲν
3675 3371 3789 3443 γὰρ

2203 3460 2390 3524 ἐλαίας
2428 3461 2711 3532 ὠνόμαζεν
2752 3463 2809 3515 ἐν
2835 3464 3062 3535 ἁρχαίς’
3097 3461 3418 3535 λεπτότερον
3460 3462 3517 3516 δέ
3545 3480 3661 3526 πως
3688 3464 3791 3533 τῆς

2202 3553 2439 3618 διανοίας
2468 3556 2560 3608 τὸν
2590 3553 2869 3626 ὀφθαλμὸν
2894 3558 3007 3619 τοῖς
3041 3555 3339 3626 ὁρωμένοις
3369 3555 3556 3619 ἐνιεὶς,
3582 3556 3683 3609 οὐκ
3706 3554 3789 3609 ἐτι

2209 3645 2307 3716 μὲν
2349 3644 2569 3711 ἐλαίας,
2617 3645 2849 3709 κλάδους
2888 3646 2948 3701 δὲ
2990 3645 3189 3717 μᾶλλον
3240 3644 3525 3715 ὠνόμαζεν
3567 3645 3784 3699 ἐλαιῶν.

2204 3738 2494 3811 ’Ἔρομὲνῳ
2519 3738 2584 3809 δὴ
2610 3734 2704 3793 οῦν
2734 3738 2999 3809 εὐτέχνως
3037 3736 3394 3806 ἀποφαίνεται
3423 3736 3607 3790 λοιπὸν
3628 3739 3657 3791 6
3686 3742 3791 3809 μα-

2207 3831 2397 3903 κάριος
2443 3831 2705 3900 ἄγγελος,
2750 3830 2843 3885 καί
2897 3828 3061 3901 φησιν
3108 3828 3305 3893 αὐτοὺς
3353 3831 3479 3893 τοὺς
3516 3829 3610 3883 δύο
3650 3825 3791 3886 εῐναι

2194 3925 2356 3987 ὐἱοὺς
2385 3923 2488 3994 τῆς
2520 3924 2809 3993 πιότητος,
2853 3921 2931 3984 ὡς
2958 3922 3418 3994 εὐφραινομένους
3459 3938 3519 3975 τε
3561 3921 3655 3976 καὶ
3698 3922 3790 3975 ἐν-

2211 4016 2601 4080 σπαταλῶντας
2645 4014 2808 4086 ἐλαίῳ
2848 4013 2926 4085 τῷ
2956 4013 3107 4083 παρὰ
3149 4013 3414 4086 Χριστοῦ,
3448 4014 3543 4069 καὶ
3585 4018 3651 4085 τῇ
3692 4013 3791 4068 τοῦ

2196 4106 2526 4177 ·ΙΙνεύματος
2554 4105 2736 4177 χάριτι
2774 4100 3043 4168 πλουσίως
3087 4104 3487 4175 πιαινομένους.
3528 4103 3794 4176 Ἠλεήθη-

2215 4215 2313 4270 μεν
2348 4198 2478 4270 γὰρ,
2509 4196 2888 4269 δικαιούμενοι
2908 4194 3118 4267 δωρεὰν
3146 4196 3234 4250 διὰ
3261 4197 3360 4266 τῆς
3407 4196 3661 4260 πίστεως,
3694 4197 3794 4249 καὶ

2202 4292 2460 4345 ,κοινωνοὶ
2485 4291 2586 4362 τῆς
2610 4288 2949 4353 θείαςναύτοῦ
2981 4286 3195 4358 φύσεως
3224 4288 3676 4359 άναδεδειγμένοι,
3704 4289 3794 4343 διὰ

2212 4382 2309 4436 τοῦ
2353 4383 2640 4453 μετασχεῖν
2667 4381 2824 4449 ἁγίου
2851 4378 3188 4450 Πνεύματος.
3221 4379 3431 4434 Οὐκοῦν
3461 4380 3519 4432 ἐν
3548 4378 3708 4448 ἐλαίῳ
3729 4395 3792 4432 τε

540 4479 625 4527 est
659 4487 689 4524 a
710 4469 833 4525 Deo
855 4469 1337 4540 :~quandoquidem
1366 4481 1508 4523 -vere
1558 4467 1714 4522 nobis
1751 4466 1934 4521 dicere
1959 4481 2106 4521 con-

2214 4474 2309 4528 κα“ι
2332 4472 2546 4543 λύχνοις
2577 4474 2610 4543 ἡ
2641 4472 2748 4526 τῶν
2769 4470 2862 4525 δύο
2889 4471 3034 4525 λαῶν
3065 4470 3271 4543 ἴδρυσίς
3298 4488 3359 4525 τε
3392 4472 3482 4525 καὶ
3511 4472 3795 4543 παράσταο

542 4576 755 4616 cessum
783 4569 889 4623 est,
916 4574 1016 4613 nos
1051 4558 1476 4614 misericordiam
1502 4567 1841 4623 consecutos,
1873 4573 1903 4612 a
1950 4573 2111 4613 mor-

548 4663 598 4708 te
626 4662 680 4709 et
733 4661 957 4721 peccato
985 4651 1261 4716 liberatos,
1295 4661 1350 4706 et
1380 4652 1667 4706 veterrima
1694 4650 1953 4706 servitute
1978 4665 2115 4705 cer-

545 4746 693 4799 vices
739 4751 953 4798 nostras
995 4743 1295 4812 expeditas.
1322 4740 1611 4796 Illuminati
1662 4752 1846 4796 autem
1900 4756 2110 4808 sumus,

549 4850 712 4890 unum
742 4844 935 4889 natura
961 4834 1132 4888 Deum
1160 4844 1536 4903 agnoscentes,
1561 4842 1616 4888 et
1636 4850 1668 4889 e
1710 4833 1947 4889 tenebris
1974 4832 2114 4901 qui-

548 4932 648 4984 bus
677 4942 773 4982 nos
828 4942 982 4991 error
1030 4926 1343 4996 multiplicis
1387 4926 1703 4982 idololatria:
1763 4925 2062 4980 involverat
2100 4964 2117 4990 ,

548 5021 773 5090 egressi.
820 5018 1016 5073 Verum
1056 5020 1184 5087 quid
1207 5019 1307 5073 sibi
1342 5019 1511 5073 velint
1546 5019 1722 5084 olivae,
1756 5028 1812 5073 et
1842 5018 1969 5087 quid
2002 5034 2117 5071 mo-

550 5113 687 5167 verit
732 5114 947 5165 beatum
997 5111 1332 5179 prephetam,
1380 5124 1449 5165 ne
1503 5110 1734 5178 amplius
1775 5109 1970 5171 olivas,
2008 5109 2116 5164 sed

551 5219 731 5257 ramos
754 5203 932 5272 potius
955 5203 1217 5255 olivarum
1244 5201 1497 5256 dicendas
1528 5210 1762 5271 putaret,
1783 5215 1883 5269 age
1907 5200 2116 5269 disqui-

553 5310 755 5350 ramus.
792 5294 940 5349 Bona
972 5294 1157 5361 igitur,
1188 5308 1283 5347 seu
1318 5294 1578 5361 frugifera
1607 5293 1747 5347 oliva
1796 5292 2113 5349 iudanorum

553 5385 1120 5456 Synagoga,'agrestis
1144 5384 1284 5438 oliva
1324 5384 1565 5451 gentium
1598 5384 1884 5438 multitudo
1919 5393 2116 5439 vocata

555 5485 656 5533 est.
688 5478 778 5530 Sic
802 5478 945 5529 enim
975 5477 1211 5545 ipsarum
1248 5477 1436 5530 beatus
1468 5474 1670 5529 Paulus
1699 5476 1966 5541 meminit,
1998 5489 2120 5530 cre-

557 5569 745 5623 dentes
775 5580 840 5620 es
872 5568 1118 5635 gentibus
1147 5566 1465 5635 alloquens:
1503 5583 1523 5618 ι
1556 5563 1613 5620 Si
1644 5567 1790 5621 enim
1825 5575 1879 5620 tu
1905 5580 1972 5621 ex
2008 5579 2119 5620 na-

2217 4581 2322 4627 σις.
2359 4564 2448 4618 Ἐν
2480 4565 2620 4633 φωτιὶ
2649 4562 2759 4633 γὰρ
2796 4563 2953 4635 ήμῶν
2995 4564 3029 4635 ἠ
3059 4563 3271 4632 κλῆσις,
3304 4564 3399 4617 καὶ
3431 4564 3506 4627 ὼς
3543 4566 3600 4617 ἐν
3629 4562 3797 4633 ἐλαίῳ

2207 4654 2294 4726 τῷ
2330 4655 2481 4725 παρὰ
2508 4654 2662 4709 Θεοῦ⁸
2694 4654 3026 4727 εἴπερέστὶν
3046 4656 3276 4726 ἀτρεκὲς
3308 4656 3506 4719 εἰπεῖν,
3542 4656 3616 4719 ὡς
3634 4656 3796 4727 ήλεήο

2222 4748 2362 4818 μεθα
2424 4748 2545 4819 μὲν,
2606 4746 2838 4801 θανάτου
2880 4749 2975 4800 καὶ
3001 4747 3298 4818 ’ἁμαρτίας
3351 4747 3795 4817 ἀπηλλαγμένοι,

2218 4843 2310 4895 καὶ
2341 4841 2582 4904 δουλείας
2620 4841 2720 4912 τῆς
2749 4840 3113 4911 ἀρχαιοτάτης
3157 4838 3528 4900 ἀπολύσαντες
3562 4838 3649 4891 τὸν
3698 4839 3797 4890 αὑ-

2225 4933 2373 5002 χὲνα.
2425 4932 2827 5002 Πεφωτίσμεθα
2857 4931 2934 4994 δὲ,
2966 4932 3080 4985 ἕνα·
3110 4932 3201 4984 τὸν
3239 4934 3397 5000 φύσει
3435 4930 3575 4983 ΘεὸνΔ
3614 4932 3799 4997 ἐπιγι-

2226 5022 2544 5087 νώσκοντες,
2575 5023 2670 5075 καὶ
2699 5025 2800 5092 τῆς
2829 5020 3091 5075 πολυθέου
3137 5021 3344 5093 πλάνης
3369 5022 3461 5074 τὸν
3492 5020 3680 5074 σκότον
3707 5021 3801 5073 ἐκ-

2211 5113 2541 5183 -6ε6ηκότες.
2578 5112 2738 5168 Ἀλλὰ
2766 5113 2849 5177 τίς
2877 5112 2943 5167 ἂν
2968 5112 3054 5183 εἴη
3083 5113 3175 5166 καὶ
3201 5114 3229 5166 6
3257 5112 3363 5166 τῶν
3400 5111 3595 5165 ἐλαιῶν
3620 5112 3799 5179 λόγος,

2220 5205 2278 5259 τί
2307 5204 2365 5258 δὲ
2390 5204 2500 5276 ἄρα
2535 5206 2594 5257 τὸ
2625 5205 2885 5267 πεπεικὸς
2922 5205 3012 5257 τὸν
3060 5205 3329 5275 μακάριον
3373 5195 3680 5273 προφήτην,
3726 5206 3802 5274 μὴ

2195 5296 2284 5365 δὴ
2315 5297 2510 5368 χρῆναι
2548 5296 2737 5366 λέγειν’
2770 5296 2942 5359 αὐτὰς
2986 5296 3170 5360 ἐλαίας
3211 5296 3310 5367 μὲν
3346 5294 3447 5357 ἔτι,
3484 5294 3802 5357 *κλάδουςδέ

2225 5388 2424 5475 μᾶλλον
2458 5388 2671 5452 ἐλαιῶν,
2704 5388 2834 5460 φερε
2856 5388 2946 5457 δὴ,
2976 5389 3106 5460 φέρε
3144 5387 3620 5459 περιαθρήσωμεν.
3658 5386 3801 5439 Καλ-

2218 5479 2452 5544 λιέλαιος
2503 5483 2600 5552 μὲν
2650 5480 2831 5533 τοίνυν
2890 5481 2925 5551 ή
2955 5480 3066 5534 τῶν
3102 5480 3368 5562 Ἰουδαίων
3420 5478 3799 5551 κεχρημάτικε

2224 5569 2557 5641 Συναγωγὴ,
2601 5566 2911 5641 ἀγριέλαιός
2934 5586 3008 5639 -γε
3066 5567 3172 5640 μὴν
3205 5566 3313 5623 τῶν
3365 5567 3536 5623 ἐθνῶν
3577 5567 3611 5637 ή
3659 5564 3802 5637 πλη-

628 5744 676 5778 ⁵⁸
710 5741 906 5813 Eplies.
946 5759 1001 5809 ll,
1044 5746 1131 5801 16.
1207 5746 1253 5778 ⁵⁵
1292 5743 1447 5801 Rom.
1482 5762 1567 5813 ut,
1608 5744 1696 5801 24.
1741 5746 1784 5777 ⁵⁸
1824 5746 1866 5801 Il
1909 5745 2050 5802 Petr.
2098 5762 2134 5813 ι,
2177 5748 2228 5803 4.
