4072 6370
365 393 433 449 ¹ῖ7

1210 390 1764 451 COMMENTARIUS
1803 394 1865 450 IN
1909 395 2310 452 ZACHARIAM
2346 396 2787 454 PROPHETAM.

3549 399 3617 457 78

366 502 481 566 θύς.
512 500 671 556 Οὕτω
720 501 831 574 7&9
868 503 1048 561 αὐτῶν
1092 504 1456 578 διαμέμνηται
1487 509 1582 563 καὶ
1610 510 1639 563 ὁ
1680 510 1949 582 μακάριος

2056 512 2214 568 turali
2264 512 2501 568 oleastro
2547 514 2761 569 excisus
2806 527 2889 581 es,
2933 521 2989 568 et
3032 521 3221 568 contra
3258 522 3502 569 naturam
3532 518 3616 569 iu-

364 593 609 674 Παῦλος,
658 593 833 663 λέγων
892 596 1032 668 πρὸς
1095 597 1221 660 τοὺς
1283 597 1344 661 ἐξ
1404 597 1576 652 ἐθνῶν
1617 600 1945 654 πιστεύσαν-

361 703 491 751 τας·
529 708 549 739 ι
584 688 648 741 El
677 687 788 759 7&9
824 690 887 742 σὺ
914 691 979 742 ἐκ
1005 691 1103 759 τῆς
1142 687 1283 742 κατά
1311 688 1473 757 φύσιν
1498 689 1764 760 ἐξεκόπης
1796 692 1949 763 ἀγρι-

364 778 583 843 ελαίου,
628 781 721 832 καὶ
760 780 911 852 παρά
956 779 1119 849 φύσιν
1176 780 1590 852 ἐνεκεντρίσθης
1630 783 1712 846 είς
1760 782 1947 836 καλλι-

365 872 564 938 έλαιον,
599 872 780 943 πολλῷ
814 873 1016 943 μᾶλλον
1040 866 1183 926 οῦτοι
1216 874 1264 927 οἱ
1296 874 1438 928 κατά
1479 874 1642 944 φύσιν
1670 878 1948 948 ἐγκεντρι-

366 962 654 1032 σθήσονται
699 966 767 1034 τῇ
799 965 904 1036 ίδίᾳ
946 962 1122 1033 ἐλαίᾳ.
1150 982 1169 1014 ι
1208 964 1415 1017 Οὐκοῦν
1460 964 1800 1026 καλλιέλαιος
1850 968 1948 1036 μὲν

365 1057 399 1125 η
428 1054 750 1125 Συναγωγὴ.
784 1053 1035 1126 καθάπερ
1056 1054 1191 1125 ἔφην
1223 1055 1425 1127 ἀρτίως
1450 1096 1467 1122 ,
1494 1057 1804 1127 ἀγριέλαιος
1841 1058 1947 1129 δὲή

365 1144 473 1198 τῶν
503 1144 673 1198 ἐθνῶν
712 1145 902 1215 ἀγέλη.
934 1146 998 1197 Ol
1047 1147 1146 1216 μὲν
1180 1145 1310 1218 γὰρ,
1357 1147 1456 1219 τὴν
1505 1146 1593 1200 διὰ
1621 1147 1784 1218 νόμου
1818 1149 1947 1201 παί-

365 1237 549 1290 δευσιν
592 1236 805 1307 ἔχοντες
824 1277 841 1303 ,
882 1236 982 1289 οὐκ
1014 1236 1252 1308 ἄκαρποι
1285 1237 1556 1291 διετέλουν
1575 1255 1590 1269 ν
1639 1240 1690 1291 οἱ
1718 1239 1776 1292 δὲ
1807 1234 1948 1310 ἦσαν

370 1330 596 1402 σφηκῶν
618 1328 824 1400 ἀγρίων
851 1328 1258 1401 ἐνδιαιτήματα,
1287 1329 1467 1402 πλήρη
1492 1330 1785 1402 δαιμονίων
1809 1331 1948 1401 ἔχον·

367 1442 457 1486 τες
480 1424 575 1477 τὸν
600 1422 745 1486 νοῦν,
771 1423 862 1475 καὶ
891 1421 1133 1493 ἄκαρποι.
1162 1422 1456 1485 παντελῶς.
1482 1423 1627 1495 Πλὴν
1652 1423 1775 1476 οὔτε
1800 1426 1949 1478 πᾶσα

366 1517 401 1587 ὴ
432 1515 543 1570 τῶν
578 1514 845 1568 Ἰουδαίων
878 1514 1173 1586 Συναγωγὴ
1203 1515 1300 1585 τὴν
1333 1517 1410 1578 εἰς
1459 1514 1586 1570 Υίὸν
1620 1516 1950 1587 παρεδέξατο

369 1609 569 1672 πίστιν,
601 1606 725 1661 οὔτε
758 1607 863 1679 μὴν
889 1608 983 1680 ὅλη
1015 1608 1124 1661 τῶν
1169 1608 1338 1662 ἐθνῶν
1369 1609 1403 1679 ἡ
1435 1608 1675 1680 πληθύς·
1711 1609 1948 1673 ἐξέσπα-

372 1703 559 1772 σμένοι
592 1698 650 1752 δέ
679 1698 869 1771 ὥσπερ
899 1700 983 1768 ἐφ’
1026 1699 1265 1770 ἑκάστης
1304 1699 1561 1771 ὴλέηνται
1610 1700 1817 1766 πολλοὶ,
1833 1692 1951 1755 ’καὶ

370 1791 661 1863 κέκληνται
683 1790 771 1844 διὰ
796 1789 895 1860 τῆς
923 1788 1156 1852 πίστεως
1185 1790 1266 1854 είς
1293 1789 1384 1843 τὸν
1405 1789 1493 1844 διὰ
1513 1790 1608 1844 τοῦ
1636 1790 1950 1862 Πνεύματος

2050 612 2228 659 sertus
2273 617 2335 659 es
2368 603 2444 669 in
2486 604 2682 660 bonam
2728 601 2946 671 olivam,
2973 615 3179 675 quanto
3221 604 3391 675 magis
3429 606 3487 671 ii,
3526 592 3617 676 qui

2049 692 2348 749 secundum
2382 704 2629 749 naturam
2667 708 2780 749 suae
2814 692 2971 749 olivae
3008 694 3317 750 inserentur
3342 695 3433 750 ⁸τῖ
3463 715 3482 748 ι
3526 696 3622 752 Est

2048 796 2180 853 ergo
2228 783 2368 839 bona
2402 783 2543 838 oliva
2584 783 2907 855 Synagoga,
2943 795 3003 840 ut
3037 784 3149 854 jam
3187 786 3340 854 dixi,
3383 791 3618 859 agrestis

2049 883 2227 928 autem
2266 890 2396 945 grex
2445 874 2707 946 gentium.
2743 875 2821 929 llli
2863 876 3007 931 enim
3040 892 3137 947 per
3183 876 3353 948 legem
3393 880 3616 943 eruditi,

2049 979 2266 1035 semper
2312 974 2469 1019 erant
2500 963 2746 1035 frugiferi
2773 983 2788 1019 :
2814 976 2871 1019 at
2902 966 2989 1020 isti
3033 981 3317 1036 vesparum
3352 971 3618 1024 atrocium

2049 1055 2369 1123 diversoria,
2424 1066 2661 1111 mentem
2705 1057 2968 1112 habentes
2997 1057 3211 1126 plenam
3260 1060 3617 1122 daemonibus,

2048 1155 2104 1202 et
2162 1146 2481 1201 infructuosi
2542 1162 2607 1203 ac
2658 1147 2870 1202 steriles
2932 1147 3174 1203 omnino.
3236 1148 3618 1205 Verumtamen

2049 1252 2149 1293 nec
2187 1248 2297 1293 tuta
2332 1237 2639 1294 Iudaeorum
2670 1236 2952 1310 Synagoga
2978 1239 3139 1294 [idern
3169 1237 3223 1294 in
3266 1238 3462 1295 Filium
3502 1257 3622 1296 sus-

2050 1329 2195 1397 cepit
2221 1368 2236 1393 ,
2268 1344 2367 1384 nec
2390 1329 2630 1399 gentium
2661 1330 3012 1393 universitas,
3046 1331 3137 1384 sed
3166 1332 3323 1400 quasi
3364 1331 3621 1400 utrinque

2052 1421 2304 1487 extracti,
2346 1421 2780 1476 misericordiam
2822 1420 3003 1490 adepti
3042 1431 3170 1477 sunt
3209 1422 3384 1487 multi,
3425 1434 3481 1479 et
3526 1437 3624 1493 per

2050 1512 2211 1570 lld'em
2251 1513 2316 1568 ad
2354 1513 2802 1568 illuminationem
2829 1527 2926 1583 per
2964 1513 3224 1582 Spiritum
3261 1515 3436 1569 vocati
3471 1525 3618 1570 sunt.

2051 1605 2210 1660 Rami
2241 1620 2374 1677 ergo
2402 1606 2668 1660 olivarum
2690 1607 2781 1675 qui
2805 1607 3035 1661 extracti
3061 1616 3210 1675 sunt,
3233 1610 3622 1665 convenienter

2052 1696 2283 1766 intelligi
2319 1706 2543 1766 queant,
2574 1697 2667 1766 qui
2695 1706 2751 1752 et
2792 1697 3225 1752 misericordiam
3257 1713 3356 1767 per
3388 1700 3621 1769 gratiam

2052 1788 2433 1854 invenerunt,
2489 1799 2547 1844 et
2609 1788 2757 1844 velut
2822 1789 2875 1844 in
2919 1789 3101 1844 lumen
3164 1790 3429 1859 lampadis
3461 1831 3478 1856 ,
3521 1794 3624 1845 hoc

369 1885 666 1956 φωτισμόν.
701 1884 902 1938 κλάδοι
951 1882 1016 1954 δὴ
1062 1877 1154 1936 οὖν
1189 1882 1383 1936 ἐλαιῶν
1430 1885 1478 1937 oi
1531 1885 1946 1953 ἀπεσπασμένοι

2051 1890 2155 1946 est,
2195 1880 2421 1949 Christi,
2474 1889 2531 1934 et
2569 1891 2774 1950 septem
2825 1880 3208 1935 collucentium
3251 1882 3622 1943 lucernarum,

368 1976 556 2031 νοοῖντ’
583 1976 650 2030 ἂν
680 1976 924 2042 εἰκότως,
953 1976 1001 2028 οἳ
1035 1976 1131 2029 καὶ⁸
1166 1974 1426 2045 ἡλέηνται
1456 1975 1542 2029 διὰ
1569 1978 1668 2047 τῆς
1702 1976 1945 2047 χάριτος,

369 2068 463 2121 καὶ
493 2067 570 2130 ὡς
600 2068 658 2120 ἐν
691 2065 831 2136 φωτὶ
883 2065 1135 2135 γεγόνασι
1162 2065 1256 2119 τοῦ
1303 2064 1629 2136 λαμπαδίου,
1672 2064 1947 2133 τουτέστι,

368 2157 628 2231 Χριστοῦ,
668 2159 763 2212 καὶ⁵
796 2157 905 2210 τῶν
959 2156 1099 2210 έπτά
1141 2156 1670 2226 συναναλαμπόντων
1720 2155 1949 2227 λύχνων,

367 2251 636 2318 τουτέστι,
667 2251 763 2321 τῆς
786 2248 897 2303 τῶν
934 2248 1106 2318 ἁγίων
1131 2247 1392 2319 πληθύος.
1431 2247 1621 2320 Ἀθρει
1655 2247 1714 2302 δέ
1742 2248 1891 2311 ὅπως
1923 2249 1953 2301 ὁ

370 2343 658 2406 θεσπέσιος
702 2342 945 2411 ἀγγελοςξ
981 2342 1061 2404 είς
1093 2341 1279 2395 είκόνα
1321 2341 1416 2394 καὶ
1449 2339 1802 2394 ὑποτύπωσιν
1851 2338 1946 2394 τοῦ

381 2435 735 2508 Ἐμμανουὴλ
794 2434 1160 2506 παραδέχεται
1202 2434 1265 2487 τὸ
1306 2433 1634 2505 λαμπάδιον.
1683 2432 1948 2505 Τεθειμέ-

368 2546 475 2583 νων
502 2529 611 2601 γὰρ
632 2528 741 2582 τῶν
769 2527 977 2582 κλάδων
1009 2529 1072 2581 ὲκ
1101 2526 1290 2591 δεξιῶν
1320 2525 1509 2591 αὐτοῦ,
1540 2527 1633 2581 καὶ
1660 2526 1719 2593 ἐξ
1747 2516 1950 2579 εὐωνύ-

370 2619 633 2690 μων,(οὒς
662 2619 756 2673 καὶ
788 2619 936 2681 υἱοὺς
968 2618 1068 2688 τῆς
1096 2619 1349 2686 πιότητος
1379 2616 1631 2690 ὠνόμασε
1650 2616 1785 2687 δύο),
1816 2633 1951 2689 παρ-

369 2712 589 2766 εστάναι
624 2712 788 2782 φησιν
816 2711 1012 2775 αὐτοὺς
1035 2710 1113 2782 τῷ
1150 2710 1340 2783 Κυρίῳ
1366 2710 1543 2781 πάσης
1573 2712 1673 2781 τῆς
1702 2712 1827 2780 γῆς,
1851 2709 1950 2780 τῆς

371 2801 771 2873 παραστάσεως
813 2801 872 2854 ἐν
903 2800 1093 2865 τύποις
1137 2800 1653 2872 κατασημαινούσης
1696 2797 1756 2855 εὖ
1806 2801 1952 2872 μάλα

368 2894 466 2966 τὴν
492 2894 800 2966 οίκειότητα
822 2895 921 2964 τὴν
950 2894 1349 2965 πνευματικὴν,
1381 2895 1476 2949 καὶ
1507 2895 1569 2948 τὸ
1604 2894 1820 2966 ἕτοιμον
1849 2895 1951 2965 τῆς

370 2983 593 3055 γνώμης
618 2986 697 3047 είς
729 3001 793 3051 γε
821 2985 883 3037 τὸ
919 2983 1029 3038 δεῖν
1065 2984 1383 3039 ὑποκεῖσθαι
1429 3002 1491 3038 τε
1533 2985 1627 3038 καὶ
1656 2986 1951 3057 ὑπηρετεῖν

370 3076 539 3147 αὐτῷ.
560 3070 685 3129 Ὧδε
737 3077 847 3148 7&9
887 3076 953 3130 ἂν
982 3079 1153 3130 νοοῖτο
1183 3077 1415 3149 Χριστὸς
1448 3079 1802 3150 παραστήσας
1830 3080 1952 3132 ἑαυο

370 3171 451 3242 τῷ
474 3172 572 3243 τὴν
600 3170 948 3241 ’ί-Σκκλησίαν,
968 3170 1067 3241 τὴν
1086 3171 1150 3223 ἐκ
1169 3170 1261 3223 δύο
1278 3169 1422 3224 λαῶν
1447 3170 1948 3243 συναγηγερμένην.

371 3258 528 3311 Κατά
551 3255 760 3324 τοῦτον,
782 3252 956 3329 οἶμαι,
982 3256 1074 3310 τὸν
1097 3258 1297 3330 τρόπον
1323 3257 1401 3329 τῷ
1430 3258 1528 3330 τῆς
1557 3260 1951 3330 παραστάσεως

372 3351 595 3421 ὀνόματι
627 3351 722 3404 καὶ
742 3353 770 3404 ὁ
794 3349 1080 3415 θεσπέσιος
1106 3351 1312 3422 Μωσῆς
1341 3349 1790 3418 κατεκαλλύνετο,
1815 3350 1951 3405 Θεοῦ

374 3447 509 3514 πρὸς
542 3445 702 3499 αὑτὸν
728 3445 1009 3517 είρηκότος
1028 3459 1043 3473 °
1068 3445 1141 3499 Σὺ
1168 3444 1225 3498 δὲ
1255 3443 1417 3498 αὐτοῦ
1450 3444 1607 3516 στῆθι
1644 3445 1761 3515 μετ’
1792 3444 1947 3515 ἐμοῦ.

372 3539 447 3591 υύ
478 3538 586 3608 γὰρ
618 3538 924 3610 ἀπόϐλητος
953 3541 986 3609 ὴ
1021 3536 1111 3591 διὰ
1156 3537 1320 3608 νόμου
1374 3537 1654 3601 παίδευσις
1694 3538 1846 3607 παρά
1885 3554 1950 3607 γε

371 3631 449 3700 τῷ
482 3632 659 3685 πάντα
688 3630 849 3683 εἰδότι
877 3629 1013 3701 Θεῷ.
1047 3628 1146 3682 Διὰ
1182 3629 1340 3683 ποίαν
1368 3629 1575 3695 αίτίαν;
1609 3629 1955 3699 Παιδαγωγεῖ

2052 1973 2156 2028 hoc
2196 1981 2306 2034 est,
2359 1983 2672 2028 sanctorum
2714 1971 3075 2027 multitudinis
3118 1981 3425 2027 evaserunt.
3457 1971 3625 2045 695.

2049 2066 2438 2120 Animadverte
2490 2067 2709 2135 insuper
2754 2066 3026 2134 quomodo
3075 2079 3232 2120 sacer
3286 2066 3511 2136 angelus
3555 2068 3624 2120 ad

2052 2155 2344 2225 imaginem
2389 2163 2445 2210 et
2465 2155 2884 2225 descriptionem
2910 2153 3282 2210 Emmanuelis
3317 2154 3622 2225 lampadem

2051 2252 2316 2300 assumat.
2357 2242 2554 2300 Positis
2592 2246 2736 2299 enim
2779 2245 2947 2299 ramis
2983 2258 3015 2297 a
3054 2244 3259 2299 dextris
3296 2244 3413 2315 ejus
3456 2254 3511 2299 et
3544 2245 3623 2299 si-

2054 2338 2241 2392 nistris
2266 2336 2427 2407 (quos
2467 2346 2523 2392 et
2568 2338 2705 2391 duos
2749 2337 2890 2392 ﬁlios
2938 2335 3284 2407 pinguedinis
3328 2335 3622 2407 nominat),

2053 2438 2232 2486 astare
2250 2429 2370 2484 illos
2396 2428 2530 2484 dicit
2564 2429 2791 2485 Domino
2822 2429 3088 2484 universae
3113 2438 3290 2497 terrae,
3313 2428 3625 2484 assistentia

2054 2522 2155 2576 hoc
2195 2520 2315 2576 loco
2370 2520 2800 2575 familiaritatem
2853 2529 2910 2575 et
2950 2528 3251 2591 promptam
3290 2521 3623 2576 voluntatem

2052 2614 2122 2669 ad
2186 2614 2238 2669 ei
2286 2614 2774 2685 obtemperandum
2832 2613 3362 2683 ministrandumque
3412 2613 3622 2684 signiﬁ-

2051 2715 2233 2761 cante.
2268 2704 2361 2762 Sic
2382 2706 2527 2761 enim
2554 2714 2734 2776 potest
2765 2705 2993 2776 intelligi
3020 2705 3273 2761 Christus
3294 2703 3494 2761 fecisse
3518 2706 3623 2761 sibi

2052 2806 2234 2856 astare
2267 2798 2568 2855 Ecclesium
2617 2813 2687 2854 ex
2720 2797 2935 2853 duobus
2968 2796 3179 2868 populis
3216 2807 3621 2868 congregatam.

2056 2892 2166 2950 Hoc
2182 2894 2361 2958 modo,
2379 2894 2594 2963 Opinor,
2615 2891 2837 2947 nomine
2856 2890 3183 2947 assistentize
3214 2892 3388 2959 etiam,
3414 2891 3629 2945 divinus

2044 2986 2228 3041 Moses
2270 2995 2494 3041 ornatus
2527 2994 2634 3050 est,
2666 2998 2788 3038 cum
2832 2982 2974 3037 Deus
3003 2984 3070 3038 ad
3096 2998 3219 3038 eum
3255 2982 3567 3053 loqueretur
3607 3000 3621 3037 :

2058 3096 2079 3130 ι
2098 3076 2177 3131 Tu
2193 3092 2318 3132 vero
2330 3085 2410 3131 sta
2428 3075 2539 3130 illic
2557 3090 2766 3130 mecum
2780 3073 2849 3129 ⁸⁸.
2873 3092 2892 3126 ι
2912 3074 3027 3128 Νοιι
3051 3074 3195 3128 enim
3218 3074 3442 3144 legalem
3467 3075 3627 3128 insti-

2058 3170 2318 3224 tutionem
2346 3167 2486 3224 Deus
2511 3169 2692 3224 omnia
2725 3167 2909 3224 sciens
2934 3165 3140 3235 abjicit.
3168 3166 3340 3234 Quam
3382 3166 3453 3221 ob
3481 3181 3628 3221 cau-

2055 3262 2208 3317 sam?
2237 3260 2373 3329 Quia
2419 3270 2507 3316 est
2551 3264 2872 3333 paedagogus
2912 3260 2979 3314 ad
3017 3259 3290 3314 Christum
3318 3257 3387 3323 ",
3418 3268 3474 3311 et
3508 3268 3629 3312 tan-

2053 3369 2213 3424 quam
2265 3355 2317 3408 in
2363 3353 2508 3424 typis
2556 3363 2612 3409 et
2662 3353 2873 3408 umbris
2923 3353 3094 3423 ipsam
3143 3351 3301 3406 nobis
3342 3351 3625 3404 veritatem

2055 3448 2306 3515 parturit.
2358 3445 2536 3501 Testis
2578 3444 2829 3502 Christus
2872 3446 3011 3515 ipse,
3050 3444 3130 3498 sic
3170 3441 3384 3497 allando
3411 3440 3627 3497 Judzos

2055 3537 2386 3603 incredulos,
2441 3556 2460 3590 ι
2500 3537 2558 3593 Si
2595 3537 2895 3593 crederetis
2942 3535 3099 3599 Mosi,
3139 3535 3325 3603 utique
3362 3534 3622 3587 credere-

2055 3633 2123 3688 tis
2147 3640 2204 3687 et
2236 3632 2406 3694 mihi;
2435 3632 2503 3686 de
2540 3644 2628 3685 me
2657 3629 2802 3684 enim
2840 3628 2931 3685 ille
2965 3629 3188 3694 scripsit
3212 3625 3280 3682 ‘°.
3316 3645 3338 3679 ι

373 3724 482 3795 7&9
508 3726 587 3786 si;
614 3723 846 3794 Χριστὸν
872 3725 964 3777 καὶ
992 3723 1067 3786 ὼς
1095 3724 1153 3775 ἐν
1185 3723 1372 3787 τύποις
1420 3723 1514 3776 καὶ⁵
1545 3727 1723 3787 σκιαῖς
1751 3723 1918 3795 αὐτὴν
1952 3726 2082 3797 ἡμῖν
2120 3724 2299 3779 ὠδίνει
2363 3723 2465 3795 τὴν
2497 3722 2773 3795 ἀλήθειαν,
2815 3722 2911 3777 καὶ
2944 3720 3104 3775 τοῦτο
3150 3720 3295 3791 ἡμᾶς
3357 3715 3627 3773 πιστώσε-

372 3832 463 3868 ται
489 3812 662 3883 λέγων
688 3813 848 3877 αὐτὸς
874 3814 904 3866 ὁ
941 3814 1174 3885 Χριστὸς
1208 3814 1342 3886 πρὸς
1374 3816 1497 3878 τοὺς
1540 3814 1903 3878 ἀπιστοῦντας
1939 3816 2224 3881 Ἰουδαίους
2248 3833 2264 3848 ο
2311 3833 2330 3869 ι
2359 3816 2423 3869 El
2454 3815 2769 3870 ἐπιστεύετε
2795 3816 3007 3882 Μωσεῖ,
3044 3812 3361 3867 ἐπιστεύετε
3391 3811 3458 3866 ἂν
3480 3811 3624 3882 ἐμοί·

374 3908 504 3980 περὶ
530 3909 641 3981 7&9
668 3907 802 3979 ἐμοῦ
832 3909 1040 3972 ἐκεῖνος
1068 3908 1296 3980 ἔγραψε.
1335 3930 1353 3962 ι

985 4044 1234 4100 ΚΕΦΑΛ.
1270 4046 1343 4100 E'.

446 4181 553 4237 Kal
576 4180 950 4250 ξέπέστρεψα,
987 4179 1085 4235 καί
1112 4177 1229 4251 ἦρα
1256 4180 1398 4248 τοὺς
1438 4182 1780 4252 ὀφθαλμούς
1807 4201 1949 4253 μου,

375 4270 473 4323 καί
511 4269 662 4335 ἴδον,
694 4269 792 4322 καὶ
820 4268 950 4322 ἰδοὺ
975 4268 1273 4337 δρέπανον
1296 4271 1643 4340 πετόμενον.
1673 4274 1785 4326 Kal
1820 4270 1952 4327 εἷπε

376 4363 527 4430 πρός
570 4376 679 4431 με’
727 4360 789 4415 Ti
821 4362 903 4415 σύ
938 4360 1229 4426 meum;
1269 4363 1379 4415 Kal
1426 4358 1599 4416 εἷπιιο
1647 4364 1787 4433 Ἐγὼ
1836 4364 1951 4434 όρῶ

374 4454 670 4523 δρέπανον
700 4454 1028 4523 πετόμενον
1058 4452 1295 4522 μήκους
1322 4454 1564 4524 πήχεων
1601 4457 1818 4522 εἴκοσι,
1852 4458 1951 4512 καὶ

376 4545 647 4612 πλάτους
690 4544 932 4614 πήχεων
967 4544 1133 4599 δέκα.
1160 4545 1271 4600 Kal
1301 4541 1431 4600 εἷπε
1462 4548 1611 4614 πρός
1646 4563 1755 4617 με’
1789 4548 1950 4616 Αὕτη

376 4640 416 4708 ἡ
440 4620 558 4706 ἆρὰ
585 4639 624 4706 ἡ
656 4636 1099 4707 ἐκπορευομένη
1128 4636 1225 4690 ἐπὶ
1254 4637 1579 4705 πρόσωπον
1610 4639 1814 4707 πάσης
1843 4639 1952 4708 τῆς

374 4728 507 4801 τῆς.
536 4731 692 4784 Διότι
721 4728 841 4795 πᾶς
865 4731 898 4783 ό
925 4729 1189 4796 κλέπτης
1213 4728 1281 4783 ἐκ
1308 4732 1521 4784 τούτου
1548 4730 1658 4795 ἕως
1689 4730 1946 4787 θανάτου

371 4819 860 4888 ἐκδικηθήσεται,
901 4821 997 4875 καὶ
1048 4819 1167 4887 πᾶς
1210 4823 1243 4875 ό
1289 4821 1567 4889 ἐπίορκος
1610 4822 1678 4875 ἐκ
1732 4825 1947 4879 τούτου

370 4916 481 4983 ἕως
527 4915 787 4971 θανάτου
838 4913 1313 4985 ἐκδικηθήσεται.
1358 4912 1468 4967 Kal
1516 4913 1733 4977 ἐξοίσω
1776 4914 1944 4979 αὐτὸ,

370 5006 529 5078 λέγει
566 5010 785 5076 Κύριος
822 5006 1261 5076 παντοκράτωρ,
1294 5004 1392 5059 καὶ
1421 5005 1829 5061 εἰσελεύσεται
1858 5010 1947 5073 εὶς

371 5098 479 5154 τὸν
518 5100 688 5155 οἷκον
740 5098 845 5154 τοῦ
884 5099 1168 5163 κλέπτου,
1216 5100 1317 5153 καὶ
1349 5099 1437 5165 εὶς
1482 5099 1592 5151 τὸν
1626 5093 1795 5152 οἶκον
1839 5100 1946 5155 τοῦ

370 5192 699 5261 ὀμνύοντος
729 5190 811 5258 τῷ
848 5191 1093 5261 ὀνόματί
1127 5208 1247 5260 μου
1276 5189 1378 5244 ἐπὶ
1424 5186 1663 5258 ψεύδει,
1697 5188 1798 5244 καί
1844 5207 1947 5246 κα.

2715 4045 2868 4102 CAP.
2903 4046 2965 4103 γ.

2114 4176 2288 4245 Ἴσκε.
2327 4187 2441 4243 1-4.
2497 4189 2564 4241 Et
2606 4202 2884 4241 conversus
2942 4200 3058 4241 sum
3085 4224 3102 4251 ,
3144 4198 3193 4240 et
3246 4184 3413 4241 levavi
3448 4188 3627 4241 oculos

2054 4293 2214 4341 meos,
2240 4286 2290 4331 et
2313 4277 2439 4344 vidi,
2468 4287 2514 4330 et
2549 4293 2665 4331 ecce
2696 4275 2812 4345 falx
2853 4274 3052 4330 uolans.
3093 4272 3162 4328 Et
3200 4275 3336 4329 dixit
3383 4277 3453 4330 ad
3503 4293 3584 4330 me
3606 4293 3626 4330 :

2057 4370 2197 4433 Quid
2228 4378 2284 4423 tu
2312 4370 2452 4424 sides
2470 4371 2495 4423 ἵ
2521 4367 2592 4423 Et
2619 4369 2735 4423 dixi
2760 4384 2779 4423 :
2808 4367 2919 4439 Ego
2946 4368 3096 4422 uideo
3129 4368 3321 4439 falcem
3345 4368 3626 4435 uolantem,

2052 4462 2397 4531 longitudinis
2446 4460 2740 4516 cubitorum
2794 4463 3001 4532 viginti,
3060 4471 3108 4515 et
3166 4460 3467 4515 latitudinis
3529 4478 3631 4515 cu-

2056 4553 2283 4607 bitorum
2340 4554 2536 4609 decem.
2607 4552 2678 4607 Et
2730 4555 2869 4607 dixit
2930 4558 3000 4608 ad
3066 4570 3146 4608 me
3191 4567 3213 4606 :
3272 4553 3401 4609 Hau:
3464 4555 3629 4607 male-

2052 4646 2216 4700 dictio
2267 4661 2386 4717 qute
2440 4645 2706 4714 egreditur
2750 4661 2907 4713 super
2956 4646 3149 4715 faciem
3210 4647 3465 4701 universa
3520 4656 3628 4699 ter-

2053 4752 2148 4790 rae.
2183 4735 2320 4799 Quia
2347 4736 2516 4789 omnis
2549 4733 2639 4804 fur
2666 4750 2733 4789 ea:
2760 4735 2857 4789 hac
2884 4752 3045 4806 usque
3079 4737 3148 4790 ad
3183 4746 3405 4792 mortem
3432 4736 3625 4807 punie-

2053 4839 2141 4881 tur
2167 4843 2186 4880 :
2218 4837 2264 4881 et
2288 4827 2455 4881 omnis
2477 4826 2723 4897 perjurus
2753 4844 2818 4882 ea:
2847 4830 2945 4883 hoc
2969 4847 3130 4899 usque
3158 4834 3227 4883 ad
3261 4839 3482 4883 mortem
3511 4844 3628 4882 cru-

2054 4920 2303 4977 ciabitur.
2330 4918 2399 4973 Et
2422 4928 2643 4974 educam
2660 4920 2820 4986 illud,
2839 4922 2967 4975 dicit
2991 4921 3248 4976 Dominus
3270 4923 3624 4991 omnipotens,

2052 5021 2101 5066 et
2124 5012 2442 5080 ingredietur
2461 5012 2515 5064 in
2537 5011 2748 5065 domum
2766 5011 2927 5080 furis,
2945 5023 2991 5066 et
3018 5014 3069 5066 in
3086 5017 3296 5066 domum
3313 5012 3626 5081 jurautislin

2053 5104 2262 5157 nomine
2289 5119 2403 5157 meo
2419 5104 2473 5156 in
2486 5104 2779 5170 mendacio,
2799 5114 2848 5158 et
2877 5105 3159 5172 requiescet
3175 5105 3230 5157 iu
3246 5104 3415 5157 medio
3434 5103 3622 5156 domus

2051 5194 2191 5265 ejus,
2217 5204 2267 5249 et
2292 5203 2560 5250 consumet
2584 5210 2724 5259 eam,
2761 5205 2810 5249 et
2839 5195 2984 5265 ligna
3016 5195 3152 5265 ejus,
3172 5205 3223 5249 et
3249 5193 3450 5260 lapides
3480 5193 3620 5262 ejus.

368 5285 619 5341 ταλύσει
659 5284 729 5339 ἐν
752 5282 921 5353 μέσῳ
966 5282 1073 5337 τοῦ
1113 5282 1284 5337 οἴκου
1345 5283 1552 5351 αὐτοῦ,
1604 5285 1703 5340 καὶ
1747 5283 2103 5340 συντελέσει
2163 5286 2371 5354 αὑτὸν,
2434 5286 2536 5342 καί
2561 5286 2635 5342 τὰ
2662 5285 2821 5353 ξύλα
2851 5286 3059 5351 αὐτοῦ,
3118 5286 3216 5341 καὶ
3243 5284 3387 5351 τοὺς
3410 5284 3621 5353 λίθους

367 5376 575 5431 αὑτοῦ.

413 5394 575 5432 υτου.

439 5466 566 5525 ΚΘἌ
598 5466 693 5528 Τὸ.
723 5466 1085 5536 ἐπέστρεψα,
1107 5466 1270 5520 πάλιν
1293 5468 1350 5521 ἐν
1378 5466 1607 5532 τούτοις,
1636 5467 1736 5521 οὐκ
1766 5467 1851 5529 ἂν,
1874 5464 1950 5521 οἷ-

368 5578 486 5631 μαι,
528 5558 613 5622 τις
646 5556 931 5612 ἐκλάθοιτο
957 5558 1053 5611 ἐπὶ
1093 5559 1287 5613 τόπου·
1334 5558 1449 5612 ἀλλ’
1489 5558 1565 5623 ὡς
1616 5561 1674 5613 ὲν
1721 5559 1943 5629 ἀμείψει

364 5652 527 5707 πάλιν
574 5654 641 5721 τῇ
692 5649 813 5704 καθ’
844 5650 1035 5722 ἑτέραν
1084 5651 1292 5723 ὅρασιν.
1339 5650 1781 5721 Ἐκκοπτομένης
1833 5651 1941 5721 7&9

470 5825 512 5855 "
554 5823 710 5878 Rom.
755 5839 827 5886 ιιι.
866 5824 955 5877 24.

2120 5465 2311 5523 XXIX.
2368 5465 2568 5523 lterum
2627 5469 2682 5525 in
2731 5469 2815 5525 his
2875 5468 3098 5525 verbum
3146 5484 3423 5526 conversus
3473 5489 3615 5541 sum,

2050 5573 2230 5623 nemo,
2272 5568 2331 5613 ut
2358 5559 2634 5627 existimo,
2666 5562 2736 5616 de
2766 5560 2887 5617 loco
2912 5561 3379 5632 interpretabitur,
3421 5566 3518 5621 sed
3550 5567 3619 5622 de

2047 5651 2343 5704 mutatione
2370 5652 2666 5706 secundum
2696 5650 3227 5712 alteram'visionem.
3258 5651 3445 5712 Priore
3469 5656 3616 5713 enim

1034 5824 1081 5855 ⁵⁸
1127 5825 1276 5881 Deut.
1310 5840 1363 5891 ν,
1403 5826 1489 5881 51.
1532 5827 1579 5860 ³⁸
1617 5825 1793 5884 Galat.
1836 5843 1918 5894 ιιι,
1958 5826 2047 5882 24.
2125 5828 2169 5861 ⁶⁰
2207 5826 2361 5883 Joau.
2408 5842 2456 5893 v,
2498 5828 2588 5883 46.

3657 1018 3671 1064 ί
