4072 6370
541 411 606 468 79
1553 408 1611 465 5.
1652 404 1930 462 (IYRILLI
1970 402 2436 462 ALEXANDRINI
2474 401 2793 458 ARCHIIII’.
3693 403 3765 457 εο

535 524 700 582 veluti
725 525 967 596 praecisa,
1003 523 1313 593 visioneque
1365 524 1431 578 ad
1483 523 1642 577 aliam
1680 521 2081 591 contemplatio-

2194 520 2382 591 ῶσπερ
2406 520 2504 591 τῆς
2536 520 2790 591 πρώτης,
2848 518 2943 573 καὶ
2992 515 3400 590 μεταφοιτώσης
3441 515 3540 585 τῆς
3592 514 3766 584 ὅψεως

539 632 660 673 nem
694 626 1027 684 transeunte,
1054 616 1277 671 nomine
1306 615 1681 671 conversionis
1717 617 1769 670 id
1794 614 1937 685 quod
1966 627 2094 670 eve-

536 710 618 764 nit
660 710 820 763 tacite
870 706 1091 762 indicat.
1148 705 1342 762 Mentis
1395 706 1559 775 igitur
1604 706 1791 761 oculos
1838 706 1890 760 in
1928 704 2093 759 altum

539 800 695 864 tollit,
722 799 914 854 deinde
939 798 1130 852 falcem
1165 802 1282 854 avis
1314 799 1486 851 instar
1514 798 1567 851 in
1613 796 1840 852 sublime
1872 796 2095 859 elatam,

534 900 588 945 et
609 891 761 958 quasi
792 888 845 944 in
889 899 1058 943 totum
1105 892 1290 944 orbem
1341 889 1677 944 desilientem
1711 888 1874 943 videt.
1929 886 2094 958 695

536 979 609 1035 Ea
646 990 766 1035 erat
794 994 1054 1049 perquam
1096 980 1204 1033 lata
1254 990 1310 1035 et
1341 977 1519 1048 longa.
1556 978 1689 1033 Nam
1722 979 1894 1033 viceni
1926 978 2092 1033 cubili

532 1068 806 1139 longitudo
827 1070 963 1138 ejus,
1006 1070 1159 1139 cujus
1194 1069 1470 1124 dimidium
1511 1069 1733 1124 latitudo
1763 1068 2090 1124 continebat.

532 1160 817 1227 Quaerente
856 1173 1072 1215 rursum
1116 1159 1309 1230 angelo
1348 1159 1474 1229 quid
1528 1170 1691 1226 esset,
1740 1168 1796 1214 et
1832 1161 2091 1230 propheta

526 1254 908 1323 respondente,
936 1265 994 1307 se
1023 1253 1233 1307 nescire
1261 1268 1276 1305 :
1302 1270 1320 1303 ι
1354 1249 1498 1317 llaec,
1535 1252 1710 1321 inquit
1733 1251 1845 1317 ille,
1860 1260 1943 1306 est
1974 1266 2091 1304 ma-

530 1344 749 1400 lediotio
775 1344 1063 1415 egrediens
1100 1358 1261 1413 super
1297 1344 1489 1398 faciem
1536 1344 1804 1398 universa:
1846 1353 2023 1409 terras,
2062 1360 2084 1396 ι

529 1447 586 1493 et
648 1437 823 1506 paruis
878 1436 1324 1504 respondentibus
1382 1435 1608 1490 induens
1675 1433 1973 1505 periurum,
2034 1441 2091 1488 et

528 1540 650 1579 cum
683 1541 747 1580 eo
779 1524 974 1579 furem.
1010 1524 1073 1578 Et
1109 1525 1250 1594 quod
1303 1524 1516 1593 quidem
1552 1524 1616 1579 ad
1659 1524 2086 1578 manifestiorem

531 1616 689 1686 hujus
720 1618 919 1671 ostenti
946 1616 1379 1671 declarationem
1422 1617 1634 1681 attinet,
1667 1615 1810 1670 nulla
1846 1625 1930 1670 est
1954 1612 2090 1669 dim-

526 1708 722 1761 cultas.
788 1706 1090 1762 Maledictio
1127 1707 1272 1761 enim
1324 1707 1502 1761 divina
1546 1707 1692 1761 fures
1743 1716 1797 1762 et
1838 1721 1958 1762 cum
2005 1708 2087 1762 bis

2196 614 2288 666 ἐπι
2325 612 2555 683 θεωρίαν
2596 611 2810 682 ἑτέραν,
2842 610 2921 681 τῷ
2955 610 3056 680 τῆς
3088 608 3421 678 ἐπιστροφῆς
3452 607 3672 674 ὀνόματι
3706 607 3767 660 τὸ

2198 700 2413 769 συμϐάν
2461 700 2770 766 ὑποφαίνει.
2800 698 2955 770 Αίρει
2997 698 3173 751 τοίνυν
3210 700 3288 760 είς
3322 696 3454 766 ὕψος
3500 695 3603 766 τῆς
3646 695 3765 749 δια-

2194 791 2342 855 νοίας
2375 792 2500 854 τοὺς
2532 790 2878 860 ὀφθαλμοὺς,
2917 785 3035 842 εἶτα
3077 789 3341 860 δρέπανον
3382 787 3516 858 ὁρᾷ,
3560 785 3763 854 πτηνοῦ

2192 882 2370 952 δίκην,
2400 882 2537 951 ὑψοῦ
2576 899 2638 934 τε
2662 882 2921 953 ἠρμένον,
2950 881 3047 933 καὶ⁵
3081 876 3193 933 οἷον
3230 881 3309 941 είς
3346 880 3524 932 πᾶσαν
3554 877 3764 948 διᾷττον

2191 973 2291 1042 τὴν
2321 973 2445 1042 γῆν.
2469 968 2577 1025 Ἦν
2607 973 2666 1026 δέ
2712 971 2777 1042 δὴ
2807 971 2926 1024 λίαν
2962 968 3094 1042 εὐρύ
3140 984 3201 1022 τε
3245 969 3338 1022 καὶ
3368 967 3630 1038 εῦμηκες.
3666 967 3762 1021 El-

2193 1064 2478 1134 κοσάπηχυ
2509 1063 2612 1134 μὲν
2639 1062 2746 1134 γὰρ
2772 1062 2834 1115 τὸ
2864 1061 3035 1133 μῆκος
3061 1059 3229 1131 αὐτῷ,
3255 1062 3313 1114 ἐν
3343 1059 3529 1131 ἡμίσει
3552 1058 3610 1113 δὲ
3639 1056 3763 1113 τού-

2189 1171 2284 1208 του
2312 1155 2373 1207 τὺ
2406 1154 2626 1218 πλάτος.
2663 1153 2956 1225 Ἐρομένου
2989 1151 3046 1205 δέ
3076 1150 3170 1205 τοῦ
3208 1151 3463 1220 ἀγγέλου,
3492 1150 3545 1204 τί
3579 1148 3644 1204 ἂν
3672 1149 3762 1220 εἴη

2190 1245 2352 1299 πάλιν
2372 1286 2387 1312 ,
2436 1247 2530 1299 καὶ
2578 1246 2654 1316 μὴ
2700 1244 2902 1299 εἰδέναι
2952 1243 3249 1313 φάσκοντος
3297 1243 3393 1296 τοῦ
3445 1242 3759 1313 προφήτου,

2197 1358 2214 1389 r
2244 1336 2414 1408 Αὕτη,
2442 1340 2624 1406 φησὶν,
2655 1338 2689 1408 ή
2718 1337 2892 1408 ἀρά’ή
2920 1334 3325 1407 ἐκπορευομένη
3354 1333 3447 1387 ἐπὶ
3472 1333 3761 1404 πρόσωπον

2190 1432 2371 1500 πάσης
2401 1433 2499 1502 τῆς
2537 1430 2661 1500 γῆς,
2688 1450 2707 1481 ι
2740 1430 2836 1483 καὶ
2869 1432 2993 1491 ταῖς
3021 1429 3157 1500 αὐτῇ
3192 1427 3529 1500 πρεπούσαις
3558 1428 3759 1480 ἐνιεῖσα

2188 1524 2397 1585 ποιναῖς
2423 1523 2514 1575 τὸν
2536 1522 2809 1593 ἐπίορκον,
2839 1521 2933 1574 καὶ
2961 1520 3058 1574 σὺν
3082 1521 3230 1590 αύτῷ
3254 1519 3343 1573 τὸν
3371 1518 3629 1590 κλέπτην.
3652 1517 3759 1569 Καὶ

2186 1611 2310 1665 ὅσον
2346 1612 2447 1677 μὲν
2474 1612 2597 1682 ἥκει
2625 1613 2703 1674 είς
2729 1609 3141 1681 ἐμφανεστέραν
3182 1608 3415 1680 δήλωσιν
3442 1606 3540 1677 τὴν
3564 1605 3656 1659 ἐπί
3694 1621 3758 1672 γε

2186 1706 2263 1777 τῷ
2289 1705 2633 1775 δεδειγμένῳ,
2658 1704 2915 1776 δυσχερὲς
2939 1704 3111 1758 οὐδέν.
3149 1703 3282 1771 Ἀρά
3307 1702 3415 1772 γὰρ
3439 1700 3557 1753 θεία
3581 1700 3755 1769 πάντη

527 1799 767 1870 μιιῙεενοτο
813 1798 1002 1853 solitos
1045 1799 1200 1867 plane
1245 1798 1552 1866 occupabit,
1597 1808 1651 1852 et
1701 1797 2081 1868 propemodum

2186 1814 2243 1849 τε
2278 1797 2372 1850 καὶ
2407 1797 2623 1860 πάντως
2667 1797 3178 1868 κατανεμηθήσεται
3206 1796 3333 1860 τοὺς
3363 1793 3623 1859 κλέπτας,
3662 1790 3758 1845 καὶ

526 1892 662 1944 f..lce
684 1901 964 1959 protervos
987 1892 1285 1954 demetcns,
1301 1888 1487 1943 fenum
1512 1898 1772 1943 tectorqu
1792 1889 1979 1943 reddet
1998 1889 2041 1921 “
2066 1931 2081 1956 ,

2185 1888 2406 1960 προσέτι
2454 1889 2551 1941 σὺν
2595 1887 2805 1952 τούτοις
2850 1889 2975 1951 τοὺς
3011 1887 3330 1959 ψευδορκείν
3379 1884 3632 1949 εἰωθότας
3665 1886 3758 1938 καὶ

525 1992 578 2038 et
604 1981 711 2052 igni
732 1980 1045 2035 alimentum
1073 1979 1241 2044 dabit,
1266 1990 1321 2035 et
1348 1982 1399 2033 in
1438 1979 1655 2033 domum
1687 1978 1788 2033 viri
1819 1980 2079 2047 ingressa,

527 2072 685 2126 talem
720 2083 908 2125 rursus
943 2068 1123 2137 ipsum
1162 2067 1435 2132 conficiet,
1476 2076 1537 2122 et
1571 2068 1797 2137 agitabit
1841 2078 2078 2123 strenue.

522 2164 730 2218 Censeo
770 2175 932 2230 porro
978 2175 1170 2215 causas
1220 2160 1534 2228 proficiendi
1588 2159 1765 2214 studio
1813 2162 2082 2215 curiosius

523 2254 963 2324 perscrutandas,
994 2252 1063 2306 ob
1098 2266 1234 2321 quas
1267 2266 1503 2320 praesens
1531 2264 1693 2319 quam
1738 2250 1791 2303 in
1836 2252 2084 2307 manibus

529 2348 791 2402 habemus
825 2344 962 2399 visio
1001 2345 1212 2399 caeteris
1254 2344 1465 2414 adjungi
1504 2342 1711 2397 debuit.
1750 2341 1931 2409 Quare
1978 2344 2083 2413 (in-

523 2440 676 2507 quiet
708 2436 901 2505 aliquis
935 2436 1209 2505 asquitatis
1254 2434 1645 2501 studiosorum)
1686 2447 1809 2486 cum
1850 2433 2081 2502 plurima

521 2536 743 2602 peccata
773 2527 1245 2582 committerentur
1282 2526 1333 2578 in
1376 2525 1507 2586 vita,
1544 2534 1601 2578 et
1641 2535 1753 2579 tum
1787 2525 1877 2579 lilii
1915 2524 2083 2579 lsraei

521 2617 750 2672 diversis
788 2628 847 2670 se
887 2613 1208 2669 criminibus
1246 2614 1756 2681 commaculassent,
1792 2615 1920 2671 solis
1952 2614 2082 2669 furi-

521 2708 623 2763 bus
665 2716 719 2760 et
766 2703 998 2774 perjuris
1052 2702 1375 2772 supplicium
1435 2703 1586 2759 falcis
1618 2706 1885 2773 ingruisse
1927 2706 2079 2771 dicit,

521 2797 636 2852 sive
676 2795 858 2866 egredi
901 2794 1355 2859 tnaledictionem,
1398 2794 1780 2851 detondeutem
1818 2812 1954 2866 quos
1991 2799 2084 2851 de-

523 2887 887 2959 prehenderit,
928 2896 983 2940 et
1005 2894 1410 2941 consumentem
1443 2886 1706 2956 penitus?
1738 2890 1820 2943 Ad
1843 2889 1958 2944 haec
1996 2904 2080 2943 re-

530 2980 878 3047 spondemus,
904 2978 1069 3033 Deum
1109 2977 1336 3047 singulis
1372 2978 1701 3047 temporibus
1723 2980 2080 3034 conducentia

522 3070 759 3125 locutum
816 3083 940 3124 esse
988 3082 1083 3139 per
1133 3068 1423 3137 prophetas
1471 3076 1689 3123 sanctos
1741 3069 2082 3123 audientibus

520 3176 731 3231 semper
763 3159 1153 3215 consulentem.
1189 3155 1286 3211 Illo
1322 3158 1485 3228 igitur
1512 3168 1753 3228 tempore
1782 3161 2082 3214 viventibus

521 3255 659 3306 hanc
690 3251 950 3305 visionem
984 3248 1219 3301 maxime
1248 3257 1430 3300 notam
1463 3262 1587 3303 esse
1613 3250 1919 3315 oportebat.
1944 3248 2081 3303 Cau-

520 3358 609 3398 sas
636 3341 1004 3408 subjiciemus,
1029 3349 1084 3393 et
1103 3338 1613 3407 opportunissimam
1642 3340 1815 3395 fuisse
1850 3342 2076 3395 demon-

512 3435 828 3489 strabimus.
862 3430 1073 3483 Etenim
1104 3431 1263 3483 simul
1289 3439 1449 3499 atque
1476 3430 1728 3485 Chaldaca
1779 3432 1990 3497 relicta,
2025 3441 2083 3488 et

520 3544 549 3582 ιι
575 3525 705 3594 jugo
748 3522 1029 3579 servitutis
1060 3518 1314 3575 vindicati
1342 3519 1596 3576 Israelita
1627 3524 1678 3577 in
1720 3521 1957 3578 Iudaeam
1990 3538 2081 3578 re-

520 3624 818 3680 verterunt,
858 3611 1391 3680 llierosolyruamque
1436 3624 1781 3683 receperunt,
1828 3630 1949 3671 cum
1988 3630 2081 3671 eos

521 3706 794 3762 veteribus
833 3704 938 3758 illis
971 3704 1181 3758 delictis
1214 3704 1429 3758 modum
1454 3718 1682 3771 ponere,
1711 3716 1767 3761 et
1806 3722 2081 3778 regressus

519 3799 587 3853 ad
620 3796 877 3852 salutaria
902 3835 918 3860 ,
968 3803 1216 3849 anteacta
1262 3796 1571 3864 emendare,
1619 3806 1674 3852 et
1710 3797 2078 3866 liberatorem,

522 3891 775 3945 voluntati
794 3890 909 3957 ejus
939 3887 1230 3941 serviendo
1267 3902 1513 3942 recreare
1538 3891 1869 3955 conveniret,
1890 3892 2080 3946 nihilo-

520 3981 715 4046 minus,
745 3980 795 4033 in
831 3978 1037 4034 scelere
1067 3978 1503 4048 perseverabant,
1558 3982 1869 4051 praescripta
1901 3981 2075 4051 legum

520 4074 688 4130 libere
713 4073 990 4128 violantes.
1027 4071 1159 4125 Nam
1201 4080 1321 4125 cum
1348 4072 1606 4126 vetuisset
1632 4073 1806 4128 Moses
1833 4074 2075 4145 conjugia

517 4180 640 4220 cum
686 4161 1005 4231 alienigenis
1051 4163 1373 4216 mulieribus
1396 4162 1441 4193 “
1466 4201 1482 4227 ,
1520 4162 1599 4217 illi
1636 4164 1795 4230 hujus
1840 4166 2074 4219 mandati

517 4254 715 4321 securi,
748 4270 869 4309 cum
898 4253 1112 4308 filiabus
1141 4253 1437 4306 uicinarum
1465 4254 1702 4321 gentium
1727 4270 1953 4324 corpora
1987 4271 2076 4311 co-

518 4347 794 4415 pulabant,
851 4344 1262 4413 alienorumqne
1321 4345 1610 4399 liberorum
1660 4355 1839 4415 patres
1879 4344 2076 4401 emcieo

519 4440 736 4499 bantur,
765 4435 1063 4505 etainsuper
1095 4444 1338 4489 sanctam
1368 4438 1641 4491 civitatem
1676 4438 1841 4507 impio
1869 4439 2076 4493 semine

2188 1979 2468 2049 μονονουχὶ
2493 1978 2742 2049 δρεπάνῳ
2772 1980 2896 2042 τοὺς
2927 1978 3187 2049 ὑϐριστάς
3213 1977 3597 2048 ἀποκείρουσα,
3626 1977 3757 2047 χόρ-

2182 2085 2272 2122 τον
2297 2069 2563 2137 ἀποφανεί
2582 2069 2865 2139 δωμάτων,
2894 2070 2986 2122 καὶ
3014 2069 3148 2139 πυρὶ
3173 2068 3384 2123 διδώσει
3409 2068 3634 2139 τροφὴν,
3659 2068 3756 2121 καὶ

2183 2160 2264 2222 είς
2292 2155 2439 2214 οἷκον
2486 2160 2677 2231 ἀνδρὸς
2720 2159 3019 2227 είσελῶσα,
3052 2160 3296 2214 τοιοῦτον
3342 2159 3648 2214 συντελέσει
3696 2177 3754 2212 τε

2183 2250 2344 2304 πάλιν
2378 2250 2563 2315 αὐτὸν,
2610 2252 2704 2305 καὶ
2747 2252 3100 2323 καταδονήσει
3146 2251 3429 2321 γεννικῶς.
3460 2252 3671 2323 Χρῆναι
3700 2252 3755 2304 δὲ

2179 2338 2333 2411 οἶμαι
2372 2341 2681 2413 φιλομαθῶς
2708 2342 3178 2415 πολυπραγμονεῖν
3202 2344 3302 2407 τάς
3330 2344 3525 2409 αίτίας,
3558 2344 3644 2413 ἐφ’
3668 2338 3756 2406 αἷς

2183 2432 2216 2501 ή
2247 2431 2515 2503 παροῦσα,
2542 2433 2637 2485 καὶ
2664 2434 2721 2485 ἐν
2753 2433 2939 2503 χερσὶν
2985 2436 3116 2504 ήμίν
3143 2435 3352 2503 ὅρασις,
3377 2434 3453 2497 ὡς
3485 2434 3755 2502 ἀναγκαία

2179 2525 2301 2587 ταῖς
2327 2524 2513 2587 ἄλλαις
2541 2525 3061 2595 συνεισκεκόμισται.
3101 2525 3240 2578 ’Δνθ’
3260 2526 3385 2579 ὅτου
3408 2524 3486 2588 δέ,
3513 2522 3646 2594 φαίη
3670 2539 3755 2586 τις

2181 2614 2249 2668 ἂν
2292 2614 2400 2669 τῶν
2432 2616 2867 2687 ἐπιεικεστέρων,
2900 2616 3168 2670 πλείστων
3214 2632 3275 2670 τε
3315 2617 3454 2670 ὅσων
3494 2615 3753 2687 πλημμε-

2180 2704 2436 2775 λημάτων
2478 2709 2648 2762 ὅντων
2694 2709 2836 2763 κατά
2876 2709 2969 2761 τὸν
3028 2706 3162 2777 βίον,
3205 2708 3300 2760 καὶ
3340 2707 3445 2778 μὴν
3476 2708 3534 2760 ἐν
3568 2705 3753 2775 διαφό·

2182 2812 2298 2867 ροις
2324 2796 2497 2851 ὄντων
2526 2798 2867 2868 αίτιαμάτων
2899 2798 2961 2852 τὸ
2987 2797 3245 2869 τηνικάδε
3270 2797 3379 2852 τῶν
3413 2794 3472 2862 ἐξ
3516 2795 3751 2868 Ἰσραὴλ.

2181 2886 2325 2940 κατά
2353 2886 2527 2957 μόνων
2555 2890 2801 2943 κλεπτων
2827 2905 2889 2942 τε
2907 2889 3004 2942 καὶ
3028 2887 3372 2960 ψευδομοτῶν
3410 2886 3508 2959 τὴν
3532 2886 3621 2941 διά
3657 2886 3753 2940 τοῦ

2180 2977 2446 3050 δρεπάνου
2492 2980 2684 3053 ποινὴν
2732 2979 3073 3053 ἐπηρτῆσθαι
3125 2997 3309 3051 φησιν,
3358 2979 3525 3049 ήγουν
3584 2979 3753 3032 ἐκπο-

2187 3069 2435 3140 ρεύεσθαι
2457 3070 2555 3141 τὴν
2583 3072 2742 3143 ἀράν,
2772 3072 3172 3143 ἀποκείρουσαν
3194 3072 3319 3134 τοὺς
3343 3070 3751 3141 ἁλισκομένους,

2185 3164 2278 3216 καὶ
2317 3164 2670 3220 συντελοῦσαν
2703 3165 2782 3229 είς
2812 3164 2994 3232 ἀπαν;
3028 3164 3171 3237 Πρὸς
3198 3163 3264 3235 δὴ
3291 3163 3361 3217 τὰ
3386 3162 3613 3218 τοιαῦτά
3649 3180 3755 3233 φα-

2186 3270 2305 3322 μεν,
2335 3255 2417 3309 ὅτι
2453 3254 2523 3308 τά
2556 3255 2771 3326 ἑκάστῳ
2817 3260 3064 3327 χρήσιμα
3096 3254 3273 3326 καιρῷ
3303 3254 3392 3309 διὰ
3436 3254 3545 3309 τῶν
3583 3255 3755 3324 ἁγίων

2183 3345 2472 3416 προφητῶν
2497 3346 2674 3400 ἐλάλει
2695 3346 2848 3410 Θεὸς,
2874 3347 2959 3400 ἀεί
2988 3362 3105 3409 πως
3133 3345 3354 3414 ὠφελῶν
3381 3343 3506 3409 τοὺς
3531 3344 3756 3398 ἀκούον-

2179 3452 2296 3498 τας.
2337 3432 2445 3489 τΗν
2486 3432 2580 3490 οὖν
2629 3439 2921 3505 ἀναγκαῖον
2955 3439 3068 3500 τοῖς
3104 3437 3165 3490 τὸ
3210 3436 3462 3506 τηνικάδε
3515 3435 3753 3507 μάλιστα

2179 3523 2383 3595 ταύτην
2428 3524 2576 3596 σαφῆ
2628 3524 2885 3594 γενέσθαι
2928 3526 3027 3597 τὴν
3069 3526 3279 3598 ὅρασιν.
3330 3522 3648 3595 Ἐποίσομεν
3692 3526 3749 3577 δὲ

2179 3614 2276 3679 τὰς
2302 3616 2499 3679 αίτίας,
2532 3617 2953 3688 ἐπικαιροτάτην
2979 3611 3142 3671 οὖσαν
3168 3616 3495 3680 δεικνύντες.
3530 3614 3750 3685 Ἐπειδὴ

2178 3704 2287 3776 γάρ
2314 3705 2412 3778 τὴν
2444 3707 2552 3759 τῶν
2576 3709 2858 3763 Χαλδαίων
2885 3709 3114 3779 ἀφέντες
3144 3709 3295 3779 μόλις
3329 3710 3378 3762 οί
3409 3708 3468 3773 ἐξ
3508 3706 3747 3778 Ἰσραὴλ,

2180 3797 2274 3849 καὶ
2319 3797 2411 3850 τὸν
2460 3799 2559 3869 τῆς
2604 3799 2845 3863 δουλείας
2885 3800 3283 3870 ἀπολυσάμενοι
3325 3798 3508 3867 ζυγὸν,
3553 3798 3750 3852 ἀπενό-

2179 3903 2380 3959 στησαν
2408 3890 2488 3952 εἰς
2540 3890 2629 3960 ,ὴν
2663 3890 2941 3957 Ἰουδαίαν,
2970 3892 3064 3944 καί¹
3105 3886 3244 3962 ἦσαν
3273 3891 3331 3943 ἐν
3369 3891 3480 3953 τοῖς
3525 3888 3749 3960 ἰεροσοο

2176 3978 2388 4049 λύμοις,
2420 3980 2538 4034 δέον
2564 3982 2863 4054 ἀπέχεσθαι
2893 3982 3003 4037 τῶν
3032 3983 3273 4054 ἀρχαίων
3301 3984 3523 4037 ἐκείνων
3562 3980 3746 4051 πλημ-

2179 4073 2525 4144 μελημάτων,
2549 4076 2643 4129 καὶ
2671 4079 2789 4140 ταῖς
2810 4078 2888 4140 είς
2910 4076 2970 4130 τὸ
2993 4077 3214 4148 ἀμεινον
3236 4076 3565 4148 ἀναδρομαῖς
3588 4076 3747 4129 ἐπαν⁸

2176 4165 2367 4235 ορθοῦν
2393 4183 2453 4219 τε
2498 4167 2567 4220 τὰ
2599 4167 2900 4238 φθάσαντα,
2944 4168 3037 4221 καὶ
3072 4168 3490 4239 κατευφραίνειν
3520 4166 3612 4221 τὸν
3654 4166 3747 4218 λυο

2174 4256 2406 4326 τρωτὴν,
2436 4257 2504 4311 τὰ
2523 4257 2672 4328 αὐτῷ
2693 4256 2951 4311 δοκοῦντα
2976 4255 3216 4328 πληροῦν
3240 4255 3567 4328 ᾑρημένους,
3591 4254 3745 4308 οὐδὲν

2174 4341 2335 4418 ἧττον
2357 4344 2497 4418 ἦσαν
2525 4350 2696 4402 ὁποῖοι
2725 4347 2817 4402 καί
2844 4364 2995 4412 ποτε,
3024 4347 3393 4419 παραλύοντες
3418 4346 3745 4415 ἀφυλάκτως

2175 4438 2235 4492 τὸ
2255 4438 2333 4510 τῷ
2369 4439 2516 4511 νόμῳ
2545 4439 2755 4495 δοκοῦν.
2790 4441 3221 4510 ’Δποφάσκοντος
3245 4440 3353 4512 7&9
3383 4439 3476 4494 τοῦ
3499 4440 3740 4502 Μωσέως

523 4526 821 4597 replebant.
856 4526 1026 4580 Erant
1058 4539 1221 4593 porro
1254 4526 1467 4596 quidam
1508 4528 1647 4581 inter
1678 4528 1797 4583 illos
1836 4530 2072 4583 honora-

2182 4530 2235 4583 τὺ
2260 4530 2368 4583 δεῖν
2390 4530 2585 4593 αὐτοὺς
2607 4530 2922 4601 ἀλλοφύλοις
2945 4531 3331 4601 ἐπιμίγνυσθαι
3356 4528 3625 4601 γυναιξὶν,
3647 4530 3741 4582 αύ-

518 4620 685 4673 tiores
716 4617 785 4671 ab
824 4614 1191 4683 hujuscemodi
1218 4617 1427 4685 piaculo
1459 4620 1600 4673 baud
1628 4618 1913 4687 immunes,
1935 4620 2077 4689 quod

517 4708 725 4763 Esdras
754 4704 1018 4772 deﬂebat;
1043 4709 1176 4776 quin
1213 4716 1269 4761 et
1292 4709 1557 4763 accedens
1602 4709 1667 4763 ad
1710 4709 1943 4763 divinam
1980 4711 2077 4764 do-

516 4811 661 4852 mum
696 4812 792 4865 pro
828 4797 1010 4866 impiis
1042 4796 1298 4853 fundebat
1329 4813 1537 4867 preces.
1564 4797 1731 4870 696
1766 4800 1902 4865 Quid
1933 4809 2076 4869 post-

517 4888 735 4944 modum
763 4888 1028 4953 evenerit,
1062 4902 1132 4943 es
1163 4889 1379 4959 scriptis
1407 4889 1526 4958 ejus
1554 4904 1963 4959 cOgnoscemus,
1986 4890 2076 4946 ubi

516 4982 590 5033 ita
616 4979 844 5050 legimus
871 4997 886 5034 :
919 5000 940 5033 ι
971 4978 1037 5034 Et
1066 4989 1346 5050 postquam
1374 4996 1537 5035 orans
1561 4979 1761 5037 Esdras
1783 4982 1927 5051 quod
1956 4990 2075 5036 erat

514 5074 916 5145 exposuitllens
957 5085 1012 5131 et
1048 5075 1195 5130 bumi
1223 5077 1427 5131 cadens
1476 5089 1660 5130 coram
1696 5076 1912 5145 templo,
1961 5074 2071 5130 col-

516 5168 639 5221 lecti
670 5176 798 5223 sunt
828 5165 897 5222 ad
920 5180 1047 5221 eum
1078 5165 1146 5221 ab
1177 5162 1563 5236 Hierosolymis
1596 5165 1763 5222 turbat
1784 5166 1963 5221 multa
1995 5166 2075 5221 ni-

517 5257 639 5321 mis,
653 5257 758 5311 viri
783 5265 840 5311 et
868 5256 1117 5313 mulieres
1161 5266 1218 5311 et
1243 5256 1649 5313 adolescentes:
1686 5273 1910 5327 magnus
1929 5259 2074 5312 enim

515 5356 634 5401 erat
656 5346 813 5401 fletus
852 5348 905 5401 in
929 5347 1142 5416 populo.
1162 5346 1229 5401 Et
1260 5348 1589 5414 respondens
1617 5345 1903 5402 Jecbuuias
1933 5347 2072 5402 filius

516 5435 649 5492 Jeeli
675 5437 742 5492 de
774 5438 900 5493 filiis
935 5439 1118 5503 Israel,
1156 5438 1291 5490 dixit
1317 5437 1500 5491 Esdrm
1533 5457 1547 5493 :
1579 5437 1688 5492 Nos
1729 5439 2070 5507 prmvaricati

516 5542 701 5582 sumus
730 5528 782 5582 in
820 5530 1099 5583 Dominum
1133 5529 1321 5591 Deum,
1363 5539 1416 5584 et
1454 5531 1705 5584 duximus
1748 5531 1903 5584 nobis
1936 5545 2071 5583 uxo-

517 5635 603 5677 res
626 5620 830 5677 alienas
850 5622 917 5677 de
945 5620 1155 5691 populis
1193 5630 1371 5689 teme,
1402 5629 1457 5679 et
1491 5621 1768 5677 cobabitat
1801 5622 1905 5676 illis
1953 5636 2071 5677 om-

2174 4621 2257 4675 τοὶ
2292 4620 2400 4673 τῶν
2435 4620 2868 4692 τεθεσπισμένων
2916 4620 3074 4690 ὀλίγα
3121 4618 3575 4692 πεφροντικότες,
3620 4624 3741 4684 ταῖς

2174 4708 2283 4762 τῶν
2305 4710 2517 4780 ὁμόρων
2552 4706 2721 4763 ἐθνῶν
2756 4709 3147 4765 συνεπλέκοντο
3174 4710 3495 4780 θυγατράσι,
3521 4710 3617 4763 καί
3649 4712 3738 4762 τέ-

2175 4816 2318 4852 κνων
2352 4794 2489 4871 ἦσαν
2523 4799 2815 4873 ἀλλοτρίων
2860 4800 3129 4872 πατέρες,
3174 4799 3268 4853 καὶ
3309 4799 3519 4854 ἀνοσίου
3572 4800 3745 4871 σπέρο

2178 4906 2345 4961 ματος
2386 4890 2565 4962 πλήρη
2610 4891 2770 4946 πάλιν
2806 4891 3195 4961 ἀποφαίνοντες
3236 4890 3336 4962 τὴν
3368 4891 3525 4960 ἁγίαν
3560 4891 3736 4945 πόλιν.

2176 4976 2357 5035 Ἦσαν
2379 4980 2436 5034 δέ
2463 4998 2609 5046 τινες
2635 4984 2728 5037 καὶ
2751 4982 2859 5037 τῶν
2882 4984 2939 5037 ἐν
2961 4982 3144 5047 αὐτοῖς
3169 4982 3604 5055 ἐπιφανεστέρων
3626 4985 3739 5045 τοίς

2176 5072 2433 5134 τοιούτοις
2470 5073 2808 5145 ἐνισχημένοι
2846 5072 3209 5144 πταίσμασιν,
3249 5065 3311 5126 οὗ
3346 5072 3409 5144 δὴ
3456 5073 3739 5142 γεγονότος

2178 5165 2496 5235 κατεθρήνει
2526 5165 2624 5236 μὲν
2647 5165 2676 5217 ὁ
2700 5164 2953 5234 Ἔσδρας,
2984 5164 3077 5218 καὶ
3103 5160 3167 5234 δὴ
3189 5163 3395 5218 καὶτὸν
3423 5163 3565 5218 θεῖον
3590 5158 3738 5217 οἷκον

2179 5244 2518 5321 καταλαὸὼν,
2563 5254 2661 5318 τὰς
2708 5254 2847 5327 ὑπέρ
2889 5271 2953 5325 γε
2982 5254 3089 5309 τῶν
3121 5254 3467 5327 ἠσεϐηκότων
3502 5254 3738 5310 ἐποιεῖτο

2175 5344 2345 5408 λιτάς.
2372 5342 2503 5399 Εἶτα
2536 5346 2588 5398 τί
2627 5345 2877 5414 γενέσθαι
2904 5344 3269 5417 συμϐέϐηκεν,
3302 5346 3362 5411 ἐξ
3391 5347 3570 5402 αὐτῶν
3597 5349 3739 5401 εἰσό-

2179 5437 2315 5506 μεθα
2354 5436 2461 5490 τῶν
2493 5436 2639 5507 αὐτῷ
2676 5439 3098 5510 γεγραμμένων·
3132 5438 3245 5510 ἔχει
3281 5438 3335 5493 δὲ
3368 5439 3541 5493 οὕτω*
3581 5460 3600 5493 ι
3631 5440 3739 5495 Καὶ

2175 5528 2263 5580 ὅτε
2309 5528 2733 5599 προσευχόμενος
2761 5531 2994 5602 Ἔσδρας
3034 5530 3481 5601 ἀνθωμολογεῖτο,
3514 5531 3737 5598 κλαίων,

2176 5621 2519 5691 χαμαιπετὴς
2570 5620 2877 5694 ἔμπροσθεν
2922 5621 3017 5678 τοῦ
3072 5623 3251 5695 ἱεροῦ,
3302 5624 3740 5697 ἐπισυνήχθηταν

583 5794 629 5828 ⁸⁸
668 5793 810 5853 Psal.
848 5809 1073 5863 cxxvm,
1114 5788 1167 5849 6.
1246 5796 1292 5829 "
1331 5796 1498 5853 Exod.
1540 5811 1722 5863 xxxiv,
1771 5796 1833 5851 l6
1872 5813 1885 5865 ;
1934 5796 2085 5851 Deut.
2130 5810 2224 5861 vn,
2267 5794 2299 5849 3
2351 5809 2503 5865 seqq.
