4072 6370
352 473 412 529 3|
1197 465 1751 524 COMMENTARIUS
1796 465 1859 519 IN
1900 464 2297 521 ZACHARIAM
2335 464 2779 524 PROPHETAM.

3522 467 3601 523 ,8,

354 591 491 662 πρὸς
519 589 684 643 αὑτὸν
719 587 827 641 ἀπὸ
857 584 1247 657 Ἰεροσολύμων
1284 586 1433 656 δχλοι
1478 584 1662 640 πολλοὶ
1691 585 1927 657 σφόδρα,

2057 586 2118 641 ιῑε
2153 585 2341 641 Israel.
2366 588 2428 640 tn
2467 586 2571 643 hoc
2597 586 2964 655 percutiamus
3002 574 3180 644 fmdus
3216 598 3337 641 cum
3372 584 3602 643 Domino

352 682 565 749 ἄνδρες,
597 680 690 733 καὶ
716 682 993 748 γυναῖκες,
1024 677 1119 732 καὶ
1146 678 1353 731 νεανίαι
1372 696 1387 710 υ
1425 676 1699 749 κλαυθμὸς
1729 678 1838 750 γὰρ
1865 674 1933 748 ἦν

358 774 533 843 μέγας
562 773 621 825 ἑν
661 770 741 842 τῷ
771 769 986 842 πλήθει.
1018 768 1129 823 Καὶ
1161 770 1418 841 φωνήσας
1452 769 1702 840 Ἰεχονίας
1736 770 1932 840 Ἰεήλου

354 865 462 917 τῶν
492 863 626 918 υἱῶν
656 860 873 935 Ἰσραὴλ
901 856 1051 914 εἶπεν
1074 861 1309 934 Ἔσδραο
1343 880 1362 913 ι
1402 861 1593 933 Ἡμεῖς
1615 863 1935 935 ἡμάρτομεν

359 958 438 1019 είς
477 954 683 1026 Κύριον
711 954 803 1007 τὸν
850 952 1008 1019 Θεὸν,
1046 953 1141 1008 καὶ
1172 953 1551 1025 συνῳκίσαμεν
1589 955 1802 1019 ἑαυτοῖς
1836 971 1933 1022 γυ-

360 1049 552 1109 ναῖκας
585 1045 891 1114 ἀλλογενεῖς
915 1044 1023 1098 ἀπὸ
1049 1045 1158 1098 τῶν
1185 1044 1356 1098 ὲθνῶν
1384 1044 1482 1114 τῆς
1514 1044 1647 1116 γῆς,
1678 1045 1775 1099 καὶ
1812 1044 1936 1099 σύν-

356 1150 510 1186 εστιν
539 1131 728 1194 αὑταῖς
758 1134 867 1195 πᾶς
902 1131 1139 1203 Ἰσραήλ.
1180 1133 1269 1186 Ἐν
1308 1132 1483 1206 τούτῳ
1515 1134 1757 1203 γενέσθω
1805 1137 1936 1207 ἡμῖν

356 1220 675 1293 όρκωμοσία
716 1222 851 1292 πρὸς
888 1221 978 1274 τὸν
1025 1220 1255 1295 Κύριον,
1308 1222 1558 1276 ὲκδαλεῖν
1609 1225 1787 1289 πάσας
1838 1225 1939 1289 τὰς

358 1316 626 1385 γυναῖκας
680 1313 861 1385 ἡμῶν,
919 1313 1019 1378 τὰς
1064 1317 1130 1369 ὲκ
1163 1315 1274 1368 τῶν
1318 1315 1647 1384 ἀλλογενῶν,
1694 1317 1790 1370 σὺν
1826 1320 1938 1381 τοῖς

359 1407 571 1471 τέκνοις
599 1405 801 1468 αὐτῶν,
833 1403 909 1468 ῶς
945 1404 1143 1479 ἐκρίθη
1179 1406 1264 1460 σο).
1293 1407 1387 1462 καὶ
1417 1408 1532 1460 ὅσοι
1583 1406 1939 1479 πειθαρχοῦσι

360 1496 441 1567 τῷ
464 1495 634 1567 νόμῳ.
670 1496 926 1561 Ἀνάστα,
952 1494 1213 1548 ἐπιτέλει·
1236 1495 1372 1568 πρὸς
1394 1495 1454 1549 σὲ
1476 1494 1584 1567 γὰρ
1605 1494 1665 1549 τὸ
1686 1497 1939 1566 πρᾶγμα,

362 1589 460 1643 καὶ
497 1588 660 1658 ἡμεῖς
695 1585 834 1657 μετὰ
865 1584 960 1639 σοῦ
991 1587 1146 1657 ἰσχὺν
1178 1589 1369 1641 ποιεῖν.
1410 1587 1520 1640 Καὶ
1546 1587 1785 1649 ἀναστὰς
1812 1587 1943 1640 Ἕσ-

364 1681 520 1751 δρας,
553 1679 759 1752 ὥρκισε
789 1679 919 1743 τοὺς
948 1679 1259 1751 φυλάρχους
1284 1678 1392 1733 τῶν
1422 1679 1633 1750 ίερέων,
1663 1681 1759 1733 καὶ
1790 1680 1946 1732 Λευῖ-

368 1776 476 1830 τῶν
508 1774 710 1839 παντὸς
744 1772 961 1845 Ἰσραὴλ
1000 1774 1221 1845 ποιῆσαι
1263 1772 1405 1828 κατά
1434 1772 1626 1841 ταῦτα,
1672 1773 1767 1827 καὶ
1794 1771 1941 1844 ὠμο-

369 1886 490 1923 σαν.
520 1887 540 1920 ι
582 1870 931 1939 Ὀμωμοκόσι
957 1865 1023 1938 δὴ
1051 1860 1144 1920 οῦν
1173 1862 1251 1935 τῷ
1300 1864 1454 1936 νόμῳ
1498 1863 1761 1919 δοκοῦντα
1805 1863 1945 1935 πλη-

2031 676 2100 732 ad
2128 675 2448 744 ejiciendum
2482 691 2671 732 omnes
2707 678 2962 733 mulieres
3006 688 3222 735 nostras
3242 693 3311 733 es
3347 676 3604 747 alienige-

2032 768 2138 833 nis,
2170 783 2294 824 cum
2329 767 2518 823 liberis
2544 767 2810 839 ipsarum,
2843 776 2902 825 ut
2929 769 3226 839 judicatum
3263 776 3348 823 est
3379 782 3408 823 a
3449 777 3522 833 te,
3549 777 3605 824 et

2030 861 2285 917 omnibus
2312 860 2401 931 qui
2438 860 2563 916 huic
2588 860 2691 932 legi
2720 863 3115 931 obtemperant.
3156 862 3349 931 Surge,
3393 858 3507 926 fac,
3535 861 3604 915 ad

2034 962 2089 1007 te
2114 952 2259 1007 enim
2293 951 2568 1022 negotium
2614 951 2877 1023 pertinet,
2916 961 2972 1007 et
3020 968 3119 1007 nos
3163 962 3337 1007 tecum
3373 952 3439 1009 ad
3477 965 3607 1006 con-

2033 1049 2365 1104 fortandam.
2398 1048 2465 1102 Et
2498 1046 2736 1103 surrexit
2763 1044 2985 1111 Esdras,
3021 1052 3075 1101 et
3106 1042 3375 1111 adjuravit
3403 1042 3605 1113 princi-

2035 1154 2131 1210 pes
2169 1138 2508 1195 sacerdotum
2546 1148 2601 1193 et
2640 1136 2957 1192 Levitarum
3011 1136 3177 1191 totius
3224 1132 3389 1189 lsrael
3424 1144 3482 1188 ut
3533 1131 3608 1186 fa-

2037 1238 2226 1286 cerent
2263 1228 2558 1284 secundum
2585 1228 2730 1293 haec;
2774 1237 2830 1284 et
2852 1225 3172 1294 jnraverunt
3210 1225 3277 1281 “.
3311 1243 3331 1277 ι
3357 1223 3488 1280 Cum
3523 1222 3610 1292 ju-

2037 1327 2253 1373 rassent
2296 1317 2461 1389 igitur
2503 1317 2571 1372 de
2612 1317 2791 1388 legum
2835 1316 3072 1373 decretis
3100 1315 3483 1386 exsequendis,
3526 1329 3614 1369 ne-

2039 1410 2337 1465 cessarium
2384 1420 2504 1466 erat
2554 1410 2988 1465 maledictionem
3040 1423 3204 1477 supra
3256 1416 3420 1478 caput
3468 1422 3610 1473 esse,

2040 1519 2165 1573 quae
2202 1505 2450 1573 peierare
2481 1489 2672 1560 solitos
2702 1502 3059 1558 inclementer
3100 1500 3328 1565 invadit,
3365 1509 3424 1554 ut
3458 1499 3611 1570 jura-

2044 1597 2113 1650 tis
2138 1605 2364 1652 starent.
2392 1594 2685 1666 Postquam
2719 1604 2899 1652 autem
2953 1593 3155 1664 templo
3196 1592 3381 1648 divino
3411 1591 3612 1647 exaedi-

2046 1687 2258 1742 licando
2307 1688 2529 1757 grandis
2560 1688 2786 1759 pecunia
2815 1694 3007 1743 exacta
3049 1694 3158 1751 est,
3204 1684 3401 1755 partim
3454 1684 3617 1738 Dario

2044 1781 2301 1844 donante,
2337 1781 2535 1851 partim
2581 1779 2779 1851 populo
2809 1778 3094 1845 oﬁ'erente,
3138 1776 3435 1833 verisimile
3478 1785 3616 1837 erat,

2046 1870 2310 1936 quosdam
2358 1870 2428 1924 ad
2471 1885 2592 1926 eam
2642 1870 3058 1939 dispensandam
3100 1867 3430 1924 constitutos
3469 1879 3619 1941 quat-

371 1959 519 2030 ροῦν,
556 1956 626 2031 ἦν
663 1976 782 2022 πως
811 1960 1107 2027 ἀναγκαῖον
1142 1956 1450 2028 ὲπαρτῆσαι
1486 1957 1587 2028 τὴν
1635 1956 1795 2026 ἀρὰν,
1850 1956 1949 2025 τὴν

2057 1961 2172 2015 dam
2215 1960 2281 2015 ad
2334 1960 2428 2016 Dei
2473 1960 2701 2032 gloriam
2741 1960 2923 2015 oblata
2971 1968 3219 2015 avertere
3246 1957 3312 2014 “.
3346 1956 3525 2025 Quare
3564 1967 3624 2012 et

365 2055 480 2116 τοῖς
499 2050 817 2122 ψευδορκεῖν
847 2049 1093 2105 εἰωθόσιν
1115 2049 1342 2120 ἀπηνῶς
1367 2047 1834 2118 ἑπιθρώσκουσαν,
1860 2048 1947 2102 ἵνα

370 2146 465 2198 καὶ
495 2143 739 2213 γένοιντο
778 2142 1018 2213 φύλακες
1042 2142 1151 2195 τῶν
1173 2140 1605 2213 ὀμωμοσμένων.
1648 2128 1862 2210 Ἐπειδὴ
1890 2138 1945 2191 δὲ

367 2234 822 2307 οἰκοδομουμένου
876 2234 970 2288 τοῦ
1028 2233 1176 2288 θείου
1230 2232 1361 2288 ναοῦ
1412 2232 1582 2304 πολλὴ
1652 2232 1950 2304 χρημάτων

368 2323 613 2394 ἄθροισις
652 2318 741 2393 ἦν,
781 2321 940 2377 τοῦτο
977 2322 1074 2393 μὲν
1108 2321 1336 2394 Δαρείου
1369 2321 1650 2393 νέμοντος,
1696 2321 1856 2375 τοῦτο
1887 2321 1943 2374 δὲ

368 2416 466 2468 τοῦ
508 2414 635 2469 λαοῦ
667 2413 1190 2486 προσκεκομικότος,
1219 2409 1342 2468 εἶτά
1371 2430 1527 2477 τινας
1564 2408 1632 2484 ἦν
1665 2413 1811 2477 είκὺς
1838 2413 1948 2466 τῶν

369 2509 441 2562 τὰ
482 2508 665 2562 τοιάδε
712 2508 935 2562 διοικεῖν
992 2506 1436 2578 ἐπιτεταγμένων
1495 2505 1952 2576 ἀπονοσφίζεσθαί

372 2617 499 2655 τινα
523 2600 631 2654 τῶν
660 2600 741 2664 είς
778 2598 938 2664 δόξαν
967 2599 1104 2653 Θεοῦ
1145 2599 1724 2671 προσκεκομισμένων.
1762 2598 1947 2669 Ταύτῃ

370 2711 458 2748 τοι
490 2696 587 2749 καὶ
626 2695 769 2748 κατὰ
798 2692 1047 2747 κλεπτῶν
1092 2693 1231 2748 ἰέναι
1273 2693 1373 2765 τὴν
1408 2692 1549 2765 ἀρὰν
1583 2693 1728 2764 μάλα
1760 2692 1948 2763 φησὶν,

375 2787 465 2840 ἶνα
496 2788 592 2841 καὶ
634 2788 791 2842 αὐτοὶ
839 2788 1145 2859 λημμάτων
1175 2784 1415 2857 αἰσχρῶν
1458 2786 1743 2854 γεγονότες
1790 2784 1951 2855 ἀμεί-

373 2896 533 2943 νους,
571 2880 647 2952 μὴ
688 2880 796 2935 τῶν
836 2880 1000 2953 ἱερῶν
1036 2879 1288 2934 ἀπτοιντο
1328 2878 1649 2949 χρημάτων,
1695 2878 1775 2942 είς
1819 2878 1952 2943 ιδίας

2052 2054 2488 2110 maledictlonem
2550 2052 2760 2109 furibus
2810 2063 3255 2133 superventuram
3319 2049 3621 2106 rectissime

2054 2147 2204 2211 dicit,
2237 2156 2298 2203 ut
2347 2155 2403 2202 et
2437 2146 2539 2216 ipsi
2571 2162 2602 2201 a
2651 2146 2795 2217 turpi
2832 2158 3038 2216 qumstu
3076 2143 3289 2211 invicti,
3338 2143 3619 2211 pecuniam

2051 2254 2262 2294 sacram
2300 2255 2369 2295 ne
2407 2241 2769 2309 attingerent,
2800 2241 2868 2293 ad
2894 2240 3136 2309 privatos
3162 2252 3293 2292 usus
3324 2252 3443 2289 eam
3484 2249 3621 2289 con-

2053 2332 2312 2388 ferentes.
2344 2331 2521 2402 Atque
2572 2333 2689 2389 btec
2732 2332 3084 2388 visionislest
3130 2327 3369 2386 occasio.
3414 2325 3625 2382 Formi-

2058 2426 2234 2481 danda
2270 2434 2452 2481 autem
2498 2435 2583 2481 est
2628 2423 2940 2480 maledictio
2984 2431 3041 2481 et
3081 2421 3237 2477 falcis
3272 2419 3441 2475 sectio
3481 2416 3627 2473 furto

2056 2525 2113 2572 et
2137 2517 2376 2588 perjurio
2401 2518 2656 2581 assuetis,
2686 2514 2940 2586 quoniam
2968 2514 3113 2570 Deus
3151 2513 3222 2568 ad
3269 2512 3475 2568 exitum
3504 2525 3626 2565 om-

2056 2607 2186 2663 nino
2222 2610 2487 2678 perducet
2518 2623 2639 2678 quae
2671 2607 2932 2674 decrevit,
2961 2615 3018 2663 et
3054 2621 3229 2675 neque
3255 2605 3485 2671 furibus,
3532 2619 3629 2659 ne-

2056 2713 2163 2769 que
2189 2701 2312 2755 aliis
2335 2710 2541 2770 parcet.
2586 2698 2713 2756 Odit
2750 2701 2897 2756 enim
2944 2714 3161 2770 semper
3189 2699 3428 2753 divinam
3477 2712 3628 2754 suam

2059 2790 2284 2857 gloriam
2336 2800 2767 2859 contemnentes,
2796 2800 2851 2847 et
2901 2790 3087 2847 animo
3138 2789 3451 2863 inesplebili
3494 2788 3633 2844 nihil

2061 2881 2129 2936 ad
2161 2896 2221 2937 se
2244 2883 2568 2951 pertinentia
2597 2885 3068 2955 concupiscentes.

376 2972 520 3027 αύτά
544 2974 888 3040 δαπανῶντες
920 2973 1130 3046 χρείας.
1169 2972 1319 3042 Αὕτη
1361 2972 1461 3043 μὲν
1502 2967 1596 3025 οὖν
1633 2973 1667 3043 η
1728 2971 1830 3041 τῆς
1893 2975 2139 3043 ὁράσεως
2200 2977 2498 3047 πρόφασις.
2541 2976 2664 3048 Χρὴ
2702 2976 2759 3030 δὲ
2801 2976 3032 3031 δεδιέναι
3071 2976 3172 3049 τὴν
3196 2974 3359 3049 ἀρὰν,
3401 2975 3496 3029 καὶ
3535 2980 3636 3044 την

376 3066 473 3118 τοῦ
514 3064 779 3135 δρεπάνου
809 3065 981 3137 τομὴν
1013 3064 1139 3127 τούς
1177 3079 1238 3116 τε
1279 3062 1531 3117 κλέπτειν
1558 3063 1592 3133 ἢ
1631 3062 1948 3133 ψευδορκεῖν
1987 3066 2268 3131 εἰωθότας,
2328 3068 2410 3121 δτι
2441 3068 2620 3139 πάντη
2649 3086 2711 3123 τε
2751 3068 2847 3123 καὶ
2884 3070 3106 3132 πάντως
3143 3072 3224 3133 είς
3290 3067 3465 3140 πέρας
3498 3064 3635 3119 οῐσει

378 3160 512 3222 Θεὸς
548 3161 618 3214 τὰ
644 3161 1007 3232 διωρισμένα,
1052 3160 1149 3215 καὶ
1188 3161 1313 3215 οὕτε
1364 3158 1633 3222 κλεπτῶν,
1673 3158 1797 3213 οὔτε
1838 3161 1944 3230 μὴν
1982 3160 2088 3214 τῶν
2151 3162 2355 3232 ἐτέρων
2413 3161 2680 3232 φείσεται.
2713 3163 2954 3216 Ποιεῖται
2980 3162 3091 3234 γάρ
3117 3179 3236 3226 πως
3261 3162 3350 3215 ἀεὶ
3374 3174 3637 3214 κατεστυ-

378 3252 782 3321 γμένους,τοῦς
807 3256 907 3324 τῆς
930 3254 1080 3318 θείας
1097 3254 1261 3307 αὐτοῦ
1320 3252 1795 3323 καταφρονοῦντας
1810 3252 1989 3324 δόξης,
2029 3256 2123 3308 καὶ
2163 3255 2288 3320 τοὺς
2355 3254 2617 3328 ἀπλήστῳ
2651 3253 2846 3329 γνώμῃ
2884 3242 2993 3310 τῶν
3034 3254 3189 3309 οὐδὲν
3234 3254 3418 3316 αὐτοῖς
3464 3265 3636 3323 προσο

378 3345 621 3417 ηκόντων
652 3347 769 3414 ὲφιε
777 3345 989 3416 μένους.

450 3439 561 3493 Kal
595 3436 854 3504 ἐξῆλθεν
883 3440 917 3491 ό
951 3438 1222 3509 ἄγγελος,
1257 3442 1295 3493 ὁ
1323 3437 1529 3494 λαλῶν
1565 3439 1636 3493 ἐν
1660 3438 1824 3508 ἐμοί,
1862 3437 1955 3493 xal

2137 3436 2301 3492 Vens.
2350 3435 2470 3491 5-8.
2510 3434 2578 3489 Et
2623 3448 2862 3506 egressus
2900 3443 2983 3489 est
3017 3433 3236 3505 angelus
3275 3435 3367 3501 qui
3391 3436 3638 3506 loqueba-

381 3525 511 3585 εἷπε
548 3530 700 3598 πρός
737 3546 845 3598 με·
886 3529 1253 3600 ’Ἀνάϐλεψον
1285 3530 1411 3597 τοῖς
1462 3529 1790 3601 ὀφθαλμοῖς
1821 3544 1961 3597 σου,

382 3621 483 3675 καί
532 3619 623 3675 (de
657 3621 727 3674 τὸ
774 3621 1252 3691 ἐκπορευόμενον
1295 3621 1491 3677 τοῦτο.
1539 3621 1651 3676 Kal
1682 3619 1856 3677 εῖπαο
1905 3621 1967 3676 Τί

383 3711 514 3764 ἐστι
524 3725 544 3775 ;
574 3710 684 3765 Kal
715 3708 844 3766 εἷπε
864 3728 877 3744 ·
910 3711 1094 3767 Τοῦτο
1120 3714 1188 3766 τὸ
1222 3714 1443 3783 μέτρον
1474 3714 1541 3768 τὸ
1573 3714 1967 3784 ἐκπορευόμε-

387 3821 516 3859 νον.
545 3805 653 3859 Kal
691 3802 893 3859 εἶπενο
940 3806 1102 3873 Αὕτη
1140 3806 1179 3873 ἡ
1220 3806 1420 3862 ἀδικία
1467 3809 1665 3863 αὐτῶν
1698 3809 1768 3862 ἐν
1796 3809 1966 3879 πάσῃ

385 3897 461 3965 τῇ
489 3896 587 3967 γῇ.
616 3898 723 3952 Kal
760 3898 888 3953 ἰδοὺ
916 3899 1216 3954 τάλαντον
1236 3901 1528 3969 μολίϐδου
1556 3901 1960 3972 ἐξαιρόμενον,

386 3986 486 4039 καί
522 3987 651 4040 ἰδοὺ
678 3987 834 4056 γυνὴ
874 3988 983 4057 μία
1021 3986 1277 4056 ἐκάθητο
1308 3988 1564 4058 ἐνμέσῳ
1594 3990 1701 4045 τοῦ
1722 3992 1964 4061 μέτρου.

387 4076 497 4132 Kal
543 4074 744 4132 εἶπενο
792 4079 954 4146 Αὕτη
1004 4078 1176 4133 ἐστὶν
1208 4080 1247 4147 ἠ
1285 4080 1521 4149 ἀνομία.
1556 4082 1666 4136 Kal
1722 4082 1969 4152 ἕρῤιψεν

390 4171 583 4239 αὐτὴν
639 4174 727 4238 είς
779 4170 976 4242 μέσον
1014 4171 1123 4226 τοῦ
1170 4172 1413 4241 μέτρου,
1460 4174 1559 4228 καί
1606 4174 1818 4245 Eppia-3
1861 4177 1971 4231 τὸν

388 4264 561 4317 λίθον
597 4264 703 4318 τοῦ
725 4262 1017 4331 μολίϐδου
1051 4266 1141 4331 εὶς
1169 4264 1237 4319 τὸ
1271 4265 1468 4335 στόμα
1507 4266 1726 4335 αὐτῆς.

461 4358 539 4411 A'.
563 4355 779 4417 Φθάσας
802 4355 961 4426 έφην,
989 4356 1090 4427 τῆς
1114 4358 1193 4421 είς
1223 4356 1317 4411 τὸν
1346 4359 1634 4430 προφήτην
1667 4359 1970 4432 σαφηνείας

391 4450 713 4520 ἀρχόμενος,
752 4448 832 4502 ὅτι
890 4448 1028 4519 μετά
1078 4448 1179 4521 τὴν
1221 4449 1287 4504 ἐκ
1321 4450 1644 4516 Βαϐυλῶνος
1686 4452 1967 4518 ὶπάνοδον,

393 4542 533 4613 ᾇπερ
561 4542 619 4594 έν
648 4540 725 4612 τῷ
747 4539 924 4611 καιρῷ
942 4539 1044 4610 τῆς
1070 4540 1446 4611 αἰχμαλωσίας
1470 4542 1760 4607 τέθεινται,
1796 4545 1969 4599 ταῦτα

394 4636 505 4698 τοῖς
547 4632 978 4705 λελυτρωμένοις
1032 4636 1327 4704 ἀφηγεῖται
1384 4636 1692 4707 χρησίμως.
1750 4636 1969 4707 Ἐπειδὴ

394 4727 500 4797 γὰρ
529 4726 727 4788 αὐτοὺς
750 4725 940 4780 ἐθεᾶτο
963 4725 1520 4800 καταρῤᾳθυμοῦντας
1545 4728 1686 4796 ἄγαν
1708 4726 1801 4781 τοῦ
1829 4728 1966 4800 χρῆ-

394 4837 479 4874 ναι
504 4818 746 4890 πληροῦν
773 4818 842 4872 τὰ
886 4820 1268 4890 νενομισμένα,
1300 4820 1393 4877 καὶ
1439 4820 1833 4885 ἀποκλίναντας
1868 4820 1967 4892 μὲν

393 4911 709 4974 ἀκαθέκτως
744 4912 823 4974 είς
843 4927 908 4979 γε
936 4911 996 4963 τὸ
1024 4911 1207 4980 σφίσιν
1233 4913 1414 4976 αὐτοῖς
1445 4912 1541 4984 ἡδύ
1574 4929 1633 4966 τε
1667 4913 1761 4966 καὶ
1791 4912 1964 4982 φίλον,

394 5001 549 5071 ὀλίγα
572 5001 628 5055 δὲ
658 5000 938 5064 παντελῶς
966 5000 1073 5053 τῶν
1118 5000 1205 5054 διὰ
1244 5001 1489 5065 Μωσέως
1540 5001 1968 5074 πεφροντικότας

395 5093 574 5164 νόμων
618 5092 1029 5164 (συνεπλέκοντο
1068 5095 1175 5165 γὰρ
1218 5094 1316 5147 καὶ
1364 5093 1682 5162 ἀλλοφύλοις
1731 5094 1966 5163 γυναιξὶ,

400 5185 493 5241 καὶ
515 5184 618 5257 ἤδη
648 5184 792 5248 τινὲς
834 5185 1137 5257 όλοτρόπως
1166 5183 1271 5250 ἔξω
1313 5182 1583 5254 βαίνοντες
1615 5183 1707 5236 τοῦ
1740 5185 1966 5252 εἰκότος,

398 5275 756 5347 ὲτελέσθησαν
805 5274 1061 5340 είδώλοις,
1096 5274 1190 5328 καί
1218 5291 1340 5328 τινα
1385 5274 1522 5346 πρὸς
1553 5272 1763 5337 τούτοις
1800 5272 1970 5345 ἔδρων

398 5368 433 5423 ἃ
473 5367 607 5440 μηδὲ
654 5366 814 5438 θέμις
856 5367 1072 5432 είπεῖν)·
1119 5366 1425 5435 ἀναγκαίαν
1470 5367 1499 5420 ό
1546 5367 1833 5437 προφήτης
1863 5366 1999 5419 τῶν

399 5462 688 5533 δραμάτων
715 5462 949 5513 ποιεῖται
977 5458 1075 5530 τὴν
1107 5458 1403 5529 ἀφήγησιν,
1439 5457 1505 5511 ἶν’
1534 5456 1723 5510 εἰδεῖεν
1751 5458 1801 5510 οἱ
1825 5455 1974 5510 λελυο

399 5552 667 5623 τρωμένοι
718 5552 889 5623 μόλις,
922 5552 1134 5617 ὁποίαις
1163 5550 1462 5623 ἀνθρώπων
1488 5551 1579 5604 καὶ
1601 5550 1773 5620 ἁγίων
1805 5549 1973 5618 ἀγγέ-

400 5645 509 5700 λων
542 5646 716 5710 λιταῖς
742 5647 803 5700 τδ
826 5649 1015 5718 χρῆμα
1037 5647 1407 5720 κερδαίνοντες
1432 5646 1605 5713 αὐτοὶ,
1649 5646 1791 5700 κατὰ
1822 5646 1975 5717 σφῶν

403 5737 777 5807 παραθήγουσι
803 5738 964 5793 πάλιν
982 5738 1073 5792 τδν
1097 5737 1205 5792 τῶν
1226 5737 1363 5793 δλων
1399 5736 1553 5803 Θεὸν,
1588 5739 1707 5802 ταῖς
1738 5737 1848 5793 τῶν
1877 5741 1974 5809 ἀρ-

471 5914 517 5947 ⁶³
551 5911 572 5969 l
606 5912 764 5972 Esdr.
806 5931 859 5974 ι.
904 5915 953 5973 l.
992 5915 1045 5971 9.
1123 5915 1166 5946 ⁸⁸
1203 5912 1222 5969 l
1259 5912 1411 5970 Esdr.
1456 5929 1528 5974 vi.
1576 5914 1595 5970 l
1641 5928 1789 5977 scan.

2065 3540 2154 3583 tur
2173 3530 2228 3584 in
2258 3545 2358 3595 me,
2382 3538 2432 3583 el
2456 3528 2595 3582 dixit
2615 3529 2685 3582 ad
2714 3543 2830 3583 me:
2856 3525 3077 3596 Suspice
3099 3526 3261 3580 oculis
3289 3527 3421 3593 tuis,
3452 3539 3500 3582 et
3521 3530 3638 3583 vids

2064 3622 2191 3692 quid
2218 3630 2295 3675 est
2324 3622 2422 3675 hoc
2455 3621 2596 3692 quod
2620 3621 2908 3691 egreditur.
2947 3617 3016 3673 Et
3054 3618 3170 3673 dixi
3189 3633 3208 3672 :
3240 3617 3381 3684 Quid
3412 3630 3486 3673 est
3509 3618 3535 3672 ?
3570 3616 3638 3672 Et

2066 3716 2238 3769 dixit:
2275 3713 2404 3768 Haec
2443 3722 2522 3769 est
2568 3729 2814 3768 mensura
2856 3728 2976 3783 qua:
3025 3713 3313 3783 egreditur.
3365 3709 3432 3764 Et
3463 3709 3647 3765 dixit:

2071 3805 2201 3861 Illac
2225 3815 2303 3861 est
2330 3806 2583 3874 iniquitas
2616 3820 2797 3859 eorum
2839 3805 2896 3858 in
2938 3804 3082 3857 omni
3107 3814 3269 3858 terra.
3305 3799 3376 3854 Et
3404 3818 3523 3856 ecce
3557 3813 3644 3856 ta-

2067 3900 2265 3955 lentum
2289 3898 2791 3968 plumbi-elevatum,
2815 3907 2863 3952 et
2900 3913 3018 3952 ecce
3057 3896 3247 3950 mulier
3284 3912 3391 3950 una
3429 3897 3659 3949 sedebat

2066 3995 2125 4047 in
2154 3994 2323 4047 medio
2351 4008 2633 4048 mensurae.
2668 3990 2737 4045 Et
2764 3990 2903 4045 dixit
2928 4005 2949 4044 :
2974 3989 3104 4045 Hac
3137 3997 3215 4044 est
3256 3988 3550 4059 iniquitas-
3570 3986 3653 4041 Et

2068 4084 2292 4156 projecit
2317 4100 2432 4139 eam
2472 4084 2530 4137 in
2572 4082 2802 4137 medium
2844 4095 3126 4146 mensurae,
3168 4089 3216 4134 et
3248 4079 3469 4150 projecit
3502 4079 3653 4145 lapi-

2068 4178 2186 4232 dem
2215 4175 2416 4246 plumbi
2438 4175 2494 4228 in
2524 4190 2580 4228 as
2606 4174 2746 4244 ejus.

2138 4356 2305 4430 697
2365 4355 2539 4412 XXX.
2597 4354 2758 4410 initio
2795 4352 3224 4410 declarationum
3285 4366 3527 4408 mearum
3587 4348 3643 4407 in

2068 4448 2215 4504 hunc
2271 4448 2591 4519 prophetam
2620 4446 2805 4512 docui,
2831 4460 2953 4501 eum
2984 4453 3105 4516 post
3140 4442 3373 4499 reditum
3403 4459 3434 4498 e
3464 4442 3644 4514 Baby-

2071 4543 2215 4605 lone,
2278 4556 2400 4609 qua:
2438 4548 2684 4610 tempore
2714 4536 3049 4608 captivitatis
3102 4536 3430 4602 acciderint,
3487 4535 3689 4589 liber-'

2072 4640 2182 4687 tate
2228 4630 2416 4702 p0titis
2480 4630 2760 4686 fructuose
2807 4643 3052 4685 narrare.
3081 4627 3349 4696 Quoniam
3371 4627 3514 4683 enim
3549 4640 3645 4680 eos

2072 4723 2137 4777 ad
2188 4723 2399 4779 sancita
2455 4722 2633 4793 legnm
2675 4723 2979 4792 prmstanda
3035 4722 3390 4776 vehementer
3450 4731 3648 4787 segnes

2074 4814 2466 4884 perspiciebat,
2513 4828 2573 4869 et
2614 4816 2680 4869 ad
2714 4815 3022 4884 voluptates
3058 4828 3187 4869 suas
3218 4811 3511 4882 explendas
3532 4817 3651 4863 toto

2076 4915 2281 4981 hnpetn
2333 4909 2655 4972 declinasse,
2685 4918 2740 4963 et
2797 4908 2941 4981 leges
2966 4907 3099 4963 Mosi
3136 4907 3191 4962 in
3216 4904 3503 4976 postremis
3537 4903 3639 4958 du-

2075 5018 2200 5059 cere
2266 5003 2499 5073 cupisse
2542 5001 2949 5075 (implicuerant
3001 5000 3144 5056 enim
3182 5012 3305 5055 sese
3332 4994 3649 5066 ,peregrinis

2077 5092 2417 5158 mulieribus,
2473 5101 2527 5147 et
2554 5091 2665 5161 jam
2737 5090 2981 5147 nonnulli
3045 5097 3219 5145 metas
3263 5085 3535 5157 aequitatis
3555 5099 3650 5154 pe-

2078 5186 2227 5240 nitus
2277 5184 2506 5255 egressi,
2570 5182 2728 5239 idolis
2752 5182 2953 5238 initiati
3011 5190 3187 5244 erant,
3231 5188 3285 5233 et
3318 5178 3542 5245 insuper
3565 5176 3648 5230 ls-

2076 5280 2292 5335 ciehant
2314 5292 2435 5348 qua:
2467 5277 2713 5349 proferre
2739 5277 2915 5347 pudor
2941 5275 3141 5342 vetat),
3182 5270 3489 5326 necessario
3518 5281 3648 5340 pro-

2073 5370 2232 5440 pheta
2246 5384 2366 5439 qua:
2383 5379 2504 5423 acta
2530 5375 2659 5423 sunt
2683 5372 3096 5428 commemorat,
3134 5370 3192 5416 ut
3215 5369 3550 5430 cognoscant
3582 5359 3647 5411 li-

2075 5462 2246 5518 berati
2307 5462 2561 5527 tandem,
2615 5462 2814 5533 quibus
2870 5458 3149 5514 hominum
3226 5463 3652 5522 sanctorumque

2076 5554 2391 5621 angelorum
2432 5552 2687 5624 precibus
2744 5550 3049 5607 libertatem
3110 5545 3310 5616 adepti,
3335 5552 3525 5602 contra
3563 5556 3650 5598 se-

2076 5646 2338 5717 metipsos
2395 5646 2573 5701 denuo
2623 5645 2997 5699 universorum
3051 5639 3224 5696 Deum
3276 5636 3575 5701 concitent,
3611 5648 3643 5689 a

2074 5739 2323 5810 pristinis
2350 5736 2563 5794 delictis
2589 5744 2847 5794 tanouam
2865 5732 3070 5791 morbis
3087 5731 3345 5804 correpti.
3370 5729 3462 5787 Alt
3484 5742 3613 5797 ergo
3634 5745 3653 5783 ι
