4072 6370
471 458 540 518 εδ
1400 434 1403 435 ί
1485 460 1543 516 s.
1585 458 1857 518 CYBILLI
1894 459 2359 517 ALEXANDRINI
2400 463 2713 520 answer.
3629 461 3703 521 δι

456 600 495 633 Δι
534 576 792 649 EgreSsus
849 585 930 630 est
980 575 1205 646 angelus
1239 574 1332 647 qui
1372 575 1701 647 loquebatur
1775 577 1962 631 inme.
2001 592 2016 627 ι

2129 576 2296 646 χαίων
2319 576 2659 646 αἰτιαμάτων
2674 574 3073 647 ἐμπλεκόμενοι
3093 574 3303 638 λαῦατς.
3336 574 3478 645 Ἔφη
3499 574 3699 641 τοίνυν,

471 672 591 738 Quo
617 684 864 738 egressus
887 669 912 721 ?
937 675 1030 721 aut
1054 666 1144 723 ubi
1182 668 1396 722 tandem
1425 669 1587 723 erat?
1612 670 1695 723 Ab
1719 668 2030 724 ostensione

475 761 629 817 taleis
654 761 720 816 ad
754 761 1082 830 propositam
1113 759 1397 828 visionem,
1424 760 1494 816 de
1529 776 1782 816 mensura
1798 760 2026 824 scilicet,

475 856 615 909 facta
656 864 743 909 est
791 853 1050 924 egressio.
1097 852 1260 909 Tollit
1302 870 1430 923 ergo
1491 856 1750 923 propheta
1776 854 1828 908 in
1862 853 2028 907 altum

471 945 677 1009 oculos,
723 945 920 1014 quibus
949 945 1014 999 a'd
1046 943 1295 999 sublimia
1320 945 1681 1014 percurrenda
1714 944 2030 999 exercitatis

473 1038 554 1093 fas
577 1037 649 1091 sit
693 1052 815 1091 cum
842 1036 1025 1091 divina
1055 1036 1254 1091 virtute
1289 1035 1600 1106 mysterium
1645 1036 2023 1107 contemplari.

470 1128 670 1194 ριιιιιιίι
713 1129 874 1198 igitur
918 1127 1048 1196 quid
1105 1129 1199 1193 sit,
1230 1127 1374 1198 quod
1400 1128 1722 1183 ostenditur.
1766 1128 1901 1183 Tum
1930 1142 2028 1182 an—

469 1220 654 1286 gelus:
693 1236 713 1271 ι
754 1217 1000 1283 Ηωεθεῑ,
1061 1218 1259 1287 inquit,
1299 1233 1551 1273 mensura
1585 1234 1708 1289 qua:
1732 1220 2022 1286 egreditur.

472 1310 593 1366 llaec
622 1319 702 1364 est
741 1310 996 1379 iniquitas
1018 1324 1203 1365 eorum
1223 1312 1439 1364 inomni
1467 1319 1630 1366 terra.
1676 1329 1695 1363 ι
1732 1309 1851 1365 .lam
1896 1310 2025 1379 quid

470 1418 720 1457 mensura
741 1403 832 1465 sit,
893 1403 1181 1457 videndum
1203 1412 1305 1467 est,
1336 1402 1577 1458 Dicimus
1609 1405 1791 1472 itaque
1828 1414 2024 1457 natura

469 1494 667 1546 bonum
719 1502 771 1547 et
826 1493 1105 1547 hominum
1154 1502 1424 1548 amantem
1481 1510 1601 1550 esse
1644 1495 2023 1549 universorum

468 1582 772 1637 Dominum.
796 1580 1089 1637 Peccantes
1116 1582 1258 1638 enim
1285 1583 1498 1646 tolerat,
1526 1592 1579 1638 et
1598 1584 1781 1653 inique
1804 1594 2024 1652 agentes

463 1672 717 1738 sustinet,
765 1672 1185 1743 uniuscuiusque
1244 1675 1621 1744 paenitentiam
1675 1685 2022 1745 exspectans.

462 1765 619 1832 Quod
664 1765 711 1821 si
764 1767 885 1836 quis
914 1766 1076 1821 etiam
1106 1764 1201 1819 diu
1250 1764 1527 1835 peccando
1551 1766 1898 1835 processerit,
1932 1782 2024 1821 su-

2129 670 2211 722 δτι
2249 687 2266 719 ι
2310 667 2559 739 Ἐξῆλθεν
2586 671 2614 721 6
2634 668 2865 738 ἄγγελος
2897 670 2926 721 6
2954 667 3130 721 λαλῶν
3154 668 3212 721 ὲν
3236 667 3378 733 ἐμοί.
3420 685 3439 718 ι
3481 666 3699 737 Ἐξῆλθε

2129 759 2186 813 δὲ
2216 762 2368 827 ὄποι;
2398 759 2500 814 ποῦ
2534 762 2641 832 γὰρ
2680 757 2750 833 ἦν
2795 762 2961 825 ὅλως;
2991 760 3199 814 Οὐκοῦν
3229 762 3293 813 ἐκ
3333 761 3432 831 τῆς
3461 760 3557 814 τοῦ
3581 760 3701 830 δρε-

2130 853 2302 906 πάνου
2323 852 2540 919 δείξεως
2574 854 2666 906 ἐπὶ
2707 854 2807 925 τὴν
2841 852 3206 924 προκειμένην
3232 853 3442 922 ὅρασιν,
3476 853 3574 922 τὴν
3607 853 3699 905 ἐπί

2129 962 2212 1013 γε,
2241 946 2404 1015 φημὶ,
2457 944 2537 1015 τῷ
2585 945 2790 1016 μέτρῳ,
2820 947 2882 999 τὸ
2907 949 3005 1016 τῆς
3046 946 3225 1012 ἐξόδου
3272 944 3460 1014 γέγονε
3489 948 3694 1016 χρῆμα.

2127 1037 2281 1106 Αίρει
2318 1052 2382 1103 γε
2413 1036 2522 1105 μὴν
2551 1039 2580 1090 6
2615 1038 2902 1107 προφήτης
2925 1040 3005 1100 είς
3043 1036 3177 1105 ὕψος
3212 1036 3336 1098 τοὺς
3364 1036 3694 1107 ὀφθαλμοὺς,

2126 1121 2206 1190 οἷς
2230 1127 2462 1197 διᾴττειν
2484 1127 2617 1196 ὑψοῦ
2645 1127 3059 1198 μεμελετηκόσι,
3083 1124 3282 1199 πρέποι
3306 1129 3371 1181 ἂν
3392 1128 3611 1192 είκότως
3635 1129 3697 1183 τὸ

2128 1219 2219 1272 καὶ
2242 1219 2361 1292 θείᾳ
2377 1220 2602 1291 δυνάμει
2634 1221 2926 1291 καταθρεῖν
2949 1223 3262 1291 μυστήριον.
3300 1223 3367 1274 Ἥ
3379 1238 3500 1291 ρετο
3520 1221 3581 1291 δὴ
3603 1218 3697 1275 οὖν

2124 1308 2179 1361 τί
2229 1307 2335 1379 ἀρα
2390 1309 2506 1362 ἐστι
2560 1309 2623 1362 τὸ
2672 1308 3037 1379 δεικνύμενον.
3084 1310 3141 1363 'O
3198 1309 3255 1362 δὲ
3309 1309 3446 1380 πρὸς
3500 1310 3691 1363 αὑτόν-

2132 1418 2151 1451 ι
2194 1400 2384 1465 Τοῦτο,
2419 1401 2575 1471 φησὶ,
2621 1401 2682 1454 τὸ
2732 1400 2931 1472 μέτρον
2965 1400 3025 1453 τὸ
3067 1401 3519 1471 ἐκπορευόμενον.
3548 1402 3693 1471 Αὖτη

2124 1492 2272 1546 ἐστὶν
2302 1495 2333 1563 ἡ
2364 1492 2542 1545 ἀδικία
2577 1491 2753 1544 αὐτῶν
2783 1492 2840 1545 ἐν
2870 1492 3018 1563 πάσῃ
3055 1494 3119 1562 τῇ
3152 1494 3243 1562 γῇ.
3281 1510 3299 1542 ι
3331 1491 3441 1544 Καὶ
3463 1491 3516 1543 τί
3541 1491 3604 1561 δὴ
3633 1491 3696 1544 τὸ

2128 1583 2345 1655 μέτρον,
2387 1583 2798 1654 ἀναλογίζεσθαι
2829 1584 2955 1653 χρή.
2987 1584 3096 1637 Καὶ
3130 1583 3194 1654 δὴ
3225 1584 3317 1636 καί
3362 1599 3563 1651 φαμεν,
3612 1582 3695 1637 δτι

2125 1673 2282 1742 φύσει
2314 1674 2567 1747 χρηστὸς,
2593 1676 2687 1729 καὶ
2726 1673 3106 1744 φιλάνθρωπος
3131 1676 3159 1726 6
3196 1674 3302 1726 τῶν
3330 1673 3465 1726 ὸλων
3493 1672 3697 1725 Δεσπό-

2123 1782 2242 1836 της.
2267 1764 2651 1836 Πλημμελοῦσι
2680 1764 2791 1835 γὰρ
2822 1763 3153 1829 ἀνεξικακεῖ.
3183 1764 3279 1817 καὶ
3312 1763 3695 1835 παρανομούν-

463 1871 813 1927 premamque
865 1856 958 1912 Dei
1013 1856 1331 1925 patientiam
1373 1867 1627 1925 expertus
1668 1856 1852 1923 luerit,
1906 1866 2016 1912 tum

2122 1874 2232 1911 των
2272 1859 2542 1929 ἀνέχεται,
2573 1857 2882 1928 περιμένων
2924 1856 3024 1928 τὴν
3065 1856 3296 1910 ἑκάστου
3333 1856 3692 1927 μετάγνωσιν.

461 1944 693 2015 denique
744 1945 921 2016 ptenis
974 1945 1313 2016 subjicietur,
1333 1955 1389 2001 et
1413 1956 1517 2000 tam
1540 1947 1813 2002 diuturnae
1835 1961 2016 2002 socor-

2125 1949 2184 2001 Εί
2221 1948 2277 2001 δὲ
2306 1948 2366 2021 δή
2394 1965 2479 2013 τις
2511 1948 2578 2001 ῐοι
2620 1948 2714 2002 καὶ
2754 1948 2916 2019 μέχρι
2954 1946 3149 2001 πολλοῦ
3182 1946 3318 2018 πρὸς
3344 1946 3405 1999 τὸ
3444 1944 3697 2014 πλημμε-

459 2040 560 2092 qlia:
590 2050 889 2109 prsetexere
917 2039 1051 2095 nihil
1092 2040 1292 2109 poterit
1325 2057 1343 2094 :
1372 2040 1636 2095 neeillum
1674 2042 1959 2111 quisquam
1989 2055 2019 2094 a

456 2129 651 2195 ptenis,
718 2128 1026 2184 commissis
1055 2127 1172 2197 ejus
1235 2128 1462 2199 paribus
1510 2128 1724 2199 eripiet.
1774 2130 2020 2199 Quapro-

456 2229 576 2287 pter
605 2218 855 2275 Christus
883 2219 1081 2290 populo
1113 2217 1441 2289 Iudaeorum,
1473 2220 1751 2291 impotenti
1798 2222 2016 2276 vesania

451 2311 520 2364 ad
551 2310 767 2380 quidvis
820 2311 1084 2367 nefarium
1147 2313 1349 2379 ruenti,
1393 2314 1609 2384 inquit:
1650 2330 1673 2364 ι
1698 2312 1762 2367 Et
1789 2328 1888 2368 vos
1917 2314 2014 2367 im-

454 2402 642 2468 plestis
672 2418 978 2458 mensuram
1011 2412 1223 2473 patrum
1250 2414 1553 2460 vestrorum
1593 2404 1661 2458 ⁸⁸.
1704 2422 1723 2455 ι
1752 2402 2014 2458 Mensura

432 2494 619 2563 igitur
665 2508 783 2564 qua:
825 2497 1142 2564 apparebat,
1173 2505 1516 2566 peccatorum
1546 2495 1724 2565 populi
1756 2496 1811 2549 in
1834 2496 2014 2566 ipsum

451 2586 784 2639 cutnulatam
843 2586 1241 2641 multitudinem
1279 2588 1622 2643 ostendebat.
1670 2588 1728 2642 In
1765 2602 2015 2643 mensura

452 2691 615 2744 porro
635 2675 831 2730 mulier
850 2676 1099 2738 sedebat,
1135 2677 1436 2747 iniquitatis
1494 2677 1709 2731 modum
1761 2691 2016 2731 consum-

450 2782 623 2831 mans,
659 2777 713 2821 et
738 2766 884 2821 velut
912 2781 1088 2835 perse
1116 2769 1476 2837 capacitatem
1511 2767 1779 2833 impleus:
1820 2768 2015 2821 fortas-

450 2857 527 2911 sis
558 2857 719 2910 etiara
756 2854 1110 2925 supereﬁusa,
1141 2866 1196 2911 et
1230 2872 1334 2927 qua
1355 2857 1627 2919 exstabat,
1654 2859 2011 2926 prospiciens.

453 2965 472 2998 ι
516 2947 580 3001 Ει
606 2962 755 3012 ecce,
784 2948 975 3017 inquit,
1000 2948 1261 3003 talentum
1294 2948 1492 3018 plumbi
1515 2948 1683 3019 698
1716 2950 2010 3015 elevatuin,

447 3052 503 3094 et
533 3040 759 3109 proiecit
815 3040 946 3094 illud
990 3040 1042 3095 in
1101 3055 1164 3095 os
1189 3041 1330 3108 eius.
1368 3060 1386 3091 ι
1419 3042 1880 3097 Describitautem
1919 3057 2013 3096 no.

448 3134 529 3187 bis
578 3132 917 3202 iniquitatem
966 3132 1100 3187 visio
1143 3133 1197 3188 in
1232 3132 1415 3188 habitu
1444 3133 1774 3187 muliercula:
1806 3150 1819 3187 :
1857 3143 2012 3204 typus

2120 2038 2230 2105 λὲς,
2249 2040 2356 2125 ,καὶ
2385 2042 2465 2104 είς
2495 2039 2666 2110 πέρας
2689 2040 2813 2110 ἧκοι
2843 2039 3032 2092 λοιπὸν
3064 2039 3164 2109 τῆς
3188 2037 3337 2108 αὐτῷ
3363 2038 3693 2109 νεμηθείσης

2118 2128 2487 2194 ἀνεξικακίας,
2510 2130 2571 2182 τὸ
2594 2129 2847 2198 τηνικάδε
2873 2128 3058 2182 λοιπὸν
3085 2131 3291 2191 ποιναῖς
3319 2128 3691 2190 ὑποκείσεται,

2118 2224 2214 2276 καὶ
2244 2222 2399 2290 λόγος
2433 2221 2584 2293 αὐτῷ
2629 2225 2726 2292 τῆς
2768 2220 2917 2274 οὕτω
2942 2222 3159 2291 μακρᾶς
3202 2220 3470 2291 ῥᾳθυμίας
3492 2219 3692 2283 οὐδεὶς,

2116 2314 2224 2366 οὐδ’
2257 2312 2324 2366 ἂν
2353 2312 2589 2378 ἐξέλοιτο
2624 2312 2717 2367 τοῦ
2760 2313 2958 2384 χρῆναι
2992 2313 3177 2366 λαϐεῖν
3226 2312 3546 2382 ίσομέτρους
3595 2312 3695 2364 αὑ-

2116 2406 2244 2471 τῶν,
2274 2400 2351 2460 ὧν
2388 2404 2453 2459 ἂν
2480 2405 2721 2475 φαίνοιτο
2751 2403 3025 2476 δεδρακὼς
3059 2404 3159 2463 τὰς
3192 2403 3368 2468 δίκας.
3420 2404 3535 2458 Καὶ
3561 2403 3693 2473 γοῦν

2115 2498 2218 2570 ἔφη
2249 2515 2351 2552 που
2398 2497 2633 2570 Χριστὸς
2675 2498 2813 2568 πρὸς
2863 2497 2991 2560 τοὺς
3020 2496 3130 2549 τῶν
3176 2495 3441 2551 Ἰουδαίων
3486 2496 3691 2567 δήμους

2114 2588 2388 2659 ἀχαλίνοις
2413 2589 2692 2650 ἀπονοίαις
2721 2588 2856 2660 πρὸς
2895 2589 3002 2642 πᾶν
3026 2587 3135 2640 τῶν
3169 2587 3417 2640 ὲκτόπων
3448 2587 3690 2641 διάττον-

2113 2697 2213 2742 τας
2231 2698 2260 2735 γ
2284 2701 2302 2733 ι
2342 2681 2454 2734 Καὶ
2488 2682 2642 2750 ὑμεῖς
2673 2677 3098 2751 ἀνεπληρώσατε
3127 2678 3187 2732 τὸ
3226 2679 3421 2750 μέτρον
3446 2679 3553 2733 τῶν
3583 2696 3689 2731 πα-

2112 2770 2286 2840 τέρων
2313 2769 2487 2839 ὑμῶν.
2527 2788 2546 2820 ι
2580 2768 2787 2823 Οὐκοῦν
2835 2770 3033 2840 μέτρον
3065 2763 3133 2839 ἦν
3166 2768 3228 2822 τὸ
3262 2768 3558 2839 ὁρώμενον,
3592 2770 3691 2840 τῆς

2112 2861 2221 2913 τῶν
2251 2859 2392 2913 λαῶν
2422 2860 2798 2931 πλημμελείας
2828 2861 2912 2929 ἐφ’
2944 2860 3122 2931 ἑαυτῷ
3149 2861 3390 2914 δεικνύον
3422 2860 3519 2932 τὴν
3555 2862 3689 2916 ἀνα-

2112 2952 2413 3023 πλήρωσιν.
2467 2952 2744 3022 Ἐνίδρυτο
2786 2951 2844 3005 δὲ
2879 2950 2958 3021 τῷ
3010 2951 3191 3022 μέτρῳ
3236 2952 3393 3022 γυνὴ,
3428 2955 3527 3023 τῆς
3565 2955 3689 3005 ἀνο-

2116 3044 2243 3114 μίας
2270 3043 2551 3114 πληροῦσα
2574 3044 2665 3096 τὸν
2694 3043 2879 3106 τόπον,
2914 3042 3013 3095 καὶ
3047 3036 3157 3096 οἷον
3197 3041 3593 3113 ἀναπιμπλᾶσα
3618 3042 3687 3094 δι’

2113 3134 2312 3204 ἑαυτῆς
2342 3133 2405 3187 τὸ
2455 3134 2794 3205 κεχωρηκὸς,
2820 3134 2964 3205 τάχα
2994 3151 3097 3187 που
3150 3133 3243 3186 καὶ
3284 3133 3686 3204 ὑπερχεομένη,

444 3225 590 3278 enim
611 3224 899 3294 voluptatis
925 3236 1086 3296 atque
1124 3226 1288 3278 etiam
1319 3225 1649 3279 inﬁrmitatis
1672 3234 1756 3280 est
1782 3225 2009 3279 mulier:

2118 3226 2213 3278 καὶ
2250 3224 2327 3296 τῷ
2366 3224 2605 3297 περιττῷ
2644 3225 3036 3280 διακύπτουσα.
3084 3244 3101 3276 ι
3161 3224 3299 3278 Ἀλλ’
3348 3225 3480 3289 ίδοὺ,
3528 3226 3683 3296 φησι,

444 3326 501 3369 et
519 3317 697 3370 omnis
722 3316 978 3386 iniquitas
1023 3330 1126 3371 non
1151 3315 1308 3369 aliter
1362 3316 1743 3380 committitur,
1777 3315 1879 3370 nisi
1914 3330 2013 3370 vo-

446 3405 648 3476 luptate
674 3406 855 3475 aliqua
893 3406 959 3460 ad
985 3404 1184 3460 malum
1242 3406 1541 3470 inescante,
1601 3413 1657 3459 et
1699 3404 2015 3459 inﬁrmitate

446 3500 647 3554 mentis
696 3500 760 3553 ad
815 3499 916 3552 hoc
970 3497 1362 3552 consentiente.
1424 3496 1559 3551 Nam
1585 3495 1630 3551 si
1699 3511 1852 3552 mens
1872 3496 1924 3550 in
1956 3510 2016 3552 se

451 3591 603 3645 ﬁrma
643 3601 700 3645 et
729 3589 903 3644 virilis
952 3588 1134 3653 fuerit,
1179 3601 1452 3657 nunquam
1503 3602 1563 3644 se
1596 3586 1664 3643 ad
1700 3587 1892 3643 vitium
1919 3588 2014 3643 de-

444 3682 589 3740 ﬂecti
635 3682 890 3750 patietur.
929 3680 987 3735 Si
1040 3689 1221 3735 autem
1270 3679 1510 3735 emollita
1548 3689 1603 3734 et
1631 3679 1905 3735 incantata
1944 3680 2013 3734 ad

445 3773 801 3841 voluptatem,
848 3772 1150 3828 molestiam
1209 3772 1428 3826 sentiet.
1481 3769 1731 3841 Pingitur
1778 3784 1930 3839 ergo,
1960 3780 2016 3825 et

446 3875 807 3935 congruenter
836 3863 1012 3931 valde,
1041 3862 1219 3932 specie
1242 3863 1486 3918 mulieris
1511 3863 1790 3932 iniquitas.
1824 3862 2013 3917 Plum-

444 3959 497 4014 bi
531 3968 709 4013 autem
765 3957 1025 4012 talentum
1071 3956 1338 4012 elevatum
1396 3968 1450 4011 et
1479 3956 1737 4011 obturans
1773 3971 1835 4011 os
1874 3957 2013 4026 ejus,

445 4048 579 4104 nihil
609 4047 779 4113 aliud,
827 4049 1042 4117 opinor,
1093 4055 1276 4118 potest
1299 4047 1546 4118 intelligi,
1600 4057 1798 4117 praeter
1832 4047 2014 4103 Domi-

446 4156 572 4194 num
600 4149 845 4194 nostrum
867 4136 1049 4194 .lesum
1077 4136 1375 4201 Christum,
1400 4136 1493 4206 qui
1524 4151 1620 4206 per
1654 4151 1870 4192 crucem
1889 4151 2014 4204 pre-

448 4230 648 4285 tiosam
706 4230 1000 4294 exaltatus,
1034 4237 1091 4283 et
1123 4228 1437 4296 iniquitates
1468 4239 1684 4284 nostras
1717 4227 1935 4282 sustulit
1959 4228 2011 4282 in

444 4338 642 4394 corpus
664 4339 819 4377 suum
833 4337 995 4392 super
1021 4321 1226 4388 lignum
1258 4320 1326 4386 “,
1351 4330 1406 4375 et
1429 4319 1851 4390 chirographum
1880 4334 2015 4375 cen-

443 4425 526 4469 tra
558 4430 655 4469 nos
692 4414 1041 4484 triumphavit
1066 4414 1134 4480 '7,
1160 4424 1240 4480 ut,
1270 4413 1408 4468 sicut
1442 4413 1518 4467 ait
1545 4414 1759 4468 divinus
1785 4424 2011 4467 cantor:

448 4524 467 4557 ι
501 4505 690 4560 Omnis
746 4504 1002 4573 iniquitas
1050 4505 1250 4574 oppilet
1296 4518 1359 4558 os
1401 4519 1555 4558 suum
1608 4501 1674 4558 ".
1722 4520 1741 4556 ι
1787 4501 2013 4558 Plumbo

2115 3318 2374 3373 τάλαντον
2406 3317 2654 3388 μολίϐδου
2678 3316 3044 3388 ὲξαιρόμενον,
3078 3317 3173 3370 καὶ⁹
3202 3315 3426 3387 ἔρριψεν
3452 3316 3582 3368 αὐτὸ
3608 3317 3687 3376 εἰς

2113 3411 2172 3464 τὸ
2195 3410 2370 3481 στόμα
2396 3410 2588 3479 αὐτῆς,
2618 3428 2638 3462 ι
2662 3409 2867 3480 Γράφει
2893 3409 2949 3463 δὲ
2972 3412 3101 3481 ἡμῖν
3129 3410 3226 3481 τὴν
3243 3410 3473 3480 ἀνομίαν
3493 3411 3529 3473 ἡ
3552 3410 3685 3481 ὅρα-

2116 3520 2199 3567 σις
2226 3505 2305 3568 εἰς
2336 3502 2397 3556 τὸ
2425 3502 2519 3557 τοῦ
2544 3503 2767 3571 γυναίου
2807 3504 2989 3573 σχῆμα
3013 3520 3026 3534 ·
3074 3505 3241 3567 τύπος
3275 3502 3383 3572 γὰρ
3421 3501 3617 3572 ἡδονῆς
3648 3503 3683 3570 ἡ

2113 3596 2271 3669 γυνὴ,
2321 3597 2416 3650 καὶ
2468 3597 2651 3667 μέντοι
2693 3597 2789 3650 καὶ
2844 3595 3162 3657 ἀσθενείας*
3210 3594 3409 3665 ἀνομία
3436 3593 3494 3646 δὲ
3534 3593 3685 3645 πᾶσα

2113 3685 2286 3757 δρῷτο
2309 3685 2374 3740 ἂν
2399 3686 2498 3755 οὺχ
2539 3686 2763 3757 ἑτέρως,
2798 3685 2939 3755 πλὴν
2970 3685 3051 3737 ὅτι
3090 3683 3179 3737 διά
3205 3699 3348 3746 τινος
3380 3682 3571 3751 ἡδονῆς
3596 3682 3684 3734 δε-

2113 3778 2413 3850 λεαζούσης
2446 3780 2536 3832 ἐπὶ
2568 3779 2629 3831 τὸ
2659 3777 2880 3847 φαῦλον,
2923 3774 3327 3846 συμϐαινούσης
3353 3774 3490 3845 πρὸς
3510 3773 3686 3844 τούτῳ

2113 3872 2326 3943 καὶτῆς
2349 3873 2429 3935 είς
2469 3870 2592 3925 νοῦν
2621 3869 2923 3931 ἀσθενείας.
2965 3869 3029 3920 Ei
3065 3867 3163 3937 μὲν
3187 3865 3295 3937 γάρ
3320 3865 3404 3933 εἴη
3436 3864 3684 3934 βεϐηκὼς

2112 3962 2197 4031 ἐφ’
2222 3961 2422 4031 ἑαυτῷ,
2448 3961 2543 4014 καὶ
2568 3959 2809 4030 ἀνδρεῖος
2837 3961 2864 4012 ὁ
2896 3956 3042 4021 νοῦς,
3063 3957 3163 4009 οὐκ
3192 3956 3257 4010 ἂν
3289 3955 3461 4008 ἕλοιτο
3491 3954 3683 4007 παθειν

2110 4053 2209 4124 τὴν
2246 4053 2326 4116 είς
2356 4052 2419 4104 τὸ
2459 4050 2661 4121 φαῦλον
2702 4051 2893 4121 ῥοπήν.
2930 4049 2994 4100 Εἰ
3034 4047 3088 4100 δὲ
3118 4047 3183 4117 δὴ
3229 4043 3591 4116 μαλακισθείη
3622 4060 3685 4097 τε

2112 4145 2206 4198 καὶ
2258 4141 2580 4214 γοητευθείη
2616 4139 2751 4212 πρὸς
2787 4137 2997 4210 ἡδονὴν,
3053 4135 3300 4189 πείσεται
3346 4135 3408 4188 τὸ
3456 4132 3681 4186 λυποῦν.

2112 4234 2386 4304 Γράφεται
2413 4233 2476 4304 δὴ
2505 4229 2618 4296 οὖν,
2650 4231 2745 4284 καὶ
2770 4230 2914 4300 μάλα
2935 4228 3132 4300 ὀρθῶς,
3162 4228 3242 4290 είς
3264 4224 3493 4295 ἀνομίαν
3520 4226 3552 4295 ἡ
3586 4239 3685 4292 γυ-

2112 4324 2200 4393 νή.
2232 4322 2498 4376 Μολίδδου
2553 4321 2610 4375 δὲ
2634 4320 2898 4373 τάλαντον
2939 4318 2999 4370 τὸ
3023 4315 3393 4389 ὲξαιρόμενον,
3432 4314 3527 4368 καὶ
3578 4314 3683 4385 μὴν

2113 4415 2205 4469 καὶ
2232 4414 2541 4485 ὲμφράττον
2567 4412 2625 4465 τὸ
2654 4411 2826 4481 στόμα
2849 4411 3035 4479 αὐτῆς,
3073 4409 3289 4480 νοηθείη
3328 4408 3395 4461 ἂν
3431 4408 3529 4477 ούχ
3567 4407 3684 4459 ἓτε-

2115 4522 2229 4577 ρον,
2257 4500 2431 4576 οἶμαι,
2467 4503 2618 4574 παρά
2640 4504 2731 4555 τὸν
2760 4501 2963 4571 Κύριον
2990 4499 3147 4570 ἡμῶν
3192 4498 3395 4570 Ἰησοῦν
3424 4498 3679 4569 Χριστὸν,

443 4608 619 4654 autem
674 4604 729 4652 et.
782 4596 897 4667 ipse
949 4605 1296 4664 comparatur
1340 4615 1352 4650 :
1392 4596 1687 4651 assumitur
1738 4595 1903 4654 enim.
1949 4602 2009 4647 ut

2117 4596 2169 4658 ὃς
2199 4595 2385 4665 ὑψώθη
2415 4595 2504 4647 διὰ
2546 4593 2638 4647 τοῦ
2667 4593 2849 4662 τιμίου
2886 4590 3139 4662 σταυροῦ,
3177 4590 3267 4643 καὶ
3310 4588 3409 4653 τὰς
3453 4588 3683 4658 ἀνομίας

440 4690 575 4755 dixi,
614 4688 887 4760 plumbum
913 4688 980 4743 ab
1019 4687 1344 4756 argentariis
1371 4688 1671 4741 artiﬁcibus
1704 4689 1772 4739 ad
1818 4700 2007 4755 purga-

442 4780 645 4834 tionem
676 4791 864 4832 eorum
897 4792 1017 4847 quae
1073 4776 1401 4835 conﬂantur.
1445 4777 1592 4831 Talis
1614 4775 2012 4846 quodammodo

438 4872 615 4926 virtus
665 4869 869 4926 Christi
921 4870 975 4925 in
1002 4869 1179 4927 nobis.
1212 4870 1268 4925 Si
1311 4870 1455 4925 enim
1504 4869 1555 4923 in
1580 4879 1810 4924 mentem
1844 4876 2012 4923 etcor

438 4965 668 5026 venerit,
724 4976 918 5017 omnes
952 4961 1141 5016 sordes
1186 4975 1408 5030 prorsus
1464 4958 2012 5028 abstergit.Ccnsent

406 5055 682 5125 quidam,
717 5054 1024 5125 projectum
1078 5067 1199 5108 esse
1238 5051 1510 5122 plumbum
1538 5052 1589 5106 in
1634 5066 1696 5104 os
1748 5049 2009 5119 iniquita-

442 5149 531 5214 tis,
556 5147 705 5203 velut
724 5148 835 5203 Deo
874 5146 1004 5201 illud
1048 5145 1360 5208 obturante,
1418 5152 1473 5197 et
1527 5142 1813 5198 immodice
1866 5140 2004 5197 ultra

436 5249 752 5309 peccatores
804 5251 1066 5292 accusare
1105 5248 1209 5289 non
1271 5237 1640 5302 permittente.
1709 5231 1913 5287 Idcirco
1954 5239 2009 5286 et

437 5330 591 5399 quasi
614 5329 740 5384 fune
770 5326 1256 5392 circumscribitur,
1278 5325 1517 5378 omnium
1555 5323 1873 5377 tniseratore
1902 5323 2007 5378 Deo

437 5420 864 5490 uniuscujusque
899 5433 1115 5490 pa-nam
1163 5415 1462 5473 sceleribus
1510 5416 1859 5486 propoitione
1918 5431 2006 5472 re-

436 5511 791 5577 spondentem
824 5510 1139 5565 deﬁnienle.

2112 4687 2268 4758 ἡμῶν
2288 4688 2587 4756 ἀνήνεγκεν
2626 4688 2682 4739 ὲν
2720 4685 2796 4756 τῷ
2830 4684 3039 4754 σώματι
3079 4681 3241 4736 αὐτοῦ
3285 4683 3377 4736 ἐπὶ
3406 4681 3466 4734 τὸ
3502 4681 3681 4748 ξύλον,

2111 4778 2508 4849 τεθριάμϐευκέ
2551 4795 2611 4831 τε
2655 4778 2715 4831 τὸ
2756 4777 2876 4830 καθ’
2926 4774 3082 4847 ἡμῶν
3127 4774 3508 4846 χειρόγραφον.
3540 4774 3678 4837 Ἵνα,

2110 4867 2254 4924 καθά
2293 4885 2457 4940 φησιν
2503 4870 2531 4921 6
2571 4868 2857 4930 θεσπέσιος
2906 4864 3189 4937 Μελιρδὺς,
3222 4885 3240 4917 ι
3284 4866 3441 4918 Πᾶσα
3483 4864 3683 4932 ἀνομία

2111 4965 2364 5038 ἐμφράξῃ
2396 4964 2458 5017 τὺ
2485 4964 2660 5035 στόμα
2708 4963 2896 5032 αὐτῆς.
2942 4980 2960 5013 ι
2998 4960 3249 5030 Μολίσδῳ
3288 4960 3344 5014 δὲ
3386 4958 3479 5012 καὶ
3520 4957 3683 5021 αὐτὸς

2111 5055 2533 5127 παρεικάζεται·
2576 5053 3064 5126 παραλαμϐάνεται
3094 5052 3173 5117 δὲ,
3203 5052 3278 5113 ὡς
3300 5051 3455 5120 ἔφην,
3480 5050 3507 5102 6
3533 5048 3683 5120 μόλι-

2112 5148 2234 5212 ϐδος
2266 5149 2416 5218 παρά
2432 5148 2540 5201 τῶν
2560 5149 2919 5220 ἀργυροχοεῖν
2941 5146 3227 5208 εἰωθότων,
3258 5146 3338 5209 είς
3366 5141 3682 5213 ἀποκάθαρ-

2117 5256 2200 5297 σιν
2225 5239 2334 5293 τῶν
2370 5240 2774 5311 χωνευομένων.
2808 5238 3042 5309 Τοιαύτη
3078 5236 3135 5290 δέ
3173 5255 3289 5301 πως
3320 5236 3413 5290 τοῦ
3445 5234 3680 5306 Χριστοῦ

2114 5329 2147 5398 ή
2175 5327 2401 5399 δύναμις
2428 5329 2485 5381 ὲν
2517 5329 2665 5399 ἡμῖν,
2703 5329 2765 5380 Εἰ
2791 5324 2900 5397 γὰρ
2926 5328 3007 5390 είς
3037 5326 3159 5380 νοῦν
3188 5326 3394 5390 γένοιτο
3426 5325 3518 5378 καὶ
3547 5341 3686 5396 καρ-

2112 5419 2249 5483 δίαν,
2272 5420 2448 5475 πάντα
2468 5418 2531 5488 δὴ
2564 5420 2780 5480 πάντως
2813 5420 3032 5490 ἐκτήκει
3058 5418 3245 5489 ῥύπον.
3275 5420 3431 5470 Δοκεῖ
3457 5416 3515 5469 δὲ
3542 5433 3683 5471 τισιν

2109 5510 2366 5584 ὲρῤίφθαι
2411 5512 2503 5566 τὸν
2553 5510 2797 5582 μόλιὸδον
2842 5512 2920 5575 εἰς
2953 5511 3011 5566 τὸ
3054 5511 3155 5580 τῆς
3203 5510 3431 5579 ἀνομίας
3484 5509 3681 5578 στόμα,

433 5595 548 5657 οἷον
577 5600 981 5673 ὲιιφράττοντος
1013 5600 1145 5658 αὐτὸ
1175 5599 1270 5657 τοῦ
1301 5597 1460 5666 Θεοῦ,
1494 5599 1590 5656 καὶ
1635 5598 1779 5673 πέρα
1843 5599 2045 5674 μέτρου
2082 5602 2350 5676 καταδοᾷν
2413 5604 2524 5658 τῶν
2551 5604 2948 5676 ἡμαρτηκότων
2983 5602 3084 5657 οὐκ
3107 5602 3349 5672 ἐφιέντος
3374 5602 3471 5655 ἔτι.
3499 5599 3683 5671 Ταύτῃ

436 5692 546 5767 γὰρ
573 5693 638 5765 δή
697 5709 781 5747 τοι
821 5692 915 5748 καὶ
974 5693 1158 5765 μέτρῳ
1215 5692 1697 5765 περισχοινίζεται,
1753 5694 2300 5766 συναναμετροῦντος,
2342 5689 2496 5765 οἶμαί
2570 5712 2696 5758 που,
2751 5693 2843 5747 τοῦ
2887 5694 3094 5757 πάντας
3142 5691 3497 5763 οἰκτείροντος
3543 5689 3680 5745 Θεοῦ

436 5788 549 5848 τοῖς
600 5783 708 5838 τῶν
758 5784 1116 5854 πταισμάτων
1173 5784 1482 5855 ἐγκλήμασι
1520 5782 1618 5846 τὰς
1660 5782 1746 5852 ἐφ’
1793 5784 2006 5855 ἑκάστῳ
2041 5785 2214 5849 δίκας.

508 5900 555 5938 ⁸³
597 5897 786 5958 Matth.
828 5914 980 5964 nm,
1024 5897 1109 5955 52.
1230 5901 1319 5957 “l
1363 5899 1504 5955 l‘elr.
1549 5915 1604 5963 ll,
1644 5899 1732 5953 ει.

1811 5900 1853 5930 ⁸⁷
1893 5899 2098 5955 Coloss.
2146 5916 2204 5963 ιι,
2254 5901 2334 5957 Η.
2416 5903 2457 5933 ⁸⁸
2498 5899 2636 5957 Psal.
2679 5915 2785 5965 ct‘t,
2824 5898 2910 5954 42.
