  <div class='ocr_page' id='page_1' title='image "/cluster/home/n/w/nwhite01/storage/ocr_20150623/72/nnc1.0046980300/048.png"; bbox 0 0 4072 6370; ppageno 0'>
   <div class='ocr_carea' id='block_1_1' title="bbox 298 444 3627 533">
    <p class='ocr_par' dir='ltr' id='par_1_1' title="bbox 298 444 3627 533">
     <span class='ocr_line' id='line_1_1' title="bbox 298 444 3627 533; baseline 0.009 -40"><span class='ocrx_word' id='word_1_1' title='bbox 298 520 303 523; x_wconf 17' lang='grc' dir='ltr'><strong>ν</strong></span> <span class='ocrx_word' id='word_1_2' title='bbox 367 444 443 503; x_wconf 78' lang='lat'><strong>85</strong></span> <span class='ocrx_word' id='word_1_3' title='bbox 1195 446 1751 521; x_wconf 64' lang='lat' dir='ltr'><strong>COMMENTARIUS</strong></span> <span class='ocrx_word' id='word_1_4' title='bbox 1792 450 1854 504; x_wconf 75' lang='lat' dir='ltr'><strong>IN</strong></span> <span class='ocrx_word' id='word_1_5' title='bbox 1899 451 2296 511; x_wconf 68' lang='lat' dir='ltr'><strong>ZACHARIAM</strong></span> <span class='ocrx_word' id='word_1_6' title='bbox 2339 456 2779 514; x_wconf 79' lang='lat' dir='ltr'><strong>PROPHETAM.</strong></span> <span class='ocrx_word' id='word_1_7' title='bbox 3492 526 3495 533; x_wconf 49' lang='grc'><strong>,</strong></span> <span class='ocrx_word' id='word_1_8' title='bbox 3559 465 3627 523; x_wconf 83' lang='lat'><strong>86</strong></span> 
     </span>
    </p>
   </div>
   <div class='ocr_carea' id='block_1_2' title="bbox 437 552 1951 644">
    <p class='ocr_par' dir='ltr' id='par_1_2' title="bbox 437 552 1949 633">
     <span class='ocr_line' id='line_1_2' title="bbox 437 552 1949 633; baseline 0.001 -19"><span class='ocrx_word' id='word_1_9' title='bbox 437 560 549 615; x_wconf 79' lang='grc' dir='ltr'><strong>Καὶ</strong></span> <span class='ocrx_word' id='word_1_10' title='bbox 590 552 709 631; x_wconf 76' lang='grc' dir='ltr'><em>ἦρα</em></span> <span class='ocrx_word' id='word_1_11' title='bbox 750 574 895 626; x_wconf 86' lang='grc' dir='ltr'><em>τους</em></span> <span class='ocrx_word' id='word_1_12' title='bbox 931 559 1278 630; x_wconf 67' lang='grc' dir='ltr'><em>ὀφθαλμούς</em></span> <span class='ocrx_word' id='word_1_13' title='bbox 1307 581 1452 633; x_wconf 84' lang='grc' dir='ltr'><em>μου,</em></span> <span class='ocrx_word' id='word_1_14' title='bbox 1492 565 1593 618; x_wconf 81' lang='grc' dir='ltr'><strong>καί</strong></span> <span class='ocrx_word' id='word_1_15' title='bbox 1646 564 1797 629; x_wconf 77' lang='grc' dir='ltr'><em>ἴδον,</em></span> <span class='ocrx_word' id='word_1_16' title='bbox 1850 564 1949 619; x_wconf 77' lang='grc' dir='ltr'><em>καὶ</em></span> 
     </span>
    </p>
   </div>
   <div class='ocr_carea' id='block_1_3' title="bbox 2055 552 3628 644">
    <p class='ocr_par' dir='ltr' id='par_1_3' title="bbox 2127 571 3628 644">
     <span class='ocr_line' id='line_1_3' title="bbox 2127 571 3628 644; baseline 0.008 -19"><span class='ocrx_word' id='word_1_17' title='bbox 2127 571 2292 637; x_wconf 71' lang='lat' dir='ltr'><strong>Vens,</strong></span> <span class='ocrx_word' id='word_1_18' title='bbox 2317 573 2374 639; x_wconf 89' lang='lat'><strong>9,</strong></span> <span class='ocrx_word' id='word_1_19' title='bbox 2414 574 2499 628; x_wconf 74' lang='lat'><strong>1.0.</strong></span> <span class='ocrx_word' id='word_1_20' title='bbox 2527 573 2594 627; x_wconf 82' lang='lat' dir='ltr'><strong>Et</strong></span> <span class='ocrx_word' id='word_1_21' title='bbox 2626 575 2789 628; x_wconf 78' lang='lat' dir='ltr'><strong><em>levavi</em></strong></span> <span class='ocrx_word' id='word_1_22' title='bbox 2818 573 2994 628; x_wconf 85' lang='lat' dir='ltr'><strong>oculos</strong></span> <span class='ocrx_word' id='word_1_23' title='bbox 3025 591 3186 641; x_wconf 85' lang='lat' dir='ltr'><strong>meos,</strong></span> <span class='ocrx_word' id='word_1_24' title='bbox 3214 586 3263 632; x_wconf 78' lang='lat' dir='ltr'><strong>et</strong></span> <span class='ocrx_word' id='word_1_25' title='bbox 3287 579 3414 644; x_wconf 72' lang='lat' dir='ltr'><strong>vidi,</strong></span> <span class='ocrx_word' id='word_1_26' title='bbox 3446 593 3492 635; x_wconf 80' lang='lat' dir='ltr'><strong>et</strong></span> <span class='ocrx_word' id='word_1_27' title='bbox 3515 599 3628 637; x_wconf 77' lang='lat' dir='ltr'><strong>ecce</strong></span> 
     </span>
    </p>
   </div>
   <div class='ocr_carea' id='block_1_4' title="bbox 368 651 1949 725">
    <p class='ocr_par' dir='ltr' id='par_1_4' title="bbox 368 651 1949 725">
     <span class='ocr_line' id='line_1_4' title="bbox 368 651 1949 725; baseline 0.002 -18"><span class='ocrx_word' id='word_1_28' title='bbox 368 652 498 707; x_wconf 79' lang='grc' dir='ltr'><em>ἰδοὺ</em></span> <span class='ocrx_word' id='word_1_29' title='bbox 542 651 653 705; x_wconf 77' lang='grc' dir='ltr'><em>δύο</em></span> <span class='ocrx_word' id='word_1_30' title='bbox 700 651 982 722; x_wconf 74' lang='grc' dir='ltr'><em>γυναῖκες</em></span> <span class='ocrx_word' id='word_1_31' title='bbox 1028 652 1510 724; x_wconf 74' lang='grc' dir='ltr'><em>ἐκπορευόμεναι,</em></span> <span class='ocrx_word' id='word_1_32' title='bbox 1566 656 1664 710; x_wconf 79' lang='grc' dir='ltr'><strong>καί</strong></span> <span class='ocrx_word' id='word_1_33' title='bbox 1712 657 1949 725; x_wconf 77' lang='grc' dir='ltr'><em>πνεῦμα</em></span> 
     </span>
    </p>
   </div>
   <div class='ocr_carea' id='block_1_5' title="bbox 364 740 1950 817">
    <p class='ocr_par' dir='ltr' id='par_1_5' title="bbox 364 740 1950 817">
     <span class='ocr_line' id='line_1_5' title="bbox 364 740 1950 817; baseline 0.004 -23"><span class='ocrx_word' id='word_1_34' title='bbox 364 741 439 794; x_wconf 78' lang='grc' dir='ltr'><em>ἐν</em></span> <span class='ocrx_word' id='word_1_35' title='bbox 466 740 597 807; x_wconf 82' lang='grc' dir='ltr'><em>ταῖς</em></span> <span class='ocrx_word' id='word_1_36' title='bbox 624 740 913 810; x_wconf 71' lang='grc' dir='ltr'><em>πτέρυξιν</em></span> <span class='ocrx_word' id='word_1_37' title='bbox 941 742 1157 809; x_wconf 80' lang='grc' dir='ltr'><em>αὐτῶν,</em></span> <span class='ocrx_word' id='word_1_38' title='bbox 1198 746 1299 798; x_wconf 75' lang='grc' dir='ltr'><strong>καί</strong></span> <span class='ocrx_word' id='word_1_39' title='bbox 1337 741 1514 802; x_wconf 83' lang='grc' dir='ltr'><em>αὗται</em></span> <span class='ocrx_word' id='word_1_40' title='bbox 1544 743 1713 817; x_wconf 78' lang='grc' dir='ltr'><em>εἶχον</em></span> <span class='ocrx_word' id='word_1_41' title='bbox 1743 746 1950 815; x_wconf 83' lang='grc' dir='ltr'><em>πτέρυ-</em></span> 
     </span>
    </p>
   </div>
   <div class='ocr_carea' id='block_1_6' title="bbox 367 832 1950 907">
    <p class='ocr_par' dir='ltr' id='par_1_6' title="bbox 367 832 1950 907">
     <span class='ocr_line' id='line_1_6' title="bbox 367 832 1950 907; baseline 0.004 -23"><span class='ocrx_word' id='word_1_42' title='bbox 367 849 477 901; x_wconf 74' lang='grc' dir='ltr'><strong>γας</strong></span> <span class='ocrx_word' id='word_1_43' title='bbox 502 832 754 897; x_wconf 70' lang='grc' dir='ltr'><em>ἔποπος,</em></span> <span class='ocrx_word' id='word_1_44' title='bbox 802 833 904 887; x_wconf 78' lang='grc' dir='ltr'><em>καὶ</em></span> <span class='ocrx_word' id='word_1_45' title='bbox 944 832 1241 889; x_wconf 73' lang='grc' dir='ltr'><em>ἀνέλαϐον</em></span> <span class='ocrx_word' id='word_1_46' title='bbox 1283 836 1351 890; x_wconf 86' lang='grc' dir='ltr'><em>τὸ</em></span> <span class='ocrx_word' id='word_1_47' title='bbox 1376 836 1600 904; x_wconf 79' lang='grc' dir='ltr'><em>μέτρον</em></span> <span class='ocrx_word' id='word_1_48' title='bbox 1643 836 1950 907; x_wconf 86' lang='grc' dir='ltr'><em>ἀναμέσον</em></span> 
     </span>
    </p>
   </div>
   <div class='ocr_carea' id='block_1_7' title="bbox 369 921 1949 997">
    <p class='ocr_par' dir='ltr' id='par_1_7' title="bbox 369 921 1949 997">
     <span class='ocr_line' id='line_1_7' title="bbox 369 921 1949 997; baseline 0.007 -21"><span class='ocrx_word' id='word_1_49' title='bbox 369 921 644 994; x_wconf 56' lang='grc' dir='ltr'><em>τεῆς-γῆς,</em></span> <span class='ocrx_word' id='word_1_50' title='bbox 692 925 795 979; x_wconf 78' lang='grc' dir='ltr'><strong>καί</strong></span> <span class='ocrx_word' id='word_1_51' title='bbox 830 924 1145 995; x_wconf 83' lang='grc' dir='ltr'><em>ἀναμέσον</em></span> <span class='ocrx_word' id='word_1_52' title='bbox 1168 926 1278 982; x_wconf 85' lang='grc' dir='ltr'><em>τοῦ</em></span> <span class='ocrx_word' id='word_1_53' title='bbox 1319 930 1625 997; x_wconf 40' lang='grc' dir='ltr'><em>οὐρανοῦ,</em></span> <span class='ocrx_word' id='word_1_54' title='bbox 1654 930 1763 985; x_wconf 84' lang='lat' dir='ltr'><strong>Kal</strong></span> <span class='ocrx_word' id='word_1_55' title='bbox 1810 927 1949 987; x_wconf 75' lang='grc' dir='ltr'><em>εἶπα</em></span> 
     </span>
    </p>
   </div>
   <div class='ocr_carea' id='block_1_8' title="bbox 368 1012 1949 1089">
    <p class='ocr_par' dir='ltr' id='par_1_8' title="bbox 368 1012 1949 1089">
     <span class='ocr_line' id='line_1_8' title="bbox 368 1012 1949 1089; baseline 0.007 -23"><span class='ocrx_word' id='word_1_56' title='bbox 368 1013 523 1080; x_wconf 72' lang='grc' dir='ltr'><em>πρὸς</em></span> <span class='ocrx_word' id='word_1_57' title='bbox 559 1012 670 1067; x_wconf 80' lang='grc' dir='ltr'><em>τὸν</em></span> <span class='ocrx_word' id='word_1_58' title='bbox 704 1013 982 1084; x_wconf 61' lang='grc' dir='ltr'><em>ἄγγελον,</em></span> <span class='ocrx_word' id='word_1_59' title='bbox 1022 1016 1129 1071; x_wconf 87' lang='grc' dir='ltr'><em>τὸν</em></span> <span class='ocrx_word' id='word_1_60' title='bbox 1173 1018 1499 1073; x_wconf 71' lang='grc' dir='ltr'><em>λαλοῦντα</em></span> <span class='ocrx_word' id='word_1_61' title='bbox 1520 1019 1593 1072; x_wconf 82' lang='grc' dir='ltr'><em>ἐν</em></span> <span class='ocrx_word' id='word_1_62' title='bbox 1618 1019 1750 1089; x_wconf 78' lang='grc' dir='ltr'><em>ἐμοι</em></span> <span class='ocrx_word' id='word_1_63' title='bbox 1770 1038 1785 1054; x_wconf 77' lang='grc' dir='ltr'><strong>ο</strong></span> <span class='ocrx_word' id='word_1_64' title='bbox 1823 1022 1949 1077; x_wconf 84' lang='grc' dir='ltr'><strong>Ποῦ</strong></span> 
     </span>
    </p>
   </div>
   <div class='ocr_carea' id='block_1_9' title="bbox 364 1100 1945 1181">
    <p class='ocr_par' dir='ltr' id='par_1_9' title="bbox 364 1100 1945 1181">
     <span class='ocr_line' id='line_1_9' title="bbox 364 1100 1945 1181; baseline 0.005 -24"><span class='ocrx_word' id='word_1_65' title='bbox 364 1100 1036 1174; x_wconf 40' lang='grc' dir='ltr'><em>αὖταάποφέρουσιντὸ</em></span> <span class='ocrx_word' id='word_1_66' title='bbox 1067 1106 1289 1177; x_wconf 80' lang='grc' dir='ltr'><em>μέτρον</em></span> <span class='ocrx_word' id='word_1_67' title='bbox 1308 1108 1463 1172; x_wconf 83' lang='lat' dir='ltr'><strong>;.Kal</strong></span> <span class='ocrx_word' id='word_1_68' title='bbox 1493 1106 1623 1164; x_wconf 79' lang='grc' dir='ltr'><em>εἷπε</em></span> <span class='ocrx_word' id='word_1_69' title='bbox 1654 1111 1809 1179; x_wconf 80' lang='grc' dir='ltr'><em>πρός.</em></span> <span class='ocrx_word' id='word_1_70' title='bbox 1835 1129 1911 1181; x_wconf 78' lang='grc' dir='ltr'><strong>με</strong></span> <span class='ocrx_word' id='word_1_71' title='bbox 1931 1129 1945 1141; x_wconf 88' lang='grc'><strong>·</strong></span> 
     </span>
    </p>
   </div>
   <div class='ocr_carea' id='block_1_10' title="bbox 371 1195 1949 1271">
    <p class='ocr_par' dir='ltr' id='par_1_10' title="bbox 371 1195 1949 1271">
     <span class='ocr_line' id='line_1_10' title="bbox 371 1195 1949 1271; baseline 0.004 -18"><span class='ocrx_word' id='word_1_72' title='bbox 371 1195 776 1268; x_wconf 77' lang='grc' dir='ltr'><em>οἰκοδομῆσαι</em></span> <span class='ocrx_word' id='word_1_73' title='bbox 810 1196 970 1264; x_wconf 82' lang='grc' dir='ltr'><em>αὐτῷ</em></span> <span class='ocrx_word' id='word_1_74' title='bbox 1004 1201 1204 1254; x_wconf 83' lang='grc' dir='ltr'><em>οἰκίαν</em></span> <span class='ocrx_word' id='word_1_75' title='bbox 1240 1200 1312 1255; x_wconf 78' lang='grc' dir='ltr'><em>ἐν</em></span> <span class='ocrx_word' id='word_1_76' title='bbox 1338 1199 1818 1271; x_wconf 64' lang='grc' dir='ltr'><em>πῇεΒασυλῶνος,</em></span> <span class='ocrx_word' id='word_1_77' title='bbox 1849 1205 1949 1259; x_wconf 79' lang='grc' dir='ltr'><strong>καὶ</strong></span> 
     </span>
    </p>
   </div>
   <div class='ocr_carea' id='block_1_11' title="bbox 367 1287 1949 1361">
    <p class='ocr_par' dir='ltr' id='par_1_11' title="bbox 367 1287 1949 1361">
     <span class='ocr_line' id='line_1_11' title="bbox 367 1287 1949 1361; baseline 0.004 -19"><span class='ocrx_word' id='word_1_78' title='bbox 367 1287 699 1358; x_wconf 75' lang='grc' dir='ltr'><em>ἑτοιμάσω,</em></span> <span class='ocrx_word' id='word_1_79' title='bbox 728 1288 827 1343; x_wconf 78' lang='grc' dir='ltr'><strong>καί</strong></span> <span class='ocrx_word' id='word_1_80' title='bbox 852 1287 1153 1357; x_wconf 77' lang='grc' dir='ltr'><strong>θήσουσιν</strong></span> <span class='ocrx_word' id='word_1_81' title='bbox 1187 1290 1333 1345; x_wconf 81' lang='grc' dir='ltr'><em>αὐτὸ</em></span> <span class='ocrx_word' id='word_1_82' title='bbox 1370 1291 1500 1345; x_wconf 77' lang='grc' dir='ltr'><em>ἐκεῖ</em></span> <span class='ocrx_word' id='word_1_83' title='bbox 1528 1292 1627 1345; x_wconf 77' lang='grc' dir='ltr'><em>ἐπὶ</em></span> <span class='ocrx_word' id='word_1_84' title='bbox 1653 1291 1767 1361; x_wconf 80' lang='grc' dir='ltr'><em>τὴν</em></span> <span class='ocrx_word' id='word_1_85' title='bbox 1799 1293 1949 1348; x_wconf 84' lang='grc' dir='ltr'><em>ἐτοι-</em></span> 
     </span>
    </p>
   </div>
   <div class='ocr_carea' id='block_1_12' title="bbox 362 1379 944 1457">
    <p class='ocr_par' dir='ltr' id='par_1_12' title="bbox 362 1379 944 1457">
     <span class='ocr_line' id='line_1_12' title="bbox 362 1379 944 1457; baseline 0.003 -24"><span class='ocrx_word' id='word_1_86' title='bbox 362 1381 600 1449; x_wconf 80' lang='grc' dir='ltr'><em>μασίαν</em></span> <span class='ocrx_word' id='word_1_87' title='bbox 629 1379 837 1435; x_wconf 81' lang='grc' dir='ltr'><em>αὐτοῦ.</em></span> <span class='ocrx_word' id='word_1_88' title='bbox 939 1453 944 1457; x_wconf 22' lang='grc'><strong>,</strong></span> 
     </span>
    </p>
   </div>
   <div class='ocr_carea' id='block_1_13' title="bbox 439 1469 1949 1548">
    <p class='ocr_par' dir='ltr' id='par_1_13' title="bbox 439 1469 1949 1548">
     <span class='ocr_line' id='line_1_13' title="bbox 439 1469 1949 1548; baseline 0.005 -25"><span class='ocrx_word' id='word_1_89' title='bbox 439 1470 568 1525; x_wconf 71' lang='grc' dir='ltr'><strong>ΛΔθ.</strong></span> <span class='ocrx_word' id='word_1_90' title='bbox 609 1469 674 1523; x_wconf 89' lang='grc' dir='ltr'><em>Τί</em></span> <span class='ocrx_word' id='word_1_91' title='bbox 703 1470 770 1524; x_wconf 82' lang='grc' dir='ltr'><em>ἂν</em></span> <span class='ocrx_word' id='word_1_92' title='bbox 801 1470 1043 1541; x_wconf 77' lang='grc' dir='ltr'><em>βούλοιτο</em></span> <span class='ocrx_word' id='word_1_93' title='bbox 1085 1471 1277 1544; x_wconf 76' lang='grc' dir='ltr'><em>δηλοῦν</em></span> <span class='ocrx_word' id='word_1_94' title='bbox 1306 1473 1416 1527; x_wconf 84' lang='grc' dir='ltr'><em>τῶν</em></span> <span class='ocrx_word' id='word_1_95' title='bbox 1451 1472 1724 1543; x_wconf 81' lang='grc' dir='ltr'><em>γυναικῶν</em></span> <span class='ocrx_word' id='word_1_96' title='bbox 1754 1477 1788 1548; x_wconf 76' lang='grc' dir='ltr'><strong>η</strong></span> <span class='ocrx_word' id='word_1_97' title='bbox 1826 1473 1949 1541; x_wconf 84' lang='grc' dir='ltr'><em>ξυν-</em></span> 
     </span>
    </p>
   </div>
   <div class='ocr_carea' id='block_1_14' title="bbox 367 1558 1947 1638">
    <p class='ocr_par' dir='ltr' id='par_1_14' title="bbox 367 1558 1947 1638">
     <span class='ocr_line' id='line_1_14' title="bbox 367 1558 1947 1638; baseline 0.004 -24"><span class='ocrx_word' id='word_1_98' title='bbox 367 1561 539 1633; x_wconf 72' lang='grc' dir='ltr'><em>ωρὶς,</em></span> <span class='ocrx_word' id='word_1_99' title='bbox 572 1561 783 1632; x_wconf 44' lang='grc' dir='ltr'><em>ῆ,τίνος</em></span> <span class='ocrx_word' id='word_1_100' title='bbox 826 1560 893 1615; x_wconf 78' lang='grc' dir='ltr'><em>ἂν</em></span> <span class='ocrx_word' id='word_1_101' title='bbox 933 1558 1045 1616; x_wconf 85' lang='grc' dir='ltr'><em>εἷεν</em></span> <span class='ocrx_word' id='word_1_102' title='bbox 1079 1565 1161 1628; x_wconf 87' lang='grc' dir='ltr'><strong>εἰς</strong></span> <span class='ocrx_word' id='word_1_103' title='bbox 1211 1565 1402 1631; x_wconf 84' lang='grc' dir='ltr'><em>τύπον,</em></span> <span class='ocrx_word' id='word_1_104' title='bbox 1455 1567 1759 1636; x_wconf 77' lang='grc' dir='ltr'><em>ἀναγκαῖον</em></span> <span class='ocrx_word' id='word_1_105' title='bbox 1794 1563 1947 1638; x_wconf 80' lang='grc' dir='ltr'><em>οἶμαί</em></span> 
     </span>
    </p>
   </div>
   <div class='ocr_carea' id='block_1_15' title="bbox 371 1652 1948 1728">
    <p class='ocr_par' dir='ltr' id='par_1_15' title="bbox 371 1652 1948 1728">
     <span class='ocr_line' id='line_1_15' title="bbox 371 1652 1948 1728; baseline 0.003 -22"><span class='ocrx_word' id='word_1_106' title='bbox 371 1668 485 1706; x_wconf 74' lang='grc' dir='ltr'><strong>που</strong></span> <span class='ocrx_word' id='word_1_107' title='bbox 506 1654 598 1707; x_wconf 82' lang='grc' dir='ltr'><em>καὶ</em></span> <span class='ocrx_word' id='word_1_108' title='bbox 624 1652 731 1725; x_wconf 82' lang='grc' dir='ltr'><strong>πρό</strong></span> <span class='ocrx_word' id='word_1_109' title='bbox 759 1669 823 1721; x_wconf 87' lang='grc' dir='ltr'><strong>γε</strong></span> <span class='ocrx_word' id='word_1_110' title='bbox 844 1652 952 1707; x_wconf 83' lang='grc' dir='ltr'><em>τῶν</em></span> <span class='ocrx_word' id='word_1_111' title='bbox 973 1653 1149 1708; x_wconf 76' lang='grc' dir='ltr'><em>ἄλλων</em></span> <span class='ocrx_word' id='word_1_112' title='bbox 1172 1658 1365 1712; x_wconf 83' lang='grc' dir='ltr'><em>εἰπεῖν.</em></span> <span class='ocrx_word' id='word_1_113' title='bbox 1394 1658 1536 1728; x_wconf 84' lang='grc' dir='ltr'><strong>Ἔφη</strong></span> <span class='ocrx_word' id='word_1_114' title='bbox 1562 1658 1739 1711; x_wconf 93' lang='grc' dir='ltr'><em>τοίνυν</em></span> <span class='ocrx_word' id='word_1_115' title='bbox 1767 1660 1796 1711; x_wconf 85' lang='grc' dir='ltr'>ὁ</span> <span class='ocrx_word' id='word_1_116' title='bbox 1816 1657 1948 1721; x_wconf 72' lang='grc' dir='ltr'><em>θεὸς</em></span> 
     </span>
    </p>
   </div>
   <div class='ocr_carea' id='block_1_16' title="bbox 371 1742 1949 1818">
    <p class='ocr_par' dir='ltr' id='par_1_16' title="bbox 371 1742 1949 1818">
     <span class='ocr_line' id='line_1_16' title="bbox 371 1742 1949 1818; baseline 0.007 -24"><span class='ocrx_word' id='word_1_117' title='bbox 371 1742 449 1813; x_wconf 83' lang='grc' dir='ltr'><em>τῷ</em></span> <span class='ocrx_word' id='word_1_118' title='bbox 481 1746 736 1816; x_wconf 78' lang='grc' dir='ltr'><strong>προφήτῃ</strong></span> <span class='ocrx_word' id='word_1_119' title='bbox 777 1743 1037 1816; x_wconf 74' lang='grc' dir='ltr'><em>Ἰεζεχιήλ</em></span> <span class='ocrx_word' id='word_1_120' title='bbox 1058 1761 1073 1776; x_wconf 76' lang='grc' dir='ltr'><strong>ο</strong></span> <span class='ocrx_word' id='word_1_121' title='bbox 1104 1764 1124 1797; x_wconf 78' lang='grc' dir='ltr'><strong>ι</strong></span> <span class='ocrx_word' id='word_1_122' title='bbox 1156 1746 1251 1799; x_wconf 78' lang='grc' dir='ltr'><strong>Υἱὲ</strong></span> <span class='ocrx_word' id='word_1_123' title='bbox 1293 1745 1603 1818; x_wconf 82' lang='grc' dir='ltr'><em>ἀνθρώπου,</em></span> <span class='ocrx_word' id='word_1_124' title='bbox 1645 1749 1739 1803; x_wconf 79' lang='grc' dir='ltr'><em>δύο</em></span> <span class='ocrx_word' id='word_1_125' title='bbox 1765 1754 1949 1817; x_wconf 84' lang='grc' dir='ltr'><em>γυναῖ-</em></span> 
     </span>
    </p>
   </div>
   <div class='ocr_carea' id='block_1_17' title="bbox 372 1832 1950 1912">
    <p class='ocr_par' dir='ltr' id='par_1_17' title="bbox 372 1832 1950 1912">
     <span class='ocr_line' id='line_1_17' title="bbox 372 1832 1950 1912; baseline 0.005 -23"><span class='ocrx_word' id='word_1_126' title='bbox 372 1853 468 1900; x_wconf 83' lang='grc' dir='ltr'><strong>κες</strong></span> <span class='ocrx_word' id='word_1_127' title='bbox 502 1832 665 1908; x_wconf 79' lang='grc' dir='ltr'><em>ἦσαν,</em></span> <span class='ocrx_word' id='word_1_128' title='bbox 716 1836 1016 1909; x_wconf 81' lang='grc' dir='ltr'><strong>θυγατέρες</strong></span> <span class='ocrx_word' id='word_1_129' title='bbox 1049 1840 1255 1911; x_wconf 85' lang='grc' dir='ltr'><em>μητρὸς</em></span> <span class='ocrx_word' id='word_1_130' title='bbox 1304 1842 1454 1911; x_wconf 81' lang='grc' dir='ltr'><em>μιᾶς,</em></span> <span class='ocrx_word' id='word_1_131' title='bbox 1497 1841 1591 1894; x_wconf 66' lang='grc' dir='ltr'><strong>κα)⁸</strong></span> <span class='ocrx_word' id='word_1_132' title='bbox 1641 1842 1950 1912; x_wconf 79' lang='grc' dir='ltr'><em>ὲξεπόρνευ·</em></span> 
     </span>
    </p>
   </div>
   <div class='ocr_carea' id='block_1_18' title="bbox 2061 664 3627 739">
    <p class='ocr_par' dir='ltr' id='par_1_18' title="bbox 2061 664 3627 739">
     <span class='ocr_line' id='line_1_18' title="bbox 2061 664 3627 739; baseline 0.006 -23"><span class='ocrx_word' id='word_1_133' title='bbox 2061 664 2181 718; x_wconf 81' lang='lat' dir='ltr'><strong>dua:</strong></span> <span class='ocrx_word' id='word_1_134' title='bbox 2209 666 2455 720; x_wconf 81' lang='lat' dir='ltr'><strong>mulieres</strong></span> <span class='ocrx_word' id='word_1_135' title='bbox 2487 667 2895 735; x_wconf 80' lang='lat' dir='ltr'><strong>egredientes,et</strong></span> <span class='ocrx_word' id='word_1_136' title='bbox 2927 668 3147 736; x_wconf 84' lang='lat' dir='ltr'><strong>spiritus</strong></span> <span class='ocrx_word' id='word_1_137' title='bbox 3178 670 3233 723; x_wconf 84' lang='lat' dir='ltr'><strong>in</strong></span> <span class='ocrx_word' id='word_1_138' title='bbox 3257 669 3357 724; x_wconf 82' lang='lat' dir='ltr'><strong>alis</strong></span> <span class='ocrx_word' id='word_1_139' title='bbox 3370 671 3627 739; x_wconf 81' lang='lat' dir='ltr'><strong>ipsarum,</strong></span> 
     </span>
    </p>
   </div>
   <div class='ocr_carea' id='block_1_19' title="bbox 2058 756 3615 825">
    <p class='ocr_par' dir='ltr' id='par_1_19' title="bbox 2058 756 3615 825">
     <span class='ocr_line' id='line_1_19' title="bbox 2058 756 3615 825; baseline 0.004 -17"><span class='ocrx_word' id='word_1_140' title='bbox 2058 764 2115 808; x_wconf 71' lang='lat' dir='ltr'><strong>et</strong></span> <span class='ocrx_word' id='word_1_141' title='bbox 2136 757 2265 823; x_wconf 66' lang='lat' dir='ltr'><strong>ipsa:</strong></span> <span class='ocrx_word' id='word_1_142' title='bbox 2302 757 2561 810; x_wconf 75' lang='lat' dir='ltr'><strong>habebant</strong></span> <span class='ocrx_word' id='word_1_143' title='bbox 2594 756 2710 811; x_wconf 82' lang='lat' dir='ltr'><strong>alas</strong></span> <span class='ocrx_word' id='word_1_144' title='bbox 2738 772 2947 825; x_wconf 79' lang='lat' dir='ltr'><strong>upupte,</strong></span> <span class='ocrx_word' id='word_1_145' title='bbox 2974 764 3025 811; x_wconf 77' lang='lat' dir='ltr'><strong>et</strong></span> <span class='ocrx_word' id='word_1_146' title='bbox 3052 757 3377 813; x_wconf 63' lang='lat' dir='ltr'><strong>(levaverunt</strong></span> <span class='ocrx_word' id='word_1_147' title='bbox 3419 776 3615 814; x_wconf 84' lang='lat' dir='ltr'><strong>mensu-</strong></span> 
     </span>
    </p>
   </div>
   <div class='ocr_carea' id='block_1_20' title="bbox 2060 848 3624 922">
    <p class='ocr_par' dir='ltr' id='par_1_20' title="bbox 2060 848 3624 922">
     <span class='ocr_line' id='line_1_20' title="bbox 2060 848 3624 922; baseline 0.002 -22"><span class='ocrx_word' id='word_1_148' title='bbox 2060 849 2338 904; x_wconf 73' lang='lat' dir='ltr'><strong>ramintsr</strong></span> <span class='ocrx_word' id='word_1_149' title='bbox 2382 858 2577 902; x_wconf 66' lang='lat' dir='ltr'><strong>terram</strong></span> <span class='ocrx_word' id='word_1_150' title='bbox 2611 858 2658 903; x_wconf 83' lang='lat' dir='ltr'><strong>et</strong></span> <span class='ocrx_word' id='word_1_151' title='bbox 2721 849 2924 904; x_wconf 69' lang='lat' dir='ltr'><strong>calum.</strong></span> <span class='ocrx_word' id='word_1_152' title='bbox 2975 848 3044 904; x_wconf 81' lang='lat' dir='ltr'><strong>Et</strong></span> <span class='ocrx_word' id='word_1_153' title='bbox 3087 851 3202 904; x_wconf 70' lang='lat' dir='ltr'><strong>dixi</strong></span> <span class='ocrx_word' id='word_1_154' title='bbox 3240 852 3310 904; x_wconf 78' lang='lat' dir='ltr'><strong>ad</strong></span> <span class='ocrx_word' id='word_1_155' title='bbox 3354 851 3624 922; x_wconf 81' lang='lat' dir='ltr'><strong>angelum,</strong></span> 
     </span>
    </p>
   </div>
   <div class='ocr_carea' id='block_1_21' title="bbox 2057 939 3628 1010">
    <p class='ocr_par' dir='ltr' id='par_1_21' title="bbox 2057 939 3628 1010">
     <span class='ocr_line' id='line_1_21' title="bbox 2057 939 3628 1010; baseline 0.003 -19"><span class='ocrx_word' id='word_1_156' title='bbox 2057 939 2536 1010; x_wconf 72' lang='lat' dir='ltr'><strong>quiloqueba‘turin</strong></span> <span class='ocrx_word' id='word_1_157' title='bbox 2569 956 2651 995; x_wconf 85' lang='lat' dir='ltr'><strong>me</strong></span> <span class='ocrx_word' id='word_1_158' title='bbox 2677 940 2842 1007; x_wconf 25' lang='lat' dir='ltr'><strong>:tQuo</strong></span> <span class='ocrx_word' id='word_1_159' title='bbox 2869 943 2985 996; x_wconf 68' lang='lat' dir='ltr'><strong>istm</strong></span> <span class='ocrx_word' id='word_1_160' title='bbox 3013 942 3253 1009; x_wconf 77' lang='lat' dir='ltr'><strong>deferunt</strong></span> <span class='ocrx_word' id='word_1_161' title='bbox 3279 960 3576 998; x_wconf 80' lang='lat' dir='ltr'><strong>mensuram</strong></span> <span class='ocrx_word' id='word_1_162' title='bbox 3602 944 3628 996; x_wconf 83' lang='lat'><strong><em>?</em></strong></span> 
     </span>
    </p>
   </div>
   <div class='ocr_carea' id='block_1_22' title="bbox 2062 1031 3624 1102">
    <p class='ocr_par' dir='ltr' id='par_1_22' title="bbox 2062 1031 3624 1102">
     <span class='ocr_line' id='line_1_22' title="bbox 2062 1031 3624 1102; baseline 0.003 -17"><span class='ocrx_word' id='word_1_163' title='bbox 2062 1031 2129 1085; x_wconf 82' lang='lat' dir='ltr'><strong>Et</strong></span> <span class='ocrx_word' id='word_1_164' title='bbox 2153 1033 2292 1087; x_wconf 61' lang='lat' dir='ltr'><strong>dixit</strong></span> <span class='ocrx_word' id='word_1_165' title='bbox 2320 1032 2390 1087; x_wconf 82' lang='lat' dir='ltr'><strong>ad</strong></span> <span class='ocrx_word' id='word_1_166' title='bbox 2429 1048 2509 1088; x_wconf 79' lang='lat' dir='ltr'><strong>me</strong></span> <span class='ocrx_word' id='word_1_167' title='bbox 2532 1048 2553 1088; x_wconf 74' lang='grc' dir='ltr'><strong>ι</strong></span> <span class='ocrx_word' id='word_1_168' title='bbox 2588 1031 2657 1087; x_wconf 73' lang='lat' dir='ltr'><strong>Ut</strong></span> <span class='ocrx_word' id='word_1_169' title='bbox 2691 1032 2951 1102; x_wconf 66' lang='lat' dir='ltr'><strong>(artiﬁcem</strong></span> <span class='ocrx_word' id='word_1_170' title='bbox 2973 1035 3019 1088; x_wconf 85' lang='lat' dir='ltr'><strong>ei</strong></span> <span class='ocrx_word' id='word_1_171' title='bbox 3039 1034 3248 1088; x_wconf 86' lang='lat' dir='ltr'><strong>domum</strong></span> <span class='ocrx_word' id='word_1_172' title='bbox 3269 1035 3324 1087; x_wconf 81' lang='lat' dir='ltr'><strong>in</strong></span> <span class='ocrx_word' id='word_1_173' title='bbox 3348 1045 3488 1089; x_wconf 83' lang='lat' dir='ltr'><strong>terra</strong></span> <span class='ocrx_word' id='word_1_174' title='bbox 3518 1034 3624 1088; x_wconf 84' lang='lat' dir='ltr'><strong>Ba-</strong></span> 
     </span>
    </p>
   </div>
   <div class='ocr_carea' id='block_1_23' title="bbox 2057 1122 3623 1195">
    <p class='ocr_par' dir='ltr' id='par_1_23' title="bbox 2057 1122 3623 1195">
     <span class='ocr_line' id='line_1_23' title="bbox 2057 1122 3623 1195; baseline 0.004 -20"><span class='ocrx_word' id='word_1_175' title='bbox 2057 1122 2283 1193; x_wconf 77' lang='lat' dir='ltr'><strong>bylonis,</strong></span> <span class='ocrx_word' id='word_1_176' title='bbox 2313 1133 2696 1194; x_wconf 71' lang='lat' dir='ltr'><strong>etprcparent,</strong></span> <span class='ocrx_word' id='word_1_177' title='bbox 2724 1133 2779 1180; x_wconf 80' lang='lat' dir='ltr'><strong>et</strong></span> <span class='ocrx_word' id='word_1_178' title='bbox 2806 1134 3003 1195; x_wconf 78' lang='lat' dir='ltr'><strong>ponant</strong></span> <span class='ocrx_word' id='word_1_179' title='bbox 3028 1124 3195 1179; x_wconf 68' lang='lat' dir='ltr'><strong>illam</strong></span> <span class='ocrx_word' id='word_1_180' title='bbox 3217 1125 3288 1180; x_wconf 81' lang='lat' dir='ltr'><strong>ibi</strong></span> <span class='ocrx_word' id='word_1_181' title='bbox 3305 1141 3462 1195; x_wconf 77' lang='lat' dir='ltr'><strong>super</strong></span> <span class='ocrx_word' id='word_1_182' title='bbox 3488 1142 3623 1192; x_wconf 74' lang='lat' dir='ltr'><strong>pra:-</strong></span> 
     </span>
    </p>
   </div>
   <div class='ocr_carea' id='block_1_24' title="bbox 2055 1216 2599 1283">
    <p class='ocr_par' dir='ltr' id='par_1_24' title="bbox 2055 1216 2599 1283">
     <span class='ocr_line' id='line_1_24' title="bbox 2055 1216 2599 1283; baseline 0 -17"><span class='ocrx_word' id='word_1_183' title='bbox 2055 1216 2573 1283; x_wconf 74' lang='lat' dir='ltr'><strong>parationemsuam.</strong></span> <span class='ocrx_word' id='word_1_184' title='bbox 2596 1264 2599 1266; x_wconf 84' lang='lat'><strong>.</strong></span> 
     </span>
    </p>
   </div>
   <div class='ocr_carea' id='block_1_25' title="bbox 2127 1478 3623 1552">
    <p class='ocr_par' dir='ltr' id='par_1_25' title="bbox 2127 1478 3623 1552">
     <span class='ocr_line' id='line_1_25' title="bbox 2127 1478 3623 1552; baseline 0.004 -18"><span class='ocrx_word' id='word_1_185' title='bbox 2127 1478 2318 1535; x_wconf 74' lang='lat' dir='ltr'><strong>XXXI.</strong></span> <span class='ocrx_word' id='word_1_186' title='bbox 2348 1481 2491 1549; x_wconf 77' lang='lat' dir='ltr'><strong>Quid</strong></span> <span class='ocrx_word' id='word_1_187' title='bbox 2535 1496 2633 1551; x_wconf 80' lang='lat' dir='ltr'><strong>par</strong></span> <span class='ocrx_word' id='word_1_188' title='bbox 2682 1482 2971 1539; x_wconf 79' lang='lat' dir='ltr'><strong>mulierum</strong></span> <span class='ocrx_word' id='word_1_189' title='bbox 3023 1483 3243 1551; x_wconf 77' lang='lat' dir='ltr'><strong>indicet,</strong></span> <span class='ocrx_word' id='word_1_190' title='bbox 3280 1491 3338 1539; x_wconf 81' lang='lat' dir='ltr'><strong>et</strong></span> <span class='ocrx_word' id='word_1_191' title='bbox 3355 1483 3514 1552; x_wconf 73' lang='lat' dir='ltr'><strong>cuius</strong></span> <span class='ocrx_word' id='word_1_192' title='bbox 3544 1497 3623 1540; x_wconf 84' lang='lat' dir='ltr'><strong>re.-</strong></span> 
     </span>
    </p>
   </div>
   <div class='ocr_carea' id='block_1_26' title="bbox 2056 1575 3629 1644">
    <p class='ocr_par' dir='ltr' id='par_1_26' title="bbox 2056 1575 3629 1644">
     <span class='ocr_line' id='line_1_26' title="bbox 2056 1575 3629 1644; baseline 0.001 -17"><span class='ocrx_word' id='word_1_193' title='bbox 2056 1581 2239 1644; x_wconf 81' lang='lat' dir='ltr'><strong>typum</strong></span> <span class='ocrx_word' id='word_1_194' title='bbox 2290 1583 2463 1644; x_wconf 83' lang='lat' dir='ltr'><strong>gerat,</strong></span> <span class='ocrx_word' id='word_1_195' title='bbox 2517 1582 2642 1631; x_wconf 89' lang='lat' dir='ltr'><strong>ante</strong></span> <span class='ocrx_word' id='word_1_196' title='bbox 2671 1575 2851 1631; x_wconf 87' lang='lat' dir='ltr'><strong>omnia</strong></span> <span class='ocrx_word' id='word_1_197' title='bbox 2873 1576 3249 1644; x_wconf 82' lang='lat' dir='ltr'><strong>exponendum</strong></span> <span class='ocrx_word' id='word_1_198' title='bbox 3285 1591 3499 1633; x_wconf 85' lang='lat' dir='ltr'><strong>censeo.</strong></span> <span class='ocrx_word' id='word_1_199' title='bbox 3534 1576 3629 1630; x_wconf 76' lang='lat' dir='ltr'><strong>Ait</strong></span> 
     </span>
    </p>
   </div>
   <div class='ocr_carea' id='block_1_27' title="bbox 2056 1663 3622 1736">
    <p class='ocr_par' dir='ltr' id='par_1_27' title="bbox 2056 1663 3622 1736">
     <span class='ocr_line' id='line_1_27' title="bbox 2056 1663 3622 1736; baseline 0.001 -17"><span class='ocrx_word' id='word_1_200' title='bbox 2056 1664 2239 1734; x_wconf 91' lang='lat' dir='ltr'><strong>itaque</strong></span> <span class='ocrx_word' id='word_1_201' title='bbox 2302 1663 2442 1720; x_wconf 80' lang='lat' dir='ltr'><strong>Deus</strong></span> <span class='ocrx_word' id='word_1_202' title='bbox 2490 1666 2763 1736; x_wconf 64' lang='lat' dir='ltr'><strong>propheta</strong></span> <span class='ocrx_word' id='word_1_203' title='bbox 2811 1665 3080 1721; x_wconf 88' lang='lat' dir='ltr'><strong>Ezechieli</strong></span> <span class='ocrx_word' id='word_1_204' title='bbox 3116 1684 3130 1720; x_wconf 90' lang='lat'>:</span> <span class='ocrx_word' id='word_1_205' title='bbox 3161 1684 3181 1719; x_wconf 77' lang='grc' dir='ltr'><strong>ι</strong></span> <span class='ocrx_word' id='word_1_206' title='bbox 3220 1665 3321 1723; x_wconf 82' lang='lat' dir='ltr'><strong>Fili</strong></span> <span class='ocrx_word' id='word_1_207' title='bbox 3368 1666 3622 1730; x_wconf 89' lang='lat' dir='ltr'><strong>hominis,</strong></span> 
     </span>
    </p>
   </div>
   <div class='ocr_carea' id='block_1_28' title="bbox 2060 1755 3638 1824">
    <p class='ocr_par' dir='ltr' id='par_1_28' title="bbox 2060 1755 3638 1824">
     <span class='ocr_line' id='line_1_28' title="bbox 2060 1755 3638 1824; baseline 0.003 -13"><span class='ocrx_word' id='word_1_208' title='bbox 2060 1755 2179 1811; x_wconf 76' lang='lat' dir='ltr'><strong>dua</strong></span> <span class='ocrx_word' id='word_1_209' title='bbox 2208 1756 2461 1811; x_wconf 79' lang='lat' dir='ltr'><strong>mulieres</strong></span> <span class='ocrx_word' id='word_1_210' title='bbox 2489 1767 2666 1823; x_wconf 90' lang='lat' dir='ltr'><strong>erant,</strong></span> <span class='ocrx_word' id='word_1_211' title='bbox 2696 1756 2820 1812; x_wconf 66' lang='lat' dir='ltr'><strong>ﬁliae</strong></span> <span class='ocrx_word' id='word_1_212' title='bbox 2844 1758 3034 1813; x_wconf 83' lang='lat' dir='ltr'><strong>matris</strong></span> <span class='ocrx_word' id='word_1_213' title='bbox 3064 1758 3245 1824; x_wconf 79' lang='lat' dir='ltr'><strong>unius,</strong></span> <span class='ocrx_word' id='word_1_214' title='bbox 3267 1765 3323 1814; x_wconf 89' lang='lat' dir='ltr'><strong>et</strong></span> <span class='ocrx_word' id='word_1_215' title='bbox 3349 1758 3638 1815; x_wconf 56' lang='lat' dir='ltr'><strong>fornicatas</strong></span> 
     </span>
    </p>
   </div>
   <div class='ocr_carea' id='block_1_29' title="bbox 2056 1846 3620 1919">
    <p class='ocr_par' dir='ltr' id='par_1_29' title="bbox 2056 1846 3620 1919">
     <span class='ocr_line' id='line_1_29' title="bbox 2056 1846 3620 1919; baseline 0.004 -19"><span class='ocrx_word' id='word_1_216' title='bbox 2056 1848 2257 1902; x_wconf 87' lang='lat' dir='ltr'><strong>suntin</strong></span> <span class='ocrx_word' id='word_1_217' title='bbox 2289 1846 2549 1919; x_wconf 71' lang='lat' dir='ltr'><strong>AEgypto,</strong></span> <span class='ocrx_word' id='word_1_218' title='bbox 2571 1849 2624 1903; x_wconf 89' lang='lat' dir='ltr'><strong>in</strong></span> <span class='ocrx_word' id='word_1_219' title='bbox 2648 1848 3010 1905; x_wconf 84' lang='lat' dir='ltr'><strong>adolescentia</strong></span> <span class='ocrx_word' id='word_1_220' title='bbox 3041 1865 3139 1905; x_wconf 85' lang='lat' dir='ltr'><strong>sua</strong></span> <span class='ocrx_word' id='word_1_221' title='bbox 3162 1850 3443 1907; x_wconf 70' lang='lat' dir='ltr'><strong>fornicata:</strong></span> <span class='ocrx_word' id='word_1_222' title='bbox 3472 1862 3620 1914; x_wconf 88' lang='lat' dir='ltr'><strong>sunt,</strong></span> 
     </span>
    </p>
   </div>
   <div class='ocr_carea' id='block_1_30' title="bbox 373 1929 1951 2006">
    <p class='ocr_par' dir='ltr' id='par_1_30' title="bbox 373 1929 1950 2004">
     <span class='ocr_line' id='line_1_30' title="bbox 373 1929 1950 2004; baseline 0.004 -23"><span class='ocrx_word' id='word_1_223' title='bbox 373 1946 473 1982; x_wconf 87' lang='grc' dir='ltr'><strong>σαν</strong></span> <span class='ocrx_word' id='word_1_224' title='bbox 494 1929 554 1981; x_wconf 78' lang='grc' dir='ltr'><em>ὲν</em></span> <span class='ocrx_word' id='word_1_225' title='bbox 575 1931 642 2001; x_wconf 75' lang='grc' dir='ltr'><em>τῇ</em></span> <span class='ocrx_word' id='word_1_226' title='bbox 670 1931 951 2002; x_wconf 81' lang='grc' dir='ltr'><em>Αἰγύπτῳ,</em></span> <span class='ocrx_word' id='word_1_227' title='bbox 982 1931 1043 1983; x_wconf 79' lang='grc' dir='ltr'><em>ὲν</em></span> <span class='ocrx_word' id='word_1_228' title='bbox 1066 1934 1130 2002; x_wconf 85' lang='grc' dir='ltr'><em>τῇ</em></span> <span class='ocrx_word' id='word_1_229' title='bbox 1157 1933 1367 2003; x_wconf 89' lang='grc' dir='ltr'><em>νεότητι</em></span> <span class='ocrx_word' id='word_1_230' title='bbox 1392 1931 1571 1986; x_wconf 85' lang='grc' dir='ltr'><em>αὐτῶν</em></span> <span class='ocrx_word' id='word_1_231' title='bbox 1593 1934 1950 2004; x_wconf 74' lang='grc' dir='ltr'><em>ἐπόρνευσαν,</em></span> 
     </span>
    </p>
   </div>
   <div class='ocr_carea' id='block_1_31' title="bbox 2055 1929 3620 2006">
    <p class='ocr_par' dir='ltr' id='par_1_31' title="bbox 2058 1939 3620 2006">
     <span class='ocr_line' id='line_1_31' title="bbox 2058 1939 3620 2006; baseline 0.002 -13"><span class='ocrx_word' id='word_1_232' title='bbox 2058 1939 2164 1993; x_wconf 89' lang='lat' dir='ltr'><strong>illic</strong></span> <span class='ocrx_word' id='word_1_233' title='bbox 2214 1941 2525 1995; x_wconf 77' lang='lat' dir='ltr'><strong>ceciderunt</strong></span> <span class='ocrx_word' id='word_1_234' title='bbox 2580 1944 2746 1997; x_wconf 84' lang='lat' dir='ltr'><strong>ubera</strong></span> <span class='ocrx_word' id='word_1_235' title='bbox 2791 1957 2979 1997; x_wconf 90' lang='lat' dir='ltr'><strong>earum</strong></span> <span class='ocrx_word' id='word_1_236' title='bbox 3028 1943 3161 1996; x_wconf 54' lang='lat'><strong>“.4</strong></span> <span class='ocrx_word' id='word_1_237' title='bbox 3194 1942 3360 1997; x_wconf 82' lang='lat' dir='ltr'><strong>Addit</strong></span> <span class='ocrx_word' id='word_1_238' title='bbox 3406 1942 3514 2006; x_wconf 88' lang='lat' dir='ltr'><strong>his,</strong></span> <span class='ocrx_word' id='word_1_239' title='bbox 3542 1944 3620 1996; x_wconf 75' lang='grc' dir='ltr'><em>ιι-</em></span> 
     </span>
    </p>
   </div>
   <div class='ocr_carea' id='block_1_32' title="bbox 368 2022 1951 2096">
    <p class='ocr_par' dir='ltr' id='par_1_32' title="bbox 368 2022 1951 2096">
     <span class='ocr_line' id='line_1_32' title="bbox 368 2022 1951 2096; baseline 0.003 -21"><span class='ocrx_word' id='word_1_240' title='bbox 368 2024 489 2075; x_wconf 87' lang='grc' dir='ltr'><em>ὲκεῖ</em></span> <span class='ocrx_word' id='word_1_241' title='bbox 516 2022 712 2075; x_wconf 77' lang='grc' dir='ltr'><em>ἔπεσον</em></span> <span class='ocrx_word' id='word_1_242' title='bbox 747 2025 795 2076; x_wconf 80' lang='grc' dir='ltr'><strong>οἰ</strong></span> <span class='ocrx_word' id='word_1_243' title='bbox 847 2022 1046 2095; x_wconf 75' lang='grc' dir='ltr'><em>μαστοὶ</em></span> <span class='ocrx_word' id='word_1_244' title='bbox 1081 2022 1280 2078; x_wconf 84' lang='grc' dir='ltr'><em>αὐτῶν.</em></span> <span class='ocrx_word' id='word_1_245' title='bbox 1320 2042 1338 2075; x_wconf 78' lang='grc' dir='ltr'><strong>ι</strong></span> <span class='ocrx_word' id='word_1_246' title='bbox 1376 2024 1692 2096; x_wconf 83' lang='grc' dir='ltr'><strong>Προσετίθει</strong></span> <span class='ocrx_word' id='word_1_247' title='bbox 1722 2024 1781 2079; x_wconf 85' lang='grc' dir='ltr'><em>δὲ</em></span> <span class='ocrx_word' id='word_1_248' title='bbox 1826 2026 1951 2080; x_wconf 85' lang='grc' dir='ltr'><em>τού-</em></span> 
     </span>
    </p>
   </div>
   <div class='ocr_carea' id='block_1_33' title="bbox 367 2115 1954 2190">
    <p class='ocr_par' dir='ltr' id='par_1_33' title="bbox 367 2115 1954 2190">
     <span class='ocr_line' id='line_1_33' title="bbox 367 2115 1954 2190; baseline 0.004 -22"><span class='ocrx_word' id='word_1_249' title='bbox 367 2130 502 2179; x_wconf 78' lang='grc' dir='ltr'><em>τοις,</em></span> <span class='ocrx_word' id='word_1_250' title='bbox 559 2116 892 2187; x_wconf 73' lang='grc' dir='ltr'><em>σαφέστερον</em></span> <span class='ocrx_word' id='word_1_251' title='bbox 945 2115 1206 2181; x_wconf 82' lang='grc' dir='ltr'><em>καθιστὰς</em></span> <span class='ocrx_word' id='word_1_252' title='bbox 1254 2116 1316 2170; x_wconf 85' lang='grc' dir='ltr'><em>τὸ</em></span> <span class='ocrx_word' id='word_1_253' title='bbox 1360 2117 1768 2190; x_wconf 76' lang='grc' dir='ltr'><em>διηγγελμένον,</em></span> <span class='ocrx_word' id='word_1_254' title='bbox 1804 2139 1822 2172; x_wconf 82' lang='grc' dir='ltr'><strong>ι</strong></span> <span class='ocrx_word' id='word_1_255' title='bbox 1860 2121 1954 2175; x_wconf 72' lang='grc' dir='ltr'><em>καὶ</em></span> 
     </span>
    </p>
   </div>
   <div class='ocr_carea' id='block_1_34' title="bbox 367 2206 1951 2284">
    <p class='ocr_par' dir='ltr' id='par_1_34' title="bbox 367 2206 1951 2284">
     <span class='ocr_line' id='line_1_34' title="bbox 367 2206 1951 2284; baseline 0.004 -24"><span class='ocrx_word' id='word_1_256' title='bbox 367 2206 444 2260; x_wconf 19' lang='grc' dir='ltr'><em>τὰ,</em></span> <span class='ocrx_word' id='word_1_257' title='bbox 466 2206 709 2278; x_wconf 79' lang='grc' dir='ltr'><em>ὀνόματα</em></span> <span class='ocrx_word' id='word_1_258' title='bbox 746 2208 949 2275; x_wconf 78' lang='grc' dir='ltr'><em>αὐτῶν,</em></span> <span class='ocrx_word' id='word_1_259' title='bbox 980 2209 1267 2281; x_wconf 80' lang='grc' dir='ltr'><strong>Σαμάρεια</strong></span> <span class='ocrx_word' id='word_1_260' title='bbox 1298 2210 1330 2281; x_wconf 76' lang='grc' dir='ltr'><strong>ἢ</strong></span> <span class='ocrx_word' id='word_1_261' title='bbox 1359 2210 1522 2275; x_wconf 80' lang='grc' dir='ltr'><em>Οολὰ,</em></span> <span class='ocrx_word' id='word_1_262' title='bbox 1550 2212 1644 2265; x_wconf 76' lang='grc' dir='ltr'><em>καὶ</em></span> <span class='ocrx_word' id='word_1_263' title='bbox 1681 2212 1951 2284; x_wconf 84' lang='grc' dir='ltr'><em>Ἰερουσα-</em></span> 
     </span>
    </p>
   </div>
   <div class='ocr_carea' id='block_1_35' title="bbox 364 2296 1953 2375">
    <p class='ocr_par' dir='ltr' id='par_1_35' title="bbox 364 2296 1953 2375">
     <span class='ocr_line' id='line_1_35' title="bbox 364 2296 1953 2375; baseline 0.004 -24"><span class='ocrx_word' id='word_1_264' title='bbox 364 2296 527 2369; x_wconf 71' lang='grc' dir='ltr'><strong>λὴμῆ</strong></span> <span class='ocrx_word' id='word_1_265' title='bbox 545 2298 763 2354; x_wconf 78' lang='grc' dir='ltr'><em>Οολι6ἀ.</em></span> <span class='ocrx_word' id='word_1_266' title='bbox 778 2319 799 2353; x_wconf 81' lang='lat' dir='ltr'><strong><em>s</em></strong></span> <span class='ocrx_word' id='word_1_267' title='bbox 824 2300 938 2355; x_wconf 86' lang='grc' dir='ltr'><em>Μία</em></span> <span class='ocrx_word' id='word_1_268' title='bbox 967 2302 1066 2371; x_wconf 81' lang='grc' dir='ltr'><em>μὲν</em></span> <span class='ocrx_word' id='word_1_269' title='bbox 1082 2301 1191 2373; x_wconf 85' lang='grc' dir='ltr'><em>γὰρ</em></span> <span class='ocrx_word' id='word_1_270' title='bbox 1209 2297 1279 2373; x_wconf 77' lang='grc' dir='ltr'><em>ἦν</em></span> <span class='ocrx_word' id='word_1_271' title='bbox 1300 2300 1402 2375; x_wconf 80' lang='grc' dir='ltr'><strong>[ἐν]</strong></span> <span class='ocrx_word' id='word_1_272' title='bbox 1421 2304 1613 2374; x_wconf 84' lang='grc' dir='ltr'><em>ἀρχαῖς</em></span> <span class='ocrx_word' id='word_1_273' title='bbox 1630 2304 1663 2375; x_wconf 82' lang='grc' dir='ltr'>ὴ</span> <span class='ocrx_word' id='word_1_274' title='bbox 1687 2304 1796 2358; x_wconf 86' lang='grc' dir='ltr'><em>τῶν</em></span> <span class='ocrx_word' id='word_1_275' title='bbox 1825 2305 1953 2358; x_wconf 85' lang='grc' dir='ltr'><em>Ἰου-</em></span> 
     </span>
    </p>
   </div>
   <div class='ocr_carea' id='block_1_36' title="bbox 366 2389 1952 2467">
    <p class='ocr_par' dir='ltr' id='par_1_36' title="bbox 366 2389 1952 2467">
     <span class='ocr_line' id='line_1_36' title="bbox 366 2389 1952 2467; baseline 0.006 -26"><span class='ocrx_word' id='word_1_276' title='bbox 366 2389 537 2443; x_wconf 83' lang='grc' dir='ltr'><em>δαίων</em></span> <span class='ocrx_word' id='word_1_277' title='bbox 576 2393 884 2463; x_wconf 85' lang='grc' dir='ltr'><em>συναγωγή.</em></span> <span class='ocrx_word' id='word_1_278' title='bbox 942 2393 1100 2447; x_wconf 81' lang='grc' dir='ltr'><em>Κατὰ</em></span> <span class='ocrx_word' id='word_1_279' title='bbox 1140 2393 1197 2447; x_wconf 86' lang='grc' dir='ltr'><em>δέ</em></span> <span class='ocrx_word' id='word_1_280' title='bbox 1248 2411 1314 2464; x_wconf 91' lang='grc' dir='ltr'><strong>γε</strong></span> <span class='ocrx_word' id='word_1_281' title='bbox 1346 2394 1436 2448; x_wconf 78' lang='grc' dir='ltr'><em>τὸν</em></span> <span class='ocrx_word' id='word_1_282' title='bbox 1481 2396 1671 2465; x_wconf 85' lang='grc' dir='ltr'><em>καιρὸν</em></span> <span class='ocrx_word' id='word_1_283' title='bbox 1711 2397 1809 2467; x_wconf 82' lang='grc' dir='ltr'><em>τῆς</em></span> <span class='ocrx_word' id='word_1_284' title='bbox 1857 2396 1952 2450; x_wconf 81' lang='grc' dir='ltr'><em>τοῦ</em></span> 
     </span>
    </p>
   </div>
   <div class='ocr_carea' id='block_1_37' title="bbox 379 2481 1953 2558">
    <p class='ocr_par' dir='ltr' id='par_1_37' title="bbox 379 2481 1953 2558">
     <span class='ocr_line' id='line_1_37' title="bbox 379 2481 1953 2558; baseline 0.008 -25"><span class='ocrx_word' id='word_1_285' title='bbox 379 2481 618 2553; x_wconf 74' lang='grc' dir='ltr'><em>Ῥοϐοὰμ</em></span> <span class='ocrx_word' id='word_1_286' title='bbox 646 2484 952 2553; x_wconf 69' lang='grc' dir='ltr'><em>βασιλείας,</em></span> <span class='ocrx_word' id='word_1_287' title='bbox 968 2486 1369 2558; x_wconf 73' lang='grc' dir='ltr'><em>ἀπορραγεῖσαι</em></span> <span class='ocrx_word' id='word_1_288' title='bbox 1398 2487 1507 2541; x_wconf 85' lang='grc' dir='ltr'><em>τῶν</em></span> <span class='ocrx_word' id='word_1_289' title='bbox 1539 2489 1714 2543; x_wconf 75' lang='grc' dir='ltr'><em>ἄλλων</em></span> <span class='ocrx_word' id='word_1_290' title='bbox 1743 2492 1798 2543; x_wconf 88' lang='grc' dir='ltr'><strong>αἰ</strong></span> <span class='ocrx_word' id='word_1_291' title='bbox 1818 2490 1953 2545; x_wconf 79' lang='grc' dir='ltr'><em>δέκα</em></span> 
     </span>
    </p>
   </div>
   <div class='ocr_carea' id='block_1_38' title="bbox 368 2574 1954 2652">
    <p class='ocr_par' dir='ltr' id='par_1_38' title="bbox 368 2574 1954 2652">
     <span class='ocr_line' id='line_1_38' title="bbox 368 2574 1954 2652; baseline 0.005 -25"><span class='ocrx_word' id='word_1_292' title='bbox 368 2574 556 2643; x_wconf 75' lang='grc' dir='ltr'><em>φυλαὶ,</em></span> <span class='ocrx_word' id='word_1_293' title='bbox 596 2579 955 2648; x_wconf 78' lang='grc' dir='ltr'><em>κατῳκήκασι</em></span> <span class='ocrx_word' id='word_1_294' title='bbox 1002 2578 1337 2650; x_wconf 84' lang='grc' dir='ltr'><em>Σαμάρειαν,</em></span> <span class='ocrx_word' id='word_1_295' title='bbox 1380 2581 1473 2634; x_wconf 82' lang='grc' dir='ltr'><em>καὶ</em></span> <span class='ocrx_word' id='word_1_296' title='bbox 1517 2576 1954 2652; x_wconf 72' lang='grc' dir='ltr'><em>πεπορνεῦκασιν</em></span> 
     </span>
    </p>
   </div>
   <div class='ocr_carea' id='block_1_39' title="bbox 366 2667 1952 2743">
    <p class='ocr_par' dir='ltr' id='par_1_39' title="bbox 366 2667 1952 2743">
     <span class='ocr_line' id='line_1_39' title="bbox 366 2667 1952 2743; baseline 0.005 -24"><span class='ocrx_word' id='word_1_297' title='bbox 366 2667 461 2720; x_wconf 71' lang='grc' dir='ltr'><strong>ἐπὶ</strong></span> <span class='ocrx_word' id='word_1_298' title='bbox 491 2669 613 2731; x_wconf 90' lang='grc' dir='ltr'><em>ταῖς</em></span> <span class='ocrx_word' id='word_1_299' title='bbox 665 2668 929 2739; x_wconf 81' lang='grc' dir='ltr'><strong>δαμάλεσι</strong></span> <span class='ocrx_word' id='word_1_300' title='bbox 972 2673 1093 2735; x_wconf 89' lang='grc' dir='ltr'><em>ταῖς</em></span> <span class='ocrx_word' id='word_1_301' title='bbox 1141 2674 1395 2743; x_wconf 76' lang='grc' dir='ltr'><strong>χρυσαῖς,</strong></span> <span class='ocrx_word' id='word_1_302' title='bbox 1438 2671 1504 2737; x_wconf 71' lang='grc' dir='ltr'><em>ἃς</em></span> <span class='ocrx_word' id='word_1_303' title='bbox 1553 2672 1952 2727; x_wconf 81' lang='grc' dir='ltr'><strong>κατεσκεύασεν</strong></span> 
     </span>
    </p>
   </div>
   <div class='ocr_carea' id='block_1_40' title="bbox 378 2755 1952 2834">
    <p class='ocr_par' dir='ltr' id='par_1_40' title="bbox 378 2755 1952 2834">
     <span class='ocr_line' id='line_1_40' title="bbox 378 2755 1952 2834; baseline 0.006 -25"><span class='ocrx_word' id='word_1_304' title='bbox 378 2755 661 2830; x_wconf 56' lang='grc' dir='ltr'><em>Ἱεροῦιὴι</em></span> <span class='ocrx_word' id='word_1_305' title='bbox 701 2760 813 2824; x_wconf 84' lang='grc' dir='ltr'><em>υίὸς</em></span> <span class='ocrx_word' id='word_1_306' title='bbox 866 2760 1077 2815; x_wconf 71' lang='grc' dir='ltr'><strong>Ναὸάτ.</strong></span> <span class='ocrx_word' id='word_1_307' title='bbox 1128 2760 1274 2833; x_wconf 76' lang='grc' dir='ltr'><em>Πλὴν</em></span> <span class='ocrx_word' id='word_1_308' title='bbox 1327 2763 1427 2815; x_wconf 82' lang='grc' dir='ltr'><em>οὐκ</em></span> <span class='ocrx_word' id='word_1_309' title='bbox 1478 2762 1582 2828; x_wconf 77' lang='grc' dir='ltr'><strong>ἔξω</strong></span> <span class='ocrx_word' id='word_1_310' title='bbox 1626 2764 1725 2834; x_wconf 83' lang='grc' dir='ltr'><em>τῆς</em></span> <span class='ocrx_word' id='word_1_311' title='bbox 1773 2764 1952 2828; x_wconf 86' lang='grc' dir='ltr'><em>αἰτίας</em></span> 
     </span>
    </p>
   </div>
   <div class='ocr_carea' id='block_1_41' title="bbox 366 2848 1953 2927">
    <p class='ocr_par' dir='ltr' id='par_1_41' title="bbox 366 2848 1953 2927">
     <span class='ocr_line' id='line_1_41' title="bbox 366 2848 1953 2927; baseline 0.004 -25"><span class='ocrx_word' id='word_1_312' title='bbox 366 2848 557 2918; x_wconf 74' lang='grc' dir='ltr'><em>γέγονε</em></span> <span class='ocrx_word' id='word_1_313' title='bbox 631 2890 647 2905; x_wconf 95' lang='grc'><strong>.</strong></span> <span class='ocrx_word' id='word_1_314' title='bbox 724 2891 744 2904; x_wconf 90' lang='grc'><strong>.</strong></span> <span class='ocrx_word' id='word_1_315' title='bbox 818 2891 834 2909; x_wconf 90' lang='grc'><strong>.</strong></span> <span class='ocrx_word' id='word_1_316' title='bbox 909 2890 925 2907; x_wconf 92' lang='grc'><strong><em>.</em></strong></span> <span class='ocrx_word' id='word_1_317' title='bbox 1006 2892 1021 2907; x_wconf 93' lang='grc'><strong>.</strong></span> <span class='ocrx_word' id='word_1_318' title='bbox 1101 2892 1116 2907; x_wconf 93' lang='grc'><strong>.</strong></span> <span class='ocrx_word' id='word_1_319' title='bbox 1194 2894 1209 2910; x_wconf 93' lang='grc'><strong>.</strong></span> <span class='ocrx_word' id='word_1_320' title='bbox 1288 2892 1304 2908; x_wconf 91' lang='grc'><strong>.</strong></span> <span class='ocrx_word' id='word_1_321' title='bbox 1400 2854 1697 2921; x_wconf 74' lang='grc' dir='ltr'><em>τουτέστιν,</em></span> <span class='ocrx_word' id='word_1_322' title='bbox 1755 2854 1953 2927; x_wconf 82' lang='grc' dir='ltr'><em>Ἰερου-</em></span> 
     </span>
    </p>
   </div>
   <div class='ocr_carea' id='block_1_42' title="bbox 368 2940 1953 3016">
    <p class='ocr_par' dir='ltr' id='par_1_42' title="bbox 368 2940 1953 3016">
     <span class='ocr_line' id='line_1_42' title="bbox 368 2940 1953 3016; baseline 0.004 -21"><span class='ocrx_word' id='word_1_323' title='bbox 368 2940 572 3013; x_wconf 74' lang='grc' dir='ltr'><em>σαλήμ·</em></span> <span class='ocrx_word' id='word_1_324' title='bbox 609 2942 1021 3015; x_wconf 82' lang='grc' dir='ltr'><em>ὲκπεπόρνευκε</em></span> <span class='ocrx_word' id='word_1_325' title='bbox 1073 2943 1184 3016; x_wconf 85' lang='grc' dir='ltr'><em>γὰρ</em></span> <span class='ocrx_word' id='word_1_326' title='bbox 1230 2944 1326 2997; x_wconf 73' lang='grc' dir='ltr'><em>καὶ</em></span> <span class='ocrx_word' id='word_1_327' title='bbox 1369 2943 1509 3015; x_wconf 78' lang='grc' dir='ltr'><em>αὕτη</em></span> <span class='ocrx_word' id='word_1_328' title='bbox 1553 2944 1697 2999; x_wconf 83' lang='grc' dir='ltr'><em>κατὰ</em></span> <span class='ocrx_word' id='word_1_329' title='bbox 1724 2946 1953 3011; x_wconf 84' lang='grc' dir='ltr'><em>πολλοὺς</em></span> 
     </span>
    </p>
   </div>
   <div class='ocr_carea' id='block_1_43' title="bbox 366 3034 1951 3107">
    <p class='ocr_par' dir='ltr' id='par_1_43' title="bbox 366 3034 1951 3107">
     <span class='ocr_line' id='line_1_43' title="bbox 366 3034 1951 3107; baseline 0.003 -20"><span class='ocrx_word' id='word_1_330' title='bbox 366 3034 623 3107; x_wconf 71' lang='grc' dir='ltr'><em>τρόπους,</em></span> <span class='ocrx_word' id='word_1_331' title='bbox 651 3034 808 3089; x_wconf 78' lang='grc' dir='ltr'><em>τοῦτο</em></span> <span class='ocrx_word' id='word_1_332' title='bbox 833 3037 934 3105; x_wconf 83' lang='grc' dir='ltr'><em>μὲν</em></span> <span class='ocrx_word' id='word_1_333' title='bbox 957 3034 1195 3100; x_wconf 77' lang='grc' dir='ltr'><strong>εἰδώλοις</strong></span> <span class='ocrx_word' id='word_1_334' title='bbox 1219 3036 1748 3107; x_wconf 86' lang='grc' dir='ltr'><em>προσκεκυνηκότων</em></span> <span class='ocrx_word' id='word_1_335' title='bbox 1766 3037 1951 3105; x_wconf 85' lang='grc' dir='ltr'><em>τινῶν,</em></span> 
     </span>
    </p>
   </div>
   <div class='ocr_carea' id='block_1_44' title="bbox 369 3126 1951 3200">
    <p class='ocr_par' dir='ltr' id='par_1_44' title="bbox 369 3126 1951 3200">
     <span class='ocr_line' id='line_1_44' title="bbox 369 3126 1951 3200; baseline 0.002 -20"><span class='ocrx_word' id='word_1_336' title='bbox 369 3126 467 3180; x_wconf 72' lang='grc' dir='ltr'><em>καὶ</em></span> <span class='ocrx_word' id='word_1_337' title='bbox 502 3126 739 3182; x_wconf 85' lang='grc' dir='ltr'><em>θυόντων</em></span> <span class='ocrx_word' id='word_1_338' title='bbox 782 3129 848 3199; x_wconf 78' lang='grc' dir='ltr'><em>τῇ</em></span> <span class='ocrx_word' id='word_1_339' title='bbox 884 3126 1050 3194; x_wconf 82' lang='grc' dir='ltr'><em>Βαὰλ,</em></span> <span class='ocrx_word' id='word_1_340' title='bbox 1103 3130 1169 3200; x_wconf 83' lang='grc' dir='ltr'><em>τῇ</em></span> <span class='ocrx_word' id='word_1_341' title='bbox 1217 3128 1510 3199; x_wconf 79' lang='grc' dir='ltr'><em>Ἀστάρτῃ,</em></span> <span class='ocrx_word' id='word_1_342' title='bbox 1560 3132 1674 3193; x_wconf 92' lang='grc' dir='ltr'><em>τοῖς</em></span> <span class='ocrx_word' id='word_1_343' title='bbox 1717 3128 1951 3199; x_wconf 79' lang='grc' dir='ltr'><em>βουνοῖς,</em></span> 
     </span>
    </p>
   </div>
   <div class='ocr_carea' id='block_1_45' title="bbox 368 3216 1951 3292">
    <p class='ocr_par' dir='ltr' id='par_1_45' title="bbox 368 3216 1951 3292">
     <span class='ocr_line' id='line_1_45' title="bbox 368 3216 1951 3292; baseline 0.005 -25"><span class='ocrx_word' id='word_1_344' title='bbox 368 3216 526 3287; x_wconf 73' lang='grc' dir='ltr'><em>ἡλίῳ,</em></span> <span class='ocrx_word' id='word_1_345' title='bbox 568 3218 769 3290; x_wconf 78' lang='grc' dir='ltr'><em>σελήνῃ</em></span> <span class='ocrx_word' id='word_1_346' title='bbox 826 3217 922 3272; x_wconf 74' lang='grc' dir='ltr'><em>καὶ</em></span> <span class='ocrx_word' id='word_1_347' title='bbox 958 3219 1179 3291; x_wconf 79' lang='grc' dir='ltr'><em>ἄστροις</em></span> <span class='ocrx_word' id='word_1_348' title='bbox 1212 3219 1458 3290; x_wconf 75' lang='grc' dir='ltr'><em>ἑτέροιςο</em></span> <span class='ocrx_word' id='word_1_349' title='bbox 1499 3218 1663 3273; x_wconf 81' lang='grc' dir='ltr'><em>τοῦτο</em></span> <span class='ocrx_word' id='word_1_350' title='bbox 1710 3219 1769 3274; x_wconf 85' lang='grc' dir='ltr'><em>δὲ</em></span> <span class='ocrx_word' id='word_1_351' title='bbox 1814 3220 1951 3292; x_wconf 80' lang='grc' dir='ltr'><em>πρὸς</em></span> 
     </span>
    </p>
   </div>
   <div class='ocr_carea' id='block_1_46' title="bbox 368 3309 1950 3386">
    <p class='ocr_par' dir='ltr' id='par_1_46' title="bbox 368 3309 1950 3386">
     <span class='ocr_line' id='line_1_46' title="bbox 368 3309 1950 3386; baseline 0.003 -23"><span class='ocrx_word' id='word_1_352' title='bbox 368 3310 550 3364; x_wconf 80' lang='grc' dir='ltr'><em>πᾶσαν</em></span> <span class='ocrx_word' id='word_1_353' title='bbox 594 3309 830 3381; x_wconf 73' lang='grc' dir='ltr'><em>ἑτοίμως</em></span> <span class='ocrx_word' id='word_1_354' title='bbox 864 3310 1053 3365; x_wconf 87' lang='grc' dir='ltr'><em>ἰόντων</em></span> <span class='ocrx_word' id='word_1_355' title='bbox 1093 3310 1458 3383; x_wconf 78' lang='grc' dir='ltr'><em>ἀκαθαρσίαν,</em></span> <span class='ocrx_word' id='word_1_356' title='bbox 1495 3311 1591 3366; x_wconf 66' lang='grc' dir='ltr'><strong>καί⁸</strong></span> <span class='ocrx_word' id='word_1_357' title='bbox 1639 3314 1769 3386; x_wconf 85' lang='grc' dir='ltr'><em>παρ’</em></span> <span class='ocrx_word' id='word_1_358' title='bbox 1796 3313 1950 3369; x_wconf 73' lang='grc' dir='ltr'><em>οὐδὲν</em></span> 
     </span>
    </p>
   </div>
   <div class='ocr_carea' id='block_1_47' title="bbox 366 3400 1954 3477">
    <p class='ocr_par' dir='ltr' id='par_1_47' title="bbox 366 3400 1954 3477">
     <span class='ocr_line' id='line_1_47' title="bbox 366 3400 1954 3477; baseline 0.003 -22"><span class='ocrx_word' id='word_1_359' title='bbox 366 3400 437 3455; x_wconf 65' lang='grc' dir='ltr'><em>τὰ</em></span> <span class='ocrx_word' id='word_1_360' title='bbox 474 3401 562 3455; x_wconf 83' lang='grc' dir='ltr'><em>διὰ</em></span> <span class='ocrx_word' id='word_1_361' title='bbox 590 3401 684 3455; x_wconf 80' lang='grc' dir='ltr'><em>τοῦ</em></span> <span class='ocrx_word' id='word_1_362' title='bbox 724 3402 1001 3473; x_wconf 87' lang='grc' dir='ltr'><em>πανσόφου</em></span> <span class='ocrx_word' id='word_1_363' title='bbox 1031 3403 1275 3469; x_wconf 81' lang='grc' dir='ltr'>Μωσέως</span> <span class='ocrx_word' id='word_1_364' title='bbox 1307 3403 1749 3477; x_wconf 82' lang='grc' dir='ltr'><em>τεθεσπισμένων</em></span> <span class='ocrx_word' id='word_1_365' title='bbox 1778 3406 1954 3460; x_wconf 81' lang='grc' dir='ltr'><em>τιθέν-</em></span> 
     </span>
    </p>
   </div>
   <div class='ocr_carea' id='block_1_48' title="bbox 366 3491 1950 3568">
    <p class='ocr_par' dir='ltr' id='par_1_48' title="bbox 366 3491 1950 3568">
     <span class='ocr_line' id='line_1_48' title="bbox 366 3491 1950 3568; baseline 0.003 -20"><span class='ocrx_word' id='word_1_366' title='bbox 366 3512 496 3553; x_wconf 84' lang='grc' dir='ltr'><em>των.</em></span> <span class='ocrx_word' id='word_1_367' title='bbox 527 3495 640 3558; x_wconf 79' lang='grc' dir='ltr'><strong>Τὰς</strong></span> <span class='ocrx_word' id='word_1_368' title='bbox 664 3494 762 3549; x_wconf 82' lang='grc' dir='ltr'><em>δύο</em></span> <span class='ocrx_word' id='word_1_369' title='bbox 779 3494 845 3565; x_wconf 77' lang='grc' dir='ltr'><em>δὴ</em></span> <span class='ocrx_word' id='word_1_370' title='bbox 876 3491 969 3565; x_wconf 80' lang='grc' dir='ltr'><em>οὖν</em></span> <span class='ocrx_word' id='word_1_371' title='bbox 997 3494 1106 3549; x_wconf 82' lang='grc' dir='ltr'><em>τῶν</em></span> <span class='ocrx_word' id='word_1_372' title='bbox 1132 3495 1191 3563; x_wconf 72' lang='grc' dir='ltr'>ἐξ</span> <span class='ocrx_word' id='word_1_373' title='bbox 1232 3495 1448 3568; x_wconf 79' lang='grc' dir='ltr'><em>Ἰσραὴλ</em></span> <span class='ocrx_word' id='word_1_374' title='bbox 1474 3495 1799 3566; x_wconf 84' lang='grc' dir='ltr'><em>συναγωγὰς</em></span> <span class='ocrx_word' id='word_1_375' title='bbox 1827 3498 1950 3552; x_wconf 80' lang='grc' dir='ltr'><em>δυσὶ</em></span> 
     </span>
    </p>
   </div>
   <div class='ocr_carea' id='block_1_49' title="bbox 368 3582 1950 3657">
    <p class='ocr_par' dir='ltr' id='par_1_49' title="bbox 368 3582 1950 3657">
     <span class='ocr_line' id='line_1_49' title="bbox 368 3582 1950 3657; baseline 0 -19"><span class='ocrx_word' id='word_1_376' title='bbox 368 3584 615 3653; x_wconf 75' lang='grc' dir='ltr'><em>γυναιξὶν</em></span> <span class='ocrx_word' id='word_1_377' title='bbox 646 3586 904 3655; x_wconf 75' lang='grc' dir='ltr'><em>ἀφομοιοῖ</em></span> <span class='ocrx_word' id='word_1_378' title='bbox 934 3584 1165 3655; x_wconf 81' lang='grc' dir='ltr'><em>πάλιν.ἠ</em></span> <span class='ocrx_word' id='word_1_379' title='bbox 1201 3585 1414 3657; x_wconf 85' lang='grc' dir='ltr'><em>ὅρασις,</em></span> <span class='ocrx_word' id='word_1_380' title='bbox 1455 3582 1521 3649; x_wconf 75' lang='grc' dir='ltr'><em>ἃς</em></span> <span class='ocrx_word' id='word_1_381' title='bbox 1549 3585 1644 3638; x_wconf 75' lang='grc' dir='ltr'><em>καὶ</em></span> <span class='ocrx_word' id='word_1_382' title='bbox 1676 3583 1950 3654; x_wconf 84' lang='grc' dir='ltr'><em>πτέρυγας</em></span> 
     </span>
    </p>
   </div>
   <div class='ocr_carea' id='block_1_50' title="bbox 370 3675 1954 3748">
    <p class='ocr_par' dir='ltr' id='par_1_50' title="bbox 370 3675 1954 3748">
     <span class='ocr_line' id='line_1_50' title="bbox 370 3675 1954 3748; baseline 0.001 -19"><span class='ocrx_word' id='word_1_383' title='bbox 370 3677 571 3740; x_wconf 70' lang='grc' dir='ltr'><em>ἔποπος</em></span> <span class='ocrx_word' id='word_1_384' title='bbox 596 3676 888 3748; x_wconf 75' lang='grc' dir='ltr'><em>ἐσχηκέναι</em></span> <span class='ocrx_word' id='word_1_385' title='bbox 913 3677 1101 3747; x_wconf 80' lang='grc' dir='ltr'><em>φησὶν,</em></span> <span class='ocrx_word' id='word_1_386' title='bbox 1132 3676 1220 3730; x_wconf 81' lang='grc' dir='ltr'><em>ἵνα</em></span> <span class='ocrx_word' id='word_1_387' title='bbox 1242 3677 1342 3748; x_wconf 78' lang='grc' dir='ltr'><em>τὴν</em></span> <span class='ocrx_word' id='word_1_388' title='bbox 1368 3675 1593 3730; x_wconf 80' lang='grc' dir='ltr'><em>ἐνοῦσαν</em></span> <span class='ocrx_word' id='word_1_389' title='bbox 1613 3676 1796 3739; x_wconf 83' lang='grc' dir='ltr'><em>αὐτοῖς</em></span> <span class='ocrx_word' id='word_1_390' title='bbox 1822 3677 1954 3731; x_wconf 83' lang='grc' dir='ltr'><strong>ἀκά-</strong></span> 
     </span>
    </p>
   </div>
   <div class='ocr_carea' id='block_1_51' title="bbox 370 3767 1954 3843">
    <p class='ocr_par' dir='ltr' id='par_1_51' title="bbox 370 3767 1954 3843">
     <span class='ocr_line' id='line_1_51' title="bbox 370 3767 1954 3843; baseline 0.001 -21"><span class='ocrx_word' id='word_1_391' title='bbox 370 3768 566 3843; x_wconf 76' lang='grc' dir='ltr'><em>θαρτον</em></span> <span class='ocrx_word' id='word_1_392' title='bbox 603 3768 831 3839; x_wconf 83' lang='grc' dir='ltr'><strong>γνώμην</strong></span> <span class='ocrx_word' id='word_1_393' title='bbox 880 3769 976 3824; x_wconf 79' lang='grc' dir='ltr'><em>καὶ</em></span> <span class='ocrx_word' id='word_1_394' title='bbox 1018 3769 1081 3823; x_wconf 81' lang='grc' dir='ltr'><em>τὸ</em></span> <span class='ocrx_word' id='word_1_395' title='bbox 1108 3768 1246 3841; x_wconf 80' lang='grc' dir='ltr'><em>πρὸς</em></span> <span class='ocrx_word' id='word_1_396' title='bbox 1292 3770 1401 3823; x_wconf 80' lang='grc' dir='ltr'><em>πᾶν</em></span> <span class='ocrx_word' id='word_1_397' title='bbox 1431 3767 1611 3823; x_wconf 81' lang='grc' dir='ltr'><em>ὁτιοῦν</em></span> <span class='ocrx_word' id='word_1_398' title='bbox 1654 3768 1764 3823; x_wconf 85' lang='grc' dir='ltr'><em>τῶν</em></span> <span class='ocrx_word' id='word_1_399' title='bbox 1802 3770 1954 3823; x_wconf 78' lang='grc' dir='ltr'><em>ἐκτό-</em></span> 
     </span>
    </p>
   </div>
   <div class='ocr_carea' id='block_1_52' title="bbox 370 3855 1953 3932">
    <p class='ocr_par' dir='ltr' id='par_1_52' title="bbox 370 3855 1953 3932">
     <span class='ocr_line' id='line_1_52' title="bbox 370 3855 1953 3932; baseline -0.001 -17"><span class='ocrx_word' id='word_1_400' title='bbox 370 3878 489 3915; x_wconf 85' lang='grc' dir='ltr'><strong>πων</strong></span> <span class='ocrx_word' id='word_1_401' title='bbox 534 3860 760 3924; x_wconf 78' lang='grc' dir='ltr'><em>εὑπετὲς</em></span> <span class='ocrx_word' id='word_1_402' title='bbox 808 3855 869 3915; x_wconf 80' lang='grc' dir='ltr'><em>εὖ</em></span> <span class='ocrx_word' id='word_1_403' title='bbox 909 3859 1054 3932; x_wconf 79' lang='grc' dir='ltr'><em>μάλα</em></span> <span class='ocrx_word' id='word_1_404' title='bbox 1101 3859 1562 3930; x_wconf 86' lang='grc' dir='ltr'><em>κατασημήνειεν.</em></span> <span class='ocrx_word' id='word_1_405' title='bbox 1596 3859 1656 3913; x_wconf 87' lang='lat'><strong>&#39;0</strong></span> <span class='ocrx_word' id='word_1_406' title='bbox 1703 3858 1803 3930; x_wconf 90' lang='grc' dir='ltr'><em>μὲν</em></span> <span class='ocrx_word' id='word_1_407' title='bbox 1844 3859 1953 3929; x_wconf 83' lang='grc' dir='ltr'><em>γὰρ</em></span> 
     </span>
    </p>
   </div>
   <div class='ocr_carea' id='block_1_53' title="bbox 372 3951 1952 4024">
    <p class='ocr_par' dir='ltr' id='par_1_53' title="bbox 372 3951 1952 4024">
     <span class='ocr_line' id='line_1_53' title="bbox 372 3951 1952 4024; baseline 0 -19"><span class='ocrx_word' id='word_1_408' title='bbox 372 3952 514 4022; x_wconf 78' lang='grc' dir='ltr'><em>ἔποψ</em></span> <span class='ocrx_word' id='word_1_409' title='bbox 562 3951 843 4024; x_wconf 85' lang='grc' dir='ltr'><em>στρουθίον</em></span> <span class='ocrx_word' id='word_1_410' title='bbox 877 3952 1027 4006; x_wconf 76' lang='grc' dir='ltr'><em>ἐστὶν</em></span> <span class='ocrx_word' id='word_1_411' title='bbox 1056 3951 1157 4006; x_wconf 83' lang='grc' dir='ltr'><em>οὐκ</em></span> <span class='ocrx_word' id='word_1_412' title='bbox 1203 3952 1440 4022; x_wconf 78' lang='grc' dir='ltr'><em>ἄσημον,</em></span> <span class='ocrx_word' id='word_1_413' title='bbox 1474 3951 1860 4023; x_wconf 79' lang='grc' dir='ltr'><em>φιλοόόρὸορον</em></span> <span class='ocrx_word' id='word_1_414' title='bbox 1894 3952 1952 4005; x_wconf 84' lang='grc' dir='ltr'><em>δὲ</em></span> 
     </span>
    </p>
   </div>
   <div class='ocr_carea' id='block_1_54' title="bbox 372 4045 1952 4117">
    <p class='ocr_par' dir='ltr' id='par_1_54' title="bbox 372 4045 1952 4117">
     <span class='ocr_line' id='line_1_54' title="bbox 372 4045 1952 4117; baseline -0.001 -17"><span class='ocrx_word' id='word_1_415' title='bbox 372 4046 465 4101; x_wconf 77' lang='grc' dir='ltr'><em>καὶ</em></span> <span class='ocrx_word' id='word_1_416' title='bbox 489 4045 846 4117; x_wconf 81' lang='grc' dir='ltr'><em>κοπροδόρον,</em></span> <span class='ocrx_word' id='word_1_417' title='bbox 878 4046 973 4098; x_wconf 73' lang='grc' dir='ltr'><em>καὶ</em></span> <span class='ocrx_word' id='word_1_418' title='bbox 998 4048 1119 4109; x_wconf 87' lang='grc' dir='ltr'><em>ταῖς</em></span> <span class='ocrx_word' id='word_1_419' title='bbox 1157 4045 1457 4116; x_wconf 83' lang='grc' dir='ltr'><em>σκωλήκων</em></span> <span class='ocrx_word' id='word_1_420' title='bbox 1489 4045 1716 4114; x_wconf 81' lang='grc' dir='ltr'><em>ἀγέλαις</em></span> <span class='ocrx_word' id='word_1_421' title='bbox 1743 4045 1952 4116; x_wconf 83' lang='grc' dir='ltr'><strong>ἀγρίως</strong></span> 
     </span>
    </p>
   </div>
   <div class='ocr_carea' id='block_1_55' title="bbox 372 4135 1954 4209">
    <p class='ocr_par' dir='ltr' id='par_1_55' title="bbox 372 4135 1954 4209">
     <span class='ocr_line' id='line_1_55' title="bbox 372 4135 1954 4209; baseline -0.001 -18"><span class='ocrx_word' id='word_1_422' title='bbox 372 4137 815 4209; x_wconf 83' lang='grc' dir='ltr'><em>ὲπιμαινόμενον,</em></span> <span class='ocrx_word' id='word_1_423' title='bbox 845 4136 941 4190; x_wconf 74' lang='grc' dir='ltr'><em>καὶ</em></span> <span class='ocrx_word' id='word_1_424' title='bbox 965 4136 1170 4208; x_wconf 82' lang='grc' dir='ltr'><em>τροφὴν</em></span> <span class='ocrx_word' id='word_1_425' title='bbox 1198 4136 1288 4190; x_wconf 70' lang='grc' dir='ltr'><strong>ἀεὶ</strong></span> <span class='ocrx_word' id='word_1_426' title='bbox 1313 4135 1582 4189; x_wconf 85' lang='grc' dir='ltr'><em>ποιεῖσθαι</em></span> <span class='ocrx_word' id='word_1_427' title='bbox 1608 4136 1954 4206; x_wconf 79' lang='grc' dir='ltr'><em>κατειθισμέ-</em></span> 
     </span>
    </p>
   </div>
   <div class='ocr_carea' id='block_1_56' title="bbox 372 4224 1954 4298">
    <p class='ocr_par' dir='ltr' id='par_1_56' title="bbox 372 4224 1954 4298">
     <span class='ocr_line' id='line_1_56' title="bbox 372 4224 1954 4298; baseline 0.001 -18"><span class='ocrx_word' id='word_1_428' title='bbox 372 4244 463 4281; x_wconf 90' lang='grc' dir='ltr'><strong>νον</strong></span> <span class='ocrx_word' id='word_1_429' title='bbox 489 4228 588 4298; x_wconf 81' lang='grc' dir='ltr'><em>τὴν</em></span> <span class='ocrx_word' id='word_1_430' title='bbox 630 4226 868 4297; x_wconf 73' lang='grc' dir='ltr'><em>ισχάτην</em></span> <span class='ocrx_word' id='word_1_431' title='bbox 913 4224 1276 4297; x_wconf 84' lang='grc' dir='ltr'><em>ἀκαθαρσίαν.</em></span> <span class='ocrx_word' id='word_1_432' title='bbox 1305 4224 1558 4289; x_wconf 82' lang='grc' dir='ltr'><em>Τοιοῦτος</em></span> <span class='ocrx_word' id='word_1_433' title='bbox 1608 4225 1665 4280; x_wconf 80' lang='grc' dir='ltr'><em>δέ</em></span> <span class='ocrx_word' id='word_1_434' title='bbox 1695 4243 1813 4289; x_wconf 86' lang='grc' dir='ltr'><strong>πως</strong></span> <span class='ocrx_word' id='word_1_435' title='bbox 1860 4229 1954 4281; x_wconf 74' lang='grc' dir='ltr'><em>καὶ</em></span> 
     </span>
    </p>
   </div>
   <div class='ocr_carea' id='block_1_57' title="bbox 371 4315 1953 4389">
    <p class='ocr_par' dir='ltr' id='par_1_57' title="bbox 371 4315 1953 4389">
     <span class='ocr_line' id='line_1_57' title="bbox 371 4315 1953 4389; baseline -0.002 -15"><span class='ocrx_word' id='word_1_436' title='bbox 371 4322 485 4384; x_wconf 85' lang='grc' dir='ltr'><em>τοῖς</em></span> <span class='ocrx_word' id='word_1_437' title='bbox 516 4315 993 4389; x_wconf 81' lang='grc' dir='ltr'><em>εἰδωλολατροῦσιν</em></span> <span class='ocrx_word' id='word_1_438' title='bbox 1017 4316 1209 4371; x_wconf 77' lang='grc' dir='ltr'><em>ὕπεστι</em></span> <span class='ocrx_word' id='word_1_439' title='bbox 1250 4317 1393 4382; x_wconf 79' lang='grc' dir='ltr'><em>νοῦς.</em></span> <span class='ocrx_word' id='word_1_440' title='bbox 1428 4317 1545 4372; x_wconf 81' lang='grc' dir='ltr'><strong>Οὐκ</strong></span> <span class='ocrx_word' id='word_1_441' title='bbox 1569 4316 1788 4389; x_wconf 74' lang='grc' dir='ltr'><em>ἔρχεται</em></span> <span class='ocrx_word' id='word_1_442' title='bbox 1819 4334 1953 4371; x_wconf 67' lang='grc' dir='ltr'><em>κατι</em></span> 
     </span>
    </p>
   </div>
   <div class='ocr_carea' id='block_1_58' title="bbox 375 4408 1950 4482">
    <p class='ocr_par' dir='ltr' id='par_1_58' title="bbox 375 4408 1950 4482">
     <span class='ocr_line' id='line_1_58' title="bbox 375 4408 1950 4482; baseline -0.015 3"><span class='ocrx_word' id='word_1_443' title='bbox 375 4412 503 4467; x_wconf 55' lang='lat' dir='ltr'><strong>“ab</strong></span> <span class='ocrx_word' id='word_1_444' title='bbox 533 4411 629 4465; x_wconf 64' lang='grc' dir='ltr'><strong>τοῦ</strong></span> <span class='ocrx_word' id='word_1_445' title='bbox 676 4411 979 4482; x_wconf 83' lang='grc' dir='ltr'><em>πρέποντος</em></span> <span class='ocrx_word' id='word_1_446' title='bbox 1000 4426 1014 4441; x_wconf 92' lang='grc'><strong>·</strong></span> <span class='ocrx_word' id='word_1_447' title='bbox 1065 4409 1179 4465; x_wconf 82' lang='grc' dir='ltr'><em>ἀλλ’</em></span> <span class='ocrx_word' id='word_1_448' title='bbox 1209 4409 1314 4475; x_wconf 78' lang='grc' dir='ltr'><strong>ἔξω</strong></span> <span class='ocrx_word' id='word_1_449' title='bbox 1346 4409 1571 4481; x_wconf 80' lang='grc' dir='ltr'><em>φέρεται</em></span> <span class='ocrx_word' id='word_1_450' title='bbox 1601 4408 1695 4463; x_wconf 74' lang='grc' dir='ltr'><em>τοῦ</em></span> <span class='ocrx_word' id='word_1_451' title='bbox 1723 4410 1950 4477; x_wconf 85' lang='grc' dir='ltr'><em>εἰκότος,</em></span> 
     </span>
    </p>
   </div>
   <div class='ocr_carea' id='block_1_59' title="bbox 375 4498 1953 4574">
    <p class='ocr_par' dir='ltr' id='par_1_59' title="bbox 375 4498 1953 4574">
     <span class='ocr_line' id='line_1_59' title="bbox 375 4498 1953 4574; baseline -0.003 -15"><span class='ocrx_word' id='word_1_452' title='bbox 375 4506 467 4560; x_wconf 80' lang='grc' dir='ltr'><em>τὸν</em></span> <span class='ocrx_word' id='word_1_453' title='bbox 494 4505 636 4560; x_wconf 84' lang='grc' dir='ltr'><em>θεῖον</em></span> <span class='ocrx_word' id='word_1_454' title='bbox 676 4504 779 4559; x_wconf 84' lang='grc' dir='ltr'><em>οὐκ</em></span> <span class='ocrx_word' id='word_1_455' title='bbox 818 4498 925 4556; x_wconf 76' lang='grc' dir='ltr'><em>οἶδε</em></span> <span class='ocrx_word' id='word_1_456' title='bbox 958 4502 1144 4572; x_wconf 81' lang='grc' dir='ltr'><em>νόμον.</em></span> <span class='ocrx_word' id='word_1_457' title='bbox 1175 4503 1331 4556; x_wconf 80' lang='grc' dir='ltr'><em>Ἔστι</em></span> <span class='ocrx_word' id='word_1_458' title='bbox 1369 4501 1425 4554; x_wconf 81' lang='grc' dir='ltr'><em>δὲ</em></span> <span class='ocrx_word' id='word_1_459' title='bbox 1466 4502 1682 4574; x_wconf 86' lang='grc' dir='ltr'><em>ἁπάσης</em></span> <span class='ocrx_word' id='word_1_460' title='bbox 1710 4501 1953 4574; x_wconf 85' lang='grc' dir='ltr'><em>ἀκαθαρ-</em></span> 
     </span>
    </p>
   </div>
   <div class='ocr_carea' id='block_1_60' title="bbox 2054 2031 3646 2104">
    <p class='ocr_par' dir='ltr' id='par_1_60' title="bbox 2054 2031 3646 2104">
     <span class='ocr_line' id='line_1_60' title="bbox 2054 2031 3646 2104; baseline 0.002 -19"><span class='ocrx_word' id='word_1_461' title='bbox 2054 2031 2292 2087; x_wconf 85' lang='lat' dir='ltr'><strong>lustrans</strong></span> <span class='ocrx_word' id='word_1_462' title='bbox 2316 2032 2654 2104; x_wconf 61' lang='lat' dir='ltr'><strong>mquod</strong></span> <span class='ocrx_word' id='word_1_463' title='bbox 2684 2034 2985 2100; x_wconf 80' lang='lat' dir='ltr'><strong>nuntiabat,</strong></span> <span class='ocrx_word' id='word_1_464' title='bbox 3022 2051 3043 2086; x_wconf 79' lang='grc' dir='ltr'><strong>ι</strong></span> <span class='ocrx_word' id='word_1_465' title='bbox 3082 2045 3140 2091; x_wconf 92' lang='lat' dir='ltr'><strong>et</strong></span> <span class='ocrx_word' id='word_1_466' title='bbox 3172 2037 3388 2089; x_wconf 89' lang='lat' dir='ltr'><strong>nomina</strong></span> <span class='ocrx_word' id='word_1_467' title='bbox 3411 2050 3646 2100; x_wconf 74' lang='lat' dir='ltr'><strong>earnm,-</strong></span> 
     </span>
    </p>
   </div>
   <div class='ocr_carea' id='block_1_61' title="bbox 2055 2122 3612 2193">
    <p class='ocr_par' dir='ltr' id='par_1_61' title="bbox 2055 2122 3612 2193">
     <span class='ocr_line' id='line_1_61' title="bbox 2055 2122 3612 2193; baseline -0.002 -14"><span class='ocrx_word' id='word_1_468' title='bbox 2055 2122 2325 2191; x_wconf 78' lang='lat' dir='ltr'><strong>Samaria,</strong></span> <span class='ocrx_word' id='word_1_469' title='bbox 2357 2126 2471 2180; x_wconf 84' lang='lat' dir='ltr'><strong>sive</strong></span> <span class='ocrx_word' id='word_1_470' title='bbox 2509 2123 2661 2193; x_wconf 85' lang='lat' dir='ltr'><strong>Oola,</strong></span> <span class='ocrx_word' id='word_1_471' title='bbox 2703 2133 2760 2181; x_wconf 90' lang='lat' dir='ltr'><strong>et</strong></span> <span class='ocrx_word' id='word_1_472' title='bbox 2777 2124 3097 2188; x_wconf 82' lang='lat' dir='ltr'><strong>Jerusalem,</strong></span> <span class='ocrx_word' id='word_1_473' title='bbox 3124 2125 3239 2180; x_wconf 83' lang='lat' dir='ltr'><strong>sive</strong></span> <span class='ocrx_word' id='word_1_474' title='bbox 3261 2123 3454 2180; x_wconf 83' lang='lat' dir='ltr'><strong>Ooliba</strong></span> <span class='ocrx_word' id='word_1_475' title='bbox 3486 2125 3556 2178; x_wconf 78' lang='grc' dir='ltr'><strong>⁷ο.</strong></span> <span class='ocrx_word' id='word_1_476' title='bbox 3593 2145 3612 2176; x_wconf 74' lang='grc' dir='ltr'><strong>ι</strong></span> 
     </span>
    </p>
   </div>
   <div class='ocr_carea' id='block_1_62' title="bbox 2052 2214 3624 2287">
    <p class='ocr_par' dir='ltr' id='par_1_62' title="bbox 2052 2214 3624 2287">
     <span class='ocr_line' id='line_1_62' title="bbox 2052 2214 3624 2287; baseline -0.001 -15"><span class='ocrx_word' id='word_1_477' title='bbox 2052 2214 2324 2287; x_wconf 85' lang='lat' dir='ltr'><strong>Principio</strong></span> <span class='ocrx_word' id='word_1_478' title='bbox 2372 2217 2515 2272; x_wconf 88' lang='lat' dir='ltr'><strong>enim</strong></span> <span class='ocrx_word' id='word_1_479' title='bbox 2548 2231 2651 2270; x_wconf 91' lang='lat' dir='ltr'><strong>una</strong></span> <span class='ocrx_word' id='word_1_480' title='bbox 2678 2216 2813 2287; x_wconf 61' lang='lat' dir='ltr'><strong>:fuit</strong></span> <span class='ocrx_word' id='word_1_481' title='bbox 2862 2216 3177 2271; x_wconf 69' lang='lat' dir='ltr'><strong>Ludazorum</strong></span> <span class='ocrx_word' id='word_1_482' title='bbox 3193 2230 3484 2287; x_wconf 75' lang='lat' dir='ltr'><strong>synagoga.</strong></span> <span class='ocrx_word' id='word_1_483' title='bbox 3521 2218 3624 2271; x_wconf 81' lang='lat' dir='ltr'><strong>Re-</strong></span> 
     </span>
    </p>
   </div>
   <div class='ocr_carea' id='block_1_63' title="bbox 2052 2305 3624 2377">
    <p class='ocr_par' dir='ltr' id='par_1_63' title="bbox 2052 2305 3624 2377">
     <span class='ocr_line' id='line_1_63' title="bbox 2052 2305 3624 2377; baseline 0.002 -18"><span class='ocrx_word' id='word_1_484' title='bbox 2052 2316 2253 2376; x_wconf 86' lang='lat' dir='ltr'><strong>gnante</strong></span> <span class='ocrx_word' id='word_1_485' title='bbox 2272 2316 2451 2363; x_wconf 86' lang='lat' dir='ltr'><strong>autem</strong></span> <span class='ocrx_word' id='word_1_486' title='bbox 2478 2305 2751 2373; x_wconf 79' lang='lat' dir='ltr'><strong>Roboam,</strong></span> <span class='ocrx_word' id='word_1_487' title='bbox 2769 2307 3012 2377; x_wconf 71' lang='lat' dir='ltr'><strong>abrupta</strong></span> <span class='ocrx_word' id='word_1_488' title='bbox 3040 2309 3109 2364; x_wconf 86' lang='lat' dir='ltr'><strong>ab</strong></span> <span class='ocrx_word' id='word_1_489' title='bbox 3153 2308 3275 2364; x_wconf 88' lang='lat' dir='ltr'><strong>aliis</strong></span> <span class='ocrx_word' id='word_1_490' title='bbox 3293 2309 3485 2364; x_wconf 83' lang='lat' dir='ltr'><strong>decem</strong></span> <span class='ocrx_word' id='word_1_491' title='bbox 3524 2309 3624 2363; x_wconf 85' lang='lat' dir='ltr'><strong>tri-</strong></span> 
     </span>
    </p>
   </div>
   <div class='ocr_carea' id='block_1_64' title="bbox 2053 2397 3623 2464">
    <p class='ocr_par' dir='ltr' id='par_1_64' title="bbox 2053 2397 3623 2464">
     <span class='ocr_line' id='line_1_64' title="bbox 2053 2397 3623 2464; baseline 0 -11"><span class='ocrx_word' id='word_1_492' title='bbox 2053 2400 2174 2462; x_wconf 85' lang='lat' dir='ltr'><strong>bus,</strong></span> <span class='ocrx_word' id='word_1_493' title='bbox 2212 2398 2520 2453; x_wconf 82' lang='lat' dir='ltr'><strong>habitarunt</strong></span> <span class='ocrx_word' id='word_1_494' title='bbox 2554 2397 2891 2464; x_wconf 80' lang='lat' dir='ltr'><strong>Samariam,</strong></span> <span class='ocrx_word' id='word_1_495' title='bbox 2913 2407 2968 2453; x_wconf 89' lang='lat' dir='ltr'><strong>et</strong></span> <span class='ocrx_word' id='word_1_496' title='bbox 3000 2397 3279 2455; x_wconf 71' lang='lat' dir='ltr'><strong>fornicata:</strong></span> <span class='ocrx_word' id='word_1_497' title='bbox 3296 2411 3423 2454; x_wconf 90' lang='lat' dir='ltr'><strong>sunt</strong></span> <span class='ocrx_word' id='word_1_498' title='bbox 3461 2400 3514 2454; x_wconf 90' lang='lat' dir='ltr'><strong>in</strong></span> <span class='ocrx_word' id='word_1_499' title='bbox 3542 2400 3623 2453; x_wconf 81' lang='lat' dir='ltr'><strong>vi-</strong></span> 
     </span>
    </p>
   </div>
   <div class='ocr_carea' id='block_1_65' title="bbox 2056 2488 3626 2560">
    <p class='ocr_par' dir='ltr' id='par_1_65' title="bbox 2056 2488 3626 2560">
     <span class='ocr_line' id='line_1_65' title="bbox 2056 2488 3626 2560; baseline 0.001 -16"><span class='ocrx_word' id='word_1_500' title='bbox 2056 2490 2181 2544; x_wconf 89' lang='lat' dir='ltr'><strong>tulis</strong></span> <span class='ocrx_word' id='word_1_501' title='bbox 2197 2489 2397 2556; x_wconf 87' lang='lat' dir='ltr'><strong>aureis,</strong></span> <span class='ocrx_word' id='word_1_502' title='bbox 2426 2503 2562 2560; x_wconf 90' lang='lat' dir='ltr'><strong>quos</strong></span> <span class='ocrx_word' id='word_1_503' title='bbox 2582 2490 2711 2546; x_wconf 90' lang='lat' dir='ltr'><strong>fecit</strong></span> <span class='ocrx_word' id='word_1_504' title='bbox 2734 2488 3022 2547; x_wconf 76' lang='lat' dir='ltr'><strong>leroboam</strong></span> <span class='ocrx_word' id='word_1_505' title='bbox 3050 2491 3195 2547; x_wconf 77' lang='lat' dir='ltr'><strong>ﬁlius</strong></span> <span class='ocrx_word' id='word_1_506' title='bbox 3212 2491 3383 2547; x_wconf 76' lang='lat' dir='ltr'><strong>Nabal</strong></span> <span class='ocrx_word' id='word_1_507' title='bbox 3408 2492 3476 2545; x_wconf 77' lang='grc' dir='ltr'><strong>τί.</strong></span> <span class='ocrx_word' id='word_1_508' title='bbox 3494 2490 3626 2546; x_wconf 61' lang='grc' dir='ltr'><strong>ϐων</strong></span> 
     </span>
    </p>
   </div>
   <div class='ocr_carea' id='block_1_66' title="bbox 2056 2582 3644 2641">
    <p class='ocr_par' dir='ltr' id='par_1_66' title="bbox 2056 2582 3644 2641">
     <span class='ocr_line' id='line_1_66' title="bbox 2056 2582 3644 2641; baseline -0.003 -3"><span class='ocrx_word' id='word_1_509' title='bbox 2056 2595 2227 2639; x_wconf 87' lang='lat' dir='ltr'><strong>terum</strong></span> <span class='ocrx_word' id='word_1_510' title='bbox 2292 2598 2396 2638; x_wconf 90' lang='lat' dir='ltr'><strong>non</strong></span> <span class='ocrx_word' id='word_1_511' title='bbox 2459 2584 2578 2639; x_wconf 90' lang='lat' dir='ltr'><strong>sine</strong></span> <span class='ocrx_word' id='word_1_512' title='bbox 2604 2597 2766 2638; x_wconf 89' lang='lat' dir='ltr'><strong>causa</strong></span> <span class='ocrx_word' id='word_1_513' title='bbox 2795 2582 2993 2638; x_wconf 88' lang='lat' dir='ltr'><strong>factum</strong></span> <span class='ocrx_word' id='word_1_514' title='bbox 3008 2592 3116 2638; x_wconf 87' lang='lat' dir='ltr'><strong>est.</strong></span> <span class='ocrx_word' id='word_1_515' title='bbox 3149 2622 3165 2636; x_wconf 95' lang='lat'><strong>.</strong></span> <span class='ocrx_word' id='word_1_516' title='bbox 3195 2623 3213 2641; x_wconf 93' lang='lat'><strong>.</strong></span> <span class='ocrx_word' id='word_1_517' title='bbox 3244 2623 3261 2638; x_wconf 96' lang='lat'><strong>.</strong></span> <span class='ocrx_word' id='word_1_518' title='bbox 3298 2621 3312 2636; x_wconf 95' lang='lat'><strong>.</strong></span> <span class='ocrx_word' id='word_1_519' title='bbox 3355 2621 3371 2637; x_wconf 95' lang='lat'><strong>.</strong></span> <span class='ocrx_word' id='word_1_520' title='bbox 3409 2620 3429 2636; x_wconf 86' lang='lat'><strong>.</strong></span> <span class='ocrx_word' id='word_1_521' title='bbox 3463 2618 3480 2635; x_wconf 93' lang='lat'><strong>.</strong></span> <span class='ocrx_word' id='word_1_522' title='bbox 3507 2618 3525 2635; x_wconf 94' lang='lat'><strong>.</strong></span> <span class='ocrx_word' id='word_1_523' title='bbox 3556 2620 3571 2636; x_wconf 94' lang='lat'><strong>.</strong></span> <span class='ocrx_word' id='word_1_524' title='bbox 3608 2622 3644 2635; x_wconf 90' lang='lat'><strong>..</strong></span> 
     </span>
    </p>
   </div>
   <div class='ocr_carea' id='block_1_67' title="bbox 2053 2673 3628 2744">
    <p class='ocr_par' dir='ltr' id='par_1_67' title="bbox 2053 2673 3628 2744">
     <span class='ocr_line' id='line_1_67' title="bbox 2053 2673 3628 2744; baseline 0 -16"><span class='ocrx_word' id='word_1_525' title='bbox 2053 2674 2158 2730; x_wconf 90' lang='lat' dir='ltr'><strong>hoc</strong></span> <span class='ocrx_word' id='word_1_526' title='bbox 2208 2684 2313 2739; x_wconf 91' lang='lat' dir='ltr'><strong>est,</strong></span> <span class='ocrx_word' id='word_1_527' title='bbox 2354 2673 2655 2730; x_wconf 84' lang='lat' dir='ltr'><strong>Jerusalem</strong></span> <span class='ocrx_word' id='word_1_528' title='bbox 2687 2694 2704 2729; x_wconf 89' lang='lat'><strong><em>:</em></strong></span> <span class='ocrx_word' id='word_1_529' title='bbox 2733 2675 2852 2744; x_wconf 86' lang='lat' dir='ltr'><strong>ipsa</strong></span> <span class='ocrx_word' id='word_1_530' title='bbox 2878 2675 3024 2729; x_wconf 88' lang='lat' dir='ltr'><strong>enim</strong></span> <span class='ocrx_word' id='word_1_531' title='bbox 3053 2689 3268 2744; x_wconf 88' lang='lat' dir='ltr'><strong>quoque</strong></span> <span class='ocrx_word' id='word_1_532' title='bbox 3295 2673 3479 2727; x_wconf 87' lang='lat' dir='ltr'><strong>multis</strong></span> <span class='ocrx_word' id='word_1_533' title='bbox 3511 2687 3628 2728; x_wconf 84' lang='lat' dir='ltr'><strong>mo-</strong></span> 
     </span>
    </p>
   </div>
   <div class='ocr_carea' id='block_1_68' title="bbox 2054 2764 3622 2836">
    <p class='ocr_par' dir='ltr' id='par_1_68' title="bbox 2054 2764 3622 2836">
     <span class='ocr_line' id='line_1_68' title="bbox 2054 2764 3622 2836; baseline -0.001 -17"><span class='ocrx_word' id='word_1_534' title='bbox 2054 2766 2137 2821; x_wconf 88' lang='lat' dir='ltr'><strong>dis</strong></span> <span class='ocrx_word' id='word_1_535' title='bbox 2168 2766 2430 2821; x_wconf 80' lang='lat' dir='ltr'><strong>fornicata</strong></span> <span class='ocrx_word' id='word_1_536' title='bbox 2457 2774 2563 2830; x_wconf 88' lang='lat' dir='ltr'><strong>est,</strong></span> <span class='ocrx_word' id='word_1_537' title='bbox 2597 2765 2919 2836; x_wconf 84' lang='lat' dir='ltr'><strong>quibusdam</strong></span> <span class='ocrx_word' id='word_1_538' title='bbox 2943 2775 3054 2820; x_wconf 92' lang='lat' dir='ltr'><strong>tum</strong></span> <span class='ocrx_word' id='word_1_539' title='bbox 3076 2766 3216 2819; x_wconf 89' lang='lat' dir='ltr'><strong>idola</strong></span> <span class='ocrx_word' id='word_1_540' title='bbox 3248 2764 3622 2830; x_wconf 82' lang='lat' dir='ltr'><strong>adorantibus,</strong></span> 
     </span>
    </p>
   </div>
   <div class='ocr_carea' id='block_1_69' title="bbox 2036 2855 3623 2925">
    <p class='ocr_par' dir='ltr' id='par_1_69' title="bbox 2036 2855 3623 2925">
     <span class='ocr_line' id='line_1_69' title="bbox 2036 2855 3623 2925; baseline -0.002 -14"><span class='ocrx_word' id='word_1_541' title='bbox 2036 2856 2560 2913; x_wconf 83' lang='lat' dir='ltr'><strong>.etsacriﬁcantibus</strong></span> <span class='ocrx_word' id='word_1_542' title='bbox 2582 2856 2734 2925; x_wconf 84' lang='lat' dir='ltr'><strong>Baal,</strong></span> <span class='ocrx_word' id='word_1_543' title='bbox 2773 2857 3026 2923; x_wconf 74' lang='lat' dir='ltr'><strong>Astartze,</strong></span> <span class='ocrx_word' id='word_1_544' title='bbox 3051 2856 3304 2921; x_wconf 86' lang='lat' dir='ltr'><strong>collibus,</strong></span> <span class='ocrx_word' id='word_1_545' title='bbox 3341 2855 3475 2918; x_wconf 90' lang='lat' dir='ltr'><strong>Soli,</strong></span> <span class='ocrx_word' id='word_1_546' title='bbox 3510 2856 3623 2909; x_wconf 88' lang='lat' dir='ltr'><strong>Lu-</strong></span> 
     </span>
    </p>
   </div>
   <div class='ocr_carea' id='block_1_70' title="bbox 2055 2948 3625 3019">
    <p class='ocr_par' dir='ltr' id='par_1_70' title="bbox 2055 2948 3625 3019">
     <span class='ocr_line' id='line_1_70' title="bbox 2055 2948 3625 3019; baseline -0.002 -15"><span class='ocrx_word' id='word_1_547' title='bbox 2055 2964 2160 3014; x_wconf 62' lang='lat' dir='ltr'><strong>na,</strong></span> <span class='ocrx_word' id='word_1_548' title='bbox 2209 2949 2480 3005; x_wconf 88' lang='lat' dir='ltr'><strong>sideribus</strong></span> <span class='ocrx_word' id='word_1_549' title='bbox 2526 2949 2748 3019; x_wconf 83' lang='lat' dir='ltr'><strong>reliquis</strong></span> <span class='ocrx_word' id='word_1_550' title='bbox 2779 2965 2795 3002; x_wconf 88' lang='lat'><strong>:</strong></span> <span class='ocrx_word' id='word_1_551' title='bbox 2826 2957 2935 3006; x_wconf 89' lang='lat' dir='ltr'><strong>tum</strong></span> <span class='ocrx_word' id='word_1_552' title='bbox 2988 2949 3055 3004; x_wconf 90' lang='lat' dir='ltr'><strong>ad</strong></span> <span class='ocrx_word' id='word_1_553' title='bbox 3089 2962 3305 3006; x_wconf 89' lang='lat' dir='ltr'><strong>omnem</strong></span> <span class='ocrx_word' id='word_1_554' title='bbox 3337 2948 3625 3003; x_wconf 87' lang='lat' dir='ltr'><strong>immundi-</strong></span> 
     </span>
    </p>
   </div>
   <div class='ocr_carea' id='block_1_71' title="bbox 2055 3039 3625 3110">
    <p class='ocr_par' dir='ltr' id='par_1_71' title="bbox 2055 3039 3625 3110">
     <span class='ocr_line' id='line_1_71' title="bbox 2055 3039 3625 3110; baseline 0 -17"><span class='ocrx_word' id='word_1_555' title='bbox 2055 3041 2181 3094; x_wconf 87' lang='lat' dir='ltr'><strong>tiam</strong></span> <span class='ocrx_word' id='word_1_556' title='bbox 2214 3040 2410 3110; x_wconf 88' lang='lat' dir='ltr'><strong>cupide</strong></span> <span class='ocrx_word' id='word_1_557' title='bbox 2457 3040 2804 3107; x_wconf 86' lang='lat' dir='ltr'><strong>abeuntibus,</strong></span> <span class='ocrx_word' id='word_1_558' title='bbox 2836 3047 2893 3095; x_wconf 89' lang='lat' dir='ltr'><strong>et</strong></span> <span class='ocrx_word' id='word_1_559' title='bbox 2919 3039 3099 3095; x_wconf 88' lang='lat' dir='ltr'><strong>divina</strong></span> <span class='ocrx_word' id='word_1_560' title='bbox 3124 3040 3376 3093; x_wconf 88' lang='lat' dir='ltr'><strong>mandata</strong></span> <span class='ocrx_word' id='word_1_561' title='bbox 3405 3039 3625 3108; x_wconf 87' lang='lat' dir='ltr'><strong>sapien-</strong></span> 
     </span>
    </p>
   </div>
   <div class='ocr_carea' id='block_1_72' title="bbox 2053 3128 3628 3202">
    <p class='ocr_par' dir='ltr' id='par_1_72' title="bbox 2053 3128 3628 3202">
     <span class='ocr_line' id='line_1_72' title="bbox 2053 3128 3628 3202; baseline -0.003 -14"><span class='ocrx_word' id='word_1_562' title='bbox 2053 3133 2246 3188; x_wconf 89' lang='lat' dir='ltr'><strong>tissimi</strong></span> <span class='ocrx_word' id='word_1_563' title='bbox 2280 3132 2444 3187; x_wconf 77' lang='lat' dir='ltr'><strong>Mosis</strong></span> <span class='ocrx_word' id='word_1_564' title='bbox 2483 3146 2583 3187; x_wconf 89' lang='lat' dir='ltr'><strong>nec</strong></span> <span class='ocrx_word' id='word_1_565' title='bbox 2608 3131 2703 3187; x_wconf 88' lang='lat' dir='ltr'><strong>hili</strong></span> <span class='ocrx_word' id='word_1_566' title='bbox 2729 3130 3074 3187; x_wconf 87' lang='lat' dir='ltr'><strong>facientibus.</strong></span> <span class='ocrx_word' id='word_1_567' title='bbox 3105 3131 3247 3185; x_wconf 86' lang='lat' dir='ltr'><strong>Duas</strong></span> <span class='ocrx_word' id='word_1_568' title='bbox 3273 3130 3455 3199; x_wconf 90' lang='lat' dir='ltr'><strong>itaque</strong></span> <span class='ocrx_word' id='word_1_569' title='bbox 3487 3128 3628 3202; x_wconf 85' lang='lat' dir='ltr'><strong>Syn-</strong></span> 
     </span>
    </p>
   </div>
   <div class='ocr_carea' id='block_1_73' title="bbox 2051 3218 3624 3292">
    <p class='ocr_par' dir='ltr' id='par_1_73' title="bbox 2051 3218 3624 3292">
     <span class='ocr_line' id='line_1_73' title="bbox 2051 3218 3624 3292; baseline -0.001 -16"><span class='ocrx_word' id='word_1_570' title='bbox 2051 3237 2253 3292; x_wconf 86' lang='lat' dir='ltr'><strong>agogas</strong></span> <span class='ocrx_word' id='word_1_571' title='bbox 2304 3219 2520 3277; x_wconf 82' lang='lat' dir='ltr'><strong>lsraelis</strong></span> <span class='ocrx_word' id='word_1_572' title='bbox 2566 3221 2776 3277; x_wconf 85' lang='lat' dir='ltr'><strong>duabus</strong></span> <span class='ocrx_word' id='word_1_573' title='bbox 2817 3220 3136 3276; x_wconf 87' lang='lat' dir='ltr'><strong>mulieribus</strong></span> <span class='ocrx_word' id='word_1_574' title='bbox 3174 3220 3370 3276; x_wconf 88' lang='lat' dir='ltr'><strong>iterum</strong></span> <span class='ocrx_word' id='word_1_575' title='bbox 3400 3218 3507 3274; x_wconf 85' lang='lat' dir='ltr'><strong>hac</strong></span> <span class='ocrx_word' id='word_1_576' title='bbox 3541 3219 3624 3275; x_wconf 79' lang='lat' dir='ltr'><strong>vi-</strong></span> 
     </span>
    </p>
   </div>
   <div class='ocr_carea' id='block_1_74' title="bbox 2052 3311 3625 3384">
    <p class='ocr_par' dir='ltr' id='par_1_74' title="bbox 2052 3311 3625 3384">
     <span class='ocr_line' id='line_1_74' title="bbox 2052 3311 3625 3384; baseline -0.002 -15"><span class='ocrx_word' id='word_1_577' title='bbox 2052 3314 2203 3369; x_wconf 88' lang='lat' dir='ltr'><strong>sione</strong></span> <span class='ocrx_word' id='word_1_578' title='bbox 2252 3322 2534 3384; x_wconf 86' lang='lat' dir='ltr'><strong>comparat</strong></span> <span class='ocrx_word' id='word_1_579' title='bbox 2562 3328 2576 3366; x_wconf 91' lang='lat'><strong>:</strong></span> <span class='ocrx_word' id='word_1_580' title='bbox 2612 3327 2748 3383; x_wconf 88' lang='lat' dir='ltr'><strong>quas</strong></span> <span class='ocrx_word' id='word_1_581' title='bbox 2774 3321 2829 3368; x_wconf 90' lang='lat' dir='ltr'><strong>et</strong></span> <span class='ocrx_word' id='word_1_582' title='bbox 2854 3311 2970 3367; x_wconf 88' lang='lat' dir='ltr'><strong>alas</strong></span> <span class='ocrx_word' id='word_1_583' title='bbox 2986 3326 3179 3383; x_wconf 70' lang='lat' dir='ltr'><strong>upupa:</strong></span> <span class='ocrx_word' id='word_1_584' title='bbox 3200 3312 3456 3369; x_wconf 87' lang='lat' dir='ltr'><strong>habuisse</strong></span> <span class='ocrx_word' id='word_1_585' title='bbox 3476 3311 3625 3366; x_wconf 72' lang='lat' dir='ltr'><strong>allir~</strong></span> 
     </span>
    </p>
   </div>
   <div class='ocr_carea' id='block_1_75' title="bbox 2053 3404 3629 3475">
    <p class='ocr_par' dir='ltr' id='par_1_75' title="bbox 2053 3404 3629 3475">
     <span class='ocr_line' id='line_1_75' title="bbox 2053 3404 3629 3475; baseline -0.001 -15"><span class='ocrx_word' id='word_1_586' title='bbox 2053 3413 2185 3469; x_wconf 86' lang='lat' dir='ltr'><strong>mat,</strong></span> <span class='ocrx_word' id='word_1_587' title='bbox 2217 3412 2277 3459; x_wconf 91' lang='lat' dir='ltr'><strong>ut</strong></span> <span class='ocrx_word' id='word_1_588' title='bbox 2310 3404 2575 3474; x_wconf 89' lang='lat' dir='ltr'><strong>impuram</strong></span> <span class='ocrx_word' id='word_1_589' title='bbox 2604 3418 2815 3468; x_wconf 90' lang='lat' dir='ltr'><strong>earum,</strong></span> <span class='ocrx_word' id='word_1_590' title='bbox 2845 3414 3082 3458; x_wconf 89' lang='lat' dir='ltr'><strong>mentem</strong></span> <span class='ocrx_word' id='word_1_591' title='bbox 3122 3413 3175 3459; x_wconf 91' lang='lat' dir='ltr'><strong>et</strong></span> <span class='ocrx_word' id='word_1_592' title='bbox 3194 3405 3260 3458; x_wconf 87' lang='lat' dir='ltr'><strong>ad</strong></span> <span class='ocrx_word' id='word_1_593' title='bbox 3292 3419 3629 3475; x_wconf 66' lang='lat' dir='ltr'><strong>quaecunque</strong></span> 
     </span>
    </p>
   </div>
   <div class='ocr_carea' id='block_1_76' title="bbox 2053 3494 3625 3566">
    <p class='ocr_par' dir='ltr' id='par_1_76' title="bbox 2053 3494 3625 3566">
     <span class='ocr_line' id='line_1_76' title="bbox 2053 3494 3625 3566; baseline 0 -15"><span class='ocrx_word' id='word_1_594' title='bbox 2053 3496 2258 3551; x_wconf 88' lang='lat' dir='ltr'><strong>nefaria</strong></span> <span class='ocrx_word' id='word_1_595' title='bbox 2325 3495 2636 3550; x_wconf 81' lang='lat' dir='ltr'><strong>facilitatem</strong></span> <span class='ocrx_word' id='word_1_596' title='bbox 2661 3495 3073 3564; x_wconf 87' lang='lat' dir='ltr'><strong>appositissime</strong></span> <span class='ocrx_word' id='word_1_597' title='bbox 3116 3494 3377 3550; x_wconf 87' lang='lat' dir='ltr'><strong>declaret.</strong></span> <span class='ocrx_word' id='word_1_598' title='bbox 3434 3495 3625 3566; x_wconf 84' lang='lat' dir='ltr'><strong>Upupa</strong></span> 
     </span>
    </p>
   </div>
   <div class='ocr_carea' id='block_1_77' title="bbox 2052 3587 3628 3658">
    <p class='ocr_par' dir='ltr' id='par_1_77' title="bbox 2052 3587 3628 3658">
     <span class='ocr_line' id='line_1_77' title="bbox 2052 3587 3628 3658; baseline -0.001 -14"><span class='ocrx_word' id='word_1_599' title='bbox 2052 3590 2197 3644; x_wconf 89' lang='lat' dir='ltr'><strong>enim</strong></span> <span class='ocrx_word' id='word_1_600' title='bbox 2261 3597 2445 3644; x_wconf 86' lang='lat' dir='ltr'><strong>notum</strong></span> <span class='ocrx_word' id='word_1_601' title='bbox 2494 3596 2578 3643; x_wconf 89' lang='lat' dir='ltr'><strong>est</strong></span> <span class='ocrx_word' id='word_1_602' title='bbox 2620 3602 2791 3658; x_wconf 87' lang='lat' dir='ltr'><strong>genus</strong></span> <span class='ocrx_word' id='word_1_603' title='bbox 2842 3587 3100 3657; x_wconf 89' lang='lat' dir='ltr'><strong>passeris,</strong></span> <span class='ocrx_word' id='word_1_604' title='bbox 3165 3602 3355 3643; x_wconf 88' lang='lat' dir='ltr'><strong>amans</strong></span> <span class='ocrx_word' id='word_1_605' title='bbox 3381 3590 3545 3654; x_wconf 71' lang='lat' dir='ltr'><strong>caeni,</strong></span> <span class='ocrx_word' id='word_1_606' title='bbox 3572 3598 3628 3644; x_wconf 90' lang='lat' dir='ltr'><strong>et</strong></span> 
     </span>
    </p>
   </div>
   <div class='ocr_carea' id='block_1_78' title="bbox 2058 3681 3627 3751">
    <p class='ocr_par' dir='ltr' id='par_1_78' title="bbox 2058 3681 3627 3751">
     <span class='ocr_line' id='line_1_78' title="bbox 2058 3681 3627 3751; baseline -0.001 -14"><span class='ocrx_word' id='word_1_607' title='bbox 2058 3681 2509 3749; x_wconf 74' lang='lat' dir='ltr'><strong>stercorivorum,</strong></span> <span class='ocrx_word' id='word_1_608' title='bbox 2563 3688 2619 3735; x_wconf 87' lang='lat' dir='ltr'><strong>et</strong></span> <span class='ocrx_word' id='word_1_609' title='bbox 2648 3681 2701 3734; x_wconf 89' lang='lat' dir='ltr'><strong>in</strong></span> <span class='ocrx_word' id='word_1_610' title='bbox 2737 3694 2927 3751; x_wconf 88' lang='lat' dir='ltr'><strong>greges</strong></span> <span class='ocrx_word' id='word_1_611' title='bbox 2943 3681 3268 3736; x_wconf 89' lang='lat' dir='ltr'><strong>crabronum</strong></span> <span class='ocrx_word' id='word_1_612' title='bbox 3298 3681 3535 3737; x_wconf 88' lang='lat' dir='ltr'><strong>ferocius</strong></span> <span class='ocrx_word' id='word_1_613' title='bbox 3550 3681 3627 3736; x_wconf 90' lang='lat' dir='ltr'><strong>in-</strong></span> 
     </span>
    </p>
   </div>
   <div class='ocr_carea' id='block_1_79' title="bbox 2054 3772 3629 3843">
    <p class='ocr_par' dir='ltr' id='par_1_79' title="bbox 2054 3772 3629 3843">
     <span class='ocr_line' id='line_1_79' title="bbox 2054 3772 3629 3843; baseline -0.001 -14"><span class='ocrx_word' id='word_1_614' title='bbox 2054 3776 2295 3836; x_wconf 84' lang='lat' dir='ltr'><strong>saniens,</strong></span> <span class='ocrx_word' id='word_1_615' title='bbox 2353 3781 2408 3829; x_wconf 91' lang='lat' dir='ltr'><strong>et</strong></span> <span class='ocrx_word' id='word_1_616' title='bbox 2453 3772 2889 3829; x_wconf 89' lang='lat' dir='ltr'><strong>immundissima</strong></span> <span class='ocrx_word' id='word_1_617' title='bbox 2930 3787 3158 3843; x_wconf 69' lang='lat' dir='ltr'><strong>quaeque</strong></span> <span class='ocrx_word' id='word_1_618' title='bbox 3215 3788 3312 3843; x_wconf 91' lang='lat' dir='ltr'><strong>pro</strong></span> <span class='ocrx_word' id='word_1_619' title='bbox 3367 3773 3629 3828; x_wconf 90' lang='lat' dir='ltr'><strong>alimento</strong></span> 
     </span>
    </p>
   </div>
   <div class='ocr_carea' id='block_1_80' title="bbox 2056 3862 3626 3935">
    <p class='ocr_par' dir='ltr' id='par_1_80' title="bbox 2056 3862 3626 3935">
     <span class='ocr_line' id='line_1_80' title="bbox 2056 3862 3626 3935; baseline -0.001 -17"><span class='ocrx_word' id='word_1_620' title='bbox 2056 3880 2318 3935; x_wconf 88' lang='lat' dir='ltr'><strong>usurpare</strong></span> <span class='ocrx_word' id='word_1_621' title='bbox 2364 3865 2606 3920; x_wconf 90' lang='lat' dir='ltr'><strong>solitum.</strong></span> <span class='ocrx_word' id='word_1_622' title='bbox 2642 3862 2791 3919; x_wconf 87' lang='lat' dir='ltr'><strong>Talis</strong></span> <span class='ocrx_word' id='word_1_623' title='bbox 2842 3864 3243 3932; x_wconf 88' lang='lat' dir='ltr'><strong>quodammodo</strong></span> <span class='ocrx_word' id='word_1_624' title='bbox 3279 3878 3433 3918; x_wconf 90' lang='lat' dir='ltr'><strong>mens</strong></span> <span class='ocrx_word' id='word_1_625' title='bbox 3461 3863 3626 3918; x_wconf 89' lang='lat' dir='ltr'><strong>etiam</strong></span> 
     </span>
    </p>
   </div>
   <div class='ocr_carea' id='block_1_81' title="bbox 2056 3953 3627 4011">
    <p class='ocr_par' dir='ltr' id='par_1_81' title="bbox 2056 3953 3627 4011">
     <span class='ocr_line' id='line_1_81' title="bbox 2056 3953 3627 4011; baseline -0.002 -1"><span class='ocrx_word' id='word_1_626' title='bbox 2056 3956 2357 4011; x_wconf 70' lang='lat' dir='ltr'><strong>itlololatris</strong></span> <span class='ocrx_word' id='word_1_627' title='bbox 2405 3956 2568 4010; x_wconf 90' lang='lat' dir='ltr'><strong>inest.</strong></span> <span class='ocrx_word' id='word_1_628' title='bbox 2624 3953 2744 4010; x_wconf 89' lang='lat' dir='ltr'><strong>Non</strong></span> <span class='ocrx_word' id='word_1_629' title='bbox 2799 3963 2952 4009; x_wconf 87' lang='lat' dir='ltr'><strong>recto</strong></span> <span class='ocrx_word' id='word_1_630' title='bbox 2994 3954 3191 4008; x_wconf 88' lang='lat' dir='ltr'><strong>itinere</strong></span> <span class='ocrx_word' id='word_1_631' title='bbox 3243 3954 3312 4008; x_wconf 86' lang='lat' dir='ltr'><strong>ad</strong></span> <span class='ocrx_word' id='word_1_632' title='bbox 3342 3954 3627 4008; x_wconf 88' lang='lat' dir='ltr'><strong>honestum</strong></span> 
     </span>
    </p>
   </div>
   <div class='ocr_carea' id='block_1_82' title="bbox 2054 4044 3631 4116">
    <p class='ocr_par' dir='ltr' id='par_1_82' title="bbox 2054 4044 3631 4116">
     <span class='ocr_line' id='line_1_82' title="bbox 2054 4044 3631 4116; baseline -0.003 -13"><span class='ocrx_word' id='word_1_633' title='bbox 2054 4047 2353 4115; x_wconf 89' lang='lat' dir='ltr'><strong>contendit,</strong></span> <span class='ocrx_word' id='word_1_634' title='bbox 2381 4048 2476 4102; x_wconf 90' lang='lat' dir='ltr'><strong>sed</strong></span> <span class='ocrx_word' id='word_1_635' title='bbox 2498 4057 2650 4102; x_wconf 86' lang='lat' dir='ltr'><strong>extra</strong></span> <span class='ocrx_word' id='word_1_636' title='bbox 2675 4047 2749 4110; x_wconf 90' lang='lat' dir='ltr'><strong>id,</strong></span> <span class='ocrx_word' id='word_1_637' title='bbox 2780 4046 2925 4116; x_wconf 89' lang='lat' dir='ltr'><strong>quod</strong></span> <span class='ocrx_word' id='word_1_638' title='bbox 2953 4055 3377 4101; x_wconf 86' lang='lat' dir='ltr'><strong>consentaneum</strong></span> <span class='ocrx_word' id='word_1_639' title='bbox 3413 4053 3497 4101; x_wconf 90' lang='lat' dir='ltr'><strong>est</strong></span> <span class='ocrx_word' id='word_1_640' title='bbox 3519 4044 3631 4100; x_wconf 86' lang='lat' dir='ltr'><strong>fer-</strong></span> 
     </span>
    </p>
   </div>
   <div class='ocr_carea' id='block_1_83' title="bbox 2054 4137 3633 4210">
    <p class='ocr_par' dir='ltr' id='par_1_83' title="bbox 2054 4137 3633 4210">
     <span class='ocr_line' id='line_1_83' title="bbox 2054 4137 3633 4210; baseline -0.001 -16"><span class='ocrx_word' id='word_1_641' title='bbox 2054 4148 2163 4195; x_wconf 88' lang='lat' dir='ltr'><strong>tur.</strong></span> <span class='ocrx_word' id='word_1_642' title='bbox 2211 4139 2305 4194; x_wconf 87' lang='lat' dir='ltr'><strong>Dei</strong></span> <span class='ocrx_word' id='word_1_643' title='bbox 2340 4139 2512 4209; x_wconf 91' lang='lat' dir='ltr'><strong>legem</strong></span> <span class='ocrx_word' id='word_1_644' title='bbox 2556 4152 2661 4193; x_wconf 90' lang='lat' dir='ltr'><strong>non</strong></span> <span class='ocrx_word' id='word_1_645' title='bbox 2697 4141 2867 4205; x_wconf 84' lang='lat' dir='ltr'><strong>novit,</strong></span> <span class='ocrx_word' id='word_1_646' title='bbox 2896 4138 3050 4210; x_wconf 86' lang='lat' dir='ltr'><strong>plena</strong></span> <span class='ocrx_word' id='word_1_647' title='bbox 3079 4138 3226 4193; x_wconf 90' lang='lat' dir='ltr'><strong>omni</strong></span> <span class='ocrx_word' id='word_1_648' title='bbox 3263 4137 3633 4204; x_wconf 77' lang='lat' dir='ltr'><strong>inmunditia,</strong></span> 
     </span>
    </p>
   </div>
   <div class='ocr_carea' id='block_1_84' title="bbox 2055 4230 3626 4302">
    <p class='ocr_par' dir='ltr' id='par_1_84' title="bbox 2055 4230 3626 4302">
     <span class='ocr_line' id='line_1_84' title="bbox 2055 4230 3626 4302; baseline 0 -16"><span class='ocrx_word' id='word_1_649' title='bbox 2055 4242 2111 4286; x_wconf 92' lang='lat' dir='ltr'><strong>et</strong></span> <span class='ocrx_word' id='word_1_650' title='bbox 2134 4246 2297 4287; x_wconf 85' lang='lat' dir='ltr'><strong>omne</strong></span> <span class='ocrx_word' id='word_1_651' title='bbox 2322 4246 2493 4302; x_wconf 81' lang='lat' dir='ltr'><strong>genus</strong></span> <span class='ocrx_word' id='word_1_652' title='bbox 2538 4230 2906 4299; x_wconf 85' lang='lat' dir='ltr'><strong>improbitatis</strong></span> <span class='ocrx_word' id='word_1_653' title='bbox 2969 4231 3151 4286; x_wconf 90' lang='lat' dir='ltr'><strong>cibum</strong></span> <span class='ocrx_word' id='word_1_654' title='bbox 3189 4244 3346 4285; x_wconf 91' lang='lat' dir='ltr'><strong>suum</strong></span> <span class='ocrx_word' id='word_1_655' title='bbox 3396 4230 3626 4287; x_wconf 86' lang='lat' dir='ltr'><strong>ducens.</strong></span> 
     </span>
    </p>
   </div>
   <div class='ocr_carea' id='block_1_85' title="bbox 2054 4320 3631 4392">
    <p class='ocr_par' dir='ltr' id='par_1_85' title="bbox 2054 4320 3631 4392">
     <span class='ocr_line' id='line_1_85' title="bbox 2054 4320 3631 4392; baseline -0.001 -16"><span class='ocrx_word' id='word_1_656' title='bbox 2054 4321 2262 4378; x_wconf 88' lang='lat' dir='ltr'><strong>Idcirco</strong></span> <span class='ocrx_word' id='word_1_657' title='bbox 2298 4331 2353 4377; x_wconf 91' lang='lat' dir='ltr'><strong>et</strong></span> <span class='ocrx_word' id='word_1_658' title='bbox 2390 4322 2503 4377; x_wconf 88' lang='lat' dir='ltr'><strong>alas</strong></span> <span class='ocrx_word' id='word_1_659' title='bbox 2532 4336 2724 4391; x_wconf 78' lang='lat' dir='ltr'><strong>upupae</strong></span> <span class='ocrx_word' id='word_1_660' title='bbox 2750 4321 3081 4378; x_wconf 89' lang='lat' dir='ltr'><strong>mulierculis</strong></span> <span class='ocrx_word' id='word_1_661' title='bbox 3110 4330 3319 4392; x_wconf 86' lang='lat' dir='ltr'><strong>aptatas</strong></span> <span class='ocrx_word' id='word_1_662' title='bbox 3347 4336 3527 4377; x_wconf 88' lang='lat' dir='ltr'><strong>sermo</strong></span> <span class='ocrx_word' id='word_1_663' title='bbox 3555 4320 3631 4375; x_wconf 78' lang='lat' dir='ltr'><strong>vi-</strong></span> 
     </span>
    </p>
   </div>
   <div class='ocr_carea' id='block_1_86' title="bbox 2054 4413 3629 4485">
    <p class='ocr_par' dir='ltr' id='par_1_86' title="bbox 2054 4413 3629 4485">
     <span class='ocr_line' id='line_1_86' title="bbox 2054 4413 3629 4485; baseline -0.001 -16"><span class='ocrx_word' id='word_1_664' title='bbox 2054 4414 2222 4470; x_wconf 88' lang='lat' dir='ltr'><strong>sionis</strong></span> <span class='ocrx_word' id='word_1_665' title='bbox 2254 4424 2459 4481; x_wconf 88' lang='lat' dir='ltr'><strong>narrat,</strong></span> <span class='ocrx_word' id='word_1_666' title='bbox 2492 4414 2723 4470; x_wconf 88' lang='lat' dir='ltr'><strong>similem</strong></span> <span class='ocrx_word' id='word_1_667' title='bbox 2761 4428 2977 4484; x_wconf 89' lang='lat' dir='ltr'><strong>quoque</strong></span> <span class='ocrx_word' id='word_1_668' title='bbox 3015 4424 3250 4469; x_wconf 89' lang='lat' dir='ltr'><strong>mentem</strong></span> <span class='ocrx_word' id='word_1_669' title='bbox 3281 4425 3337 4470; x_wconf 90' lang='lat' dir='ltr'><strong>et</strong></span> <span class='ocrx_word' id='word_1_670' title='bbox 3363 4413 3629 4485; x_wconf 84' lang='lat' dir='ltr'><strong>judicium</strong></span> 
     </span>
    </p>
   </div>
   <div class='ocr_carea' id='block_1_87' title="bbox 2054 4506 3631 4577">
    <p class='ocr_par' dir='ltr' id='par_1_87' title="bbox 2054 4506 3631 4577">
     <span class='ocr_line' id='line_1_87' title="bbox 2054 4506 3631 4577; baseline -0.001 -15"><span class='ocrx_word' id='word_1_671' title='bbox 2054 4506 2160 4563; x_wconf 88' lang='lat' dir='ltr'><strong>illis</strong></span> <span class='ocrx_word' id='word_1_672' title='bbox 2207 4507 2388 4564; x_wconf 86' lang='lat' dir='ltr'><strong>inesse</strong></span> <span class='ocrx_word' id='word_1_673' title='bbox 2434 4507 2651 4563; x_wconf 81' lang='lat' dir='ltr'><strong>docens.</strong></span> <span class='ocrx_word' id='word_1_674' title='bbox 2718 4506 3025 4577; x_wconf 87' lang='lat' dir='ltr'><strong>Capessunt</strong></span> <span class='ocrx_word' id='word_1_675' title='bbox 3082 4516 3262 4562; x_wconf 89' lang='lat' dir='ltr'><strong>autem</strong></span> <span class='ocrx_word' id='word_1_676' title='bbox 3321 4519 3631 4563; x_wconf 87' lang='lat' dir='ltr'><strong>mensuram</strong></span> 
     </span>
    </p>
   </div>
   <div class='ocr_carea' id='block_1_88' title="bbox 378 4590 1951 4679">
    <p class='ocr_par' dir='ltr' id='par_1_88' title="bbox 378 4590 1949 4668">
     <span class='ocr_line' id='line_1_88' title="bbox 378 4590 1949 4668; baseline -0.003 -18"><span class='ocrx_word' id='word_1_677' title='bbox 378 4597 499 4662; x_wconf 89' lang='grc' dir='ltr'><em>σίας</em></span> <span class='ocrx_word' id='word_1_678' title='bbox 548 4596 822 4668; x_wconf 69' lang='grc' dir='ltr'><em>ἔμπλεως,</em></span> <span class='ocrx_word' id='word_1_679' title='bbox 872 4595 967 4648; x_wconf 77' lang='grc' dir='ltr'><em>καὶ</em></span> <span class='ocrx_word' id='word_1_680' title='bbox 1015 4596 1123 4649; x_wconf 77' lang='grc' dir='ltr'><em>πᾶν</em></span> <span class='ocrx_word' id='word_1_681' title='bbox 1172 4590 1311 4657; x_wconf 74' lang='grc' dir='ltr'><em>εἶδος</em></span> <span class='ocrx_word' id='word_1_682' title='bbox 1358 4592 1691 4664; x_wconf 85' lang='grc' dir='ltr'><em>φαυλότητος</em></span> <span class='ocrx_word' id='word_1_683' title='bbox 1737 4593 1949 4664; x_wconf 76' lang='grc' dir='ltr'><em>ἡγεῖται</em></span> 
     </span>
    </p>
   </div>
   <div class='ocr_carea' id='block_1_89' title="bbox 2055 4590 3630 4679">
    <p class='ocr_par' dir='ltr' id='par_1_89' title="bbox 2056 4596 3630 4670">
     <span class='ocr_line' id='line_1_89' title="bbox 2056 4596 3630 4670; baseline -0.001 -15"><span class='ocrx_word' id='word_1_684' title='bbox 2056 4599 2346 4669; x_wconf 88' lang='lat' dir='ltr'><strong>iniquitate</strong></span> <span class='ocrx_word' id='word_1_685' title='bbox 2405 4598 2687 4669; x_wconf 89' lang='lat' dir='ltr'><strong>repletam.</strong></span> <span class='ocrx_word' id='word_1_686' title='bbox 2724 4596 2954 4670; x_wconf 87' lang='lat' dir='ltr'><strong>Oportet</strong></span> <span class='ocrx_word' id='word_1_687' title='bbox 3002 4598 3148 4654; x_wconf 90' lang='lat' dir='ltr'><strong>enim</strong></span> <span class='ocrx_word' id='word_1_688' title='bbox 3199 4599 3630 4669; x_wconf 90' lang='lat' dir='ltr'><strong>quamlibetani-</strong></span> 
     </span>
    </p>
   </div>
   <div class='ocr_carea' id='block_1_90' title="bbox 375 4683 1951 4763">
    <p class='ocr_par' dir='ltr' id='par_1_90' title="bbox 375 4683 1951 4763">
     <span class='ocr_line' id='line_1_90' title="bbox 375 4683 1951 4763; baseline -0.003 -20"><span class='ocrx_word' id='word_1_689' title='bbox 375 4691 601 4763; x_wconf 84' lang='grc' dir='ltr'><em>τροφήν.</em></span> <span class='ocrx_word' id='word_1_690' title='bbox 637 4687 911 4763; x_wconf 79' lang='grc' dir='ltr'><em>Ταύτῃτοι</em></span> <span class='ocrx_word' id='word_1_691' title='bbox 939 4690 1032 4743; x_wconf 73' lang='grc' dir='ltr'><em>καὶ</em></span> <span class='ocrx_word' id='word_1_692' title='bbox 1069 4687 1342 4759; x_wconf 82' lang='grc' dir='ltr'><em>πτέρυγας</em></span> <span class='ocrx_word' id='word_1_693' title='bbox 1384 4685 1585 4750; x_wconf 75' lang='grc' dir='ltr'><em>ἔποπος</em></span> <span class='ocrx_word' id='word_1_694' title='bbox 1616 4683 1951 4757; x_wconf 79' lang='grc' dir='ltr'><em>ἑνηρμόσθαι</em></span> 
     </span>
    </p>
   </div>
   <div class='ocr_carea' id='block_1_91' title="bbox 375 4776 1951 4851">
    <p class='ocr_par' dir='ltr' id='par_1_91' title="bbox 375 4776 1951 4851">
     <span class='ocr_line' id='line_1_91' title="bbox 375 4776 1951 4851; baseline -0.004 -16"><span class='ocrx_word' id='word_1_695' title='bbox 375 4784 490 4846; x_wconf 82' lang='grc' dir='ltr'><em>τοῖς</em></span> <span class='ocrx_word' id='word_1_696' title='bbox 541 4781 785 4851; x_wconf 82' lang='grc' dir='ltr'><em>γυναίοις</em></span> <span class='ocrx_word' id='word_1_697' title='bbox 825 4782 859 4834; x_wconf 82' lang='grc' dir='ltr'>ὁ</span> <span class='ocrx_word' id='word_1_698' title='bbox 884 4783 983 4851; x_wconf 83' lang='grc' dir='ltr'><em>τῆς</em></span> <span class='ocrx_word' id='word_1_699' title='bbox 1027 4780 1268 4851; x_wconf 84' lang='grc' dir='ltr'><em>ὁράσεως</em></span> <span class='ocrx_word' id='word_1_700' title='bbox 1314 4778 1418 4849; x_wconf 78' lang='grc' dir='ltr'><strong>ἔφη</strong></span> <span class='ocrx_word' id='word_1_701' title='bbox 1465 4778 1642 4847; x_wconf 87' lang='grc' dir='ltr'><em>λόγος,</em></span> <span class='ocrx_word' id='word_1_702' title='bbox 1692 4776 1792 4848; x_wconf 79' lang='grc' dir='ltr'><em>τὴν</em></span> <span class='ocrx_word' id='word_1_703' title='bbox 1830 4776 1951 4848; x_wconf 87' lang='grc' dir='ltr'><em>ῐσην</em></span> 
     </span>
    </p>
   </div>
   <div class='ocr_carea' id='block_1_92' title="bbox 378 4870 1949 4945">
    <p class='ocr_par' dir='ltr' id='par_1_92' title="bbox 378 4870 1949 4945">
     <span class='ocr_line' id='line_1_92' title="bbox 378 4870 1949 4945; baseline -0.002 -19"><span class='ocrx_word' id='word_1_704' title='bbox 378 4875 597 4928; x_wconf 77' lang='grc' dir='ltr'><em>ἐκείνων</em></span> <span class='ocrx_word' id='word_1_705' title='bbox 628 4872 851 4945; x_wconf 83' lang='grc' dir='ltr'><em>γνώμην</em></span> <span class='ocrx_word' id='word_1_706' title='bbox 886 4873 981 4927; x_wconf 76' lang='grc' dir='ltr'><em>καὶ</em></span> <span class='ocrx_word' id='word_1_707' title='bbox 1008 4873 1192 4936; x_wconf 80' lang='grc' dir='ltr'><em>αὐτοῖς</em></span> <span class='ocrx_word' id='word_1_708' title='bbox 1230 4874 1426 4925; x_wconf 73' lang='grc' dir='ltr'><em>ἐνεῖναι</em></span> <span class='ocrx_word' id='word_1_709' title='bbox 1456 4870 1742 4925; x_wconf 83' lang='grc' dir='ltr'><em>διδάσκων.</em></span> <span class='ocrx_word' id='word_1_710' title='bbox 1792 4872 1949 4924; x_wconf 81' lang='grc' dir='ltr'><em>Ἀνα-</em></span> 
     </span>
    </p>
   </div>
   <div class='ocr_carea' id='block_1_93' title="bbox 378 4963 1947 5039">
    <p class='ocr_par' dir='ltr' id='par_1_93' title="bbox 378 4963 1947 5039">
     <span class='ocr_line' id='line_1_93' title="bbox 378 4963 1947 5039; baseline -0.002 -19"><span class='ocrx_word' id='word_1_711' title='bbox 378 4966 716 5039; x_wconf 79' lang='grc' dir='ltr'><em>λαμὸάνουσι</em></span> <span class='ocrx_word' id='word_1_712' title='bbox 747 4966 805 5020; x_wconf 80' lang='grc' dir='ltr'><em>δὲ</em></span> <span class='ocrx_word' id='word_1_713' title='bbox 842 4967 903 5020; x_wconf 82' lang='grc' dir='ltr'><em>τὸ</em></span> <span class='ocrx_word' id='word_1_714' title='bbox 944 4965 1140 5037; x_wconf 82' lang='grc' dir='ltr'><em>μέτρον</em></span> <span class='ocrx_word' id='word_1_715' title='bbox 1172 4967 1238 5035; x_wconf 72' lang='grc' dir='ltr'><em>τῇ</em></span> <span class='ocrx_word' id='word_1_716' title='bbox 1269 4964 1469 5036; x_wconf 81' lang='grc' dir='ltr'><em>ἀνομίᾳ</em></span> <span class='ocrx_word' id='word_1_717' title='bbox 1508 4963 1947 5035; x_wconf 79' lang='grc' dir='ltr'><em>μεμεστωμένον.</em></span> 
     </span>
    </p>
   </div>
   <div class='ocr_carea' id='block_1_94' title="bbox 381 5043 1951 5130">
    <p class='ocr_par' dir='ltr' id='par_1_94' title="bbox 381 5043 1951 5130">
     <span class='ocr_line' id='line_1_94' title="bbox 381 5043 1951 5130; baseline -0.001 -19"><span class='ocrx_word' id='word_1_718' title='bbox 381 5062 468 5112; x_wconf 90' lang='grc' dir='ltr'><em>Δεῖ</em></span> <span class='ocrx_word' id='word_1_719' title='bbox 513 5058 631 5130; x_wconf 80' lang='grc' dir='ltr'><em>γὰρ</em></span> <span class='ocrx_word' id='word_1_720' title='bbox 673 5043 917 5124; x_wconf 66' lang='grc' dir='ltr'><em>ἑκάστην</em></span> <span class='ocrx_word' id='word_1_721' title='bbox 961 5057 1140 5127; x_wconf 81' lang='grc' dir='ltr'><em>ψυχὴν</em></span> <span class='ocrx_word' id='word_1_722' title='bbox 1170 5058 1249 5125; x_wconf 89' lang='grc' dir='ltr'><em>τῷ</em></span> <span class='ocrx_word' id='word_1_723' title='bbox 1297 5056 1410 5126; x_wconf 88' lang='grc' dir='ltr'><em>ἰδίῳ</em></span> <span class='ocrx_word' id='word_1_724' title='bbox 1457 5055 1951 5126; x_wconf 79' lang='grc' dir='ltr'><em>καταφορτίζεσθαι</em></span> 
     </span>
    </p>
   </div>
   <div class='ocr_carea' id='block_1_95' title="bbox 385 5146 1952 5222">
    <p class='ocr_par' dir='ltr' id='par_1_95' title="bbox 385 5146 1952 5222">
     <span class='ocr_line' id='line_1_95' title="bbox 385 5146 1952 5222; baseline -0.003 -18"><span class='ocrx_word' id='word_1_725' title='bbox 385 5149 559 5222; x_wconf 80' lang='grc' dir='ltr'><em>βάρει,</em></span> <span class='ocrx_word' id='word_1_726' title='bbox 588 5148 667 5219; x_wconf 82' lang='grc' dir='ltr'><em>τῷ</em></span> <span class='ocrx_word' id='word_1_727' title='bbox 699 5148 802 5219; x_wconf 79' lang='grc' dir='ltr'><em>τῆς</em></span> <span class='ocrx_word' id='word_1_728' title='bbox 851 5148 1152 5219; x_wconf 81' lang='grc' dir='ltr'><em>ἁμαρτίας,</em></span> <span class='ocrx_word' id='word_1_729' title='bbox 1186 5148 1355 5217; x_wconf 86' lang='grc' dir='ltr'><em>φημί.</em></span> <span class='ocrx_word' id='word_1_730' title='bbox 1411 5146 1629 5216; x_wconf 83' lang='grc' dir='ltr'><em>Ἐπειδὴ</em></span> <span class='ocrx_word' id='word_1_731' title='bbox 1662 5147 1720 5199; x_wconf 80' lang='grc' dir='ltr'><em>δὲ</em></span> <span class='ocrx_word' id='word_1_732' title='bbox 1764 5148 1852 5200; x_wconf 83' lang='grc' dir='ltr'><em>ῐσα</em></span> <span class='ocrx_word' id='word_1_733' title='bbox 1892 5164 1952 5200; x_wconf 95' lang='grc' dir='ltr'><strong>τε</strong></span> 
     </span>
    </p>
   </div>
   <div class='ocr_carea' id='block_1_96' title="bbox 381 5240 1952 5313">
    <p class='ocr_par' dir='ltr' id='par_1_96' title="bbox 381 5240 1952 5313">
     <span class='ocr_line' id='line_1_96' title="bbox 381 5240 1952 5313; baseline -0.003 -16"><span class='ocrx_word' id='word_1_734' title='bbox 381 5245 582 5313; x_wconf 76' lang='grc' dir='ltr'><em>ἀμφοῖν</em></span> <span class='ocrx_word' id='word_1_735' title='bbox 612 5242 705 5295; x_wconf 85' lang='grc' dir='ltr'><em>κα).</em></span> <span class='ocrx_word' id='word_1_736' title='bbox 728 5240 932 5311; x_wconf 77' lang='grc' dir='ltr'><em>ἀδελφὰ</em></span> <span class='ocrx_word' id='word_1_737' title='bbox 957 5242 1024 5295; x_wconf 76' lang='grc' dir='ltr'><em>τὰ</em></span> <span class='ocrx_word' id='word_1_738' title='bbox 1044 5241 1384 5313; x_wconf 74' lang='grc' dir='ltr'><em>ἐγκλήματα,</em></span> <span class='ocrx_word' id='word_1_739' title='bbox 1405 5240 1504 5310; x_wconf 82' lang='grc' dir='ltr'><em>τῆς</em></span> <span class='ocrx_word' id='word_1_740' title='bbox 1529 5256 1588 5293; x_wconf 87' lang='grc' dir='ltr'><strong>τε</strong></span> <span class='ocrx_word' id='word_1_741' title='bbox 1620 5240 1952 5312; x_wconf 85' lang='grc' dir='ltr'><em>Σαμαρείας,</em></span> 
     </span>
    </p>
   </div>
   <div class='ocr_carea' id='block_1_97' title="bbox 384 5328 1955 5403">
    <p class='ocr_par' dir='ltr' id='par_1_97' title="bbox 384 5328 1955 5403">
     <span class='ocr_line' id='line_1_97' title="bbox 384 5328 1955 5403; baseline -0.003 -17"><span class='ocrx_word' id='word_1_742' title='bbox 384 5333 549 5403; x_wconf 76' lang='grc' dir='ltr'><em>φημὶ,</em></span> <span class='ocrx_word' id='word_1_743' title='bbox 587 5332 680 5386; x_wconf 75' lang='grc' dir='ltr'><em>καὶ</em></span> <span class='ocrx_word' id='word_1_744' title='bbox 718 5332 817 5402; x_wconf 82' lang='grc' dir='ltr'><em>τῆς</em></span> <span class='ocrx_word' id='word_1_745' title='bbox 858 5329 1234 5402; x_wconf 82' lang='grc' dir='ltr'><em>Ἰερουσαλὴμ,</em></span> <span class='ocrx_word' id='word_1_746' title='bbox 1284 5328 1543 5402; x_wconf 81' lang='grc' dir='ltr'><em>ταύτῃτοι</em></span> <span class='ocrx_word' id='word_1_747' title='bbox 1600 5331 1695 5383; x_wconf 78' lang='grc' dir='ltr'><em>καὶ</em></span> <span class='ocrx_word' id='word_1_748' title='bbox 1736 5330 1795 5384; x_wconf 87' lang='grc' dir='ltr'><em>ὲν</em></span> <span class='ocrx_word' id='word_1_749' title='bbox 1855 5328 1955 5401; x_wconf 70' lang='lat' dir='ltr'><strong>Imp</strong></span> 
     </span>
    </p>
   </div>
   <div class='ocr_carea' id='block_1_98' title="bbox 383 5408 1957 5495">
    <p class='ocr_par' dir='ltr' id='par_1_98' title="bbox 383 5408 1957 5495">
     <span class='ocr_line' id='line_1_98' title="bbox 383 5408 1957 5495; baseline 0 -19"><span class='ocrx_word' id='word_1_750' title='bbox 383 5408 568 5494; x_wconf 67' lang='grc' dir='ltr'><em>τρόπῳ</em></span> <span class='ocrx_word' id='word_1_751' title='bbox 611 5422 1051 5495; x_wconf 80' lang='grc' dir='ltr'><em>κατηχθεσμέναι</em></span> <span class='ocrx_word' id='word_1_752' title='bbox 1099 5421 1179 5493; x_wconf 81' lang='grc' dir='ltr'><em>τῷ</em></span> <span class='ocrx_word' id='word_1_753' title='bbox 1231 5422 1417 5494; x_wconf 82' lang='grc' dir='ltr'><em>μέτρῳ</em></span> <span class='ocrx_word' id='word_1_754' title='bbox 1463 5420 1560 5476; x_wconf 75' lang='grc' dir='ltr'><em>καὶ</em></span> <span class='ocrx_word' id='word_1_755' title='bbox 1606 5423 1675 5493; x_wconf 75' lang='grc' dir='ltr'><em>τῇ</em></span> <span class='ocrx_word' id='word_1_756' title='bbox 1737 5422 1957 5494; x_wconf 82' lang='grc' dir='ltr'><em>ἀνομίᾳ,</em></span> 
     </span>
    </p>
   </div>
   <div class='ocr_carea' id='block_1_99' title="bbox 389 5512 1963 5587">
    <p class='ocr_par' dir='ltr' id='par_1_99' title="bbox 389 5512 1963 5587">
     <span class='ocr_line' id='line_1_99' title="bbox 389 5512 1963 5587; baseline -0.003 -16"><span class='ocrx_word' id='word_1_757' title='bbox 389 5517 694 5587; x_wconf 77' lang='grc' dir='ltr'><em>πνεύματος</em></span> <span class='ocrx_word' id='word_1_758' title='bbox 734 5515 1097 5586; x_wconf 70' lang='grc' dir='ltr'><em>ἐμπίπτοντος</em></span> <span class='ocrx_word' id='word_1_759' title='bbox 1136 5515 1257 5578; x_wconf 88' lang='grc' dir='ltr'><em>ταῖς</em></span> <span class='ocrx_word' id='word_1_760' title='bbox 1310 5514 1569 5585; x_wconf 84' lang='grc' dir='ltr'><em>πτέρυξιν</em></span> <span class='ocrx_word' id='word_1_761' title='bbox 1614 5512 1812 5580; x_wconf 85' lang='grc' dir='ltr'><em>αὐτῶν,</em></span> <span class='ocrx_word' id='word_1_762' title='bbox 1851 5513 1963 5579; x_wconf 81' lang='grc' dir='ltr'><em>ὀξεῖ</em></span> 
     </span>
    </p>
   </div>
   <div class='ocr_carea' id='block_1_100' title="bbox 386 5605 1964 5681">
    <p class='ocr_par' dir='ltr' id='par_1_100' title="bbox 386 5605 1964 5681">
     <span class='ocr_line' id='line_1_100' title="bbox 386 5605 1964 5681; baseline -0.002 -18"><span class='ocrx_word' id='word_1_763' title='bbox 386 5612 479 5664; x_wconf 78' lang='grc' dir='ltr'><em>καὶ</em></span> <span class='ocrx_word' id='word_1_764' title='bbox 502 5610 927 5681; x_wconf 77' lang='grc' dir='ltr'><em>ἁπαραποδίστῳ</em></span> <span class='ocrx_word' id='word_1_765' title='bbox 959 5609 1215 5680; x_wconf 82' lang='grc' dir='ltr'><em>φέρονται</em></span> <span class='ocrx_word' id='word_1_766' title='bbox 1242 5608 1427 5679; x_wconf 84' lang='grc' dir='ltr'><em>δρόμῳ</em></span> <span class='ocrx_word' id='word_1_767' title='bbox 1460 5607 1596 5679; x_wconf 82' lang='grc' dir='ltr'><em>πρὸς</em></span> <span class='ocrx_word' id='word_1_768' title='bbox 1622 5607 1720 5678; x_wconf 82' lang='grc' dir='ltr'><em>τὴν</em></span> <span class='ocrx_word' id='word_1_769' title='bbox 1746 5605 1855 5661; x_wconf 85' lang='grc' dir='ltr'><em>τῶν</em></span> <span class='ocrx_word' id='word_1_770' title='bbox 1878 5606 1964 5660; x_wconf 82' lang='grc' dir='ltr'><strong>ἀλ-</strong></span> 
     </span>
    </p>
   </div>
   <div class='ocr_carea' id='block_1_101' title="bbox 385 5696 1959 5771">
    <p class='ocr_par' dir='ltr' id='par_1_101' title="bbox 385 5696 1959 5771">
     <span class='ocr_line' id='line_1_101' title="bbox 385 5696 1959 5771; baseline -0.001 -18"><span class='ocrx_word' id='word_1_771' title='bbox 385 5700 631 5769; x_wconf 63' lang='grc' dir='ltr'><em>λοφύλων</em></span> <span class='ocrx_word' id='word_1_772' title='bbox 670 5699 873 5771; x_wconf 84' lang='grc' dir='ltr'><em>χώραν,</em></span> <span class='ocrx_word' id='word_1_773' title='bbox 911 5698 1073 5770; x_wconf 78' lang='grc' dir='ltr'><em>δῆλον</em></span> <span class='ocrx_word' id='word_1_774' title='bbox 1114 5697 1172 5753; x_wconf 79' lang='grc' dir='ltr'><em>δὲ</em></span> <span class='ocrx_word' id='word_1_775' title='bbox 1203 5698 1284 5752; x_wconf 80' lang='grc' dir='ltr'><em>ὅτι</em></span> <span class='ocrx_word' id='word_1_776' title='bbox 1310 5699 1410 5769; x_wconf 83' lang='grc' dir='ltr'><em>τὴν</em></span> <span class='ocrx_word' id='word_1_777' title='bbox 1439 5697 1548 5752; x_wconf 85' lang='grc' dir='ltr'><em>τῶν</em></span> <span class='ocrx_word' id='word_1_778' title='bbox 1585 5696 1959 5752; x_wconf 77' lang='grc' dir='ltr'><em>Βαϐυλωνίων.</em></span> 
     </span>
    </p>
   </div>
   <div class='ocr_carea' id='block_1_102' title="bbox 497 5876 1510 5946">
    <p class='ocr_par' dir='ltr' id='par_1_102' title="bbox 497 5876 1510 5946">
     <span class='ocr_line' id='line_1_102' title="bbox 497 5876 1510 5946; baseline -0.003 -13"><span class='ocrx_word' id='word_1_779' title='bbox 497 5880 539 5911; x_wconf 78' lang='lat'><strong>”</strong></span> <span class='ocrx_word' id='word_1_780' title='bbox 574 5878 769 5936; x_wconf 79' lang='lat' dir='ltr'><strong>Etcclt.</strong></span> <span class='ocrx_word' id='word_1_781' title='bbox 806 5897 959 5945; x_wconf 69' lang='lat' dir='ltr'><strong>xxiii,</strong></span> <span class='ocrx_word' id='word_1_782' title='bbox 1002 5880 1127 5946; x_wconf 75' lang='lat' dir='ltr'><strong>l,3.</strong></span> <span class='ocrx_word' id='word_1_783' title='bbox 1204 5879 1248 5911; x_wconf 79' lang='grc'><strong>⁷⁸</strong></span> <span class='ocrx_word' id='word_1_784' title='bbox 1290 5876 1416 5935; x_wconf 84' lang='lat' dir='ltr'><strong>ibid.</strong></span> <span class='ocrx_word' id='word_1_785' title='bbox 1458 5876 1510 5931; x_wconf 65' lang='grc'><strong>4.</strong></span> 
     </span>
    </p>
   </div>
   <div class='ocr_carea' id='block_1_103' title="bbox 2061 4689 3631 4761">
    <p class='ocr_par' dir='ltr' id='par_1_103' title="bbox 2061 4689 3631 4761">
     <span class='ocr_line' id='line_1_103' title="bbox 2061 4689 3631 4761; baseline 0.001 -16"><span class='ocrx_word' id='word_1_786' title='bbox 2061 4706 2204 4745; x_wconf 90' lang='lat' dir='ltr'><strong>mam</strong></span> <span class='ocrx_word' id='word_1_787' title='bbox 2238 4705 2337 4746; x_wconf 88' lang='lat' dir='ltr'><strong>suo</strong></span> <span class='ocrx_word' id='word_1_788' title='bbox 2363 4703 2528 4747; x_wconf 83' lang='lat' dir='ltr'><strong>onere</strong></span> <span class='ocrx_word' id='word_1_789' title='bbox 2557 4691 2798 4758; x_wconf 79' lang='lat' dir='ltr'><strong>onerari,</strong></span> <span class='ocrx_word' id='word_1_790' title='bbox 2824 4689 3031 4760; x_wconf 87' lang='lat' dir='ltr'><strong>peccati</strong></span> <span class='ocrx_word' id='word_1_791' title='bbox 3059 4690 3300 4761; x_wconf 90' lang='lat' dir='ltr'><strong>inquam.</strong></span> <span class='ocrx_word' id='word_1_792' title='bbox 3327 4690 3464 4759; x_wconf 87' lang='lat' dir='ltr'><strong>Quia</strong></span> <span class='ocrx_word' id='word_1_793' title='bbox 3499 4704 3631 4747; x_wconf 83' lang='lat' dir='ltr'><strong>vero</strong></span> 
     </span>
    </p>
   </div>
   <div class='ocr_carea' id='block_1_104' title="bbox 2058 4781 3630 4853">
    <p class='ocr_par' dir='ltr' id='par_1_104' title="bbox 2058 4781 3630 4853">
     <span class='ocr_line' id='line_1_104' title="bbox 2058 4781 3630 4853; baseline -0.001 -16"><span class='ocrx_word' id='word_1_794' title='bbox 2058 4781 2213 4853; x_wconf 89' lang='lat' dir='ltr'><strong>paria</strong></span> <span class='ocrx_word' id='word_1_795' title='bbox 2252 4790 2378 4837; x_wconf 90' lang='lat' dir='ltr'><strong>sunt</strong></span> <span class='ocrx_word' id='word_1_796' title='bbox 2427 4781 2710 4836; x_wconf 86' lang='lat' dir='ltr'><strong>ambarum</strong></span> <span class='ocrx_word' id='word_1_797' title='bbox 2767 4790 2824 4837; x_wconf 92' lang='lat' dir='ltr'><strong>et</strong></span> <span class='ocrx_word' id='word_1_798' title='bbox 2876 4792 3109 4852; x_wconf 87' lang='lat' dir='ltr'><strong>cognata</strong></span> <span class='ocrx_word' id='word_1_799' title='bbox 3147 4790 3393 4852; x_wconf 88' lang='lat' dir='ltr'><strong>peccata,</strong></span> <span class='ocrx_word' id='word_1_800' title='bbox 3436 4781 3630 4836; x_wconf 86' lang='lat' dir='ltr'><strong>Sama-</strong></span> 
     </span>
    </p>
   </div>
   <div class='ocr_carea' id='block_1_105' title="bbox 2056 4871 3632 4942">
    <p class='ocr_par' dir='ltr' id='par_1_105' title="bbox 2056 4871 3632 4942">
     <span class='ocr_line' id='line_1_105' title="bbox 2056 4871 3632 4942; baseline -0.001 -13"><span class='ocrx_word' id='word_1_801' title='bbox 2056 4875 2153 4929; x_wconf 58' lang='lat' dir='ltr'><strong>ria:</strong></span> <span class='ocrx_word' id='word_1_802' title='bbox 2222 4873 2484 4929; x_wconf 87' lang='lat' dir='ltr'><strong>nimirum</strong></span> <span class='ocrx_word' id='word_1_803' title='bbox 2535 4882 2589 4928; x_wconf 91' lang='lat' dir='ltr'><strong>et</strong></span> <span class='ocrx_word' id='word_1_804' title='bbox 2633 4871 2956 4938; x_wconf 84' lang='lat' dir='ltr'><strong>Jerusalem,</strong></span> <span class='ocrx_word' id='word_1_805' title='bbox 3008 4873 3128 4927; x_wconf 91' lang='lat' dir='ltr'><strong>ideo</strong></span> <span class='ocrx_word' id='word_1_806' title='bbox 3178 4873 3367 4927; x_wconf 88' lang='lat' dir='ltr'><strong>eodem</strong></span> <span class='ocrx_word' id='word_1_807' title='bbox 3416 4888 3632 4942; x_wconf 90' lang='lat' dir='ltr'><strong>quoque</strong></span> 
     </span>
    </p>
   </div>
   <div class='ocr_carea' id='block_1_106' title="bbox 2057 4959 3653 5030">
    <p class='ocr_par' dir='ltr' id='par_1_106' title="bbox 2057 4959 3653 5030">
     <span class='ocr_line' id='line_1_106' title="bbox 2057 4959 3653 5030; baseline -0.004 -10"><span class='ocrx_word' id='word_1_808' title='bbox 2057 4963 2216 5020; x_wconf 87' lang='lat' dir='ltr'><strong>modo</strong></span> <span class='ocrx_word' id='word_1_809' title='bbox 2266 4973 2506 5018; x_wconf 67' lang='lat' dir='ltr'><strong>oneratae</strong></span> <span class='ocrx_word' id='word_1_810' title='bbox 2550 4976 2803 5018; x_wconf 88' lang='lat' dir='ltr'><strong>mensura</strong></span> <span class='ocrx_word' id='word_1_811' title='bbox 2848 4971 2905 5017; x_wconf 90' lang='lat' dir='ltr'><strong>et</strong></span> <span class='ocrx_word' id='word_1_812' title='bbox 2943 4960 3253 5030; x_wconf 85' lang='lat' dir='ltr'><strong>iniquitate,</strong></span> <span class='ocrx_word' id='word_1_813' title='bbox 3300 4959 3491 5030; x_wconf 88' lang='lat' dir='ltr'><strong>spiritu</strong></span> <span class='ocrx_word' id='word_1_814' title='bbox 3531 4959 3653 5013; x_wconf 35' lang='lat' dir='ltr'><strong>alis,</strong></span> 
     </span>
    </p>
   </div>
   <div class='ocr_carea' id='block_1_107' title="bbox 2057 5050 3661 5121">
    <p class='ocr_par' dir='ltr' id='par_1_107' title="bbox 2057 5050 3661 5121">
     <span class='ocr_line' id='line_1_107' title="bbox 2057 5050 3661 5121; baseline -0.006 -10"><span class='ocrx_word' id='word_1_815' title='bbox 2057 5071 2246 5111; x_wconf 88' lang='lat' dir='ltr'><strong>earum</strong></span> <span class='ocrx_word' id='word_1_816' title='bbox 2296 5054 2592 5118; x_wconf 90' lang='lat' dir='ltr'><strong>incidente,</strong></span> <span class='ocrx_word' id='word_1_817' title='bbox 2650 5053 2813 5109; x_wconf 90' lang='lat' dir='ltr'><strong>celeri</strong></span> <span class='ocrx_word' id='word_1_818' title='bbox 2853 5068 2917 5108; x_wconf 93' lang='lat' dir='ltr'><strong>ac</strong></span> <span class='ocrx_word' id='word_1_819' title='bbox 2959 5067 3063 5106; x_wconf 93' lang='lat' dir='ltr'><strong>non</strong></span> <span class='ocrx_word' id='word_1_820' title='bbox 3093 5050 3351 5121; x_wconf 88' lang='lat' dir='ltr'><strong>impedito</strong></span> <span class='ocrx_word' id='word_1_821' title='bbox 3379 5065 3541 5106; x_wconf 89' lang='lat' dir='ltr'><strong>cursu</strong></span> <span class='ocrx_word' id='word_1_822' title='bbox 3565 5051 3661 5105; x_wconf 76' lang='lat' dir='ltr'><strong>ad.</strong></span> 
     </span>
    </p>
   </div>
   <div class='ocr_carea' id='block_1_108' title="bbox 2060 5139 3630 5218">
    <p class='ocr_par' dir='ltr' id='par_1_108' title="bbox 2060 5139 3630 5218">
     <span class='ocr_line' id='line_1_108' title="bbox 2060 5139 3630 5218; baseline -0.003 -16"><span class='ocrx_word' id='word_1_823' title='bbox 2060 5146 2486 5218; x_wconf 87' lang='lat' dir='ltr'><strong>alienigenarum</strong></span> <span class='ocrx_word' id='word_1_824' title='bbox 2542 5145 2817 5215; x_wconf 87' lang='lat' dir='ltr'><strong>regionem</strong></span> <span class='ocrx_word' id='word_1_825' title='bbox 2868 5142 3282 5213; x_wconf 83' lang='lat' dir='ltr'><strong>Babyloniorum</strong></span> <span class='ocrx_word' id='word_1_826' title='bbox 3333 5140 3517 5209; x_wconf 71' lang='lat' dir='ltr'><strong>utique</strong></span> <span class='ocrx_word' id='word_1_827' title='bbox 3546 5139 3630 5197; x_wconf 84' lang='lat' dir='ltr'><strong>fe-</strong></span> 
     </span>
    </p>
   </div>
   <div class='ocr_carea' id='block_1_109' title="bbox 2061 5230 3662 5305">
    <p class='ocr_par' dir='ltr' id='par_1_109' title="bbox 2061 5230 3662 5305">
     <span class='ocr_line' id='line_1_109' title="bbox 2061 5230 3662 5305; baseline -0.001 -13"><span class='ocrx_word' id='word_1_828' title='bbox 2061 5248 2278 5292; x_wconf 88' lang='lat' dir='ltr'><strong>runtur.</strong></span> <span class='ocrx_word' id='word_1_829' title='bbox 2332 5237 2615 5292; x_wconf 90' lang='lat' dir='ltr'><strong>lmmundo</strong></span> <span class='ocrx_word' id='word_1_830' title='bbox 2666 5237 2811 5292; x_wconf 90' lang='lat' dir='ltr'><strong>enim</strong></span> <span class='ocrx_word' id='word_1_831' title='bbox 2860 5237 3050 5305; x_wconf 89' lang='lat' dir='ltr'><strong>spiritu</strong></span> <span class='ocrx_word' id='word_1_832' title='bbox 3079 5238 3146 5288; x_wconf 87' lang='lat' dir='ltr'><strong>ad</strong></span> <span class='ocrx_word' id='word_1_833' title='bbox 3174 5230 3503 5302; x_wconf 87' lang='lat' dir='ltr'><strong>peccandum</strong></span> <span class='ocrx_word' id='word_1_834' title='bbox 3537 5250 3662 5290; x_wconf 79' lang='lat' dir='ltr'><strong>eas.</strong></span> 
     </span>
    </p>
   </div>
   <div class='ocr_carea' id='block_1_110' title="bbox 2061 5324 3663 5398">
    <p class='ocr_par' dir='ltr' id='par_1_110' title="bbox 2061 5324 3663 5398">
     <span class='ocr_line' id='line_1_110' title="bbox 2061 5324 3663 5398; baseline -0.002 -15"><span class='ocrx_word' id='word_1_835' title='bbox 2061 5328 2394 5398; x_wconf 88' lang='lat' dir='ltr'><strong>impellente,</strong></span> <span class='ocrx_word' id='word_1_836' title='bbox 2442 5337 2498 5382; x_wconf 90' lang='lat' dir='ltr'><strong>et</strong></span> <span class='ocrx_word' id='word_1_837' title='bbox 2543 5328 2830 5397; x_wconf 88' lang='lat' dir='ltr'><strong>iniquitate</strong></span> <span class='ocrx_word' id='word_1_838' title='bbox 2889 5335 3285 5397; x_wconf 67' lang='lat' dir='ltr'><strong>praagravante,</strong></span> <span class='ocrx_word' id='word_1_839' title='bbox 3315 5324 3663 5397; x_wconf 68' lang='lat' dir='ltr'><strong>in.captivi-_</strong></span> 
     </span>
    </p>
   </div>
   <div class='ocr_carea' id='block_1_111' title="bbox 2061 5415 3634 5487">
    <p class='ocr_par' dir='ltr' id='par_1_111' title="bbox 2061 5415 3634 5487">
     <span class='ocr_line' id='line_1_111' title="bbox 2061 5415 3634 5487; baseline 0 -16"><span class='ocrx_word' id='word_1_840' title='bbox 2061 5426 2223 5474; x_wconf 88' lang='lat' dir='ltr'><strong>tatem</strong></span> <span class='ocrx_word' id='word_1_841' title='bbox 2288 5420 2597 5483; x_wconf 57' lang='lat' dir='ltr'><strong>abstractas,</strong></span> <span class='ocrx_word' id='word_1_842' title='bbox 2624 5427 2680 5473; x_wconf 90' lang='lat' dir='ltr'><strong>et</strong></span> <span class='ocrx_word' id='word_1_843' title='bbox 2705 5417 2807 5473; x_wconf 91' lang='lat' dir='ltr'><strong>sub</strong></span> <span class='ocrx_word' id='word_1_844' title='bbox 2829 5418 2996 5487; x_wconf 85' lang='lat' dir='ltr'><strong>pedes</strong></span> <span class='ocrx_word' id='word_1_845' title='bbox 3021 5415 3363 5475; x_wconf 82' lang='lat' dir='ltr'><strong>inimicorum</strong></span> <span class='ocrx_word' id='word_1_846' title='bbox 3405 5419 3634 5471; x_wconf 75' lang='lat' dir='ltr'><strong>redacta:</strong></span> 
     </span>
    </p>
   </div>
   <div class='ocr_carea' id='block_1_112' title="bbox 2058 5507 3635 5581">
    <p class='ocr_par' dir='ltr' id='par_1_112' title="bbox 2058 5507 3635 5581">
     <span class='ocr_line' id='line_1_112' title="bbox 2058 5507 3635 5581; baseline -0.001 -15"><span class='ocrx_word' id='word_1_847' title='bbox 2058 5521 2204 5566; x_wconf 89' lang='lat' dir='ltr'><strong>sunt.</strong></span> <span class='ocrx_word' id='word_1_848' title='bbox 2235 5510 2529 5581; x_wconf 81' lang='lat' dir='ltr'><strong>P05tquam</strong></span> <span class='ocrx_word' id='word_1_849' title='bbox 2580 5520 2762 5565; x_wconf 87' lang='lat' dir='ltr'><strong>autem</strong></span> <span class='ocrx_word' id='word_1_850' title='bbox 2813 5508 2950 5564; x_wconf 77' lang='lat' dir='ltr'><strong>dixit</strong></span> <span class='ocrx_word' id='word_1_851' title='bbox 3001 5507 3203 5563; x_wconf 13' lang='lat' dir='ltr'><strong>beatus.</strong></span> <span class='ocrx_word' id='word_1_852' title='bbox 3261 5507 3504 5577; x_wconf 86' lang='lat' dir='ltr'><strong>angelus,</strong></span> <span class='ocrx_word' id='word_1_853' title='bbox 3539 5523 3635 5564; x_wconf 87' lang='lat' dir='ltr'><strong>eos</strong></span> 
     </span>
    </p>
   </div>
   <div class='ocr_carea' id='block_1_113' title="bbox 2059 5600 3633 5670">
    <p class='ocr_par' dir='ltr' id='par_1_113' title="bbox 2059 5600 3633 5670">
     <span class='ocr_line' id='line_1_113' title="bbox 2059 5600 3633 5670; baseline -0.004 -11"><span class='ocrx_word' id='word_1_854' title='bbox 2059 5604 2272 5659; x_wconf 87' lang='lat' dir='ltr'><strong>deferre</strong></span> <span class='ocrx_word' id='word_1_855' title='bbox 2298 5618 2609 5658; x_wconf 86' lang='lat' dir='ltr'><strong>mensuram</strong></span> <span class='ocrx_word' id='word_1_856' title='bbox 2670 5602 2736 5656; x_wconf 90' lang='lat' dir='ltr'><strong>ad</strong></span> <span class='ocrx_word' id='word_1_857' title='bbox 2781 5601 3155 5658; x_wconf 60' lang='lat' dir='ltr'><strong>aediﬁcandam</strong></span> <span class='ocrx_word' id='word_1_858' title='bbox 3188 5600 3287 5670; x_wconf 89' lang='lat' dir='ltr'><strong>ipsi</strong></span> <span class='ocrx_word' id='word_1_859' title='bbox 3321 5603 3542 5655; x_wconf 89' lang='lat' dir='ltr'><strong>domum</strong></span> <span class='ocrx_word' id='word_1_860' title='bbox 3572 5600 3633 5653; x_wconf 86' lang='lat' dir='ltr'><strong>in</strong></span> 
     </span>
    </p>
   </div>
   <div class='ocr_carea' id='block_1_114' title="bbox 2059 5693 3635 5786">
    <p class='ocr_par' dir='ltr' id='par_1_114' title="bbox 2059 5693 3635 5786">
     <span class='ocr_line' id='line_1_114' title="bbox 2059 5693 3635 5786; baseline -0.005 -34"><span class='ocrx_word' id='word_1_861' title='bbox 2059 5705 2204 5752; x_wconf 87' lang='lat' dir='ltr'><strong>terra</strong></span> <span class='ocrx_word' id='word_1_862' title='bbox 2258 5695 2582 5768; x_wconf 66' lang='lat' dir='ltr'><strong>Babylonis,</strong></span> <span class='ocrx_word' id='word_1_863' title='bbox 2630 5693 3111 5786; x_wconf 9' lang='lat' dir='ltr'><strong>accipiamusphoc</strong></span> <span class='ocrx_word' id='word_1_864' title='bbox 3166 5693 3425 5764; x_wconf 74' lang='lat' dir='ltr'><strong>licctpro</strong></span> <span class='ocrx_word' id='word_1_865' title='bbox 3457 5694 3635 5763; x_wconf 65' lang='lat' dir='ltr'><strong>signo,</strong></span> 
     </span>
    </p>
   </div>
   <div class='ocr_carea' id='block_1_115' title="bbox 1625 5875 2377 5948">
    <p class='ocr_par' dir='ltr' id='par_1_115' title="bbox 1625 5875 2377 5948">
     <span class='ocr_line' id='line_1_115' title="bbox 1625 5875 2377 5948; baseline -0.005 -15"><span class='ocrx_word' id='word_1_866' title='bbox 1625 5879 1665 5910; x_wconf 85' lang='lat'>“</span> <span class='ocrx_word' id='word_1_867' title='bbox 1712 5875 1779 5933; x_wconf 89' lang='lat' dir='ltr'><strong>Ill</strong></span> <span class='ocrx_word' id='word_1_868' title='bbox 1821 5875 1955 5948; x_wconf 74' lang='lat' dir='ltr'><strong>Reg.</strong></span> <span class='ocrx_word' id='word_1_869' title='bbox 1987 5892 2079 5941; x_wconf 69' lang='grc' dir='ltr'><em>λιι,</em></span> <span class='ocrx_word' id='word_1_870' title='bbox 2124 5877 2191 5930; x_wconf 71' lang='lat'><strong>28</strong></span> <span class='ocrx_word' id='word_1_871' title='bbox 2228 5892 2377 5946; x_wconf 70' lang='lat' dir='ltr'><strong>seqq.</strong></span> 
     </span>
    </p>
   </div>
  </div>
