4072 6370
468 444 539 501 ετ
1455 442 1515 499 8.
1554 442 1827 501 crsu.”
1866 441 2339 504 ALEXANDRINI
2378 446 2697 505 ARCHIEP.
3644 428 3718 498 83

469 560 608 617 alios
660 558 823 616 Israel
874 558 964 615 diu
1004 555 1141 628 apud
1168 558 1349 614 hostes
1369 559 1631 625 victuros,
1681 562 1825 631 quod
1848 572 1904 617 et
1937 562 2035 619 do-

2151 562 2242 617 Γοῦ
2273 565 2383 635 γὰρ
2428 563 2738 636 ἀκαθάρτου
2785 560 3092 631 πνεύματος
3148 554 3513 653 συνωθοῦντος
3545 556 3714 617 αὑτὰς

469 669 590 707 mus
643 651 918 721 iniquitati
958 650 1278 718 aediﬁcatur,
1310 651 1474 722 700
1498 662 1554 707 et
1586 654 1749 709 veluti
1783 655 1939 711 sedes
1969 672 2035 711 ac

2151 655 2221 719 είς
2250 654 2311 709 τὸ
2348 655 2687 727 πλημμελὲς,
2733 653 2828 707 καὶ
2854 654 2920 723 τῇ
2961 649 3161 720 ἀνομίᾳ
3206 643 3714 716 καταφορτίξοντοςο

467 746 631 799 statio
662 744 760 814 ipsi
800 743 939 813 apud
982 744 1165 798 hostes
1210 752 1453 811 paratur.
1501 743 1557 798 ld
1605 746 1747 815 quod
1810 758 2035 803 eventus

2151 746 2590 817 ὶπεκομίσθησαν
2615 749 2695 810 είς
2721 743 3121 816 αἰχμαλωσίαν,
3162 738 3259 793 καὶ
3291 737 3395 792 ὑπὸ
3423 732 3715 799 πόδας’πε-

469 834 812 890 taonstravit.
886 831 981 887 Vix
1029 833 1175 887 enim
1219 833 1618 902 septuagesimo
1660 848 1804 890 anno
1856 836 2031 901 ﬁnito,

2151 837 2386 891 πτώκασι
2414 838 2525 891 τῶν
2562 836 2793 908 ἐχθρῶν.
2834 833 3053 903 Ἐπειδὴ
3096 832 3153 885 δέ
3198 830 3410 900 φησινό
3445 826 3715 897 μακάριος

467 924 697 981 vinculis
723 924 1002 979 servitutis
1031 924 1188 978 levati
1224 932 1367 979 sunt.

2151 930 2387 996 Ξγγελος,
2410 928 2485 993 ὡς
2520 928 2854 999 ἀποφέρουσι
2882 925 2943 979 τὸ
2972 924 3167 995 μέτρον
3197 919 3544 989 οἰκοδομῆσαι
3564 912 3713 985 αὐτῷ

465 1016 642 1071 οὶκίαν
678 1017 736 1071 ἂν
767 1018 835 1087 γῇ
868 1015 1200 1078 Βαϐυλῶνος,
1242 1014 1538 1083 ἀναγκαῖον
1565 1017 1711 1087 ἡμᾶς
1740 1019 1919 1070 ἐκεῖνο
1957 1019 2116 1083 νοεῖν,
2140 1019 2216 1083 ὡς
2240 1019 2353 1073 ἔστι
2384 1023 2609 1091 σημεῖον
2645 1018 2740 1073 τοῦ
2775 1017 2982 1090 μακρὸν
3006 1015 3133 1085 παρ’
3168 1011 3379 1083 ἐχθροῖς
3407 1007 3713 1063 διατελέσαι

466 1111 655 1184 χρόνον
680 1110 804 1171 τοὺς
838 1108 895 1173 ἐξ
923 1106 1158 1178 Ἰσραὴλ,
1195 1106 1257 1159 τὸ
1286 1107 1381 1160 καὶ
1401 1103 1548 1160 οἷκον
1572 1108 1966 1179 οἰκοδομεῖσθαι
1995 1114 2062 1181 τῇ
2090 1112 2306 1183 ἀνομίᾳ,
2332 1114 2425 1165 καί⁵
2455 1107 2565 1166 οἷον
2585 1110 2790 1184 ἴδρυσίν
2811 1125 2933 1163 τινα
2962 1107 3055 1159 καὶ
3086 1104 3271 1159 στάσιν
3307 1103 3443 1171 αὐτῇ
3467 1097 3711 1169 γίνεσθαι

475 1206 606 1275 παρ’
644 1202 878 1274 ἐχθροῖς.
912 1204 978 1255 Ὃ
1006 1200 1071 1272 δὴ
1116 1203 1209 1255 καὶ
1229 1200 1560 1256 τετέλεσται.
1603 1204 1769 1269 Μόλις
1799 1205 1908 1277 γὰρ
1940 1206 2123 1270 αὐτοῖς
2151 1206 2550 1278 ἑϐδομηκοποῦ
2592 1205 2968 1279 πληρωθέντος
3009 1201 3183 1266 ἔτους,
3218 1198 3327 1253 τῶν
3345 1193 3449 1264 τῆς
3470 1192 3710 1255 δουλείας

467 1295 754 1369 ἀντῖῙν]ται
780 1294 994 1353 δεσμῶν

1117 1389 1267 1443 CAP.
1315 1388 1398 1442 VI.

2719 1389 2973 1444 ΚΕΦΑΛ.
3023 1390 3093 1456 σο
3119 1427 3134 1440 .

546 1482 707 1537 Vens.
728 1482 844 1538 l-8.
875 1479 942 1533 Et
959 1496 1228 1534 conversus
1259 1497 1393 1540 sum.
1422 1491 1467 1534 et
1488 1480 1649 1534 levavi
1673 1481 1850 1535 oculos
1870 1496 2034 1548 ineas,

2210 1483 2322 1537 Kal
2348 1482 2711 1551 ἐπέστρεψα,
2746 1482 2846 1537 καί
2872 1478 2989 1551 ἦρα
3014 1479 3155 1544 τοὺς
3195 1473 3539 1545 ὀφθαλμούς
3564 1488 3706 1541 μου.

468 1584 518 1629 et
545 1576 674 1638 vidi,
708 1584 756 1628 et
786 1591 899 1628 ecce
939 1586 1167 1643 quatuor
1194 1587 1382 1627 currus
1418 1573 1736 1639 egredientes
1768 1576 1832 1626 de
1864 1574 2033 1627 medio

2151 1575 2235 1628 sal
2267 1574 2417 1642 ἴδον,
2442 1574 2540 1627 καί
2567 1573 2695 1627 was
2724 1573 2991 1640 τέσσαρα
3010 1568 3239 1639 ἅρματα
3270 1563 3711 1633 ἐκπορευόμενα

469 1672 692 1722 duorum
741 1666 1020 1729 montium,
1073 1676 1121 1719 et
1148 1677 1343 1720 montes
1367 1676 1515 1720 erant
1551 1675 1751 1719 montes
1789 1668 1934 1719 terei.
1968 1663 2035 1720 In

2151 1668 2208 1721 ἐκ
2235 1668 2431 1737 μέσου
2471 1666 2581 1721 δύο
2614 1666 2819 1736 ὀρέων,
2850 1663 2949 1719 καί
2981 1663 3052 1717 τὰ
3087 1662 3192 1729 ὄρη
3241 1652 3319 1730 ἦν
3348 1656 3454 1724 ὄρη
3487 1651 3705 1724 χαλκᾶ.

470 1775 629 1812 curru
675 1761 844 1825 primo
864 1759 981 1828 equi
1012 1756 1145 1825 ruﬁ,
1199 1767 1247 1812 et
1270 1758 1325 1811 in
1354 1774 1512 1811 curru
1537 1760 1763 1813 secundo
1797 1758 1915 1829 equi
1954 1757 2036 1811 ni-

2156 1760 2251 1812 Ἐν
2283 1758 2363 1825 τῷ
2411 1759 2620 1831 ἅρματι
2652 1755 2732 1822 τῷ
2763 1754 2972 1825 πρώτῳ
3014 1756 3185 1807 ἵπποι
3232 1746 3465 1817 πυρροι,
3511 1744 3608 1799 καί
3639 1744 3712 1796 ἐν

468 1849 569 1917 gri,
608 1849 735 1902 etin
763 1862 921 1901 curru
967 1848 1122 1901 tertia
1166 1850 1283 1918 equi
1315 1847 1464 1911 albi,
1503 1859 1551 1902 et
1574 1849 1627 1901 in
1650 1864 1810 1901 curru
1847 1860 2036 1915 quarto

2151 1848 2221 1914 τῷ
2251 1848 2463 1918 ἅρματι
2497 1846 2578 1913 τῷ
2614 1846 2870 1915 δευτέρῳ
2901 1846 3070 1899 ἵπποι
3095 1841 3379 1912 μέλανες,
3412 1837 3505 1890 καί
3531 1834 3600 1887 ἐν
3627 1832 3711 1895 τῷ

469 1956 586 2008 equi
639 1940 772 1993 barii
814 1953 860 1993 et
920 1937 1295 1993 multicolores.
1348 1937 1418 1992 Et
1464 1941 1728 2007 respondi,
1756 1940 1942 1993 etdixi
1969 1940 2036 1991 ad

2151 1940 2353 2009 ἅρματι
2380 1937 2459 2004 τῷ
2493 1939 2669 2006 τρίτῳ
2691 1939 2859 1991 ἵπποι
2888 1934 3117 1997 λευκοί,
3147 1931 3243 1985 καὶ
3278 1931 3348 1983 ἑν
3388 1928 3468 1994 τῷ
3495 1927 3709 1994 ἅρματι

470 2032 712 2102 angelum
744 2033 834 2099 qui
855 2030 1165 2100 loquebatur
1196 2032 1251 2083 in
1281 2045 1363 2086 me
1390 2047 1410 2085 :
1450 2030 1589 2097 Quid
1626 2041 1746 2084 sunt
1769 2032 1901 2095 hac,
1936 2031 2037 2084 do-

2151 2030 2216 2095 ιῷ
2249 2029 2501 2098 τετάρτῳ
2520 2029 2692 2081 ἵπποι
2739 2027 3022 2088 ποικίλοι,
3052 2023 3147 2077 καὶ
3196 2020 3399 2091 ψαροί.
3447 2018 3553 2071 Kal
3593 2017 3708 2069 ἁπ-

470 2125 649 2178 tnine.’
678 2122 745 2177 Et
785 2122 1049 2190 respondit
1109 2123 1327 2193 angelus
1361 2124 1449 2194 qui
1478 2123 1788 2191 loquebatur
1813 2124 1867 2177 in
1902 2138 1983 2176 me
2016 2161 2032 2187 ,

2151 2121 2398 2190 ῑκρίθην,
2446 2119 2546 2176 καί
2578 2117 2717 2173 εἶπα
2763 2116 2916 2186 πρὸς
2964 2116 3073 2169 τὸν
3120 2113 3397 2183 ἄγγελον,
3437 2111 3543 2162 τὸν
3595 2111 3707 2161 .la-

468 2226 519 2270 et
551 2217 687 2271 dixit
723 2232 742 2270 :
773 2218 900 2270 11(ιό
956 2223 1079 2270 sunt
1129 2226 1358 2285 quatuor
1410 2218 1547 2270 venti
1606 2216 1739 2281 cali,
1771 2217 1861 2286 qui
1883 2231 2031 2286 egre-

2151 2213 2360 2268 ἱοῦντα
2385 2212 2456 2266 ἐν
2495 2212 2661 2281 ἐμοί·
2702 2211 2764 2265 Τί
2792 2210 2924 2264 ἐστι
2953 2208 3172 2273 ταῦτα,
3213 2206 3416 2274 κύριε;
3457 2202 3563 2256 Kal
3596 2201 3711 2254 ἀπο

468 2310 689 2362 dinntur
707 2319 761 2361 ut
781 2310 1029 2362 assistant
1049 2306 1277 2362 Domino
1294 2310 1462 2363 omnis
1482 2319 1655 2362 terra.
1684 2308 1747 2362 In
1761 2325 1861 2378 quo
1879 2320 2029 2363 erant

2151 2307 2333 2374 τκρίθη
2388 2306 2419 2359 ὁ
2465 2304 2718 2374 ἄγγελος
2773 2305 2808 2358 ὁ
2852 2302 3061 2358 λαλῶν
3106 2301 3175 2354 ἐν
3221 2297 3369 2368 ἐμοὶ,
3418 2294 3514 2350 καί
3543 2289 3709 2347 εἴπεο

468 2402 585 2468 equi
624 2399 780 2468 nigri.
814 2398 1219 2467 egrediebantur
1251 2415 1408 2469 super
1444 2408 1636 2452 terram
1672 2399 1953 2469 aquilonis,
1988 2409 2037 2454 et

2151 2397 2333 2453 Ταῦτά
2364 2398 2534 2452 ἐστιν
2559 2400 2614 2451 ol
2643 2397 2945 2465 τέσσαρες
2968 2395 3177 2464 ἄνεμοι
3204 2390 3312 2446 τοῦ
3350 2387 3631 2457 οὐρανοῦ,
3654 2385 3713 2440 ot

469 2490 578 2542 albi
624 2490 1025 2560 egrediebantur
1070 2500 1185 2559 post
1217 2506 1324 2545 eos.
1374 2488 1440 2543 Et
1475 2492 1609 2544 uarii
1638 2493 1844 2545 exibant
1882 2508 2041 2561 super

2151 2491 2564 2559 ἐκπορεύονται
2602 2486 2980 2558 παραστῆναι
3002 2485 3083 2553 τῷ
3127 2485 3321 2554 Κυρίῳ
3356 2482 3560 2549 πάσης
3603 2477 3713 2546 τῆς

472 2593 665 2634 terram
720 2582 910 2643 austri.
939 2590 987 2635 et
1038 2580 1393 2635 multicolores
1443 2581 1861 2651 egrediebantur,
1886 2592 1931 2634 et
1956 2584 2038 2635 in-

2151 2582 2270 2652 Γῆς.
2323 2582 2425 2635 Ἐν
2447 2574 2496 2648 ᾧ
2521 2578 2682 2652 ἦσαν
2701 2582 2873 2634 ἵπποι
2896 2582 2949 2633 ol
2974 2577 3255 2649 μέλανες,
3285 2572 3713 2641 ἐξεπορεύοντο

469 2673 752 2735 spiciebant
775 2683 829 2725 ut
845 2673 1040 2726 irentet
1063 2672 1399 2725 circumirent
1423 2670 1712 2725 terram.Et
1735 2674 1907 2725 dixit:
1932 2670 2036 2735 Ite,

2151 2675 2235 2728 ἐπὶ
2265 2671 2379 2743 γῆν
2402 2672 2616 2742 βορῤᾶ,
2640 2674 2739 2728 καί
2765 2676 2819 2727 οἱ
2859 2672 3067 2727 λευκοὶ
3109 2667 3535 2737 ἐξεπορεύΜο
3572 2680 3712 2717 κατ-

468 2774 516 2816 et
549 2764 765 2817 circuite
792 2775 1005 2817 terram.
1043 2762 1107 2815 Et
1148 2762 1465 2814 circuierunt
1488 2770 1704 2817 terram.
1736 2760 1805 2814 Et
1840 2762 2037 2815 clama-

2151 2765 2390 2818 όπισθεν
2417 2763 2634 2818 αὐτῶν.
2662 2763 2769 2817 Kal
2796 2766 2850 2818 al
2874 2763 3136 2817 ποικίλοι
3158 2758 3585 2827 ἐξεπορεύοντο
3612 2754 3710 2807 ἐπὶ

473 2856 563 2918 rit,
600 2864 649 2910 et
682 2855 889 2908 locutus
910 2864 986 2908 est
1010 2855 1078 2908 ad
1103 2869 1203 2913 me.
1218 2854 1397 2906 dicens
1416 2868 1435 2905 :
1476 2852 1611 2906 Ecce
1636 2854 1725 2923 qni
1754 2854 2037 2923 egrediun-

2151 2858 2259 2927 γῆν
2286 2859 2487 2921 νότου,
2534 2857 2632 2910 καὶ
2669 2859 2722 2910 ol
2759 2854 2940 2924 ψαροὶ
2984 2853 3434 2921 ἐξεπορεύοντο,
3469 2847 3566 2901 καί
3604 2845 3713 2899 ἐπ-

470 2956 556 2999 tur
598 2962 754 3016 super
796 2955 988 2999 terram
1042 2944 1334 3012 aquilonis,
1363 2952 1413 2996 et
1449 2944 1767 3012 requiescere
1802 2944 2036 3013 fecerunt

2151 2946 2400 2999 ἐᾶλεπον
2441 2946 2547 3000 τοῦ
2582 2946 2958 3014 πορεύεσθαι,
3009 2943 3116 2997 τοῦ
3169 2938 3549 3009 περιοδεῦσαι
3598 2936 3714 3003 τὴν

470 3035 700 3105 furorem
726 3052 892 3091 meum
907 3051 1066 3105 super
1085 3047 1273 3089 terram
1293 3035 1573 3105 aquilonis.

2151 3038 2279 3106 Γῆν.
2324 3037 2432 3092 Kal
2487 3035 2652 3091 εἶπε·
2726 3037 3079 3105 Πορεύεσθε,
3138 3033 3237 3088 καὶ
3290 3030 3713 3099 περιοδεύσατε

469 3125 587 3193 τὴν
638 3124 775 3195 γῆν.
841 3125 947 3180 Kal
1008 3124 1419 3193 περιώδευσαν
1468 3124 1583 3193 τὴν
1628 3124 1764 3196 γῆν.
1817 3127 1927 3191 Kal
1974 3126 2288 3195 ἀνεϐόησε,
2342 3129 2443 3182 καὶ
2501 3129 2773 3196 satanas
2831 3129 2981 3197 πρός
3055 3142 3151 3196 με,
3195 3125 3419 3195 λέγων’
3462 3121 3616 3179 Ἰδοὺ
3658 3122 3711 3173 oi

468 3216 927 3285 ἐκπορευόμενοι
970 3216 1067 3271 ἐπὶ
1107 3215 1226 3285 γῆν
1264 3213 1482 3285 βορρᾶ,
1537 3216 1635 3269 καὶ
1694 3216 2053 3272 ἀνέπαυσαν
2085 3219 2191 3273 τὸν
2222 3221 2412 3289 θυμόν
2437 3237 2556 3289 μου
2594 3219 2663 3272 ἐν
2693 3217 2771 3287 τῇ
2798 3216 3011 3287 βορρᾶ.

543 3308 753 3364 XXXII.
788 3309 979 3363 Docuit
1006 3319 1153 3376 ante,
1184 3309 1296 3363 suis
1324 3309 1559 3379 ipsorum
1596 3309 1803 3379 laqueis
1832 3320 2036 3378 captos,

2212 3314 2334 3368 AB'.
2366 3312 2760 3384 Προῦπέδειξεν
2797 3313 2877 3365 ὅτι
2909 3312 3021 3374 τοῖς
3051 3308 3200 3380 σφῶν
3232 3307 3408 3362 αὐτῶν
3438 3305 3713 3368 ἐναλόντες

468 3416 524 3461 et
581 3404 789 3459 catenis
824 3412 1164 3473 peccatorum
1217 3418 1436 3458 suorum
1491 3405 1837 3471 constrictus,
1900 3408 2040 3460 sicut

2151 3405 2380 3477 βρόχοις,
2409 3407 2501 3460 καὶ
2528 3408 2737 3474 σειραῖς
2775 3405 2885 3457 τῶν
2925 3403 3069 3457 ἰδίων
3126 3401 3539 3473 ἁμαρτημάτων
3582 3416 3714 3452 κατ-

471 3495 729 3564 scriptum
780 3502 865 3548 est
884 3493 954 3557 ",
989 3492 1040 3547 in
1073 3492 1324 3560 ignotam
1379 3494 1654 3564 regionem
1704 3495 2037 3561 discessisse,

2151 3497 2482 3567 εσφιγμὲνοι,
2524 3496 2667 3550 κατὰ
2734 3496 2795 3549 τδ
2834 3494 3241 3566 γεγραμμένον,
3286 3495 3365 3556 εἰς
3410 3489 3717 3559 ἀλλοδαπὴν

473 3590 849 3657 liabitasseque
895 3589 1035 3656 apud
1065 3586 1250 3641 hostes
1287 3627 1302 3652 ,
1341 3585 1610 3643 insuetum
1661 3587 2042 3656 servitutisju-

472 3696 598 3751 gum
645 3678 1026 3750 perpetienles.
1058 3679 1325 3733 Caeterum
1348 3688 1403 3734 et
1429 3689 1674 3751 tempora
1701 3681 2040 3735 liberationis

474 3770 718 3838 redigere
779 3769 836 3823 in
893 3769 1211 3822 memoriam
1264 3771 1571 3837 oportebat;
1596 3784 1766 3838 quare
1823 3770 2042 3826 insertis

472 3860 594 3915 aliis
650 3874 836 3914 eorum
896 3860 1164 3915 meminit.
1212 3859 1410 3916 Doctus
1466 3873 1553 3917 est
1598 3863 1741 3917 enim
1781 3863 2038 3933 propheta

475 3949 793 4021 compendio
820 3950 1001 4006 omnia
1020 3950 1163 4022 genti
1189 3950 1314 4005 olim
1344 3963 1624 4007 eventura.
1648 3953 1789 4024 Ergo
1811 3960 2043 4025 quatuor

475 4056 668 4098 currus
693 4043 746 4097 in
778 4043 954 4099 medio
979 4043 1240 4098 montium
1261 4059 1522 4100 aureorum
1554 4044 1783 4102 dicimus
1806 4062 1929 4105 esse
1959 4066 2041 4106 re-

475 4150 578 4206 gna
642 4135 1030 4204 lllustrissima,
1054 4154 1174 4209 qua
1205 4139 1255 4192 in
1299 4136 1519 4192 totidem
1549 4139 1733 4193 mundi
1772 4138 2034 4205 climatis,

476 4227 592 4283 sive
624 4230 690 4283 ad
739 4238 970 4298 quatuor
1009 4240 1201 4285 ventos
1247 4229 1363 4285 suis
1403 4230 1650 4284 auatibus
1708 4230 2039 4285 claruerunt.

478 4318 688 4375 Montes
727 4335 900 4378 :ereos
924 4321 1027 4377 dici
1049 4321 1279 4390 conjicio
1297 4320 1630 4375 duastnundi
1663 4328 1864 4390 partes.
1882 4322 2038 4394 70],

475 4410 705 4476 Quidam
765 4412 909 4465 enim
943 4412 1129 4466 orbem
1180 4419 1350 4466 totum
1377 4412 1429 4465 in
1464 4410 1733 4481 Eni-epam
1778 4422 1832 4467 et
1856 4414 2040 4468 Asiam

474 4500 743 4567 dividunt,
773 4501 924 4569 cujus
957 4513 1134 4573 partes
1165 4518 1318 4557 aerea:
1343 4504 1903 4573 propterﬁrmitatem
1933 4522 2038 4559 un-

476 4592 780 4662 dequaque,
812 4601 866 4647 et
892 4593 1345 4659 immobililatem,
1376 4605 1430 4649 et
1476 4596 1599 4664 quia
1635 4597 1748 4651 Iac-li
1776 4613 1881 4651 non
1914 4612 2040 4667 pos-

2144 3588 2444 3661 ἀπῴχοντο,
2478 3590 2569 3642 καὶ
2601 3588 2959 3658 κατῳκήκασι
2999 3586 3129 3657 παρ’
3162 3584 3395 3655 ἐχθροῖς,
3428 3583 3519 3635 τὸν
3571 3581 3713 3652 ἀήθη

2145 3680 2243 3751 τῆς
2272 3680 2513 3743 δουλείας
2558 3679 2881 3734 ἀνατλάντεε
2915 3677 3097 3746 ζυγόν.
3150 3675 3288 3730 Ἀλλ’
3318 3671 3385 3747 ἦν
3421 3675 3716 3741 ἀναγκαῖον

2148 3773 2375 3827 καὶτῶν
2410 3772 2510 3843 τῆς
2554 3769 2874 3842 λυτρὼσεως
2916 3765 3317 3839 διαμεμνῆσθαι
3364 3765 3590 3835 καιρῶν,
3624 3764 3717 3816 καὶ

2144 3865 2209 3936 δὴ
2234 3866 2467 3919 ποιεῖται
2491 3862 2591 3933 τὴν
2618 3861 2869 3933 δήλωσιν,
2898 3858 3471 3931 προεμπεπλεγμένων
3493 3856 3713 3927 ἑτέρων.

2159 3958 2497 4013 Ἐδιδάσκετο
2521 3957 2628 4027 γὰρ
2657 3956 2685 4008 ὁ
2727 3956 3011 4027 προφήτης
3052 3952 3352 4022 συλλήϐδην
3387 3950 3620 4014 ἅπαντα,
3649 3949 3719 4002 τὰ

2144 4052 2222 4123 τῷ
2252 4052 2393 4104 ἔθνει
2437 4049 2825 4120 συμϐησόμενα
2873 4047 3014 4102 κατὰ
3058 4046 3305 4116 καιρούς.
3350 4042 3432 4097 Τὰ
3476 4042 3718 4111 τέσσαρα

2146 4144 2323 4197 τοίνυν
2349 4140 2590 4212 ἅρματα,
2622 4140 2688 4193 τὰ
2720 4141 2778 4193 ὲν
2812 4139 2962 4210 μέσῳ
2987 4137 3096 4190 τῶν
3132 4136 3303 4209 ὀρέων
3341 4135 3450 4188 τῶν
3479 4133 3714 4205 χαλκῶν,

2147 4234 2326 4305 φαμὲν
2356 4228 2497 4285 εἶναι
2532 4232 2695 4286 πάλιν
2732 4231 2831 4294 τὰς
2872 4230 2980 4283 τῶν
3009 4228 3183 4284 ἄλλων
3213 4226 3501 4298 βασιλειῶν
3526 4226 3720 4295 ἐπιση-

2151 4322 2404 4395 μοτέρας,
2442 4321 2541 4384 τὰς
2577 4322 2635 4373 ἐν
2668 4321 2778 4382 τοῖς
2806 4319 3061 4389 τέσσαρσι
3091 4317 3369 4387 κλίμασιν,
3403 4317 3569 4387 ἤγουν
3597 4316 3719 4369 dve-

2152 4428 2297 4485 μοις,
2322 4415 2441 4476 τοῖς
2461 4413 2553 4465 ὑπ’
2583 4410 2811 4483 οὐρανὸν
2831 4410 2974 4463 κατὰ
2998 4410 3223 4480 καιροὺς
3247 4408 3716 4477 ἀναδεδειγμὲνας.

2152 4508 2293 4577 Ὀρη
2330 4504 2385 4559 δὲ
2408 4500 2561 4575 οἶμαι
2588 4502 2841 4571 λέγεσθαι
2870 4502 2939 4556 τὰ
2978 4502 3157 4573 χαλκᾶ
3183 4500 3253 4555 τὰ
3281 4500 3376 4553 δύο
3417 4500 3514 4570 τῆς
3537 4502 3719 4552 οίκουυ

2152 4598 2320 4668 μένης
2346 4597 2625 4667 τμήματα.
2660 4594 2927 4665 Τέμνουσι
2957 4595 3065 4664 γάρ
3097 4609 3241 4654 τινες
3265 4594 3344 4655 είς
3366 4590 3636 4662 Εὐρώπην
3660 4608 3719 4643 τε

475 4695 621 4740 sunt.
664 4685 850 4741 Psallit
900 4687 1045 4741 enim
1090 4688 1285 4743 alicubi
1317 4687 1532 4743 divinus
1586 4684 1749 4742 David
1775 4690 2042 4743 universi-

2151 4687 2239 4741 καὶ
2276 4686 2458 4740 Ἀσίαν
2489 4686 2587 4758 τὴν
2619 4684 2911 4757 σύμπασαν
2948 4686 3051 4756 γῆν
3077 4701 3093 4716 ο
3134 4684 3311 4754 χαλκᾶ
3345 4684 3400 4737 δὲ
3438 4683 3619 4746 αὐτοῖς
3650 4682 3720 4736 τὰ

479 4778 605 4831 tatis
633 4776 826 4849 Opillci
862 4798 876 4835 :
909 4798 928 4832 ι
966 4778 1222 4835 Fundasti
1255 4791 1476 4846 terram,
1506 4790 1559 4835 et
1588 4791 1869 4849 permanet
1905 4780 2044 4835 ordi-

479 4873 693 4929 natione
751 4883 840 4928 tua
864 4874 931 4928 ".
973 4893 992 4927 ι
1022 4872 1145 4930 Haec
1189 4874 1350 4944 igitur
1375 4883 1433 4929 ut
1459 4893 1487 4929 a
1515 4884 1747 4944 quatuor
1769 4878 1941 4930 ventis
1967 4889 2048 4929 re-

477 4978 580 5033 gna
634 4965 866 5032 creteris,
912 4976 973 5021 ut
1027 4966 1285 5032 diximus,
1343 4969 1647 5036 potentiora
1710 4965 2046 5035 multamque

477 5051 668 5107 sortita
724 5052 945 5123 gloriam
995 5070 1211 5126 egressa
1276 5064 1400 5111 sunt
1433 5056 1687 5109 assistere
1711 5053 2042 5109 Dominatori

477 5143 654 5196 onmis
681 5152 862 5199 teme.
890 5146 1211 5201 Assistentia
1241 5146 1565 5203 inservieudi
1607 5147 1823 5200 modum
1864 5156 2047 5201 osten-

478 5234 555 5288 dit
585 5253 597 5289 :
631 5237 937 5291 servierunt
957 5238 1099 5292 enim
1154 5241 1371 5295 nutibus
1406 5240 1545 5308 ejus,
1596 5238 1919 5310 fueruntque
1952 5250 2049 5292 ro-

479 5330 633 5381 liusta
674 5340 729 5383 et
781 5330 981 5402 inclyta
1016 5347 1111 5401 per
1139 5334 1338 5400 ipsum,
1381 5331 1650 5402 quodillis
1682 5331 2048 5386 emolumento

481 5415 756 5474 fuit.Nam
802 5421 997 5491 siquid
1047 5422 1303 5493 praeclare
1356 5432 1660 5494 gesserunt,
1694 5422 2051 5493 regionesque

480 5508 719 5564 eturbes
745 5524 1232 5581 expugnarunt,eo
1288 5524 1562 5571 annuente
1608 5524 1819 5569 tantum
1868 5516 2052 5571 value-

484 5609 629 5654 runt.
682 5602 892 5658 Etenim
936 5604 980 5660 si
1012 5620 1197 5661 verum
1246 5606 1377 5661 dicit
1428 5606 1687 5677 prephela
1727 5621 1785 5662 ει
1819 5604 1935 5661 Non
1968 5613 2053 5661 est

484 5692 683 5749 malum
711 5694 764 5751 in
785 5694 1020 5763 civitate,
1055 5698 1195 5768 quod
1226 5714 1328 5752 non
1350 5697 1477 5754 iecit
1505 5698 1768 5754 Dominus
1789 5699 1857 5762 ",
1895 5698 2051 5767 »(110-

2154 4780 2318 4851 μέρη,
2350 4778 2440 4834 διά
2462 4795 2522 4832 τε
2554 4780 2617 4832 τὸ
2659 4777 2973 4851 ὲρηρεῖσθαι
3004 4778 3313 4843 διαπαντὸς,
3354 4777 3447 4830 καὶ
3490 4775 3721 4845 ἀκλονήο

2150 4885 2259 4933 τως
2287 4868 2453 4939 ἔχειν,
2479 4869 2574 4923 καὶ
2622 4867 2895 4939 μηδεμιᾶς
2924 4866 3213 4937 ἀνέχεσθαι
3254 4864 3477 4937 βλάϐης.
3514 4864 3720 4918 Ψάλλει

2153 4963 2262 5033 γάρ
2290 4977 2393 5014 που
2422 4960 2515 5014 καὶ
2561 4960 2589 5013 ό
2620 4959 2903 5021 θεσπέσιος
2944 4958 3109 5012 Δα6ὶδ
3141 4957 3275 5030 πρὸς
3309 4958 3399 5011 τὸν
3433 4957 3542 5010 τῶν
3582 4957 3721 5010 ὅλων

2151 5050 2493 5123 Δημιουργόν
2519 5066 2532 5080 ·
2570 5068 2588 5102 ι
2631 5048 3030 5119 Ἐθεμελίωσας
3074 5048 3173 5118 τὴν
3197 5050 3323 5122 γῆν,
3354 5048 3449 5103 καὶ
3478 5048 3721 5119 διαμένει

2152 5146 2219 5215 τῇ
2263 5142 2505 5208 διατάξει
2543 5159 2657 5196 σου.
2688 5160 2707 5194 ›
2743 5136 2909 5195 Abeat.
2943 5141 3008 5212 δὴ
3040 5136 3134 5195 οὗν
3163 5142 3219 5194 al
3249 5140 3324 5204 ὼς
3364 5141 3430 5194 ὲκ
3454 5139 3563 5194 τῶν
3594 5156 3721 5192 τεσ-

2158 5235 2339 5307 σάρων
2386 5236 2601 5306 ἀνέμων
2649 5232 2933 5303 βασιλεῖαι,
2978 5232 3085 5287 τῶν
3138 5232 3332 5298 ἄλλων,
3369 5231 3446 5297 ὡς
3491 5230 3721 5303 ἔφημεν,

2153 5326 2546 5399 ἀλκιμώτεραι,
2580 5326 2676 5379 καί⁵
2706 5326 2843 5379 πολὺ
2890 5324 3150 5397 λαχοῦσαι
3190 5324 3250 5377 τὸ
3286 5324 3525 5389 εὐκλεὲς,
3566 5324 3725 5395 ἐξῆλ-

2153 5422 2244 5475 θον
2276 5421 2621 5492 παραστῆναι
2645 5418 2726 5489 τῷ
2752 5418 2941 5491 Κυρίῳ
2977 5420 3157 5489 πάσης
3188 5417 3288 5488 τῆς
3317 5418 3437 5487 γῆς.
3484 5418 3547 5470 Ἦ
3575 5417 3632 5471 δέ
3663 5435 3727 5484 γε

2156 5514 2519 5583 παράστασις,
2537 5512 2629 5565 τὸν
2645 5511 2748 5580 τῆς
2764 5510 3011 5573 δουλείας
3035 5512 3066 5581 ή
3077 5513 3167 5581 μῖν
3190 5509 3477 5579 ὑποφαίνει
3498 5509 3723 5579 τρόπον·

2152 5599 2527 5655 δεδουλεύκασι
2557 5600 2665 5671 γὰρ
2698 5602 2809 5663 τοῖς
2838 5599 3003 5653 αὐτοῦ
3034 5599 3287 5669 νεύμασι,
3320 5599 3414 5653 καὶ
3440 5600 3727 5669 γεγόνασιν

2159 5693 2376 5766 ἰσχυραί
2415 5710 2472 5749 τε
2506 5693 2599 5748 καὶ
2644 5692 2920 5765 διαόόητοι
2967 5693 3034 5749 δι’
3080 5691 3265 5761 αὑτοῦ,
3312 5692 3406 5747 καὶ
3448 5691 3606 5747 τοῦτο
3633 5708 3725 5747 κε-

554 5867 598 5903 τ⁸
639 5867 796 5928 Prov.
816 5886 868 5942 v,
897 5871 988 5928 ΞΩ.
1066 5875 1109 5907 ⁷³
1144 5872 1285 5932 Psal.
1323 5886 1513 5940 enm,
1556 5871 1644 5928 90.
1719 5874 1763 5907 "
1791 5878 1955 5931 Amos
1986 5888 2067 5940 Ill,
2100 5873 2153 5926 6.
