4072 6370
347 460 420 516 εο
1200 445 1752 506 sumussumus
1789 442 1856 498 1N
1898 408 2301 499 iACIIARIAM
2337 440 2783 497 PROPHETAM.
3532 443 3604 498 so

343 576 696 647 κερδάκασιν.
734 570 797 624 Εἰ
825 569 935 641 γάρ
968 584 1021 621 τι
1048 566 1143 620 καὶ
1170 564 1485 636 δεδράκασι.
1512 561 1604 615 καὶ
1633 557 1914 630 κατηνδρί-

2026 558 2170 611 mine
2202 556 2328 610 mali
2355 558 2458 611 hoc
2488 554 2606 610 loco
2624 552 2967 607 aﬁlictionem
2997 550 3313 621 accipimus)
3331 555 3603 622 quomodo

341 683 507 722 σαντο
548 664 742 734 χωρῶν
782 661 816 730 ἢ
872 659 1111 723 πόλεων,
1163 655 1329 710 αὑτοῦ
1380 652 1788 717 κατανεύοντος,
1842 652 1922 713 είς

340 760 502 814 τοῦτο
529 757 593 827 δὴ
625 754 788 808 πάλιν
823 749 1092 821 προῆλθον
1124 746 1329 818 ἰσχύος.
1356 747 1418 799 Et
1449 744 1560 815 γάρ
1600 744 1746 797 ἐστιν
1785 741 1920 811 ἀληο

340 850 442 921 θὴς
468 850 497 901 ὁ
522 845 811 915 προφήτης
832 840 1007 908 λέγων
1028 854 1042 870 ·
1079 857 1097 890 ι
1136 838 1253 893 Ούκ
1283 837 1398 891 ἐστι
1445 835 1612 890 κακία
1648 835 1707 888 ἐν
1745 832 1919 897 πόλει,

338 943 412 1012 ἢν
442 939 646 1010 Κύριος
675 936 775 990 οὐκ
800 932 1023 1003 ἐποίησε
1044 949 1057 962 ·
1101 950 1121 983 ι
1155 929 1356 984 κακίαν
1395 928 1453 983 δέ
1489 944 1672 998 φαμεν
1709 926 1767 980 ἐν
1798 923 1922 978 τού-

339 1050 456 1096 τοις
478 1031 579 1102 τὴν
600 1029 843 1084 κάκωσιν
866 1043 881 1058 ·
906 1023 1026 1087 πῶς
1060 1020 1127 1077 ἂν
1147 1023 1350 1075 ἐκεῖναι
1388 1021 1720 1090 κατίσχυσαν
1749 1015 1920 1070 ἐθνῶν

340 1126 438 1178 καὶ
475 1121 689 1195 χωρῶν,
722 1121 797 1192 μὴ
826 1120 950 1191 οὐχὶ
984 1118 1050 1191 δὴ
1083 1118 1266 1178 πάλιν,
1304 1114 1473 1169 αὑτοῦ
1501 1112 1564 1167 τὸ
1592 1109 1918 1180 κατισχύσαι

338 1217 601 1287 νέμοντος
628 1211 1019 1283 οίκονομικῶς;
1056 1210 1213 1272 Τίνες
1239 1208 1295 1261 δὲ
1328 1207 1391 1276 δὴ
1426 1205 1518 1259 καὶ
1546 1204 1603 1258 αἱ
1631 1201 1916 1273 βασιλεῖαι,

342 1308 534 1380 καιρὸς
583 1305 681 1377 ἤδη
715 1304 915 1373 λέγειν.
966 1300 1174 1356 Οὐκοῦν
1201 1304 1257 1355 ἐν
1298 1300 1396 1371 μὲν
1443 1297 1524 1369 τῷ
1582 1295 1790 1367 ἅρματι
1839 1291 1917 1363 τῷ

340 1400 564 1470 πρώτῳ,
589 1398 775 1469 φησιν,
804 1396 959 1449 ἵπποι
976 1394 1195 1466 πυρῤοὶ,
1215 1391 1317 1463 τῆς
1335 1387 1615 1444 Χαλδαίων
1638 1384 1918 1457 βασιλείας

339 1490 751 1553 ἁνατυποῦντες
783 1487 869 1558 ἐφ’
909 1488 1120 1550 ἑαυτοῖς
1160 1484 1260 1556 τὴν
1305 1483 1585 1555 ὠμότητα.
1633 1478 1918 1551 Πυρρότης

337 1586 449 1657 γάρ
479 1586 606 1656 ἡμῖν
655 1582 754 1654 τὴν
800 1581 1033 1653 αἵματος
1061 1578 1217 1651 χύσιν
1249 1577 1616 1631 ύπαινίττοιτο
1647 1573 1734 1639 ἂν,
1773 1569 1919 1625 κατά

340 1697 407 1747 γε
436 1679 496 1732 τὸ
543 1678 724 1741 εἰκός·
759 1674 1074 1745 φιλαίματοι
1120 1670 1230 1742 7&9
1276 1668 1397 1721 λίαν
1446 1667 1497 1719 oi
1545 1660 1913 1718 Βαϐυλώνιοιο

338 1785 483 1843 εἷλον
514 1789 621 1859 γὰρ
673 1785 825 1841 αὐτοὶ
868 1786 969 1856 τὴν
1010 1779 1292 1845 Ἰουδαίαν,
1346 1778 1441 1832 καὶ
1476 1774 1579 1839 τάς
1623 1776 1682 1828 ἐν
1714 1773 1781 1844 τῇ
1807 1772 1915 1826 Σα-

342 1882 548 1953 μαρείᾳ
576 1880 770 1942 πόλεις.
814 1876 1030 1948 φειδοῦς
1071 1874 1288 1944 ἀπάσης
1333 1867 1697 1942 ἐξῃρημένης,
1739 1865 1828 1918 Ἐν
1855 1862 1914 1916 δὲ

337 1974 417 2045 τῷ
446 1974 652 2045 ἅρματι
681 1971 759 2041 τῷ
791 1969 1029 2039 δευτέρῳ
1056 1967 1212 2020 ἵπποι
1237 1962 1484 2036 μέλανες.
1517 1960 1700 2014 Ἐοικε
1732 1956 1789 2012 δι
1814 1955 1916 2026 τὴν

339 2064 570 2135 Περσῶν
599 2079 658 2114 τε
692 2062 785 2114 καὶ
807 2059 1005 2129 Μήδων
1033 2057 1133 2128 τὴν
1150 2055 1255 2109 ύπό
1276 2071 1339 2124 γε
1360 2052 1549 2125 Κύρῳ,
1570 2050 1735 2122 φημὶ,
1770 2047 1918 2119 βασι-

336 2156 490 2209 λείαν
526 2151 843 2223 ὑποδηλοῦν.
895 2149 1082 2204 Μέλαν
1109 2148 1165 2201 δὲ
1194 2147 1290 2201 καὶ
1325 2144 1538 2207 τούτοις
1575 2140 1917 2213 περιτέθεικε

338 2249 559 2319 χρῶμα,
589 2245 676 2301 διὰ
703 2244 782 2306 τὸ,
812 2238 987 2314 οἶμαι,
1027 2240 1274 2294 πλεῖστόν
1307 2255 1369 2292 τε
1396 2237 1521 2291 ὅσον
1546 2235 1641 2290 καὶ¹
1670 2232 1918 2305 ἀμέτρη-

335 2356 431 2391 τον
465 2342 577 2402 τιῖς
620 2336 899 2391 Χαλδαίων
947 2334 1155 2388 ἔθνεσιν
1201 2329 1491 2403 ἐπιρρίψαι
1538 2327 1793 2390 θάνατον,
1824 2324 1919 2379 καὶ

335 2434 467 2503 ὃλην
510 2433 693 2494 αὐτοῖς
743 2429 836 2499 τὴν
862 2427 1047 2498 χώραν
1090 2426 1150 2479 ἐν
1204 2422 1390 2477 πένθει
1436 2418 1690 2491 γενέσθαι
1733 2433 1917 2487 παρα·

339 2526 625 2579 σκευάσαι.
675 2521 909 2583 Πένθους
947 2520 1003 2572 δὲ
1040 2517 1136 2571 καὶ
1170 2516 1403 2570 θανάτου
1434 2514 1494 2567 τὸ
1540 2512 1701 2580 φαιὸν
1734 2508 1801 2562 ἂν
1827 2507 1913 2578 εἴη

340 2616 629 2688 σύμϐολον.
657 2613 903 2676 Λευκοὺς
934 2611 990 2665 δὲ
1027 2606 1166 2664 εἶναί
1200 2624 1333 2679 φησι
1362 2606 1486 2669 τοὺς
1524 2605 1581 2658 ἐν
1607 2602 1813 2673 ἆρματι
1836 2598 1916 2670 τῷ

338 2711 528 2783 τρίτῳ,
556 2708 657 2779 τὴν
687 2705 957 2775 Ἐλλήνων
988 2720 1092 2756 που
1128 2702 1271 2771 τάχα
1308 2699 1402 2752 καὶ
1429 2695 1757 2752 Μακεδόνων
1784 2691 1917 2745 ὑπο-

339 2802 547 2872 φαίνων
574 2798 769 2870 άρχὴν,
805 2796 903 2851 εἴτ’
937 2791 1030 2850 οὖν
1078 2794 1180 2865 τὴν
1222 2790 1574 2860 Ἀλεξάνδρου
1612 2785 1911 2858 βασιλείαν.

337 2895 540 2949 Λευκοὶ
567 2891 646 2956 δὲ,
687 2892 769 2944 ὅτι
808 2889 903 2944 καλ⁸
942 2887 1294 2959 ἁϐροδίαιτοι,
1329 2885 1422 2937 καί⁹
1460 2885 1519 2935 ἐν
1567 2880 1788 2942 λευκαῖς
1837 2877 1914 2940 ὡς

339 2986 541 3038 ἐπίπαν
570 2983 782 3046 στολαῖς
805 2980 874 3035 τὰ
911 2980 1178 3050 Ἑλλήνων
1202 2977 1328 3047 ἐθνη
1348 2992 1361 3006 ·
1396 2974 1489 3027 καὶ
1515 2974 1598 3026 ὅτι
1620 2971 1719 3041 τὴν
1742 2966 1915 3037 γλῶτ-

336 3093 436 3128 ταν
461 3077 671 3144 σαφεῖς,
702 3074 802 3144 τῆς
842 3070 1116 3144 βαρϐάρου
1158 3070 1341 3138 φωνῆς
1362 3066 1422 3121 τὸ
1450 3065 1612 3119 οἱονεὶ
1638 3059 1914 3115 σκοτεινὸν

339 3167 439 3219 οὐκ
459 3165 691 3235 ἔχοντες.
720 3164 810 3217 Ἐν
837 3163 893 3216 δὲ
926 3161 1002 3230 τῷ
1022 3159 1288 3230 τετάρτῳ,
1318 3157 1500 3227 φησὶν,
1527 3155 1733 3225 ἅρματι
1757 3154 1914 3205 ἵπποι

341 3258 481 3321 τινὲς
513 3253 654 3328 ἦσαν
691 3256 925 3310 ποικίλοι
970 3254 1065 3307 καὶ
1092 3250 1276 3323 ψαροί·
1316 3249 1493 3303 ἰστέον
1518 3247 1596 3311 δέ,
1626 3248 1707 3300 ὅτι
1739 3248 1772 3316 ἡ
1805 3244 1914 3298 τῶν

353 3349 617 3419 Ἐϐραίων
657 3347 888 3411 ἔκδοσις,
940 3346 1036 3398 καὶ
1082 3344 1259 3413 ἕτεροι
1302 3340 1359 3393 δέ
1388 3355 1531 3401 τινες
1585 3337 1693 3391 τῶν
1740 3335 1914 3390 ἄλλων
1941 3343 1984 3402 c

340 3439 708 3512 ἑρμηνευτῶν,
736 3439 856 3492 ἀντὶ⁵
877 3436 994 3502 τοῦ,
1019 3436 1223 3506 ψαροὶ,
1246 3432 1522 3488 τεθείκασι
1548 3430 1630 3496 τὸ,
1652 3429 1910 3499 ἰσχυροί.

342 3533 489 3604 Πλὴν
516 3531 610 3586 καὶ
663 3531 865 3602 ταύτην
894 3525 1035 3584 εῖναι
1080 3545 1259 3600 φαμεν
1298 3526 1396 3599 τὴν
1437 3524 1726 3597 Ῥωμαίων
1760 3524 1913 3596 βασι-

339 3623 510 3687 λείαν,
548 3623 634 3677 ἀεί
663 3641 777 3687 πως
803 3623 1033 3692 ἔχουσαν
1063 3623 1121 3674 ἐν
1152 3622 1261 3683 τοῖς
1286 3616 1427 3672 κατὰ
1450 3617 1676 3688 καιροὺς
1698 3616 1917 3686 βεϐασι-

341 3716 557 3770 λευκόσι
590 3716 650 3769 τὸ
683 3715 923 3769 ποικίλον
961 3716 1040 3777 εἰς
1084 3713 1145 3766 τὸ
1193 3709 1450 3781 εὐμαθὲς,
1491 3710 1586 3763 καὶ
1635 3707 1768 3779 βαθύ
1797 3723 1915 3770 πως

339 3808 419 3873 είς
470 3808 692 3883 φρένας.
734 3805 1096 3863 Συνετὼτατοι
1142 3802 1249 3875 7&9
1310 3802 1404 3856 καὶ
1453 3802 1587 3874 πρός
1634 3818 1697 3868 γε
1739 3798 1914 3871 τούτῳ

340 3903 436 3957 καὶ
480 3901 850 3972 ἀλκιμώτατοι
892 3897 1149 3967 γεγόνασί
1177 3912 1237 3949 τε
1280 3896 1372 3961 καὶ
1416 3894 1573 3959 εἰσιν,
1621 3894 1671 3946 ot
1710 3893 1779 3947 τὰ
1816 3892 1915 3962 τῆς

351 3995 638 4066 Ῥωμαίων
666 3995 841 4066 ἀρχῆς
868 3992 1148 4055 διέποντες
1188 3989 1385 4060 κράτη.
1420 3987 1698 4041 Τέθεινται
1725 3986 1782 4039 δὲ
1822 3986 1915 4039 καὶ

337 4087 635 4141 τελευταῖοι
686 4085 825 4158 μετὰ
864 4085 990 4149 τοὺς
1037 4082 1287 4155 πρώτους
1328 4081 1471 4135 κατά
1516 4098 1580 4149 γε
1618 4079 1746 4143 τοὺς
1788 4077 1914 4149 χρό-

340 4196 482 4243 νους.
502 4179 730 4249 Ἷδωμεν
751 4178 805 4232 δὲ
827 4176 921 4231 καὶ
939 4177 1039 4247 τὴν
1061 4176 1293 4229 ἑκάστου
1320 4174 1428 4228 τῶν
1448 4172 1731 4245 ἁρμάτων,
1745 4171 1914 4242 ἢγουν

343 4271 637 4344 βασιλείας,
671 4270 869 4335 ἔξοδον,
907 4270 1041 4324 ὅπου
1076 4286 1136 4322 τε
1159 4267 1491 4329 διανένευκε,
1524 4266 1617 4318 καὶ
1640 4264 1734 4316 ἐπὶ
1770 4263 1911 4316 τίσιν

339 4368 578 4437 ἔρχεται.
611 4362 927 4435 Σαφεστάτη
967 4360 1075 4433 7&9
1111 4359 1254 4414 οὕτω
1281 4358 1476 4430 γένοιτ’
1501 4356 1567 4411 ἂν
1594 4359 1724 4429 ἡμῖν
1749 4357 1783 4427 ἠ
1811 4354 1912 4426 τῆς

337 4457 571 4529 θεωρίας
591 4455 863 4517 ἀπόδοσις.
880 4453 1133 4525 Τέσσαρα
1158 4451 1257 4523 μὲν
1276 4451 1383 4522 γὰρ
1402 4452 1430 4505 ὁ
1463 4451 1749 4521 προφήτης
1773 4445 1911 4503 εἷναί

336 4566 495 4619 φησιν
522 4548 887 4619 διαμέμνηται
911 4544 969 4599 δὲ
1000 4544 1187 4616 τριῶν,
1211 4543 1308 4598 καὶ⁵
1338 4543 1594 4615 σεσίγηκε
1626 4542 1720 4596 τοῦ
1755 4540 1907 4614 πρώ-

2026 664 2187 719 regna
2218 649 2307 703 illa
2349 658 2536 717 gentes
2566 657 2620 700 et
2644 645 2891 715 regiones
2942 644 3300 707 domuissent.
3331 643 3375 698 si
3404 644 3520 714 ipse
3548 659 3604 699 ut

2022 738 2250 795 domare
2310 748 2533 810 possent
2580 736 3047 792 administratorie
3078 734 3183 789 illis
3212 750 3315 789 non
3347 736 3600 791 donavis-

2024 832 2145 887 set?
2172 831 2301 898 Quae
2358 840 2540 884 autem
2569 842 2732 898 regna
2760 828 2861 882 ista
2896 825 3121 887 fuerint,
3163 827 3408 895 sequitur
3429 835 3488 880 ut
3509 826 3598 880 di-

2022 936 2230 975 camus.
2267 920 2321 975 In
2368 934 2531 975 curru
2578 919 2744 989 igitur
2798 917 2997 985 primo,
3056 916 3253 985 inquit,
3292 918 3418 985 equi
3477 916 3599 981 ruﬁ,

2021 1009 2392 1066 Chaldaeorum
2478 1004 2805 1063 monarchizr
2869 1004 3253 1074 crudelitateml
3306 1020 3601 1076 repraesen-

2024 1109 2225 1154 tantes.
2288 1098 2459 1155 Rufus
2508 1099 2651 1153 enim
2675 1097 2826 1152 color
2892 1096 3171 1166 sanguinis
3230 1096 3600 1163 profusionem
3660 1138 3663 1141 λ

2022 1192 2178 1246 nobis
2231 1201 2352 1261 apte
2380 1187 3015 1259 insinuat;sanguinarii
3079 1188 3221 1242 enim
3249 1188 3595 1242 vehementer

2020 1282 2300 1353 Babylonii
2335 1282 2474 1352 :ipsi
2538 1282 2681 1337 enim
2734 1279 2982 1335 Judmam
3036 1288 3091 1334 et
3130 1279 3291 1333 urbes
3341 1280 3600 1335 Samaria:

2019 1370 2154 1425 citra
2201 1386 2415 1425 omnem
2452 1368 2881 1426 misericordiam
2922 1376 3288 1423 vastaverunt.
3324 1367 3382 1422 ln
3437 1384 3599 1422 curru

2019 1458 2257 1514 secundo
2280 1459 2403 1529 equi
2428 1458 2586 1529 nigri.
2628 1457 2745 1524 Quo
2777 1456 3065 1511 Persarum
3095 1465 3151 1512 et
3190 1457 3464 1512 Medorum
3501 1459 3599 1512 sub

2019 1549 2162 1622 Cyro
2238 1550 2633 1615 monarchiam,
2704 1549 2945 1618 inquam,
3007 1549 3219 1603 videtur
3274 1550 3597 1619 signiﬁcare.

2020 1640 2190 1712 Niger
2241 1640 2393 1697 color
2426 1641 2511 1695 his
2541 1641 2816 1707 tribuitur,
2846 1642 2987 1713 quod
3026 1639 3181 1709 longe
3238 1640 3497 1711 plurimas
3547 1652 3602 1697 et

2020 1733 2320 1788 immensas
2358 1732 2410 1786 in
2445 1731 2694 1787 Chaldaaa
2714 1742 2872 1800 gente
2920 1742 3129 1801 strages
3169 1732 3474 1795 ediderunt,
3519 1739 3599 1784 to-

2027 1833 2249 1894 tumque
2305 1838 2528 1892 regnum
2568 1823 2619 1878 in
2649 1822 2849 1878 luctum
2887 1824 3250 1893 coniecerunt.
3283 1821 3483 1876 Luctus
3504 1838 3603 1875 an-

1948 1927 1989 1982 Β
2024 1925 2132 1971 tem
2189 1924 2245 1972 et
2278 1914 2468 1970 mortis
2500 1914 2801 1982 symbolum
2840 1913 2991 1985 niger
3017 1913 3168 1969 color
3214 1924 3317 1968 est.
3354 1912 3407 1966 In
3438 1914 3599 1967 tertio

2018 2008 2094 2063 ait
2122 2023 2245 2064 esse
2294 2007 2464 2072 albos,
2524 2005 2837 2062 Graecorum
2873 2006 3109 2061 fortasse
3162 2012 3216 2059 et
3245 2003 3594 2059 Macedonum

2017 2097 2323 2167 imperium,
2350 2099 2463 2154 sive
2499 2098 2789 2154 Alexandri
2830 2113 3050 2168 regnum
3078 2097 3447 2152 subindicans.
3475 2097 3594 2151 Albi

2016 2196 2219 2255 autem,
2246 2189 2371 2258 quia
2397 2188 2621 2242 delicate
2649 2188 2912 2253 viventes,
2937 2196 2992 2241 et
3017 2187 3153 2243 albis
3178 2188 3417 2241 vesnbus
3458 2202 3597 2256 pene

2015 2295 2202 2334 omnes
2265 2277 2557 2349 gaudentes
2606 2276 2828 2333 Gracia:
2884 2277 3064 2349 populi
3102 2296 3116 2333 :
3152 2286 3207 2332 et
3238 2278 3362 2347 quia
3429 2277 3480 2331 in
3512 2277 3594 2331 lo-

2015 2371 2232 2439 quendo
2275 2371 2543 2442 perspicui
2597 2371 2737 2426 citra
2769 2370 2964 2443 lingua
2993 2372 3237 2426 barbam
3270 2371 3413 2427 velut
3442 2382 3593 2426 tene-

2015 2463 2163 2519 bras.
2190 2464 2246 2517 In
2301 2472 2499 2534 quarto
2545 2477 2731 2528 curru,
2764 2463 2956 2532 inquit,
2996 2462 3121 2532 equi
3154 2472 3310 2517 erant
3341 2463 3478 2518 varii
3541 2474 3597 2518 et

2019 2552 2435 2620 multicolores;
2477 2554 2621 2609 scias
2667 2554 2813 2618 licet,
2863 2552 3139 2609 Hebraeam
3195 2555 3511 2615 editionem,
3542 2564 3595 2610 et

2014 2646 2274 2713 quosdam
2330 2646 2657 2715 interpretes
2695 2660 2792 2715 pro
2817 2644 2987 2716 ψαροί
3015 2686 3031 2713 ,
3072 2645 3452 2710 multicolores.
3498 2662 3596 2717 po-

2014 2737 2186 2791 suisse
2218 2737 2448 2807 ίσχυροί,
2470 2739 2652 2802 calidi,
2678 2752 2771 2793 seu
2802 2738 3031 2794 robusti.
3049 2736 3432 2793 Verumtamen
3457 2739 3594 2793 hanc

2016 2829 2383 2883 llornanorum
2443 2829 2818 2884 monarchiam
2853 2844 2973 2885 esse
3013 2830 3266 2896 dicimus,
3300 2846 3420 2900 qua:
3448 2846 3595 2885 sent-

2014 2935 2111 2989 pt'l‘
2144 2920 2281 2973 inter
2332 2920 2567 2975 diversis
2610 2919 2943 2989 temporibus
2991 2932 3279 2989 regnantes
3331 2922 3593 2977 varietate

2015 3010 2305 3066 docilitatis
2338 3012 2498 3081 702
2534 3021 2589 3066 et
2639 3011 2746 3065 alta
2772 3011 3117 3082 intelligentia
3141 3013 3325 3067 valuit.
3348 3012 3593 3068 Pruden-

2018 3103 2213 3157 tissimi
2254 3103 2398 3157 enim
2424 3114 2481 3157 et
2528 3105 2751 3173 insuper
2785 3102 3069 3159 fortissimi
3096 3105 3335 3171 fuerunt,
3369 3117 3591 3176 etsunt,

2018 3192 2248 3247 Romani
2337 3192 2674 3262 principatus
2760 3193 3045 3263 imperium
3126 3195 3591 3255 administrantes.

2016 3284 2297 3339 Ponuntur
2315 3296 2495 3341 autem
2527 3285 2645 3340 loco
2676 3296 2950 3356 postremo
2973 3303 3004 3341 a
3041 3287 3258 3354 primis.
3292 3292 3590 3345 secundum

2020 3388 2280 3447 tempora.
2301 3378 2719 3432 Consideremus
2751 3377 2865 3447 jam
2928 3378 3350 3449 uniuscuiusque
3376 3394 3587 3448 currus,

2016 3484 2110 3524 seu
2173 3468 2500 3523 monarclniaa
2557 3482 2863 3538 egressum,
2915 3483 3025 3538 quo
3075 3469 3315 3537 inclinet,
3372 3481 3429 3524 ct
3485 3486 3591 3540 quo

2021 3560 2227 3615 tendat.
2284 3558 2374 3614 Sic
2405 3560 2550 3614 enim
2596 3574 2757 3629 quam
2783 3560 3095 3629 planissime
3117 3561 3259 3631 quod
3283 3564 3593 3618 considera-

2015 3664 2135 3703 mus
2187 3648 2615 3719 explanabimus.
2666 3648 2907 3717 Quatuor
2958 3651 3174 3721 quidem
3240 3653 3414 3723 inquit
3467 3668 3590 3711 esse

2017 3743 2303 3810 propheta,
2328 3741 2421 3795 sed
2454 3742 2617 3794 trium
2644 3743 3176 3812 egressusmeminit,
3229 3745 3386 3816 primi
3429 3753 3589 3801 Iacet.

2016 3830 2271 3903 Repetam
2305 3832 2490 3899 paucis
2517 3833 2662 3903 quod
2713 3833 2848 3889 dixi.
2880 3832 2936 3888 lu
2973 3836 3147 3904 primo
3168 3837 3243 3890 ait
3298 3836 3443 3891 rufos
3471 3852 3591 3893 esse

2017 3937 2208 3992 equos.
2267 3920 2460 3992 Incipit
2516 3934 2700 3978 autem
2751 3938 2782 3978 a
2811 3924 3071 3989 secundo,
3098 3925 3295 3980 etait:
3333 3944 3351 3978 ‹
3399 3926 3455 3980 lu
3482 3943 3591 3995 quo

2015 4024 2172 4070 erant
2203 4016 2326 4085 equi
2352 4014 2511 4085 nigri,
2539 4014 2961 4083 egrediebantur
2988 4015 3055 4069 ad
3075 4025 3274 4071 terram
3299 4017 3589 4086 aquilonis,

2015 4118 2067 4162 et
2108 4107 2216 4162 albi
2241 4108 2611 4176 sequebantur
2664 4120 2780 4161 eos.
2811 4106 2878 4161 Et
2905 4106 3041 4160 varii
3071 4108 3490 4177 egrediebantur
3521 4111 3589 4163 ad

2018 4209 2216 4253 terram
2264 4198 2579 4253 australem.
2613 4217 2632 4249 ι
2662 4196 2768 4253 Sed
2810 4198 3060 4266 quamvis
3082 4199 3247 4251 addat
3289 4200 3588 4254 multicolo-

2016 4306 2116 4355 νει,
2150 4303 2255 4343 non
2288 4288 2407 4344 ideo
2423 4296 2656 4357 quatuor
2688 4302 2883 4341 currus
2934 4286 3254 4341 memorabit
3282 4305 3297 4341 :
3324 4304 3445 4341 nam
3475 4304 3589 4343 eos-

2014 4381 2136 4435 dem
2175 4394 2298 4435 esse
2352 4392 2478 4435 cum
2541 4379 2711 4434 variis
2766 4379 3040 4447 ponimus.
3096 4379 3189 4435 Ait
3241 4380 3429 4436 enim:
3467 4397 3486 4433 ι
3532 4380 3587 4435 In

2015 4487 2177 4526 curru
2227 4481 2419 4543 quarto
2466 4479 2623 4527 erant
2669 4471 2795 4540 equi
2853 4471 2988 4524 varii
3037 4479 3094 4527 et
3136 4472 3524 4528 multicolores.
3563 4493 3582 4525 ι

2013 4568 2198 4623 Trium
2264 4566 2530 4631 meminit,
2556 4567 2732 4636 primo
2771 4566 3071 4636 praeterito.
3099 4567 3230 4634 Quae
3261 4569 3332 4623 sit
3353 4584 3482 4638 ergo
3508 4579 3583 4623 to-

332 4660 429 4697 τυυ
452 4642 549 4714 τὴν
577 4641 774 4704 ἔξοδον.
817 4638 1138 4709 Ἀναμνήσω
1162 4635 1217 4689 δὲ
1246 4635 1334 4689 διὰ
1366 4634 1632 4707 βραχέων,
1653 4634 1728 4699 ὡς
1748 4634 1904 4705 ἔφην.

2016 4662 2121 4715 tius
2150 4658 2468 4715 oeconomiae
2497 4659 2659 4724 ratio,
2690 4672 2791 4728 age
2823 4658 3174 4714 docilioribus
3198 4673 3295 4728 pro
3325 4660 3465 4713 virili
3492 4677 3586 4714 nn-

347 4734 437 4788 Ἐν
471 4733 570 4803 μὲν
614 4731 724 4803 γὰρ
752 4729 832 4801 τῷ
866 4728 1067 4801 πρώτῳ
1118 4728 1252 4797 φησὶ
1298 4726 1540 4798 πυρροὺς
1586 4723 1728 4781 εἶναι
1780 4728 1909 4791 τοὺς

2015 4765 2123 4807 stra
2146 4751 2470 4821 aperiamus.
2491 4748 2671 4819 Equos
2702 4749 2853 4806 rufos
2881 4750 3223 4806 asseruimns
3250 4766 3371 4806 esse
3392 4768 3586 4806 cruen-

334 4824 553 4888 ῐππους.
587 4824 849 4894 Ἀρχεται
881 4821 937 4874 δὲ
978 4820 1088 4875 ἀπὸ
1126 4819 1219 4873 τοῦ
1258 4818 1530 4891 δευτέρου,
1563 4818 1656 4873 καί
1709 4835 1903 4890 φησιν’

338 4936 357 4969 ι
404 4917 489 4969 Ἑν
510 4909 554 4984 ᾧ
580 4912 719 4987 ἦσαν
751 4916 801 4968 οἱ
846 4913 1002 4967 ἵπποι
1027 4914 1076 4965 οί
1110 4911 1359 4983 μέλανες,
1389 4910 1772 4982 ἐξεπορεύοντο
1814 4913 1908 4965 ἐπὶ

331 5009 433 5080 γῆν
470 5008 661 5080 βορρᾶ,
691 5008 785 5062 καὶ
825 5008 874 5062 οἱ
920 5006 1103 5060 λευκοὶ
1147 5004 1529 5077 ἐξεπορεύοντο
1576 5004 1907 5060 κατόπισθεν

332 5101 529 5154 αὐτῶν.
560 5102 670 5154 Καὶ
693 5102 741 5154 οἱ
770 5100 1001 5154 ποικίλοι
1029 5097 1412 5169 ἐξεπορεύοντο
1439 5099 1532 5151 ἐπὶ
1553 5099 1656 5171 γῆν
1674 5097 1847 5152 νότου.
1878 5117 1896 5148 ι

333 5196 395 5247 Et
422 5194 476 5248 δὲ
507 5193 571 5264 δὴ
614 5193 954 5265 προσεπάγει
988 5193 1114 5255 τοὺς
1138 5191 1389 5261 ψαροὺς,
1423 5190 1483 5245 οὐ
1502 5190 1783 5262 τεσσάρων
1814 5192 1905 5262 άρο

335 5289 517 5359 μάτων
551 5288 999 5358 διαμεμνήσεταιο
1032 5287 1158 5349 τοὺς
1194 5284 1303 5356 7&9
1337 5284 1534 5349 αὐτοὺς
1564 5278 1703 5337 εἶναι
1743 5282 1904 5337 δεδώ-

331 5398 504 5451 καμεν
536 5384 647 5445 τοῖς
691 5381 975 5444 ποικίλοις.
1008 5399 1025 5432 ι
1073 5381 1159 5434 Ἑν
1191 5379 1301 5450 7&9
1341 5378 1419 5450 τῷ
1460 5378 1666 5450 ἅρματι
1696 5377 1774 5449 τῷ
1814 5395 1902 5431 τε-

329 5474 532 5544 τάρτῳ,
562 5473 748 5541 φησὶν,
778 5468 919 5544 ἦσαν
940 5474 1099 5527 ἵπποι
1116 5472 1351 5526 ποικίλοι
1376 5472 1469 5525 καὶ
1489 5469 1677 5542 ψαροί.
1703 5490 1721 5522 ι
1752 5470 1899 5525 Ούκ-

325 5561 422 5613 οὖν
456 5562 625 5633 τριῶν
652 5563 1040 5635 ὃιαμέμνηται,
1073 5565 1356 5635 σιωπήσας
1412 5561 1474 5617 τὸ
1530 5562 1767 5634 πρῶτον.
1805 5562 1904 5626 Τίς

327 5650 419 5704 03v
456 5655 563 5723 ἄρα
592 5654 710 5707 ἐστὶ
731 5655 828 5726 τῆς
853 5656 981 5727 ὅλης
1014 5656 1326 5727 οἰκονομίας
1353 5657 1382 5709 ὁ
1410 5655 1590 5725 λόγος,
1622 5656 1756 5726 φέρε
1791 5660 1905 5721 τοῖς

328 5746 769 5817 εὖμαθεστέροις,
803 5748 879 5813 ὠς
908 5747 1008 5814 ἔνι,
1048 5747 1316 5819 λέγωμεν.
1346 5748 1485 5811 Τοὺς
1507 5749 1751 5821 πυρροὺς
1767 5745 1905 5802 εἶναι

328 5837 775 5909 διεϐεϐαιούμεθα
806 5840 904 5911 τὴν
924 5841 1250 5912 φιλαίματον
1278 5841 1386 5896 τῶν
1410 5841 1690 5896 Χαλδαίων
1706 5841 1898 5913 ἀρχὴν,

2018 4855 2127 4898 tum
2191 4842 2573 4897 Chaldaeorum
2622 4842 2935 4912 imperium,
2982 4844 3127 4911 quod
3157 4842 3397 4897 funditus
3420 4853 3583 4896 totam

2013 4936 2251 4991 Judzeam
2295 4936 2516 4999 evertit,
2547 4944 2603 4990 et
2659 4935 2901 4990 incensis
2924 4933 3043 5002 ejus
3076 4934 3301 4990 urbibus
3326 4932 3580 4988 Isracelcm

2013 5029 2285 5097 captivum
2308 5026 2528 5082 abduxit
2556 5025 2809 5093 ;nomine
2836 5027 3138 5097 nigrorum,
3164 5025 3448 5080 Persarum
3470 5025 3583 5078 Me-

2022 5119 2324 5187 dorumque
2370 5115 2737 5170 monarcbiam
2795 5116 3122 5184 accepimus.
3177 5112 3234 5168 In
3267 5113 3401 5167 albis
3424 5128 3585 5181 pono

2011 5211 2300 5264 Alexandri
2362 5220 2416 5263 et
2451 5208 2801 5263 Macedonum
2834 5208 3121 5276 imperium
3148 5204 3580 5269 describebatur,

2007 5317 2129 5370 quze
2162 5299 2322 5354 ambo
2372 5297 2638 5353 Chaldzeae
2665 5312 2814 5351 arma
2840 5295 3157 5358 intulerunt,
3184 5308 3413 5363 eamque
3444 5294 3583 5348 bello

2009 5390 2271 5445 acerrimo
2290 5397 2643 5459 occuparunt,
2682 5389 2918 5459 primum
2947 5386 3163 5456 quidem
3197 5384 3396 5457 Cyrus,
3431 5396 3583 5455 post-

2006 5498 2067 5535 ea
2124 5481 2443 5545 Alexander,
2497 5482 2587 5546 qui
2632 5488 2688 5534 et
2765 5479 2936 5547 ipsum
2991 5477 3209 5533 Darium
3267 5477 3407 5546 cepit
3430 5479 3581 5546 juxta

2004 5570 2532 5636 lssnm,utvocatur,
2560 5572 2745 5625 urbem
2777 5570 2999 5635 Ciliciav,
3046 5569 3273 5625 inﬁnitis
3293 5568 3578 5624 Persarum

2007 5664 2240 5720 tnillibus
2289 5664 2646 5734 interemptis.
2698 5663 2862 5719 Fama
2916 5671 3018 5728 est,
3049 5678 3301 5734 magnum
3364 5662 3581 5716 ossium

2007 5770 2264 5810 acervum
2290 5754 2584 5809 excitatum
2603 5756 2670 5809 de
2691 5754 2777 5821 iis,
2800 5755 2891 5823 qui
2932 5753 3130 5809 ibidem
3160 5755 3529 5810 occubuerunt
3558 5768 3574 5817 ;

2008 5845 2236 5901 incisum
2256 5853 2340 5901 est
2366 5860 2582 5916 quoque
2612 5846 2944 5915 epitaphium
2968 5845 3019 5901 in
3049 5845 3164 5901 haec
3184 5843 3345 5901 verba
3378 5865 3389 5899 :

329 5928 364 5999 ᾗ
404 5931 495 5984 καὶ
530 5934 707 5988 πᾶσαν
746 5933 986 5989 ἐκποδὼν
1017 5933 1189 6007 ᾕρηκε
1229 5934 1327 6005 τὴν
1364 5934 1650 6001 Ἰουδαίων,
1685 5937 1900 6005 καὶτὰς
1940 5938 1998 5992 ἐν
2064 5939 2199 6007 αὐτῇ
2250 5937 2691 6010 κατεμπιπρῶσα
2731 5937 2933 6003 πόλεις,
2991 5937 3325 6004 ἀπεκόμισεν
3357 5937 3433 6001 εἰς
3483 5935 3571 5987 ai-
