4072 6370
287 448 362 508 93

1140 444 1690 503 COMMENTARIUS
1728 442 1803 501 IN.
1838 442 2247 504 ZACHARIAM
2284 447 2731 509 PROPHETAM.

3406 464 3550 524 '94

284 565 363 634 τῇ
392 562 581 637 ἡμέρᾳ
606 563 809 631 ἐκείνῃ
839 565 927 630 εἰς
952 564 1062 619 τὸν
1084 565 1253 619 οἷκον
1289 565 1513 619 Ἰωσίου
1540 563 1648 617 τοῦ
1675 566 1865 633 Σοφο-

1971 566 2160 621 nientis
2181 583 2246 621 ex
2270 567 2554 640 Babylone.
2589 570 2659 626 Et
2676 573 2901 645 accipies
2941 588 3213 648 argentum
3238 591 3286 636 et
3332 600 3546 649 aurum,

282 674 441 718 νιου,
471 655 577 711 τοῦ
615 654 871 722 ἥκοντος
898 655 967 709 ἐκ
1001 654 1379 722 Βαϐυλῶνος.
1416 655 1522 710 Kal
1553 653 1726 723 λήψῃ
1759 656 1864 724 ἁρ-

281 752 493 820 τύριον
532 748 632 802 καί
672 748 931 818 χρυσίον
954 787 970 811 ,
1023 749 1123 803 καὶ
1172 747 1448 817 ποιήσεις
1499 747 1861 816 στεφάνους,

282 842 380 892 καί
423 838 733 905 ἐπιθήσεις
765 840 865 892 ἐπὶ
904 838 1019 907 τὴν
1043 838 1324 908 κεφαλὴν
1362 838 1557 905 Ἰησοῦ
1601 839 1708 892 τοῦ
1751 838 1864 891 Ἰω-

281 933 487 998 σεδὲκ,
513 934 619 989 τοῦ
668 934 868 1001 ἱερέως
896 933 1002 987 τοῦ
1050 931 1339 1001 μεγάλου.
1371 930 1480 984 Kal
1518 928 1671 998 ἐρεῖς
1715 927 1865 997 πρὸς

281 1026 501 1077 αὐτόν’
558 1024 701 1079 Τάδε
745 1024 907 1093 λέγει
941 1026 1158 1092 Κύριος
1198 1021 1660 1091 παντοκράτωρ’
1709 1018 1863 1075 Ἰδοὺ

281 1116 460 1185 ἀνὴρ,
478 1117 759 1185 Ἀνατολὴ
800 1116 987 1186 ὄνομα
1017 1114 1197 1180 αὐτῷ,
1232 1115 1333 1169 καὶ
1355 1113 1739 1170 ὑποκάτωθεν
1761 1112 1866 1165 αὺ-

281 1211 391 1265 τοῦ
412 1210 711 1273 ἀνατελεῒ,
747 1211 842 1263 καί
886 1206 1270 1277 οἰκοδομήσει
1298 1207 1407 1260 τὸν
1431 1202 1599 1259 οἷκον
1618 1203 1862 1272 Κυρίου,

280 1303 383 1356 καὶ
432 1303 616 1368 αὐτὸς
668 1301 927 1370 λήψεται
976 1300 1217 1369 ἀρετὴν,
1263 1299 1361 1352 καὶ
1410 1297 1713 1356 καθιεῖται.
1764 1293 1865 1348 καί

280 1394 563 1462 κατάρξει
599 1394 695 1448 ἐπὶ
730 1395 837 1448 τοῦ
881 1394 1094 1461 θρόνου
1139 1390 1344 1455 αὐτοῦ,
1378 1389 1477 1443 καὶ
1523 1391 1694 1443 ἔσται
1721 1389 1752 1441 ό
1787 1390 1863 1440 ἱε-

272 1486 423 1553 ρεὺς
453 1486 522 1540 ἐκ
557 1485 770 1550 δεξιῶν
793 1484 1000 1547 αὐτοῦ,
1023 1484 1119 1535 καί
1155 1481 1359 1548 ,βουλὴ
1395 1479 1663 1549 εἰρηνικὴ
1690 1482 1861 1533 ἕσται

280 1576 591 1645 άναμέσον
617 1575 981 1645 ἀμφοτέρων.
999 1576 1061 1627 '0
1087 1573 1155 1627 δὲ
1179 1573 1481 1642 στέφανος
1507 1572 1676 1624 ἔσται
1708 1573 1859 1626 ὐποο

273 1667 553 1736 μένουσι.
584 1668 683 1721 καί
719 1666 844 1732 τοῖς
874 1666 1192 1736 χρησίμοις
1220 1664 1432 1733 αὐτῆς,
1474 1664 1572 1718 καὶ
1598 1663 1723 1731 τοῖς
1751 1665 1859 1718 ἐπ-

277 1760 610 1828 εγνωκόσιν
651 1758 864 1825 αὐτὴν,
895 1758 995 1811 καὶ
1040 1760 1127 1823 εἰς
1170 1757 1380 1826 χάριτα
1406 1755 1532 1822 τοῖς
1561 1755 1715 1822 υἱοῖς
1752 1758 1860 1811 Σο·

1970 667 2020 711 et
2045 657 2205 724 facies
2226 676 2469 725 coronas,
2488 672 2538 716 et
2571 680 2729 728 pones
2754 682 2909 734 super
2923 680 3078 737 caput
3142 670 3274 726 Iesu
3326 674 3427 740 ﬁlii
3456 677 3549 729 Joc

1969 750 2119 802 sedec
2140 753 2428 807 sacerdotis
2452 758 2647 822 magni.
2671 757 2739 811 Et
2765 760 2906 814 dices
2926 762 2997 815 ad
3032 763 3195 836 ῚοῆΙ
3218 782 3335 820 eum
3360 785 3379 824 :
3417 767 3546 823 Ηιεε

1968 840 2097 894 dicit
2132 842 2383 899 Dominus
2417 849 2777 909 omnipotens:
2809 852 2943 906 Ecce
2984 856 3084 918 vir,
3112 855 3303 911 Oriens
3357 875 3545 914 nomen

1969 935 2090 1000 ipsi,
2116 945 2165 988 et
2191 936 2366 991 subter
2394 955 2509 992 eum
2528 944 2741 1004 orietur,
2767 953 2817 997 et
2853 947 3135 1014 (ediﬁcabit
3198 952 3407 1004 domum
3436 952 3546 1005 Do-

1972 1028 2121 1083 mini.
2154 1028 2219 1082 Et
2253 1035 2361 1099 ipse
2393 1033 2609 1099 accipiet
2636 1037 2898 1105 virtutem,
2925 1052 2970 1092 et
2996 1041 3211 1107 sedebit,
3233 1052 3283 1096 et
3310 1044 3542 1103 impera-

1972 1120 2063 1184 bit,
2087 1136 2242 1184 super
2264 1123 2447 1177 throno
2485 1142 2598 1185 suo.
2628 1138 2674 1179 et
2708 1129 2807 1181 erit
2825 1131 3071 1184 sacerdos
3107 1148 3139 1185 a
3184 1133 3380 1186 dextris
3405 1134 3541 1204 ejus,

1969 1220 2014 1264 et
2038 1212 2311 1266 consilium
2338 1216 2618 1283 paciﬁcum
2649 1221 2747 1273 erit
2766 1220 2900 1275 inter
2927 1233 3222 1291 utrumque.
3252 1224 3317 1277 At
3351 1242 3544 1279 corona

1969 1302 2066 1354 erit
2093 1306 2531 1368 exspectantibus,
2557 1319 2604 1362 et
2634 1311 2849 1364 utilibus
2878 1312 3013 1381 ejus,
3046 1324 3095 1367 et
3130 1314 3209 1367 itis
3231 1317 3316 1385 qui
3347 1332 3541 1385 cogno-

1969 1403 2153 1448 uerunt
2175 1413 2312 1459 eam,
2342 1409 2392 1450 et
2425 1400 2479 1452 in
2498 1403 2723 1470 gratiam
2748 1404 2880 1466 ﬁliis
2915 1404 3217 1471 Sophoniw,
3242 1418 3287 1461 et
3317 1409 3369 1461 in
3395 1407 3541 1474 psal—

1969 1499 2111 1536 mum
2134 1486 2186 1539 in
2202 1487 2355 1541 domo
2374 1489 2605 1545 Domini.
2645 1490 2712 1545 Et
2739 1494 2830 1563 qui
2856 1494 3008 1564 longe
3039 1496 3103 1549 ab
3130 1497 3205 1550 eis
3244 1497 3469 1561 venient,
3493 1504 3544 1550 et

1969 1575 2305 1642 trdiﬁcabunt
2326 1579 2381 1632 in
2410 1580 2570 1635 domo
2602 1580 2839 1648 Domini,
2860 1595 2906 1638 et
2931 1585 3105 1639 scietis
3134 1586 3259 1655 quia
3286 1585 3542 1642 Dominus

1967 1668 2288 1734 omnipotens
2351 1672 2496 1725 misit
2545 1690 2624 1728 me
2662 1676 2732 1729 ad
2795 1692 2907 1731 vos.
2966 1676 3033 1732 Et
3052 1678 3172 1744 erit,
3202 1678 3249 1734 si
3271 1680 3543 1737 audientes

1966 1759 2240 1815 audieritis
2259 1778 2432 1818 vorem
2461 1764 2677 1820 Domini
2710 1767 2806 1822 Dei
2830 1770 3005 1824 vestri.

275 1850 519 1920 φονίου,
555 1849 651 1902 καί
685 1850 772 1914 εἱς
800 1848 1049 1917 ψαλμὸν
1074 1848 1144 1901 ἐν
1176 1849 1322 1913 οἱκῳ
1350 1848 1597 1916 Κυρίου.
1636 1846 1747 1901 Kal
1781 1848 1838 1900 οἰ
1898 1849 2142 1916 μακρὰν
2178 1852 2280 1907 ἀπ’
2304 1853 2504 1910 αὐτῶν
2530 1856 2776 1924 ἥξουσι,
2810 1859 2913 1914 καὶ
2944 1860 3454 1932 οἰκοδομήσωσιν
3471 1864 3542 1919 ἐν

276 1942 360 2008 τῷ
408 1942 553 2007 οἴκῳ
597 1942 841 2009 Κυρίου,
894 1941 994 1994 καί
1055 1938 1363 2009 γνώσεσθε
1388 1979 1405 2005 ,
1455 1939 1604 1993 διότι
1650 1939 1865 2005 Κύριος
1901 1943 2325 2015 παντοκράτωρ
2344 1946 2695 2004 ἁπέσταλκέ
2711 1966 2790 2020 με
2845 1952 2995 2019 πρὸς
3019 1953 3191 2023 ὑμᾶς.
3218 1955 3327 2009 Καὶ
3367 1955 3543 2011 ἔσται

273 2040 386 2093 ἐὰν
402 2039 822 2104 εἰσακούοντες
843 2039 1246 2105 εἱσακούσητε
1274 2037 1384 2105 τῆς
1406 2034 1609 2106 φωνῆς
1633 2036 1852 2103 Κυρίου
1885 2037 1993 2092 τοῦ
2034 2039 2186 2094 Θεοῦ
2217 2042 2406 2111 ὑμῶν.

346 2130 468 2186 AI".
520 2132 579 2185 '0
615 2132 771 2200 λόγος
802 2127 869 2203 ἦν
898 2130 975 2202 τῷ
1000 2130 1120 2202 Θεῷ
1144 2131 1282 2201 πρὸς
1300 2132 1390 2184 τὸν
1425 2131 1692 2203 μακάριον
1716 2147 1851 2200 προ-

2024 2133 2263 2188 ΧΧΧΙΙΙ.
2303 2136 2693 2206 Alloquebatur
2750 2137 2893 2195 Dens
2943 2140 3161 2194 beatum
3215 2142 3537 2211 prophetam

274 2224 454 2294 φήτην
500 2224 795 2293 Ζαχαρίαν,
826 2224 945 2295 ἤτοι
993 2224 1061 2277 δι’
1088 2222 1255 2277 αὐτοῦ
1305 2223 1442 2296 πρὸς
1489 2223 1695 2285 πάντας
1728 2222 1857 2293 περὶ

271 2312 369 2366 τοῦ
398 2312 722 2384 Ζοροϐάϐελ,
750 2313 809 2376 ὃς
836 2309 903 2384 ἦν
941 2314 1039 2385 μὲν
1067 2316 1131 2368 ὲκ
1157 2315 1328 2387 φυλῆς
1356 2314 1450 2367 τοῦ
1480 2315 1673 2379 Ἰούδα,
1720 2313 1857 2368 καθ-

269 2407 462 2473 ηγεῖτο
487 2404 545 2458 δὲ
573 2403 683 2457 τῶν
729 2404 788 2472 ἐξ
819 2405 1055 2477 Ἰσραὴλ,
1085 2406 1355 2476 καλούσης
1394 2406 1555 2459 αὐτὸν
1591 2409 1672 2470 εἰς
1699 2405 1857 2460 τοῦτο

268 2498 371 2566 τῆς
414 2495 800 2567 βασιλευούσης
846 2496 1036 2568 φυλῆς.
1074 2497 1208 2551 Τίνα
1235 2498 1292 2551 δὲ
1324 2493 1392 2569 ἦν
1421 2497 1488 2551 τά
1522 2498 1649 2569 περὶ
1689 2497 1854 2551 αὐτοῦ

269 2588 540 2659 λεγόμενα
591 2587 742 2658 παρά
790 2587 946 2651 Θεοῦ,
988 2592 1479 2661 προαναμνήσομεν
1520 2591 1851 2658 ἀναγκαίως.

274 2680 424 2747 Ἔφη
472 2679 687 2732 τοίνυν·
737 2696 755 2730 ι
786 2680 850 2732 Αἱ
905 2682 1087 2750 χεῖρες
1134 2680 1439 2751 Ζοροϐάϐελ
1489 2682 1877 2753 ὲθεμελὶωσαν·

267 2771 361 2823 τὸν
388 2766 536 2823 οἷκον
560 2769 767 2836 τοῦτον,
795 2772 889 2825 καὶ
933 2772 989 2824 αἱ
1030 2774 1208 2842 χεῖρες
1246 2773 1411 2826 αὐτοῦ
1450 2774 1853 2828 ἐπιτελέσουσιν

268 2862 455 2917 αὐτόν.
490 2882 507 2913 ι
531 2862 669 2915 Ἀλλ’
696 2858 766 2933 ἦν
800 2863 896 2916 σὺν
925 2862 1073 2934 αὐτῷ
1101 2864 1179 2935 τῷ
1208 2865 1543 2935 θεμελιοῦντι
1568 2866 1659 2920 τὸν
1682 2863 1849 2930 οἷκον,

269 2953 367 3007 καὶ
398 2952 504 3023 μὴν
544 2953 638 3006 καὶ
670 2953 1088 3023 ἀποπεραίνοντι
1122 2956 1217 3008 καὶ
1243 2954 1452 3027 Ἰησοῦς
1479 2957 1509 3009 δ
1546 2956 1640 3009 τοῦ
1675 2956 1852 3010 Ἰωσε-

267 3047 364 3099 δὲκ
393 3048 421 3098 ὁ
459 3047 634 3115 ἱερεὺς
666 3047 694 3098 ὁ
721 3045 910 3114 μέγας.
943 3046 1209 3119 Ταύτῃτοι
1258 3049 1623 3120 προστέταχεν
1668 3051 1696 3103 ὁ
1741 3049 1849 3103 τῶν

266 3133 407 3185 ὅλων
435 3132 565 3194 Θεὸς
600 3131 678 3202 τῷ
724 3133 997 3205 Θεσπεσίῳ
1037 3137 1290 3208 προφήτῃ
1316 3137 1384 3191 τά
1430 3139 1494 3192 ἐκ
1542 3140 1642 3210 τῆς
1682 3142 1849 3210 αἰχμ-

265 3223 504 3286 αλωσίας
527 3222 709 3277 λαϐεῖν
737 3225 891 3295 παρά
926 3224 1036 3278 τῶν
1065 3228 1360 3297 ἀρχόντων,
1393 3229 1488 3283 καὶ
1536 3230 1690 3302 παρά
1738 3230 1848 3283 τῶν

264 3314 553 3385 χρησίμων
579 3316 770 3386 αὑτῆς,
808 3315 902 3369 καὶ
928 3318 1081 3389 παρά
1106 3318 1212 3373 τῶν
1241 3320 1630 3390 ἐπεγνωκότων
1655 3323 1844 3393 αὐτήν.

264 3411 426 3473 Τίνες
452 3409 497 3463 δ’
525 3410 590 3463 ἂν
622 3408 732 3464 εἶεν
763 3404 927 3478 οὗτοι,
963 3415 1091 3466 ποῖα
1117 3412 1175 3466 δὲ
1218 3414 1311 3468 καὶ
1340 3414 1409 3468 τά
1456 3417 1519 3469 ἐκ
1551 3415 1651 3487 τῆς
1682 3416 1847 3487 αἰχμ-

1962 2222 2302 2291 Zachariam,
2331 2226 2446 2280 sive
2476 2242 2573 2297 per
2598 2228 2774 2298 ipsum
2809 2244 3000 2284 omnes
3033 2231 3237 2285 amicos
3296 2230 3537 2285 Zoroba-

1959 2314 2065 2380 hel,
2094 2318 2351 2387 principis
2403 2317 2589 2383 Israel,
2652 2322 2793 2376 tribu
2847 2322 3018 2395 regia,
3053 2323 3196 2377 unde
3236 2324 3535 2393 prodierat,

1960 2406 2108 2461 illum
2151 2411 2217 2463 ad
2275 2425 2501 2478 regnum
2553 2421 2803 2467 vocante.
2858 2413 2996 2481 Quid
3073 2426 3254 2471 autem
3310 2418 3375 2471 de
3421 2417 3538 2487 ipso

1957 2496 2158 2551 dictum
2190 2497 2262 2553 sit
2295 2513 2324 2552 a
2353 2498 2483 2564 Deo,
2510 2500 2660 2568 prius
2682 2516 2710 2553 a
2742 2516 2832 2555 me
2859 2504 3277 2558 commemorari
3308 2520 3537 2561 necesse

1956 2597 2059 2642 eat.
2090 2588 2181 2642 Ait
2214 2605 2344 2655 ergo
2372 2607 2386 2644 :
2423 2608 2441 2642 ι
2475 2589 2664 2647 Manus
2685 2592 2983 2649 Zorobabel
3003 2595 3294 2649 fundarunt
3315 2596 3535 2651 domum

1954 2677 2114 2744 hanc,
2139 2687 2194 2733 et
2214 2695 2401 2734 manus
2431 2679 2545 2749 ejus
2571 2684 2852 2751 perﬁcient
2907 2697 3026 2763 eam
3064 2683 3131 2737 ⁷⁸.
3181 2703 3201 2736 ι
3257 2684 3362 2740 Sed
3417 2684 3538 2740 fun-

1955 2770 2103 2825 danti
2140 2772 2381 2838 domum,
2431 2783 2596 2841 atque
2620 2775 2786 2828 etiam
2863 2776 3189 2845 perﬁcienti,
3232 2776 3414 2832 socius
3480 2786 3538 2832 et

1953 2862 2166 2930 adjutor
2194 2862 2487 2920 eratJesus
2524 2865 2666 2920 lilius
2694 2863 2923 2922 Josedec
2973 2868 3229 2923 sacerdos
3278 2884 3531 2940 magnus.

1953 2953 2215 3020 Quocirca
2241 2958 2491 3026 praecepit
2518 2958 2891 3013 universorum
2958 2958 3099 3015 Deus
3156 2970 3345 3017 sancto
3403 2977 3533 3032 pro-

1952 3046 2146 3114 phetae,
2175 3048 2333 3101 allata
2356 3049 2423 3104 de
2473 3050 2788 3120 captivitate
2832 3052 3081 3121 accipere
3113 3069 3141 3105 a
3170 3052 3530 3123 principibus.

1951 3148 2005 3191 et
2030 3138 2096 3191 ab
2118 3140 2338 3194 utilibus
2370 3140 2507 3211 ejus,
2545 3150 2600 3197 et
2640 3144 2709 3198 ab
2741 3143 2826 3198 his
2855 3145 2946 3214 qui
2980 3156 3348 3215 cognoverunt
3385 3159 3528 3202 eam.

1951 3230 2179 3298 Quinam
2203 3232 2289 3286 isti
2330 3232 2557 3301 fuerint,
2586 3244 2643 3290 et
2676 3251 2796 3305 qua:
2829 3237 2939 3291 sint
2972 3237 3060 3293 illa
3100 3240 3167 3291 de
3192 3237 3529 3307 captivitate,

1948 3325 2231 3380 commode
2261 3339 2545 3394 exponam.
2571 3324 2826 3382 Israelita:
2864 3344 2895 3384 e
2945 3328 3220 3399 Babylone
3254 3330 3532 3386 redierunt

1956 3433 2059 3471 non
2109 3417 2343 3484 confusi,
2368 3435 2468 3474 nec
2496 3421 2762 3490 permisti,
2798 3421 2891 3476 sed
2919 3423 3228 3492 agminibus
3261 3424 3531 3493 composi—

263 3503 525 3568 αλωσίας,
561 3505 920 3576 ἀφηγήσομαι
951 3504 1244 3575 χρειωδῶς.
1280 3506 1739 3577 Ἀνεκομίσθησαν
1781 3508 1846 3561 ἐκ

1956 3512 2045 3577 tis,
2080 3521 2130 3566 et
2153 3512 2362 3578 ordine,
2411 3514 2705 3567 secundum
2737 3528 2935 3581 genera
2984 3524 3036 3569 et
3088 3515 3279 3580 tribus,
3323 3517 3530 3570 antesi-

263 3596 365 3665 τῆς
394 3596 711 3660 Βαϐυλῶνος
748 3598 799 3650 οἱ
842 3596 902 3660 ὲξ
930 3598 1165 3669 Ἰσραὴλ,
1197 3599 1256 3651 ού
1284 3599 1470 3670 χύδην,
1503 3600 1535 3672 ἡ
1563 3601 1847 3672 πεφυρμέ-

262 3705 391 3750 νως,
425 3687 538 3741 ἀλλ’
559 3689 615 3740 ὲν
639 3688 828 3759 κόσμῳ
851 3706 911 3741 τε
934 3690 1027 3742 καὶ
1055 3689 1225 3757 τάξει,
1256 3691 1396 3745 κατά
1429 3692 1559 3761 γένη
1591 3693 1683 3746 καὶ
1705 3693 1847 3746 κατὰ

263 3778 460 3846 φυλάς,
502 3780 961 3849 προεκκειμένους
1007 3780 1223 3851 ἔχοντες
1267 3783 1362 3836 καὶ
1400 3782 1734 3854 καθηγητὰς,
1770 3784 1847 3848 ὡς

263 3869 325 3919 ὲν
354 3867 433 3937 τῷ
463 3868 665 3939 Ἐσδρᾳ
691 3868 1020 3939 γέγραπται.
1040 3871 1254 3943 Ἐπειδὴ
1282 3871 1337 3925 δὲ
1363 3873 1622 3941 ἀφίκοντο
1658 3874 1845 3927 λοιπὸν

265 3959 349 4021 εἰς
394 3958 761 4027 Ἱεροσόλυμα,
787 3958 923 4011 Θεοῦ
949 3959 1039 4011 τὸν
1081 3960 1207 4014 ναδν
1257 3961 1489 4033 ἐγείρειν
1524 3963 1843 4032 ἐπαναγκά-

266 4044 473 4111 ζοντος,
521 4047 753 4115 ἔστησαν
791 4049 850 4102 τὺ
894 4038 1315 4119 γαζοφυλάκῖον,
1347 4053 1433 4105 ἵνα
1467 4054 1559 4106 καὶ
1597 4054 1844 4124 άθροισις

264 4142 475 4207 γένοιτο
517 4142 813 4211 χρημάτων
857 4144 936 4205 εἰς
984 4142 1081 4214 τὴν
1124 4143 1234 4196 τῶν
1275 4144 1450 4213 ἔργων
1476 4148 1839 4218 κατασκευὴν,

266 4230 363 4282 καὶ
395 4230 473 4293 εἰς
498 4231 595 4294 τὰς
616 4232 725 4283 τῶν
752 4232 939 4303 ἱερέων
974 4233 1185 4297 στολάς,
1220 4235 1312 4288 καὶ
1340 4237 1420 4299 εἰς
1449 4238 1548 4299 τάς
1575 4239 1841 4309 τεταγμέ-

264 4337 362 4382 νας
398 4320 578 4384 αὐτοῖς
607 4322 748 4374 κατὰ
783 4322 944 4391 νόμον
968 4323 1177 4387 θυσίας·
1207 4325 1463 4380 τέτακται
1483 4328 1542 4381 δὲ
1568 4329 1678 4381 τῶν
1706 4347 1844 4401 χρη-

264 4415 450 4481 μάτων
488 4414 935 4482 ταμίας,Ἰωσίας
969 4417 1081 4480 υίὸς
1111 4419 1385 4486 Σοφονίου.
1418 4421 1753 4493 Προστάττει
1776 4424 1841 4495 δὴ

258 4499 353 4556 οὖν
397 4506 426 4557 ὁ
467 4506 575 4557 τῶν
625 4506 762 4559 ὅλων
808 4507 959 4571 Θεὸς,
1001 4510 1107 4562 ἀπὸ
1144 4510 1252 4563 τῶν
1284 4517 1840 4587 προσκεκομισμένων

260 4596 415 4666 παρά
440 4596 548 4647 τῶν
572 4597 844 4667 ἀρχόντων
873 4600 971 4668 τῆς
1000 4602 1394 4672 αἰχμαλωσίας,
1418 4605 1453 4660 ἀ
1486 4608 1579 4660 καὶ
1609 4604 1677 4680 ἦν
1700 4610 1839 4664 ἁπό-

260 4685 391 4738 θετα
427 4686 576 4757 παρὰ
609 4687 687 4757 τῷ
717 4688 921 4760 Ἰωσίᾳ,
950 4693 1173 4762 χρυσίον
1206 4696 1301 4749 καὶ
1344 4697 1605 4767 ἀργύριον
1630 4700 1834 4767 λαϐεῖν,

259 4775 379 4831 εἶτα
411 4781 818 4834 κατασκευάσαι
869 4784 1186 4852 στεφάνους,
1216 4789 1485 4845 ἐπιθεῖναί
1532 4810 1592 4845 τε
1639 4795 1837 4859 αὐτοὺς

1952 4820 2080 4863 mea
2107 4804 2272 4858 editio
2324 4818 2455 4860 voce
2502 4805 2761 4875 germinis
2817 4806 3105 4874 expressit.
3145 4824 3165 4859 ι
3221 4807 3284 4861 Ει
3332 4809 3520 4863 subter
3634 4810 3637 4815 ’

258 4869 353 4920 ἐπὶ
377 4868 475 4941 τὴν
509 4871 753 4942 κεφαλὴν
783 4875 960 4945 Ἰησοῦ
987 4877 1081 4930 τού
1104 4879 1371 4941 Ἰωσεδὲκ,
1398 4880 1491 4935 τοῦ
1526 4883 1717 4955 ἱερέως
1739 4886 1832 4940 τοῦ

261 4960 520 5029 μεγάλου,
559 4963 723 5030 φάναι
752 4981 810 5017 τε
839 4966 986 5037 αύτῷ
1030 4970 1156 5039 περὶ
1181 4970 1278 5025 τοῦ
1308 4974 1630 5044 Ζοροϐάϐελ·
1661 4996 1679 5027 ι
1704 4978 1833 5034 Ἰδοὺ

256 5052 693 5126 ἀνὴρ.Ἀνατολὴ
743 5057 911 5127 ὄνομα
954 5061 1120 5132 αύτῷ.
1153 5082 1172 5113 ι
1213 5064 1286 5117 Τὸ
1317 5065 1374 5117 δὲ
1411 5067 1677 5136 ἀνατολὴ
1726 5069 1834 5123 τῶν

270 5144 535 5215 Ἐϐραίων
585 5149 619 5219 ἡ
664 5148 875 5213 ἔκδυσις
922 5150 1000 5222 τῷ
1052 5154 1147 5207 τοῦ
1197 5155 1578 5229 βλαστήματος
1608 5161 1833 5231 ὀνόματι

260 5239 628 5309 κατεσήμηνε.
682 5259 701 5292 ι
733 5244 841 5295 Καὶ
887 5244 1237 5301 ὑποκάτωθεν
1287 5251 1452 5304 αὐτοῦ
1495 5252 1773 5320 ἁνατελεί,
1806 5275 1825 5307 ι

256 5330 563 5392 τουτέστιν,
598 5333 664 5386 ὲκ
697 5336 795 5405 τῆς
826 5336 991 5390 αὐτοῦ
1025 5338 1182 5411 ῥίζης
1218 5342 1504 5413 ἀναφύσει.
1541 5364 1559 5396 ι
1590 5346 1833 5416 Λήψεται

256 5421 312 5474 δὲ
361 5425 456 5476 καὶ
484 5423 707 5496 ἀρετὴν,
743 5447 762 5480 ι
794 5430 1091 5498 τουτέστιν,
1126 5433 1485 5506 εὐπρέπειαν,
1510 5438 1628 5509 ἦτοι
1652 5439 1829 5504 δόξαν·

255 5514 586 5570 ἐπιδεδώκασι
634 5518 743 5589 γάρ
785 5519 959 5585 οὕτως
1005 5525 1053 5576 οἱ
1098 5525 1275 5597 ἕτεροι
1318 5527 1427 5581 τῶν
1459 5531 1831 5603 ἑρμηνευτῶν.

255 5607 572 5675 Προσετίθει
618 5610 675 5663 δὲ
720 5611 950 5679 τούτοις,
992 5613 1069 5679 ὡς
1112 5616 1279 5687 ἄμφω
1327 5620 1445 5690 μὲν,
1492 5622 1696 5691 Ἰησοῦς
1742 5626 1837 5678 καὶ

254 5701 580 5772 Ζοροϐάϐελ,
630 5705 724 5757 ἐπὶ
776 5705 866 5760 τὸν
914 5708 1078 5763 αὐτὸν
1123 5712 1472 5770 καθεδοῦνται
1522 5716 1730 5788 θρόνον,
1762 5720 1837 5784 ὡς

326 5876 371 5909 ⁷⁸
410 5876 636 5935 Zat'ltar.
670 5897 739 5948 ιν,
780 5885 834 5939 9.
910 5886 954 5917 "
998 5886 1189 5944 lEsdr.
1234 5906 1308 5957 XI,
1356 5891 1436 5946 l‘i.

1949 3619 2155 3672 gnanos
2193 3615 2248 3658 et
2276 3607 2439 3659 duces
2481 3605 2766 3671 habentes,
2805 3614 2863 3660 ut
2912 3606 2964 3660 in
3012 3607 3180 3662 Esdra
3200 3607 3426 3675 legimus
3453 3607 3527 3664 ".

1946 3693 2236 3764 Postquam
2274 3696 2439 3766 igitur
2461 3698 2573 3767 jam
2626 3698 3053 3770 Hierosolymam
3104 3711 3387 3767 venerunt,
3420 3701 3529 3757 Deo

1945 3788 2358 3844 aediﬁcationem
2395 3789 2575 3857 templi
2615 3800 2863 3859 urgente,
2894 3792 3342 3863 gazophylacium
3397 3809 3523 3848 cum

1945 3879 2012 3933 ad
2048 3880 2327 3949 pecuniam
2360 3895 2456 3949 pro
2486 3897 2651 3951 opere
2681 3883 3038 3947 conficiendo,
3099 3896 3209 3938 tum
3255 3885 3321 3939 ad
3347 3896 3526 3942 vestes

1945 3972 2310 4027 sacerdotales
2338 3983 2393 4025 et
2425 3973 2492 4027 ad
2538 3975 2807 4029 sacriﬁcia
2847 3975 2961 4042 lege
3019 3977 3333 4046 praescripta
3374 3979 3527 4033 colli-

1945 4064 2171 4134 gendam
2212 4063 2356 4119 Josia
2385 4064 2674 4135 Sophuniaa
2702 4066 2811 4119 lilio
2850 4077 3118 4137 quasttrre
3153 4085 3216 4123 ac
3240 4071 3525 4138 dispensa-

1948 4168 2062 4213 tore
2092 4158 2345 4227 prasl‘ecto
2405 4159 2775 4214 instituerunt.
2815 4159 3036 4215 Mandat
3086 4162 3267 4232 itaque
3306 4164 3525 4220 univer-

1944 4265 2125 4305 sorum
2161 4250 2301 4305 Deus
2340 4250 2407 4305 de
2442 4252 2525 4305 his
2576 4266 2698 4320 qua:
2749 4267 2779 4306 e
2808 4252 3119 4320 captivitate
3152 4268 3337 4308 secum
3373 4264 3520 4310 attu-

1944 4342 2116 4398 lerant
2150 4343 2440 4410 principes,
2470 4358 2698 4413 quaeque
2718 4347 2861 4412 apud
2889 4343 3101 4399 Josiam
3123 4346 3367 4415 deposita
3402 4363 3521 4402 ma-

1943 4434 2161 4503 nebant,
2201 4452 2392 4490 aurum
2427 4449 2818 4506 argentumque
2848 4437 3018 4506 accipi
3065 4452 3079 4491 :
3120 4438 3313 4493 deinde
3338 4440 3520 4509 parari

1941 4544 2194 4593 coronas,
2220 4544 2422 4599 easque
2452 4529 2503 4583 in
2531 4527 2838 4597 caputJesu
2872 4529 2964 4583 ﬁlii
2994 4528 3222 4585 Josedec
3265 4533 3522 4586 sacerdo-

1942 4622 2010 4676 tis
2049 4622 2226 4688 magni
2266 4621 2490 4687 imponi,
2528 4621 2739 4691 dicique
2757 4621 2833 4676 illi
2869 4622 2934 4676 de
2989 4621 3285 4679 Zorobabel
3314 4641 3329 4677 ι
3358 4624 3520 4696 705

1945 4732 1964 4765 ι
2001 4713 2138 4767 Ecce
2164 4712 2278 4777 vir,
2313 4711 2505 4767 Oriens
2543 4727 2735 4767 nomen
2771 4713 2906 4781 ejus.
2944 4712 3141 4769 Vocem
3179 4717 3373 4781 oriens,
3411 4716 3519 4772 He-

1939 4914 2059 4953 eum
2091 4897 2388 4962 exorietur,
2416 4914 2435 4947 r
2481 4896 2581 4951 hoc
2611 4905 2717 4961 est,
2745 4905 2805 4950 ut
2857 4913 2920 4951 ex
2963 4895 3079 4965 ejus
3111 4898 3290 4954 radice
3315 4901 3518 4970 germi-

1940 4990 2111 5046 nabit.
2158 5006 2176 5040 ι
2197 4988 2439 5056 Accipiet
2471 4999 2651 5043 autem
2681 4988 2964 5054 virtutem,
2994 5008 3013 5041 ι
3074 4990 3177 5044 hoc
3223 5000 3326 5055 est,
3360 4990 3519 5045 deco-

1942 5098 2079 5148 rem,
2110 5080 2224 5135 sive
2246 5080 2492 5151 gloriam,
2520 5079 2791 5148 quomodo
2817 5079 2905 5133 alii
2959 5080 3284 5150 interpretes
3329 5080 3516 5136 edide-

1939 5183 2083 5229 runt.
2114 5173 2322 5243 Adjecit
2348 5174 2451 5238 bis,
2475 5175 2685 5239 ambos,
2712 5171 2895 5229 Jesum
2920 5183 2975 5228 et
3001 5173 3323 5237 Zornl-abel,
3350 5189 3515 5244 super

1938 5266 2126 5321 eodem
2160 5265 2295 5321 solio
2320 5280 2587 5330 sessuros,
2609 5274 2666 5319 ut
2688 5280 2973 5321 commune
2993 5266 3064 5320 sit
3103 5280 3327 5335 regnum
3349 5267 3512 5321 etiam

1935 5356 2294 5415 sacerdotium
2330 5357 2663 5427 procuranti,
2690 5366 2745 5410 et
2774 5357 3008 5427 dignitas
3023 5357 3312 5411 sacerdotii
3349 5357 3514 5413 etiam

1935 5466 2057 5505 cum
2089 5458 2346 5519 regnante
2367 5450 2830 5515 communicetur;
2863 5449 3208 5519 luturamque
3229 5449 3512 5505 amborum

1937 5557 2096 5594 unam
2128 5539 2410 5608 paciﬁcam
2445 5548 2502 5595 et
2539 5540 2968 5594 consentientem
3020 5536 3372 5604 voluntatem.
3454 5550 3513 5595 nt

1937 5632 1990 5685 in
2034 5630 2176 5687 nullo
2206 5646 2427 5701 prorsus
2456 5631 2767 5701 discrepare
2791 5629 3095 5688 videantur.
3125 5629 3324 5687 Deinde
3357 5629 3513 5703 jubet

1938 5740 2166 5781 coronas
2198 5724 2337 5790 ﬁeri,
2366 5723 2707 5796 splendidum
2736 5724 3044 5792 donarium,
3068 5724 3209 5796 quod
3254 5723 3514 5781 oﬂ’eratur
