4072 6370
535 466 609 523 93
1528 464 1587 519 5.
1629 461 1905 520 CYRILLI
1950 463 2422 521 ALEXANDRINI
2464 464 2784 521 ARCIIIEP.
3731 468 3807 526 96

538 588 647 643 lico
681 584 732 640 in
753 586 913 641 domo
941 583 1079 654 ejus,
1135 582 1366 656 gratiam
1426 586 1745 654 concilians,
1780 598 1835 643 et
1887 588 2116 658 gloriam

2225 583 2359 640 εἶναι
2394 587 2569 640 κοινὸν
2614 588 2675 640 το
2719 587 2820 658 τῆς
2872 585 3145 655 βασιλείας
3189 586 3284 639 καὶ
3325 586 3407 657 τῷ
3438 590 3578 657 μετά
3615 591 3805 660 χεῖρας

540 677 756 746 pariens
772 675 1142 741 offerentibus,
1173 673 1354 740 Josire,
1380 676 1636 747 :inqnam,
1684 687 1740 733 et
1781 680 2118 748 captivitatis

541 769 784 835 utilibus,
817 778 871 824 et
901 769 1231 837 principibus
1283 770 1420 839 ejus.
1476 770 1721 826 Dedicari
1767 780 1947 826 autem
2001 788 2111 825 non

543 859 740 912 frustra
771 877 784 913 :
816 861 908 917 sed
942 870 999 914 nt
1037 862 1350 917 cantoribus
1378 863 1587 931 templi,
1622 873 1678 918 et
1725 865 1900 920 sacris
1929 866 2118 935 psaltis

540 952 791 1004 rantandi
823 962 1196 1020 argumentum
1224 952 1315 1007 sit.
1365 952 1538 1019 Tunc,
1571 953 1811 1024 inquam,
1840 974 1860 1006 ‹
1927 965 1982 1009 et
2026 957 2115 1025 qui

543 1034 700 1107 longe
749 1041 813 1095 ab
843 1040 965 1106 illis,
1007 1060 1026 1094 ι
1052 1041 1153 1097 hoc
1200 1052 1304 1107 est,
1351 1044 1442 1112 qui
1480 1046 1546 1099 de
1597 1044 1714 1101 aliis
1746 1044 1993 1113 gentibus
2023 1062 2117 1102 ve-

543 1132 714 1195 nient,
748 1141 801 1185 et
827 1134 1129 1188 adorabunt
1164 1134 1470 1190 Dominum.
1497 1135 1769 1193 Eventura
1797 1148 1979 1193 autent
2015 1140 2115 1194 ista

540 1222 791 1283 allii-mat.
814 1226 855 1280 si
894 1226 1062 1280 velint
1089 1227 1409 1283 ubedientia:
1428 1238 1745 1285 ornamento
1795 1245 1856 1285 se
1888 1246 2116 1285 venera-

542 1313 677 1370 biles
710 1316 956 1381 reddere,
987 1327 1042 1372 et
1080 1318 1269 1373 audire
1295 1335 1480 1375 vocem
1510 1322 1716 1376 Domini
1756 1322 1874 1377 Dei.
1907 1323 2115 1377 Actum

543 1406 778 1468 demum,
840 1409 926 1462 ubi
1010 1411 1370 1479 praenuntiata
1434 1413 1616 1469 exitus
1660 1417 2115 1484 cotnprobaverit,

542 1495 684 1550 haud
719 1497 878 1553 dubie
894 1501 1206 1571 cognituros
1240 1504 1557 1573 prophetam
1596 1504 1822 1559 missum
1878 1520 2002 1561 esse
2060 1513 2119 1559 ut

541 1587 636 1643 Dei
663 1589 988 1647 Volunlalettt
1030 1594 1161 1664 ipsis
1210 1598 1467 1666 aperiret,
1508 1613 1613 1653 non
1674 1607 1851 1653 autem
1908 1608 1965 1652 ut
2022 1613 2120 1668 pro

539 1698 695 1739 more
755 1687 1109 1752 quorumdam
1171 1689 1542 1745 mentientium
1583 1692 1763 1747 cordis
1817 1692 1899 1745 sui
1957 1706 2115 1746 sensa

542 1771 870 1840 IUlll'el'e'lﬂ‘.
908 1791 1069 1831 verax
1096 1780 1294 1847 potius,
1322 1796 1420 1835 nec
1451 1780 1703 1835 falsitatis
1731 1782 1971 1837 nuntius.
1992 1780 2118 1837 Πίου

541 1864 796 1918 facillima
835 1876 888 1921 et
941 1869 1097 1923 obvia
1154 1880 1239 1926 est
1286 1872 1529 1929 historiae
1555 1874 1867 1941 explicatio.

2218 679 2393 750 ἔχοντι
2442 679 2540 749 τὴν
2584 677 2918 747 ἱερουργίαν,
2944 676 3006 729 τό
3049 693 3112 745 γε
3160 677 3270 749 μὴν
3321 676 3416 729 τοῦ
3468 677 3657 747 ἱερέως
3706 681 3805 731 καὶ

2219 771 2367 842 αύτῷ
2410 769 2765 840 προσκεῖσθαι
2797 768 2875 839 τῷ
2916 768 3284 839 βασιλεύοντιο
3316 769 3469 823 ἔσται
3501 770 3561 824 δὲ
3601 772 3806 839 ἀμςοῖν

2218 864 2314 916 καὶ
2359 862 2606 932 βούλημα
2649 861 2948 932 εἰρηνικὸν,
2976 861 3051 924 ὡς
3082 860 3226 914 κατά
3269 878 3325 914 τι
3375 860 3505 929 γοῦν
3550 861 3685 923 ὅλως
3726 860 3805 931 μὴ

2218 952 2792 1025 ἑτερογνωμονοῦντας
2849 951 3103 1023 ὁρᾶσθαι.
3153 948 3285 1007 Εἶτα
3330 952 3456 1015 τοὺς
3509 954 3806 1021 στεφάνους

2217 1046 2470 1117 λαμπρὸν
2521 1046 2768 1114 γίνεσθαι
2819 1044 3185 1117 προστέταχεν
3236 1045 3516 1115 ἀνάθημα,
3562 1044 3641 1115 τῷ
3684 1043 3807 1115 Θεῷ

2218 1137 2701 1209 είσκεκομισμένον
2750 1139 2830 1202 είς
2879 1137 2971 1191 τὸν
3010 1133 3160 1192 οἷκον
3202 1135 3392 1201 αὐτοῦ,
3423 1136 3564 1190 ὥστε
3602 1137 3695 1189 καὶ
3723 1137 3805 1200 εἰς

2217 1228 2398 1301 χάριν,
2438 1229 2556 1301 ῆτοι
2588 1230 2875 1301 καύχημα,
2910 1229 3166 1297 γενέσθαι
3197 1229 3305 1282 τῶν
3325 1229 3803 1301 προσαγηοχότων,

2230 1324 2432 1376 Ἰωσίου
2453 1340 2531 1387 τε,
2553 1342 2625 1393 φη
2634 1324 2716 1393 μὶ,
2740 1323 2832 1375 καὶ
2855 1322 2963 1375 τῶν
2982 1319 3475 1391 τῆςιαίχμαλωσίας
3496 1320 3805 1391 χρησίμων,

2218 1416 2311 1468 καὶ
2343 1416 2452 1469 τῶν
2485 1417 2762 1487 ἀρχόντων
2794 1412 3373 1483 αὐτῆς.Ἀνατεθεῖναι
3402 1412 3477 1475 δὲ,
3509 1412 3571 1465 ού
3605 1412 3804 1482 μάτην,

2218 1508 2330 1561 ἀλλ’
2354 1508 2495 1563 ὥστε
2521 1508 2615 1562 καὶ
2638 1507 2780 1577 ᾠδῆς
2810 1504 3062 1575 γενέσθαι
3091 1503 3361 1575 πρόφασιν
3390 1507 3503 1566 τοῖς
3529 1503 3684 1573 ᾠδοῖς
3708 1500 3806 1556 τοῦ

2217 1600 2347 1653 ναοῦ
2374 1604 2466 1654 καὶ
2500 1599 2865 1671 ἱεροψάλταις.
2900 1599 3035 1652 Τότε
3081 1614 3146 1666 γε
3172 1597 3236 1669 δή
3267 1614 3408 1667 φημι
3443 1615 3463 1650 ι
3487 1596 3581 1651 καὶ
3611 1596 3660 1649 oi
3697 1612 3805 1666 μα-

2218 1693 2357 1764 κρὰν
2419 1692 2514 1745 ἀπ’
2561 1691 2762 1754 αὐτῶν,
2801 1709 2822 1742 ι
2880 1689 3180 1754 τουτέστιν,
3235 1688 3285 1742 οἳ
3340 1690 3403 1741 ὲκ
3445 1687 3554 1740 τῶν
3601 1685 3808 1757 ἐτέρων

2219 1785 2387 1838 ὲθνῶν
2416 1783 2627 1855 ἥξουσι,
2654 1785 2748 1836 καὶ
2780 1784 3222 1853 προσκυνήσουσι
3248 1780 3326 1851 τῷ
3350 1779 3563 1851 Κυρίῳ.
3588 1778 3806 1849 Συμϐή-

2221 1879 2410 1929 σεσῦαι
2461 1875 2517 1928 δὲ
2573 1876 2638 1930 τὰ
2687 1874 2863 1928 τοιάδε
2913 1874 3097 1943 φησὶν,
3129 1874 3286 1944 εἴπερ
3337 1872 3540 1925 ἕλοιντο
3584 1868 3661 1940 τῷ
3702 1869 3805 1938 τῆς

538 1960 848 2024 εὐπειθείας
877 1965 1376 2036 κατασεμνύνισϐαι
1403 1966 1615 2039 κόσμῳ,
1647 1969 1742 2023 καὶ
1773 1969 1990 2024 ἀκούειν
2015 1970 2116 2041 τῆς
2154 1972 2341 2040 φωνῆς
2373 1970 2577 2042 Κυρίου
2645 1968 2740 2022 τοῦ
2771 1967 2927 2022 Θεοῦ.
2963 1969 3074 2025 Καὶ
3138 1968 3259 2021 τότε
3300 1966 3486 2020 λοιπὸν
3520 1967 3599 2029 είς
3633 1965 3807 2036 πέρας

542 2054 919 2125 ὲκϐεϐηκότων
974 2057 1081 2111 τῶν
1146 2060 1609 2131 προηγγελμένων
1638 2101 1653 2126 ,
1714 2060 2115 2132 έπιγνώσεσθαι
2158 2062 2363 2132 σαφῶς,
2403 2063 2484 2117 ὅτι
2516 2062 2582 2116 τὰ
2644 2060 2799 2133 παρά
2859 2060 2995 2114 Θεοῦ
3037 2061 3182 2129 σαφῆ
3221 2060 3579 2129 καταστήσων
3609 2058 3638 2111 ὁ
3672 2074 3809 2126 προ-

543 2151 719 2219 φήτης
740 2150 1044 2220 ἀπεστάλη,
1074 2153 1169 2204 καὶ
1194 2153 1314 2223 οὐχὶ
1339 2152 1404 2223 δὴ
1438 2153 1637 2225 μᾶλλον
1667 2155 1811 2209 κατά
1828 2173 1982 2219 τινας
2007 2156 2115 2210 τῶν
2151 2157 2468 2227 ψευδοεπεῖν
2531 2155 2823 2217 εἰωθότων,
2841 2153 2911 2208 τὰ
2935 2155 3043 2208 ἀπὸ
3099 2153 3327 2224 καρδίας
3347 2154 3534 2216 αὐτοῖς
3562 2150 3808 2221 λαλήσει,

541 2242 634 2295 καὶ
662 2241 865 2314 ἀληθὴς
886 2243 941 2296 δὲ
972 2243 1191 2312 μᾶλλον,
1221 2245 1315 2296 καὶ
1341 2244 1402 2297 οὐ
1428 2243 1813 2315 ψευδάγγελος.
1845 2246 1992 2317 Αῦτη
2018 2247 2115 2316 μὲν
2148 2248 2181 2318 ή
2247 2247 2572 2317 έτοιμοτάτη
2624 2246 2719 2299 καὶ
2752 2244 3046 2317 πρόχειρος
3088 2244 3197 2298 τῶν
3241 2245 3298 2297 έν
3335 2242 3598 2314 ἱστορίαις
3669 2243 3811 2296 ἀπό-

538 2335 704 2400 δοσις.

610 2428 829 2483 Certum
880 2438 965 2486 est
1023 2446 1207 2501 porro,
1264 2432 1638 2490 dubitaturum
1695 2436 1991 2498 neminem,
2048 2435 2116 2490 ad

2290 2435 2460 2506 Δῆλον
2491 2433 2549 2487 δὲ
2580 2434 2662 2488 ὅτι
2696 2434 2759 2487 τὸ
2785 2433 2974 2504 χρῆμα
3013 2431 3075 2487 τὸ
3122 2429 3361 2500 Χριστοῦ
3400 2430 3720 2501 μυστήριον,
3753 2431 3813 2483 εί

540 2521 740 2576 Christi
771 2521 1087 2593 mysterium
1119 2540 1233 2578 rem
1262 2535 1531 2594 spectare,
1566 2527 1611 2583 si
1647 2528 1785 2583 bene
1811 2528 2116 2598 indagetur.

537 2610 988 2666 Confirntavintus
1034 2613 1177 2668 enim
1258 2614 1327 2669 ab
1394 2616 1567 2682 initio,
1615 2616 1668 2671 in
1721 2616 2013 2673 Zorobabel
2067 2624 2122 2672 et

538 2701 664 2757 Jesn
690 2702 1038 2759 informatum
1066 2721 1187 2761 esse
1212 2705 1513 2772 Christum,
1537 2708 1877 2779 etsigillatim
1902 2710 1953 2762 in
1973 2718 2121 2763 ntro-

539 2796 643 2858 vis,
670 2805 726 2849 et
752 2795 805 2850 in
834 2795 1096 2850 ainbobus
1121 2799 1473 2868 coniunctim.
1535 2808 1594 2854 ut
1622 2816 1811 2853 unum.
1840 2800 1937 2854 Est
1973 2800 2119 2855 enim

540 2886 680 2939 idem
705 2896 759 2941 et
829 2903 923 2943 rex
959 2885 1227 2953 lsrael,et
1288 2904 1517 2959 magnus
1575 2891 1849 2958 sacerdos,
1908 2907 1930 2943 ι
1984 2891 2122 2946 San-

539 2990 678 3045 ctus,
706 2980 985 3043 innocens,
1034 2980 1349 3052 impollutus
1396 2983 1459 3037 ".
1503 3001 1523 3035 ι
1579 2982 1845 3049 Quoniam
1875 2997 2001 3039 vero
2055 2984 2122 3039 de

540 3073 681 3130 tribu
717 3072 851 3128 Juda
880 3074 1219 3144 progenerati
1246 3089 1471 3145 regnum
1533 3076 2021 3140 administrabant,
2067 3086 2122 3131 et

536 3164 645 3221 orti
675 3159 751 3220 de'
784 3166 922 3220 tribu
955 3163 1083 3222 Levi
1136 3168 1424 3223 sacerdotii
1476 3183 1670 3221 tnttnus
1725 3167 1969 3228 obibant.
2002 3168 2121 3225 ideo

539 3273 637 3325 per
662 3258 795 3312 duos
820 3257 870 3312 in
899 3274 1065 3312 unttm
1091 3257 1375 3313 Dominum
1410 3259 1850 3325 transfortnatur,
1877 3269 2117 3330 utpatet.

538 3351 716 3416 Quare
769 3351 813 3406 si
871 3352 1016 3405 dicat
1063 3351 1203 3405 Dens
1263 3352 1332 3407 de
1389 3352 1713 3418 Zorobabel,
1751 3372 1770 3405 ι
1805 3354 1995 3408 Manus
2019 3355 2121 3411 Zo-

540 3443 764 3497 rohabel
790 3443 1086 3498 fundarunt
1107 3445 1328 3499 domum
1355 3445 1535 3511 istam,
1564 3455 1620 3500 et
1650 3462 1840 3501 manus
1869 3448 1987 3516 ejus
2010 3464 2124 3518 per-

541 3537 717 3590 licient
781 3551 898 3589 eam
919 3537 989 3601 ⁴¹⁹,
1022 3555 1040 3588 ι
1081 3537 1337 3592 historice
1374 3538 1588 3606 quidem
1616 3538 1682 3593 de
1709 3553 1776 3593 eo
1804 3540 2005 3594 dictum
2029 3556 2120 3595 ac-

539 3627 746 3695 cipies;
782 3628 1077 3682 secundum
1136 3628 1280 3683 aliud
1321 3644 1451 3683 vero
1506 3630 1648 3699 quod
1673 3630 2012 3700 intelligitur,
2055 3634 2122 3688 ad

540 3719 818 3772 Christum
855 3719 1075 3774 referes.
1107 3720 1221 3789 Ipse
1246 3720 1389 3775 cnim
1446 3720 1619 3777 factus
1653 3729 1740 3777 est
1791 3723 1946 3778 nubis
1997 3723 2122 3777 fun-

2227 2526 2495 2597 ὲρευνῷτο
2542 2525 2743 2589 καλῶς,
2775 2525 2877 2578 οὐκ
2910 2524 2976 2578 ἂν
3009 2522 3299 2577 ἐνδοιάσειέ
3343 2539 3449 2584 τις.
3486 2520 3813 2575 Διεϐεϐαιὼο

2229 2616 2369 2686 μεθα
2396 2615 2505 2686 γὰρ
2529 2614 2588 2680 ἐξ
2617 2616 2811 2685 ἀρχῆς,
2856 2614 2931 2677 ὡς
2965 2613 3022 2666 ἓν
3053 2630 3118 2682 γε
3150 2611 3227 2682 τῷ
3268 2610 3572 2683 Ζοροϐάϐελ
3593 2612 3684 2664 καὶ
3711 2611 3812 2681 μέν

2223 2726 2328 2775 τοι,
2358 2704 2637 2778 καὶῚησοῦ
2661 2703 3151 2777 διαμεμορφῶσθαι
3174 2704 3427 2776 Χριστὸν,
3462 2704 3555 2757 καὶ
3579 2702 3681 2756 ἀνὰ
3707 2704 3805 2772 μέ-

2230 2819 2320 2873 ρος
2353 2803 2411 2854 έν
2439 2799 2707 2871 ἑκατέρῳ,
2737 2798 2832 2852 καὶ
2874 2800 2932 2852 ὲν
2980 2797 3184 2867 ἀμφοῖν
3225 2795 3545 2866 συλλήϐδην,
3575 2794 3650 2857 ὡς
3693 2795 3811 2849 ἕνα.

2231 2893 2389 2947 Ἐστι
2417 2892 2527 2965 γὰρ
2551 2894 2610 2946 ὲν
2642 2890 2823 2963 ταυτῷ
2869 2890 2963 2945 καὶ
3011 2889 3265 2960 βασιλεὺς
3310 2888 3401 2942 τοῦ
3434 2887 3670 2960 Ἰσραὴλ,
3719 2888 3815 2941 καὶ

2230 2986 2404 3057 μέγας
2467 2984 2778 3056 ἀρχιερεὺς,
2842 3004 2861 3036 ι
2892 2984 3112 3049 Ὅσιος,
3165 2981 3407 3043 ἄκακος,
3464 2979 3744 3051 ἀμίαντος.
3787 2998 3808 3031 ι

2239 3076 2458 3147 Ἐπειδὴ
2485 3075 2543 3130 δὲ
2565 3076 2616 3128 oi
2649 3075 2747 3145 μὲν
2768 3075 2833 3127 ὲκ
2861 3073 3033 3143 φυλῆς
3054 3070 3230 3126 Ἰούδα
3255 3071 3381 3133 τοὺς
3401 3070 3501 3140 τῆς
3534 3068 3815 3139 βασιλείας

2226 3167 2430 3221 διεῖπον
2472 3164 2702 3230 Θώκους,
2741 3164 2789 3222 oi
2831 3163 2889 3217 δὲ
2922 3163 3021 3233 τῆς
3051 3160 3186 3215 Λευῒ
3218 3161 3457 3214 τέθειντο
3488 3157 3621 3230 πρὸς
3654 3159 3817 3229 ἱερωο

2229 3260 2419 3332 σύνην,
2465 3258 2725 3330 ταύτητοι
2770 3256 2959 3326 σαφῶς
2988 3253 3076 3308 διὰ
3121 3253 3230 3307 τῶν
3258 3253 3401 3307 δυοῖν
3438 3252 3518 3316 είς
3558 3251 3656 3306 ἕνα
3680 3267 3819 3322 μορ-

2228 3351 2423 3422 φοῦται
2448 3349 2670 3423 Κύριον.
2704 3346 2914 3402 Οὐκοῦν
2941 3348 2990 3400 εί
3018 3346 3165 3415 λέγοι
3193 3344 3325 3408 Θεὸς
3358 3344 3486 3414 περὶ
3523 3341 3615 3396 τοῦ
3647 3342 3818 3414 Ζορο-

2231 3442 2421 3511 ϐάϐελ,
2462 3442 2539 3506 ὡς
2589 3458 2609 3492 ι
2641 3442 2706 3493 Al
2754 3441 2935 3510 χεῖρες
2969 3434 3273 3509 Ζοροϐάϐελ
3319 3433 3684 3505 ὲϐεμελίωσαν
3722 3432 3819 3487 τὸν

2228 3535 2377 3592 οἷκον
2407 3534 2615 3601 τοῦτον,
2647 3532 2743 3587 καὶ
2783 3532 2839 3586 αἱ
2869 3533 3051 3602 χεῖρες
3081 3527 3246 3582 αὐτοῦ
3276 3525 3681 3581 ὲπιτελέσουσιν
3714 3525 3820 3579 αύ-

2228 3631 2339 3695 τὸν,
2374 3649 2392 3683 ι
2432 3626 2844 3699 ίστορικὼτερον
2882 3624 2980 3694 μὲν
3014 3623 3100 3676 ἐπ’
3129 3621 3363 3682 ἐκείνου,
3388 3619 3604 3689 νοήσεις
3635 3618 3691 3673 δὲ
3722 3618 3821 3670 ἐπὶ

2231 3715 2466 3786 Χριστὸν
2503 3714 2729 3785 νοητώς.
2757 3712 2929 3775 Αὐτὸς
2973 3711 3081 3783 γὰρ
3130 3709 3287 3781 ἡμῶν
3327 3707 3518 3777 γέγονε
3547 3706 3817 3777 θεμέλιος,

544 3815 881 3876 datnentntn,
908 3823 962 3867 et
1016 3828 1181 3883 super
1216 3814 1389 3882 ipSnm
1422 3830 1614 3871 omnes
1670 3816 2029 3885 Spiritu-aliter
2074 3817 2120 3870 in

2232 3806 2328 3860 καὶ
2359 3803 2508 3875 αὐτῷ
2534 3804 2736 3865 πάντες
2765 3797 3272 3871 ἑποικοδομούμεθα
3298 3795 3706 3868 πνευματικῶς,
3735 3796 3820 3860 εις

544 3905 803 3971 templum
871 3914 1118 3960 sanctum
1172 3907 1423 3962 aediﬁcati
1501 3924 1721 3974 sumus;
1793 3909 1907 3977 ipse
1969 3908 2121 3965 nobis

545 3998 710 4070 706
735 3998 1055 4069 principium
1086 4006 1141 4053 et
1182 3999 1305 4054 linis
1343 4010 1448 4055 est.
1515 4000 1624 4055 Nos
1683 4002 1827 4055 enim
1879 4003 2124 4056 sanctifi-

546 4100 694 4145 catos
720 4091 769 4144 in
796 4089 997 4159 Spiritu
1019 4129 1034 4153 ,
1063 4091 1492 4161 prmelarumque
1523 4102 1575 4145 et
1606 4102 1853 4146 sanctum
1910 4093 2123 4147 habita-

545 4180 723 4234 culum
780 4182 880 4236 sibi
938 4193 995 4237 et
1059 4182 1228 4246 Patri,
1271 4183 1446 4238 deleto
1500 4195 1722 4251 peccato
1779 4185 2022 4237 funditus
2073 4192 2127 4236 et

545 4276 890 4345 corruptione
923 4274 1452 4342 abolita,1exbibuit.
1486 4274 1604 4344 Ipse
1646 4276 1789 4330 enim
1843 4285 1926 4330 est
1968 4272 2128 4329 Jesus

547 4369 802 4421 sacerdos
833 4384 1077 4439 magnus,
1116 4376 1170 4421 et
1192 4378 1348 4423 sonat
1373 4368 1589 4437 quidem
1623 4366 1784 4424 Jesus
1813 4369 1958 4421 salus
2025 4384 2125 4437 po-

546 4458 678 4525 puli.
706 4460 794 4514 Sic
820 4477 1053 4530 namque
1106 4462 1321 4515 divinus
1382 4461 1603 4518 Gabriel
1663 4463 1732 4517 ad
1789 4460 2126 4532 Virginem:

557 4569 576 4601 ι
618 4552 678 4603 Et
727 4567 875 4619 ecce,
929 4553 1202 4623 concipies
1244 4555 1296 4608 in
1341 4564 1517 4618 utero,
1541 4563 1595 4610 et
1623 4555 1803 4624 paries
1834 4554 2025 4619 filium,
2075 4565 2130 4609 et

549 4642 771 4695 vocabis
794 4659 989 4697 nomen
1022 4642 1138 4712 ejus
1157 4642 1342 4700 Jesum
1380 4643 1465 4711 ”;
1497 4646 1612 4715 ipse
1641 4645 1785 4700 enim
1811 4645 2019 4699 salvum
2054 4643 2132 4697 fa-

2222 3897 2350 3953 ναδν
2384 3896 2558 3966 ἅγιον·
2610 3893 2775 3957 αὐτὸς
2797 3892 2957 3963 ἡμῶν
2994 3893 3029 3960 ἡ
3059 3891 3201 3961 ἀρχὴ
3230 3889 3326 3943 καὶ
3356 3888 3419 3943 τὺ
3451 3888 3644 3958 πέρας.
3665 3889 3822 3959 Παρ-

2227 3988 2405 4059 ίστησι
2436 3988 2544 4058 γὰρ
2576 3987 2724 4057 ἡμᾶς
2751 3980 3118 4055 ήγιασμένους
3148 3982 3207 4033 ὲν
3240 3979 3534 4051 πνεύματι,
3569 3978 3825 4050 λαμπρόν

2224 4097 2285 4133 τε
2334 4080 2429 4133 καὶ
2481 4078 2623 4147 ἱερὸν
2674 4060 2999 4145 ἐνδιαίτημα
3046 4073 3225 4144 ἑαυτῷ
3272 4089 3332 4126 τε
3380 4071 3477 4126 καὶ
3510 4070 3588 4138 τῷ
3620 4071 3823 4141 Πατρὶ,

2229 4171 2645 4244 περιῃρημένης
2675 4170 2755 4233 εἰς
2787 4168 2936 4223 ἅπαν
2962 4166 3062 4239 τῆς
3086 4166 3382 4238 ἁμαρτίας,
3411 4165 3505 4218 καὶ
3534 4180 3822 4237 κατηργη-

2230 4265 2398 4335 μένης
2439 4264 2539 4334 τῆς
2567 4262 2794 4333 φθορᾶς.
2820 4259 2993 4324 Αὐτὸς
3025 4259 3134 4330 γάρ
3165 4260 3313 4312 ἐστιν
3350 4255 3557 4328 Ἰησοῦς
3585 4255 3764 4328 ἱερεὺς
3793 4257 3824 4309 ὁ

2233 4359 2424 4428 μέγας,
2461 4357 2555 4410 καὶ
2587 4352 2953 4426 ἑρμηνεύεται
2989 4351 3088 4423 μὲν
3112 4347 3320 4420 Ἰησοῦς
3348 4347 3613 4417 σωτηρία
3638 4346 3819 4401 λαοῦ.

2231 4448 2385 4502 Οὖτω
2412 4446 2523 4520 γὰρ
2551 4448 2648 4501 καὶ
2674 4448 2702 4499 ὁ
2732 4444 3020 4507 θεσπέσιος
3044 4439 3287 4512 Γαϐριὴλ
3325 4437 3462 4509 πρὸς
3489 4437 3589 4509 τὴν
3609 4434 3825 4508 Παρθέ-

2231 4560 2320 4597 νον
2355 4540 2553 4613 φησίν·
2591 4558 2610 4591 t
2642 4538 2756 4592 Καὶ
2789 4537 2897 4591 ἰδοὺ
2929 4533 3174 4605 συλλήψῃ
3203 4534 3262 4585 ὲν
3291 4530 3512 4600 γαστρὶ,
3534 4530 3627 4583 καὶ
3647 4528 3824 4594 τέξεις

2232 4636 2367 4699 υἱὸν,
2399 4637 2494 4689 καὶ
2521 4631 2770 4694 καλέσεις
2798 4629 2859 4682 τὸ
2886 4628 3058 4698 δνομα
3085 4621 3250 4679 αὐτοῦ
3273 4621 3503 4692 Ἰησοῦνθ
3534 4619 3694 4682 αὐτὸς
3711 4620 3825 4689 γὰρ

551 4734 658 4786 ciet
689 4734 939 4801 populum
974 4752 1127 4790 suum
1164 4752 1191 4789 a
1244 4738 1483 4807 peccatis
1531 4752 1719 4792 eorum
1756 4737 1823 4791 ⁶¹.
1856 4756 1875 4790 ι
1908 4735 2120 4791 losedet

2235 4728 2398 4782 σώσει
2445 4726 2536 4780 τὸν
2573 4724 2700 4778 λαὸν
2730 4720 2892 4776 αὑτοῦ
2916 4720 3027 4774 ἀπὸ
3073 4716 3184 4772 τῶν
3230 4712 3513 4786 ἁμαρτιῶν
3562 4710 3751 4767 αὐτοῦ.
3797 4730 3818 4762 ι

552 4837 732 4879 autem
781 4828 1021 4882 redditur
1063 4829 1277 4898 justitia
1330 4830 1445 4885 Dei.
1500 4827 1795 4884 Justifleati
1859 4829 2004 4883 enim
2080 4830 2120 4881 ir

2247 4820 2493 4875 Ἰωσεδὲκ
2521 4818 2578 4871 δὲ
2607 4818 2807 4870 νοεῖται
2832 4810 3188 4876 δικαιοσύνη
3221 4806 3392 4862 Θεοῦ.
3414 4803 3825 4875 Δεδικαιὼμεθα

553 4919 670 4987 ipso
712 4935 806 4987 per
831 4919 985 4973 fidem
1007 4920 1075 4987 θ’,
1096 4930 1196 4975 eta
1228 4922 1480 4975 sordibus
1503 4932 1746 4975 veterum
1784 4928 2120 4989 peccatorum

2234 4910 2345 4983 γὰρ
2371 4912 2429 4963 ὲν
2454 4907 2604 4979 αύτῷ
2636 4906 2725 4960 διὰ
2756 4905 3015 4967 πίστεως,
3040 4901 3135 4954 καὶ
3157 4898 3263 4953 τῶν
3294 4897 3540 4969 ἀρχαίων
3566 4892 3824 5000 minutati-

554 4985 723 5065 ablnti
764 5026 968 5065 sumus.
1012 4985 1133 5081 Ipse
1187 5028 1285 5068 nos
1314 5014 1556 5082 captivos
1602 5012 1852 5067 liberavit
1902 5010 1974 5075 ⁸³,
2000 5021 2055 5065 et
2106 5024 2120 5063 ε

2235 5021 2344 5057 των
2380 5002 2474 5056 τὸν
2519 5001 2689 5073 ῥύπον
2718 4994 3127 5067 ἀπενιψάμεθα·
3160 4990 3334 5082 Αὐτὸς
3541 4985 3819 5082 uim"

553 5103 828 5169 servitute,
896 5119 1056 5174 quam
1120 5115 1301 5161 mente
1347 5105 1593 5174 capimus
1642 5120 1740 5159 nos
1800 5103 2019 5168 exemit,
2082 5115 2120 5157 el

2236 5112 2365 5158 τους
2398 5093 2559 5155 ὂντας
2601 5089 2888 5163 ἐρρύσατο,
2920 5086 3013 5140 καὶ
3045 5085 3147 5155 τῆς
3177 5081 3375 5152 νοητῆς
3402 5078 3650 5180 δουλείας
3679 5076 3825 5180 i355!-

556 5207 813 5264 tanquam
857 5212 922 5251 ex
971 5200 1254 5267 peregrina
1323 5207 1380 5253 et.
1435 5196 1858 5266 alienigenarum
1892 5196 2120 5264 regione.

2243 5187 2386 5249 λετο,
2421 5185 2515 5240 καὶ
2543 5178 2741 5252 οἷάπερ
2792 5179 2853 5244 ἐξ
2900 5174 3207 5244 ἀλλοδαπῆς
3234 5172 3329 5226 καὶ
3367 5169 3469 5241 τῆς
3510 5165 3826 5267 ἀλλοφύλων

554 5305 623 5343 ex
679 5289 941 5346 diabolica
1004 5292 1316 5346 sedmtione
1367 5292 1433 5345 ad
1486 5290 1583 5345 Dei
1638 5289 2020 5359 cognitionem,
2082 5298 2120 5340 el

2240 5280 2340 5347 τῆς
2367 5273 2751 5347 δαιμονιώδους
2794 5270 3009 5339 ἀπάτης
3059 5264 3459 5359 ἀνακεκομικεν
3489 5261 3571 5359 εἰς
3592 5257 3825 5359 θεογνω-

559 5388 868 5434 sanctorum
906 5380 1177 5436 civitatem
1211 5383 1487 5448 eximiam,
1531 5396 1656 5436 vere
1736 5388 1976 5435 sanctam
2039 5377 2120 5435 Je-

2241 5346 2384 5429 σίαν,
2421 5346 2518 5421 καὶ
2559 5366 2637 5426 είς
2670 5364 2768 5434 τὴν
2802 5361 2909 5414 τῶν
2948 5359 3118 5430 ἀγίων
3154 5352 3489 5416 καλλίπολιν,
3521 5349 3621 5448 τὴν
3660 5346 3825 5448 ἁγίαν

562 5471 821 5535 rusalem,
887 5488 1006 5542 qua:
1058 5485 1138 5528 est
1201 5473 1461 5536 Ecclesia,
1528 5473 1761 5528 reduxit.
1798 5471 2120 5540 Quaproptet

2245 5459 2459 5532 ἀληθῶς
2494 5454 2879 5529 Ἰερουσαλὴμ,
2922 5454 3045 5525 ἥτις
3088 5450 3242 5542 ἐστὶν,
3285 5449 3319 5519 ἡ
3356 5441 3695 5542 Ἑκκλησία..
3725 5438 3825 5493 Διά

563 5574 707 5617 recta
762 5574 817 5618 et
876 5565 1144 5634 inculpata
1199 5566 1320 5628 fide,
1366 5573 1421 5620 et
1486 5565 1746 5619 virtutum
1801 5562 2120 5617 ornamenti:

2243 5555 2402 5609 τοῦτο
2425 5549 2781 5620 στεφανοῦται
2807 5547 2945 5619 πρὸς
2974 5543 3131 5617 ἡμῶν
3155 5540 3290 5614 ὀρθῇ
3314 5540 3411 5593 καὶ
3436 5533 3827 5634 ἀνεπιπλήκτῳ

566 5653 893 5723 Ιινηηιὶειιιιθ
911 5658 1111 5724 gratius
1147 5656 1430 5726 agentibus
1461 5670 1492 5710 a
1516 5655 1677 5710 nobis
1700 5663 2015 5710 coronatur.
2074 5650 2116 5703 E

2247 5648 2449 5711 πίστει,
2484 5646 2578 5700 καὶ
2621 5646 2734 5705 τοῖς
2782 5644 2865 5705 εἰς
2903 5639 3107 5712 ἀρετὴν
3154 5637 3489 5708 αὐχήμασιν,
3525 5629 3715 5700 ὕμνοις
3766 5640 3829 5677 τε

565 5761 784 5799 corona:
811 5746 1156 5815 quidemille
1216 5763 1392 5804 aurea:
1437 5757 1495 5805 et
1548 5755 1814 5819 argentea
1859 5752 2035 5806 erant,
2085 5759 2114 5796 ιι

2243 5745 2355 5806 τοῖς
2384 5737 2777 5812 χαριστηρίοις.
2822 5735 2935 5790 Καὶ
2971 5734 3023 5788 οἱ
3058 5732 3157 5804 μὲν
3183 5730 3248 5785 τὸ
3274 5725 3530 5815 τηνικάδε
3572 5720 3826 5789 στέφανοι

636 5923 686 5958 ⁷³
726 5924 886 5982 llebr.
937 5942 1027 5993 vn,
1068 5928 1153 5982 :36.
1234 5930 1274 5957 ⁷⁷
1319 5926 1544 5984 Zachar.
1585 5942 1655 5993 ιν,
1689 5927 1739 5982 9.
1818 5926 1862 5957 ⁸⁸
1895 5923 2025 5982 an.
2070 5942 2107 5995 ι,

2294 5922 2334 5955 ἰ
2369 5917 2556 5976 Μιιιῑι.
2597 5931 2638 5985 t,
2670 5915 2763 5972 2|.
2840 5914 2884 5946 ⁸⁸
2925 5911 3083 5967 Rom.
3116 5907 3245 5976 v,l.
3322 5903 3369 5936 ⁸³
3406 5897 3585 5958 Galat.
3626 5910 3699 5964 ιν,
3740 5892 3807 5948 3i
