4072 6370
271 355 339 410 97
1118 341 1677 401 COMMENTARIUS
1718 340 1785 396 IN
1826 341 2229 398 ZACIIARIAM
2272 342 2716 400 PROI'ﬂETAM.
3462 354 3532 409 93

271 469 467 542 χρυσοῖ
494 482 553 520 τε
586 461 750 537 ἦσαν,
770 465 866 519 καὶ
887 462 1143 535 ἀργυροῖ,
1168 461 1266 515 καὶ
1291 460 1351 526 ἐξ
1373 459 1511 530 ὕλης
1534 459 1867 515 κατεσκευάο

1970 476 2033 514 ex
2066 462 2289 515 materia
2314 463 2549 531 peritura
2574 464 2794 518 ﬂebant.
2822 466 3022 533 Atqua!
3044 480 3072 518 a
3110 466 3264 522 nobis
3293 471 3530 537 plectun-

269 564 426 628 ζοντο
451 560 551 632 τῆς
585 558 853 630 φθαρτῆς.
877 556 942 610 Ol
972 555 1028 609 δέ
1060 571 1126 624 γε
1157 554 1293 626 πρὸς
1314 551 1476 625 ήμῶν
1502 550 1865 623 πεπλεγμένοι

269 670 329 707 τε
367 650 462 705 καλ⁸
487 645 869 719 ἀνημ[μ]ἐνοι,
900 648 1088 717 γήϊνον
1114 644 1215 713 μὲν
1234 644 1447 713 ἔχουσιν
1463 641 1639 695 οὐδέν·
1678 642 1865 696 συντέ-

271 741 480 795 θεινται
509 738 566 793 δὲ
599 737 799 810 μᾶλλον
829 737 895 789 ὲκ
927 735 1027 806 τῆς
1058 735 1136 806 τῷ
1167 735 1287 806 Θεῷ
1329 734 1651 806 πρεπούσης
1684 734 1862 805 δόξης.

283 830 635 901 ’Δνατίθεμεν
654 829 761 899 γάρ
783 826 932 898 αὐτῷ
947 827 1030 895 ὡς,
1043 825 1242 898 χρυσὸν
1265 825 1382 897 μὲν,
1410 825 1520 881 τῶν
1548 826 1680 895 περὶ
1701 825 1863 879 αὑτοῦ

270 924 559 993 δογμάτων
589 920 692 991 τὴν
721 918 940 989 ἀπλανῆ
972 917 1237 989 θεωρίαν·
1275 916 1350 981 ὡς
1387 918 1630 989 ἄργυρον
1655 916 1732 982 δὲ,
1766 915 1865 987 τὴν

270 1017 336 1082 ἔξ
363 1016 541 1087 ἔργων
587 1012 811 1082 ἀγαθῶν
838 1010 1172 1081 φαιδρότητα
1217 1010 1437 1080 νοητήν.
1462 1010 1618 1062 Ἔστι
1673 1007 1731 1062 δὲ
1770 1008 1863 1059 καὶ

270 1108 476 1179 ἀτέρως
503 1105 842 1174 στέφανόςλτε
866 1104 961 1158 καὶ
982 1102 1107 1169 δόξα
1136 1100 1396 1173 Χριστοῦ,
1416 1100 1524 1153 τῶν
1548 1102 1677 1172 παρ’
1696 1099 1861 1153 αὐτοῦ

273 1194 635 1264 σεσωσμένων
666 1195 699 1263 ή
733 1190 994 1262 σωτηρία.
1023 1190 1298 1245 Σέσωσται
1325 1190 1435 1262 γὰρ
1469 1191 1569 1244 οὐκ
1594 1190 1743 1255 ἔθνος
1779 1188 1859 1254 ἓν,

273 1283 528 1354 καθάπερ
573 1282 767 1354 ἀμέλει
822 1282 918 1336 καὶ
968 1282 1138 1338 πάλαι
1184 1281 1273 1337 διὰ
1297 1282 1541 1346 Μωσέως
1567 1284 1595 1335 6
1622 1281 1860 1355 Ἰσραὴλ,

271 1373 389 1425 ἀλλ’
433 1373 530 1443 ὅλη
566 1371 753 1425 λοιπὸν
788 1372 879 1425 ὑπ’
904 1372 1167 1444 οὐρανόνο
1201 1372 1408 1445 ἔπρεπε
1440 1374 1549 1444 γὰρ
1577 1373 1670 1426 καὶ
1701 1372 1861 1426 τοῦτο

273 1467 356 1537 τῷ
376 1465 819 1537 Χριστῷ.”Δθρει
846 1465 926 1533 δὲ,
957 1466 1106 1531 ὅπως
1136 1466 1288 1538 παρά
1316 1466 1423 1520 τῶν
1451 1466 1738 1537 χρησίμων
1761 1468 1859 1519 αὑ⁶

272 1556 376 1625 τῆς
414 1556 507 1608 καὶ
550 1555 658 1609 τῶν
708 1555 1103 1623 ἐπεγνωκότων
1156 1556 1331 1628 αὐτὴν
1374 1556 1444 1611 τά
1500 1557 1580 1620 είς
1622 1556 1721 1627 τὴν
1750 1557 1858 1610 τῶν

277 1648 558 1717 στεφάνων
584 1648 931 1719 κατασκευήν
962 1650 1444 1720 προσκομίζονται.
1478 1650 1541 1701 Οἱ
1578 1649 1687 1721 γὰρ
1715 1648 1858 1701 λαῶν

274 1739 590 1809 ἡγούμενοι,
614 1741 708 1793 καὶ
726 1741 806 1803 είς
827 1740 997 1812 ἀρχὰς
1018 1740 1324 1810 τεθειμένοι
1345 1741 1444 1803 τὰς
1467 1741 1677 1794 τοιάσδε
1708 1741 1860 1812 παρά

1971 553 2562 624 turimponuuturque,
2612 565 2883 610 terrenum
2936 556 3070 631 nihil
3113 560 3347 614 habent:
3403 563 3533 631 quin

1966 643 2147 712 potius
2178 658 2245 699 ex
2278 644 2444 714 gloria
2478 647 2588 703 Deo
2615 646 2772 718 digna
2799 650 3107 720 composita:
3150 662 3293 707 sunt.
3322 652 3532 708 Etenim

1966 733 2085 790 loco
2118 736 2235 791 auri
2284 737 2594 807 dogmatum
2624 740 2691 793 de
2728 740 2846 810 ipso
2869 756 3053 796 veram
3084 750 3397 813 certamque
3444 743 3531 798 in-

1967 826 2346 896 telligentiam,
2393 828 2603 898 argenti
2636 839 2814 884 autem
2836 845 2901 885 ex
2928 831 3083 887 bonis
3118 835 3373 902 Operibus
3393 835 3533 889 nito-

1964 931 2077 971 rem
2102 919 2284 973 animo
2302 919 2679 987 aspectabilem
2706 919 3003 976 offerimus.
3034 922 3128 977 Est
3154 924 3311 979 aliter
3336 940 3532 980 corona

1963 1018 2017 1061 et
2045 1007 2215 1077 gloria
2241 1007 2444 1063 Christi
2480 1011 2809 1065 salvatoruin
2838 1015 2906 1066 ab
2946 1014 3063 1082 ipso
3121 1014 3290 1071 salus.
3319 1015 3531 1069 Salvata

1963 1102 2207 1154 estenim
2233 1116 2337 1155 non
2372 1116 2477 1155 una
2502 1118 2657 1173 gens,
2690 1104 3140 1173 quemadmodum
3175 1106 3381 1161 scilicet
3404 1107 3531 1161 olim

1961 1203 2062 1257 per
2090 1188 2272 1243 Mosen
2304 1190 2489 1257 Israel,
2548 1192 2642 1247 sed
2674 1193 2937 1263 quidquid
2977 1197 3136 1249 etiam
3163 1200 3400 1266 gentium
3433 1202 3535 1253 sub

1968 1277 2108 1333 cmlo
2142 1291 2260 1333 est:
2290 1280 2391 1336 hoc
2408 1283 2607 1352 quippe
2628 1281 2903 1337 Christum
2938 1285 3186 1341 decebat.
3228 1286 3345 1342 Jam
3393 1306 3536 1346 nunc

1963 1370 2107 1434 vide,
2145 1376 2417 1440 quomodo
2437 1375 2504 1427 ab
2532 1375 2750 1429 utilibus
2808 1376 2946 1446 ejus,
2996 1388 3051 1431 et
3105 1378 3188 1433 his
3224 1380 3314 1448 qui
3341 1394 3536 1449 cogno-

1961 1474 2154 1517 verunt
2177 1480 2295 1518 eam
2318 1468 2385 1520 ad
2420 1480 2672 1522 coronam
2694 1467 3028 1524 eﬂlciendam
3079 1475 3381 1527 necessaria
3410 1490 3538 1529 cou-

1958 1556 2227 1610 ferantur.
2257 1555 2535 1626 Principes
2560 1558 2704 1613 enim
2734 1560 2947 1630 populi,
2974 1572 3027 1616 et
3058 1562 3109 1617 in
3134 1562 3535 1633 magistratibus

1959 1645 2267 1715 huiusmodi
2313 1663 2343 1701 a
2376 1646 2485 1702 Deo
2503 1648 2687 1713 locati,
2743 1660 2798 1705 et
2853 1651 3048 1719 quibus
3098 1652 3336 1722 antiquae
3365 1657 3537 1722 capti-

1957 1740 2142 1794 vitatis
2178 1748 2372 1795 nostm
2401 1741 2538 1795 ratio
2564 1751 2690 1797 nota
2720 1752 2824 1806 est,
2856 1744 3059 1813 quique
3117 1745 3278 1799 utiles
3310 1759 3434 1801 sunt
3468 1748 3533 1801 li-

275 1829 435 1894 Θεοῦ,
466 1831 558 1882 καὶ
589 1831 642 1882 οἱ
668 1829 759 1883 τὸν
784 1831 882 1903 τῆς
921 1832 1158 1901 ἀρχαίας
1188 1830 1346 1902 ήμῶν
1375 1832 1751 1902 αἰχμαλωσίας
1787 1833 1858 1884 εί-

1970 1831 2162 1886 beratis
2189 1841 2246 1886 ut
2277 1833 2463 1894 duces.
2488 1843 2554 1901 _et
2582 1834 2825 1903 magistri
2853 1836 2918 1888 ad
2936 1838 3328 1891 admonendum
3357 1847 3412 1892 et
3441 1842 3536 1893 de-

274 1919 428 1984 δότες
476 1921 696 1991 τρόπον,
730 1922 991 1992 χρήσιμοί
1038 1938 1098 1974 τε
1145 1925 1257 1986 τοῖς
1305 1922 1749 1995 λελυτρωμένοις,
1781 1925 1856 1989 ὼς

277 2010 608 2081 καθηγηταὶ,
635 2011 731 2065 καὶ
753 2010 1061 2064 διδάσκαλοι
1106 2012 1200 2065 καὶ
1231 2014 1499 2067 νουθετεῖν
1527 2013 1621 2067 καὶ
1645 2015 1854 2067 ἀποκο-

278 2103 461 2174 μίζειν
497 2099 556 2156 εῦ
594 2102 739 2174 μάλα
784 2104 920 2173 πρὸς
969 2104 1350 2176 ἐννομωτάτην
1398 2104 1565 2177 ζωὴν,
1595 2107 1746 2160 αὐτοὶ
1788 2106 1856 2160 τὰ

276 2196 422 2267 ὑπὲρ
452 2194 709 2248 ἀπάντων
755 2194 1087 2267 προσάγουσι
1133 2195 1302 2266 δῶρα,
1334 2198 1403 2250 τὰ
1442 2197 1551 2251 τῶν
1581 2198 1858 2250 ἀδυνάτων

272 2286 636 2357 ἀσθενήματα
685 2286 1022 2357 πληροῦντες
1062 2287 1129 2341 δι’
1161 2289 1858 2360 ἑαυτῶν.Ἐπιτεθειμένων

278 2379 339 2432 δὲ
370 2378 479 2432 τῶν
514 2379 794 2449 στεφάνων
847 2381 940 2433 ἐπὶ
990 2378 1089 2450 τὴν
1132 2379 1375 2452 κεφαλὴν
1407 2381 1607 2453 Ἰησοῦ,
1640 2381 1858 2451 λέγεται

278 2474 422 2543 πρὸς
465 2472 628 2527 αὑτὸν
672 2473 799 2545 περὶ
831 2473 925 2526 τοῦ
961 2474 1282 2545 Ζοροϐάϐελ·
1319 2494 1338 2528 ε
1361 2474 1491 2530 Ἰδοὺ
1528 2478 1863 2548 ὁινὴρ,’ᾼνα-⁵

278 2564 410 2635 τολὴ
444 2564 613 2634 δνομα
641 2562 811 2634 αὐτῷ,
842 2562 936 2617 καὶ
965 2564 1314 2619 ὑποκάτωθεν
1346 2564 1511 2619 αὐτοῦ
1538 2567 1801 2625 ἀνατελεῖ.
1834 2585 1855 2620 ι

281 2656 550 2710 Τεθέαται
594 2656 686 2710 τὸν
710 2655 920 2727 Ἰησοῦν
955 2656 1387 2729 στεφανούμενον
1437 2657 1514 2722 ὡς
1562 2659 1731 2731 ίερέα,
1766 2660 1861 2713 καὶ

282 2748 591 2821 προῦχοντα
607 2749 661 2802 δὲ
678 2751 779 2821 ὁρᾷ
796 2749 956 2803 πάλιν
980 2750 1139 2803 αὑτὸν
1160 2750 1236 2813 ὡς
1266 2749 1322 2802 ἐν
1348 2767 1413 2819 γε
1437 2751 1513 2821 τῷ
1535 2751 1859 2823 Ζοροϐάϐελ,

283 2844 380 2895 καὶ
405 2844 461 2894 ὲν
482 2840 610 2914 δόξῃ
624 2842 689 2912 τῇ
719 2840 991 2911 βασιλικῇ.
1026 2840 1193 2904 Σύνες
1222 2841 1307 2912 δὴ,
1338 2843 1420 2894 ὅτι
1445 2841 1610 2904 αὑτός
1644 2845 1793 2895 ἐστιν
1826 2846 1860 2914 ή

299 2933 581 3005 Ἀνατολὴ,
614 2933 882 3003 τουτέστι,
914 2934 976 2987 τὸ
1021 2933 1327 3004 βλάστημα,
1364 2934 1494 3005 περ)⁸
1535 2927 1596 2987 οὗ
1641 2952 1806 3006 φησιν
1836 2936 1865 2989 6

288 3026 574 3090 θεσπέσιος
618 3026 879 3089 Ἡσαΐαςο
916 3044 935 3078 ε
957 3025 1231 3080 Ἀνατελεῖ
1257 3026 1451 3097 ῥάϐδος
1475 3027 1540 3080 ἐκ
1568 3026 1667 3096 τῆς
1710 3025 1864 3098 ῥίζης

300 3119 520 3183 Ἰεσσαὶ,
539 3118 633 3172 καὶ
653 3118 811 3181 ἄνθος
836 3120 901 3171 ὲκ
925 3117 1024 3189 τῆς
1048 3118 1203 3189 ῥίζης
1231 3117 1584 3188 ἀναϐήσεται.
1613 3136 1631 3170 ι
1652 3118 1867 3174 Ἀνεθά-

1959 1926 2262 1979 ducendum
2304 1925 2613 1980 rectissimo
2638 1926 2834 1982 itinere
2867 1927 2933 1981 ad
2964 1927 3133 1982 vitam
3166 1929 3375 1998 legibus
3400 1946 3535 1984 con-

1959 2015 2420 2084 gruentissimam,
2475 2015 2575 2083 ipsi
2632 2013 2776 2068 dona
2840 2031 2937 2085 pro
2960 2016 3219 2072 omnibus
3274 2015 3531 2079 offerunt,

1958 2104 2301 2161 inﬁrmitates
2323 2105 2669 2161 imbecillium
2701 2121 2799 2177 per
2830 2121 2889 2162 se
2916 2108 3223 2179 explentes.
3255 2111 3535 2181 Impositis

1960 2206 2138 2250 autem
2176 2196 2393 2251 coronis
2451 2212 2619 2267 super
2670 2208 2836 2268 caput
2893 2198 3042 2266 Jesu,
3092 2201 3158 2255 de
3208 2199 3537 2258 Zorobabelu

1962 2286 2034 2340 illi
2064 2287 2264 2342 dicitur
2291 2302 2304 2339 :
2336 2306 2356 2339 ε
2390 2288 2530 2343 Ecce
2562 2289 2664 2355 vir,
2693 2288 2888 2346 Oriens
2914 2306 3107 2346 nomen
3142 2292 3240 2357 illi,
3267 2301 3322 2346 et
3350 2292 3537 2346 subter

1960 2391 2082 2430 eum
2113 2380 2406 2433 exorietur.
2439 2399 2459 2433 ι
2488 2378 2635 2434 Vidit
2665 2379 2852 2437 Jesum
2875 2394 3187 2439 coronatum
3215 2395 3272 2438 ut
3293 2387 3539 2439 sacerdo-

1962 2475 2092 2531 tem,
2123 2475 2179 2521 et
2211 2483 2400 2523 rursus
2428 2469 2677 2524 eumdem
2723 2471 3139 2539 precellentem,
3189 2483 3246 2529 et
3284 2475 3337 2528 in
3365 2475 3536 2543 gloria

1963 2559 2124 2629 regali
2150 2561 2316 2625 videt,
2348 2571 2406 2615 ut
2437 2561 2489 2615 in
2518 2559 2836 2617 Zorohabel.
2870 2563 3031 2635 707
3089 2565 3335 2635 lntcllige
3378 2569 3539 2637 igitur

1964 2651 2135 2721 ipsum
2167 2668 2290 2708 esse
2312 2654 2615 2719 Orientem,
2690 2655 2793 2711 hoc
2823 2666 2928 2720 est,
2952 2672 3197 2725 germen,
3231 2658 3299 2713 de
3319 2674 3428 2730 quo
3456 2663 3537 2715 di-

1965 2745 2120 2799 vinus
2148 2741 2313 2798 Isaias
2346 2762 2359 2800 :
2397 2764 2415 2796 ε
2442 2744 2733 2802 Exorietur
2755 2746 2904 2816 virga
2936 2749 3004 2804 de
3029 2750 3212 2806 radice
3253 2750 3425 2819 Jesse,
3484 2764 3539 2809 et

1962 2834 2060 2890 ﬂos
2085 2836 2151 2890 de
2178 2838 2356 2891 radice
2385 2838 2500 2908 ejus
2529 2839 2786 2893 ascendet
2819 2839 2889 2893 “.
2949 2858 2968 2893 ι
3026 2839 3537 2912 Regerntinavimus

1964 2924 2109 2978 enim
2148 2939 2247 2980 nos
2278 2926 2464 2980 subter
2486 2942 2634 2981 eum.
2693 2926 2861 2981 Radix
2912 2928 3111 2998 quippe
3146 2929 3247 2982 fuit
3291 2929 3541 2985 Christus

1965 3015 2215 3071 humame
2239 3028 2461 3082 naturre,
2491 3020 2604 3073 sive
2643 3033 2739 3089 per
2796 3020 2957 3073 tidem
3009 3031 3318 3076 vocatorum
3346 3022 3539 3087 altera,

1973 3123 2078 3162 non
2104 3108 2396 3161 secundum
2434 3108 2664 3177 primam
2702 3109 3116 3176 humanitatem,
3168 3112 3431 3167 Adamum
3465 3114 3543 3167 vi-

287 3169 459 3275 1....
483 3169 608 3278 ξιίῆ
618 3169 742 3277 ..ξιξ
761 3169 1417 3273 ὶξτέδέιάέιζῂςῖτὶξζσιὲίςὲι
1454 3169 1868 3279 siuas}

1974 3198 2186 3263 delicet,
2211 3200 2305 3254 sed
2333 3199 2470 3253 citra
2499 3201 2958 3269 comparationem
3017 3202 3360 3270 prazstantior
3394 3222 3409 3257 :
3456 3219 3543 3257 re-

290 3295 526 3366 Χριστὸς
572 3295 674 3366 τῆς
728 3295 1166 3367 ἀνθρωπότητος,
1197 3298 1316 3369 ήτοι
1348 3298 1456 3353 τῶν
1503 3298 1591 3354 διὰ
1638 3301 1872 3365 πίστεως

290 3385 645 3457 κεκλημένων
682 3385 934 3458 δευτέρα,
960 3388 1057 3440 καὶ
1106 3387 1168 3440 οὐ
1223 3387 1366 3441 κατά
1407 3405 1471 3456 γε
1500 3388 1600 3460 τὴν
1626 3388 1870 3461 πρώτην,

291 3478 435 3549 φημὶ
480 3477 545 3550 δὴ
572 3480 664 3532 τὸν
689 3478 882 3550 Ἀδάμ,
911 3479 1028 3532 ἀλλ’
1062 3482 1121 3534 ὲν
1159 3480 1438 3550 ἀμείνοσιν
1486 3482 1832 3552 ἀσυγκρίτως
1852 3496 1871 3513 ⁸

291 3568 624 3641 ἀνεθάλομεν
669 3570 780 3642 γὰρ
824 3573 903 3635 είς
938 3571 1145 3643 φθορὰν
1184 3572 1367 3625 οὐκέτι
1414 3575 1508 3627 καὶ
1536 3575 1616 3637 είς
1646 3573 1873 3629 θάνατον

291 3660 381 3714 διὰ
401 3660 501 3730 τὴν
529 3662 689 3732 ἀρὰν,
727 3661 843 3715 ἀλλ’
873 3665 950 3726 είς
975 3662 1119 3733 ζωήν
1146 3679 1205 3715 τε
1232 3663 1325 3716 καὶ
1357 3662 1684 3737 ἀφθαρσίαν,
1719 3666 1874 3736 ῥίζαν

291 3751 509 3823 ἔχοντες
557 3752 657 3823 τήν
704 3752 870 3824 ζωήν,
920 3752 1185 3817 τουτέστι,
1235 3753 1486 3823 Χριστόν.
1534 3754 1643 3806 Καὶ
1689 3752 1875 3826 ὥσπερ

291 3843 442 3897 ἐστὶν
476 3842 640 3907 αὐτὸς
685 3840 787 3913 μὲν
832 3844 867 3913 ή
912 3842 1176 3913 ἄμπελος,
1210 3846 1370 3914 ἡμεῖς
1409 3843 1465 3896 δὲ
1500 3843 1569 3896 τὰ
1600 3844 1872 3915 κλήματα,

296 3934 745 4006 προσπεφυκότες
766 3933 915 4004 αὐτῷ
942 3935 1027 3989 διά
1052 3934 1152 4005 τῆς
1182 3937 1239 3988 ὲν
1264 3935 1541 4006 Πνεύματι
1566 3936 1871 3999 κοινωνίας·

293 4024 438 4081 οὕτω
486 4026 581 4080 καὶ
620 4026 816 4096 ῥάϐδος
858 4028 954 4080 καὶ
1006 4026 1291 4098 βλάστημα
1346 4028 1443 4097 μὲν
1490 4026 1675 4094 αὐτὸς,
1712 4028 1878 4099 ήγουν

294 4119 427 4190 φυὴ,
447 4118 543 4172 καὶ
562 4118 816 4191 ἀνατολὴ,
844 4120 1005 4190 ἡμεῖς
1032 4119 1088 4173 δὲ
1111 4121 1197 4173 ἐπ’
1225 4119 1374 4191 αὐτῴ
1405 4119 1875 4192 βεϐλαστήκαμεν,

295 4210 390 4262 καὶ
423 4208 759 4280 ἀνεθάλομεν
806 4212 885 4274 είς
914 4211 1246 4283 ἀφθαρσίαν,
1275 4212 1351 4274 ὡς
1388 4212 1545 4282 ἔφην,
1578 4214 1673 4266 καὶ
1706 4211 1875 4285 ζωήν.

293 4300 469 4364 Αὐτὸς
517 4300 835 4372 ᾠκοδόμησε
891 4302 984 4356 τὸν
1027 4299 1175 4357 οἷκον
1214 4304 1442 4375 Κυρίου.
1477 4305 1635 4358 Ἐστι
1679 4305 1736 4358 δὲ
1782 4306 1878 4359 καὶ

297 4390 515 4462 ἀπάσης
566 4390 818 4461 ἔμπλεως
867 4392 1091 4466 ἀρετῆς,
1136 4395 1433 4457 τουτέστιν,
1487 4395 1735 4460 εὐκλείας
1778 4396 1879 4468 τῆς

1973 3290 2396 3359 germinavimus
2448 3291 2715 3361 siquidem
2736 3306 2843 3347 non
2876 3290 3108 3362 amplius
3135 3292 3187 3348 in
3229 3294 3538 3363 corruptio-

1975 3393 2098 3433 nem
2125 3388 2180 3435 et
2227 3390 2457 3435 mortem
2493 3390 2712 3451 propter
2758 3380 3215 3447 maledictionem,
3253 3384 3348 3439 sed
3382 3387 3434 3439 in
3468 3389 3545 3440 vi-

1977 3480 2086 3525 tam
2118 3480 2173 3527 et
2203 3473 2698 3541 incorruptionem,
2735 3472 2973 3527 radicem
3040 3474 3302 3531 habentes
3347 3478 3536 3543 vitam,

1975 3562 2078 3619 hoc
2105 3572 2209 3631 est,
2238 3563 2533 3618 Christum.
2572 3564 2641 3618 Et
2667 3566 2805 3619 sicut
2854 3565 2967 3637 ipse
2990 3575 3074 3620 est
3099 3566 3245 3628 vitis.
3288 3584 3387 3622 nos
3445 3586 3544 3623 au-

1977 3664 2084 3710 tem
2118 3655 2456 3726 palmites",
2514 3656 2700 3728 agnati
2763 3655 2841 3713 illi
2893 3662 3435 3727 percommunionem
3489 3665 3544 3718 in

1977 3747 2220 3817 Spiritu:
2255 3748 2329 3802 ita
2353 3755 2410 3801 ct
2430 3762 2600 3819 urga,
2627 3758 2682 3804 et
2702 3763 2925 3820 germen
2956 3752 3092 3819 ipse,
3117 3754 3232 3807 sive
3259 3754 3547 3822 productio

1974 3846 2031 3893 et
2057 3837 2263 3902 oriens,
2287 3850 2589 3895 nosautem
2612 3856 2777 3911 super
2827 3841 2944 3911 ipso
2990 3844 3438 3912 germinavimus,
3493 3856 3549 3901 et

1977 3928 2319 3987 reﬂoruimus
2370 3931 2423 3985 in
2476 3932 2936 4001 incorruptionem
2980 3943 3035 3988 et
3063 3935 3266 4003 vitam,
3307 3945 3366 3991 ut
3413 3938 3547 3996 disi.

1977 4020 2098 4091 Ipse
2116 4019 2639 4078 aedificavitdomum
2689 4022 2922 4079 Domini.
2989 4023 3084 4080 Est
3133 4042 3293 4096 porro
3318 4038 3371 4081 et
3398 4031 3546 4085 omni

1976 4115 2178 4173 virtute
2202 4118 2413 4188 plenus,
2441 4118 2543 4175 hoc
2574 4127 2679 4184 est,
2730 4118 2901 4188 gloria
2952 4120 3062 4175 Deo
3089 4122 3323 4177 maxime
3348 4137 3549 4178 conve-

1977 4205 2182 4262 niente.
2224 4225 2245 4260 ι
2283 4204 2671 4278 Operuitenim
2732 4208 2899 4264 cmlos
2941 4209 3114 4264 virtus
3142 4211 3279 4282 ejus,
3304 4214 3547 4269 etlaudis

1977 4297 2096 4368 ejus
2116 4298 2270 4370 plena
2300 4310 2386 4355 est
2411 4312 2578 4367 terra,
2602 4318 2622 4353 ι
2642 4309 2699 4354 ιιι
2724 4299 2886 4355 habet
2914 4303 3176 4371 propheta
3196 4302 3461 4360 .ﬂabacuc
3477 4305 3545 4360 “.

1980 4388 2181 4444 Scribit
2218 4390 2345 4444 item
2379 4389 2575 4443 alicubi
2613 4390 2831 4459 sapiens
2892 4387 3170 4445 Joannes:
3235 4409 3255 4443 ε
3308 4389 3549 4446 Vidimus

296 4481 416 4552 Θεῷ
463 4482 946 4555 πρεπωδεστάτης.
987 4502 1006 4535 ε
1051 4484 1319 4556 Ἐκάλυψε
1353 4486 1462 4555 γάρ
1493 4486 1753 4557 οὐρανοὺς
1783 4490 1868 4541 καὶ

1980 4479 2210 4550 gloriam
2258 4479 2395 4550 eius,
2418 4480 2642 4551 gloriam
2673 4481 2828 4550 quasi
2870 4479 3145 4548 Unigeniti
3167 4495 3199 4535 a
3222 4480 3402 4551 Patre,
3436 4484 3550 4554 ple-

298 4572 467 4644 ἀρετὴ
497 4572 681 4639 αὑτοῦ,
716 4575 807 4628 καὶ
831 4575 932 4645 τῆς
963 4575 1222 4640 αἰνέσεως
1252 4577 1419 4630 αὑτοῦ
1445 4577 1714 4649 πλήρηςή
1743 4577 1871 4648 γῆ,›

302 4662 443 4716 καθά
473 4681 636 4735 φησιν
665 4668 693 4718 ό
719 4667 1005 4737 προφήτης
1032 4666 1367 4739 Ἀϐϐακούμ.
1409 4669 1657 4741 Γέγραφε
1682 4670 1742 4724 δέ
1773 4686 1879 4725 που

300 4755 396 4808 καὶ
443 4756 473 4809 6
518 4757 682 4825 σοφὸς
711 4757 988 4829 Ἰωάννης,
1021 4759 1104 4812 ὅτι
1162 4778 1180 4811 ε
1208 4758 1525 4830 Τεθεάμεθα
1578 4762 1675 4833 τὴν
1722 4761 1881 4828 δόξαν

300 4845 491 4911 αὐτοῦ,
539 4845 696 4913 δόξαν
727 4846 804 4913 ὡς
838 4848 1177 4918 Μονογενοῦς
1206 4850 1357 4921 παρὰ
1391 4852 1625 4923 Πατρὸς,
1667 4852 1880 4925 πλήρης

298 4936 522 5008 χάριτος
550 4940 642 4991 καὶ
675 4939 957 5011 ἀληθείας.
988 4959 1006 4992 ι
1060 4940 1366 4995 Κεκάθικεν
1397 4942 1491 4995 ἐπὶ
1532 4942 1746 5013 θρόνου,
1787 4944 1878 5014 βε-

301 5027 622 5083 ϐασίλευκεν
648 5029 726 5094 ὡς
750 5030 901 5097 Θεὸς,
929 5032 1023 5087 καὶ
1049 5031 1164 5085 ἔστι
1192 5032 1444 5105 σύνεδρος
1486 5032 1564 5104 τῷ
1610 5034 1725 5105 ίδίῳ
1763 5036 1877 5089 Πα-

301 5123 415 5193 s91,
441 5122 541 5176 καὶ
568 5124 936 5196 συγκατάρχει
961 5124 1071 5178 τῶν
1094 5125 1379 5179 ὄλων.”οτι
1407 5125 1463 5179 δὲ
1488 5125 1793 5198 Ζοροϐάϐελ
1814 5144 1879 5181 τε

304 5215 400 5267 καὶ
430 5214 641 5279 Ἰησοῦς
670 5214 920 5287 ἀλλήλοις
945 5214 1135 5288 ὥσπερ
1178 5217 1259 5280 είς
1291 5217 1519 5290 ἑνότητα
1545 5218 1879 5289 συνημμένον.

305 5308 753 5379 κατασημήνειαν
779 5304 839 5362 εῦ
870 5308 1014 5379 μάλα
1054 5309 1308 5379 Χριστὸν,
1339 5308 1880 5381 έδειξε.προστιθεὶς,

300 5398 378 5463 ὡς
420 5400 547 5472 περί
575 5417 640 5469 γε
667 5401 762 5455 τοῦ
792 5400 1123 5471 Ζοροϐάϐελ”
1179 5422 1198 5455 ε
1228 5404 1334 5457 Καὶ
1369 5403 1518 5457 ἔσται
1549 5405 1577 5457 6
1608 5405 1783 5475 ἱερεὺς
1817 5407 1882 5459 ἐκ

301 5487 492 5552 δεξιῶν
521 5490 707 5556 αὐτοῦ,
744 5510 762 5544 ι
796 5492 1092 5559 τουτέστιν,
1110 5494 1169 5547 ὲν
1196 5498 1328 5566 τιμῇ
1356 5511 1415 5549 τε
1442 5495 1536 5548 καὶ
1733 5513 1750 5546 ι
1772 5496 1883 5550 Καὶ

304 5578 470 5651 βουλὴ
496 5581 748 5656 εἰρηνικὴ
775 5582 927 5639 ἔσται
966 5584 1071 5639 ἀνά
1102 5585 1266 5657 μέσον
1298 5586 1643 5659 ἀμφοτέρων.
1674 5606 1694 5640 ι
1725 5587 1881 5641 Ἐστι

375 5757 420 5788 ⁸⁸
456 5755 561 5817 lsa.
605 5776 677 5825 ιι.
720 5762 771 5817 1.
845 5762 892 5794 ⁸⁸
926 5762 1081 5821 Joan.
1124 5781 1211 5831 xv,
1243 5766 1296 5821 5.
1370 5766 1416 5799 "
1447 5765 1648 5823 llzibac.
1697 5782 1775 5834 ιιι,
1818 5768 1870 5822 5.

1978 4590 2106 4629 num
2132 4573 2319 4643 gratias
2360 4583 2415 4627 et
2456 4572 2696 4628 veritatis
2743 4573 2811 4626 α’.
2877 4593 2896 4626 ι
2943 4573 3088 4628 Sedit
3140 4590 3301 4645 super
3336 4576 3550 4639 thronu,

1980 4666 2226 4735 regnavit
2258 4674 2316 4717 ut
2334 4663 2498 4726 Deus.
2532 4672 2589 4718 et
2622 4664 2823 4719 assidet
2853 4662 2964 4719 Deo
2993 4665 3158 4729 Patri,
3177 4676 3232 4721 et
3262 4666 3419 4721 simul
3448 4668 3549 4721 im-

1982 4764 2133 4825 perat
2159 4753 2432 4808 omnibus.
2468 4751 2766 4808 Zorobabel
2788 4761 2967 4807 autem
3018 4762 3071 4807 et
3101 4752 3286 4813 Jesum
3317 4754 3459 4807 inter
3490 4769 3551 4809 se

1980 4857 2040 4902 ut
2093 4845 2160 4900 ad
2201 4844 2461 4900 unitatem
2517 4844 2831 4915 conjunctos
2900 4845 3183 4914 aptissime
3248 4847 3551 4917 signiﬁcare

1980 4937 2256 4993 Christum
2282 4951 2463 5009 posse,
2517 4938 2754 4994 ostendit
2807 4939 2950 5008 quod
3007 4938 3157 4993 addit
3186 4946 3446 5008 tauquam
3479 4940 3548 4993 de

1980 5030 2277 5089 Zorobabel
2305 5048 2320 5086 :
2354 5050 2374 5085 ε
2419 5030 2485 5086 Ει
2508 5033 2614 5086 erit
2645 5032 2902 5089 sacerdos
2926 5046 2956 5086 a
2987 5032 3193 5087 dextris
3222 5030 3359 5100 ejus,
3399 5051 3418 5083 ι
3450 5032 3551 5088 hoc

1982 5134 2088 5189 est,
2136 5125 2189 5179 in
2222 5125 2426 5180 honore
2444 5133 2497 5177 et
2522 5124 2717 5193 gloria.
2766 5144 2787 5178 ε
2827 5126 2894 5182 Et
2940 5127 3224 5182 consilium
3270 5120 3552 5196 pacitlcum'

1984 5215 2091 5269 erit
2109 5214 2251 5268 inter
2297 5224 2605 5284 utrumque.
2638 5232 2659 5268 ι
2693 5214 2790 5271 Est
2823 5217 2967 5271 enim
2997 5217 3207 5284 ipse,ut
3238 5214 3352 5284 jam
3372 5216 3551 5281 docui,

1990 5323 2083 5362 rex
2116 5305 2275 5363 simul
2304 5314 2359 5361 et
2386 5323 2631 5364 summus
2664 5309 2937 5373 sacerdos,
2965 5318 3021 5362 ut
3046 5323 3143 5377 per
3168 5308 3301 5362 duos
3320 5321 3425 5378 pro
3446 5323 3555 5361 uno

1988 5398 2337 5454 Emmanuele
2363 5409 2701 5454 numeratus.
2748 5398 3126 5455 Verumtamen
3160 5414 3274 5455 anon
3348 5399 3557 5453 carebit

1988 5494 2237 5547 mercede
2266 5491 2419 5549 labor
2446 5492 2724 5548 Christum
2759 5491 3169 5548 coronantium:
3220 5490 3314 5547 sed
3343 5488 3554 5546 fructus

1988 5584 2111 5639 inde
2145 5593 2434 5655 perceptus
2458 5584 2664 5643 creabit
2690 5584 2771 5642 eis
2788 5583 3102 5640 memoriam
3135 5582 3548 5654 sempiternam.

1980 5766 2023 5797 ⁸⁷
2061 5765 2216 5822 Jimn.
2262 5782 2295 5831 ι,
2342 5767 2429 5820 Η.
