4072 6370
480 319 545 375 99
1500 296 1561 351 S.
1599 290 1873 349 CYRILLI
1915 288 2381 348 ALEXANDRINI
2424 287 2741 347 ARCIIIEP.

3627 292 3746 349 100-

483 434 621 487 Vera
654 440 815 500 porro
872 439 933 481 se
979 422 1163 477 dicere
1210 414 1518 480 conﬁrmat,
1577 427 1700 468 cum
1745 409 1990 480 adjungit
2031 426 2044 461 :

2167 410 2260 480 γὰρ
2298 409 2481 474 αὐτὸς,
2497 409 2573 473 ὡς
2606 408 2707 480 ἢδη
2752 405 3035 478 προεῖπον,
3085 402 3338 475 βασιλεὺς
3357 420 3416 459 τε
3464 406 3577 478 ἅμα
3638 413 3731 463 καὶ

487 544 506 577 ι
540 523 751 579 Corona
786 526 965 573 autem
988 513 1094 571 erit
1116 506 1578 583 exspectantibus,
1595 514 1650 559 et
1672 502 1895 558 utilibus
1913 500 2052 571 ejus,

482 624 538 670 et
565 612 657 683 qui
681 612 1047 681 cognoverunt
1076 618 1220 668 eam,
1254 611 1309 655 et
1340 600 1393 655 in
1430 597 1657 666 gratiam
1692 594 1814 683 ﬁliis
1843 592 2055 683 Sopho-

484 681 606 765 nia,
631 709 687 753 et
713 698 765 752 in
822 694 1089 767 psalmum
1135 692 1188 745 in
1248 691 1407 743 domo
1433 685 1669 742 Domini.
1705 703 1725 736 ι
1758 682 1876 737 Erit
1910 681 2053 737 enim

485 793 538 847 in
566 789 795 861 gratiam
850 787 918 841 iis
960 783 1052 855 qui
1088 779 1525 838 consecraverint
1548 776 1748 841 oblata,
1801 781 1857 828 et
1895 779 2057 827 erunt

484 884 576 941 illa
606 881 823 938 occasio
845 877 1060 932 laudum
1084 869 1736 937 divinarutn.Principum
1769 864 1913 921 enim
1945 863 2056 934 pie-

486 970 813 1029 tascaeteris
843 967 928 1021 via
962 965 1244 1020 charitatis
1293 978 1421 1032 erga
1448 962 1613 1015 Deum
1676 955 1921 1012 efﬁcitur.
1952 954 2055 1009 Co-

486 1072 681 1121 ronato
713 1070 891 1115 autem
924 1072 954 1112 a
980 1057 1135 1112 nobis
1162 1054 1403 1119 Christo,
1439 1063 1565 1108 tunc
1602 1053 1766 1106 etiam
1818 1049 2055 1118 gentium

487 1153 777 1210 multitudo
805 1150 872 1204 ad
905 1149 1237 1218 agnitionem
1256 1146 1374 1214 eius
1401 1143 1732 1214 properabit,
1750 1151 1805 1194 et
1825 1140 1915 1211 qui
1936 1153 2058 1209 pro-

486 1244 576 1298 cui
596 1250 723 1297 sunt
749 1247 970 1308 propter
991 1249 1254 1297 errorem,
1284 1248 1378 1303 per
1404 1231 1562 1287 ﬁdem
1594 1231 1982 1291 vocabuntum
2005 1236 2058 1281 et

487 1332 831 1387 aediticabunt
871 1329 923 1381 in
968 1327 1130 1382 domo
1186 1323 1420 1379 Domini.
1458 1341 1477 1373 ι
1514 1321 1768 1388 Quaenam
1815 1317 2060 1373 .azdiiica-

488 1422 663 1479 bunt?
689 1422 909 1490 Seipsos
935 1418 1206 1481 videlicet,
1230 1421 1549 1484 coaptantes
1582 1411 1809 1474 sanctis,
1833 1419 1884 1465 et
1918 1423 2060 1463 com-

488 1525 752 1587 ponentes
775 1513 939 1585 708
972 1512 1028 1566 in
1066 1512 1166 1564 [ide
1190 1510 1256 1563 ad
1288 1509 1551 1562 unitatem
1587 1518 1708 1559 cum
1732 1503 1799 1557 iis
1815 1503 1905 1572 qui
1933 1511 2060 1556 sunt

487 1620 557 1661 ex
575 1603 762 1670 Israel,
794 1604 1012 1658 Christo
1040 1613 1253 1654 summo
1286 1596 1529 1665 angulari
1561 1594 1737 1663 lapide
1752 1591 1819 1656 ⁸⁸,
1852 1600 1908 1645 et
1932 1606 2062 1645 con-

491 1703 740 1757 nectente
772 1693 823 1747 in
856 1689 1202 1746 concordiam
1220 1702 1315 1757 per
1331 1701 1410 1752 se,
1444 1698 1563 1753 quae
1607 1683 1737 1737 olim
1792 1679 2058 1748 disiuncta

2153 500 2463 571 ἀρχιερεὺς,
2493 500 2571 563 ὡς
2600 499 2687 553 διὰ
2709 498 2853 552 δυοῖν
2878 498 2958 561 είς
2983 496 3079 550 ’ένα
3108 496 3455 566 γραφόμενος
3478 498 3568 551 τὸν
3602 499 3732 571 Ἐμο

2159 592 2420 663 μανουήλ.
2452 592 2601 664 Πλὴν
2628 592 2727 644 οὐκ
2756 589 2987 661 ἄμισθος
3015 589 3043 641 6
3072 588 3232 652 πόνος
3269 591 3382 653 τοῖς
3408 592 3732 660 στεφανοῦσι

2155 684 2408 755 Χριστὸν,
2439 683 2556 738 ἀλλ’
2586 684 2666 746 είς
2694 681 3048 752 ἀτελεύτητον
3082 680 3262 743 αὐτοῖς
3284 680 3569 752 δραμεῖται
3597 685 3734 754 μνή-

2160 791 2267 843 μην
2298 774 2333 843 ή
2367 771 2865 844 καρποφορία.Ὅτι
2890 770 2948 823 δὲ
2969 766 3206 841 ἀτρεκὴς
3246 769 3274 820 6
3302 770 3479 840 λόγος,
3508 770 3735 842 ὲμπεδοί

2157 865 2493 937 προστιθείς·
2544 882 2563 914 t
2586 863 2643 917 Ὀ
2669 862 2727 917 δὲ
2756 863 3020 932 στέφανος
3059 862 3212 919 ἔσται
3242 867 3353 928 τοῖς
3380 861 3727 934 ὑπομένουσι,

2156 961 2250 1012 καὶ
2279 959 2390 1020 τοῖς
2418 955 2707 1028 χρησίμοις
2739 952 2929 1025 αὐτῆς,
2961 954 3057 1009 καὶ
3094 959 3207 1021 τοῖς
3235 955 3601 1025 ὲπεγνωκόσιν
3633 956 3727 1008 αὐ-

2155 1046 2279 1118 τὴν,
2308 1046 2402 1099 καὶ
2427 1047 2507 1106 είς
2528 1044 2726 1116 χάριτα
2755 1045 2869 1108 τοῖς
2902 1045 3039 1108 υἱοῖς
3064 1045 3338 1115 Σοφονίου,
3369 1046 3462 1099 καὶ
3493 1048 3572 1110 εἰς
3597 1044 3735 1115 ψαλ-

2161 1138 2260 1208 μὸν
2313 1139 2371 1190 ὲν
2421 1137 2553 1208 οἴκῳ
2600 1136 2827 1208 Κυρίου.
2858 1155 2877 1188 ι
2911 1136 3103 1190 Ἔσται
3146 1140 3253 1210 γάρ
3293 1140 3373 1202 εἰς
3420 1138 3577 1209 χάριν
3621 1140 3737 1200 τοῖς

2157 1227 2526 1282 ἀνατεθεικόσι
2554 1228 2621 1281 τά
2654 1230 3192 1301 προσκεκομισμένα,
3220 1231 3540 1299 γενήσονται
3564 1227 3618 1281 δὲ
3641 1229 3737 1281 καὶ

2158 1319 2462 1388 δοξολογίας
2508 1320 2886 1392 πρόφασις.Ἡ
2932 1320 3042 1393 γὰρ
3087 1321 3197 1375 τῶν
3232 1321 3546 1393 ἡγουμένων
3582 1321 3738 1374 εὐσέ-

2160 1412 2307 1475 ϐεια,
2334 1412 2435 1483 τῆς
2460 1413 2540 1475 εἰς
2565 1413 2699 1466 Θεὸν
2719 1413 2941 1486 ἀγάπης
2972 1415 3087 1478 ὁδὸς
3119 1418 3230 1478 τοῖς
3264 1416 3474 1486 ἑτέροις
3503 1414 3732 1484 γίνεται.

2160 1502 2603 1574 Στεφανουμένου
2632 1504 2689 1558 δὲ
2722 1507 2862 1576 πρὸς
2891 1505 3048 1577 ἡμῶν
3084 1506 3176 1560 τοῦ
3206 1506 3469 1579 Χριστοῦ,
3500 1507 3616 1561 τότε
3642 1508 3737 1559 καὶ

2160 1596 2195 1664 ἡ
2226 1593 2334 1649 τῶν
2361 1595 2529 1648 ἐθνῶν
2557 1596 2723 1668 ἀγέλη
2753 1597 3041 1669 δραμεῖται
3076 1598 3211 1669 πρὸς
3235 1598 3528 1665 ἐπίγνωσιν
3547 1596 3735 1661 αὐτοῦ,

2161 1685 2256 1738 καὶ
2284 1687 2333 1738 οἱ
2371 1688 2591 1758 μακράν
2622 1687 2775 1752 ὅντες
2801 1689 2892 1743 διὰ
2923 1690 3022 1761 τὴν
3065 1690 3353 1759 πλάνησιν,
3382 1688 3739 1758 κεκλήσονται

491 1787 730 1843 fuerant.
768 1802 788 1836 ι
814 1782 1067 1839 Condidit
1096 1780 1240 1835 enim
1271 1778 1406 1833 duos
1457 1774 1681 1846 populos
1703 1773 1757 1827 in
1787 1787 1950 1826 unum
1970 1785 2062 1825 no-

2167 1775 2249 1829 διά
2291 1775 2549 1843 πίστεως,
2599 1798 2617 1829 ι
2646 1778 2757 1832 Καὶ
2778 1780 3220 1853 οίκοδομήσουσιν
3268 1782 3326 1835 έν
3367 1779 3443 1850 τῷ
3484 1780 3615 1848 οῐκῳ
3641 1777 3737 1831 τοῦ

488 1893 613 1933 vum
640 1876 930 1939 hominem,
984 1870 1193 1926 faciens
1246 1881 1458 1938 pacem,
1503 1873 1561 1919 et
1588 1860 1961 1917 reconcilians
2003 1859 2056 1913 in

2167 1868 2319 1923 Θεοῦ.
2373 1887 2392 1921 t
2430 1870 2565 1925 Τίνα
2616 1871 2674 1925 δὲ
2714 1872 3187 1945 οίκοδομήσουσιν;
3233 1874 3459 1935 ἑαυτοὺς
3500 1871 3741 1942 δηλονότι

489 1986 721 2043 corpore
760 1984 861 2025 suo
894 1966 1044 2022 Patri
1079 1965 1261 2021 omnia
1287 1964 1355 2017 ⁸⁸.
1401 1981 1420 2014 ι
1454 1959 1584 2026 Quae
1610 1972 1732 2012 cum
1781 1956 2061 2011 evenerint

2169 1960 2697 2032 πναρμολογοῦντες
2728 1968 2840 2030 τοῖς
2868 1968 3063 2035 ἁγίοις,
3088 1970 3182 2021 καὶ
3207 1964 3542 2027 συντιθέντες
3565 1964 3623 2017 ὲν
3649 1962 3744 2014 πί-

485 2062 621 2134 jam,
646 2061 849 2116 sanctis
876 2056 1152 2128 prophetis
1176 2052 1491 2117 suﬂ'ragium
1514 2047 1757 2105 veritatis
1793 2046 2061 2110 dabimus,

2170 2067 2284 2103 στει
2306 2052 2443 2123 πρὸς
2467 2053 2659 2108 ἕνωσιν
2683 2058 2797 2119 τοῖς
2825 2055 2885 2123 ἐξ
2906 2059 3146 2132 Ἰσραὴλ,
3172 2060 3323 2123 δντος
3345 2055 3740 2129 ἀκρογωνιαίου

491 2152 780 2211 manifeste
832 2157 1248 2218 cognoscentes,
1304 2144 1471 2199 Deum
1524 2141 1762 2197 locutum
1819 2152 1939 2193 esse
2005 2136 2059 2191 in

2167 2144 2424 2214 Χριστοῦ,
2462 2147 2558 2200 καὶ
2591 2149 2925 2222 συνείροντος
2976 2152 3057 2215 είς
3111 2150 3412 2223 όμοψυχίαν
3455 2149 3521 2202 δι’
3546 2146 3741 2202 ἑαυτοῦ

490 2246 646 2316 ipsis,
692 2254 748 2301 et
779 2241 1116 2315 .mystcrium
1158 2235 1359 2295 Christi
1386 2233 1540 2291 nobis
1578 2230 1987 2303 praenuntiasse.

2167 2234 2234 2288 τὰ
2269 2236 2437 2291 πάλαι
2464 2239 2789 2312 διῃρημένα.
2822 2242 3078 2298 «Ἔκτισε
3123 2246 3231 2316 γὰρ
3273 2244 3399 2308 τοὺς
3442 2242 3535 2296 δύο
3581 2240 3744 2303 λαοὺς

2166 2323 2248 2385 είς
2272 2322 2370 2378 ἕνα
2384 2326 2571 2381 καινὸν
2585 2329 2891 2400 ἄνθρωπον,
2917 2332 3087 2386 ποιῶν
3113 2334 3359 2405 εἰρήνην,
3388 2332 3483 2387 καὶ
3509 2332 3747 2385 ἀποκατο

494 2423 779 2479 αλλάσσων
808 2422 868 2477 ὲν
894 2421 973 2492 τῷ
1009 2420 1220 2491 σώματι
1249 2415 1415 2472 αὑτοῦ
1462 2416 1532 2470 τά
1572 2413 1753 2469 πάντα
1816 2409 1954 2483 πρὸς
1990 2409 2082 2463 τὸν
2120 2412 2362 2485 Πατέρα.
2392 2410 2521 2472 »Ὧν
2541 2421 2621 2483 είς
2676 2422 2851 2493 πέρας
2874 2422 3274 2495 ὲκσεσηκάτων,
3295 2420 3743 2495 ὲπιψηφωύμεθα

492 2515 606 2577 τοῖς
634 2512 807 2580 ἁγίοις
832 2511 1138 2582 προφήταις
1161 2508 1223 2561 τδ
1251 2505 1502 2579 ἀτρεκὲς,
1530 2503 1830 2574 ἐγνωκότες
1891 2499 2100 2570 σαφῶς,
2138 2502 2215 2566 ὡς
2260 2501 2329 2576 ἦν
2375 2505 2507 2572 Θεὸς
2550 2509 2608 2563 ἑν
2655 2512 2838 2578 αὐτοῖς
2881 2514 2911 2568 6
2977 2514 3155 2570 λαλῶν
3198 2515 3293 2570 καὶ
3340 2513 3745 2588 προαναφωνῶν

495 2612 630 2682 ἡμῖν
658 2608 721 2663 τὸ
748 2604 991 2679 Χριστοῦ
1021 2606 1338 2676 μυστήριον.
1408 2653 1413 2657 .

562 2792 728 2849 Vens.
754 2791 868 2845 1-5.
895 2786 961 2842 Et
994 2696 1283 2859 {quifit
1305 2693 1584 2854 ginquarto
1598 2798 1759 2848 anno,
1776 2780 1870 2835 sub
1899 2779 2063 2834 Dario

2776 2693 3031 2751 ΚΕΦΑΛ.
3072 2698 3145 2752 Z'.

2240 2780 2351 2837 Καὶ
2385 2781 2622 2853 ἐγένετο
2653 2798 2724 2838 εν
2766 2786 2847 2852 τῷ
2891 2786 3143 2857 τετάρτῳ
3190 2788 3329 2854 ἔτει,
3362 2790 3461 2845 ἐπὶ
3500 2794 3745 2862 Δαρείου

495 2899 637 2953 rege,
657 2882 830 2951 [actus
855 2888 932 2936 est
961 2894 1130 2933 sermo
1159 2874 1367 2930 Domini
1403 2875 1471 2928 ad
1497 2872 1816 2927 Zachariam
1867 2878 2063 2939 quarta

2168 2872 2275 2925 τοῦ
2299 2874 2626 2942 βασιλέως,
2659 2876 2895 2946 ἐγένετο
2921 2879 3103 2949 λόγος
3131 2878 3356 2948 Κυρίου
3385 2884 3533 2951 πρὸς
3555 2888 3749 2955 Ζαχα-

496 2977 688 3033 mensis
709 2974 855 3040 noni,
881 2974 968 3043 qui
985 2981 1059 3026 est
1085 2968 1330 3025 Chasleu.
1356 2965 1423 3020 Et
1445 2967 1587 3019 misit
1616 2966 1670 3018 in
1700 2962 1880 3018 Betliel
1901 2960 2066 3017 Sara-

498 3084 608 3136 sar,
630 3075 680 3122 et
705 3066 925 3121 Arseber
946 3078 1041 3117 rea:
1061 3071 1108 3115 et
1130 3059 1228 3115 uiri
1252 3059 1389 3128 ejus,
1420 3065 1476 3110 ut
1514 3055 1859 3126 propitiarent
1888 3051 2068 3107 Domi-

499 3176 646 3225 num,
680 3158 892 3231 loquens
925 3157 993 3210 ad
1024 3154 1320 3209 sacerdotes
1343 3153 1432 3221 qui
1453 3151 1508 3203 in
1539 3152 1695 3201 domo
1719 3146 1931 3200 Domini
1961 3161 2068 3197 om-

500 3251 800 3317 nipotentis,
819 3256 865 3300 et
899 3246 967 3299 ad
990 3244 1290 3311 prophetas,
1313 3242 1488 3295 dicens
1512 3257 1533 3296 :
1566 3237 1814 3307 Ingresso
1860 3246 1933 3288 est
1966 3234 2066 3285 huc

501 3344 555 3396 in
584 3341 767 3411 quinto
800 3353 972 3391 mense
1020 3335 1397 3403 sanctiﬁcatio,
1431 3330 1588 3401 juxta
1630 3332 1767 3400 quod
1835 3328 2067 3397 fecerunt

493 3435 610 3504 jam
631 3431 867 3501 pluribus
895 3429 1070 3482 annis.

572 3714 816 3773 XXXIV.
837 3715 968 3771 Post
996 3712 1362 3770 ostensionem
1426 3709 1691 3765 visionum
1743 3706 1906 3763 verba
1965 3706 2071 3761 alia

500 3826 535 3867 a
566 3810 676 3867 Deo
715 3809 852 3865 facta
870 3818 1016 3873 sunt,
1072 3806 1221 3862 brevi
1273 3813 1513 3874 tempore
1572 3802 1889 3872 interlapso.
1932 3803 2073 3857 Ante

501 3902 738 3959 visiones
772 3901 917 3956 enim
948 3899 1207 3969 scriptum
1233 3906 1317 3952 est
1344 3911 1361 3950 :
1414 3913 1434 3948 t
1466 3892 1524 3949 ln
1553 3902 1745 3964 quarta
1797 3904 1852 3949 et
1876 3892 2073 3949 vicesi-

502 4009 591 4051 ma
620 3991 889 4048 undecimi
919 3989 1141 4053 mensis,
1166 3988 1258 4058 qui
1286 3996 1371 4043 est
1432 3986 1638 4042 mensis
1683 3984 1874 4052 Sabat,
1930 3997 2073 4039 anno

503 4084 740 4142 secundo
772 4083 937 4148 Darii,
977 4082 1178 4137 factum
1211 4089 1294 4136 est
1330 4080 1554 4135 verbum
1586 4076 1798 4133 Domini
1852 4075 1920 4131 ad
1968 4072 2075 4130 Za-

503 4176 744 4234 chariam
764 4174 934 4230 lilium
966 4171 1263 4236 Barachiaz,
1289 4170 1456 4225 ﬁlium
1482 4168 1635 4225 Addo
1660 4168 1954 4239 prophetat,
1988 4165 2073 4221 di-

504 4282 638 4326 cens
660 4267 732 4322 “.
772 4283 792 4319 ι
825 4264 883 4320 1η
916 4263 1164 4320 adductis
1189 4271 1368 4317 autem
1399 4260 1746 4315 theorematis
1770 4259 1912 4313 aliud
1936 4268 2074 4313 tem-

508 4371 608 4427 pus
634 4354 931 4426 post-illud
978 4350 1322 4421 exprimitur.
1376 4348 1435 4402 In
1486 4358 1681 4417 quarto
1734 4348 1877 4401 enim
1907 4362 2073 4412 anno,

508 4458 699 4518 quarta
723 4444 924 4501 mensis
949 4444 1100 4509 noni,
1127 4442 1219 4510 qui
1247 4449 1330 4496 est
1349 4440 1604 4504 Chasleu,
1628 4454 1761 4494 voce
1812 4437 2072 4493 Hebraica

2162 2963 2306 3031 ρίαν
2354 2964 2585 3033 τετράδι
2638 2968 2743 3022 τοῦ
2786 2968 2979 3037 μηνὸς
3032 2971 3138 3025 τοῦ
3197 2974 3470 3041 ἐννάτου,
3512 2977 3578 3044 ὅς
3614 2980 3747 3035 ἐστι

2170 3054 2432 3109 Χασλεῦ,
2469 3058 2578 3109 Καὶ
2608 3058 3039 3122 ἐξαπέστειλεν
3068 3064 3155 3126 εὶς
3184 3065 3411 3131 Βαιθὴλ
3444 3071 3743 3137 Σαρασὰρ,

2172 3146 2271 3199 καὶ
2315 3148 2583 3217 Ἆρσεϐὲρ
2630 3154 2663 3204 ό
2703 3152 3024 3221 βασιλεὺς,
3054 3156 3153 3209 καὶ
3199 3159 3253 3210 οἱ
3291 3157 3506 3226 ἄνδρες
3557 3163 3745 3215 αὑτοῦ

2168 3238 2563 3302 ἐξιλάσασθαι
2592 3242 2699 3296 τὸν
2736 3247 2971 3313 Κύριον,
3004 3247 3196 3318 λέγων
3226 3250 3372 3316 πρὸς
3402 3251 3545 3318 τοὺς
3575 3254 3750 3321 ἱερεῖς

2170 3329 2311 3395 τοὺς
2338 3330 2407 3383 ἐν
2433 3330 2513 3396 τῷ
2537 3332 2681 3398 οἴκῳ
2711 3336 2931 3401 Κυρίου
2960 3336 3456 3404 παντοκράτορος,
3470 3339 3566 3392 καὶ
3598 3340 3751 3408 πρές

2171 3420 2313 3486 τοὺς
2350 3422 2679 3490 προφήτας,
2719 3424 2913 3494 λέγων
2933 3441 2946 3455 ³
2983 3427 3397 3494 Εὶσελήλυθεν
3421 3424 3535 3483 ὦδε
3566 3430 3635 3483 ἐν
3666 3429 3749 3496 τῷ

2172 3511 2316 3579 ιιηνὶ
2362 3511 2442 3578 τῷ
2479 3513 2726 3582 πέμπτῳ
2768 3516 2834 3568 τὸ
2883 3517 3163 3588 ἀγίασμα,
3210 3521 3412 3574 καθότι
3451 3522 3751 3591 ἐποίησαν

2172 3601 2290 3670 ἤδη
2324 3602 2501 3657 ἱκανὰ
2532 3604 2662 3673 ἔτη.

2241 3694 2360 3747 ΛΔ’.
2402 3696 2554 3750 Μετὰ
2584 3696 2681 3768 τὴν
2705 3697 2814 3751 τῶν
2834 3699 3077 3771 ὁράσεων
3103 3702 3378 3768 άποδειξιν
3400 3704 3575 3776 ἕτεροι
3598 3706 3751 3775 παρά

2172 3784 2307 3838 Θεοῦ
2341 3786 2595 3854 γεγόνασι
2643 3788 2810 3858 λόγοι,
2846 3792 3045 3864 μικροῦ
3083 3793 3285 3864 μεταξὺ
3327 3794 3748 3859 διιππεύσαντνις

2173 3876 2388 3947 χρόνου.
2419 3879 2534 3951 Πρὸ
2580 3881 2680 3951 μὲν
2726 3882 2836 3953 γὰρ
2882 3884 2991 3937 τῶν
3020 3884 3263 3956 ὀράσεων
3294 3887 3629 3957 γέγραπται,
3663 3888 3748 3940 ὅτι

2179 3987 2197 4020 t
2222 3968 2310 4023 Ἐν
2342 3973 2407 4042 τῇ
2457 3972 2673 4043 τετράδι
2708 3975 2803 4028 καὶ
2851 3975 3025 4029 εἰκάδι
3071 3975 3164 4029 τοῦ
3219 3976 3507 4030 ἑνδεκάτου
3558 3977 3748 4048 μηνὸς,

2173 4058 2329 4128 οὗτός
2363 4066 2511 4118 ἐστιν
2539 4065 2567 4118 6
2601 4064 2707 4136 μὴν
2742 4067 2771 4119 6
2807 4065 3007 4133 Σασάτ,
3036 4066 3093 4119 ὲν
3124 4066 3203 4137 τῷ
3234 4067 3469 4139 δευτέρῳ
3502 4067 3610 4121 έτει
3645 4070 3751 4120 Δα-

2176 4155 2344 4227 ρείου,
2378 4155 2593 4224 ἐγένετο
2629 4156 2788 4225 λόγος
2815 4159 3020 4229 Κυρίου
3058 4158 3197 4230 πρὸς
3227 4159 3503 4230 Ζαχαρίαν
3532 4162 3620 4212 τὸν
3652 4159 3749 4211 τοῦ

2176 4247 2473 4317 Βαραχίου,
2515 4249 2628 4301 υἱὸν
2658 4248 2824 4302 Ἀδδὼ
2852 4249 2947 4303 τοῦ
2975 4251 3272 4322 προφήτου,
3301 4250 3492 4319 λέγων.
3524 4270 3543 4303 ι
3577 4252 3661 4303 Ἐν
3688 4251 3749 4303 δέ

2175 4353 2240 4405 γε
2271 4341 2384 4401 τοῖς
2417 4340 2795 4409 προκειμένοις
2824 4342 2954 4411 ἡμῖν
3001 4340 3351 4412 θεωρήμασιν
3401 4342 3585 4412 ἔτερος
3620 4342 3752 4411 μετ’

2175 4429 2382 4482 ἐκεῖνον
2414 4431 2654 4500 ὁρίζεται
2684 4432 2891 4502 χρόνος.
2911 4432 2997 4484 Ἐν
3028 4432 3135 4503 γὰρ
3165 4431 3242 4503 τῷ
3274 4435 3517 4505 τετάρτῳ
3542 4434 3650 4485 ἔτει
3679 4435 3749 4504 τῇ

507 4538 779 4602 videlicet,
816 4533 1351 4606 prophetaequaadam
1378 4532 1559 4587 divina
1587 4529 1727 4585 visio
1746 4528 1926 4585 oblata
1965 4538 2065 4586 est.

2174 4521 2397 4591 τετράδι
2424 4521 2518 4575 τοῦ
2558 4524 2724 4593 μηνὸς
2749 4524 2842 4578 τοῦ
2874 4525 3117 4593 έννάτου,
3134 4526 3191 4588 ὅς
3213 4526 3329 4577 ἐστι
3349 4523 3582 4588 Χασλεῦ,
3608 4526 3751 4576 κατά

504 4629 858 4685 Occasionem
883 4626 1121 4680 narratio
1151 4622 1393 4677 historias
1416 4623 1580 4675 etiam
1604 4629 1765 4689 atque
1784 4619 1944 4673 etiam
1974 4618 2068 4672 deo

503 4720 751 4775 clarabit.
785 4717 898 4772 Non
931 4716 1075 4771 enim
1122 4714 1279 4769 aliter
1322 4713 1567 4782 quidam,
1623 4711 1725 4765 nisi
1770 4711 1871 4764 hoc
1911 4709 2070 4764 modo

505 4810 907 4881 propositorum
929 4807 1215 4861 verborum
1249 4803 1574 4859 sententiam
1603 4799 2069 4870 concipient.0m-

505 4904 633 4957 nino
647 4902 794 4955 enim
825 4900 1044 4969 quinam
1075 4893 1548 4963 fuerintSarasar,
1582 4904 1639 4951 et
1667 4895 1903 4950 Arseber
1949 4908 2069 4957 rex,

501 5003 558 5046 et
585 4992 812 5047 comites
845 4989 983 5058 ejus,
1018 4995 1144 5042 ante
1173 4986 1276 5040 alia
1306 4986 1592 5041 dicendum
1648 4992 1751 5039 est.
1804 4981 2068 5036 Prasterea

501 5085 631 5154 quid
669 5081 1024 5138 sanctiﬁcatio
1056 5080 1113 5134 in
1144 5079 1334 5148 quinto
1354 5092 1543 5133 mense
1579 5093 1592 5130 :
1647 5076 1774 5131 item
1841 5075 2075 5129 interro-

501 5175 733 5244 gationis
770 5173 961 5229 modus
984 5187 1221 5242 quonam
1256 5170 1528 5242 respiciat,
1550 5167 1763 5239 etquod
1798 5166 1870 5223 sit
1901 5166 2073 5223 inter-

503 5270 800 5339 rogantium
840 5265 1149 5322 consilium.

2169 4612 2267 4685 τὴν
2312 4613 2577 4685 Ἐϐραίων
2622 4616 2805 4687 φωνὴν
2853 4616 3127 4685 δηλονότι,
3183 4616 3615 4687 μεταπεφοίτηκε
3669 4616 3751 4684 τῷ

2174 4707 2425 4779 προφήτῃ
2459 4707 2559 4779 τῆς
2594 4709 2848 4771 θεοπτίας
2876 4698 2904 4759 6
2932 4708 3146 4779 τρόπος.
3180 4709 3276 4772 Τίς
3301 4709 3358 4761 δὲ
3393 4710 3425 4780 ἡ
3453 4708 3748 4778 πρόφασις.

2174 4800 2208 4870 ἡ
2240 4801 2340 4871 τῆς
2376 4800 2612 4871 ἱστορίας
2640 4801 2918 4872 ἀφήγησις
2950 4796 3010 4853 εὖ
3043 4800 3187 4871 μάλα
3228 4802 3501 4871 σαφηνιεῖ.
3534 4799 3750 4851 Συνεῖεν

2174 4892 2283 4961 γὰρ
2319 4892 2417 4961 οὐχ
2447 4892 2649 4962 ἑτέρως
2671 4893 2814 4955 τινὲς
2844 4892 2983 4963 πλὴν
3009 4893 3090 4945 ὅτι
3119 4892 3261 4946 κατὰ
3281 4892 3491 4945 τουτονὶ
3512 4891 3601 4945 τὸν
3620 4892 3751 4961 τρὸο

2177 4997 2278 5033 πον
2302 4980 2410 5034 τῶν
2440 4982 2815 5052 προκειμένων
2843 4982 2932 5034 τὸν
2966 4981 3112 5036 νοῦν.
3136 4980 3292 5044 Τίνες
3318 4980 3427 5051 γάρ
3457 4979 3611 5042 ὅλως,
3639 4980 3668 5031 ὃ
3692 4995 3749 5029 τε

2172 5072 2431 5144 Σαρασάρ
2465 5074 2557 5126 καὶ
2585 5073 2846 5145 Ἀρσεϐὲρ
2881 5075 2910 5126 6
2942 5073 3217 5143 βασιλεὺς,
3248 5074 3342 5126 καὶ
3388 5072 3439 5125 oi
3477 5070 3669 5142 ἄνδρες
3702 5071 3750 5121 οἱ

2175 5170 2292 5236 μετ’
2307 5167 2492 5234 αὑτοῦ,
2511 5167 2629 5231 πῶς
2649 5169 2749 5221 οὐκ
2776 5168 3073 5235 ἀναγκαῖον
3097 5167 3195 5223 καὶ
3227 5166 3335 5238 πρό
3356 5183 3418 5234 γε
3445 5164 3554 5218 τῶν
3577 5162 3753 5218 ἄλλων

2172 5260 2470 5331 ἀναμαθεῖν
2487 5277 2517 5306 ο.
2538 5260 2589 5314 τί
2618 5277 2677 5313 τε
2698 5261 2759 5314 τὸ
2785 5260 3033 5331 άγίασμα
3062 5260 3124 5313 τὸ
3143 5262 3200 5314 ἐν
3226 5258 3304 5329 τῷ
3324 5259 3559 5329 πέμπτῳ
3583 5254 3750 5327 μηνί.

502 5359 594 5416 καὶ
642 5360 750 5431 μὴν
792 5359 884 5413 καὶ
936 5356 1156 5421 αὑτὸςό
1189 5356 1290 5427 τῆς
1337 5354 1656 5425 ἐρωτήσεως
1687 5352 1922 5425 τρόπος,
1986 5352 2108 5406 ὅποι
2147 5354 2275 5407 ποτὲ
2323 5353 2530 5422 βλέπει,
2599 5354 2692 5406 καὶ
2736 5353 2821 5418 τίς
2871 5353 2939 5408 ἂν
2988 5354 3198 5423 γένοιτο
3243 5352 3354 5405 τῶν
3399 5350 3674 5421 ἐρομένων
3724 5352 3756 5401 6

503 5457 724 5519 σκοπός

570 5471 674 5510 ,οπο
709 5472 724 5519 ;

570 5471 849 5618 Ιὶθεῗηιοιο
876 5545 1038 5616 igitur
1068 5544 1207 5602 Osee
1232 5542 1341 5600 lilio
1363 5542 1454 5599 Eia
1476 5556 1634 5613 super
1659 5540 1843 5597 decem
1895 5541 2065 5598 tribus

570 5723 616 5755 ⁸⁸
654 5722 846 5793 Ερὶιοε.
892 5739 951 5789 ιι,
990 5722 1079 5776 20.

1190 5720 1235 5755 ιθ
1256 5722 1384 5775 ibid.
1433 5721 1515 5786 ιδ,
1564 5718 1646 5775 ιδ.
1728 5720 1775 5750 εο
1819 5717 1982 5775 ιιι-ιι.
2032 5736 2067 5789 1,
2116 5721 2164 5776 ι.

2244 5536 2625 5601 Βασιλεύοντος
2650 5537 2829 5592 τοίνυν
2856 5536 3018 5609 Ὠσηὲ
3054 5535 3151 5592 τοῦ
3178 5535 3295 5591 υἱοῦ
3326 5534 3462 5590 Ἠλᾶ
3488 5533 3595 5587 τῶν
3616 5532 3753 5590 δέκα.
