4072 6370
276 322 383 389 tot

1121 325 1674 386 COMMENTARIUS
1710 325 1777 384 IN
1817 322 2220 383 ZACHARIAM
2261 326 2705 384 PHOPHETAM.

3447 328 3551 387 ΜΞ

277 448 457 518 φυλῶν
486 445 596 501 τῶν
632 447 691 499 ἐν
722 448 789 517 τῇ
822 446 1129 518 Σαμαρείᾳ,
1159 446 1255 500 καὶ
1294 446 1429 501 πολὺ
1458 442 1863 507 διανενευκότος

1976 443 2023 498 iu
2050 442 2321 510 Samaria,
2350 445 2547 516 insigni
2599 446 2900 513 desertore,
2927 463 2946 499 ι
2986 442 3366 502 servivitenim
3430 445 3550 499 ido-

279 540 663 604 εἰςάπόστασιν
685 538 1034 610 (λελάτρευκε
1059 538 1170 610 γὰρ
1198 536 1481 608 είδώλοις),
1502 536 1865 608 παροξύνεται

278 631 411 693 Θεὸς
432 630 526 683 ἐπὶ
545 628 638 683 τὸν
662 630 905 701 Ἰσραήλ.
930 625 1067 683 Εἶτα
1091 628 1529 700 κατεστράτευσε
1561 627 1662 698 τῆς
1681 626 1868 699 χώρας

279 725 309 777 ό
340 722 705 793 Σαλμανασάρ
752 721 1005 792 βασιλεὺς
1035 721 1359 792 Ἀσσυρίων,
1396 714 1508 773 εἷλε
1542 720 1642 791 τὴν
1682 721 1868 790 Σαμά-

286 831 457 886 ρειαν,
487 813 581 867 καὶ
632 812 899 884 άπῴκησε
944 813 1043 883 μὶν
1084 812 1177 866 τὸν
1214 811 1452 885 Ἰσραὴλ,
1486 810 1866 884 παρεσκεύασε

282 904 342 957 δέ
367 921 516 968 τινας
542 903 651 958 τῶν
679 906 744 956 ἐκ
774 907 872 974 τῆς
899 903 1183 957 Χαλδαίων
1208 903 1390 975 χώρας
1419 902 1746 974 κατοικῆσαι
1770 901 1869 973 τὴν

283 998 411 1068 γῆν,
448 996 533 1051 (va
563 996 627 1068 δὴ
660 997 867 1064 γένοιτο
898 996 1143 1068 Περσῶν,
1176 997 1252 1060 ὼς
1285 996 1492 1051 ἐκεῖθεν
1529 996 1726 1066 ἔχουσα
1759 994 1869 1048 λοι-

287 1089 388 1143 πον
406 1090 531 1153 τοὺς
556 1090 1056 1161 οίκήτορας.Ἐχεις
1076 1090 1176 1161 τὴν
1204 1090 1445 1161 ἱστορίαν
1463 1091 1520 1142 ἐν
1546 1092 1611 1161 τῇ
1633 1089 1867 1162 τετάρτῃ

286 1181 398 1236 τῶν
448 1181 764 1237 Βασιλειῶν.
800 1182 1114 1253 Γέγραπται
1161 1182 1270 1254 γάρ
1317 1180 1522 1247 οὕτως’
1578 1183 1709 1237 «Ἑν
1759 1181 1870 1235 ἔτει

287 1272 575 1344 δωδεκάτῳ
593 1272 763 1343 Ἀχὰζ
797 1273 1061 1343 βασιλέως
1088 1273 1280 1338 Ἰούδα,
1324 1273 1675 1328 ἐϐασίλευσεν
1704 1274 1870 1344 Ὠσηὲ

288 1362 405 1426 υἱὸς
439 1360 576 1415 Ἥλᾶ
606 1362 664 1415 ἐν
699 1362 984 1434 Σαμαρείᾳ
1025 1363 1117 1415 ἐπὶ
1146 1362 1365 1435 Ἰσραὴλ
1416 1363 1574 1417 ἐννέα
1616 1363 1733 1436 ἐτη.
1762 1364 1871 1418 Ka‘t

289 1453 515 1524 ἐποίησε
544 1452 605 1506 τὸ
633 1453 868 1525 πονηρὸν
908 1455 966 1508 ἐν
999 1453 1298 1525 ὀφθαλμοῖς
1334 1455 1568 1527 Κυρίου,
1598 1455 1739 1527 πλὴν
1771 1456 1871 1527 οὐχ

285 1544 364 1608 ὡς
410 1546 457 1597 οἱ
512 1543 749 1615 βασιλεῖς
785 1544 1022 1616 Ἰσραὴλ,
1049 1546 1099 1597 οἳ
1132 1541 1273 1617 ἦσαν
1322 1545 1635 1617 ἔμπροσθεν
1681 1547 1867 1603 αὑτοῦ.

300 1637 416 1689 Ἐπ’
435 1636 582 1707 αὐτῷ
605 1636 772 1708 ἀνέϐη
794 1637 1158 1709 Σαλμανάσαρ
1172 1637 1752 1711 βασιλεὺςἈσσυρίων,
1779 1641 1873 1695 καὶ

287 1732 522 1803 ἐγενήθη
555 1730 704 1801 αύτῷ
726 1731 887 1802 Ὠσηὲ
914 1731 1119 1794 δοῦλος.
1149 1750 1168 1783 ι
1201 1733 1311 1786 Kal.
1348 1732 1465 1803 μεθ’
1486 1732 1650 1804 ἕτερα
1674 1734 1836 1788 πάλιν
1854 1751 1867 1765 ’

1968 535 2056 600 Iis,
2095 555 2114 589 ι
2155 537 2321 609 709
2348 537 2601 593 irascitur
2624 537 2769 592 Deus
2787 536 2996 595 Israeli.
3028 538 3233 594 Deinde
3261 538 3548 592 Salmana-

1968 643 2057 684 sar
2086 628 2430 700 Assyriorum
2462 642 2554 683 rex
2578 629 2912 698 provinciam
2946 628 3115 683 armis
3168 626 3395 691 invadit,
3448 624 3551 683 Sa-

1970 724 2198 777 mariam
2240 730 2497 791 occupat,
2535 720 2787 777 Israelem
2822 720 3059 792 migrare
3092 721 3257 791 cogit,
3299 729 3349 775 et
3386 735 3550 790 quos-

1968 813 2092 868 dam
2124 814 2190 869 de
2221 814 2441 883 regione
2468 811 2842 868 Chaldaeorum
2888 812 3127 868 vicissim
3180 811 3386 868 incolas
3447 814 3549 865 im-

1971 903 2159 969 mittit,
2198 912 2263 958 ut
2288 901 2577 958 Persarum
2638 904 2852 974 propria
2884 902 3057 967 ﬁeret,
3111 902 3375 972 siquidem
3428 901 3551 953 inde

1971 995 2176 1051 incolas
2206 996 2458 1065 deinceps
2498 997 2747 1051 haberet.
2802 993 3095 1050 Historiam
3163 993 3331 1048 habes
3411 992 3550 1047 libro

1970 1097 2165 1159 quarto
2197 1088 2403 1159 Regum
2438 1088 2491 1141 in
2526 1089 2638 1143 haec
2655 1085 2815 1142 verba
2849 1103 2865 1146 ;
2917 1104 2937 1139 ι
2971 1086 3027 1141 In
3060 1101 3201 1141 anno
3230 1084 3551 1140 duodecimo

1969 1178 2154 1234 Acha:
2217 1181 2370 1249 regis
2403 1178 2539 1234 Juda
2571 1180 2820 1248 regnavit
2851 1177 2989 1235 Osee
3015 1178 3155 1234 Illius
3190 1179 3283 1234 Ela
3344 1181 3397 1234 in
3450 1180 3551 1233 Sa-

1973 1270 2146 1325 maria
2173 1285 2337 1339 super
2386 1269 2550 1325 Israel
2591 1285 2784 1327 novem
2806 1270 2987 1327 annis.
3010 1271 3074 1325 Et
3107 1269 3237 1326 fecit
3273 1270 3469 1325 malum
3495 1272 3549 1323 iu

1972 1373 2264 1435 conspectu
2296 1364 2546 1430 Domini,
2581 1375 2956 1420 verumtamen
2989 1379 3094 1419 non
3127 1366 3268 1419 sicut
3300 1379 3455 1433 reges
3484 1359 3553 1415 Is-

1974 1458 2112 1521 rael,
2135 1458 2226 1528 qui
2260 1457 2476 1512 fuerunt
2498 1467 2623 1514 ante
2657 1474 2799 1514 eum.
2839 1457 2953 1514 Sub
2987 1472 3052 1513 eo
3073 1457 3317 1513 ascendit
3343 1455 3554 1510 Salma-

1974 1563 2134 1604 nasar
2183 1564 2275 1604 rex
2324 1551 2691 1620 Assyriorum.
2749 1557 2804 1606 et
2859 1550 3032 1605 factus
3081 1557 3166 1603 est
3190 1547 3239 1602 ei
3269 1546 3406 1603 Osee
3434 1562 3552 1601 ser-

1973 1656 2073 1696 vus
2107 1642 2174 1695 ⁹¹.
2214 1661 2234 1695 ι
2267 1642 2333 1697 Ει
2355 1643 2494 1698 infra
2528 1661 2543 1697 :
2579 1661 2597 1695 ι
2638 1642 2703 1698 Ει
2740 1643 3036 1699 translatus
3064 1653 3149 1699 est
3169 1643 3336 1698 Israel
3365 1644 3418 1697 in
3454 1643 3555 1695 As-

1974 1734 2151 1806 syrios
2174 1749 2342 1804 usque
2374 1735 2426 1788 in
2458 1736 2601 1790 diem
2634 1736 2794 1790 hanc.
2827 1736 2895 1789 Et
2921 1736 3149 1791 adduxit
3180 1750 3274 1790 rex
3306 1736 3556 1806 Assyrio.

294 1843 314 1875 ι
348 1824 455 1877 Ka‘t
498 1824 789 1896 ἀπῳκίσθη
834 1823 1054 1896 Ἰσραὴλ
1121 1826 1202 1888 είς
1246 1825 1563 1895 ’Λσσυρίους
1614 1825 1720 1889 ἕως
1774 1825 1875 1896 τῆς

1979 1841 2096 1881 rum
2120 1826 2188 1881 de
2220 1826 2487 1898 Babylone
2508 1827 2714 1882 Echuta
2748 1828 2815 1883 ab
2847 1827 2971 1891 Δία,
3009 1838 3062 1882 et
3088 1828 3157 1883 ab
3209 1825 3455 1889 Emam,
3501 1834 3557 1880 et

290 1916 506 1988 ἡμέρας
552 1916 776 1985 ταύτης.
816 1918 929 1971 Kal.
976 1917 1152 1986 ἠγαγε
1199 1914 1449 1985 βασιλεὺς
1480 1917 1778 1989 Ἀσσυρίων
1810 1920 1873 1972 ἐκ

287 2008 607 2073 Βαϐυλῶνος
634 2009 727 2063 τὸν
760 2012 823 2063 ἐκ
856 2009 1040 2064 Χουθὰ
1064 2010 1172 2063 ἀπὸ
1203 2010 1345 2075 Ἀῖὰ,
1376 2010 1470 2064 καὶ
1514 2011 1622 2066 ἀπὸ
1665 2010 1871 2082 Αίμὰθ.

1972 1917 2353 1988 Sepharvaim,
2381 1929 2437 1974 et
2483 1919 2734 1975 collocati
2766 1928 2894 1974 sunt
2927 1920 2979 1973 in
3019 1920 3245 1974 urbibus
3292 1918 3555 1974 Samaria:

1972 2026 2071 2081 pro
2101 2011 2226 2067 ﬁliis
2256 2009 2444 2075 Israel,
2480 2021 2535 2067 et
2560 2012 2919 2081 possederunt
2978 2010 3283 2066 Samariam
3309 2011 3378 2065 ".
3414 2028 3434 2062 ι
3488 2007 3553 2064 Hi

276 2100 383 2154 ,καὶ
408 2098 825 2172 Σεπφαρουαῖμ,
858 2100 952 2153 καὶ
986 2099 1413 2171 κατῳκίσθησαν
1438 2102 1494 2154 ἐν
1521 2103 1641 2166 ταῖς
1684 2102 1875 2156 πόλεσι

1976 2102 2295 2173 suntigitur,
2327 2104 2421 2173 qui
2477 2102 2872 2158 Samaritarum
2945 2112 3147 2158 sortem
3208 2101 3553 2172 regionemve

277 2193 624 2265 Σαμαρείας,
656 2193 776 2247 ἀντὶ
805 2192 914 2246 τῶν
944 2194 1077 2247 υἱῶν
1103 2192 1338 2266 Ἰσραὴλ,
1368 2195 1465 2248 καὶ
1500 2194 1873 2266 ἐκληρονόμηο

1976 2196 2311 2260 insederunt,
2340 2204 2395 2250 et
2424 2197 2790 2261 incoluerunt,
2822 2210 2888 2251 ac
2946 2195 3149 2249 liberos
3184 2194 3325 2249 forte
3359 2208 3556 2262 genuc-

274 2300 389 2339 ’σαν
418 2286 515 2357 τὴν
543 2285 878 2357 Σαμάρειαν.
914 2304 933 2338 ι
974 2278 1134 2340 Οὗτοι
1168 2286 1232 2358 δὴ
1260 2281 1373 2352 οὖν,
1399 2288 1448 2339 οἱ
1479 2286 1680 2356 κλῆρον
1725 2286 1873 2340 ἑλόν-

1978 2296 2128 2355 runt,
2147 2295 2202 2342 et
2231 2288 2297 2342 ad
2330 2284 2640 2342 Iudaeorum
2685 2301 2865 2343 mores
2895 2300 2990 2341 seu
3026 2286 3162 2341 ritus
3200 2285 3556 2346 inclinarunt,

280 2395 381 2443 τες
411 2378 507 2431 τὸν
538 2379 921 2450 Σαμαρειτῶν,
944 2381 1042 2435 καὶ
1083 2381 1473 2452 κατῳκηκότες
1495 2379 1594 2452 τὴν
1621 2379 1744 2450 γῆν,
1777 2379 1872 2433 καὶ

1979 2380 2192 2437 leonum
2218 2382 2470 2437 incursus
2504 2380 2876 2446 formidantes,
2961 2394 2993 2435 e
3046 2394 3278 2449 quorum
3331 2391 3557 2432 numero

286 2469 496 2524 τέκνων
543 2470 685 2542 τάχα
730 2488 834 2525 που
883 2472 1140 2542 γεγόνασι
1173 2471 1429 2543 πατέρες,
1468 2471 1563 2524 καὶ
1601 2473 1711 2536 τοῖς
1736 2471 1874 2524 Ἰου-

1977 2470 2196 2527 fuerunt
2219 2470 2472 2535 Sarasar,
2502 2479 2556 2525 et
2585 2468 2843 2535 Arbeser,
2867 2471 2960 2540 qui
3003 2477 3059 2525 et
3104 2483 3197 2524 rex
3251 2469 3559 2525 nominatus

275 2561 454 2616 ﬁaiwv
489 2561 665 2617 ἔθνεσι
716 2563 1169 2635 προσνενεύκασι,
1199 2562 1301 2628 τὰς
1344 2563 1454 2617 τῶν
1505 2562 1737 2617 λεόντων
1777 2562 1877 2631 ἐφ-

286 2654 443 2719 όδους
476 2656 1010 2728 κατορρωδήσαντες.
1036 2656 1131 2709 καὶ
1184 2655 1366 2710 αὐτῶν
1413 2655 1670 2724 γεγόνασι
1701 2655 1878 2725 Σαρα-

289 2746 418 2817 cap,
470 2747 568 2800 καὶ
626 2746 911 2820 Ἀρϐεσὲρ,
956 2748 1017 2812 ὃς
1070 2747 1167 2801 καὶ
1222 2746 1537 2817 ὠνόμασται
1598 2745 1872 2816 βασιλεὺς,

287 2836 378 2891 διά
398 2854 485 2891 τοι
512 2837 575 2893 τὺ
604 2837 961 2911 καθηγεῖσθαι
999 2838 1061 2892 τὸ
1088 2838 1346 2909 τηνικάδε
1380 2837 1489 2892 τῶν
1520 2839 1578 2891 ἐν
1594 2836 1879 2910 Σαμαρείᾳ

1974 2574 2077 2631 est,
2112 2564 2257 2634 quod
2288 2564 2395 2618 dux
2432 2578 2642 2628 eorum,
2672 2578 2753 2625 ac,
2786 2564 3038 2633 princeps
3062 2570 3229 2627 esset,
3258 2562 3349 2631 qui
3376 2562 3428 2615 in
3458 2560 3560 2614 δτ-

1977 2656 2205 2712 mariatu
2256 2670 2322 2711 ex
2362 2655 2545 2711 Persis
2600 2654 2900 2711 habitatum
2989 2655 3437 2725 commigrarunt.
3491 2651 3560 2706 Et

1980 2747 2095 2803 haec
2132 2748 2348 2818 quidem
2379 2747 2446 2801 de
2494 2747 2647 2802 viris.
2710 2744 3236 2801 Desanctiﬁcatioue
3287 2759 3417 2800 vero
3461 2759 3561 2815 age

1978 2852 2124 2893 IIIch
2146 2836 2459 2892 verisimilia
2490 2838 2758 2892 dicamus.

289 2904 744 2985 κατοικισθέντων
760 2904 839 2984 ’ἐκ
866 2931 969 3003 τῆς
1006 2904 1256 3005 Περσῶν.
1281 2929 1394 2986 Καὶ
1451 2930 1626 2984 ταῦτα
1675 2904 1790 3002 *μὲν
1816 2904 1946 3001 περὶ
1981 2928 2094 2983 τῶν
2138 2928 2368 3001 ἀνδρῶν.
2406 2929 2542 2998 Περὶ
2579 2928 2637 2981 δέ
2681 2944 2745 2996 γε
2788 2926 2882 2981 τοῦ
2927 2929 3289 3000 ἁγιάσματος,
3318 2927 3452 3000 φέρε
3494 2926 3563 3001 δὴ
3611 2904 3621 2913 ³

289 3024 453 3079 πάλιν
477 3024 549 3077 τὰ
578 3024 763 3079 εἰκότα
793 3023 1064 3095 λέγωμεν.

354 3118 573 3174 Οὐκοῦν
605 3119 737 3190 πρὶν
767 3118 970 3173 ἁλῶναι
996 3121 1095 3193 τὴν
1132 3121 1396 3179 Ἰουδαίαν
1434 3120 1585 3193 παρὰ
1622 3116 1716 3173 τοῦ
1759 3116 1879 3173 Να-

2052 3110 2239 3181 Itaque
2259 3119 2549 3181 antequam
2581 3107 2761 3166 Judwa
2796 3126 2827 3166 a
2855 3110 3381 3169 Nabuchodonosore
3427 3116 3560 3170 sub-

288 3210 699 3283 ὂουχοδονόσορ,
750 3212 779 3264 ό
823 3211 1092 3282 μακάριος
1138 3213 1427 3285 προφήτης
1483 3211 1638 3281 Ἰωὴλ
1674 3209 1876 3265 ἀνακέ-

290 3318 469 3373 κραγε
497 3302 561 3354 τὸ
609 3302 1041 3373 συμϐησόμενον.
1092 3303 1203 3357 Kal.
1245 3303 1309 3374 δὴ
1351 3302 1446 3355 καί¹
1498 3300 1716 3355 πενθεῖν
1765 3302 1877 3362 τοῖς

292 3392 501 3465 ἱερεῦσι
531 3393 948 3464 παρεκελεύετο,
971 3394 1068 3449 καὶ
1093 3394 1318 3465 προσέτι
1339 3394 1436 3448 καὶ
1463 3397 1575 3457 τοῖς
1596 3391 1702 3446 ὑπὸ
1721 3395 1878 3464 χεῖρα

290 3483 462 3549 λαοῖς,
499 3485 597 3538 καὶ
639 3485 763 3539 ὅσον
812 3484 1023 3539 οὐδέπω
1076 3486 1175 3554 τῆς
1226 3484 1327 3555 μὲν
1384 3484 1741 3557 Ἰερουσαλὴμ
1774 3483 1879 3536 ὑπὸ

292 3575 461 3639 πόδας
520 3576 786 3648 ἐσομένης
842 3576 1074 3651 ἐχθρῶν,
1130 3576 1767 3649 κατεμπρησθησομένου
1819 3575 1878 3629 δὲ

292 3667 388 3720 καλ⁸
430 3665 599 3720 αὐτοῦ
631 3665 727 3719 τοῦ
767 3666 912 3720 θείου
945 3668 1095 3725 ναοῦ.
1133 3670 1277 3740 Ἔφη
1312 3669 1369 3722 δὲ
1397 3667 1604 3730 οὕτως’
1646 3684 1665 3718 ι
1710 3668 1876 3738 Περι-

293 3756 567 3823 ζώσασθε,
609 3758 702 3812 καὶ
738 3758 1033 3826 κόπτεσθε,
1062 3761 1111 3813 οί
1144 3761 1327 3831 ἱερεῖς·
1365 3758 1635 3831 θρηνεῖτε,
1668 3759 1719 3811 οί
1761 3757 1876 3811 λει-

291 3847 654 3920 τουργοῦντες
705 3848 1097 3923 θυσιαστηρίῳ,
1147 3849 1437 3915 είσέλθετε,
1488 3848 1773 3904 ὑπνώσατε
1817 3850 1877 3902 ἐν

295 3940 543 4005 σάκκοις,
574 3940 1010 4011 λειτουργοῦντες
1035 3942 1170 4014 Θεῷ,
1196 3944 1279 3997 ὅτι
1305 3944 1615 4014 ἁπέσχηκεν
1643 3942 1702 4009 ἐξ
1726 3942 1876 3994 οἴκου

293 4027 429 4083 Θεοῦ
467 4029 636 4101 ὑμῶν,
662 4029 823 4085 θυσία
860 4032 954 4085 καὶ
986 4032 1207 4103 σπονδή.
1261 4030 1550 4101 Ἀγιάσατε
1584 4029 1838 4102 νηστείαν
1858 4069 1873 4095 ,

296 4120 572 4192 κηρύξατε
600 4121 917 4192 θεραπείαν,
946 4125 1281 4193 συναγάγετε
1308 4123 1639 4196 πρεσϐύτας,
1665 4122 1875 4185 πάντας

294 4213 685 4280 κατοικοῦντας
716 4215 852 4286 γῆν,
878 4217 959 4279 είς
975 4210 1125 4270 οἷκον
1154 4215 1291 4270 Θεοῦ
1325 4216 1500 4288 ὑμῶν,
1523 4215 1620 4271 καὶ
1637 4214 1877 4284 κράξατε

293 4302 432 4375 πρὸς
479 4304 686 4377 Κύριον
737 4305 1000 4371 ἐκτενῶς’
1033 4308 1192 4378 Οίμοι
1237 4309 1318 4371 είς
1366 4307 1615 4380 ἡμέρανί
1680 4324 1701 4359 ι
1760 4305 1876 4360 Καὶ

291 4393 468 4450 ταῦτα
497 4397 598 4468 μὲν
624 4399 654 4452 ό
687 4400 994 4470 προφήτης.
1025 4399 1158 4453 Τίνα
1179 4399 1237 4453 δὲ
1260 4398 1324 4472 δὴ
1350 4399 1553 4469 τρόπον
1590 4397 1872 4469 διεπεραί-

1982 3201 2239 3271 igeretur,
2286 3201 2477 3257 beatus
2523 3202 2784 3272 propheta
2811 3201 2927 3258 Joel
2977 3204 3118 3274 quod
3151 3205 3392 3260 futurum
3442 3216 3561 3261 erat

1981 3294 2352 3365 proclamavit.
2382 3293 2522 3361 Quin
2553 3296 2719 3350 etiam
2745 3297 3077 3359 sacerdotes,
3108 3306 3163 3351 et
3192 3298 3410 3367 insuper
3435 3301 3563 3353 sub-

1975 3387 2179 3457 jectum
2230 3387 2365 3458 ipsis
2413 3388 2691 3458 populum,
2733 3388 2888 3459 quasi
2942 3404 3066 3444 mox
3111 3388 3408 3447 Jerusalem
3460 3392 3561 3446 sub

1980 3477 2205 3546 pedibus
2233 3477 2467 3532 hostium
2502 3465 2706 3545 futura,
2742 3480 2862 3550 ipso
2892 3494 3107 3551 quoque
3139 3481 3322 3537 divino
3363 3485 3561 3551 templo

1981 3570 2337 3635 inﬂammato,
2393 3571 2460 3625 ad
2505 3570 2709 3626 luctum
2765 3573 3015 3629 hortatus
3062 3582 3167 3629 est.
3227 3574 3318 3630 Sic
3376 3588 3557 3631 autem

1980 3664 2057 3717 ait
2087 3681 2101 3717 :
2131 3681 2150 3715 ι
2173 3663 2550 3733 Accingimini,
2581 3674 2634 3718 et
2660 3662 2914 3734 plangite,
2935 3665 3266 3732 sacerdotes,
3297 3665 3561 3721 lamenta-

1981 3754 2253 3819 mini,qui
2286 3754 2610 3808 ministratis
2640 3753 2825 3819 altari,
2847 3753 3217 3823 ingredimini,
3239 3757 3472 3809 dormitc
3504 3756 3556 3810 ia

1979 3845 2175 3911 saccis,
2217 3845 2590 3901 ministrantes
2620 3844 2754 3912 Deo,
2784 3845 2909 3915 quia
2939 3844 3138 3901 defecit
3166 3846 3232 3902 de
3259 3846 3424 3902 domn
3465 3847 3556 3902 Dci

1982 3936 2147 3991 vestri
2179 3934 2507 3991 sacriﬁcium
2555 3944 2613 3990 et
2654 3934 2863 3990 libatio.
2903 3935 3253 3992 Sanctiﬁcate
3272 3936 3555 4005 jejunium,

1979 4028 2272 4098 praedicate
2308 4028 2671 4094 curationem,
2707 4039 3038 4099 congregata
3063 4030 3328 4095 seniores,
3365 4044 3558 4086 omnes

1980 4120 2290 4176 habitantes
2321 4120 2609 4175 terramin
2634 4119 2853 4175 domum
2881 4120 2974 4175 Dei
3018 4123 3209 4189 vestri,
3244 4132 3302 4178 et
3327 4121 3558 4181 clamate

1977 4212 2047 4267 ad
2078 4211 2363 4267 Dominum
2409 4212 2761 4267 vehementer
2790 4228 2806 4266 :
2835 4210 2950 4267 Heu
2994 4213 3127 4268 mihi
3166 4212 3220 4268 in
3259 4214 3401 4269 diem
3421 4214 3496 4269 πει
3529 4234 3549 4267 ι

1976 4302 2049 4358 Et
2094 4303 2209 4360 haec
2254 4303 2472 4374 quidem
2534 4304 2821 4375 propheta.
2870 4303 3114 4371 Quonam
3163 4315 3345 4360 autem
3396 4310 3557 4363 modo

1978 4396 2236 4467 praedicta
2294 4395 2653 4469 contigerint,
2697 4395 2812 4467 jam
2862 4397 3103 4463 docebo,
3154 4399 3337 4454 verbis
3386 4414 3558 4455 saera:

292 4504 415 4541 νετο
444 4491 513 4543 τὰ
546 4491 986 4562 προηγγελμένα,
1025 4491 1273 4562 σαφηνιῶ
1305 4491 1491 4555 πάλιν,
1529 4491 1663 4545 αὐτὸ
1692 4506 1874 4561 παρα-

1980 4487 2276 4559 δτι-ἰριιιιιαι
2304 4488 2568 4544 recitatis.
2601 4487 2694 4544 Sic
2734 4488 2879 4544 enim
2910 4498 3087 4545 exstat
3128 4490 3181 4545 in
3219 4501 3413 4560 quarto
3450 4492 3558 4546 Rw-

292 4578 410 4643 θεὶς
447 4582 510 4633 τὸ
543 4581 783 4653 Γράμμα
812 4581 877 4636 τὸ
929 4583 1091 4654 ἱερόν.
1149 4583 1463 4655 Γέγραπται
1501 4582 1559 4636 δέ
1601 4580 1775 4645 οὕτως
1816 4583 1874 4633 ἐν

290 4671 359 4740 τῇ
411 4671 650 4743 τετάρτῃ
700 4671 809 4727 τῶν
868 4671 1161 4725 Βασιλειῶν
1183 4688 1197 4702 ·
1256 4690 1275 4723 ι
1342 4672 1431 4725 Ἐν
1483 4671 1562 4743 τῷ
1617 4672 1747 4743 μην)⁵
1796 4670 1875 4741 τῷ

290 4761 554 4831 πέμπτῳ,
602 4766 668 4835 τῇ
715 4763 919 4837 ἑϐδόμῃ
956 4763 1051 4817 τοῦ
1096 4764 1286 4835 μηνὸς,
1328 4758 1481 4828 οὗτος
1513 4764 1754 4827 ἐνιαυτὸς
1785 4764 1873 4815 ἐν·

292 4853 717 4918 νεακαιδέκατος
758 4854 835 4926 τῷ
873 4855 1340 4927 Ναϐουχοδονόσορ
1381 4855 1589 4926 βασιλεῖ
1620 4854 1874 4908 Βαϐυλῶ-

293 4958 404 5008 νος,
446 4938 580 5013 ἦλθε
619 4944 1009 5017 Ναϐουζαρδέιν
1044 4949 1073 4999 ό
1110 4947 1527 5019 ἀρχιμάγειρος,
1572 4944 1744 5010 ἑστὼς
1785 4948 1875 4998 ὲν-

294 5029 465 5086 ὡπιον
530 5032 793 5103 βασιλέως
833 5036 1149 5100 Βαϐυλῶνος
1207 5039 1286 5099 εἰς
1323 5036 1712 5107 Ἰερουσαλὴμ,
1776 5037 1873 5089 καὶ

294 5123 565 5195 ἐνέπρησε
591 5124 683 5177 τὸν
724 5121 872 5179 οἷκον
915 5127 1145 5196 Κυρίου,
1181 5128 1276 5181 καὶ
1311 5126 1400 5179 τὸν
1423 5124 1570 5179 οἷκον
1589 5125 1682 5178 τοῦ
1722 5125 1874 5196 βασι-

293 5212 455 5278 λέως,
501 5217 595 5269 καὶ
625 5218 833 5280 πάντας
878 5219 1002 5282 τοὺς
1045 5218 1228 5281 οίκους
1269 5218 1647 5289 Ἰερουσαλήμ.
1686 5238 1705 5270 ι
1741 5213 1875 5269 Εἶτα

294 5308 740 5377 κεχειροτόνηκεν
769 5310 862 5363 ἐπὶ
891 5310 985 5365 τὸν
1030 5309 1446 5381 περιλειφθέντα
1473 5310 1644 5381 δῆμον
1674 5311 1733 5377 ἐξ
1777 5311 1877 5363 Ἰσ-

293 5399 432 5469 ραὴλ
461 5400 553 5453 τὸν
582 5401 854 5468 Γοδολίαν,
891 5405 950 5457 ὲν
981 5405 1116 5476 μηνὶ
1145 5403 1224 5476 τῷ
1264 5403 1498 5475 ἑϐδόμῳ,
1536 5404 1595 5457 ὃν
1627 5402 1876 5456 ὑπελθὼν

290 5489 627 5562 ἐχειρώσατο
669 5494 765 5547 καὶ
793 5495 1112 5551 ἀπέκτεινεν
1154 5495 1382 5567 Ἶσμαὴλ
1421 5496 1536 5560 υίὸς
1582 5495 1873 5561 Ναθανίου,

291 5580 411 5636 υίοῦ
464 5582 740 5653 Ἐλισάϐα,
793 5588 858 5641 ἐκ
903 5587 997 5642 τοῦ
1036 5587 1368 5660 σπέρματος
1414 5588 1522 5641 τῶν
1566 5587 1830 5658 βασιλέων
1856 5604 1870 5620 ο

366 5756 517 5833 νυν
551 5758 699 5833 Ρίθκ.⁵
725 5776 857 5830 xvn,
902 5762 1023 5818 1-5.
1136 5762 1181 5796 ⁹²
1223 5762 1352 5821 ibid.
1388 5762 1484 5829 25,
1522 5765 1613 5817 24.

1981 4594 2107 4649 gum
2154 4596 2169 4633 :
2203 4596 2223 4631 ι
2261 4576 2319 4633 In
2370 4594 2558 4634 mense
2607 4579 2799 4649 quinto
2827 4570 2992 4650 710
3030 4581 3257 4651 septima
3314 4586 3555 4647 mensis,

1980 4683 2125 4723 anno
2154 4670 2364 4724 decimo
2403 4685 2549 4725 nono
2590 4671 2732 4740 regis
2755 4668 3254 4728 Nabuchodonosor
3280 4675 3425 4728 venit
3452 4673 3558 4727 Na-

1981 4761 2258 4815 buzardan
2302 4762 2555 4831 princeps
2600 4778 2932 4833 coquorum,
2988 4774 3142 4819 stans
3195 4779 3376 4819 coram
3434 4781 3558 4834 rege

1982 4850 2296 4923 Babylonis,
2330 4851 2778 4924 Hierosolymam,
2812 4862 2867 4910 et
2894 4857 3174 4910 succendit
3205 4856 3421 4911 domum
3456 4856 3558 4909 Du-

1983 4943 2137 5011 mini,
2179 4953 2237 4998 et
2282 4944 2499 4999 domum
2548 4947 2712 5017 regis,
2774 4956 2831 5002 et
2876 4961 3066 5002 omnes
3110 4947 3303 5002 domus
3347 4946 3559 5003 Jerusa-

1979 5034 2083 5091 lem
2109 5035 2177 5092 ".
2209 5055 2231 5090 ›
2264 5037 2464 5092 Deinde
2507 5040 2750 5109 reliquiis
2790 5040 2971 5111 populi
3020 5040 3235 5095 lsraelis
3274 5040 3554 5096 Goduliam

1980 5130 2279 5201 praeposuit
2324 5144 2509 5186 mense
2552 5133 2805 5202 septimo,
2838 5148 2998 5201 quem
3028 5133 3238 5187 insidiis
3268 5146 3558 5201 aggressus

1978 5224 2145 5294 cepit,
2198 5232 2254 5278 et
2293 5223 2873 5290 obtruncavitlsmael,
2928 5225 3070 5281 [ilius
3112 5224 3414 5290 Nathaniaz,
3461 5225 3555 5281 lilii

1980 5313 2219 5379 Elisaba,
2244 5317 2455 5371 semine
2493 5317 2641 5386 regio
2678 5318 2940 5372 oriundus
2967 5335 2981 5373 :
3010 5317 3064 5371 in
3093 5318 3229 5372 hanc
3254 5316 3399 5371 enim
3434 5332 3560 5371 sen-

1980 5408 2209 5462 tentiam
2243 5408 2509 5478 scriptum
2549 5408 2802 5479 legimus.
2849 5409 3036 5479 Itaque
3067 5418 3350 5478 postquam
3380 5411 3557 5464 couti—

1978 5500 2058 5571 git
2114 5500 2169 5554 in
2227 5514 2412 5555 mense
2466 5500 2655 5570 quinto
2708 5500 2798 5555 die
2856 5502 3083 5571 septima
3127 5499 3556 5573 Hierosolymam

1979 5590 2118 5663 capi,
2145 5592 2405 5661 templum
2428 5592 2709 5659 succendi,
2733 5601 2788 5648 et
2820 5591 3043 5663 insuper
3068 5591 3243 5650 occidi
3271 5581 3556 5651 Godoliam

1730 5763 1773 5796 93
1812 5763 1927 5819 Jocl
1968 5779 2005 5831 ι,
2035 5764 2122 5831 I3,
2167 5765 2250 5819 15.
2333 5766 2376 5799 ⁸³
2416 5764 2485 5823 IV
2526 5764 2660 5839 Reg.
2704 5783 2893 5836 uvm,
2935 5766 2990 5822 8.
