4072 6370
506 314 617 370 ίοῦ

1496 303 1554 361 S.
1597 303 1869 362 CYRlLlJ
1908 308 2380 368 ALEXANDRINI
2414 310 2738 368 ARCHIEP.

3666 300 3767 361 ξοι

502 443 689 487 mense
730 426 983 498 septimo,
1034 423 1127 495 qui
1181 435 1559 479 remanseram
1600 425 1792 493 Judaei,
1838 426 2082 484 fortassis

2185 431 2495 502 γέγραπται
2527 429 2636 500 γὰρ
2674 429 2793 486 ὡδί.
2848 426 3059 485 οὐκοῦν
3086 425 3385 497 ἐπειδήπερ
3421 423 3769 497 συμϐέϐηκεν

501 522 557 577 in
611 520 930 576 memoriam
989 517 1259 573 dictorum
1322 530 1354 569 a
1402 516 1667 586 propheta
1717 515 1953 573 Jeremia
2003 532 2082 575 re-

2187 524 2248 576 έν
2275 523 2356 592 τῷ
2385 522 2621 594 πέμπτῳ
2670 522 2823 594 μηνὶ,
2872 522 2967 575 καὶ
2994 522 3053 574 ὲν
3076 520 3263 591 ἡμέρᾳ
3288 521 3356 590 τῇ
3396 516 3600 588 ἑϐδόμῃ
3627 516 3771 571 ἀιλῶο

497 611 697 681 gressi,
750 617 1083 675 statuerunt,
1133 615 1194 662 ut
1238 620 1308 661 ex
1357 608 1611 662 omnibus
1661 608 1800 664 locis
1842 608 2087 665 ﬁnitimis

498 702 675 773 quinti
729 698 937 755 mensis
990 698 1079 753 dic
1133 698 1368 768 septimo
1408 713 1599 753 omnes
1649 698 2084 771 Hierosolymam

495 792 877 857 ascenderem,
903 802 958 846 et
979 790 1243 861 jejunium
1274 789 1696 857 sanctiﬁcarent,
1726 803 1782 847 et
1811 792 2084 863 planctum

497 886 860 955 susciperent,
911 884 1066 953 quasi
1102 897 1265 951 super
1302 892 1539 949 mortuo,
1586 892 1642 938 et
1685 884 2085 955 quodammodo

498 991 665 1046 super
690 978 957 1031 cadavere
990 975 1180 1045 templi
1210 975 1503 1044 ejularent,
1524 984 1579 1029 et
1604 989 1766 1044 super
1790 979 1926 1031 urbe
1961 990 2084 1031 cre-

497 1081 645 1124 mata
683 1084 747 1122 ex
789 1068 1183 1137 posterioribus
1226 1066 1472 1121 consiliis
1500 1065 1773 1136 profectas
1805 1066 2084 1140 lacrymas

497 1160 858 1216 eﬂunderent.
910 1159 1313 1215 Existimabam
1354 1168 1537 1214 autem
1587 1174 1647 1214 se
1688 1161 1909 1215 modum
1938 1160 2086 1217 hunc

497 1253 594 1309 Dei
643 1253 854 1312 colendi
915 1252 1021 1321 ipsi
1075 1260 1286 1322 gratum
1333 1252 1738 1323 sapientissime
1787 1254 2079 1309 invenisse.

496 1345 669 1401 Porro
695 1345 923 1415 degebat
947 1346 1124 1400 adhuc
1158 1344 1325 1400 Israel
1359 1345 1460 1400 sub
1483 1344 1613 1416 jugo
1654 1346 1920 1414 impositae
1963 1360 2082 1401 ser-

497 1436 709 1500 vitutis,
740 1450 841 1490 nec
873 1435 941 1488 de
970 1434 1157 1489 divino
1187 1434 1388 1504 templo
1419 1436 1707 1505 quisquam
1729 1446 1848 1490 erat
1877 1436 2080 1491 sollici-

497 1538 604 1584 tus.
651 1531 752 1584 Ast
801 1529 888 1582 ubi
947 1543 1017 1583 ex
1059 1527 1241 1583 Persis
1281 1538 1339 1582 et
1401 1526 1570 1582 Medis
1619 1538 1985 1593 reverterunt,
2030 1538 2083 1584 et

498 1634 745 1677 sanctam
782 1622 1057 1677 civitatem
1107 1624 1173 1677 de
1220 1622 1434 1691 integro
1470 1622 1805 1687 habitarunt,
1855 1631 1911 1678 el.
1949 1621 2087 1676 divi-

497 1726 627 1765 num
665 1715 919 1780 templum
953 1720 1303 1782 repararunt,
1335 1712 1509 1766 visutn
1533 1720 1641 1777 est,
1674 1713 1816 1782 quod
1850 1712 2082 1779 solebat,

2184 633 2275 671 ναι
2321 615 2422 687 μὲν
2459 615 2530 669 τὰ
2585 615 2967 687 Ἱεροσόλυμα,
3026 610 3518 682 κατεμπρησθῆναι
3570 610 3627 663 δὲ
3674 608 3768 661 τόν

2184 708 2347 772 ναὸν,
2400 707 2835 779 προσαποθανεῖν
2883 706 2943 761 δὲ
2996 704 3092 759 καὶ
3147 702 3240 756 τὸν
3286 701 3535 755 Γοδολίαν
3581 702 3640 754 ὲν
3687 698 3768 768 τῷ

2183 802 2399 872 ὲδδόμῳ
2454 800 2609 871 μηνὶ,
2659 800 2799 870 τάχα
2829 815 2943 867 ,που
2993 795 3130 867 πρὸς
3168 794 3471 867 ἀνάμνησιν
3518 793 3619 864 τῆς
3671 791 3765 845 τοῦ

2182 898 2471 970 προφήτου
2502 895 2711 966 φωνῆς,
2735 894 2785 946 oi
2820 890 3137 946 κατάλοιποι
3163 887 3273 942 τῶν
3313 886 3576 941 Ἰουδαίων
3616 886 3768 953 ἔνην·

2184 991 2406 1060 εγμένοι
2431 986 2813 1043 τετυπώκασιν
2846 984 2945 1055 (l),
2977 983 3035 1049 se
3068 982 3283 1052 ἁπάσης
3309 980 3407 1051 τῆς
3442 976 3767 1050 περιοικίδος

2186 1082 2244 1135 ὲν
2280 1081 2410 1152 μηνὶ
2442 1079 2521 1151 τῷ
2553 1080 2789 1150 πέμπτῳ
2826 1078 2884 1129 ὲν
2928 1077 2996 1147 τῇ
3048 1074 3253 1147 ἑϐδόμῃ
3280 1071 3375 1126 τοῦ
3425 1070 3594 1142 μηνὸς
3634 1070 3767 1122 ἀνα-

2183 1170 2389 1227 δαίνειν
2415 1170 2660 1232 ἃπαντας
2703 1168 2787 1231 εἰς
2843 1165 3215 1238 Ἰεροσόλυμα,
3263 1162 3358 1216 καὶ
3394 1161 3616 1230 ἁγιάσαι
3664 1157 3765 1229 μέν

2184 1266 2461 1335 νηστείαν,
2514 1261 2727 1332 κομμὸν
2770 1259 2828 1313 δὲ
2872 1257 3115 1312 τίθεσθαι
3166 1253 3417 1324 καθάπερ
3466 1254 3559 1307 ἐπὶ
3587 1248 3766 1321 νεκρῷ

2186 1354 2280 1407 καὶ
2309 1349 2640 1422 ὲποιμὼζειν
2676 1348 2916 1419 κειμένῳ
2947 1347 3148 1418 τρόπον
3179 1344 3301 1398 τινὰ
3330 1342 3410 1413 τῷ
3445 1341 3578 1412 ναῷ,
3604 1342 3670 1412 τῇ
3702 1356 3763 1393 τε

2185 1446 2338 1500 πόλει
2373 1444 2866 1518 κατεμπρησθείσῃ
2894 1443 2954 1496 τὸ
2987 1442 3052 1496 ὲκ
3084 1440 3185 1512 τῆς
3223 1435 3637 1511 ὑπεροόουλίας
3666 1434 3762 1488 δά-

2186 1556 2351 1612 κρυον
2394 1541 2627 1610 ἐπιχεῖν.
2676 1539 2867 1609 ᾬοντο
2900 1536 2957 1590 δὲ
3009 1536 3092 1590 ὅτι
3139 1532 3395 1607 λατρείας
3440 1531 3627 1593 αὐτοῖς
3668 1528 3766 1599 τῆς

2185 1631 2525 1705 ἀρεσκούσης
2552 1629 2674 1702 Θεῷ
2718 1630 2919 1700 τρόπος
2947 1622 3104 1691 οὗτος
3140 1626 3416 1695 πάνσοφος
3445 1621 3759 1693 ἐξηύρηται.

2201 1721 2342 1776 Ἀλλ’
2378 1722 2683 1794 ἐπράττετο
2727 1721 2847 1791 μὲν,
2875 1719 2955 1772 ἔτι
2987 1716 3128 1790 [τοῦ]
3172 1715 3392 1787 Ἰσραὴλ
3423 1714 3529 1768 ὑπὸ
3549 1714 3640 1766 τὸν
3663 1710 3764 1779 τῆς

494 1818 604 1858 non
631 1802 744 1873 jam
789 1803 843 1858 in
888 1813 1133 1875 tempore
1156 1844 1172 1872 ,
1211 1819 1313 1859 nec
1350 1819 1470 1860 cum
1499 1806 1712 1862 ratione
1745 1806 1881 1863 ﬁeri.
1915 1806 2082 1876 Magis

2186 1812 2564 1885 αἰχμαλωσίας
2601 1810 2858 1882 κειμένου
2893 1808 3078 1877 ζυγὸν,
3110 1807 3365 1879 οὐδεμιᾶς
3399 1806 3455 1860 δὲ
3488 1804 3764 1875 φροντίδος

494 1898 642 1953 enim
682 1906 941 1967 tanquam
980 1913 1008 1952 a
1038 1896 1329 1966 praeteritis
1358 1897 1425 1951 ad
1462 1897 1791 1951 hilaritatem
1829 1898 2081 1963 transire,

493 1997 551 2043 et
583 1988 858 2043 celebrare
885 1988 1001 2043 dies
1032 1984 1228 2054 festos,
1260 1997 1316 2042 et
1343 1986 1561 2058 hymnis
1586 1986 1850 2042 libertatis
1876 1987 2082 2042 auctori

493 2083 699 2151 gratias
748 2096 911 2152 agere
982 2083 1361 2136 conveniebat.
1420 2081 1739 2137 Dubitantes
1796 2080 1962 2143 igitur
2014 2080 2083 2135 de

493 2175 691 2243 quibus
738 2189 920 2229 sermo
973 2182 1080 2239 est,
1125 2176 1381 2236 Sarazar,
1437 2181 1494 2227 et
1548 2173 1807 2237 Arseber,
1862 2173 2084 2228 mittunt

494 2266 757 2336 quosdam
838 2266 1232 2334 interi-cgatum
1283 2264 1595 2319 sacerdotes
1650 2274 1707 2319 et
1747 2264 2078 2335 prophetas:

501 2374 521 2409 ι
551 2356 801 2427 Ingressa
845 2366 929 2411 est
978 2358 1086 2413 huc
1131 2354 1495 2410 sanctiﬁcatio
1525 2356 1579 2410 in
1633 2370 1819 2412 mense
1864 2356 2078 2426 quinto,

493 2450 639 2503 sicut
684 2447 931 2504 fecerunt
969 2448 1079 2518 jam
1133 2447 1290 2503 annis
1339 2447 1545 2511 multis,
1581 2465 1599 2499 ι
1644 2447 1746 2503 hoc
1784 2456 1889 2513 est,
1928 2463 2079 2513 num,

493 2543 585 2611 qui
617 2541 1008 2614 Hierosolymis
1039 2541 1307 2607 ltahitant,
1348 2556 1472 2596 cum
1514 2541 1645 2611 ipsis
1677 2542 1917 2612 lugeant,
1950 2555 2083 2597 con-

494 2634 950 2704 suetudinemque
998 2633 1053 2689 in
1101 2634 1273 2688 forma
1315 2633 1772 2689 sanctiﬁcationis
1822 2634 2079 2689 usitatam

493 2726 783 2796 recipiant,
815 2728 980 2781 etiam
1019 2725 1257 2781 excitato
1285 2725 1509 2794 templo,
1548 2736 1603 2780 et
1642 2726 1820 2780 soluta
1852 2726 2081 2797 captivi-

495 2827 625 2874 tate.
672 2818 1096 2875 Sanctillcabant
1140 2818 1285 2872 enim
1316 2817 1607 2887 jejunium,
1656 2826 1715 2873 ut
1757 2818 1894 2884 dixi,
1936 2818 2081 2873 sicut

493 2908 744 2965 iecerant
770 2911 897 2968 inde
935 2910 1006 2965 ab
1032 2910 1193 2965 annis
1228 2911 1432 2965 multis.
1464 2911 1688 2981 Captivo
1714 2911 1859 2965 enim
1883 2909 2081 2965 Israele

496 3010 713 3073 tempus
762 3002 942 3059 luctus
987 3011 1043 3057 et
1086 3002 1186 3072 ipsi
1235 3011 1552 3057 constanter
1601 3002 1914 3067 servabant,
1937 3000 2079 3070 jeju-

495 3094 646 3151 nium
681 3094 1114 3160 sanctilicantes,
1142 3104 1200 3148 ut
1222 3093 1335 3165 jam
1365 3094 1517 3164 prius
1546 3094 1802 3149 diximus.
1832 3093 1929 3149 Est
1946 3110 2079 3164 ergo

2184 1906 2280 1959 τοῦ
2311 1903 2461 1959 θείου
2486 1905 2849 1975 τετυχηκότος
2890 1902 3041 1957 ναοῦ.
3080 1900 3299 1972 Ἐπειδὴ
3340 1899 3398 1952 δὲ
3438 1896 3761 1968 ἐπανῆλθον,

2184 1997 2284 2068 τὴν
2305 1996 2534 2070 Περσῶν
2556 1997 2788 2067 ἀφέντες
2810 1996 2907 2049 καὶ
2929 1994 3150 2065 Μήδων,
3172 1993 3269 2047 καὶ
3293 1993 3646 2062 κατῳκήκασι
3666 1989 3766 2057 τὴν

2185 2090 2349 2159 ἁγίαν
2381 2089 2557 2156 πόλιν,
2599 2089 2697 2143 καὶ
2740 2084 2859 2142 εἶτα
2899 2088 2990 2141 τὸν
3023 2087 3168 2141 θετον
3212 2083 3566 2155 ἀνεδείμαντο
3605 2079 3762 2145 νεὼν,

2185 2183 2362 2238 ἐδόκει
2396 2199 2515 2245 πως
2547 2182 2609 2235 τὸ
2643 2180 2767 2244 ἔθος
2801 2182 2984 2246 αὐτοῖς
3031 2180 3131 2235 οὐκ
3174 2180 3237 2233 ὲν
3269 2176 3446 2248 καιρῷ
3493 2177 3587 2230 καὶ
3622 2172 3766 2241 λόγῳ

2186 2268 2523 2342 πράττεσθαι
2545 2268 2750 2323 λοιπόν.
2776 2269 2923 2323 Ἔδει
2949 2267 3059 2340 γὰρ
3084 2266 3283 2339 μᾶλλον
3310 2266 3386 2331 ὡς
3408 2263 3515 2318 ἀπό
3554 2279 3616 2332 γε
3654 2261 3766 2315 τῶν

2183 2359 2569 2432 γεγενημένων
2600 2359 2992 2433 μεταχωρῆσαι
3024 2358 3158 2430 πρὸς
3183 2357 3466 2429 εὐθυμίαν,
3503 2353 3598 2409 καὶ
3624 2352 3765 2425 πλη-

2186 2453 2313 2525 ροῦν
2361 2455 2575 2525 ἑορτὰς,
2620 2455 2717 2507 καὶ
2761 2452 3149 2525 χαριστηρίους
3197 2450 3457 2505 ἀνάπτειν
3497 2446 3637 2518 ᾠδὰς
3684 2444 3767 2516 τῷ

2182 2543 2476 2615 κεκληκότι
2505 2546 2643 2615 πρὸς
2669 2542 2985 2614 ἐλευθερίαν
3017 2541 3234 2604 αὐτούς.
3280 2537 3670 2601 Ἐνδοιάζοντες
3699 2536 3765 2606 δὴ

2182 2632 2275 2690 οὖν
2311 2637 2361 2690 oi
2392 2636 2520 2707 περὶ
2553 2629 2629 2691 ὧν
2656 2638 2684 2689 ὁ
2712 2635 2894 2704 λόγος,
2935 2633 3198 2706 Σαρασάρ
3234 2650 3295 2687 τε
3340 2631 3434 2686 καὶ
3479 2628 3764 2701 Ἀρσεὸὲρ,

2183 2728 2462 2799 πέμπουσί
2509 2744 2663 2791 τινας
2704 2727 3070 2799 ἐρησομένους
3116 2726 3243 2790 τοὺς
3296 2726 3480 2797 ἱερεῖς,
3513 2722 3767 2782 καὶτοὺς

2183 2820 2504 2891 προφήτας·
2542 2838 2562 2871 ι
2606 2817 2970 2885 Είσελήλυθεν
3022 2812 3127 2871 ὦδε
3178 2816 3241 2871 τὸ
3291 2816 3536 2884 ἀγίασμα
3579 2815 3635 2867 ἐν
3683 2811 3766 2880 τῷ

2186 2913 2316 2983 μηνὶ
2341 2911 2420 2982 τῷ
2450 2911 2710 2983 πέμπτῳ,
2742 2909 2933 2964 καθότι
2965 2909 3228 2981 ἐποίησαν
3256 2907 3358 2978 ἤδη
3395 2903 3552 2959 ἱκανὰ
3581 2902 3695 2973 ἐτη*
3736 2921 3758 2953 s

2180 3004 2480 3068 τουτέστιν,
2523 3003 2573 3057 εί
2620 3002 3126 3074 συνδεδραμήκασιν
3167 3001 3215 3054 οί
3253 2998 3468 3054 πενθεῖν
3514 2994 3766 3059 είωθότες

2182 3098 2240 3150 ὲν
2266 3098 2379 3160 τοῖς
2423 3095 2836 3168 Ἱεροσολύμοις,
2884 3096 2979 3148 καὶ
3017 3094 3066 3148 εί
3106 3090 3472 3164 παρεδέξαντο
3510 3090 3607 3161 τὴν
3637 3104 3763 3141 συν-

494 3187 860 3243 dubitantium
908 3161 1285 3255 interrogatio,
1331 3161 1513 3239 utrum
1557 3186 1733 3240 dhnc
1776 3161 2077 3255 praestanda

2185 3188 2372 3261 ήθειαν
2389 3161 2562 3253 αὐτοὶ,
2580 3186 2679 3259 τὴν
2695 3161 2777 3251 tit;
2808 3191 2865 3240 ἐν
2894 3185 3080 3258 τρόπῳ
3099 3161 3471 3254 γεγενημένην
3495 3180 3767 3249 ἁγιάσμα-

495 3280 568 3335 sit
601 3280 961 3335 sanctiﬁcatio
990 3288 1044 3334 et
1083 3278 1292 3342 Iuclus,
1322 3278 1572 3347 quamvis
1609 3277 1809 3345 templo
1847 3278 2078 3333 readin—

2185 3296 2297 3345 τος,
2334 3278 2513 3334 καίτοι
2537 3279 2631 3333 καὶ
2661 3278 3035 3352 ὲγηγερμένου
3061 3276 3154 3331 τοῦ
3184 3276 3331 3330 θείου
3363 3272 3513 3339 ναοῦ,
3548 3272 3642 3327 καὶ
3676 3272 3767 3325 λε-

494 3381 666 3427 cato:
717 3371 879 3442 711
920 3379 1015 3424 aut
1065 3378 1213 3424 certe
1253 3368 1635 3424 abstinendum
1690 3369 1743 3423 in
1776 3379 2076 3439 posterum,

2186 3369 2424 3441 λυμένης
2461 3370 2562 3441 τῆς
2593 3370 2989 3441 αἰχμαλωσίας.
3042 3367 3305 3437 Ἦγίασαν
3329 3365 3459 3439 γὰρ,
3490 3364 3567 3429 ὡς
3604 3363 3769 3432 ἔφην.

496 3478 661 3518 causa
696 3462 871 3516 luctus
907 3470 1116 3515 remota
1149 3460 1381 3517 scilicet.

2185 3463 2444 3533 νηστείαν
2487 3463 2630 3518 καθὰ
2678 3462 3000 3535 δεδράκασιν
3047 3463 3113 3516 ὲκ
3156 3460 3365 3515 πολλῶν
3396 3457 3555 3512 ἐτῶν.
3589 3458 3767 3527 Αίχμο

495 3553 703 3609 αλίίιτου
738 3552 846 3625 γὰρ
900 3552 1053 3616 ὄντος
1104 3552 1200 3607 τοῦ
1243 3552 1480 3625 Ἰσραὴλ,
1530 3554 1934 3609 διατετελέκασι
1990 3557 2085 3610 καὶ
2124 3557 2279 3611 αὐτοὶ
2305 3558 2397 3611 τὸν
2470 3556 2566 3611 τοῦ
2610 3557 2837 3621 πένθους
2868 3556 3160 3630 τηροῦντες
3208 3556 3421 3627 καιρὸν,
3489 3554 3582 3608 καὶ
3610 3552 3771 3619 ἁγιά‹

496 3647 680 3712 ζοντες
711 3646 810 3718 τὴν
834 3646 1107 3715 νηστείαν,
1138 3646 1395 3719 καθάπερ
1429 3647 1528 3718 ήδη
1563 3650 1846 3719 προεῖπον.
1880 3648 2090 3702 Οὐκοῦν
2130 3650 2510 3714 ἑνδοιαζόντων
2539 3652 2573 3721 ἡ
2639 3648 2926 3721 ἐρώτησις,
2971 3649 3197 3719 πότερον
3235 3648 3342 3720 χρὴ
3402 3644 3642 3720 πληροῦν
3686 3645 3772 3698 ἔτι

495 3744 559 3796 τὸ
583 3744 853 3812 ἀγίασμα,
880 3741 978 3795 καὶ
1012 3741 1226 3807 πένθος,
1249 3742 1345 3796 καὶ
1370 3743 1512 3813 μετά
1565 3760 1629 3813 γε
1653 3744 1753 3814 τὴν
1782 3743 2000 3818 ἔγερσιν
2020 3745 2114 3799 τοῦ
2149 3746 2279 3800 ναοῦ
2302 3764 2315 3777 ·
2352 3747 2520 3818 ἧγουν
2549 3746 2882 3817 ἀποσχέσθαι
2908 3745 3114 3811 λοιπὸν,
3154 3745 3251 3817 τῆς
3282 3742 3377 3797 τοῦ
3424 3742 3653 3806 πένθους
3682 3741 3771 3793 αἰ-

496 3837 616 3900 τίας
644 3835 888 3888 ἐκποδὼν
913 3834 1221 3907 οίχομένης.

573 3931 741 3988 Vsns.
776 3930 892 3986 4-7.
934 3928 1003 3984 Et
1045 3930 1216 3999 factus
1261 3941 1333 3985 est
1373 3946 1542 3985 sermo
1588 3930 1796 3987 Domini
1836 3933 2082 3986 virtutum

2260 3931 2371 3986 Καὶ
2396 3931 2634 4001 ἐγένετο
2652 3932 2835 4002 λόγος
2875 3932 3098 4000 Κυρίου
3126 3932 3245 3986 τῶν
3269 3931 3579 4002 δυνάμεων
3615 3933 3769 4001 πρὸς

497 4027 567 4080 ad
598 4043 703 4088 me,
733 4025 909 4077 dicens
942 4035 960 4073 :
1006 4021 1105 4075 Dic
1134 4024 1276 4077 omni
1316 4026 1507 4092 populo
1534 4035 1709 4087 terra,
1732 4035 1779 4077 et
1808 4026 1877 4077 ad
1910 4039 2082 4078 sacer-

2188 4021 2316 4093 ἐμὲ,
2339 4022 2535 4092 λέγων
2555 4039 2568 4053 ·
2612 4018 2805 4077 Εἶπον
2838 4024 2988 4090 πρὸς
3026 4022 3261 4077 ἅπαντα
3294 4023 3449 4077 λαὸν
3476 4022 3588 4091 τῆς
3629 4022 3765 4092 γῆς,

497 4121 677 4183 dotes,
721 4120 944 4172 dicens:
981 4117 1044 4175 Si
1082 4117 1495 4187 jejunuveritis,
1543 4126 1634 4168 aut
1667 4115 1981 4181 planxeritis
2029 4116 2082 4170 in

2189 4112 2289 4166 καί
2322 4114 2473 4179 πρὸς
2500 4112 2640 4179 τοὺς
2684 4111 2880 4180 ἱερεῖς,
2920 4111 3147 4182 λέγων’
3196 4112 3337 4167 Ἐὰν
3363 4114 3765 4181 νηστεύσητε,

500 4210 720 4281 quintis,
766 4219 858 4264 aut
904 4212 958 4263 in
1007 4208 1261 4273 septimis,
1299 4217 1347 4261 et
1397 4223 1513 4262 ecce
1558 4209 1890 4276 septuaginta
1936 4209 2082 4271 amri,

2189 4203 2288 4258 καί
2333 4204 2609 4272 κόψησθε
2650 4203 2720 4256 ὲν
2748 4203 2879 4269 ταῖς
2908 4203 3222 4273 πέμπταις,
3265 4202 3305 4272 ἢ
3341 4203 3413 4258 ἐν
3440 4204 3571 4271 ταῖς
3599 4205 3769 4259 £686-

503 4303 740 4371 nunquid
771 4302 1039 4372 jejunium
1060 4299 1350 4370 jejunastis
1381 4296 1634 4368 milti?,Et
1658 4299 1703 4351 si
1732 4300 2082 4363 comederitis,

2185 4313 2348 4365 μοις,
2384 4295 2485 4347 καί
2536 4293 2686 4359 ἰδοὺ,
2738 4294 3149 4363 ἑϐδομήκοντα
3184 4297 3310 4362 ἔτη.
3350 4296 3437 4365 μὴ
3474 4299 3769 4363 νηστείαν

500 4405 592 4450 aut
634 4394 892 4455 biberitis,
942 4408 1115 4447 nonne
1164 4408 1253 4447 vos
1300 4392 1595 4459 comeditis,
1644 4402 1690 4445 et
1728 4406 1820 4444 vos
1866 4391 2082 4445 bibitis?

2188 4386 2627 4455 νενηστεύκατέ
2677 4403 2815 4455 pol;
2869 4387 2977 4441 Καὶ
3029 4387 3138 4440 ἐὰν
3190 4387 3435 4458 φάγητε,
3482 4389 3521 4457 ἢ
3569 4390 3764 4455 πίητε.

502 4504 670 4542 nonne
695 4488 798 4541 ista
844 4488 993 4539 verba
1027 4494 1170 4549 sunt,
1219 4498 1336 4555 quas
1364 4482 1574 4537 locutus
1623 4493 1698 4537 est
1737 4482 1992 4536 Dominus
2024 4483 2080 4536 in

2185 4480 2299 4547 οὐχ
2335 4477 2506 4544 ὑμεῖς
2536 4477 2785 4542 ἐσθίετε,
2837 4479 2933 4531 καὶ
2965 4478 3403 4547 back-alvus;
3437 4482 3560 4549 Οὐκ
3599 4477 3768 4535 οὗτοι

502 4581 742 4633 manibus
770 4579 1166 4647 prophetarum,
1187 4576 1279 4646 qui
1309 4586 1432 4631 ante
1455 4576 1483 4645 ι’
1485 4586 1669 4630 uerunt
1690 4576 1948 4645 .’quando
1969 4583 2083 4628 erat

501 4669 800 4724 Jerusalem
832 4670 1094 4735 habitata,
1140 4679 1189 4724 et
1218 4669 1518 4731 abundans,
1554 4679 1601 4721 et
1631 4668 1866 4720 civitates
1889 4667 2002 4735 ejus
2026 4668 2082 4720 in

502 4764 751 4827 circuitu,
773 4772 822 4818 et
857 4772 1127 4830 montana,
1157 4773 1206 4817 et
1246 4762 1557 4833 campestris
1584 4760 1821 4815 habitata
1844 4772 1940 4818 est.

576 5015 796 5073 XXXV.
833 5016 1422 5087 Quaerebantqtnoam,
1457 5027 1514 5073 ut
1548 5022 1659 5087 jam
1703 5017 1884 5082 docui,
1919 5016 1987 5072 de
2017 5030 2080 5071 ea

507 5124 626 5178 quae
662 5120 887 5164 vocatur
925 5109 1289 5164 sanctificatio
1312 5148 1328 5175 ,
1376 5126 1404 5163 a
1451 5110 1825 5164 sacerdotibus
1856 5118 1910 5164 et
1953 5124 2082 5179 pro-

511 5202 706 5272 phetis,
734 5202 850 5271 qui,
878 5208 939 5256 ut
970 5201 1225 5257 credibile
1263 5202 1342 5264 ﬁt,
1371 5217 1493 5254 cum
1528 5215 1715 5269 preces
1737 5201 2080 5264 obtulissent,

508 5305 565 5350 et
596 5295 724 5362 quid
759 5294 886 5348 talia
927 5294 1125 5363 cupide
1165 5293 1571 5348 sciscitantibus
1605 5293 1809 5363 liquido
1854 5307 2082 5360 respon-

510 5386 720 5451 derent,
760 5386 901 5455 apud
930 5400 989 5441 se
1016 5385 1307 5455 diligenter
1329 5386 1686 5454 cogitassent,
1716 5396 1962 5440 secutum
1998 5394 2085 5440 est

511 5477 735 5533 verbum
761 5493 791 5531 a
821 5476 953 5542 Deo,
982 5477 1167 5541 breve,
1205 5491 1271 5530 ac
1300 5476 1522 5531 minitne
1556 5475 1798 5546 longum,
1842 5477 2083 5546 nihilque

511 5573 796 5625 continens
836 5569 1133 5625 involutum
1163 5587 1178 5625 :
1210 5569 1305 5624 sed
1338 5577 1396 5624 ut
1429 5568 1503 5623 ita
1538 5567 1807 5633 dicamus,
1856 5570 2080 5634 nudum,

2190 4573 2244 4624 οί
2293 4570 2497 4638 λόγοι,
2557 4569 2663 4634 οὓς
2720 4568 2989 4635 ἐλάλησε
3042 4571 3254 4639 Κύριος
3307 4571 3377 4624 ἐν
3427 4572 3598 4639 χερσί
3646 4572 3771 4625 τῶν

2190 4661 2512 4732 προφητῶν
2563 4660 2683 4715 τῶν
2734 4662 3109 4730 ἐμπροσθεν;
3161 4661 3292 4715 Ὅτε
3344 4658 3424 4732 ἦν
3469 4664 3769 4732 Ἰερουσα-

2188 4752 2315 4824 λὴμ
2340 4752 2796 4819 κατοικουμένη,
2823 4753 2919 4805 καὶ
2947 4752 3314 4821 εὐθηνοῦσα,
3342 4754 3440 4806 καὶ
3469 4756 3529 4807 αι
3557 4755 3769 4819 πόλεις

2189 4847 2492 4901 κυκλόθεν
2542 4843 2752 4913 αὐτῆς,
2802 4845 2898 4899 καί
2946 4847 2984 4913 ἠ
3037 4845 3257 4913 ὀρεινὴ,
3311 4846 3409 4898 καί
3458 4847 3498 4914 ἡ
3546 4846 3765 4915 πεδινὴ

2188 4937 2527 5005 κατῳκεῖτο.

2259 5025 2389 5077 ΛΕ’.
2435 5024 2667 5097 Ἤροντό
2703 5041 2870 5088 τινες,
2915 5024 2991 5093 ὡς
3026 5025 3127 5097 ἥδη
3174 5028 3455 5097 προεῖπον,
3498 5026 3628 5099 περὶ
3667 5027 3766 5082 τοῦ

2190 5116 2420 5187 ἐπίκλην
2462 5118 2820 5188 ἁγιάσματος,
2869 5116 2993 5181 τούς
3022 5134 3079 5171 τε
3127 5118 3307 5190 ἱερέας
3350 5121 3444 5172 καὶ
3477 5119 3604 5183 τοὺς
3633 5135 3771 5192 προ-

2190 5209 2386 5279 φήτας,
2428 5211 2570 5261 κατὰ
2593 5209 2649 5262 δὲ
2684 5209 2748 5262 τὸ
2774 5207 2941 5273 είκδς,
2982 5210 3439 5281 προσαγηοχότων
3462 5211 3563 5276 τὰς
3590 5212 3766 5278 λιτὰς,

2189 5302 2289 5355 καὶ
2317 5300 2400 5353 ὅτι
2431 5300 2699 5370 προσήκοι
2739 5302 2853 5364 τοῖς
2884 5300 2951 5354 τὰ
2997 5300 3171 5355 τοιάδε
3217 5302 3597 5371 ῳιλοπευστεῖν
3629 5306 3771 5375 ᾑρη-

2193 5388 2374 5456 μένοις
2398 5388 2789 5459 ἀποκρίνεσθαι
2817 5390 3003 5458 σαφῶς
3027 5390 3513 5457 διεσπουδακότων,
3538 5390 3657 5447 εἶτα
3680 5411 3796 5467 τις.

2188 5482 2218 5533 ό
2251 5479 2401 5548 λόγος
2432 5483 2461 5534 ό
2494 5480 2643 5551 παρὰ
2670 5479 2827 5543 Θεοῦ,
2861 5480 3065 5551 βραχύς
3094 5498 3154 5535 τε
3188 5485 3282 5536 καὶ
3317 5484 3379 5537 οὐ
3411 5483 3641 5555 μακρὸς,
3672 5488 3771 5538 καὶ

2188 5572 2342 5625 οὐδὲν
2375 5573 2513 5642 ἔχων
2552 5572 2613 5625 τὸ
2646 5573 3014 5644 περισκεπές·
3049 5574 3163 5628 ἀλλ’
3187 5576 3253 5629 ἶν’
3286 5576 3459 5641 οὓτως
3497 5577 3771 5647 είπωμεν,

584 5751 666 5827 (Ξ)
696 5751 812 5810 Vox
870 5762 1148 5822 corrupta,
1189 5759 1247 5809 ut
1280 5758 1503 5822 apparet
1531 5770 1542 5806 :
1596 5759 1687 5805 aut
1718 5763 1927 5821 expone
1968 5749 2231 5804 decretum
2267 5751 2522 5819 [reet-mu,
2554 5763 2598 5805 et
2627 5752 2986 5821 obsignamnt,
3012 5768 3037 5806 a
3068 5755 3273 5810 τυπόω.
