4072 6370
318 426 425 482 105

1168 418 1711 476 COMMENTARIUS
1749 419 1815 477 IN
1856 421 2256 476 ZACIIARIAM
2297 419 2738 477 morumne.
2782 386 2785 389 λ

3472 422 3573 483 106

314 543 561 615 γυμνὸς,
615 543 709 597 καὶ
760 542 1168 605 εὐαπάλλακτος
1216 540 1316 613 τὴν
1380 541 1474 595 τοῦ
1531 541 1902 612 συμφέροντος

2009 554 2062 596 et
2093 546 2143 596 iu
2178 558 2285 612 quo
2311 542 2468 605 facile
2494 542 2779 597 utilitatem
2822 541 3219 612 deprehendas.
3253 541 3390 608 Quid
3427 545 3572 598 enim

314 636 544 706 γνῶσιν.
569 636 633 691 Τί
657 635 763 706 γὰρ
790 636 853 704 δὴ
882 635 943 688 τὸ
966 635 1181 706 χρῆμα,
1208 637 1394 706 φησὶν,
1426 634 1584 687 είκαὶ
1613 633 1899 705 νενηστεύ-

316 751 453 789 κατε
479 732 641 802 τυχὸν
678 735 737 784 ἐν
766 734 888 795 ταῖς
918 731 1195 801 πέμπταις
1226 730 1318 784 καὶ
1347 732 1406 783 ἐν
1437 731 1557 793 ταῖς
1605 729 1899 801 ὲὸδόμαιςς

315 825 355 895 ἢ
385 823 515 876 ποία
545 840 627 885 τις
652 822 789 886 ὅλως
820 821 1161 893 κατόρθωσις
1200 821 1423 892 ἀρετῆς,
1463 822 1524 875 τὸ
1561 820 1902 886 ἐπολολύζειν

316 916 549 987 ἀμαθῶς
581 915 758 980 ξύλοις
801 933 860 968 τε
893 914 986 967 καὶ
1025 913 1191 977 λίθοις
1222 914 1739 985 ἐμπεπρησμένοις;
1769 914 1902 967 Τίνα

316 1010 376 1061 δὲ
404 1007 608 1078 τρόπον
636 1008 749 1068 τοῖς
791 1007 921 1075 παρ’
954 1004 1107 1074 ὑμῶν
1147 1004 1443 1074 δρωμένοις
1488 1004 1719 1076 ἐφήδοιτ¹
1760 1004 1826 1059 ἂν
1875 1007 1903 1060 ὁ

314 1100 471 1163 Θεὸς,
504 1099 592 1155 ὅτε
620 1097 728 1149 τῶν
753 1097 1067 1164 ἀναγκαίων
1094 1097 1174 1158 εἰς
1215 1094 1402 1166 δνησιν
1449 1095 1790 1167 πεπραχότες
1813 1097 1904 1153 οὺ-

314 1190 427 1254 δὲν,
463 1189 642 1243 οίεσθε
669 1189 809 1241 κατὰ
839 1190 979 1257 σφᾶς
1016 1187 1088 1243 τὰ
1128 1187 1308 1241 πάντα
1337 1186 1532 1258 ἄριστα
1560 1187 1861 1259 κατορθοῦν
1886 1206 1899 1253 ;

314 1284 380 1335 Εἰ
402 1281 515 1353 γὰρ
544 1281 644 1350 τῆς
668 1280 925 1349 τοιαύτης
951 1280 1207 1349 δεδὲημαι
1230 1279 1502 1349 νηστείας.
1537 1280 1631 1332 καὶ
1655 1280 1901 1333 ἐπαινεῖν

314 1374 468 1439 ἄξιον
504 1371 726 1443 νομικὸν
755 1371 1191 1441 γυναικοπρεπῆ,
1234 1369 1323 1423 διὰ
1358 1370 1513 1422 ποίαν
1544 1369 1720 1424 αἰτίαν
1754 1370 1903 1422 £650-

319 1462 592 1534 μηκοστὸν
628 1461 745 1524 ἔτος
783 1459 1291 1533 διατετελε[ύ]κατε,
1322 1462 1506 1531 φησιν,
1538 1462 1598 1514 οὺ
1622 1477 1903 1531 νενηστεύ-

316 1556 506 1621 κότες;
530 1552 911 1623 Διατρίϐοντες
942 1552 1051 1626 γὰρ
1085 1551 1164 1606 ἔτι
1198 1553 1350 1624 παρὰ
1383 1555 1492 1614 τοῖς
1518 1551 1897 1615 Βαϐυλωνίοις,

312 1648 379 1700 οὐ
410 1647 664 1718 νηστείαν
702 1645 1019 1701 τετελέκασι
1052 1644 1345 1717 δημοτελῆ,
1390 1644 1505 1698 ἀλλ’
1534 1644 1811 1717 οὐδέτερόν
1847 1664 1901 1699 τι

315 1738 460 1791 κατὰ
487 1738 577 1792 τὸν
611 1738 774 1806 νόμον
803 1737 895 1790 τὸν
936 1737 1179 1801 Μωσέως
1221 1737 1606 1807 ἀποπεραίνειν
1640 1738 1903 1794 ἐσπουδα-

316 1830 473 1893 κότες
503 1830 681 1883 ἁλοῖεν
714 1828 800 1882 ἄν.
846 1824 981 1883 Εἶτα
1028 1827 1147 1891 πῶς
1190 1827 1419 1898 ἠλέησα,
1453 1828 1607 1897 φησὶ,
1656 1828 1750 1881 καὶ
1803 1828 1902 1896 τῆς

2010 650 2259 704 magnum
2296 645 2397 699 est,
2454 635 2649 703 inquit,
2682 633 2891 687 etiamsi
2920 632 3206 701 jejunastis
3249 636 3387 691 forte
3416 638 3575 703 quin-

2008 728 2077 780 tis
2119 737 2170 781 et
2235 727 2518 796 septimis,
2558 736 2649 780 ant
2693 727 2834 796 quod
2881 727 3101 781 virtutis
3133 725 3364 782 cilicium
3413 743 3576 797 super

2007 820 2166 889 lignis
2218 831 2272 873 et
2300 804 2570 887 lapidibus
2598 820 2805 875 exustis
2832 818 3078 874 ululare?
3101 817 3349 886 Quonam
3390 832 3573 874 autem

2001 916 2166 970 modo
2208 914 2350 969 Dens
2386 912 2546 968 factis
2590 914 2789 969 vestris
2820 913 3140 979 delectetur,
3172 916 3387 984 quando
3439 915 3569 969 nihil

2004 1006 2341 1062 conducibile
2377 1021 2499 1061 cum
2534 1005 2797 1071 feceritis,
2841 1007 3045 1075 optima
3077 1021 3302 1076 qumque
3338 1008 3574 1075 lagitimo

2000 1100 2199 1155 fecisse
2245 1098 2516 1154 Statuitls?
2570 1097 2703 1153 Nam
2743 1098 2787 1153 si
2836 1096 3145 1167 huiusmodi
3183 1097 3442 1168 jejunium
3496 1114 3574 1153 re-

2004 1192 2184 1259 quiro,
2226 1200 2280 1245 et
2320 1189 2534 1245 feminis
2562 1190 2781 1260 dignum
2814 1188 3121 1243 institutum
3166 1186 3431 1241 laudabile
3463 1197 3569 1253 est,

2003 1283 2130 1353 quid
2169 1290 2252 1335 est
2318 1284 2460 1351 quod
2506 1296 2601 1350 per
2644 1279 2985 1350 septuaginta
3026 1294 3199 1333 annos
3231 1294 3337 1335 non
3363 1278 3571 1347 jejuna-

2002 1371 2137 1426 stis?
2159 1369 2368 1427 Etenim
2397 1373 2537 1440 apud
2568 1369 2892 1441 Babylonios
2918 1372 3192 1438 degentes,
3232 1368 3443 1437 publice
3467 1382 3571 1421 non

1997 1464 2347 1532 jejunabant,
2400 1478 2579 1532 neque
2628 1463 2750 1518 illos
2800 1461 3075 1531 quidpiam
3134 1459 3278 1514 aliud
3333 1473 3399 1514 ex
3457 1459 3575 1527 lege

2004 1555 2170 1610 Mosis
2196 1554 2437 1610 studiose
2470 1563 2830 1624 exsequentes
2855 1554 3102 1611 vidisses.
3139 1551 3345 1607 Deinde
3379 1550 3573 1607 miser-

2006 1661 2092 1703 tus
2126 1663 2271 1712 snm,
2312 1648 2509 1717 inquit,
2538 1656 2593 1701 et
2624 1648 2692 1701 de
2736 1661 2899 1705 manu
2928 1644 3316 1700 dominantium
3344 1658 3440 1698 vos
3463 1644 3573 1701 eri-

2004 1740 2115 1808 pui,
2151 1749 2205 1794 et
2230 1740 2520 1794 comeditis
2545 1753 2609 1793 ac
2643 1738 2824 1792 bibitis
2845 1778 2860 1804 ,
2894 1752 3003 1792 non
3034 1737 3164 1791 mihi
3206 1736 3384 1806 potius
3414 1749 3573 1803 quam

2002 1834 2156 1887 vobis
2187 1831 2593 1902 'gratilicantes.
2647 1830 2827 1897 Quare
2874 1832 3072 1885 frustra
3100 1838 3158 1883 et
3208 1826 3469 1881 inutiliter
3493 1828 3575 1896 je-

314 1920 425 1974 τῶν
444 1920 797 1994 κρατούντων
831 1920 1012 1991 χειρὸς
1038 1919 1344 1991 ἐξειλόμην,
1367 1919 1459 1975 καὶ
1490 1919 1566 1991 (Ι)
1607 1923 1769 1985 πιεῖν,
1795 1920 1896 1979 οὐκ

1998 1920 2236 1988 iuuantis
2268 1920 2433 1975 etiam
2459 1920 2710 1989 lacryuuu
2747 1919 2934 1973 inanes
2962 1926 3107 1981 sunt,
3139 1927 3194 1971 et
3228 1919 3392 1971 sudor
3428 1932 3568 1970 mer-

317 2013 445 2083 ἐμοὶ
476 2012 734 2085 μᾶλλονῆ
770 2015 987 2076 ἑαυτοῖς
1026 2013 1316 2083 χαρίζεσθε
1359 2013 1420 2064 τὸ
1448 2014 1655 2084 χρῆμα.
1689 2013 1898 2067 Οὐκοῦν

313 2103 410 2156 τοῦ
456 2103 808 2173 νηστεύοντος
838 2103 996 2174 εἰκῆ,
1032 2104 1126 2157 καὶ
1164 2102 1252 2155 ἐπ’
1279 2102 1451 2159 οὐδενὶ
1480 2102 1585 2154 τῶν
1616 2103 1900 2174 χρησίμων

314 2195 411 2248 καὶ
438 2193 499 2248 τὸ
526 2194 761 2266 δάκρυον
787 2193 1084 2263 ἀνωφελὲς,
1117 2194 1210 2246 καὶ
1264 2193 1491 2262 ἄμισθος
1519 2195 1547 2246 ὁ
1575 2193 1754 2264 ἱδρώς.
1788 2194 1898 2264 Οὐχ

312 2282 464 2342 οὗτοι
484 2288 536 2340 οἱ
568 2286 716 2356 λόγοι
747 2287 854 2339 είσὶ
880 2286 988 2339 τῶν
1013 2285 1308 2357 προφητῶν
1328 2284 1436 2337 τῶν
1462 2284 1788 2357 ἔμπροσθεν,
1812 2287 1898 2339 ὅτε

310 2374 381 2449 ἦν
436 2377 791 2450 Ἰερουσαλὴμ
833 2378 1257 2448 κατοικουμένη,
1294 2377 1390 2433 καὶ
1434 2376 1774 2447 εύθηνοῦσα,
1805 2394 1900 2431 πε-

314 2466 723 2540 ριεχομένημσ.
748 2465 1135 2538 περιχεομένη]
1160 2483 1217 2519 τε
1233 2467 1343 2529 τοῖς
1368 2466 1614 2533 ἀγαθοῖς,
1639 2467 1732 2519 καὶ
1753 2468 1897 2539 ἀπη-

316 2559 539 2629 μάντοις
558 2558 639 2611 ἐτι
655 2561 774 2622 ταῖς
803 2559 959 2622 ἰδίαις
979 2557 1304 2627 ὲπαυχοῦσα
1320 2556 1528 2624 πόλεσι,
1546 2560 1665 2621 ταῖς
1682 2575 1741 2610 τε
1756 2559 1814 2611 ὲν
1829 2561 1895 2631 τῇ

311 2651 497 2723 ὀρεινῇ
526 2652 618 2705 καὶ
635 2654 701 2722 τῇ
724 2652 1085 2721 πεδινῇ;”Εφη
1117 2652 1215 2720 μὲν
1233 2649 1340 2719 γὰρ
1357 2652 1385 2703 ὁ
1408 2651 1696 2722 προφήτης
1721 2649 1896 2724 Ἱωὴλ,

308 2744 397 2796 ὅτι
416 2744 500 2796 δεῖ
516 2743 918 2815 πρεσϐυτέρους
939 2741 1181 2813 θρηνεῖν,
1209 2743 1457 2812 ίερέαςτε
1482 2742 1577 2796 καὶ
1596 2743 1780 2811 λαοὺς,
1799 2744 1897 2797 καὶ

312 2836 451 2906 πρός
478 2852 543 2904 γε
579 2835 645 2907 δὴ
677 2836 889 2897 τούτοις
916 2835 1010 2887 καὶ
1044 2836 1269 2903 ἁγιάσαι
1304 2833 1573 2906 νηστείαν.
1603 2834 1712 2888 Καὶ
1737 2835 1782 2900 ὁ,
1798 2835 1896 2905 τῆς

311 2928 690 2999 παραινέσεως
731 2928 932 2991 σκοπὸς
987 2927 1169 2981 ἐκάλει
1219 2929 1355 2999 πρὸς
1404 2926 1765 2999 μετάγνωσιν.
1820 2931 1895 2983 UO

311 3024 424 3093 γὰρ
443 3024 761 3094 περιμένειν
784 3023 943 3093 ἤθελε
966 3022 1072 3075 τῶν
1101 3022 1524 3095 συμϐεϐηκότων
1547 3024 1648 3094 τὴν
1676 3025 1891 3095 πεῖραν,

313 3114 401 3167 ἵνα
452 3115 547 3166 καὶ
592 3114 980 3184 ἐμπρησθέντα
1021 3114 1399 3187 καταθρηνῆτε
1444 3113 1535 3167 τὸν
1583 3113 1729 3179 ναὸν,
1780 3114 1894 3168 ἀλλ’

2002 2011 2133 2060 cede
2169 2019 2338 2062 caret.
2371 2004 2561 2062 Nonne
2593 2008 2679 2061 isti
2711 2021 2993 2062 sermones
3027 2017 3155 2061 sunt
3186 2006 3571 2075 prophetarum

2002 2099 2263 2167 priorum,
2314 2101 2529 2168 quando
2563 2099 2909 2155 habitabatur
2941 2098 3266 2165 Jerusalem,
3314 2109 3369 2152 et
3408 2099 3575 2153 abun-

2001 2191 2185 2255 dabat,
2219 2201 2275 2245 et
2312 2191 2725 2247 circumlinebat
2766 2192 2956 2256 bonis,
2994 2204 3047 2247 et
3085 2194 3302 2249 desnis
3351 2195 3574 2248 urbibus

2000 2304 2121 2338 mnu
2161 2287 2433 2342 montanis
2482 2296 2594 2342 tum
2645 2289 3042 2359 campestribus
3087 2289 3263 2344 adhuc
3314 2289 3477 2341 salvis
3519 2299 3573 2342 et

2003 2379 2357 2434 incolumibus
2387 2378 2711 2434 lmtabatnr?
2752 2381 2845 2434 Ait
2882 2381 3026 2436 enim
3062 2383 3320 2451 propheta
3363 2380 3479 2436 Joel
3502 2382 3569 2447 “,

2000 2469 2401 2523 lamentandnm
2464 2470 2791 2536 senioribus,
2832 2471 3207 2527 sacerdOtibus
3254 2479 3309 2524 et
3353 2472 3569 2539 populo,

1996 2575 2054 2616 et
2081 2573 2340 2631 praeterea
2374 2563 2825 2617 sanctiﬁcantlnm
2860 2563 3148 2634 jejunium.
3180 2565 3342 2637 712
3378 2562 3572 2619 llorta—

2000 2654 2159 2707 tionis
2203 2669 2396 2723 scoan
2455 2665 2572 2709 erat
2626 2669 2821 2709 vocare
2876 2654 2941 2707 ad
3000 2655 3394 2723 pmnitentiam.
3459 2657 3570 2708 bon

1996 2746 2141 2800 enim
2197 2754 2517 2816 exspectare
2561 2761 2657 2801 eos
2701 2746 2937 2813 volebat,
2974 2747 3099 2800 dum
3145 2747 3257 2815 ipsa
3306 2747 3570 2801 malorum

1997 2837 2332 2906 experientia
2368 2839 2714 2905 docerentur,
2753 2850 2809 2893 ut
2857 2840 2931 2894 ita
2968 2840 3227 2910 templum
3273 2849 3572 2895 crematum

1999 2929 2264 2998 delicatis,
2295 2932 2491 3000 inquit,
2521 2931 2616 2985 sed
2656 2942 2716 2985 ut
2743 2943 2870 2986 ante
2897 2932 3314 3001 experientiam,
3350 2942 3408 2985 ut
3435 2930 3569 2997 dixi,

1996 3020 2285 3089 eiulatibus
2352 3020 2713 3089 lamentisque
2777 3020 2942 3075 Deum
3007 3022 3351 3089 mitigantes,
3432 3021 3569 3075 mala

1995 3114 2262 3167 evadatis.
2305 3111 2688 3180 Quamobrem,
2734 3126 2912 3168 nonne
2969 3114 3056 3166 isti
3100 3123 3227 3167 sunt
3264 3126 3566 3175 sermones,

316 3206 403 3259 ἵνα
449 3205 557 3276 πρὸ
603 3206 817 3277 πείρας,
851 3206 926 3269 ὡς
971 3205 1129 3276 ἔφην,
1177 3208 1411 3276 κομμοῖς
1443 3222 1501 3258 τε
1531 3206 1627 3260 καὶ
1676 3205 1893 3278 θρήνοις

1998 3206 2192 3275 inquit,
2231 3209 2614 3276 prophetarum
2658 3205 2934 3276 priorum?
2984 3221 3214 3275 quorum
3270 3206 3441 3275 ignari
3476 3220 3569 3260 vos

311 3265 922 3371 ἐκμειλισσόμενοι*’τὸν⁷
950 3265 1505 3369 ΘεὸνίέξωΙγένησ-θε
1534 3298 1643 3353 τῶν
1686 3265 1895 3356 aia:va

2001 3300 2200 3353 frustra
2230 3300 2464 3368 ejnlatis,
2510 3310 2565 3355 et
2593 3300 2802 3369 lapides
2837 3299 2985 3354 humi
3020 3300 3266 3370 jacentes
3301 3314 3406 3353 non
3451 3301 3568 3353 sine

315 3392 528 3446 l'ioJo'BV
568 3392 664 3463 οὐχ
695 3387 839 3446 οὗτοί
867 3394 1006 3445 εἰσιν
1047 3393 1096 3445 οἱ
1131 3392 1279 3462 λόγοι
1312 3392 1422 3445 τῶν
1452 3391 1748 3464 προφητῶν
1792 3391 1900 3446 τῶν

1999 3393 2227 3448 stultitia
2269 3393 2523 3464 lacrymis
2556 3393 2900 3464 perfnnditis.
2929 3394 3092 3462 Atqui
3119 3396 3402 3462 oportebat
3451 3408 3567 3446 ιιιο-

316 3484 660 3556 ἐμπροσθεν;
683 3483 777 3550 οὓς
805 3484 1136 3555 ἠγνοηκότες
1167 3484 1322 3555 ὑμεῖς
1349 3484 1476 3550 είκῆ
1508 3483 1898 3553 κατοιμὼξετε,

2001 3500 2086 3539 res
2117 3501 2245 3540 suos
2269 3486 2561 3556 corrigere,
2593 3494 2648 3540 et
2678 3486 2933 3540 laudabili
2968 3487 3163 3540 semita
3202 3486 3340 3539 citra
3383 3486 3567 3553 cujus-

317 3574 412 3626 καὶ
436 3573 605 3637 λίθοις
631 3574 906 3644 κειμένοις
931 3573 992 3627 τὸ
1019 3573 1080 3637 ἐξ
1110 3574 1381 3644 ἁμαθείας
1411 3573 1646 3644 δάκρυον
1677 3573 1903 3631 ἐπιστάσ-

1998 3590 2159 3644 quam
2199 3576 2676 3645 reprehensionem
2718 3576 3019 3642 ambulare,
3057 3577 3320 3630 voluntati
3357 3576 3564 3643 legisla-

308 3664 493 3729 ζεσθε.
532 3664 723 3718 Κωῐτοι
751 3665 870 3721 δέον
896 3664 1229 3734 ἐπανορθοῦν
1260 3665 1359 3736 τῆς
1388 3664 1597 3718 ἑαυτῶν
1626 3664 1901 3728 πολιτείας

2001 3665 2135 3719 toris
2172 3665 2342 3733 probe
2393 3674 2449 3719 et
2489 3666 2740 3720 omnibus
2775 3667 3018 3720 numeris
3044 3681 3237 3735 parere
3263 3667 3562 3734 cupientes.

305 3756 408 3826 τὴν
435 3756 576 3820 ὁδὸν,
606 3757 701 3809 καὶ
736 3756 834 3828 τὴν
877 3756 1075 3814 εὐκλεᾶ
1111 3758 1205 3810 καὶ
1270 3755 1573 3829 ἀμώμητον
1641 3757 1775 3812 ἰέναι
1815 3758 2021 3831 τρίϐον,
2076 3756 2376 3830 κατορθοῦν
2436 3754 2495 3818 εὖ
2542 3757 2687 3828 μάλα
2732 3758 2791 3813 δέ
2835 3757 3143 3826 ἐγνωκότας
3183 3759 3245 3814 τὸ
3277 3757 3353 3829 τῷ
3400 3774 3563 3827 νομοο

305 3845 440 3917 θέτῃ
467 3844 678 3903 δοκοῦν,

382 3938 491 3993 Καὶ
544 3937 783 4006 ἐγένετο
834 3939 1017 4007 λόγος
1076 3940 1296 4008 Κυρίου
1350 3940 1500 4009 πρὸς
1550 3944 1884 4011 Ζαχαρίαν,

306 4032 534 4101 λέγων·
572 4030 714 4085 Τάδε
753 4033 914 4101 λέγει
943 4033 1165 4099 Κύριος
1206 4033 1655 4104 παντοκράτωρο
1699 4035 1890 4105 Κρῗμα

306 4124 544 4177 δίκαιον
570 4125 823 4191 κρίνετε,
852 4123 950 4176 καί
983 4122 1177 4190 ἕλεος,
1209 4125 1306 4178 καί
1341 4125 1647 4194 οὶκτιρμὸν
1671 4125 1890 4180 ποιεῖτε

304 4217 566 4283 ἕκαστος
601 4217 709 4270 τὸν
744 4215 1013 4285 ἀδελφὸν
1041 4216 1230 4272 αὑτοῦ
1264 4218 1364 4272 καί
1397 4218 1623 4287 χήραν,
1663 4218 1760 4273 καί
1791 4219 1887 4287 ὀρ-

305 4309 522 4379 φανὸν,
564 4309 661 4361 καὶ
688 4308 1099 4378 προσήλυτον,
1130 4310 1228 4364 καὶ
1258 4310 1489 4379 πένητα
1514 4311 1601 4381 μὴ
1634 4310 1889 4366 καταδυ-

306 4402 629 4456 ναστεύετε
647 4442 662 4466 ,
717 4402 814 4455 καί
873 4402 1092 4457 κακίαν
1139 4403 1399 4471 ἕκαστος
1449 4404 1556 4459 τοῦ
1618 4403 1887 4473 ἀδελφοῦ

302 4491 495 4545 αὐτοῦ
536 4490 625 4560 μὴ
658 4492 1099 4560 μνησικακείτω
1131 4493 1201 4546 ἐν
1236 4495 1367 4558 ταῖς
1400 4492 1672 4562 καρδίαις
1697 4490 1882 4562 ὑμῶν.

2069 3937 2231 3994 Vens.
2261 3937 2414 3994 8-10.
2464 3936 2531 3991 Et
2571 3938 2742 4005 factus
2783 3945 2864 3992 est
2907 3954 3075 3994 sermo
3106 3942 3419 3998 Dominiad
3456 3944 3563 4000 Za-

1998 4032 2264 4099 chariam,
2312 4031 2492 4085 dicens
2520 4045 2538 4085 :
2567 4028 2698 4085 Han:
2748 4032 2874 4086 dicit
2913 4031 3167 4087 Dominus
3198 4039 3518 4106 omnipotens
3547 4058 3564 4095 .'

1996 4123 2269 4178 Judicium
2287 4123 2494 4192 justum
2512 4121 2774 4195 judicate,
2815 4133 2864 4176 et
2899 4124 3314 4181 misericordiam
3340 4138 3386 4182 et
3411 4130 3562 4184 mise-

1997 4216 2255 4270 rationem
2284 4213 2442 4284 facite
2490 4217 2845 4286 unusquisque
2886 4231 3014 4285 erga
3058 4216 3274 4285 fratrem
3308 4236 3481 4288 suum,
3515 4234 3563 4278 et

1993 4309 2225 4374 viduam,
2268 4317 2317 4362 et
2350 4307 2631 4378 pupillum,
2673 4316 2724 4362 et
2771 4308 3042 4373 advenam,
3092 4320 3139 4364 et
3176 4326 3455 4379 pauperem
3502 4332 3562 4369 ne

1993 4400 2322 4469 appr-intutis,
2373 4411 2421 4453 et
2461 4399 2684 4455 malitiae
2732 4399 3086 4471 unusquisque
3135 4402 3321 4469 fratris
3361 4407 3444 4459 sui
3500 4424 3562 4461 ne

1995 4492 2335 4545 memineritis
2366 4492 2423 4545 in
2450 4492 2694 4546 cordibus
2728 4492 2928 4547 vestris.

378 4583 522 4649 AG’.
565 4582 1081 4653 Κατακιὸδηλεύσας
1122 4583 1184 4637 τὸ
1232 4586 1449 4649 πένθος,
1499 4586 1577 4649 ὡς
1604 4586 1889 4658 ζᾶχρηστον

2071 4581 2310 4639 XXXVI.
2355 4580 2575 4651 Rejecto
2602 4582 2745 4637 lnctn
2793 4591 2852 4636 nt
2886 4582 3219 4640 infructuosa
3259 4595 3314 4642 et
3365 4587 3559 4652 inutili,

303 4671 401 4725 καί
451 4670 751 4739 ἀνωφελὲς,
800 4671 1013 4726 καὶτὸν
1051 4675 1257 4728 εἰκαῖον
1306 4674 1487 4728 αὐτῶν
1532 4676 1732 4750 ἱδρῶτα
1774 4678 1889 4731 δια-

301 4762 591 4832 χλευάσας,
624 4762 951 4833 ἁποκομίζει
1002 4764 1140 4834 πρὸς
1183 4764 1245 4818 τὺ
1294 4766 1376 4821 ὅτι
1419 4767 1653 4838 μάλιστα
1697 4768 1888 4824 τελοῦν

302 4855 384 4913 είς
408 4852 615 4922 ὄνησιν,
647 4854 739 4906 καὶ
774 4854 873 4924 τῆς
912 4855 1242 4927 ἁνδανούσης
1264 4857 1412 4928 αὐτῷ
1439 4859 1715 4922 πολιτείας
1742 4863 1884 4933 σαφῆ

300 4959 360 4995 τε
396 4944 493 4995 καὶ
522 4944 726 5015 ἐναργῆ
760 4947 1113 5017 καταστήσας
1155 4947 1255 5019 τὴν
1291 4948 1430 5014 ὁδὸν,
1474 4951 1886 5006 καταλευκαίνει

303 5053 368 5104 γε
416 5035 608 5108 ὥσπερ
656 5037 825 5093 αὐτοῦ
855 5055 915 5091 τε
958 5039 1051 5093 τοῦ
1098 5040 1267 5111 νόμου
1301 5042 1395 5096 καὶ
1440 5042 1550 5096 τῶν
1592 5044 1885 5114 προφητῶν

300 5130 399 5182 τὸν
442 5128 588 5184 νοῦν.
660 5130 946 5201 Ἐφήδεται
978 5132 1088 5204 γὰρ
1125 5135 1154 5187 ὁ
1195 5134 1490 5205 νομοθέτης
1518 5135 1664 5207 ὀρθῷ
1697 5153 1757 5188 τε
1792 5136 1887 5189 καὶ

302 5223 594 5295 ἀμωμήτῳ
648 5224 899 5294 κρίματι,
932 5226 1285 5299 ἐκτετίμηται
1320 5227 1378 5280 δέ
1410 5229 1505 5281 καὶ
1544 5228 1663 5282 λίαν
1692 5230 1889 5282 ἐσπου-

302 5314 590 5384 ὂασμένως
639 5314 791 5369 ἐλεόν
842 5333 901 5369 τε
958 5318 1053 5373 καὶ
1098 5317 1471 5391 φιλαλληλίαν.
1511 5320 1607 5374 καὶ
1651 5321 1889 5375 ἐπαινεῖν

254 5470 269 5482 _
304 5405 450 5470 ἀξιοῖ
472 5403 571 5475 τὴν
600 5406 680 5467 είς
710 5406 983 5476 ὀρφανοὺς
1011 5407 1312 5485 ἀγάπησιν,
1345 5410 1441 5462 καὶ
1469 5409 1635 5478 φειδὼ
1667 5409 1767 5481 τὴν
1797 5410 1889 5463 ἐπὶ

303 5496 551 5563 γυναίοις
585 5497 753 5570 χηρίᾳ
787 5498 1270 5572 κατηχθεσμένοις.
1318 5502 1654 5557 ’Λποσείεταί
1686 5520 1748 5571 γε
1783 5504 1888 5574 μὴν

379 5674 426 5706 ’⁸
469 5674 585 5728 Joel
620 5693 657 5738 ι,
697 5676 762 5729 l3
788 5691 945 5746 seqq.

1994 4684 2049 4729 et
2089 4674 2235 4729 inani
2267 4688 2454 4728 eorum
2480 4673 2665 4728 labore
2687 4672 2869 4738 irriso,
2904 4676 2970 4727 ad
2997 4690 3262 4734 summam
3290 4693 3382 4733 eos
3413 4681 3561 4733 utili-

1997 4778 2158 4822 tatem
2189 4767 2429 4830 deducit,
2463 4776 2519 4822 et
2561 4767 2683 4821 vitae
2726 4768 2829 4823 sibi
2863 4781 3098 4839 acceptae
3140 4773 3223 4825 via
3279 4775 3559 4844 perspicue

1995 4858 2384 4928 manifesteque
2418 4858 2649 4921 munita,
2690 4867 2796 4913 tam
2839 4860 2971 4931 legis
3010 4861 3179 4930 ipsius
3231 4879 3390 4934 quam
3438 4880 3556 4934 pro-

1994 4950 2277 5019 phetarum
2329 4964 2551 5006 sensum
2596 4954 2973 5021 qnadantenns
3019 4954 3279 5009 declarat.
3326 4954 3558 5012 Laetatur

1992 5044 2136 5097 enim
2178 5043 2454 5115 legislator
2504 5054 2654 5103 recto
2694 5055 2752 5101 et
2795 5044 3104 5116 incnlpabili
3131 5046 3353 5115 judicio,
3393 5049 3556 5102 mise-

1991 5136 2283 5191 ricordiam
2310 5151 2442 5193 vero
2480 5144 2537 5193 et
2577 5147 2822 5192 mutuum
2878 5138 3217 5208 gratiﬁcandi
3258 5138 3558 5195 inservien-

1990 5228 2151 5297 diqne
2179 5229 2414 5284 studium
2444 5230 2499 5284 in
2525 5229 2714 5301 primis
2737 5230 2988 5297 honorat,
3030 5239 3086 5285 et
3115 5229 3453 5285 dilectionem
3502 5232 3554 5289 in

1987 5319 2298 5387 orphanos,
2355 5320 2739 5392 lenitatemque
2785 5336 2913 5395 erga
2970 5321 3227 5377 mulieres
3281 5321 3558 5377 viduitatis

1989 5422 2127 5465 onus
2159 5409 2492 5467 sustinentes
2532 5412 2852 5467 laudandam
2882 5421 3085 5469 censet.
3117 5411 3415 5468 Avaritiam
3459 5427 3556 5469 au-

1991 5512 2096 5557 tem
2165 5509 2221 5559 et
2286 5502 2641 5558 inllrmiorum
2709 5505 3106 5572 oppressionem
3168 5511 3226 5557 nt
3278 5501 3553 5575 profanam

382 5858 457 5931 (Ι)
493 5857 695 5912 Desunt
758 5858 1001 5927 quaedam
1068 5871 1267 5914 voces:
1304 5874 1497 5915 sensus
1557 5867 1733 5915 tamen
1766 5867 1846 5913 est
1886 5856 2100 5928 plenus.

547 5951 821 6014 Ριτιιοι..
868 5950 986 6011 Gn.
1029 5949 1281 6013 LXXII.
