4072 6370
647 453 745 514 iH

1625 449 1687 504 'S.
1729 447 2002 504 CYRILLI
2044 442 2516 502 ALEXANDIHNI
2557 443 2871 499 ARCHIEP.

3799 445 3915 503 Hi

645 581 769 627 vate
801 579 918 634 est;
966 582 1089 623 vera
1122 575 1302 622 autem
1354 566 1547 620 civitas
1591 565 1873 620 vocabitur
1891 563 2216 625 Jerusalem,

2336 560 2442 622 Sag,
2489 558 2718 630 ἀληθινὴ
2760 558 2816 612 δὲ
2864 557 3018 621 πόλις
3069 560 3398 631 κληθησεται
3436 567 3475 631 η
3528 561 3912 633 Ἰερουσαλὴμ,

660 677 766 717 uon
798 661 930 730 jam,
961 668 1020 713 ιιι
1060 657 1212 721 olim,
1241 657 1536 712 diis‘tnanu
1576 656 1852 710 labticatis
1894 667 1946 709 et
1999 655 2221 708 simula-

645 754 756 807 cris
797 751 964 806 Deunt
1008 748 1396 804 mentientibus
1437 748 1636 802 cultum
1684 749 1922 802 divinum
1957 748 2219 807 tribuens.

647 849 738 900 sed
784 860 972 910 unum,
1010 853 1062 898 et
1091 852 1285 897 natura
1320 851 1372 894 et
1404 856 1588 896 verum
1651 840 1814 895 Deum
1846 840 1992 894 omni
2027 854 2222 908 genere

647 933 910 989 bonitatis
941 931 1148 996 colens,
1174 930 1306 984 utin
1342 930 1590 983 futurum
1611 929 1814 1001 legibus
1843 931 2224 984 convenienter

649 1024 833 1079 vivere
861 1021 1012 1087 velit,
1040 1029 1096 1074 et
1129 1021 1196 1073 ad
1238 1020 1418 1074 omnia
1451 1019 1607 1074 facile
1637 1019 1915 1074 obediens.

717 1113 1166 1171 Accommodabis
1194 1127 1358 1182 porro
1387 1127 1492 1167 non
1525 1111 1702 1178 inepte
1733 1111 2038 1180 bujusmodi
2065 1127 2226 1166 voces

646 1209 694 1263 ei
732 1208 826 1278 qui
881 1217 1100 1277 propter
1127 1219 1226 1259 nos
1257 1214 1314 1257 ιιι
1345 1217 1484 1258 unus
1510 1217 1574 1256 ex
1610 1202 1764 1257 nobis
1792 1203 1964 1257 factus
1991 1213 2103 1268 est,
2126 1203 2225 1257 Dei

646 1299 838 1363 Filius,
872 1298 961 1368 qui
995 1313 1120 1352 cum
1152 1297 1205 1350 in
1241 1294 1622 1351 forma-Patris
1652 1306 1814 1358 esset,
1845 1305 1898 1349 et
1928 1296 2148 1365 aequalis
2178 1297 2225 1351 ei

647 1408 746 1462 per
786 1393 966 1446 Omnia
991 1433 1006 1456 ,
1044 1409 1062 1441 ι
1104 1389 1343 1458 scipsom
1380 1389 1718 1451 exinanivit,
1758 1390 1928 1441 turma
1963 1389 2101 1443 servi
2138 1404 2228 1444 ac-

649 1494 827 1552 cepta,
856 1482 1112 1538 et‘l'aCttts
1140 1490 1224 1536 est
1257 1483 1435 1540 homo.
1465 1490 1518 1535 et
1544 1496 1748 1550 egenus
1779 1493 1996 1550 propter
2024 1498 2139 1544 ttns,
2172 1489 2230 1534 ιιι

649 1591 748 1631 nos
776 1575 919 1630 illius
953 1574 1130 1642 inopia
1163 1573 1360 1628 divites
1387 1589 1630 1628 essemus
1656 1573 1722 1626 ’9.
1759 1591 1775 1622 ι
1811 1573 1950 1642 Ergo
1979 1573 2068 1642 qui
2101 1573 2227 1626 olim

651 1677 867 1737 propter
891 1666 1375 1735 transgressionem
1419 1667 1470 1718 in
1502 1665 1744 1728 Ad:un,~¢
1779 1677 1829 1718 et
1863 1667 1985 1733 quia
2019 1666 2228 1718 incum-

650 1759 724 1812 bit
749 1759 1004 1826 cogitatio
1031 1757 1264 1811 hominis
1286 1757 1350 1809 ad
1381 1756 1517 1810 mala
1542 1757 1608 1809 ab
1632 1756 1992 1810 adulescentia
2017 1759 2224 1820 8ι13¹,»»

643 1849 787 1917 juste
815 1865 1038 1902 aversus
1062 1858 1165 1910 est,
1192 1849 1256 1902 ad
1288 1863 1387 1902 nos
1415 1848 1613 1912 denuo,
1641 1859 1696 1901 ut
1724 1865 1789 1902 ex
1822 1851 2046 1903 naturali
2078 1867 2230 1904 man-

2323 651 2506 704 οὐκέτι
2533 650 2676 703 καθὰ
2718 653 2812 704 καὶ
2850 649 3016 705 πάλαι
3044 654 3158 716 τοῖς
3207 653 3599 724 χειροκμήτοις
3633 652 3771 716 θεοῖς
3817 656 3917 708 καὶ

2323 745 2436 805 τοῖς
2461 741 2834 812 ψευδωνύμως
2877 741 3162 812 ίνδάλμασι
3202 743 3649 814 προσκομίζουσα
3675 745 3772 809 τὰς
3817 746 3920 798 λα-

2324 835 2545 905 τρείαςο
2574 833 2710 888 ἀλλὰ
2746 834 2838 889 τόν
2890 835 2988 889 ἕνα
3027 835 3123 888 καὶ
3153 835 3311 904 φύσει
3360 837 3454 890 καὶ
3489 835 3743 907 ἀληθινόν
3779 836 3917 889 Θεὸν

2327 925 2706 998 θεραπεύουσα
2746 929 2863 991 ταῖς
2890 926 3236 991 ἐπιεικείαις,
3268 927 3355 982 διὰ
3383 927 3480 981 τοῦ
3525 927 3624 998 ζῇν
3666 929 3920 998 ἐννόμως

2329 1019 2542 1073 ἑλέσθαι
2571 1019 2778 1083 λοιπὸν,
2823 1022 2917 1073 καὶ
2943 1022 3062 1083 ταῖς
3101 1022 3180 1083 εἰς
3207 1021 3316 1072 πᾶν
3347 1019 3525 1073 ὁτιοῦν
3559 1020 3916 1082 εὐπειθείαις.

2403 1109 2696 1182 Περιθείης
2723 1111 2768 1164 δ’
2799 1109 2866 1165 ἂν
2913 1111 3140 1173 εἰκότως
3172 1110 3272 1174 τὰς
3293 1111 3505 1164 τοιάσδε
3536 1113 3718 1179 φωνὰς
3743 1110 3824 1181 τῷ
3854 1111 3920 1163 δι’

2330 1202 2478 1272 ἡμᾶς
2507 1201 2624 1255 καθ’
2651 1203 2801 1272 ἡμᾶς
2829 1201 3076 1270 γεγονότι
3103 1201 3284 1272 Λόγῳ,
3319 1203 3378 1265 ὃς
3400 1203 3658 1274 ὑπάρχων
3684 1204 3742 1256 ἐν
3773 1220 3917 1274 μορ-

2331 1297 2402 1362 φῇ
2443 1292 2536 1346 τοῦ
2593 1294 3020 1365 γεγεννηκότος,
3058 1293 3166 1348 καὶ
3217 1295 3275 1348 ἐν
3331 1295 3536 1365 ἰσότητι
3585 1293 3728 1347 κατὰ
3769 1296 3920 1358 πᾶν,

2336 1406 2352 1437 ι
2394 1386 2583 1440 ἐαυτὸν
2623 1386 2884 1452 ἐκένωσε,
2933 1387 3147 1457 μορφὴν
3189 1386 3378 1440 δούλου
3429 1385 3613 1440 λαϐὼν
3645 1428 3661 1452 ,
3694 1387 3792 1439 καὶ
3824 1387 3915 1454 γέ-

2331 1497 2484 1548 γονεν
2506 1457 2827 1551 ᾶνθρωποςξ
2849 1479 2941 1533 καὶ
2994 1477 3308 1549 ἐπτώχευσε
3334 1478 3401 1532 δι’
3428 1479 3599 1549 ἡμᾶς,
3635 1478 3724 1531 ἵνα
3752 1478 3918 1547 ἡμεῖς

2329 1576 2396 1644 τῇ
2428 1570 2591 1625 αὑτοῦ
2620 1570 2865 1642 πτωχεία
2919 1570 3334 1642 πλουτήσωμεν.
3374 1588 3393 1622 ι
3435 1569 3644 1624 Οὐκοῦν
3669 1572 3700 1624 ό
3749 1569 3922 1623 πάλαι

2330 1665 2418 1717 διά
2443 1681 2499 1716 τε
2532 1663 2631 1736 τὴν
2655 1664 2714 1716 ὲν
2765 1663 2936 1734 Ἀδὰμ
2981 1662 3314 1734 παράϐασιν,
3355 1685 3374 1713 ι
3407 1665 3511 1716 ρκαὶ
3536 1662 3596 1716 τὸ
3632 1661 3918 1730 ἐγκεῖσθαι

2331 1753 2426 1825 τὴν
2448 1753 2688 1807 διάνοιαν
2721 1751 2814 1806 τοῦ
2843 1750 3135 1822 ἀνθρώπου
3179 1753 3272 1805 ἐπὶ
3293 1752 3362 1805 τὰ
3392 1753 3605 1823 πονηρὰ
3633 1753 3695 1804 ἐκ
3732 1753 3918 1819 νεότη-

2334 1863 2444 1908 τος,
2476 1865 2494 1896 ι
2530 1843 2753 1909 δικαίως
2779 1844 3176 1916 ἀποστραφεὶς,
3230 1843 3536 1916 ἐπέστρεψε
3587 1843 3724 1915 πρὸς
3768 1844 3918 1914 ᾐμᾶς

649 1939 933 1994 suetudine
963 1953 1211 1993 reversus
1239 1946 1342 2000 est.
1373 1938 2065 2007 et"Ecclesiam'hahilavit,
2097 1943 2227 1996 civi-

2336 1942 2401 2004 ὠς
2431 1940 2490 2006 ἐξ
2521 1940 2769 2011 ἐμφύτου
2825 1939 3011 1994 λοιπὸν
3042 1939 3404 2012 ἡμερότητος,
3465 1938 3560 1992 καὶ
3613 1937 3913 2010 κατῴκηκε

652 2040 924 2100 tatemquc
953 2029 1408 2084 cthabitaculum
1461 2039 1705 2083 sanctum
1743 2032 2110 2086 sanctilicatos
2141 2033 2223 2088 el-

651 2122 797 2179 fecit.
831 2123 920 2177 Ait
955 2122 1096 2176 euim
1135 2121 1331 2176 alicubi
1375 2124 1441 2176 de
1475 2122 1645 2175 electa
1667 2161 1681 2186 ,
1720 2122 1955 2177 Ecclesia
1992 2125 2174 2193 utique
2207 2144 2222 2180 :

655 2232 674 2265 ι
707 2213 802 2268 llic
821 2215 1094 2276 habitabo,
1113 2213 1365 2284 quoniam
1391 2213 1524 2283 elegi
1551 2230 1670 2267 eam
1689 2215 1730 2267 ¹.
1762 2234 1780 2266 ι
1812 2215 1996 2269 Psallit
2021 2228 2073 2272 et
2099 2219 2228 2270 bea-

652 2317 738 2360 tus
769 2306 934 2360 David
958 2325 1015 2360 εηι
1045 2306 1290 2360 Gloriosa
1313 2306 1454 2360 dicta
1480 2315 1607 2360 sunt
1630 2307 1695 2360 de
1715 2317 1786 2373 te,
1807 2307 1997 2363 civitas
2024 2308 2112 2363 Dei
2132 2309 2222 2362 ³.»

651 2397 804 2452 llanc
842 2398 996 2452 nobis
1038 2399 1164 2452 item
1204 2397 1461 2467 propheta
1503 2397 1668 2452 Isaias
1703 2398 1960 2453 indicavit
1996 2418 2008 2454 :
2041 2417 2071 2450 -ι
2116 2400 2230 2455 Erit

651 2486 704 2540 in
751 2487 1056 2540 novissimis
1097 2486 1287 2541 diebus
1336 2487 1652 2542 manifestus
1696 2503 1848 2544 mons
1890 2489 2134 2554 Domini,
2177 2500 2231 2545 et

652 2579 845 2632 domus
897 2578 987 2631 liei
1037 2578 1088 2631 in
1135 2579 1446 2632 summitate
1493 2581 1788 2644 montium,
1834 2593 1889 2635 et
1935 2581 2231 2636 elevabitur

651 2684 814 2740 super
848 2669 1046 2730 colles.
1083 2678 1136 2723 et
1159 2671 1386 2725 venient
1423 2672 1488 2724 ad
1532 2686 1653 2725 eum
1687 2687 1876 2727 omnes
1910 2683 2098 2744 gentes
2119 2673 2160 2728 ’⁵.
2204 2692 2223 2726 ι

650 2758 954 2830 Couspicua
1001 2770 1082 2814 est
1127 2761 1270 2814 enim
1319 2760 1558 2816 Ecclesia
1585 2761 1843 2827 Christi,
1886 2773 1941 2818 et
1982 2765 2123 2819 velut
2173 2764 2229 2820 in

654 2861 836 2905 monte
861 2851 1031 2919 posita
1060 2861 1202 2918 patet
1225 2850 1717 2908 omnibus-Vocula
1742 2866 1822 2909 est
1845 2855 2041 2910 deinde
2063 2856 2227 2911 etiam

652 2958 802 3007 vera,
835 2943 1144 3010 neutiquam
1174 2943 1317 3012 typis
1346 2952 1399 2997 et
1427 2945 1631 2999 umbris
1663 2947 1938 3008 serviens.
1969 2950 2062 3002 sed
2093 2948 2233 3002 veri-
2286 3008 2289 3010 _

657 3041 818 3087 tatem
853 3033 1128 3101 cmuplcxa
1169 3033 1380 3102 potius,
1416 3049 1534 3104 qua:
1571 3047 1658 3092 est
1695 3037 1978 3104 Christus,
2044 3050 2097 3095 et
2135 3039 2233 3095 ad-

652 3127 955 3180 orationem
995 3127 1044 3179 in
1082 3127 1273 3195 spiritu
1311 3142 1373 3180 ac
1405 3129 1634 3182 veritate
1666 3145 1929 3198 usurpans
1951 3132 1991 3186 ’⁸.

2328 2035 2428 2104 τὴν
2489 2033 2839 2105 Ἐκκλησίαν,
2903 2033 3056 2087 πόλιν
3103 2050 3163 2086 τε
3209 2033 3304 2086 καὶ
3367 2031 3688 2102 ἐνδιαίτημα
3723 2031 3920 2084 σεπτὸν

2331 2123 2625 2193 ἐποιήσατο
2673 2124 2800 2187 τοὺς
2839 2123 3226 2194 ήγιασμένους.
3280 2121 3426 2193 Ἔφη
3477 2120 3585 2191 γάρ
3639 2136 3741 2172 που
3791 2121 3922 2190 περὶ

2334 2216 2581 2286 αἱρετῆς,
2615 2214 2775 2284 δῆλον
2819 2214 2875 2268 δὲ
2913 2215 2990 2267 ὅτι
3020 2215 3122 2284 τῆς
3169 2213 3582 2284 Ἐκκλησίαςί
3621 2208 3748 2266 Ὧδε
3790 2231 3920 2266 κατ-

2332 2307 2575 2377 οικήσω,
2620 2307 2703 2359 ὅτι
2735 2306 3080 2378 ᾑρετισάμην
3124 2307 3317 2377 αὑτήν.
3353 2325 3372 2358 ι
3426 2305 3633 2360 Ψάλλει
3671 2306 3865 2359 δέν-καὶ
3895 2307 3922 2356 ὁ

2337 2399 2605 2470 μακάριος
2627 2397 2810 2452 Δαϐίδο
2847 2417 2864 2449 ι
2895 2397 3273 2469 Δεδοξασμένα
3303 2399 3540 2470 ἐλαλήθη
3602 2400 3732 2469 περὶ
3787 2397 3881 2450 σοῦ
3904 2439 3918 2458 ,

2335 2492 2369 2561 ἡ
2404 2491 2555 2554 πόλις
2592 2489 2687 2543 τοῦ
2713 2488 2872 2544 Θεοῦ.
2906 2509 2924 2542 ι
2949 2489 3166 2560 Ταύτην
3193 2491 3327 2562 ἡμῖν
3355 2491 3703 2562 κατεμήνυσε
3759 2491 3854 2543 καὶ
3879 2493 3921 2542 ’ὁ

2334 2583 2623 2654 προφήτης
2654 2582 2904 2647 Ἡσαΐας,
2935 2582 3172 2651 λέγων’(
3198 2583 3393 2637 Ἔσται.
3425 2584 3484 2637 ἐν
3504 2585 3632 2646 »ταῖς
3665 2581 3920 2652 ἐσχάταις

2335 2675 2572 2747 ἡμέραις
2603 2675 2844 2746 ἐμφανὲς
2891 2675 2953 2729 τὸ
3008 2675 3135 2747 ὅρος
3181 2676 3412 2749 Κυρίου,
3455 2678 3549 2730 καὶ
3581 2677 3608 2730 ὁ
3646 2670 3799 2738 οἶκος
3830 2673 3920 2726 τοῦ

2336 2767 2471 2820 Θεοῦ
2502 2768 2589 2821 ἐπ’
2603 2767 2793 2838 ἄκρων
2816 2765 2925 2820 τῶν
2947 2766 3143 2838 ὀρέων,
3171 2767 3264 2822 καὶ
3287 2767 3635 2838 ὑψωθήσεται
3665 2765 3922 2836 ὑπεράνω

2327 2857 2441 2911 τῶν
2472 2857 2700 2928 βουνῶν,
2731 2857 2825 2910 καὶ
2843 2857 3066 2928 ἥξουσιν
3092 2857 3188 2912 ἐπ’
3213 2859 3378 2913 αὐτὸν
3405 2859 3584 2913 πάντα
3613 2858 3680 2912 τὰ
3705 2857 3857 2928 ἕθνη.
3897 2874 3917 2907 ι

2359 2949 2639 3022 ιερίοπτος
2669 2947 2777 3020 γὰρ
2806 2950 2841 3021 ή
2877 2949 3173 3020 Ἐκκλησία
3199 2950 3438 3023 Χριστοῦ
3457 2991 3474 3016 ,
3512 2951 3607 3005 καὶ
3637 2945 3836 3020 οἷάπερ
3859 2950 3922 3001 ,ἐν

2333 3042 2452 3112 ὄρει
2481 3042 2734 3114 κειμένη,
2761 3045 2874 3109 τοῖς
2903 3042 3220 3114 ἁπανταχοῦ
3261 3042 3614 3116 γνωρίζεται.
3641 3042 3922 3110 Κέκληται

2337 3133 2394 3187 δὲ
2445 3136 2540 3189 καὶ
2571 3135 2856 3206 ἀληθινὴ,
2911 3137 3114 3208 ἥκιστα
3165 3138 3262 3208 μὲν
3311 3135 3504 3202 τύποις
3551 3136 3797 3208 ἥσκιαῖς
3828 3135 3920 3186 λα-

653 3223 940 3294 τρεύουσα·
991 3224 1412 3296 παραδεξαμένη
1441 3225 1494 3277 δὲ
1528 3226 1725 3296 μᾶλλον
1756 3229 1855 3298 τὴν
1919 3229 2177 3301 ἀλήθειαν
2201 3232 2268 3302 ,ἦ
2308 3234 2420 3287 ἐστι
2451 3234 2705 3305 Χριστὸς,
2733 3235 2828 3289 καὶ
2883 3237 2982 3306 τὴν
3005 3236 3063 3289 ἐν
3093 3234 3364 3307 πνεύματι
3397 3237 3500 3290 Δκαὶ
3527 3234 3760 3308 ἀληθείᾳ
3785 3236 3920 3297 mir,-

659 3316 826 3386 ροῦσα
855 3317 1244 3387 προσκύνησιν.

730 3411 890 3466 Vsus.
927 3412 987 3476 4,
1113 3411 1240 3466 Hice
1276 3414 1402 3467 dicit
1442 3414 1694 3468 Dominus
1728 3419 2052 3482 omnipotens
2084 3435 2101 3471 :
2130 3419 2239 3472 Ad-
2266 3437 2294 3490 ί

657 3505 758 3556 huc
795 3502 1043 3557 sedebant
1079 3507 1309 3559 seniores
1358 3517 1404 3559 et
1438 3524 1572 3562 anus
1618 3508 1672 3561 in
1703 3511 1888 3574 plateis
1920 3509 2236 3574 Jerusalem,

658 3594 1011 3664 unusquisque
1053 3594 1253 3664 virgam
1291 3595 1396 3650 sive
1438 3597 1718 3664 scipionem
1760 3615 1913 3651 suum
1955 3601 2145 3654 habens
2186 3602 2239 3654 in

657 3699 818 3736 manu
847 3700 966 3748 sua,
996 3700 1106 3752 pra:
1135 3686 1468 3740 multitudine
1499 3687 1664 3759 716
1705 3690 1925 3744 dierum.
1955 3689 2025 3745 Et
2056 3693 2241 3760 platew

639 3773 888 3827 civitatis
930 3773 1265 3843 replebunmr
1286 3776 1519 3844 puerulis
1571 3787 1619 3830 et
1649 3777 1834 3847 puellis
1863 3779 2158 3836 ludentibus
2185 3783 2237 3835 iu

655 3865 841 3934 plateis
868 3865 1004 3936 ejus.

733 4039 844 4097 XL.
881 4041 1189 4098 Iudaeorum
1232 4054 1392 4114 gente
1432 4047 1571 4102 bello
1602 4047 1909 4118 absumpta,
1950 4052 2112 4106 urbes
2144 4069 2238 4107 e0-

640 4149 779 4187 -rum
819 4132 890 4187 ab
930 4135 1122 4190 incolis
1158 4151 1386 4203 vacuas,
1425 4147 1479 4192 et
1520 4140 1710 4195 domos
1748 4156 1869 4195 cum
1908 4143 2240 4212 elegantibus

634 4242 844 4280 tearum
875 4228 1164 4283 structuris
1205 4238 1261 4284 et
1295 4230 1555 4299 aperibus
1580 4231 1787 4287 dirutas
1815 4236 2052 4304 conSpici
2080 4250 2240 4304 Opor-

646 4316 833 4371 -tebat.
857 4317 1054 4372 Verum
1078 4331 1208 4373 ecce
1232 4319 1469 4374 reversis
1491 4321 1557 4376 ab
1581 4321 1827 4377 hostibus
1850 4301 2097 4394 quamvis
2118 4301 2238 4376 diu-

665 4419 874 4462 turnam
918 4423 1104 4479 pacem
1143 4410 1393 4464 daturum
1432 4426 1492 4467 se
1526 4411 1833 4481 pollicetur,
1869 4430 2030 4484 quam
2067 4415 2238 4471 Graeci

662 4501 1223 4556 accommodatissime
1235 4502 1618 4574 κουροτρόφον,
1636 4521 1923 4576 puerorum
1952 4509 2239 4576 nutricem,

662 4590 1021 4661 appellarunt.
1055 4591 1223 4647 Natos
1257 4594 1456 4664 quippe
1490 4597 1554 4650 ad
1585 4598 1926 4666 pubertatem
1963 4600 2238 4669 perducit,

662 4693 718 4736 et
731 4680 1006 4750 juventam
1031 4682 1292 4754 ingressis
1311 4685 1452 4739 viam
1477 4688 1544 4740 ad
1568 4697 1901 4745 senectutem
1935 4692 2080 4745 velut
2104 4703 2242 4747 ster-

2419 3415 2563 3470 Τίίδε
2618 3417 2778 3487 λέγει
2821 3417 3036 3485 Κύριος
3087 3417 3542 3486 παντοκράτωρ·
3617 3421 3740 3474 Ἔτι
3785 3425 3924 3477 καί]-

2340 3508 2594 3574 ήσονται
2631 3510 3021 3579 πρεσϐύτεροι
3090 3509 3190 3564 καὶ
3245 3511 3633 3580 πρεσϐύτεραι
3683 3514 3757 3566 ἐν
3801 3515 3922 3582 ταῖς

2336 3601 2652 3667 πλατείαις
2700 3601 3119 3672 Ἰερουσαλὴμ,
3144 3601 3404 3670 ἕκαστος
3438 3603 3552 3673 τὴν
3571 3604 3807 3672 ῥάϐδον
3825 3609 3921 3660 αὐ·

2341 3690 2446 3744 τοῦ
2475 3689 2635 3759 ἔχων
2678 3691 2749 3745 ἐν
2780 3690 2855 3760 τῇ
2893 3691 3045 3762 χειρὶ
3078 3693 3288 3758 αὐτοῦ,
3315 3692 3434 3747 ἀπὸ
3467 3695 3744 3761 πλήθους
3789 3699 3920 3767 ἠμε-

2331 3781 2480 3848 ρῶν.
2512 3783 2620 3836 Καὶ
2648 3785 2708 3837 al
2730 3783 3008 3838 πλατεῖαι
3059 3781 3168 3851 τῆς
3205 3783 3437 3850 πόλεως
3465 3785 3920 3853 πλησθήσονται

2337 3873 2666 3942 παιδαρίων
2743 3874 2844 3927 καὶ
2905 3876 3208 3943 κορασίων
3273 3875 3604 3937 παιζόντων
3658 3878 3730 3932 ἐν
3800 3879 3919 3944 ταῖς

2339 3966 2651 4031 πλατείαις
2696 3966 2904 4035 αὐτῆς.

2411 4060 2500 4112 Μ’.
2531 4059 2952 4126 Δαπανήσαντος
3005 4059 3102 4112 τοῦ
3138 4059 3378 4131 πολέμου
3408 4061 3468 4113 τὸ
3492 4059 3601 4114 τῶν
3641 4061 3917 4115 Ἰουδαίων

2341 4150 2514 4214 ἔθνος,
2548 4150 2897 4223 συμϐέϐηκεν
2923 4153 3240 4222 ἀναγκαίως
3282 4153 3444 4218 κενὰς
3475 4155 3582 4208 τῶν
3617 4156 3918 4227 κατῳκηκόο

2340 4259 2449 4295 των
2476 4241 2573 4305 τὰς
2600 4242 2728 4314 παρ’
2751 4243 2934 4307 αὐτοῖς
2963 4244 3220 4313 γενέσθαι
3249 4245 3453 4310 πόλεις,
3493 4245 3676 4310 οἴκους
3699 4266 3757 4300 τε
3789 4264 3914 4302 κατ-

2341 4333 2712 4406 ερῤιμμένους
2737 4337 2890 4406 ὀρᾷν,
2922 4337 3014 4389 καὶ
3042 4337 3150 4390 τῶν
3172 4339 3230 4390 ἐν
3248 4338 3428 4402 αὐτοῖς
3467 4341 3916 4411 κατασκευασμά-

2341 4442 2449 4479 των
2474 4426 2541 4478 τὰ
2570 4425 2764 4498 κάλλη.
2811 4426 2949 4480 Ἀλλ’
2993 4427 3124 4493 ἰδοὺ,
3175 4430 3564 4501 τροπωθέντων
3601 4432 3790 4497 αὐτοῖς
3814 4432 3915 4486 τῶν

2341 4515 2573 4588 ἐχθρῶν,
2602 4516 2704 4571 κᾶν
2761 4517 2976 4588 μακρὰν
3019 4521 3242 4591 εἰρήνην
3298 4523 3603 4593 χαριεῖσθαι
3641 4536 3914 4593 κατεπαγ-

2341 4607 2608 4675 γέλλεται,
2658 4609 2742 4678 ἢν,
2802 4610 2897 4661 καὶ
2959 4609 3104 4679 μάλα
3153 4611 3350 4682 ὀρθῶς,
3416 4613 3685 4686 Ἑλλήνων
3737 4617 3912 4680 παῖδες

2341 4698 2669 4769 ὀνομάζουσι
2697 4702 3122 4770 κουροτρόφον.
3148 4703 3286 4767 Τοὺς
3320 4706 3416 4774 μὲν
3435 4706 3545 4778 γὰρ
3572 4711 3913 4780 τικτομένους

665 4775 762 4838 nit,
791 4775 1007 4829 nemine
1030 4786 1299 4844 vastante,
1327 4792 1429 4832 non
1456 4777 1596 4834 bello
1620 4789 1906 4849 atterente,
1935 4798 2038 4838 non
2065 4800 2234 4855 pugna

2345 4791 2665 4862 ἀνακομίζει
2721 4791 2855 4862 πρὸς
2902 4791 3067 4864 ἥϐην,
3121 4797 3232 4857 τοῖς
3263 4794 3322 4848 δέ
3364 4797 3465 4868 ήδη
3507 4775 3756 4868 γεγονόσι
3787 4801 3914 4861 νέοις

659 4866 974 4920 devorante.
1008 4865 1440 4922 Existimandum
1477 4868 1662 4939 igitur,
1693 4880 1748 4925 et
1782 4872 2152 4938 meritissimo,
2186 4875 2238 4926 in

651 4971 801 5026 ,τινεεο
832 4958 992 5012 urbes
1025 4959 1238 5013 tametsi
1271 4958 1406 5014 latas
1435 4970 1490 5014 et
1521 4961 1729 5032 longas,
1764 4972 1941 5018 tamen
1986 4975 2242 5035 angustas

665 5046 837 5101 visum
873 5047 970 5111 iri,
997 5058 1050 5102 et
1082 5048 1318 5103 minores
1348 5064 1508 5119 quam
1544 5052 1835 5106 incolarum
1869 5070 1967 5121 pro
1997 5055 2240 5110 multitu-

650 5137 809 5192 tdine.
835 5137 1017 5192 Talem
1044 5138 1367 5193 sententiam
1399 5150 1659 5208 prasterea
1688 5155 1749 5194 ex
1785 5141 1940 5197 dictis
1967 5143 2235 5198 elicimus.

664 5231 752 5285 “Ait
783 5230 925 5286 enim
961 5244 1207 5284 sessuros
1252 5229 1303 5282 in
1341 5229 1532 5298 plateis
1566 5229 1862 5286 Jerusalem
1914 5235 2156 5290 seniores
2189 5248 2240 5292 et

665 5339 831 5390 anus,
872 5324 1047 5390 virgas
1089 5323 1284 5390 quibus
1331 5322 1671 5376 mediocriter
1710 5324 2034 5379 imbecillam
2079 5344 2230 5383 sene-

665 5424 864 5468 ctutem
903 5415 1273 5480 consolentur,
1335 5427 1389 5469 et
1442 5416 1687 5471 baculum
1724 5435 1820 5489 pro
1857 5423 2242 5479 manuductore

669 5504 950 5560 habentes.
978 5505 1108 5573 Qua:
1142 5523 1227 5561 res
1261 5509 1496 5563 laudatio
1527 5522 1608 5565 est
1642 5522 1964 5583 tempormu,
1992 5526 2046 5570 et
2074 5517 2242 5587 longe:

665 5595 843 5663 pacis,
874 5598 1217 5666 perducentis
1253 5601 1317 5653 ad
1351 5601 1648 5671 juvuntutis
1684 5621 1853 5661 annos
1891 5607 2154 5676 infantes,
2187 5623 2241 5666 et

736 5799 780 5874 ιο
821 5797 1152 5874 Ριιῑιῑρρ,ιιε,
1192 5805 1252 5868 9;
1305 5803 1346 5858 ll
1389 5805 1512 5862 Cor.
1549 5823 1666 5874 rm,
1717 5809 1772 5865 9.

665 5869 689 5900 ⁸
712 5865 869 5924 Joau.
903 5865 985 5933 ειν,
1000 5865 1203 5936 23,25.

1852 5812 2031 5868 ‘Gen.
2062 5815 2284 5882 νιιι,21.

2348 4883 2508 4936 ἁπλοῖ
2534 4884 2734 4953 τρόπον
2758 4884 2880 4936 τινὰ
2914 4885 3011 4955 τὴν
3035 4887 3114 4948 είς
3141 4888 3320 4957 γῆρας
3349 4888 3487 4953 ὁδὸν,
3527 4891 3913 4963 καταδῃοῦντος

2346 4975 2579 5038 οὐδενὸς,
2602 4975 2662 5028 ού
2692 4975 2930 5046 πολέμου
2963 4977 3363 5046 συντρίϐοντος,
3387 4979 3448 5032 οὐ
3469 4980 3797 5054 δαπανώσης
3827 4982 3912 5052 μά-

2343 5084 2467 5136 χης.
2520 5067 2920 5137 ’Υποτοπητέον
2947 5067 3012 5138 δὴ
3053 5064 3147 5122 οὖν
3167 5109 3180 5132 ,
3217 5070 3312 5124 καὶ
3337 5071 3481 5141 μάλα
3540 5073 3736 5144 ὀρθῶς,
3762 5075 3833 5138 ὡς
3859 5075 3910 5126 ἐν

2346 5159 2539 5228 εἰρήνη
2566 5157 2662 5222 τὰς
2692 5158 2894 5222 πόλεις,
2925 5159 3028 5213 κᾶν
3049 5161 3256 5232 εύρείαί
3304 5181 3365 5216 τε
3405 5160 3514 5217 εἷεν
3549 5167 3641 5220 καὶ
3677 5167 3906 5238 μακραὶ,

2351 5248 2540 5312 στενὰς
2566 5249 2986 5319 ἀποφαίνεσθαι,
3037 5254 3132 5305 καὶ
3163 5254 3429 5323 ἡττῆσθαι
3458 5255 3536 5326 τῷ
3584 5257 3781 5328 πλήθει
3811 5257 3908 5310 τῶν

2348 5342 2766 5411 κατῳκηκότων.
2810 5343 3063 5398 Τοιοῦτόν
3086 5363 3208 5398 τινα
3235 5342 3326 5399 οὖν
3351 5345 3531 5401 ὠδίνει
3581 5351 3741 5404 πάλιν
3789 5353 3906 5421 ήμίν

2347 5431 2409 5483 τὸ
2440 5433 2818 5502 προκείμενον.
2847 5435 2990 5506 Ἔφη
3024 5436 3134 5508 γὰρ
3173 5436 3253 5489 ὅτι
3293 5437 3644 5494 καθεδοῦνται
3683 5438 3906 5510 πρεσϐύ-

2344 5539 2492 5592 τεροι
2517 5524 2612 5577 καὶ
2650 5525 3018 5598 πρεσϐύτεραι
3067 5529 3124 5581 ἐν
3170 5531 3290 5594 ταῖς
3325 5529 3608 5597 πλατείαις
3651 5533 3904 5605 Ἰερουσαο

2346 5612 2476 5685 λὴμ,
2505 5615 2722 5684 ῥάϐδοις
2761 5617 2915 5688 μόλις
2937 5618 2997 5672 τὸ
3027 5619 3091 5672 ἐκ
3123 5619 3216 5673 τοῦ
3256 5621 3445 5694 γήρως
3467 5624 3658 5678 ἄναλκι
3687 5625 3902 5696 μετρίως

2362 5820 2382 5850 ²
2401 5816 2546 5875 Psal.
2583 5837 2767 5886 cvm,
2792 5821 2878 5875 Μ.

2957 5823 2977 5854 ³
3005 5820 3148 5879 Psal.
3173 5839 3392 5894 Lxxxvt,
3424 5829 3478 5884 5.
3555 5832 3577 5862 δ
3613 5829 3719 5884 lsa.
3749 5844 3812 5898 ιι,
3845 5826 3893 5880 2.
