4072 6370
230 411 334 479 115

1038 418 1586 476 COMMENTARIUS
1624 416 1690 474 IN
1734 417 2138 476 ZACUARIAM
2177 420 2617 477 PROPHETAM.

3376 424 3397 478 Ι
3411 422 3482 480 1ηὸ

226 527 725 599 παραμυθούμενοι,
755 540 851 586 καὶ
876 531 1179 611 βακτηρίαν
1209 532 1423 604 ἔχοντες
1438 534 1795 605 χειραγωγόν.

1903 536 2172 590 mittentis
2203 536 2268 589 ad
2300 546 2659 601 senectutem,
2688 536 2779 608 qui
2805 535 2915 608 jam
2946 536 3153 593 virilem
3185 544 3364 607 togam
3397 539 3482 591 itt-

229 619 486 683 Ἐπαινος
513 620 570 674 δὲ
596 620 657 676 τὸ
682 622 874 695 χρῆμά
919 625 1034 677 ἐστι
1092 625 1316 696 καιρῶν,
1344 627 1438 680 καὶ
1465 626 1687 697 βαθείας
1717 622 1797 679 εί-

231 708 413 780 μήνης,
440 711 875 786 ἀνακομιξούσης
920 716 1017 786 μὲν
1062 718 1147 785 ἐφ’
1172 717 1316 787 ἥϐην
1344 717 1413 770 τὰ
1437 718 1630 788 βρέφη,
1655 734 1797 787 πεμ-

227 797 430 870 πούσης
460 800 515 855 δὲ
544 804 638 855 καὶ
669 805 749 867 είς
781 808 957 876 γῆρας
994 806 1120 869 τοὺς
1171 807 1270 879 ήδη
1307 807 1591 871 τελοῦντας
1616 810 1674 860 ὲν
1703 809 1797 861 ἀν-

221 892 403 963 δράσι,
469 896 565 949 καὶ
620 897 713 950 τὸν
767 897 869 968 τῆς
920 898 1066 970 ζωῆς
1112 900 1327 955 ἅπαντα
1373 902 1563 972 χρόνον
1591 901 1798 971 ἀμαχεὶ

227 985 667 1059 παραθέ[ο]ντας.
707 989 770 1042 El
794 989 852 1043 δὲ
912 990 975 1062 δὴ
1000 990 1244 1060 μέλλοιεν
1275 993 1551 1063 ὀρχεῖσθαι
1606 992 1704 1064 μὲν
1739 995 1796 1046 ἐν

227 1077 372 1131 Ξπει
432 1079 725 1151 μειράκια,
771 1080 933 1151 κόριά
967 1098 1028 1134 τε
1055 1082 1302 1153 χορεύειν
1334 1085 1393 1137 ὲν
1429 1084 1627 1154 μέσαις
1654 1084 1793 1138 πλα-

1906 626 2172 689 duci-unt,
2210 637 2263 681 et
2302 643 2461 682 omne
2500 636 2709 698 tempus
2739 628 2867 685 vitae
2905 628 3175 685 immunes
3218 643 3248 684 a
3293 628 3480 684 militia

1907 720 2303 774 transmittunt.
2338 718 2490 785 Quod
2526 719 2570 775 si
2607 721 2771 774 etiam
2805 719 3004 775 saltent
3037 719 3089 774 in
3127 721 3260 775 urbe
3295 720 3480 774 adole-

1903 808 2156 873 scentuli,
2187 811 2481 879 puellaeque
2515 811 2710 865 choros
2743 811 2944 865 ducant
2976 811 3028 865 in
3062 810 3242 866 medio
3275 810 3479 880 platea-

1905 916 2056 962 rum,
2093 902 2381 956 ostendere
2421 913 2475 955 et
2517 902 2641 957 hinc
2680 902 2915 958 dilucide
2949 902 3164 966 licebit,
3202 900 3343 956 nulla
3385 915 3480 955 eos

1901 1007 2037 1045 cura
2079 994 2325 1060 graviore
2363 993 2485 1063 angi
2528 1011 2542 1048 :
2586 1009 2689 1046 nou
2734 993 2879 1048 enim
2923 1008 3248 1063 quemquam
3290 992 3480 1048 ludere

1902 1095 2237 1152 paterentur,
2273 1086 2316 1139 si
2360 1086 2596 1141 tristitia!
2633 1095 2843 1158 tempus
2875 1095 3044 1141 esset.

223 1172 415 1237 τειαις,
445 1173 558 1245 ἔχοι
583 1172 650 1229 ἂν
674 1174 769 1230 καὶ
796 1175 954 1230 τοῦτο
977 1177 1122 1248 σαφῆ
1147 1178 1242 1249 τὴν
1265 1176 1537 1244 ἀπόδειξιν
1601 1178 1697 1233 τοῦ
1746 1179 2020 1251 μηδεμίαν
2079 1178 2257 1233 αὐτῶν
2325 1179 2578 1251 φροντίδα
2617 1180 2961 1252 κατηρῆσθαι
3010 1179 3212 1235 πικοάν
3231 1197 3244 1211 ·
3279 1180 3341 1234 οὒ
3371 1181 3479 1252 γὰρ

226 1264 289 1321 ἂν
324 1264 616 1335 ἠνέσχοντο
644 1265 951 1333 παιζόντων
980 1268 1160 1334 τινῶν,
1219 1271 1269 1324 εί
1314 1271 1621 1342 κατηφείας
1662 1267 1732 1343 ἦν
1761 1272 1790 1325 ὁ
1826 1272 2042 1343 καιρός.

289 1354 488 1424 Γέγονε
514 1356 577 1429 δὴ
598 1358 692 1411 καὶ
713 1359 847 1430 ἡμῖν
880 1359 1065 1425 αὐτοῖς
1101 1361 1296 1434 εἰρήνη
1324 1363 1581 1435 Χριστὸς,
1607 1363 1666 1429 ὃς
1702 1365 1799 1419 καὶ⁹

223 1445 403 1501 πάντα
444 1448 741 1522 συντρίψας
799 1450 1056 1521 πόλεμον,
1119 1453 1322 1525 μεστὴν
1360 1455 1605 1527 ἀπέφηνε
1625 1456 1798 1526 ἁγίων

220 1533 320 1608 τὴν
347 1536 693 1610 Ἐκκλησίαν.
721 1540 832 1594 Καὶ
858 1541 1044 1595 πολλοὶ
1077 1541 1178 1613 μὲν
1197 1542 1298 1607 τὰς
1324 1544 1523 1616 φρένας
1551 1547 1608 1601 ὲν
1634 1547 1793 1619 αὐτῇ..

226 1631 410 1703 μυρίοι
429 1649 488 1686 τε
522 1633 634 1687 ὅσοι
673 1635 772 1688 καὶ
800 1633 1100 1707 ἐξαίρετοι,
1129 1629 1210 1699 οἷς
1242 1636 1336 1690 καὶ
1357 1638 1386 1690 ὁ
1411 1638 1574 1706 σοφὸς
1615 1639 1796 1693 Ἰωάν-

219 1740 319 1794 νης
340 1725 669 1791 ἐπιστέλλει,
695 1725 889 1794 λέγων·
932 1746 951 1779 ι
987 1727 1189 1799 Γράφω
1219 1729 1369 1798 ὑμῖν,
1407 1730 1648 1802 Πατέρες
1668 1768 1686 1796 ,
1714 1731 1796 1784 ὅτι

1976 1365 2177 1420 [iactus
2202 1375 2284 1418 est
2312 1365 2477 1435 igitur
2498 1376 2550 1419 et
2582 1367 2739 1420 nobis
2768 1365 2900 1437 ipsis
2925 1381 3029 1437 pax
3056 1365 3305 1422 Christus
3320 1365 3364 1433 ⁸,
3386 1365 3478 1436 qui

1901 1467 1955 1509 et
1986 1472 2145 1510 omne
2176 1456 2369 1510 bellum
2394 1456 2710 1522 contrivit",
2739 1468 2795 1511 et
2827 1455 3118 1511 Ecclesium
3144 1456 3346 1511 sanctis
3374 1457 3477 1510 itu-

1903 1547 2087 1615 plevit.
2118 1549 2183 1603 Et
2215 1548 2498 1617 prudentia
2533 1548 2748 1616 quidem
2784 1557 3120 1618 praestantes,
3146 1559 3200 1603 et
3231 1547 3387 1603 electi
3425 1548 3477 1600 iu

1901 1657 1966 1694 ea
2020 1640 2440 1695 innumerabiles
2492 1637 2862 1702 inveniuntur,
2914 1638 3110 1709 quibus
3159 1648 3214 1693 et
3262 1639 3478 1709 sapiens

1901 1734 2137 1787 Joannes
2176 1732 2363 1787 scribit
2404 1732 2458 1785 iu
2506 1732 2651 1786 hunc
2693 1731 2908 1785 modqu
2951 1748 2966 1785 :
3010 1749 3029 1782 ι
3073 1728 3266 1785 Scriho
3300 1731 3475 1792 vobis.

221 1813 499 1883 ἐγνώκατε
541 1818 633 1870 τὸν
667 1819 761 1872 ἀπ’
786 1818 983 1890 ἀρχῆς.
1014 1837 1032 1871 ι
1068 1819 1262 1885 Παῖδες
1292 1820 1349 1875 δὲ
1384 1820 1587 1893 ὥσπερ.
1609 1822 1799 1894 ἄνηϐοι

1905 1835 2107 1892 patres,
2129 1822 2382 1892 quoniam
2406 1821 2734 1892 coguovistis
2754 1836 2876 1876 eum
2899 1821 2988 1890 qui
3015 1821 3082 1876 ab
3107 1821 3259 1875 initio
3280 1821 3417 1875 est“.
3450 1840 3468 1872 ι

222 1908 316 1961 καὶ
340 1908 500 1978 χόρια
526 1909 699 1981 μικρά
729 1909 838 1963 τῶν
875 1911 1001 1981 ἄρτι
1057 1912 1558 1984 πεπιστευκότωνή
1586 1930 1797 1985 νηπιω-

220 1997 359 2069 τάτη
394 1996 624 2068 πληθὺς,
659 1999 944 2070 μονονουχὶ
971 2001 1085 2064 τοῖς
1131 2004 1523 2073 πνευματικοῖς
1575 2004 1797 2074 σκιρτή-

223 2105 360 2160 μασι
388 2089 489 2161 τὴν
525 2089 687 2159 ἁγίαν
718 2090 891 2154 ὅντως
918 2092 1402 2147 κατακαλλύνουσα
1436 2094 1613 2157 πόλιν,
1644 2111 1799 2148 τουτ-

220 2180 359 2245 έστι,
387 2181 485 2252 τὴν
539 2181 886 2251 Ἐκκλησίαν.
937 2177 1033 2246 Οἷς
1066 2185 1160 2239 καὶ
1191 2183 1252 2238 τὸ
1288 2185 1469 2246 λέγειν
1508 2187 1799 2258 ἁρμόσειεν

220 2274 307 2330 ἄν·
348 2292 368 2325 ι
405 2274 571 2328 Δεῦτε
598 2273 1056 2346 ἀγαῺιασώμεθα
1081 2276 1162 2349 τῷ
1196 2278 1409 2355 Κυρίῳ,
1441 2278 1798 2351 ἀλαλάξωμεν

219 2366 300 2436 τῷ
344 2365 464 2436 Θεῷ
514 2365 593 2438 τῷ
640 2367 857 2439 Σωτῆρι
890 2368 1068 2440 ἡμῶν.
1101 2388 1121 2422 ι
1164 2372 1226 2425 Ei
1252 2371 1309 2425 δὲ
1339 2370 1402 2443 δὴ
1429 2371 1673 2441 λέγοιντο
1703 2373 1800 2426 καὶ

220 2457 597 2529 ὲπερείδεσθαι
638 2459 820 2533 ῥάϐδῳ
873 2461 1035 2532 τυχὸν
1094 2465 1145 2517 οἱ
1197 2465 1530 2538 πρεσϐῦται,
1586 2466 1799 2537 νοήσεις

219 2550 303 2602 ὅτι
336 2550 568 2621 μικροὺς
607 2549 703 2605 καὶ
750 2551 1021 2622 μεγάλους
1055 2552 1409 2626 ὑποστηρίζει
1447 2556 1715 2627 Χριστδς’
1762 2558 1799 2628 ἠ

221 2640 421 2711 ῥάϐδος
455 2642 488 2712 ή
522 2641 581 2708 ἐξ
622 2640 823 2696 Ἰεσσαὶ
848 2643 943 2698 καὶ
984 2644 1084 2716 τῆς
1103 2645 1382 2718 δυνάμεως
1408 2647 1795 2721 ὠνομασμένη,

218 2732 287 2803 ἢν
309 2735 375 2787 ὲκ
405 2733 504 2804 τῆς
526 2732 640 2788 ἄνω
666 2732 806 2788 Σιὼν
858 2734 1148 2807 πέπομφεν
1176 2739 1307 2809 ἡμῖν
1339 2739 1368 2792 ὁ
1392 2738 1523 2805 Θεὸς
1567 2741 1660 2795 καὶ
1686 2741 1798 2795 Πα-

218 2821 343 2894 τὴρ,
402 2822 480 2887 ὡς
525 2824 817 2894 χαίροντας
849 2825 997 2896 ἡμᾶς
1050 2827 1144 2880 ἐπὶ
1192 2828 1368 2900 τούτῳ
1403 2829 1613 2899 λέγειν’
1672 2851 1691 2882 ι
1733 2832 1797 2885 Ἢ

219 2912 416 2986 ῥάϐδος
447 2930 543 2968 σου
591 2915 685 2969 καὶ
723 2917 758 2986 ή
794 2915 1070 2990 βακτηρία
1121 2935 1216 2972 σου
1243 2914 1407 2975 αὗταί
1457 2939 1525 2992 με
1554 2923 1799 2992 παρεκά-

218 3023 406 3061 Λεσαν.
444 3025 464 3060 ι

297 3100 444 3156 Τάδε
472 3101 635 3173 λέγει
662 3103 878 3173 Κύριος
908 3104 1350 3176 παντοκράτωρ·
1395 3107 1464 3162 Εί
1499 3105 1799 3174 ἀδυνατήο

215 3207 317 3248 σει
342 3189 600 3247 ἐνώπιον
625 3192 743 3248 τῶν
769 3195 1150 3250 κατωλοίπων
1176 3195 1283 3251 τοῦ
1306 3196 1462 3252 λαοῦ
1489 3197 1704 3252 τούτου
1731 3198 1801 3251 ἐν

214 3284 351 3351 ταῖς
368 3284 616 3355 ἡμέραις
634 3285 913 3354 ἐκείναις,
930 3286 1017 3358 μὴ
1041 3287 1140 3342 καὶ
1166 3287 1426 3343 ἐνώπιόν
1438 3306 1559 3359 μου
1584 3289 1797 3345 ἀδυνα-

216 3377 430 3446 viast;
457 3377 620 3447 ,λέγει
655 3379 872 3446 Κύριος
890 3378 1333 3449 παντοκράτωρ.

256 3540 261 3547 ,
289 3465 427 3520 MA'.
464 3466 546 3520 Τά
576 3466 785 3536 μεγάλα
817 3466 912 3519 καὶ
970 3466 1253 3539 ύπερφερῆ
1300 3467 1411 3524 τῶν
1458 3468 1799 3541 πραγμάτων

213 3559 434 3629 δέχεταί
475 3576 594 3623 πως
616 3559 703 3629 ἐφ’
726 3559 944 3623 ὲαυτοῖς
982 3559 1045 3613 τὸ
1085 3560 1436 3615 ἀπιστεῖσθαι
1474 3561 1670 3631 φιλεῖν,
1702 3563 1798 3616 καὶ⁵

213 3652 319 3705 οὐκ
347 3650 699 3722 ἀθαύμαστον
725 3649 842 3721 ἔχει
866 3650 967 3722 τὴν
992 3652 1074 3716 είς
1101 3651 1276 3724 πέρας
1310 3652 1656 3726 διεκδρομήν.
1687 3655 1799 3709 Καὶ

213 3742 349 3810 γοῦν
381 3742 417 3812 ἡ
448 3742 634 3813 Σάρρα
662 3740 887 3813 διαγελᾷ
935 3741 1035 3808 μὲν
1067 3741 1126 3810 ἐξ
1174 3744 1434 3808 ἀπιστίας
1482 3746 1582 3816 τὴν
1611 3746 1705 3799 ἐπί
1732 3763 1797 3816 γε

212 3836 296 3905 τῷ
325 3835 511 3889 Ἰσαὰκ
543 3835 858 3906 ὑπόσχεσιν,
884 3836 966 3897 είς
992 3835 1173 3907 γῆρας
1217 3835 1420 3907 ὁρῶσα,
1446 3838 1540 3891 καὶ
1563 3840 1674 3902 τοῖς
1697 3838 1798 3908 τῆς

212 3927 640 4000 ἀνθρωπότητος
671 3929 858 3996 νόμοις
901 3925 1180 3981 ἀντιθεῖσα
1208 3929 1271 3982 τὸ
1311 3928 1611 3999 ἀμήχανον,
1648 3929 1797 4001 Πλὴν

213 4021 475 4076 ὲκτέτοκε
528 4020 659 4091 παρ’
705 4018 918 4084 ἐλπίδα,
973 4018 1205 4091 βάσιμον
1238 4019 1377 4089 αὐτῇ
1409 4021 1471 4074 τὸ
1500 4020 1689 4093 χρῆμα
1716 4038 1797 4075 τι-

213 4114 404 4178 θέντος
421 4112 580 4167 Θεοῦ.
612 4109 721 4166 Ἦν
769 4107 867 4167 οῦν
914 4113 1021 4184 ἄρα
1065 4113 1159 4167 καὶ
1188 4113 1392 4183 σφόδρα
1445 4116 1592 4179 εἰκὸς
1624 4132 1797 4189 κατα-

212 4205 485 4261 δονείσθαι
514 4207 635 4269 ταῖς
679 4203 951 4277 διψυχίαις
998 4205 1125 4270 τοὺς
1152 4206 1218 4258 ὲκ
1269 4204 1372 4276 τῆς
1420 4206 1796 4278 αἰχμαλωσίας

212 4297 683 4369 λελυτρωμένους,
702 4299 795 4352 καὶ
823 4298 885 4352 οὐ
910 4298 1120 4369 σφόδρα
1148 4298 1486 4371 θαρῤεἴν,ὡς
1504 4301 1585 4363 είς
1608 4300 1796 4353 τοσαύ-

209 4405 318 4458 την
364 4387 547 4449 αὐτοῖς
604 4387 904 4457 εὐημερίαν
945 4386 1208 4457 βαδιεῖται
1238 4386 1310 4440 τὰ
1340 4386 1664 4458 πράγματα,
1718 4388 1795 4452 ὡς

1903 1912 2057 1969 Velut
2081 1912 2387 1982 impuberes
2407 1920 2584 1965 autem
2611 1911 2761 1980 pueri
2794 1919 2850 1965 et
2885 1911 3073 1981 puella:
3096 1909 3330 1980 parvula:
3351 1922 3477 1964 sunt

1900 2020 2089 2059 recens
2124 2005 2279 2057 tidem
2314 2003 2716 2073 complexurum
2756 2002 3114 2057 infantissimo
3153 2001 3470 2068 multitudo,

1901 2094 2291 2164 propemodum
2322 2091 2697 2164 spiritualibus
2724 2093 3101 2148 saltationibus
3128 2101 3368 2147 sanctam
3396 2093 3474 2145 ri-

1900 2186 2145 2250 vitatcm,
2172 2196 2294 2255 puta
2322 2185 2635 2249 Ecclesiam,
2667 2201 2851 2242 revera
2876 2186 3317 2241 condecorantes.
3341 2184 3473 2253 Qui-

1899 2278 1997 2333 bus
2033 2278 2275 2348 apposite
2312 2278 2460 2334 dicas
2494 2293 2510 2334 :
2551 2296 2570 2330 ι
2608 2277 2818 2342 Venite,
2850 2277 3183 2334 exsultemus
3213 2276 3470 2342 Domino,

1895 2367 2183 2436 jubilemus
2212 2370 2317 2425 Deo
2340 2368 2565 2425 salutari
2593 2378 2780 2424 nostro
2798 2369 2843 2426 ’.
2875 2387 2893 2420 ι
2923 2368 2988 2425 Et
3012 2369 3258 2439 quamvis
3285 2370 3474 2425 dican-

1903 2469 1989 2513 tur
2016 2474 2173 2516 senes
2208 2459 2347 2515 forte
2379 2459 2572 2516 baculo
2606 2474 2665 2516 se
2696 2468 3034 2525 sustentare,
3072 2459 3310 2531 intellige
3343 2475 3471 2530 par-

1898 2566 1993 2606 vos
2019 2559 2072 2607 et
2096 2565 2323 2620 magnos
2351 2569 2380 2605 a
2431 2550 2648 2608 Christo
2686 2559 3049 2606 sustentatum
3083 2550 3173 2616 iri,
3203 2551 3292 2620 qui
3321 2552 3472 2624 virga

1896 2642 2049 2699 .lesse
2084 2645 2128 2676 ¹⁶
2161 2653 2217 2699 et
2250 2645 2464 2701 virtutis
2510 2646 2551 2677 “
2588 2654 2674 2700 est
2707 2646 3052 2711 nominatus,
3087 2659 3245 2715 quam
3278 2658 3346 2699 ex
3379 2659 3474 2699 su-

1898 2749 2061 2803 perna
2108 2735 2235 2790 Sion
2280 2734 2436 2790 nobis
2471 2735 2651 2792 emisit
2688 2734 2829 2790 Deus
2869 2744 2925 2790 et
2951 2734 3130 2800 Pater,
3170 2744 3230 2790 ut
3271 2734 3485 2791 idcirco.

1898 2826 2192 2893 gaudentes
2226 2826 2469 2881 dicamus
2504 2843 2519 2881 :
2564 2844 2583 2878 ι
2623 2824 2786 2896 Virga
2831 2835 2918 2880 tua
2989 2835 3045 2881 et
3086 2824 3307 2881 baculus
3351 2834 3473 2880 tuus

1899 2917 2010 2985 ipsa
2044 2934 2128 2971 me
2157 2917 2428 2972 consolata
2460 2928 2585 2975 sunt
2607 2918 2673 2973 ¹¹.
2712 2937 2732 2970 ι

1969 3094 2131 3167 717
2164 3092 2327 3150 Vens.
2364 3093 2419 3153 6.
2456 3092 2586 3149 Παῖς
2618 3093 2747 3148 dicit
2804 3092 3061 3148 Dominus
3096 3093 3417 3163 omnipotens
3449 3110 3471 3148 .-

1902 3184 1959 3241 Si
1998 3187 2314 3251 impossibile
2352 3187 2451 3239 erit
2495 3200 2674 3238 coram
2716 3182 2953 3252 reliquiis
2993 3182 3175 3253 populi
3214 3183 3374 3252 huius
3414 3184 3470 3236 in

1900 3280 2081 3334 diebus
2112 3279 2251 3342 illis,
2284 3276 2537 3348 numquid
2571 3287 2620 3331 et
2654 3292 2831 3330 caram
2871 3291 2952 3330 me
2986 3275 3306 3345 impossibile
3338 3276 3473 3331 erit?

1900 3372 2028 3425 dicit
2061 3370 2319 3425 Dominus
2353 3371 2697 3436 omnipotens.

1967 3460 2101 3517 XLI.
2138 3461 2244 3516 Res
2270 3475 2477 3531 magnae
2505 3468 2558 3514 et
2583 3458 2901 3530 eminentes}
2932 3472 3101 3529 prope
3128 3456 3502 3513 incredibiles.

1897 3557 2063 3611 videri
2100 3556 2303 3621 solent,
2336 3569 2436 3609 nec
2467 3552 2585 3608 sine
2617 3552 2978 3608 admiratione
3014 3552 3081 3606 ad
3120 3551 3279 3606 linem
3313 3566 3488 3606 suum

1897 3649 2210 3704 decurrunt.
2245 3646 2425 3713 Quare
2462 3645 2596 3699 Sara
2634 3655 2693 3700 ut
2726 3643 3001 3701 incredula
3033 3642 3173 3699 ridet
3207 3640 3471 3712 promissa

1897 3741 1963 3794 de
1992 3738 2342 3807 concipiendo
2370 3733 2543 3804 Isaae,
2575 3743 2910 3791 senectutem
2939 3734 3262 3805 respiciens,
3292 3744 3346 3789 et
3375 3735 3475 3789 hu-

1900 3848 2069 3884 manae
2104 3841 2309 3885 naturae
2340 3828 2547 3900 legibus
2581 3827 3070 3899 impossibilitatem
3106 3840 3382 3895 opponens
3404 3825 3470 3880 ¹³.

1898 3921 2280 3977 Verumtamen
2313 3919 2521 3990 peperit
2549 3929 2746 3988 praeter
2771 3931 2944 3988 spem,
2969 3932 3091 3972 cum
3126 3917 3174 3972 ei
3210 3918 3349 3972 Deus
3377 3931 3473 3972 ηε·

1896 4019 2097 4089 gutium
2158 4018 2467 4086 expeditum
2524 4024 2579 4070 et
2639 4012 2795 4084 quasi
2843 4011 3076 4068 meabile
3126 4011 3469 4066 reddidisset.

1900 4115 2027 4168 Erat
2068 4112 2231 4182 igitur
2268 4113 2614 4166 vehementer
2650 4106 3001 4170 conveniens,
3044 4102 3359 4173 captivitate
3402 4102 3470 4157 Ii-

1899 4210 2115 4261 beratos
2141 4203 2365 4274 ancipiti
2391 4201 2718 4272 cogitatione
2741 4196 2987 4258 distrahi,
3016 4208 3116 4250 nec
3140 4195 3213 4249 ita
3244 4192 3500 4248 multum--

1897 4299 2196 4364 conlidere,
2247 4310 2334 4352 res
2367 4296 2606 4366 ipsorum
2642 4292 2776 4347 adeo
2805 4288 2991 4345 felices
3019 4303 3085 4344 ac
3115 4285 3302 4343 beatas
3333 4286 3470 4350 fore,

1898 4404 1957 4444 ut
1984 4390 2280 4459 repleretur
2301 4385 2597 4442 Jerusalem
2624 4384 2878 4452 senibus,
2901 4392 2959 4440 et
2987 4381 3136 4439 chori
3180 4393 3470 4450 puerorum

208 4479 520 4549 ἀνάμεστον
546 4479 641 4549 μὲν
669 4478 921 4548 γενέσθαι
960 4478 1058 4550 τὴν
1110 4478 1462 4561 Ἰερουσαλὴμ
1487 4479 1595 4533 τῶν
1633 4496 1797 4551 γεγη-

1900 4481 2306 4551 puellarumque
2333 4477 2650 4533 saltationes
2681 4476 2733 4531 in
2765 4490 2829 4531 ea
2857 4480 3232 4537 cernerentur,
3262 4480 3319 4527 et
3349 4470 3471 4527 diu-

210 4573 487 4645 ρακότων,
519 4571 613 4625 καὶ
640 4572 858 4625 πάντων
902 4569 1134 4643 ὁρᾶσθαι
1175 4573 1370 4643 χοροὺς
1408 4571 1466 4623 ὲν
1508 4571 1648 4642 αὐτῇ
1696 4571 1792 4625 καὶ

1904 4584 2071 4628 turum
2099 4571 2249 4642 pacis
2276 4569 2556 4626 commoda
2588 4567 2934 4624 exsisterent.
2959 4562 3475 4634 Coutemplabantur

210 4666 491 4736 κορασίων
533 4665 844 4735 ὀρχήματα,
913 4662 1007 4717 καὶ
1055 4663 1127 4717 τὰ
1179 4664 1245 4717 ὲκ
1301 4663 1522 4734 βαθείας
1569 4664 1792 4739 εἰρήνης

209 4757 481 4828 ὑπάρξειν
507 4755 708 4825 ἀγαθά.
759 4755 1116 4812 Κατεθεῶντο
1156 4754 1265 4826 γὰρ
1308 4755 1465 4827 τείχη
1494 4757 1795 4828 κατερριμ-

211 4848 377 4919 μέγα,
408 4847 586 4911 οἰκίας
610 4847 1099 4920 ἐμπεπρησμένας,
1145 4847 1364 4911 ἁπάσας
1395 4847 1453 4900 δὲ
1480 4846 1576 4910 τὰς
1611 4848 1668 4900 ὲν
1691 4846 1791 4901 κύ-

205 4947 328 5019 κλῳ
358 4947 542 5010 πόλεις
572 4947 779 5018 θηρίων
828 4945 1036 5017 ἀγρίων
1067 4945 1479 5016 ὲνδιαιτήματα,
1504 4945 1594 5000 διὰ
1624 4963 1706 5000 τοι
1734 4947 1796 5000 τὸ

206 5037 552 5092 κεκενῶσθαι
579 5037 858 5100 παντελῶς
884 5035 992 5091 τῶν
1032 5037 1432 5091 κατοικούντων
1462 5037 1651 5105 αὐτὰς,
1697 5038 1793 5092 καὶ

203 5130 421 5201 ἀγροὺς
454 5129 557 5201 μὲν
584 5131 715 5193 τοὺς
758 5129 924 5183 πάλαι
979 5128 1303 5201 παμφόρους
1344 5148 1404 5183 τε
1426 5130 1520 5184 καὶ
1543 5129 1790 5194 εὐανθεῖς

202 5221 468 5277 ἀκανθῶν
496 5222 765 5293 ὑπάρχειν
793 5223 1044 5291 μεστοὺς,
1065 5222 1217 5274 οὐδὲν
1250 5220 1473 5292 ἔχοντας
1493 5221 1602 5275 τῶν
1653 5222 1787 5294 ὡρί-

206 5330 356 5385 μων,
394 5312 643 5376 διολωλὸς
683 5312 741 5365 δὲ
768 5312 849 5376 είς
876 5313 1020 5366 ἅπαν
1050 5311 1159 5365 τῶν
1207 5313 1480 5384 ἀγροίκων
1506 5313 1570 5367 τὸ
1607 5312 1785 5382 γένος.

200 5401 320 5460 Ἦν
352 5398 448 5458 οὖν
481 5402 751 5466 ἐντεῦθεν,
775 5402 853 5468 ὡς
896 5402 1054 5474 ἔφην,
1111 5403 1358 5457 ἀπιστεῖν
1396 5403 1561 5468 είκδς,
1613 5403 1688 5465 ὡς
1708 5404 1788 5467 εἰς

200 5496 389 5567 πέρας
412 5495 597 5559 αὐτοῖς
614 5494 905 5565 ἐκϐήσεται
942 5495 1012 5549 τὰ
1056 5496 1461 5566 ἐπηγγελμένα.
1491 5495 1676 5569 Ταύτῃ
1707 5513 1789 5549 τοι

197 5587 341 5650 Θεὸς
370 5586 617 5657 διψυχεῖν
653 5587 754 5641 οὐκ
780 5586 862 5656 ἐᾷ’
894 5585 1114 5659 θαρσεῖν
1134 5587 1188 5642 δὲ
1211 5586 1421 5641 κελεύει
1443 5629 1455 5649 ,
1490 5589 1583 5641 καὶ
1614 5589 1787 5659 ἐμπε-

276 5768 299 5797 ⁸
333 5767 538 5834 Epiros.
582 5783 644 5831 tt,
692 5767 774 5822 Ii.
851 5770 870 5799 ⁷
907 5768 1067 5831 Osco,
1124 5783 1182 5831 ιι,
1226 5767 1313 5826 18.

198 5836 261 5891 2.
346 5839 391 5869 "
431 5837 574 5893 l’sal.
622 5854 755 5904 uti,
782 5838 833 5894 4.
914 5839 958 5871 ¹³
987 5838 1123 5895 Gen.
1153 5855 1306 5899 xvm.
1348 5840 1427 5894 l0.

1388 5770 1409 5797 "
1460 5768 1478 5822 l
1516 5771 1668 5827 Joau.
1705 5787 1764 5839 ll,
1798 5771 1877 5827 l3.

1901 4665 2046 4719 enim
2078 4677 2261 4718 muros
2292 4660 2527 4727 excisos,
2558 4660 2750 4715 domus
2775 4663 3173 4719 concrematas,
3203 4662 3259 4708 et
3285 4666 3474 4709 omnes

1903 4761 2064 4816 urbes
2090 4756 2439 4814 circumcirca
2469 4753 2707 4810 ferarum
2738 4750 3053 4806 immanium
3082 4746 3303 4811 cubilia,
3329 4744 3470 4816 quod

1901 4850 2093 4907 incolis
2130 4849 2355 4904 omnino
2389 4846 2635 4901 viduatae
2658 4851 2874 4908 essent,
2912 4852 2969 4897 et
3005 4854 3165 4911 agros
3203 4837 3468 4909 quondam

1899 4943 2259 4998 fertilissimus
2304 4948 2364 4996 et
2407 4935 2822 4993 ﬂorentissimos
2874 4933 3148 5004 spinarum
3204 4928 3467 4992 refertos,

1898 5033 2027 5088 ttihil
2066 5030 2337 5087 habentes
2359 5039 2630 5084 maturum
2651 5067 2665 5091 ,
2699 5034 2757 5081 ct
2793 5023 3086 5097 agrestium
3118 5035 3212 5078 seu
3243 5009 3469 5074 rusticol-

1897 5142 2011 5179 ruut
2042 5140 2209 5195 genus
2237 5124 2470 5180 deletum
2503 5118 2735 5189 penitus.
2766 5115 2905 5172 Hinc
2933 5116 3121 5186 igitur,
3152 5122 3210 5168 ut
3239 5110 3371 5176 dixi,
3402 5109 3469 5164 de

1891 5216 2175 5287 promissis
2204 5216 2269 5270 ad
2300 5231 2412 5272 rem
2444 5216 2616 5285 ipsam
2651 5208 2993 5267 conferendis
3024 5204 3296 5278 ambigere
3324 5201 3466 5256 haud

1893 5312 2185 5363 absurdum
2225 5317 2364 5363 erat.
2401 5306 2554 5375 Quod
2597 5302 2738 5357 Deus
2810 5316 2915 5356 non
2961 5299 3121 5363 sinit,
3164 5295 3258 5352 sed
3301 5291 3468 5349 conli-

1896 5403 2132 5457 dendum
2159 5403 2425 5467 hortatur,
2450 5410 2507 5457 et
2529 5399 2813 5455 conﬁrmat
2836 5411 2930 5452 eos
2956 5395 3099 5449 hunc
3123 5391 3179 5443 in
3207 5386 3420 5442 modum
3449 5400 3465 5440 ε

1900 5514 1918 5547 ι
1957 5497 2010 5552 Si
2045 5494 2369 5566 impossibile
2395 5496 2500 5550 erit
2526 5509 2709 5548 coram
2741 5489 2980 5561 reliquiis
3010 5483 3186 5557 populi
3216 5480 3371 5549 hujus
3404 5478 3458 5531 iu

1893 5589 2083 5643 diebus
2109 5589 2232 5651 illis,
2258 5587 2513 5659 numquid
2536 5596 2587 5641 et
2608 5598 2792 5640 coram
2818 5596 2902 5636 me
2927 5574 3255 5649 impossibile
3273 5569 3413 5627 erit?
3441 5589 3460 5621 ι

3106 5757 3141 5786 ¹¹
3173 5753 3311 5809 Psal.
3354 5764 3441 5815 at:

1961 5773 1978 5800 ³
2025 5771 2161 5825 l‘sttl.
2207 5786 2345 5834 κων,
2386 5769 2433 5835 l,
2461 5766 2512 5820 2.
2625 5766 2666 5797 ¹⁰
2699 5764 2802 5819 lsa.
2849 5774 2923 5826 XI,
2965 5761 3010 5812 Ι.
