4072 6370
537 398 630 454 115

1562 392 1621 450 S.
1661 392 1937 450 CYRILLI
1978 391 2444 450 ALEXANDRINI
2484 387 2797 446 ARCIIIEP.

3689 385 3789 442 H6

533 515 686 580 Quod
713 514 861 570 enim
885 514 1035 571 vobis
1059 523 1142 570 est
1166 512 1515 583 impossibile,
1542 511 1652 568 Deo
1679 522 1736 567 ut
1760 510 2101 582 omnipotent

2218 511 2319 576 δοῖ,
2352 509 2581 578 λέγων’(
2614 507 2678 563 Ei
2706 506 3027 576 ἀδυνατήσει
3053 501 3279 557 ἐνώπιον
3307 500 3416 555 τῶν
3442 498 3788 553 καταλοίπων

534 616 615 660 est
656 604 800 661 laetu
838 606 1016 661 facile.
1056 606 1171 676 ipse
1213 608 1353 664 enim
1396 615 1479 662 est
1519 605 1777 661 Dominus
1812 605 2107 670 virtutum,

537 694 808 752 voluntate
845 695 1081 753 efﬁciens
1139 714 1258 769 quae
1295 708 1501 753 natura
1542 713 1710 753 metas
1753 698 1909 769 longe
1950 712 2111 753 exce-

536 786 696 849 dunt,
729 797 783 842 et
815 789 949 843 citra
985 804 1193 844 moram
1231 790 1427 861 placita
1460 805 1554 845 sua
1588 793 1651 843 ad
1684 791 1886 844 exitum
1921 802 2109 858 perve-

535 874 633 932 hit.
677 879 765 932 Ait
814 894 974 946 porro
1019 880 1219 936 alicubi
1259 880 1460 937 Iudaeis
1506 883 1647 937 Deus
1693 892 1745 936 et
1795 881 1973 947 Pater,
2019 896 2108 936 res

536 968 824 1038 praeclaras
844 984 909 1024 ex
932 969 1162 1025 adventu
1192 969 1487 1026 Salvatoris
1512 971 1683 1024 nostri
1709 969 1946 1024 orituras
1972 982 2106 1035 prte-

535 1056 792 1113 uuntians
824 1077 839 1113 :
877 1077 897 1112 ι
929 1058 1142 1127 Videte,
1168 1070 1590 1130 contemptores,
1617 1069 1672 1116 et
1704 1060 2026 1128 resipiscite,
2052 1068 2108 1114 et

534 1149 898 1216 admirainiui,
944 1152 1069 1222 quia
1093 1169 1229 1223 opus
1252 1168 1353 1224 ego
1375 1169 1570 1224 operor
1592 1154 1645 1208 in
1671 1152 1865 1207 diebus
1891 1152 2104 1217 vestris,

537 1240 677 1309 quod
702 1256 807 1295 non
828 1244 1090 1308 credetis,
1114 1245 1157 1298 si
1182 1245 1304 1315 quis
1327 1245 1625 1300 narraverit
1648 1243 1799 1300 vobis
1816 1244 1879 1298 “.
1902 1262 1923 1297 ›
1954 1244 2107 1311 Quod

535 1330 679 1386 enim
714 1332 781 1387 ad
818 1349 1123 1390 sermonem
1162 1346 1407 1391 nostrum
1439 1337 1654 1401 attinet,
1683 1350 1900 1391 omnem
1937 1334 2106 1390 admi-

534 1425 802 1481 rationem
869 1428 1282 1498 sermo'nemque
1340 1427 1732 1483 incarnationis
1792 1427 2105 1499 mysterium

534 1529 761 1588 superat
800 1537 814 1573 :
860 1520 1113 1575 similiter
1143 1521 1267 1576 inde
1300 1521 1366 1576 ad
1403 1536 1502 1576 nos
1544 1520 1785 1589 profecta
1822 1519 2103 1575 beneﬁcia.

535 1609 815 1677 Quomodo
835 1614 979 1668 enim
1007 1629 1112 1668 non
1137 1615 1239 1669 ﬁde
1262 1613 1646 1684 propemodum
1672 1619 1851 1677 caret,
1869 1609 2104 1665 Verbum

533 1714 600 1755 es
645 1697 755 1755 Deo
798 1710 980 1757 natum
1023 1704 1229 1757 unitum
1272 1717 1393 1758 esse
1434 1701 1671 1772 corpori,
1708 1712 1763 1757 et
1804 1702 2106 1771 suscepisse

531 1788 760 1846 formam
788 1794 928 1848 servi
953 1796 1019 1860 ι’.
1046 1802 1101 1850 et
1126 1794 1453 1851 sustinuisse
1478 1809 1698 1849 crucem
1723 1793 1790 1858 ",
1823 1802 2104 1847 contume-

2208 601 2303 657 τοῦ
2331 600 2460 655 λαοῦ
2516 600 2707 653 τούτου
2763 598 2823 651 ἐν
2876 598 2996 660 ταῖς
3023 598 3256 669 ἡμέραις
3287 592 3543 654 ἐκείναις,
3589 590 3664 661 μὴ
3693 589 3788 644 καὶ

2207 692 2442 749 ἐνώπιόν
2507 708 2614 764 μου
2675 689 3038 761 ἀδυνατήσει;
3095 707 3113 739 ι
3171 688 3237 740 Ὃ
3294 685 3404 756 γάρ
3453 684 3606 737 ἐστιν
3652 683 3790 752 ήμῖν

2209 782 2511 854 ἀμήχανον,
2541 778 2949 852 εύκατόρθωτον
2986 776 3188 849 δηλαδή
3215 774 3294 846 τῷ
3339 774 3519 827 πάντα
3550 770 3786 843 ίσχύοντι

2208 876 2349 946 Θεῷ.
2381 875 2538 928 Ἔστι
2575 872 2684 944 γὰρ
2710 870 2871 933 αὐτὸς
2893 869 2921 922 6
2944 868 3055 922 τῶν
3077 867 3355 938 δυνάμεων
3380 863 3603 934 Κύριος,
3638 861 3789 933 θελήο

2207 982 2293 1019 σει
2323 963 2546 1036 πληρῶν
2591 962 2685 1019 καὶ
2742 960 2810 1014 τὰ
2854 959 2975 1012 λίαν
3038 957 3313 1027 ὑπερφυῆ,
3364 954 3460 1008 καὶ
3487 956 3566 1018 είς
3613 954 3785 1026 πέρας

2207 1054 2355 1124 ἄγων
2377 1052 2643 1125 ἀμελλητὶ
2681 1051 2743 1105 τὸ
2784 1049 2995 1104 δοκοῦν.
3044 1048 3189 1118 Ἔφη
3244 1044 3299 1099 δέ
3352 1060 3455 1097 που
3484 1043 3620 1114 πρὸς
3656 1045 3787 1098 Ἰου-

2205 1145 2387 1210 δαίους
2417 1146 2445 1198 6
2477 1144 2609 1208 Θεδς
2657 1143 2753 1197 καὶ
2799 1138 3011 1213 Πατὴρ,
3044 1139 3116 1192 τὰ
3141 1140 3205 1191 ἐκ
3260 1136 3359 1207 τῆς
3385 1135 3479 1189 τοῦ
3532 1136 3785 1207 Σωτῆρος

2206 1238 2363 1311 ἡμῶν
2396 1235 2691 1307 ἐπιδημίας
2711 1231 3116 1307 προαναφωνῶν
3157 1228 3587 1301 κατορθώματα·
3648 1247 3665 1280 ι
3694 1227 3785 1281 El-

2205 1330 2347 1396 δετε,
2370 1329 2421 1382 οἱ
2444 1326 2876 1398 καταφρονηταὶ,
2908 1324 3003 1378 καὶ
3032 1321 3359 1393 ἐπιϐλέψατε
3382 1361 3397 1383 ,
3453 1322 3547 1374 καὶ
3573 1319 3785 1392 θαυμάο

2208 1438 2361 1486 σατε,
2375 1421 2458 1474 ὅτι
2483 1419 2644 1491 ἔργον
2672 1417 2784 1486 ἐγὼ
2805 1417 3105 1490 ἐργάζομαι
3130 1416 3187 1469 ἐν
3212 1417 3331 1477 ταῖς
3352 1413 3584 1485 ἡμέραις
3604 1410 3780 1482 ὑμῶν,

2204 1512 2326 1566 ὃού
2377 1511 2454 1584 μὴ
2511 1509 2875 1582 πιστεύσητε,
2938 1508 3035 1563 ἐάν
3094 1525 3178 1571 τις
3210 1506 3527 1576 ἐκδιηγῆται
3578 1504 3726 1574 ὑμῖν.
3757 1522 3777 1556 r

2208 1602 2372 1655 Ὅσον
2399 1602 2498 1672 μὲν
2523 1600 2634 1673 γὰρ
2661 1602 2788 1673 ἥκει
2842 1602 2920 1665 είς
2967 1599 3161 1668 λόγους
3189 1596 3315 1660 τοὺς
3364 1597 3421 1648 ἐν
3460 1596 3615 1666 ἡμῖν,
3643 1595 3781 1666 ὑπὲρ

2206 1691 2390 1764 θαῦμα
2436 1692 2532 1747 καὶ
2573 1691 2729 1761 λόγον
2766 1691 2860 1745 καὶ
2896 1689 3027 1744 αὐτὸ
3065 1689 3125 1742 τὸ
3172 1687 3271 1756 τῆς
3323 1684 3785 1756 ἐνανθρωπήσεως

2210 1784 2548 1856 μυστήριονο
2606 1782 2757 1855 οὐδὲν
2789 1782 2847 1836 δέ
2879 1776 3043 1854 ἦττον
3090 1779 3183 1834 καὶ
3228 1776 3299 1832 τὰ
3353 1775 3603 1831 ἐντεῦθεν
3651 1777 3786 1846 ἡμῖν

534 1883 740 1954 Ilusque
774 1895 827 1941 et
856 1886 1078 1944 verbera
1098 1927 1115 1953 ,
1142 1897 1197 1941 et
1240 1900 1437 1942 vesana
1478 1884 1786 1941 Judmorum
1816 1881 2101 1954 opprobria

2206 1872 2551 1945 ἐκϐεϐηκότα
2594 1872 3017 1945 κατορθώματα.
3068 1869 3195 1933 Πῶς
3230 1868 3340 1939 γὰρ
3383 1868 3483 1921 οὐκ
3528 1865 3786 1930 ἀπιστίας

532 1978 855 2043 pertulisse?
887 1977 991 2032 Aut
1024 1979 1296 2049 quomodo
1328 1977 1452 2049 quis
1487 1992 1593 2032 non
1628 1989 1971 2046 summopere
2005 1975 2104 2029 ad-

533 2064 761 2120 miretur
797 2065 962 2138 718
998 2068 1315 2123 meonomiae
1352 2067 1594 2131 exitum,
1634 2065 1849 2136 quando
1888 2067 2101 2120 destru-

528 2163 675 2209 ctum
702 2166 785 2212 est
810 2166 1121 2227 peccatum,
1150 2159 1423 2213 destructa
1454 2172 1630 2221 mors,
1665 2156 1945 2227 proﬂigata
1977 2170 2099 2211 cor-

529 2249 743 2320 ruptio,
778 2259 833 2305 et
873 2248 1036 2305 homo
1087 2250 1215 2305 olim
1273 2249 1531 2319 fugitivus
1584 2251 1756 2319 gratia
1798 2248 2102 2318 adaptionis

530 2339 764 2396 Iliorum
800 2342 1054 2413 deinceps
1093 2341 1395 2397 illustratus
1429 2340 1705 2397 cernitur?
1741 2342 1925 2410 Itaque
1958 2341 2102 2395 dicat

525 2427 776 2487 Christus
820 2443 1038 2502 propter
1080 2434 1194 2488 haec
1234 2433 1343 2502 ipsa
1387 2450 1401 2487 :
1454 2450 1473 2484 ι
1521 2432 1578 2486 Si
1622 2430 1954 2498 impossibile
1997 2432 2103 2487 erit

524 2538 713 2577 coram
740 2523 979 2594 reliquiis
1006 2524 1184 2595 populi
1213 2522 1370 2593 hujus
1398 2523 1452 2579 in
1478 2523 1668 2578 diebus
1696 2524 1819 2590 illis,
1844 2525 2105 2593 numquid

526 2622 582 2668 et
623 2630 809 2669 coram
848 2630 933 2670 me
980 2613 1309 2684 impossibile
1354 2613 1495 2669 erit?
1540 2632 1559 2666 ι
1607 2612 1797 2669 Omnia
1840 2614 1985 2667 enim
2031 2613 2101 2666 illi

528 2705 663 2758 levia
698 2716 752 2760 et
787 2705 943 2776 plana
980 2714 1105 2760 sunt
1140 2725 1155 2761 :
1189 2716 1242 2760 et
1274 2703 1470 2761 volemi
1530 2703 1805 2776 quidpiam
1840 2703 2100 2758 eximium

528 2797 725 2861 facere,
760 2798 912 2861 nihil,
943 2798 1149 2867 opinor,
1185 2798 1480 2853 obnitetur.

2208 1966 2377 2035 ἐγγὺς
2415 1964 2509 2020 τὸν
2553 1965 2619 2019 ἐκ
2646 1964 2783 2018 Θεοῦ
2844 1963 3019 2035 φύντα
3060 1962 3233 2032 Λόγον
3287 1960 3553 2032 ἐνωθῆναι
3595 1957 3783 2029 σαρκὶ,

2209 2059 2304 2113 καὶ
2334 2059 2392 2112 ἐν
2409 2060 2479 2131 τῇ
2507 2057 2603 2111 τοῦ
2624 2056 2811 2111 δούλου
2835 2054 3089 2126 γενέσθαι
3136 2055 3341 2126 μορφῇ,
3375 2052 3469 2107 καὶ
3488 2052 3784 2123 ὑπομεῖναι

2209 2151 2461 2223 σταυρὸν,
2494 2149 2682 2222 ὕϐρεις
2706 2165 2763 2203 τε
2788 2149 2885 2202 καὶ⁸
2910 2148 3094 2212 αἰκίας
3123 2147 3468 2215 ὑπενεγκεῖν.
3531 2143 3626 2197 καὶ
3684 2140 3787 2212 τῆς

2219 2243 2489 2298 Ἰουδαίων
2543 2240 2871 2314 ἀϐελτηρίας
2904 2240 3006 2303 τὰς
3052 2239 3377 2312 παροινίας;
3417 2237 3490 2291 Ἦ
3540 2234 3655 2299 πῶς
3684 2233 3787 2287 οὐκ

2205 2337 2272 2393 ἀν
2297 2353 2385 2401 τις
2409 2336 2821 2408 ύπεραγάσαιτο
2858 2334 2959 2406 τῆς
3008 2330 3322 2403 οἰκονομίας
3374 2330 3473 2401 τὴν
3524 2326 3784 2391 ἔκϐασιν,

2206 2430 2341 2484 ὅπου
2371 2427 2681 2500 καθῄρηται
2734 2426 2833 2497 μὲν
2864 2427 2898 2497 ή
2930 2424 3171 2495 ἁμαρτία
3192 2464 3205 2486 ,
3236 2422 3579 2492 κατήργηται
3606 2416 3662 2472 δὲ
3688 2414 3788 2469 καὶ

2205 2522 2234 2575 6
2258 2521 2508 2588 θάνατος,
2541 2521 2637 2575 καὶ
2676 2518 3014 2590 ἀπελήλαται
3046 2514 3241 2587 φθορὰ,
3275 2514 3370 2567 καὶ
3394 2514 3422 2566 6
3454 2511 3621 2565 πάλαι
3646 2510 3783 2579 δρα-

2206 2614 2378 2687 πέτης
2412 2613 2698 2685 ἅνθρωπος
2729 2614 2797 2683 τῇ
2829 2611 2928 2681 τῆς
2951 2609 3224 2670 υἱοθεσίας
3260 2607 3442 2679 χάριτι
3490 2602 3790 2674 κατηγλαῖ-

2206 2707 2402 2780 σμένος
2443 2706 2635 2778 ὁρᾶται
2684 2704 2908 2771 λοιπόνς
2944 2701 3153 2756 Οὐκοῦν
3180 2700 3385 2770 λεγέτω
3420 2696 3651 2772 Χριστὸς
3690 2693 3789 2749 ἐπί

2216 2816 2269 2867 γε
2296 2800 2502 2861 τούτοις
2536 2799 2739 2861 αὐτοῖς’
2776 2816 2793 2848 ι
2830 2796 2890 2849 El
2913 2795 3236 2865 ἀδυνατήσει
3271 2792 3503 2846 ἐνώπιον
3536 2790 3645 2843 τῶν
3686 2804 3791 2841 κα·-

524 2887 793 2942 ταλοίπων
825 2884 917 2942 τοῦ
963 2888 1094 2943 λαοῦ
1123 2888 1311 2942 τούτου
1341 2890 1401 2943 ἐν
1430 2890 1550 2953 ταῖς
1578 2887 1814 2961 ἡμέραις
1881 2888 2138 2954 ἐκείναις,
2177 2891 2252 2962 μὴ
2281 2889 2376 2945 καὶ
2405 2889 2635 2944 ἐνώπιόν
2701 2906 2804 2960 μου
2858 2888 3221 2959 ἁδυνατήσει;
3258 2905 3275 2939 ι
3306 2887 3439 2940 Λεῖα
3466 2886 3573 2956 γὰρ
3607 2883 3789 2938 πάντα.

524 2977 674 3049 αὐτῷ
699 2979 793 3033 καὶ
824 2978 1124 3050 ἱππηλάτα,
1154 2979 1247 3033 καί
1272 2996 1325 3034 τι
1357 2978 1466 3033 τῶν
1524 2978 1839 3049 ἀναγκαίων
1868 2979 2102 3034 ἐθέλοντι
2132 2982 2453 3053 κατορθοῦν,
2489 2982 2573 3053 εἴη
2610 2981 2697 3047 ἂν,
2733 2976 2911 3052 οἶμαι,
2937 2980 2997 3033 τὸ
3022 2977 3376 3033 ἀντιπατοῦν
3414 2977 3587 3032 οὐδέν.

600 3066 755 3123 Vsus.
789 3066 849 3135 7,
877 3066 930 3122 8.
966 3066 1094 3121 Ila'c
1123 3068 1252 3121 dicit
1285 3066 1541 3121 Dominus
1569 3070 1894 3136 omnipotens
1920 3085 1939 3124 :
1973 3068 2101 3124 Ecce

2281 3071 2426 3127 Τάδε
2478 3072 2639 3141 λέγει
2688 3072 2901 3139 Κύριος
2944 3068 3399 3137 παντοκράτωρ’
3457 3067 3611 3123 Ἰδοὺ
3668 3067 3791 3139 ἐγὼ

523 3178 614 3241 ego
647 3161 817 3213 denuo
849 3158 992 3212 salro
1025 3158 1271 3229 populum
1307 3176 1477 3213 meum
1511 3160 1577 3213 de
1608 3169 1747 3214 terra
1781 3163 2020 3229 orientis,
2055 3172 2100 3216 et

524 3254 588 3306 de
625 3264 767 3305 terra
804 3250 1107 3315 occidentis,
1146 3261 1192 3304 et
1232 3250 1494 3305 adducam
1533 3267 1640 3318 eos,
1679 3261 1726 3305 et
1766 3251 2011 3306 habitabo
2050 3254 2102 3307 in

524 3346 696 3400 medio
717 3342 1033 3407 Jerusalem,
1059 3350 1110 3395 et
1133 3352 1280 3397 erunt
1304 3343 1431 3395 mihi
1456 3343 1511 3396 in
1534 3342 1806 3413 populum,
1831 3354 1877 3399 et
1899 3360 1991 3415 ego
2013 3362 2101 3399 ero

524 3437 599 3492 eis
627 3436 681 3489 in
710 3433 875 3489 Deum
904 3434 959 3487 iu
986 3433 1203 3488 ueritate
1227 3443 1273 3488 et
1292 3433 1529 3503 justitia.

594 3609 750 3665 XLII.
796 3608 1042 3665 Salvavit
1080 3608 1295 3681 quidem
1335 3617 1394 3665 et
1428 3608 1559 3664 olim
1606 3608 1748 3667 Deus
1787 3613 2098 3683 progeniem

522 3701 715 3766 Israel,
749 3700 890 3757 bello
923 3700 1195 3771 dispersos
1227 3700 1653 3772 Hierosolymam
1677 3718 2029 3773 congregans,
2047 3715 2101 3759 et

522 3793 771 3850 habitans
803 3792 943 3851 inter
973 3793 1127 3861 illos,
1160 3794 1286 3848 dum
1323 3794 1581 3866 templum
1616 3795 1853 3852 divinum
1889 3798 2096 3853 instau-

522 3887 667 3952 ruri,
712 3902 926 3943 rursum
970 3887 1257 3944 sacriﬁciis
1297 3900 1419 3944 sese
1465 3887 1702 3959 placari,
1745 3899 1801 3946 et
1848 3893 2100 3961 precibus

520 3981 620 4035 coli
640 4022 656 4046 ,
676 3989 729 4035 et
752 3979 908 4037 festis
928 3980 1119 4036 diebus
1143 3980 1367 4051 agendis
1391 3979 1647 4037 honorari
1671 3983 1954 4053 permittit.
1978 3984 2097 4038 Uze-

522 4084 692 4129 terum
726 4076 869 4144 quod
902 4072 1037 4129 dicit
1068 4088 1129 4129 se
1159 4088 1375 4130 rursum
1408 4074 1623 4130 saivare
1653 4074 1905 4146 populum
1940 4092 2096 4131 suum

516 4176 581 4217 ex
614 4163 821 4221 oriente
846 4173 902 4221 et
925 4164 1234 4232 occidente,
1262 4165 1549 4235 quadrabit
1579 4166 1632 4221 in
1663 4166 2094 4232 Einmanuelem,

518 4258 606 4325 qui
637 4266 805 4312 totum
833 4255 933 4312 sub
958 4255 1098 4314 curio
1122 4258 1381 4313 mundum
1405 4259 1646 4324 vocavit,
1665 4274 1788 4316 cum
1813 4275 1912 4331 per
1937 4260 2095 4315 fidem

516 4368 614 4405 ceu
650 4348 918 4406 verriculo
950 4364 983 4405 a
1020 4348 1202 4405 mundi
1245 4349 1443 4406 ﬁnibus
1479 4364 1653 4422 usque
1686 4350 1930 4407 homines
1963 4365 2096 4407 cou-

2202 3159 2481 3222 ἀνασὼζω
2506 3160 2614 3214 τὸν
2644 3160 2798 3214 λαόν
2849 3177 2968 3228 μου
3002 3157 3121 3213 ἀπὸ
3171 3156 3285 3228 τῆς
3318 3156 3650 3222 ἀνατολῶν,
3683 3157 3789 3213 καὶ

2202 3254 2321 3308 ἀπὸ
2357 3253 2471 3324 γῆς
2496 3251 2763 3321 δυσμῶν,
2814 3252 2911 3305 καί
2950 3249 3173 3312 εἰσάξω
3199 3247 3441 3314 αὐτοὺς,
3468 3248 3567 3301 καί
3609 3264 3789 3302 κατα-

2202 3344 2499 3413 σκηνώσω
2523 3342 2777 3413 ἐνμέσῳ
2820 3340 3239 3411 Ἰερουσαλὴμ,
3287 3338 3387 3392 καὶ
3412 3337 3659 3392 ἔσονται
3681 3355 3790 3408 μοι

2201 3442 2288 3503 εἰς
2316 3437 2490 3502 λαὸν,
2526 3435 2688 3507 κάγὼ
2718 3436 2933 3507 ἔσομαι
2972 3434 3177 3501 αὐτοῖς
3224 3435 3312 3498 είς
3342 3433 3510 3498 Θεὸν,
3536 3431 3605 3485 ἐν
3633 3431 3789 3499 ἀλη-

2202 3530 2331 3596 θείῃ
2358 3530 2453 3583 καί
2482 3528 2855 3598 δικαιοσύνῃ.
3214 3596 3217 3599 _

2271 3619 2405 3674 MB'.
2439 3618 2657 3671 Σέσωκε
2679 3620 2776 3689 μὲν
2810 3617 2906 3671 καὶ
2940 3617 3109 3671 πάλαι
3134 3616 3265 3680 Θεὸς
3298 3617 3424 3680 τοὺς
3451 3613 3511 3680 ἐξ
3550 3612 3788 3685 αἵματος

2215 3711 2452 3785 Ἰσραὴλ,
2487 3711 3026 3783 κατεσκεδασμὲνους
3060 3709 3138 3781 τῷ
3179 3708 3402 3782 πολέμῳ
3444 3706 3789 3781 συναγείρων

2200 3805 2281 3869 εἰς
2333 3803 2702 3875 Ἱεροσόλυμα,
2755 3805 2851 3858 καὶ
2886 3804 3217 3874 κατοικήσας
3265 3802 3324 3854 ἐν
3371 3801 3572 3866 αὐτοῖς,
3604 3799 3695 3854 διά
3715 3813 3787 3870 γε

2198 3897 2295 3951 τοῦ
2319 3898 2414 3952 καὶ
2437 3898 2528 3951 τὸν
2548 3897 2691 3953 θεῖον
2719 3899 2931 3970 ἐγεῖραι
2961 3895 3110 3964 ναὸν,
3127 3896 3221 3951 καὶ
3251 3897 3463 3967 ἐφεῖναι
3489 3894 3652 3949 πάλιν
3679 3895 3788 3949 αύ-

2198 3991 2313 4052 τοῖς
2345 3990 2465 4053 ταῖς
2494 3990 2635 4044 κατά
2664 3989 2829 4062 νόμον
2883 3988 3099 4052 θυσίαις
3150 3985 3666 4058 καταμειλίσσεσθαί
3719 4003 3787 4040 τε

2202 4080 2299 4133 καὶ
2324 4082 2716 4153 ἀποπεραίνειν
2760 4080 2947 4151 εὐχάς,
3004 4081 3101 4134 καὶ
3152 4078 3509 4150 ἀποπληροῦν
3563 4078 3783 4151 ἑορτάς.

2202 4169 2349 4240 Πλὴν
2378 4168 2439 4223 τδ
2472 4169 2775 4234 ἀνασώζειν
2804 4169 2896 4223 τὸν
2946 4168 3078 4223 ίδιον
3125 4170 3290 4239 φάναι
3342 4168 3470 4222 λαὸν
3501 4166 3561 4234 ἐξ
3589 4168 3787 4222 ἀνατο-

2199 4261 2307 4316 λῶν
2340 4262 2436 4316 καὶ
2485 4261 2728 4334 δυσμῶν,
2783 4262 2984 4333 πρέποι
3022 4260 3089 4316 ἂν
3145 4261 3370 4325 εἰκότως
3418 4258 3499 4331 τῷ
3565 4257 3783 4330 Ἐμμα-

2199 4352 2383 4426 νουήλ,
2414 4353 2474 4417 ὃς
2509 4356 2690 4408 πᾶσαν
2719 4353 2943 4407 ἐκάλεσε
2969 4351 3069 4425 τὴν
3117 4352 3209 4407 ὑπ’
3236 4351 3488 4423 οὐρανὸν,
3522 4349 3789 4423 σαγηνεύ⁴

517 4443 707 4509 clusit,
741 4450 797 4499 et
830 4441 1139 4498 universam
1172 4441 1413 4513 gentium
1446 4440 1844 4523 multitudinem
1882 4443 1935 4498 iu
1970 4459 2094 4499 vere

2204 4461 2303 4508 σας
2323 4444 2411 4498 διὰ
2434 4444 2534 4513 τῆς
2559 4446 2796 4508 πίστεως
2828 4445 2953 4509 τοὺς
2982 4444 3046 4497 ἐκ
3086 4442 3340 4515 περάτων
3376 4441 3479 4511 τῆς
3514 4440 3638 4510 γῆς,
3685 4440 3788 4494 καὶ

520 4544 764 4590 sanctam
792 4542 848 4591 et
876 4534 1020 4589 fama
1065 4532 1323 4606 inclytam
1349 4534 1647 4600 civitatem,
1676 4551 1802 4604 quas
1823 4544 1907 4591 est
1937 4552 1959 4589 ι
1995 4536 2095 4591 Ec.

526 4626 680 4683 ilesia
715 4623 812 4682 Dei
841 4624 1071 4681 viventis
1091 4626 1156 4692 ",
1196 4644 1215 4678 ι
1248 4635 1305 4682 et
1336 4627 1574 4683 caelestis
1603 4625 1938 4692 Jerusalem,
1967 4642 2097 4682 cou-

2199 4538 2381 4591 πᾶσαν
2403 4536 2573 4591 ἐθνῶν
2623 4536 2824 4607 ἀγέλην
2883 4532 3309 4604 συναγηγερκὼς
3354 4533 3436 4596 είς
3475 4531 3575 4603 τὴν
3614 4528 3786 4597 ἁγίαν

2197 4628 2414 4700 ἀληθῶς
2440 4629 2534 4682 καὶ
2558 4628 2842 4699 διαϐόητον
2890 4628 3067 4688 πόλιν,
3092 4627 3214 4697 ἥτις
3244 4625 3392 4679 ἐστὶν
3425 4644 3444 4675 ι
3479 4620 3785 4692 Ἐκκλησία

515 4718 776 4790 gregavit.
811 4715 1098 4775 Habitasse
1132 4726 1312 4774 autem
1350 4717 1499 4773 illum
1534 4718 1586 4774 in
1622 4719 1801 4774 medio
1828 4718 1947 4788 ejus
1973 4719 2095 4789 quis

2204 4720 2341 4774 Θεοῦ
2378 4720 2599 4785 ζῶντος,
2639 4740 2657 4772 ι
2709 4722 2743 4792 ή
2792 4720 3114 4791 ἐπουράνιος
3149 4716 3527 4786 Ἰερουσαλήμ.
3556 4715 3677 4767 Ὀτι
3722 4712 3785 4767 δὲ

517 4811 763 4866 dubitet?
787 4808 987 4868 Factus
1008 4819 1091 4867 est
1113 4809 1379 4882 siquidem
1405 4810 1602 4867 similis
1623 4811 1818 4877 nostri,
1845 4828 1868 4862 ι
1892 4821 2092 4865 etcum

2204 4812 2299 4867 mi
2322 4812 2632 4876 ἐσκήνωσεν
2668 4813 2725 4865 ἐν
2787 4812 2938 4882 μέσῳ
2968 4810 3159 4881 αὐτῆς,
3200 4807 3319 4871 πῶς
3355 4806 3504 4859 ἔστιν
3532 4803 3784 4875 ἀμφιϐα-

517 4904 824 4961 hominibus
847 4913 1199 4961 conversatus
1222 4913 1306 4960 est
1328 4904 1370 4936 ⁸⁸
1403 4923 1423 4958 ι
1455 4904 1508 4960 in
1537 4920 1723 4961 carne.
1749 4904 1805 4959 id
1831 4904 1979 4974 quod
1998 4918 2093 4974 per

2204 4904 2352 4969 λεῖν;
2382 4904 2578 4973 Γέγονε
2606 4904 2713 4975 γὰρ
2749 4903 2870 4957 καθ’
2917 4905 3084 4973 ἡμᾶς,
3140 4920 3160 4953 ι
3187 4902 3283 4955 καὶ
3314 4902 3425 4963 τοῖς
3470 4896 3784 4970 ἀνθρώποις

516 4996 680 5050 alium
712 4995 1029 5066 prophetam
1061 4995 1203 5051 Deus
1233 4994 1634 5065 praenuntiavit,
1666 5011 1687 5047 ι
1715 4993 1959 5059 Conli‘de,
1986 5010 2090 5048 non

2205 4998 2621 5068 συνανεστράφη
2654 5016 2671 5049 ι
2718 4995 2860 5066 μετά
2911 4994 3131 5065 σαρκός.
3185 4992 3297 5046 Καὶ
3326 4990 3485 5043 τοῦτο
3534 4990 3668 5060 ήμῖν
3712 4987 3785 5041 δι’

517 5085 882 5142 dissolvantur
905 5100 1100 5142 manus
1130 5093 1253 5139 tuae.
1282 5084 1547 5139 Dominus
1580 5084 1721 5139 Deus
1752 5094 1877 5140 tuus
1902 5092 2096 5155 potens

2204 5089 2389 5161 ἐτέρου
2414 5091 2691 5159 προφήτου
2743 5088 2872 5151 Θεὸς
2914 5083 3311 5161 προανεφώνει,
3345 5083 3543 5150 λέγων·
3583 5098 3601 5133 ι
3635 5079 3783 5151 Θάρ-

515 5176 567 5230 in
601 5188 653 5231 te
691 5175 923 5232 salvabit
952 5184 1036 5244 te,
1068 5176 1303 5233 adducet
1329 5192 1492 5247 super
1535 5186 1588 5233 te
1618 5177 1860 5233 laetitiam
1880 5216 1900 5241 ,
1926 5184 1981 5231 et
2010 5176 2095 5230 iu-

515 5268 737 5323 novabit
772 5277 826 5323 te
859 5267 912 5322 in
949 5268 1218 5323 cbaritate
1254 5284 1351 5325 sua
1373 5269 1439 5325 ¹⁹.
1483 5287 1503 5320 ι
1545 5269 1685 5337 Quin
1722 5278 1778 5326 et
1812 5270 2094 5326 nobiscum

511 5370 593 5415 est
626 5377 639 5413 :
675 5375 777 5414 non
814 5361 957 5415 enim
994 5360 1211 5430 reliquit
1246 5377 1344 5415 nos
1376 5362 1743 5431 orphanos”;
1778 5376 1877 5432 pro
1908 5376 1967 5417 se
1998 5377 2099 5417 au-

512 5461 621 5506 tem
655 5453 800 5507 misit
831 5451 1194 5516 Paracletum,
1226 5462 1281 5508 et
1313 5468 1408 5524 per
1432 5454 1606 5523 ipsum
1636 5454 1790 5510 adest
1819 5453 2090 5525 diligentio

511 5541 611 5597 bus
638 5557 725 5607 se,
752 5546 895 5613 quod
930 5553 1161 5600 testatur
1184 5544 1289 5600 illis
1313 5544 1496 5602 verbis
1524 5564 1536 5599 :
1571 5565 1589 5598 ι
1624 5545 1760 5602 Ecce
1789 5560 1889 5615 ego
1912 5546 2090 5601 vobis-

586 5742 627 5815 ’ξ
654 5742 855 5815 Hahae.
891 5760 926 5807 l,
957 5745 1011 5811 3;
1043 5747 1158 5802 Act.
1186 5762 1307 5809 vin,
1328 5748 1417 5801 Η.
1498 5747 1541 5779 ⁸⁵
1567 5746 1798 5815 Philipp.
1826 5760 1887 5812 tt,
1921 5744 1973 5812 6,
2004 5745 2054 5800 7.

2207 5745 2366 5804 Hebr.
2408 5762 2500 5815 xu,
2528 5748 2581 5802 ξ’..
2660 5747 2698 5777 ίῖ
2734 5745 2913 5802 lTim.
2949 5762 3032 5809 HI,
3062 5744 3145 5801 l3.

494 5808 563 5855 μ’
594 5812 831 5886 Sophon.
868 5832 949 5885 ill,
988 5808 1072 5888 i6,
1119 5817 1201 5872 l7.
1280 5808 1323 5850 ’⁷ο
1361 5817 1518 5874 louu.
1562 5832 1677 5890 xiv,
1710 5808 1793 5877 18.

2200 5198 2301 5245 σει,
2338 5180 2496 5245 Σιὼν,
2530 5183 2605 5251 μὴ
2644 5180 3025 5251 παρείσθωσαν
3070 5180 3124 5231 αἱ
3159 5178 3341 5249 χεῖρές
3372 5194 3488 5231 σου.
3516 5174 3722 5247 Κύριος
3749 5172 3780 5225 6

2197 5274 2330 5337 Θεὸς
2352 5273 2576 5337 δυνατὸς
2622 5274 2680 5325 ἐν
2734 5274 2815 5324 σοὶ
2852 5271 3015 5324 σώσει
3052 5288 3135 5334 σε,
3169 5268 3361 5332 ἐπάξει
3390 5267 3480 5320 ἐπὶ
3506 5266 3565 5319 σέ
3587 5265 3779 5335 εύφρο-

2200 5365 2389 5436 σύνην,
2424 5365 2516 5419 καὶ
2548 5368 2747 5418 καινιεῖ
2772 5382 2830 5417 σε
2860 5366 2918 5417 ἐν
2944 5366 3009 5435 τῇ
3036 5362 3314 5433 ἀγαπήσει
3353 5358 3574 5415 αὑτοῦ.»
3615 5356 3780 5411 Ἀλλά

2202 5455 2295 5508 καὶ
2324 5454 2572 5508 σύνεστιν
2606 5457 2757 5525 ἡμῖν⁹
2790 5454 2851 5508 οὐ
2880 5456 2987 5524 γὰρ
3017 5453 3232 5522 ἀφῆκεν
3278 5452 3424 5521 ἡμᾶς
3471 5447 3774 5521 ὀρφανοὺς,

2202 5547 2454 5620 πέπομφε
2486 5547 2542 5601 δὲ
2568 5549 2699 5618 ἡμῖν
2732 5546 2848 5601 ἀνθ’
2897 5545 3087 5601 ἑαυτοῦ
3132 5545 3223 5599 τὸν
3279 5541 3655 5615 Παράκλητον,
3684 5538 3785 5593 καὶ

3244 5744 3285 5775 ⁸³
3318 5741 3527 5797 Barucn
3562 5754 3646 5807 ιιι,
3674 5739 3769 5797 38.
