4072 6370
456 414 568 474 ιη

1452 416 1510 474 s.
1547 413 1817 476 CYRILLI
1856 398 2335 476 uenantum
2370 420 2692 479 menter.

3605 415 3724 471 120‘

452 534 808 604 iniuratorum
844 552 949 593 non
981 545 1115 593 erat.
1158 555 1177 589 ι
1219 534 1284 592 Et
1314 572 1332 603 ,
1363 557 1382 588 σ
1414 538 1744 610 lngredienti
1773 546 1830 595 et
1855 552 2016 612 egre-

2131 542 2318 611 φησὶν,
2346 542 2376 596 6
2403 522 2596 615 μισθὸς
2651 539 2761 593 τῶν
2811 536 3115 608 ἀνθρώπων
3161 532 3261 588 οὐκ
3286 530 3360 606 ἧν
3384 533 3474 597 είς
3499 531 3704 602 ὄνησιν,

455 627 620 681 dienti
716 643 822 683 non
900 637 1017 684 erat
1062 645 1185 700 pax.
1228 648 1248 683 ι
1283 630 1373 685 Est
1431 640 1609 686 autem
1673 631 1828 687 valde
1897 646 2027 687 con-

447 727 706 774 sentanea
817 720 1028 785 oratio.
1092 720 1245 790 cujus
1323 723 1611 778 veritatem
1689 724 2025 781 narrationis

446 812 744 866 auctoritas
777 812 1083 870 conﬁrmat.
1102 806 1233 868 Tale
1251 813 1397 869 enim
1416 814 1676 884 quiddam
1701 815 2016 886 signiﬁcare

444 902 580 957 vult.
618 900 923 959 Venerunt
978 904 1250 974 Babylone
1299 906 1353 961 in
1409 917 1650 963 sanctam
1740 906 2021 963 civitatem

441 992 713 1057 lsraelitas,
731 995 824 1049 sed
850 995 903 1049 in
924 993 1040 1051 loco
1066 1012 1170 1051 non
1189 1005 1306 1052 erat
1326 998 1406 1053 eis
1430 997 1810 1064 sanctiﬁcatio,
1828 996 2026 1067 templo

442 1085 650 1149 pridem
674 1087 856 1141 diruto
884 1107 896 1142 :
929 1099 1032 1142 non
1067 1097 1182 1142 erat
1205 1089 1531 1144 sacriﬁcium
1556 1102 1612 1144 et
1630 1088 1835 1155 libatio,
1866 1089 2024 1145 altari

438 1188 650 1229 everso.
681 1174 882 1230 Deinde
928 1175 1174 1231 hortatus
1203 1187 1287 1232 est
1316 1192 1409 1232 eos
1463 1180 1839 1235 universorum
1883 1178 2028 1235 Deus

440 1276 499 1316 nt
529 1275 654 1320 ante
682 1267 860 1320 omnia
892 1267 1018 1335 ipsis
1042 1276 1149 1322 tam
1175 1269 1601 1325 necessariorum
1628 1284 1815 1325 curam
1837 1269 2027 1339 prmcia

439 1369 600 1424 puam
632 1367 902 1426 gererent,
922 1360 1285 1431 templumque
1300 1361 1367 1415 de
1383 1361 1604 1428 integro
1619 1370 2024 1428 construerent,

438 1446 789 1516 divinumque
849 1450 903 1505 in
970 1465 1037 1505 eo
1106 1452 1279 1506 altare
1334 1467 1529 1507 rursus
1596 1451 1893 1523 erigerent,
1952 1462 2013 1508 ut

440 1539 642 1610 legibus
655 1539 897 1597 instituta
911 1543 1074 1599 decen
1082 1544 1286 1601 tissime
1299 1553 1640 1615 peragere,et
1653 1546 2024 1601 universorum

443 1627 612 1686 Deum
669 1635 961 1690 conciliare
989 1648 1231 1708 possent.
1281 1637 1381 1692 Ast
1404 1637 1489 1692 illi
1520 1639 1689 1695 variis
1731 1641 1797 1694 de
1842 1640 2026 1696 causis

441 1720 806 1791 differebant,
829 1739 972 1782 nunc
1011 1730 1253 1798 pecuniae
1284 1731 1548 1798 ﬁngentes
1573 1728 1834 1800 inopiam,
1879 1744 2025 1788 nunc

437 1813 706 1870 aediﬁcare
758 1818 1159 1887 prohibentium
1199 1820 1615 1890 perversitatem
1642 1830 2021 1892 praetexentes.

2132 634 2228 689 καὶ
2266 635 2296 688 6
2327 633 2517 705 μισθὸς
2538 632 2650 686 τῶν
2681 629 2896 704 κτηνῶν
2923 629 3024 700 οὐχ
3055 627 3289 699 ὑπῆρχε.
3324 644 3344 677 ι
3375 625 3485 680 Καὶ
3523 624 3704 693 πάλιν,

2134 741 2154 776 ι
2178 722 2270 795 Τῷ
2305 722 2725 793 ἐκπορευομένῳ
2755 719 2852 775 καὶ
2893 718 2975 790 τῷ
3019 716 3458 790 είσπορευομένῳ
3502 715 3605 770 οὐκ
3636 711 3705 788 ἦν
3750 790 3755 793 ι

2128 815 2342 888 εἰρήνη.
2381 834 2402 867 ι
2421 812 2593 888 ᾖἚχει
2614 813 2672 868 δὲ
2721 811 3050 883 καὶ⁵“σφόδρα
3079 809 3141 863 τὺ
3165 807 3312 872 είκδς
3335 808 3366 861 6
3398 805 3577 877 λόγος,
3609 805 3706 861 καὶ
3740 802 3757 829 ⁵

2127 885 2193 962 τδ
2218 885 2764 980 ἀληθὲςὲνητούτοις
2794 903 3092 977 παρίστησι
3128 900 3241 955 τῶν
3286 899 3641 971 διηγημάτων
3669 899 3703 969 ἠ

2126 994 2374 1071 δύναμις.
2413 997 2672 1052 Βούλεται
2704 997 2813 1070 γάρ
2837 1013 2890 1050 τι
2910 992 3151 1049 τοιοῦτον
3186 987 3505 1064 ὑποδηλοῦν.
3528 984 3704 1044 Ἧκον

2130 1092 2229 1163 μὲν
2270 1089 2382 1163 γὰρ
2431 1092 2496 1145 ὲκ
2541 1088 2861 1152 Βαϐυλῶνος
2891 1089 2974 1150 είς
3007 1084 3107 1158 τὴν
3160 1084 3322 1155 ἀγίαν
3379 1080 3535 1138 πόλιν
3564 1085 3614 1136 οἱ
3642 1079 3702 1146 ἐξ

2140 1176 2378 1253 ’ῐσραήλ’
2405 1176 2525 1234 ἀλλ”
2550 1179 2657 1233 οὐκ
2680 1172 2749 1251 ἦν
2780 1177 2964 1240 αὐτοῖς
3008 1174 3258 1245 ἁγίασμα
3286 1170 3363 1243 τῷ
3386 1172 3558 1242 τόπῳ,
3600 1186 3701 1224 κα·-

2125 1270 2555 1344 τασεσεισμένου
2599 1268 2695 1325 τοῦ
2741 1268 2913 1324 πάλαι
2938 1265 3069 1322 ναοῦ
3094 1282 3110 1299 ·
3141 1266 3242 1319 οὐκ
3279 1257 3363 1336 ἦν’
3395 1263 3557 1319 θυσία
3607 1260 3703 1315 καὶ

2128 1361 2350 1434 σπονδὴ,
2381 1362 2458 1433 μὴ
2498 1360 2733 1425 ἑστῶτος
2759 1357 3170 1431 θυσιαστηρίου.
3193 1352 3329 1411 Εἶτα
3360 1354 3700 1426 προῦτρεπεν

2124 1456 2154 1509 6
2214 1454 2324 1509 τῶν
2376 1455 2515 1511 ὅλων
2573 1450 2731 1519 Θεὸς,
2762 1453 2870 1507 τῶν
2911 1448 3088 1515 οὕτως
3136 1450 3320 1514 αὐτοῖς
3385 1446 3700 1516 ἀναγκαίων

2126 1543 2595 1616 προύργιαιτάτην
2653 1540 2841 1595 θέσθαι
2873 1539 3152 1612 φροντίδα,
3181 1538 3278 1593 καὶ
3305 1535 3699 1608 ἀναδείμασθαι

2128 1636 2230 1707 μὲν
2255 1635 2347 1689 τὸν
2378 1634 2527 1701 ναὸν,
2569 1632 2877 1707 ἀνορθῶσαι
2922 1631 2980 1686 δὲ
3017 1630 3114 1685 καὶ
3151 1629 3213 1684 τὸ
3272 1628 3415 1683 θεῖον
3444 1629 3504 1680 ὲν
3549 1626 3698 1697 αὐτῷ

2126 1727 2532 1798 θυσιαστήριον,
2559 1725 2636 1789 ὡς
2658 1726 2726 1780 ἂν
2749 1723 2925 1796 ἔχοιεν
2952 1720 3341 1794 ἀποπεραίνειν
3368 1714 3428 1775 εὖ
3461 1720 3605 1790 μάλα
3629 1719 3697 1772 τά

2127 1818 2509 1892 νενομισμένα,
2562 1818 2656 1872 καὶ
2689 1813 3207 1889 καταμειλίσσεσθαι
3266 1812 3360 1867 τὸν
3410 1811 3520 1865 τῶν
3561 1810 3698 1865 ὅλων

438 1900 654 1959 Etcum
688 1907 908 1979 insuper
935 1909 1103 1965 Deum
1152 1909 1503 1975 oﬂ'enderent,
1555 1913 1761 1969 crebris
1805 1923 1862 1970 et
1918 1914 2022 1970 alia

2123 1909 2276 1964 Θεόν.
2298 1910 2363 1964 Ol
2383 1908 2440 1962 δὲ
2464 1904 2724 1972 ποικίλως
2746 1902 3225 1977 διανεὸάλ[λ]οντο,
3259 1901 3391 1956 ποτὲ
3421 1901 3520 1973 μὲν
3557 1917 3698 1971 χρηο

438 2003 561 2063 post
595 1995 753 2051 aliam
772 1996 942 2068 plagis
966 1999 1322 2070 feriebantur,
1340 1998 1748 2071 sterilitatibus,
1775 2005 2021 2076 inquam,

437 2084 562 2142 εωιί
654 2089 1118 2159 corruptionibus,
1206 2104 1261 2149 et
1334 2097 1633 2155 vicinorum
1700 2098 2020 2169 populorum

441 2174 893 2244 lmpressionibns
969 2190 1022 2235 et
1098 2182 1525 2242 incursionibus.
1582 2188 1840 2244 Criminis
1926 2202 2023 2241 au-

438 2272 545 2319 tem
575 2265 1095 2327 loco'universoruur
1127 2273 1267 2331 Deus
1293 2275 1402 2332 illis
1446 2278 1696 2335 inertiam
1719 2279 1926 2349 objicit,
1949 2279 2022 2332 ita

438 2369 532 2423 per
579 2359 895 2428 prophetam
953 2363 1208 2434 Aggazum
1270 2364 1534 2436 loquens:
1581 2387 1602 2421 ι
1638 2369 1878 2441 Populus
1934 2373 2023 2429 hic

437 2444 569 2500 dicit
600 2461 614 2498 :
644 2445 760 2502 Non
796 2451 944 2505 venit
974 2460 1188 2523 tempus
1211 2454 1513 2512 aediﬁcandi
1541 2458 1759 2515 domum
1788 2460 2022 2517 Domini.

438 2532 500 2591 Si
549 2543 757 2605 tempus
808 2539 1025 2606 quidem
1076 2540 1229 2596 vobis
1271 2553 1355 2599 est
1397 2545 1722 2603 habitarein
1775 2550 2024 2605 domibus

436 2626 718 2690 concavis,
742 2626 937 2682 domus
966 2639 1149 2684 autem
1177 2632 1393 2687 Domini
1441 2633 1543 2688 ista
1595 2650 1705 2690 non
1756 2638 2022 2693 ardiﬁcata

435 2722 518 2768 est
544 2716 642 2769 ".r
671 2716 801 2771 Cum
834 2719 998 2784 enim,
1028 2731 1087 2776 ut
1111 2722 1244 2790 dixi,
1267 2726 1318 2778 in
1348 2724 1651 2781 socordiam
1673 2736 1727 2780 et
1750 2727 2025 2798 negligen-

441 2803 570 2874 tiam
616 2808 849 2864 Inarime
887 2812 1302 2869 conducibilium
1346 2816 1794 2886 praecipitassent,
1818 2819 2024 2875 crebris

435 2897 766 2964 rgestatibns
789 2900 1009 2957 etlrellis
1045 2917 1074 2956 a
1106 2903 1298 2960 vicinis
1321 2905 1705 2961 multabantur.
1732 2906 2022 2978 Postquam

435 2997 611 3039 autem
642 2991 895 3059 templum
952 2993 1364 3062 rczedilicarunl,
1426 2997 1685 3068 supplicia
1731 2999 2022 3064 desierunt,

436 3090 489 3134 et
541 3083 898 3152 suppetebant
951 3084 1052 3141 illis
1111 3086 1314 3154 omnia,
1369 3076 1762 3160 utebanturque
1865 3092 2024 3145 rebus

437 3176 858 3232 seettttdissimis.
916 3175 1121 3234 idcirco
1146 3180 1223 3235 ait
1254 3198 1269 3235 :
1302 3199 1322 3232 ι
1356 3180 1497 3237 Ante
1523 3181 1637 3238 dies
1686 3182 1841 3250 istos,
1876 3200 1895 3234 ι
1925 3184 2027 3238 hoc

2126 1999 2313 2070 μάτων
2348 1998 2706 2070 πλαττόμενοι
2732 1997 2949 2061 σπάνιν,
2986 1995 3117 2050 ποτε
3151 1994 3211 2048 δὲ
3240 1993 3349 2048 τῶν
3379 1991 3697 2047 κωλυόντων

2121 2086 2425 2160 οἰκοδομεῖν
2465 2086 2796 2160 δυστροπίας
2840 2082 3328 2159 προφασιζόμενοι.
3368 2078 3502 2137 Εἶτα
3525 2097 3697 2153 προσ-

2122 2181 2410 2255 κρούοντες
2440 2182 2576 2254 πρὸς
2616 2180 2775 2235 τοῦτο
2809 2179 2948 2252 Θεῷ,
3005 2181 3226 2251 συχναῖς
3276 2176 3370 2230 καὶ
3431 2173 3698 2229 ἀλλεπαλ-

2122 2273 2303 2347 λήλοις
2332 2272 2580 2328 ἐπαίοντο
2628 2269 2884 2343 πληγαῖς,
2930 2271 3232 2342 ἀκαρπίαις
3287 2268 3353 2339 δὴ
3390 2266 3555 2336 λέγω,
3600 2266 3697 2319 καί¹

2123 2362 2565 2435 ἀνεμοφθορίαις,
2605 2362 2700 2417 καὶ
2741 2361 2851 2416 τῶν
2888 2360 3107 2434 ὁμόρων
3134 2358 3301 2413 ὲθνῶν
3333 2357 3540 2428 ἐφόδοις
3600 2355 3697 2409 καὶ

2122 2454 2510 2526 καταδρομαῖς.
2567 2451 2877 2524 Ἐπίκλημα
2910 2450 2967 2504 δὲ
3011 2449 3192 2512 αὐτοῖς
3254 2446 3491 2501 ἐποιεῖτο
3522 2445 3551 2497 6
3587 2440 3694 2496 τῶν

2122 2543 2257 2598 ὅλων
2284 2542 2418 2607 θεὸς
2444 2542 2505 2595 τὸ
2528 2541 2788 2613 ῥᾴθυμον,
2835 2535 2981 2593 οὕτω
3008 2537 3184 2607 λέγων
3231 2533 3319 2589 διὰ
3346 2532 3531 2603 φωνῆς
3570 2530 3691 2598 ’Δγι

2122 2634 2276 2703 γαίου
2299 2633 2390 2688 τοῦ
2414 2634 2712 2704 προφήτου⁸
2754 2650 2774 2683 ι
2813 2631 2871 2685 ὐ
2909 2627 3039 2694 λαὸς
3086 2621 3242 2692 οὗτος
3282 2625 3550 2694 λέγουσιν·
3581 2620 3694 2692 Οὐχ

2121 2726 2247 2799 ἥκει
2288 2729 2316 2781 6
2352 2725 2542 2798 καιρὸς
2591 2724 2687 2778 τοῦ
2731 2722 3085 2793 οἰκοδομῆσαι
3121 2719 3215 2774 τὸν
3265 2713 3413 2772 οἷκον
3459 2712 3691 2785 Κυρίου.

2123 2820 2185 2873 El
2211 2817 2401 2889 καιρὸς
2430 2816 2529 2887 μὲν
2554 2816 2684 2885 ὑμῖν
2719 2816 2836 2868 ἐστι
2867 2812 2963 2867 τοῦ
3017 2813 3185 2867 οἰκεῖν
3215 2810 3273 2863 ὲν
3323 2807 3495 2870 οἴκοις
3521 2801 3693 2858 κοιλο-

2125 2909 2418 2979 στάθμοις,
2477 2909 2506 2962 6
2546 2907 2602 2961 δὲ
2658 2902 2805 2971 οἶκος
2869 2905 3058 2977 Κυρίῳ
3110 2902 3211 2957 οὐκ
3266 2898 3629 2973 ᾠκοδόμηται.
3665 2913 3688 2946 ο

2137 2999 2616 3065 Ἀναπεπτωκότες
2645 3001 2777 3072 γὰρ,
2811 3000 2886 3064 ὡς
2938 2998 3096 3070 ἔφην,
3128 2998 3206 3061 είς
3240 2991 3534 3068 ῥᾳθυμίας,
3570 2988 3694 3050 ταῖς

2123 3093 2231 3148 τῶν
2269 3091 2577 3162 ἀναγκαίων
2611 3090 2839 3155 ἐνδείαις
2900 3086 3260 3145 κατεπαίοντο
3307 3081 3546 3154 συνεχῶς
3599 3078 3696 3134 καὶ

2126 3182 2381 3253 πολέμοις
2401 3184 2515 3245 τοῖς
2534 3181 2789 3251 γείτοσιν.
2833 3178 3052 3249 Ἐπειδὴ
3078 3175 3135 3231 δὲ
3174 3172 3577 3245 άνεγηγέρκασι
3603 3168 3695 3222 τὸν

435 3268 861 3336 σεισριιὶυειιιιιιιη
884 3268 1182 3349 erigeretur
1195 3269 1471 3342 templum,
1491 3288 1517 3324 ο
1530 3286 1737 3328 merces
1747 3272 2022 3328 hominum

2127 3274 2273 3340 ναὸν,
2308 3274 2587 3328 πέπαυται
2613 3273 2682 3327 τὰ
2704 3271 2764 3338 ἐξ
2787 3270 2978 3343 ὀργῆς,
3029 3270 3209 3325 πάντα
3238 3266 3297 3320 δὲ
3342 3260 3412 3337 ἦν
3440 3261 3561 3325 ἃλις
3593 3258 3694 3314 αὖ·

437 3374 542 3412 non
564 3368 680 3411 erat
697 3359 762 3411 ad
789 3358 1089 3426 Iucrum,et
1109 3375 1317 3417 merces
1330 3361 1696 3431 jumentorum
1718 3378 1822 3418 non
1848 3371 1983 3419 erat.
1998 3382 2018 3416 ι

438 3448 704 3519 lgricolaa
753 3449 895 3504 enim
926 3451 1044 3507 sine
1073 3452 1344 3518 mercede,
1371 3461 1427 3508 et
1451 3453 1613 3509 nullis
1637 3453 1794 3524 plane
1838 3455 2025 3509 fructi-

438 3535 541 3591 bus
592 3537 851 3602 collectis,
908 3554 1031 3594 cum
1068 3539 1245 3596 bobus
1283 3556 1391 3598 una
1453 3541 1738 3600 delassatis
1786 3545 1861 3600 ab
1895 3560 2026 3617 agro

439 3625 806 3682 discedebant.
861 3647 888 3679 ε
917 3628 1024 3684 Sed
1063 3644 1237 3701 neque
1264 3631 1690 3703 ingredientibus
1729 3645 1823 3692 aut
1869 3653 2027 3709 egre-

440 3716 713 3775 dientibus
739 3734 841 3790 pax
865 3728 1004 3776 erat.
1038 3739 1059 3773 ι
1088 3715 1456 3793 Ingredientes
1495 3734 1553 3781 et
1594 3726 1932 3795 egredientes
1953 3731 2019 3786 de

442 3809 575 3865 urbe
617 3810 669 3865 in
712 3812 902 3867 urbem
934 3812 1244 3885 aliquando,
1276 3808 1377 3872 aut
1402 3814 1719 3875 mercaturae
1742 3819 2023 3886 faciendae,

440 3911 533 3954 aut
597 3902 732 3958 alius
785 3904 983 3975 negotii
1051 3921 1214 3963 causa
1273 3907 1679 3978 proﬁciscentes
1734 3914 2005 3968 nominat.

440 3989 623 4061 Itaque
655 4009 753 4049 nec
774 3995 880 4051 illis
908 4012 1031 4067 pax,
1061 3998 1256 4069 inquit,
1288 4014 1318 4054 a
1362 4000 1604 4055 ﬁnitimis
1661 4004 1871 4073 populis
1929 4006 2022 4075 qui

440 4083 723 4152 vexabant,
745 4096 801 4142 ut
815 4089 1198 4155 dixi,lsrael,et
1217 4090 1441 4161 quilibet
1455 4095 1912 4164 consanguineum
1929 4110 2021 4149 seu

442 4173 660 4230 fratrem
686 4192 781 4233 seu
808 4179 1042 4235 vicinum
1065 4187 1124 4235 ut
1145 4180 1356 4235 hostem
1375 4181 1657 4251 capitalem
1692 4184 2028 4247 intuebatur.

2122 3368 2252 3430 τοῖς.
2306 3367 2400 3419 καὶ
2446 3364 2581 3419 πολὺ
2622 3366 2721 3436 τῆς
2765 3362 3065 3434 εὐημερίας
3131 3358 3423 3431 παρέκειτο
3470 3352 3691 3414 πλάτος.

2123 3457 2306 3529 Ταύτῃ
2344 3474 2427 3510 τοι
2455 3456 2606 3527 φησί·
2641 3475 2661 3508 ι
2692 3455 2807 3527 Πρὸ
2837 3454 2945 3509 τῶν
2973 3452 3199 3527 ἡμερῶν
3238 3449 3464 3513 τούτων,
3490 3464 3507 3497 t
3538 3458 3697 3498 τουτ-

2125 3549 2263 3615 έστι,
2278 3549 2407 3621 πρὶν
2432 3548 2731 3618 ἀναστῆναι
2760 3546 2850 3601 τὸν
2881 3546 3028 3611 ναὸν,
3052 3565 3070 3598 ι
3089 3547 3118 3599 6
3134 3541 3323 3616 μισθὸς
3349 3538 3458 3594 τῶν
3480 3532 3696 3606 ἀνθρώ-ο

2124 3652 2243 3694 πων
2268 3639 2368 3693 οὐκ
2398 3635 2467 3711 ἦν
2497 3639 2576 3702 είς
2599 3638 2805 3709 ὄνησιν,
2836 3637 2932 3692 καὶ
2958 3638 2988 3692 6
3018 3630 3204 3706 μισθὸς
3227 3632 3336 3687 τῶν
3361 3626 3573 3700 κτηνῶν
3594 3624 3695 3694 οὐχ

2125 3731 2392 3804 ὑπῆρχεν.
2418 3751 2436 3784 ι
2483 3729 2739 3801 Ἀμισθοι
2770 3729 2879 3802 γὰρ
2910 3729 2960 3783 οἱ
2984 3725 3234 3798 τητνόνοι,
3266 3723 3358 3778 καὶ
3382 3718 3534 3776 οὐδὲν
3556 3716 3694 3779 ὅλως

2124 3823 2623 3897 συναγηγερκότες,
2665 3822 2802 3894 ὁμοῦ
2855 3823 2970 3886 τοῖς
3032 3815 3443 3889 συγκεκμηκόσι
3511 3809 3693 3882 βουσὶν

2121 3919 2522 3991 ἀπηλλάττοντο
2550 3916 2660 3971 τῶν
2686 3914 2895 3987 ἀγρῶν.
2919 3932 2937 3965 ι
2962 3905 3103 3966 Ἀλλ’
3125 3909 3248 3965 οὐδὲ
3269 3909 3380 3972 τοῖς
3399 3906 3693 3973 ἐκπορευο-

2123 4008 2364 4080 μένοιςῆ
2405 4010 2520 4072 τοῖς
2557 4003 3034 4078 είσπορευομένοις
3086 3997 3155 4073 ἦν
3183 3999 3395 4073 εἰρήνη.
3442 4014 3461 4048 ι
3494 3995 3694 4047 Elme-

2122 4100 2448 4172 ρευομένους
2475 4100 2535 4154 δὲ
2570 4099 2667 4154 καὶ
2719 4094 3188 4169 ὲκπορευομένθυς
3218 4092 3346 4154 τοὺς
3386 4090 3452 4141 ὲκ
3481 4084 3694 4147 πόλεως

2121 4191 2202 4255 εἰς
2252 4191 2405 4246 πόλιν
2461 4191 2639 4255 ίόντας
2684 4188 2795 4244 ἔσθ’
2823 4189 2912 4243 ὅτε
2967 4186 3154 4258 φησὶν,
3212 4183 3247 4255 ἢ
3287 4181 3348 4235 τδ
3392 4172 3693 4250 ἐμπορικὸν

376 4338 385 4347 ι
439 4265 660 4336 ἔχοντας
678 4269 1224 4343 ἐπιτήδευμα,ἧγυυν
1241 4272 1336 4327 καὶ
1354 4273 1557 4346 ἐτέρων
1579 4275 1744 4328 ἕνεκα
1779 4279 2144 4348 πραγμάτων.
2183 4283 2410 4345 Οὐκοῦν,
2458 4282 2580 4336 οὐδὲ
2651 4280 2881 4344 ἐκείνοις
2923 4280 3151 4351 είρήνη,
3218 4274 3373 4346 φησὶ,
3441 4271 3549 4325 τῶν
3591 4270 3694 4339 ὀμ-

437 4360 578 4429 όρων
630 4360 800 4415 ἐθνῶν
835 4361 1304 4434 ὲκλελυπηκότων,
1346 4364 1422 4430 ὡς
1468 4366 1637 4437 ἔφην,
1685 4367 1766 4423 ἔτι
1812 4370 1904 4423 τὸν
1944 4372 2179 4447 Ἰσραὴλ,
2247 4378 2341 4431 καὶ
2373 4373 2603 4430 ἑκάστου
2631 4374 2921 4445 βλέποντος
2985 4371 3061 4436 ὡς
3105 4371 3202 4424 ἕνα
3236 4367 3343 4423 τῶν
3398 4366 3481 4420 ὅτι
3530 4360 3689 4435 μάλι-

441 4471 542 4506 στα
591 4452 801 4526 ἐχθρῶν
838 4454 929 4508 τὸν
956 4456 1125 4525 ἐγγὺς
1162 4456 1220 4524 ἐξ
1247 4456 1500 4529 αἳματος,
1540 4458 1573 4530 ἢ
1605 4460 1699 4513 καὶ
1745 4461 2005 4533 ἀδελφὸν,
2044 4466 2076 4539 ἢ
2109 4469 2202 4523 καῖ
2239 4468 2477 4538 γείτονα.

510 4548 807 4604 Sciendum
839 4564 987 4615 vero,
1019 4550 1329 4620 priusquam
1361 4551 1594 4608 hominis
1640 4562 1889 4609 naturam
1916 4556 2010 4612 Dei
2044 4573 2088 4627 ι)

368 4682 371 4683 ν
441 4636 609 4696 Filius
635 4642 954 4711 susciperet,
991 4653 1045 4698 et
1073 4643 1315 4699 Ecclesia
1347 4645 1786 4715 constitueretur,
1818 4647 2019 4703 nullam

441 4732 606 4786 fuisse
628 4735 932 4788 mercedem
972 4734 1306 4801 hominibus,
1356 4750 1527 4807 neque
1550 4738 1707 4808 72],
1735 4738 2015 4809 iumentis.

420 4823 570 4887 Nam
593 4823 644 4877 in
666 4824 768 4878 hac
786 4824 891 4879 vita
916 4825 1121 4881 ratione
1141 4826 1482 4894 excellentes.
1510 4840 1565 4885 et
1586 4832 1884 4900 prudentia
1899 4833 2013 4904 opi-

439 4915 597 4970 nione
613 4914 931 4985 insignes,et
946 4915 1038 4986 qui
1058 4917 1304 4973 homines
1323 4921 1591 4976 numerari
1607 4924 2020 4991 possent,inl'ru~

436 5020 679 5064 ctuosam
713 5019 767 5064 et
791 5009 1031 5065 inutilem
1045 5023 1264 5082 operam
1289 5013 1637 5085 indiscipulis
1662 5018 2015 5086 ponebant,et

439 5115 613 5169 neque
660 5099 934 5171 singulare
1008 5103 1279 5172 quippiam
1330 5103 1527 5159 litteris
1579 5105 2020 5176 consignabant,

441 5207 619 5260 neque
646 5191 767 5247 aliis
791 5200 883 5246 aut
906 5192 1276 5262 intelligendo,
1307 5207 1399 5250 aut
1455 5196 1722 5267 loquendo
1752 5199 2010 5268 prodesse

441 5292 705 5352 poterant.
765 5284 1027 5340 Similiter
1073 5287 1165 5356 qui
1210 5289 1410 5359 vulgari
1455 5299 1513 5343 ct-
1543 5292 1807 5361 pecudum
1866 5305 2025 5347 more

439 5372 607 5429 vitam
656 5374 945 5440 ducebant,
1019 5377 1225 5446 absque
1280 5380 1525 5437 mercede
1594 5380 2012 5450 permanebant:

440 5464 735 5533 nequibant
752 5465 894 5519 enim
921 5467 1212 5538 quidquam
1239 5467 1348 5525 Deo
1374 5475 1656 5541 probatum
1707 5487 1885 5543 agere.
1910 5470 2025 5528 Sed

444 5569 620 5625 neque
638 5565 751 5611 erat
780 5559 1004 5614 omnino
1029 5575 1129 5630 pax
1179 5561 1233 5617 in
1287 5573 1449 5630 terra,
1509 5581 1670 5637 grege
1715 5567 2014 5622 daemonum

443 5647 620 5703 omnia
648 5649 1002 5718 permiseente
1043 5661 1097 5709 et
1123 5657 1379 5713 mundum
1411 5659 1644 5714 tmnultu
1666 5658 1938 5731 implente.
1961 5668 2022 5715 uti

514 5824 557 5858 “
588 5825 722 5899 Agg.
756 5844 797 5894 ιη,
822 5829 884 5894 5,.
917 5829 971 5884 4.

2200 4559 2394 4616 ἰστέον
2425 4560 2505 4626 δὲ,
2540 4559 2623 4613 ὅτι
2666 4558 2796 4631 πρὶν
2848 4554 3268 4626 ὲνανθρωπῆσαι
3309 4552 3401 4608 τὸν
3445 4552 3691 4621 Μονογε-

2120 4648 2218 4721 νῆ,
2267 4650 2363 4706 καὶ
2423 4646 2808 4720 ἀναδειχθῆναι
2863 4645 2963 4718 τὴν
3014 4644 3367 4716 Ἐκκλησίαν,
3418 4644 3593 4708 οὐδεὶς
3622 4639 3693 4715 ἦν

2118 4744 2232 4808 τοῖς
2260 4723 2568 4814 ἀνθρώποις
2591 4739 2805 4812 μισθὸς,
2834 4737 2960 4793 οὔτε
3003 4737 3110 4811 μὴν
3141 4740 3255 4801 τοῖς
3308 4737 3583 4808 κτήνεσιν,
3625 4735 3696 4790 Οῖ

2117 4852 2178 4890 τε
2209 4834 2318 4908 γὰρ
2351 4835 2411 4889 ἂν
2443 4832 2583 4906 τῷδε
2615 4831 2695 4904 τῷ
2733 4832 2836 4904 βίῳ
2877 4828 3250 4902 λογικώτεροι.
3290 4830 3386 4883 καὶ
3424 4826 3693 4891 συνέσεως

2114 4928 2332 5000 ἔχοντες
2363 4926 2541 4992 δόξαν,
2581 4925 2632 4979 οἳ
2687 4924 2752 4995 δὴ
2798 4923 2896 4978 καὶ
2942 4922 3218 4995 ἄνθρωποι
3250 4919 3555 4991 νομισθεῖεν
3599 4917 3687 4983 ἂν,

2112 5017 2321 5090 ἀκερδῆ
2353 5016 2448 5071 καὶ
2468 5016 2742 5088 ἄχρηστον
2769 5014 2870 5085 τὴν
2908 5016 2966 5067 ἒν
3002 5013 3117 5075 τοῖς
3147 5011 3328 5081 λόγοις
3352 5006 3495 5081 εἶχον
3522 5024 3688 5062 σπου-

2110 5109 2229 5180 δὴν,
2280 5104 2409 5162 οὔτε
2451 5103 2857 5177 συγγράφοντές
2891 5121 2945 5157 τι
3004 5102 3113 5156 τῶν
3167 5100 3501 5170 ἀναγκαίων,
3563 5099 3690 5154 οὔτε

2114 5199 2222 5272 μὴν
2256 5201 2398 5254 νοεῖν
2448 5199 2482 5269 ἢ
2522 5197 2705 5252 λαλεῖν
2760 5195 2975 5268 ἑτέροις
3021 5193 3330 5264 δυνάμενοι.
3374 5191 3605 5264 Ὁμοίως
3631 5192 3690 5246 δὲ

2115 5292 2233 5355 καὶ,
2268 5291 2319 5345 οί
2362 5289 2455 5344 τόν
2512 5288 2766 5359 ἀγελαῖον
2791 5287 2890 5342 καὶ⁹
2935 5284 3181 5359 κτηνὼδη
3236 5284 3516 5358 τρίϐοντες
3574 5283 3689 5354 βίον

2113 5379 2338 5452 ἀμισθοι
2392 5378 2681 5433 διετέλουν·
2716 5378 2778 5433 οὐ
2821 5378 2932 5448 γὰρ
2980 5372 3050 5449 ἦν
3090 5375 3425 5448 ἐργάσασθαί
3482 5392 3536 5428 τι
3577 5374 3687 5428 τῶν

2112 5471 2523 5544 ἐπαινουμένων
2546 5471 2697 5545 παρὰ
2722 5469 2862 5542 Θεῷ.
2908 5469 3048 5525 Ἀλλ’
3078 5469 3201 5523 οὐδὲ
3219 5464 3289 5540 ἦν
3308 5467 3444 5532 ὅλως
3470 5468 3563 5521 ἐπὶ
3585 5467 3688 5536 γῆς

2113 5566 2329 5638 εἰρήνη,
2363 5564 2465 5636 τῆς
2500 5564 2608 5618 τῶν
2651 5561 2944 5635 δαιμονίων
2994 5562 3195 5633 ἀγέλης
3227 5558 3577 5631 ὁιακυκὼσης
3617 5557 3692 5612 τά

2116 5656 2316 5725 πάντα,
2343 5656 2437 5712 καὶ
2484 5654 2712 5730 θορύϐου
2740 5654 2944 5728 μεστὴν
2972 5653 3377 5727 ἀποφαινούσης
3418 5651 3517 5725 τὴν
3544 5651 3685 5723 γῆν,
