4072 6370
394 404 489 462 Hi

1214 407 1769 473 COMMENTARIUS
1809 417 1875 472 IN
1917 420 2322 480 ZACIIARIAM
2361 426 2807 485 PROPHETAM.

3541 431 3644 488 1‘22

387 521 464 585 ὡς
522 516 683 613 εἶναι-
706 519 794 613 τὰᾼ
832 519 1048 613 πάντων
1090 522 1394 594 πράγματα
1463 528 1558 582 καὶ
1641 531 1823 601 μέντοι
1860 534 1960 598 τὰς

2060 554 2147 593 res
2173 549 2333 611 atque
2360 542 2496 598 adeo
2540 550 2746 599 mentes
2766 565 2772 573 η·
2795 542 3037 599 omnium
3076 542 3221 599 velut
3261 555 3646 613 quassarentnr

387 611 622 676 διανοίας
652 610 730 677 ὡς
780 611 841 665 ἐν
873 611 1088 685 δυνήσει
1136 616 1231 669 καὶ
1283 615 1451 688 σάλῳ,
1502 620 1686 676 καὶτὸ
1730 623 1960 696 βεϐηκὸς

387 703 488 757 οὐκ
526 702 694 774 ἔχειν.

458 795 568 849 Kai
608 796 728 851 νῦν
761 797 839 851 σὺ
880 797 1031 853 κατὰ
1073 799 1182 867 τὰς
1226 801 1451 872 ἡμέρας
1479 804 1588 871 τὰς
1617 804 1963 876 ἔμπροσθεν

386 885 503 954 ἐγὼ
535 886 769 954 ποιήσω
803 887 929 955 τοῖς
966 892 1357 961 καταλοίποις
1392 895 1501 951 τοῦ
1539 898 1692 954 λαοῦ
1724 902 1959 968 τούτου,

387 978 551 1048 λέγει
573 980 792 1049 Κύριος
810 981 1405 1053 «margaritam-dx!
1433 987 1472 1057 ἢ
1497 984 1672 1055 δείξω
1690 991 1958 1061 είρήνην.

398 1070 463 1126 Ἠ
484 1070 758 1141 ἄμπελος
794 1072 970 1128 δώσει
998 1073 1105 1129 τὸν
1146 1078 1381 1145 καρπὸν
1410 1079 1638 1149 αὐτῆς,
1674 1083 1775 1137 καί
1806 1086 1847 1153 ἡ
1883 1085 1960 1155 τῆ

383 1163 566 1218 δώσει
602 1163 675 1218 τὰ
704 1164 1046 1235 γεννήματα
1074 1159 1290 1237 αὐτῆς,
1313 1170 1413 1224 καὶ
1442 1173 1477 1225 ό
1505 1173 1763 1242 οὐραγὸς
1783 1174 1961 1231 δώσει

386 1255 503 1324 τὴν
535 1257 761 1327 δρόσον
803 1256 994 1312 αὑτοῦ
1009 1296 1025 1323 ,
1064 1257 1165 1312 καὶ
1201 1263 1793 1333 κατακληρονομήσω
1836 1267 1962 1335 τοῖς

386 1350 776 1416 καταλοίποις
803 1350 910 1406 τοῦ
943 1351 1101 1406 λαοῦ
1127 1369 1248 1421 μου
1280 1356 1499 1411 τούτου
1523 1357 1715 1412 ταῦτα
1742 1356 1960 1416 πάντα.

457 1439 589 1493 ME'.
630 1434 1041 1511 Συμμεθίστησι
1075 1440 1198 1504 ταῖς
1234 1440 1427 1513 ὀργαῖς
1465 1442 1560 1497 καὶ
1593 1442 1664 1497 τὰ
1689 1443 1752 1510 ἐξ
1779 1444 1962 1501 αὐτῶν

389 1533 781 1604 συμϐαίνοντα,
825 1534 923 1587 καλ⁵
966 1532 1404 1607 ἀποδραμεϊσθαί
1453 1552 1623 1607 φησιν
1660 1536 1801 1608 όμοῦ
1846 1542 1963 1603 τοῖς

386 1626 496 1678 τῶν
519 1622 1009 1696 πλημμελημάτων
1032 1627 1247 1697 καιροῖς
1270 1625 1371 1690 τὰς
1389 1625 1566 1691 δίκας.
1593 1628 1982 1701 Πεπαυμένης⁹

388 1718 498 1789 γὰρ
525 1716 626 1788 τῆς
652 1715 963 1788 ἁμαρτίας,
1004 1716 1206 1788 μᾶλλον
1246 1716 1307 1771 δὲ
1333 1717 1434 1791 ἢδη
1466 1720 1658 1785 ποινὰς
1687 1719 1789 1785 τὰς
1821 1721 1962 1794 ὑπὲρ

2060 641 2112 687 et
2140 632 2387 689 ﬂuctibus
2432 633 2799 703 pulsareutur,
2837 650 2937 689 nec
2963 634 3309 691 ﬁrmitudiuis
3349 635 3643 708 quidquam

2062 725 2342 780 haberent.

2135 816 2296 872 Vens.
2331 817 2420 880 Η,
2457 817 2544 871 12.
2584 816 2654 871 Et
2689 829 2826 871 nunc
2847 834 2951 871 non
2996 817 3158 887 juxta
3212 817 3324 872 dies
3372 820 3463 886 qui
3520 828 3644 872 ante

2061 908 2271 975 fuerunt
2292 923 2385 976 ego
2410 907 2608 975 faciam
2638 907 2873 977 reliquiis
2894 906 3074 975 pepuli
3096 907 3280 977 hujus,
3298 907 3432 962 dicit
3457 898 3662 996 Ποιναὶ-ξ

2061 1010 2159 1053 nus
2188 999 2512 1066 omnipotens
2537 1014 2558 1055 :
2590 1000 2682 1054 sed
2710 998 3014 1054 monstrabo
3039 1014 3243 1067 pacem.
3282 997 3449 1054 Vinea
3494 999 3643 1052 dabit

2061 1087 2290 1155 fructum
2311 1104 2487 1151 suum,
2513 1097 2565 1143 et
2598 1098 2742 1143 terra
2763 1087 2907 1142 dabit
2927 1086 3158 1157 germina
3182 1103 3301 1155 sua,
3348 1097 3396 1140 et
3455 1086 3641 1141 cadum

2059 1179 2202 1233 dabit
2223 1195 2393 1234 rorem
2428 1179 2947 1249 suum,etpossidcre
2993 1179 3197 1249 faciam
3247 1178 3498 1246 reliquias
3545 1194 3639 1248 po-

2059 1267 2168 1337 puli
2194 1270 2295 1324 mei
2314 1269 2492 1324 omnia
2519 1271 2650 1327 lucc.

2123 1447 2293 1505 XLV.
2316 1448 2454 1505 Cum
2486 1447 2568 1503 ira
2591 1444 2894 1503 etiaminde
2918 1445 3290 1516 provenientia
3323 1447 3629 1514 submovet,

2060 1551 2115 1599 et
2143 1543 2240 1609 ait,
2272 1558 2394 1598 eum
2421 1542 2750 1613 temporibus
2811 1542 3069 1609 peccandi
3126 1540 3286 1597 simul
3332 1555 3520 1612 poenas
3544 1555 3635 1596 re-

2061 1650 2335 1692 cessuras.
2388 1630 2555 1691 Facto
2597 1634 2743 1691 enim
2798 1633 2905 1690 iine
2962 1634 3247 1706 peccandi,
3282 1633 3392 1690 imo
3436 1631 3637 1688 lsraele

2058 1727 2170 1800 jam
2200 1727 2373 1800 plagis
2404 1737 2627 1800 propter
2649 1735 2934 1799 peccatum
2967 1727 3178 1798 punito,
3202 1725 3471 1782 desituras
3508 1739 3637 1796 pro-

384 1809 559 1879 αὐτῆς
584 1808 925 1873 ἐκτετικότος
955 1808 1051 1863 τοῦ
1085 1806 1304 1882 Ἰσραὴλ
1324 1846 1343 1877 ,
1371 1810 1701 1884 καταλήξειν
1727 1811 1833 1884 ἔφη
1859 1813 1960 1878 τὰς

2063 1820 2228 1877 mittit
2255 1818 2615 1885 calamitates,
2636 1819 2783 1890 iuste
2824 1819 3136 1883 admodum,
3190 1827 3243 1873 et
3265 1817 3321 1873 in
3357 1824 3635 1887 posterum

389 1899 709 1971 συμφορὰς,
735 1900 832 1954 καὶ
867 1898 1015 1971 μάλα
1046 1898 1302 1965 εἰκότως,
1341 1900 1439 1956 καὶ
1457 1902 1838 1976 ἀπρακτήσειν
1874 1903 1959 1959 ἔτι

2062 1914 2194 1970 nihil
2222 1916 2377 1970 triste
2404 1913 2459 1969 in
2487 1926 2583 1969 eos
2608 1888 2954 1970 incursurnm
2985 1930 3001 1968 :
3030 1910 3340 1967 decrevisse
3384 1909 3531 1965 enim
3578 1909 3633 1964 in

387 1991 487 2059 τὴν
512 1989 627 2043 τῶν
643 1988 882 2060 ἀνιαρῶν
903 1988 1108 2060 ἔφοδον.
1144 1989 1505 2046 Βεσούλευται
1532 1993 1645 2066 γὰρ
1661 1995 1749 2048 ἐπ’
1775 1995 1961 2061 αὐτοῖς

2061 2006 2184 2064 illos
2201 2008 2441 2076 priorum
2469 2003 2774 2073 dissimilia,
2797 2017 2864 2059 ex
2895 2002 3069 2058 media
3095 2000 3350 2059 nimirum
3372 2011 3632 2053 mansue-

384 2084 486 2137 οὐκ
536 2084 742 2154 ἀδελφά
786 2088 900 2150 τοῖς
951 2086 1222 2159 πρώτοις,
1272 2085 1390 2142 ἀλλ’
1430 2088 1532 2143 ὅσα
1583 2087 1770 2160 βλέπει
1824 2089 1962 2163 πρὸς

2061 2099 2259 2155 tudine.
2299 2097 2427 2154 Haec
2448 2104 2624 2164 erant,
2681 2095 2834 2168 pacis
2889 2095 3303 2158 incrementum,
3336 2099 3391 2147 et
3450 2103 3631 2144 rerum

386 2176 720 2250 ἡμερότητα.
742 2178 928 2233 Ταῦτα
949 2178 1007 2232 δὲ
1031 2174 1100 2250 ἦν
1128 2180 1353 2253 εἰρήνης
1373 2178 1635 2247 ἐπίδοσις,
1655 2182 1753 2237 καὶ
1783 2184 1958 2255 ἀμφιι

382 2268 560 2340 λαφὴς
606 2267 716 2323 τῶν
762 2265 995 2340 ἡδίστων
1034 2264 1219 2336 αὐτοῖς
1267 2271 1522 2343 χορηγία,
1573 2270 1652 2338 ὡς
1693 2273 1963 2347 εὐϐοτρυν

386 2360 484 2430 μὲν
512 2359 746 2431 ὁρᾶσθαι
784 2359 885 2431 τὴν
929 2360 1209 2430 ἄμπελον,
1256 2360 1395 2433 βαθὺ
1439 2363 1497 2417 δὲ
1531 2363 1748 2436 κομῶσι
1785 2364 1958 2437 ληῖοις

378 2449 479 2520 τὴν
503 2449 766 2522 ἀρόσιμον
796 2450 900 2520 γῆν
928 2451 1053 2515 τοὺς
1091 2452 1204 2505 τῶν
1234 2453 1493 2522 γηπόνων
1528 2453 1760 2526 ἱδρῶτας
1793 2456 1956 2527 ἀμείι

380 2541 596 2608 ὕεσθαι,
634 2542 868 2615 οὐρανοῦ
901 2542 1147 2612 δηλονότι
1178 2545 1463 2615 μονονουχὶ
1493 2546 1589 2599 καὶ
1617 2546 1956 2612 συνθέοντος,

378 2636 474 2689 καὶ
520 2635 734 2705 δρόσοις
786 2635 1232 2700 καταπιαίνοντος
1263 2637 1469 2708 ἀγροὺς
1515 2638 1609 2692 καὶ
1653 2639 1723 2694 τὰ
1770 2641 1831 2693 ὲν
1858 2640 1958 2694 αὐ·

377 2725 510 2788 τοῖς.
536 2722 765 2794 Ἕψεται
799 2723 907 2797 γὰρ
947 2724 1163 2789 πάντως
1210 2728 1326 2790 τοῖς
1369 2726 1466 2780 τοῦ
1511 2728 1785 2783 Δεσπότου
1834 2727 1956 2784 νεύ-

383 2832 547 2886 μασιν
569 2816 797 2888 οὐρανός
821 2832 881 2870 τε
911 2816 1006 2871 καὶ
1036 2818 1129 2888 γῆ,
1165 2819 1260 2872 καὶ
1301 2818 1642 2887 ἁπαξαπλῶς
1687 2818 1721 2893 ἡ
1753 2822 1953 2886 κτίσις.

378 2906 584 2977 κλῆροι
620 2907 680 2961 δὲ
718 2906 893 2962 ταῦτα
924 2907 1003 2979 τῷ
1050 2909 1301 2981 Ἰσραὴλ,
1349 2909 1486 2965 Θεοῦ
1533 2912 1955 2983 κατευρύνοντος

375 2997 477 3069 τὴν
504 2998 831 3070 εὐημερίαν,
868 3000 962 3053 καὶ
992 3000 1196 3064 παντὸς
1230 3002 1460 3075 ἀνιαροῦ
1498 3004 1953 3071 ἀπαλλάττοντος.

460 3086 746 3163 ’.ἁρμόσειε
790 3086 837 3144 δ’
880 3091 950 3146 ἂν
994 3094 1024 3146 ό
1072 3093 1167 3148 ἐπὶ
1214 3094 1351 3165 τῷδε
1410 3095 1569 3167 λόγος
1616 3096 1697 3169 τῷ
1735 3099 1951 3155 πάντων

374 3182 536 3297 ημῶν
573 3183 787 3286 Σωτῆρι
1107 3185 1356 3297 Πρδῃμὲν
1383 3186 1496 3259 γὰρ
1540 3187 1654 3243 τῶν
1693 3189 1796 3259 τῆς
1828 3191 1952 3244 ὲπι-
1979 3239 2021 3297 C

375 3274 578 3345 δημίας
618 3273 827 3345 καιρῶν
859 3274 1184 3346 ἐϐαδίζομεν
1229 3275 1460 3342 ἕκαστος
1502 3278 1644 3332 κατά
1686 3279 1749 3333 τὸ
1795 3279 1948 3350 αὐτῷ

372 3365 588 3428 δοκοῦν,
621 3361 867 3437 κτηνὼδη
911 3366 1008 3419 καὶ
1052 3364 1397 3436 ἀλογώτατον
1441 3367 1774 3434 διαϐιοῦντες
1814 3369 1948 3439 βίον,

376 3458 471 3511 καὶ
509 3460 633 3520 ταῖς
690 3456 801 3511 τῶν
844 3457 1138 3529 δαιμηνίων
1199 3460 1442 3525 ἀπάταις
1504 3461 1948 3532 συνεζευγμένοι.

390 3549 542 3604 Έπεί
569 3549 627 3604 δὲ
654 3547 1017 3615 πεπτωκότας
1057 3553 1380 3624 μονονουχὶ,
1424 3554 1523 3607 καὶ
1573 3555 1950 3627 κατερριμμέ-

375 3661 499 3708 νους
523 3644 606 3708 εἰς
642 3643 769 3715 γῆν,
795 3643 890 3697 καὶ
912 3642 1017 3698 ὑπὸ
1040 3644 1211 3709 πόδας
1232 3645 1394 3710 δντας
1429 3645 1643 3717 ἐχθρῶν
1685 3645 1950 3720 ᾤκτειρεν

374 3737 405 3792 ὁ
434 3735 625 3807 Πατὴρ
643 3774 660 3801 ,
685 3734 870 3790 οὐκέτι
901 3753 921 3788 ι
952 3736 1255 3809 πεποίηκεν
1285 3738 1420 3808 ἡμῖν
1450 3736 1595 3793 κατὰ
1616 3738 1716 3803 τὰς
1737 3739 1951 3813 ἡμέρας

371 3830 471 3895 τὰς
499 3827 829 3901 ἔμπροσθεν.
864 3848 884 3882 ι
918 3829 994 3884 Οὐ
1023 3828 1136 3900 γὰρ
1165 3829 1434 3902 περιεῖδεν
1478 3829 1561 3885 ἔτι
1592 3831 1946 3888 πλεονεκτου-

377 3922 605 3995 μένους,
651 3921 749 3977 καὶ
791 3921 897 3976 ὑπὸ
923 3921 1175 3994 τυράννῳ
1215 3920 1558 3992 πράττοντας
1603 3924 1774 3995 ὠμῷ,
1810 3925 1948 3997 πρὸς

374 4015 483 4068 πᾶν
505 4011 685 4067 ὁτιοῦν
704 4011 815 4068 τῶν
844 4012 1139 4083 αἰσχίστων
1167 4012 1318 4083 ἡμᾶς
1349 4013 1683 4084 ἀποφέροντι
1709 4026 1722 4045 ⁴
1750 4015 1950 4072 δέδωκε

370 4104 430 4158 δὲ
464 4104 666 4175 μᾶλλον
700 4104 837 4175 ἡμῖν
875 4102 977 4175 τὴν
1015 4102 1078 4169 ἐξ
1135 4103 1383 4177 οὐρανῶν
1434 4105 1659 4177 εἰρήνην
1696 4107 1945 4164 τουτέστι

373 4195 629 4268 Χριστὸν,
676 4194 737 4258 ὃς
771 4196 869 4249 καὶ
902 4193 1123 4265 ἀπάσης
1175 4193 1309 4267 ἡμῖν
1353 4195 1454 4266 τῆς
1495 4196 1806 4269 εὐκαρπίας
1850 4199 1948 4270 τῆς

372 4287 571 4359 νοητῆς
618 4286 918 4359 δεδώρηται
974 4287 1262 4359 χορηγίαν.
1319 4284 1789 4360 Ἐμπεπλήσμεθα
1839 4292 1947 4364 γὰρ

376 4378 524 4431 σίτου
553 4394 615 4431 τε
646 4379 742 4432 καὶ
773 4379 919 4432 οῐνου
938 4417 954 4443 ,
998 4378 1093 4432 καὶ
1125 4376 1437 4450 δεδώρηκεν
1466 4381 1602 4451 ἡμῖν
1630 4382 1664 4452 ἡ
1698 4380 1946 4452 ἄμπελος

375 4468 405 4536 ή
432 4467 689 4540 ἀληθινὴ,
715 4468 965 4522 τουτέστι
986 4509 1001 4533 ,
1042 4468 1277 4539 Χριστὸς
1296 4509 1311 4533 ,
1346 4469 1439 4524 τὸν
1477 4471 1679 4542 ἑαυτῆς
1710 4472 1944 4543 καρπὸν,

2060 2193 2192 2264 ipsis
2211 2192 2735 2263 jucdudissimarum
2771 2188 2921 2258 larga
2948 2185 3336 2258 suppeditatio,
3372 2191 3431 2238 ut
3473 2181 3631 2237 vinea

2057 2282 2233 2339 botris
2256 2281 2514 2352 frequens
2535 2287 2872 2344 cerneretur,
2930 2291 3059 2332 arva
3126 2273 3308 2331 densis
3358 2270 3632 2343 segetibus

2057 2373 2370 2431 colonorum
2414 2370 2702 2429 sudoribus
2747 2370 3161 2439 responderent,
3207 2365 3350 2423 coelo
3444 2369 3632 2433 utpote

2056 2467 2208 2536 quasi
2234 2474 2614 2529 concurrente,
2634 2472 2689 2519 et
2723 2462 2938 2517 roribus
2968 2475 3119 2525 rura,
3139 2467 3197 2514 et
3221 2456 3365 2513 ruris
3393 2469 3524 2524 opes
3559 2451 3629 2509 ad

2055 2557 2480 2630 pinguitudinem
2514 2555 2812 2610 nutriente.
2838 2552 3002 2608 Plane
3016 2554 3158 2607 enim
3184 2548 3399 2606 Domini
3465 2554 3631 2601 nutus

2057 2649 2250 2705 cmlum
2274 2658 2332 2704 et
2357 2658 2523 2715 terra,
2553 2655 2610 2701 et
2630 2645 2931 2717 generatim
2962 2652 3211 2699 creatura
3251 2640 3431 2696 omnis
3450 2637 3631 2705 sequi-

2056 2750 2165 2797 tur.
2202 2740 2295 2796 ιιω
2326 2739 2547 2795 fuerunt
2575 2748 2753 2796 sortes
2785 2736 2975 2802 Israel,
3009 2735 3117 2790 Deo
3151 2730 3463 2786 felicitatem
3493 2725 3630 2783 dila-

2058 2842 2226 2899 tnnte,
2262 2843 2314 2887 et
2347 2830 2495 2888 omni
2535 2831 2781 2887 molestia
2806 2831 3090 2885 liberante.

2129 3101 2320 3158 Sermo
2371 3099 2461 3155 hic
2503 3095 2720 3152 Christo
2770 3087 3034 3147 Salvatori
3088 3083 3326 3140 omnium
3381 3089 3625 3135 nostrum

2058 3195 2351 3266 aptabitur.
2383 3190 2518 3246 Nam
2556 3197 2686 3244 ante
2714 3198 2953 3253 tempora
2989 3180 3249 3235 adventus
3296 3174 3412 3245 ejus
3444 3171 3628 3228 ambu-

2054 3265 2298 3344 labamus
2316 3283 2686 3355 unusquisque
2707 3279 2862 3349 juxta
2888 3274 3171 3330 arbitrium
3226 3283 3407 3333 suum,
3452 3265 3621 3321 vitam

2054 3377 2318 3450 pecudum
2345 3384 2400 3430 et
2429 3389 2460 3429 a
2484 3373 2692 3428 ratione
2718 3365 3103 3423 alienissimam
3129 3362 3390 3420 viventes,
3433 3364 3490 3411 et
3513 3356 3624 3409 dat-

2055 3486 2273 3526 mouum
2305 3465 2587 3521 fraudibus
2613 3460 2805 3518 irrctiti
2834 3459 2901 3510 ³⁵.
2932 3456 3030 3510 Ast
3063 3451 3434 3518 ubicollnpsos
3490 3461 3625 3516 quo-

2051 3559 2365 3621 dammodo,
2394 3567 2449 3611 et
2489 3561 2809 3625 prostratos,
2845 3560 2901 3605 et
2956 3549 3056 3602 sub
3090 3543 3431 3597 inimirorum
3477 3536 3626 3609 pedi-

2051 3653 2154 3709 bus
2175 3652 2422 3718 iacentes
2443 3648 2730 3702 miseratus
2767 3653 2851 3698 est
2875 3640 3052 3703 Pater,
3086 3651 3192 3690 non
3222 3632 3454 3701 amplius
3483 3648 3502 3681 ι
3543 3627 3621 3685 fe-

2051 3749 2128 3803 cit
2153 3744 2309 3801 nobis
2369 3741 2664 3798 secundum
2702 3738 2816 3792 dies
2845 3735 3070 3806 priores.
3107 3750 3126 3784 ι
3158 3728 3320 3801 722
3343 3726 3457 3780 Non
3479 3722 3622 3777 enim

2055 3852 2245 3909 passus
2265 3846 2346 3889 est
2378 3848 2477 3887 nos
2508 3831 2645 3884 ultra
2676 3825 2977 3894 subjuguri,
3000 3831 3055 3875 et
3081 3816 3402 3909 subcrudeli
3438 3823 3625 3909 tyrant-

2052 3900 2122 3983 ito
2152 3928 2429 3997 degentes,
2453 3922 2518 3975 ad
2547 3919 2761 3989 quidvis
2797 3913 3228 3983 iudiguissinmm
3262 3903 3490 3967 abduci;
3531 3900 3624 4001 sed

2052 4033 2238 4090 pacem
2271 4015 2339 4069 de
2363 4014 2501 4069 cmlo
2536 4008 2851 4079 impertivit,
2906 4006 3008 4059 hoc
3060 4011 3144 4056 est
3185 3998 3621 4090 (Sinistrum-qui

2049 4084 2105 4166 et
2129 4109 2308 4164 omnis
2327 4105 2616 4160 fertilitatis
2628 4116 2747 4171 quae
2766 4107 2945 4152 mente
2967 4089 3441 4163 comprehenditur
3462 4084 3625 4138 uber-

2052 4213 2216 4260 tatem
2251 4200 2405 4257 nobis
2430 4196 2651 4265 largitus
2676 4205 2779 4249 est.
2810 4189 3014 4259 Repleti
3078 4185 3223 4239 cnim
3260 4196 3447 4236 sumus
3504 4176 3622 4231 fru-
3709 4177 3717 4185 ’

2054 4306 2237 4352 mento
2277 4304 2333 4348 et
2370 4293 2497 4345 vino
2519 4290 2605 4342 "z
2642 4297 2696 4341 et
2735 4284 2880 4340 dedit
2909 4282 3065 4336 nobis
3088 4293 3214 4331 vera
3234 4274 3362 4328 vitis
3391 4271 3463 4336 "',
3518 4269 3623 4324 hoc

2050 4400 2154 4457 est,
2191 4387 2442 4444 Christus
2465 4386 2696 4438 fructum
2729 4392 2884 4434 suum
2918 4374 3278 4428 la-tiﬂcnutem
3324 4382 3418 4422 cor
3451 4362 3625 4419 homi-

2051 4454 2170 4547 nis,
2198 4481 2338 4535 sicut
2370 4478 2633 4545 scriptum
2664 4483 2749 4528 est
2779 4471 2847 4524 ’⁸.
2888 4468 3012 4539 Ipse
3055 4470 3211 4519 estet
3241 4473 3465 4531 granum
3506 4454 3622 4547 fru-

371 4561 464 4615 τὸν
510 4560 872 4633 εὐφραίνοντα
916 4560 1146 4633 καρδίαν
1183 4561 1513 4633 ἀνθρώπου,
1564 4564 1705 4618 κατὰ
1748 4565 1812 4618 τὸ
1847 4582 1980 4634 γεοε

2055 4546 2216 4629 menti
2246 4571 2313 4638 ²⁹,
2345 4577 2401 4624 et
2433 4582 2589 4622 sacer
2621 4563 2955 4633 manipulus;
2982 4560 3094 4626 ipse
3135 4556 3312 4609 factus
3336 4558 3421 4605 est
3467 4546 3625 4603 nobis

370 4652 709 4723 γραμμένον.
744 4652 918 4716 Αὐτὸς
947 4651 1006 4705 δὲ
1040 4652 1279 4725 ὑπάρχει
1311 4653 1408 4707 καὶ
1444 4653 1474 4706 ὁ
1509 4654 1710 4719 κόκκος
1739 4655 1834 4710 τοῦ
1866 4657 1946 4710 σί-

2055 4665 2157 4719 vita
2196 4662 2265 4728 ³⁸,
2292 4659 2628 4727 reddiditque
2656 4651 3072 4710 ﬂorentissimos
3094 4643 3306 4702 caelesti
3365 4656 3488 4697 rore
3540 4640 3625 4695 in-

370 4761 485 4809 του,
511 4743 610 4797 καὶ
648 4741 712 4796 τὺ
751 4744 973 4815 δράγμα
1000 4744 1061 4798 τὸ
1090 4746 1234 4816 ἱερόν
1252 4760 1268 4777 ο
1295 4745 1456 4810 αὐτὸς
1494 4748 1628 4817 ἡμῖν
1655 4748 1944 4821 ἀπεφάνθη

2055 4754 2286 4818 ebriatis,
2327 4748 2678 4820 iutelligibili,
2712 4749 2952 4814 inquam,
2985 4753 3041 4797 et
3060 4737 3352 4810 spirituali,
3376 4734 3530 4805 cujus
3571 4741 3625 4787 et

370 4836 507 4908 ζωὴ,
539 4836 790 4904 ἀπέδειξε
810 4837 867 4891 δὲ
889 4840 986 4892 καὶ
1017 4836 1464 4906 εὐανθεστάτους,
1490 4841 1611 4904 ταῖς
1631 4838 1691 4906 ἐξ
1714 4840 1945 4912 οὐρανοῦ

2055 4846 2257 4901 divinus
2285 4843 2450 4899 David
2491 4841 2733 4896 meminit
2768 4857 2782 4894 :
2824 4857 2841 4889 ι
2886 4838 3041 4891 Sicut
3097 4851 3184 4891 ros
3224 4833 3481 4892 liertnon,
3528 4823 3620 4896 qui

374 4930 743 4983 καταπιαίνων
780 4927 1015 5000 δρόσοις,
1051 4927 1212 4999 δῆλον
1249 4926 1308 4981 δὲ
1334 4927 1418 4982 ότι
1446 4931 1567 4992 ταῖς
1597 4933 1814 5000 νοηταῖς
1851 4930 1946 4984 καὶ

2055 4937 2501 5005 descenditsupcr
2523 4943 2731 4987 ιιιοηιυε
2757 4932 2886 4985 Sion
2911 4926 3229 4983 3"”.ollmc
3260 4924 3418 4979 nobis
3453 4935 3483 4974 a
3514 4918 3624 4973 Deu

367 5016 455 5072 διὰ
497 5017 595 5072 τοῦ
632 5017 968 5089 πνεύματος,
1002 5011 1079 5073 ὧν
1122 5021 1220 5074 καὶ
1245 5019 1275 5073 ό
1304 5018 1594 5083 θεσπέσιος
1637 5020 1802 5075 Δασὶδ
1829 5021 1946 5076 δια-

2055 5046 2168 5083 surs
2201 5038 2252 5083 et
2290 5044 2417 5096 pars
2448 5027 2584 5082 bona
2626 5022 2875 5093 contigit,
2914 5033 3201 5096 postquam
3250 5014 3380 5069 facti
3436 5025 3623 5067 sumus

372 5110 665 5182 μέμνηται,
694 5111 866 5180 λέγων
885 5127 899 5142 ⁸
930 5131 948 5163 ι
971 5111 1060 5175 Ὦς
1105 5111 1297 5181 δρόσος
1340 5111 1587 5183 ’Δερμὼν
1615 5115 1648 5182 ἡ
1683 5114 1946 5166 καταῦαί-

2055 5118 2234 5180 Israel,
2262 5121 2361 5173 hoc
2379 5128 2482 5180 est,
2508 5131 2662 5171 ItICIIS
2706 5115 2872 5171 Deum
2924 5116 3154 5169 videns:
3210 5111 3263 5166 iu
3305 5107 3440 5164 Filio
3476 5104 3621 5160 enim

369 5221 458 5259 νου
472 5222 533 5257 τα
570 5205 666 5258 ἐπὶ
693 5205 765 5258 τά
787 5205 890 5276 ὅρη
920 5204 1083 5262 Σιών.
1118 5224 1138 5256 ι
1173 5204 1358 5258 Ταῦτα
1389 5203 1447 5257 δὲ
1476 5206 1610 5276 ἡμῖν
1654 5207 1712 5258 ὲν
1740 5205 1942 5276 κλήρου

2055 5211 2264 5265 Putrem
2297 5210 2527 5264 vidimus
2547 5210 2611 5265 ³³.

370 5299 536 5370 μοίρᾳ
561 5298 712 5370 παρά
738 5297 909 5358 Θεοῦ,
972 5298 1065 5352 καὶ
1132 5300 1292 5370 μερὶς
1321 5296 1523 5371 ἀγαθὴ,
1595 5298 1801 5353 ἐπείτοι
1844 5301 2149 5374 γεγόναμεν
2187 5303 2422 5375 Ἰσραὴλ,
2478 5302 2746 5366 τουτέστι,
2769 5299 2896 5365 νοῦς
2958 5300 3102 5371 ὀρῶν
3134 5295 3286 5351 Θεόν·
3314 5288 3625 5361 τεθεάμεθα

368 5391 477 5460 γὰρ
510 5390 570 5444 ὲν
602 5387 724 5461 Υίῷ
756 5390 850 5444 τδν
881 5389 1125 5462 Πατέρα.

439 5484 550 5539 Καὶ
585 5484 760 5540 ἔσται
797 5485 871 5540 ὃν
921 5488 1148 5555 τρόπον
1190 5481 1298 5557 ἦτε
1335 5487 1406 5541 ἐν
1445 5487 1671 5556 κατάρᾳ
1705 5488 1777 5543 ἐν
1817 5487 1932 5556 τοῖς

2122 5484 2287 5542 Vens.
2322 5483 2604 5541 15.Etcrit
2627 5485 2762 5536 sicut
2804 5481 2965 5535 eratis
3000 5481 3055 5534 in
3094 5478 3462 5534 maledictione
3489 5479 3626 5531 inter

368 5576 631 5641 ἔθνεσιν,
660 5578 695 5630 ὁ
716 5571 879 5645 οἶκος
918 5575 1106 5632 Ἰούδα
1127 5576 1226 5631 καὶ
1252 5572 1417 5643 οἶκος
1448 5576 1695 5647 Ἰσραὴλ
1714 5617 1729 5643 ,
1752 5576 1940 5643 οὕτως

2055 5589 2244 5649 gentes,
2272 5578 2458 5632 domus
2479 5576 2624 5631 Judu
2647 5589 2690 5630 ct
2715 5580 2901 5629 domus
2926 5571 3116 5637 Israel,
3144 5573 3221 5627 sic
3247 5571 3461 5627 sulttabo
3513 5586 3624 5637 vos,

439 5780 482 5808 "‘
509 5778 703 5845 Epht's.
730 5794 790 5837 It.
815 5780 867 5845 ‘2,
909 5780 964 5834 ’5.
1040 5779 1086 5811 ’⁸
1111 5778 1227 5834 Joe-
1254 5794 1315 5842 II,
1352 5781 1438 5836 i9.
1519 5783 1561 5813 ’⁷
1591 5781 1748 5837 Juutt.
1777 5798 1867 5847 xv,
1910 5785 1957 5837 Ι.

444 5848 601 5902 Jonu.
649 5865 722 5909 tu,
754 5849 843 5903 25.
922 5847 1205 5906 "'"l’sul.
1250 5866 1454 5909 cxxxu.
1495 5853 1546 5907 5.
1628 5854 1671 5884 ³³
1700 5854 1858 5908 Joun.
1895 5870 1980 5909 xiv

2055 5784 2076 5908 ἰ
2108 5782 2247 5839 I‘sul.
2269 5800 2384 5847 cm,
2431 5782 2522 5850 15;
2552 5781 2695 5837 Erci.
2730 5799 2812 5846 λι,
2845 5779 2934 5835 ‘20.
3018 5780 3061 5811 ²⁹
3090 5778 3243 5835 Joun.
3276 5794 3370 5846 xu,
3397 5776 3490 5849 25,
3522 5774 3621 5833 23.

1736 5872 1858 5908 eun.
1895 5870 2002 5921 xw,
2039 5870 2091 5909 υ.

368 5848 411 5878 ³⁸³
444 5848 601 5902 Junu.
649 5865 722 5917 xl,
754 5849 843 5903 ‘25.
922 5852 1039 5882 δ’δ’
1064 5847 1205 5906 l’snl.
1250 5866 1454 5917 CXXXII,
1495 5853 1546 5907 5.
