4072 6370
397 401 499 456 125

1424 394 1482 450 S.
1522 393 1798 450 CYRIILLI
1839 394 2315 453 ALEXANDN‘NI
2354 392 2673 451 ABL'HIEP.

3576 396 3676 452 124

390 530 437 573 ιι
458 516 604 569 eritis
630 514 683 564 in
708 508 1088 564 oeuedictione.
1116 506 1377 576 Conﬁdite
1411 520 1457 563 et
1503 508 1885 578 confortantini
1927 512 1973 563 in

2083 508 2364 562 διασώσω
2386 505 2564 575 ὑμᾶς,
2598 511 2698 562 καὶ
2737 509 2959 567 ἔσεσθε
2993 510 3062 563 ἐν
3090 510 3358 581 εὐλογίᾳ.
3391 514 3673 582 Θαρσεῖτε

392 605 638 660 munibus
662 602 867 653 vestris.

464 696 646 752 XLVI.
675 693 731 748 lu
768 689 1137 761 captivitatem
1165 690 1310 745 ducti
1343 688 1621 753 lsraelit:e,
1645 700 1697 744 et
1720 694 1984 745 victorum

393 791 581 859 iniqua
609 783 832 853 imperia
886 781 1248 852 perferentes,
1294 784 1461 837 etiam
1517 783 1797 837 maledicti
1856 793 1985 837 sunt

389 881 588 945 vocati,
630 876 942 932 dicenti-bus
999 874 1348 944 quibusdam,
1403 876 1544 943 quod
1606 890 1635 928 a
1697 890 1828 929 vero
1876 890 1981 928 non

388 975 669 1031 abhorret.
704 969 786 1023 Ne
834 966 968 1022 mihi
999 966 1284 1037 contingat
1314 969 1455 1037 quod
1482 965 1692 1024 lsraeli.
1752 966 1850 1022 Ubi
1886 984 1984 1021 au-

386 1077 493 1121 tcm
517 1080 613 1119 eos
664 1062 896 1118 salvavit
941 1062 1257 1118 misericors
1305 1061 1469 1129 Deus,
1519 1072 1575 1117 et
1635 1062 1688 1116 in
1750 1064 1980 1132 pristina

388 1162 526 1214 bona
552 1165 676 1213 sunt
715 1155 983 1224 restituti,
1027 1171 1151 1210 cum
1205 1155 1606 1211 calamitatibus
1669 1156 1981 1224 opinionem

387 1263 601 1321 quoque
630 1247 1041 1304 maledictorum
1074 1247 1276 1303 habere
1332 1248 1630 1303 desierunt.
1704 1249 1977 1305 Benedicti

386 1353 515 1397 sunt
537 1342 704 1407 enim,
733 1348 788 1396 et
813 1356 967 1411 teque
999 1349 1059 1395 ut
1082 1340 1211 1397 olim
1240 1341 1381 1396 beati
1404 1340 1762 1405 fuerunt,Deo
1791 1358 1982 1412 super-

388 1436 471 1488 nis
489 1433 646 1488 bonis
670 1432 1112 1497 eosoblectante,
1173 1440 1232 1488 et:
1282 1433 1450 1488 totius
1496 1433 1809 1488 securitatis
1836 1431 1981 1486 velut

387 1542 609 1595 campos
636 1525 767 1598 ipsis
805 1524 1108 1595 pandente.

464 1706 616 1772 Quod
647 1706 698 1759 in
724 1703 882 1760 nobis
909 1704 1040 1775 ipsis
1088 1718 1276 1759 verum
1327 1703 1683 1774 conspicitur.
1740 1703 1976 1759 Eranius

2087 601 2191 655 καὶ
2226 600 2584 669 κατισχύετε
2619 600 2689 654 ἐν
2716 601 2843 668 ταῖς
2873 601 3089 671 χερσίν
3115 602 3305 671 ὑμῶν.

2158 694 2309 760 ΜΕΓ.
2349 693 2699 763 Αίχμάλωτοι
2747 696 3033 763 γεγονότες
3079 696 3127 748 οἱ
3179 694 3239 760 ἐξ
3280 695 3531 766 Ἰσραὴλ,
3581 699 3663 750 καὶ

2083 789 2207 850 ταῖς
2232 785 2343 840 τῶν
2372 786 2607 840 ἑλόντων
2634 787 2973 854 πλεονεξίαις
3026 788 3433 860 ἐνειςλημμένοι,
3472 807 3657 862 κεχρη-

2088 878 2352 948 ματίκασι
2383 879 2477 930 καὶ
2512 878 2800 951 ἐπάρατοι,
2835 881 3159 950 φασκόντων
3196 881 3378 946 τινῶν,
3433 884 3574 938 κατά
3607 901 3667 950 γε

2083 970 2144 1023 τὸ
2177 970 2345 1033 εἰκός
2385 969 2542 1023 Οὕτω
2573 971 2649 1043 μὴ
2677 972 2939 1042 γενοίμην
2976 970 3050 1035 ὡς
3098 973 3125 1025 ὁ
3163 972 3404 1042 Ἰσραήλ.
3450 974 3666 1047 Ἐπειδὴ

2081 1061 2140 1115 δὲ
2170 1060 2377 1116 σέσωκέ
2427 1079 2487 1115 τε
2531 1063 2730 1127 αὐτοὺς
2771 1066 2799 1118 ὁ
2833 1063 3241 1135 φιλοικτίρμων
3280 1065 3433 1129 Θεὸς,
3479 1068 3573 1120 καὶ
3610 1069 3667 1120 ἐν

2081 1155 2195 1218 τοῖς
2237 1155 2485 1224 ἀρχαίοις
2518 1157 2808 1223 γεγόνασιν
2859 1156 3116 1225 ἀγαθοῖς,
3145 1158 3663 1230 ,συναποϐεὸλήκασι

2080 1248 2201 1311 ταῖς
2256 1250 2562 1319 συμφοραῖς
2605 1248 2700 1301 καὶ
2753 1247 2815 1301 τὸ
2860 1223 3039 1302 δοκεῖν
3080 1223 3219 1303 εἶναι
3269 1223 3659 1321 κατηραμένοι.

2082 1338 2427 1408 Ηὺλόγηνται
2458 1338 2597 1411 γὰρ,
2630 1340 2727 1392 καὶ
2756 1339 2912 1394 οὐδὲν
2950 1335 3115 1412 ἦττον
3151 1342 3408 1409 γεγόνασι
3433 1340 3662 1413 ζηλωτοὶ

2080 1430 2225 1486 καθά
2254 1430 2351 1485 καὶ
2382 1430 2579 1493 πάλαι,
2611 1429 2749 1484 Θεοῦ
2784 1431 3278 1504 κατευφραίνοντος
3308 1435 3422 1497 τοῖς
3458 1433 3663 1488 ἄνωθεν

2079 1519 2327 1590 ἀγαθοῖς,
2353 1522 2448 1575 καὶ
2479 1521 2697 1592 ἁπάσης
2726 1520 2910 1585 αὐτοῖς
2940 1519 3208 1592 εὐθυμίας
3230 1521 3533 1587 ἁπλοῦντος
3560 1524 3661 1595 τὴν

2083 1614 2321 1687 μέθεξιν.

2152 1706 2324 1762 Τοῦτο
2369 1708 2427 1761 δὲ
2477 1709 2610 1763 αὐτὸ
2663 1710 2767 1763 καὶ·
2803 1710 2889 1780 ἐφ’
2936 1709 3094 1779 ἡμῶν
3140 1709 3321 1763 αὐτῶν
3363 1709 3562 1781 ἀληθὲς
3603 1710 3663 1764 ὃν

390 1798 534 1849 enim
561 1795 852 1861 maledicti,
882 1794 1136 1865 gregibus
1186 1793 1491 1850 daemonum
1549 1794 1771 1859 subditi,
1802 1805 1857 1850 et
1911 1797 1973 1852 ad

2079 1802 2274 1871 δρᾶται
2306 1800 2494 1856 πάλιν.
2525 1797 2711 1872 Ἦμεν
2741 1801 2852 1874 γὰρ
2895 1802 3198 1874 ἐπάρατοι,
3243 1804 3363 1866 ταῖς
3400 1801 3509 1856 τῶν
3545 1802 3662 1856 δαι-

386 1903 549 1942 omne
580 1903 750 1957 genus
778 1887 1143 1959 improbitatis
1173 1886 1392 1942 illorum
1416 1887 1623 1943 scelere
1651 1887 1887 1944 devoluti
1906 1888 1972 1943 ³⁸.

2082 1867 2287 1963 μονίων
2335 1892 2563 1961 ἀγέλαις
2597 1867 3021 1965 δπεζευγμένοι,
3067 1894 3165 1949 καὶ
3208 1893 3344 1965 πρὸς
3375 1896 3485 1947 πᾶν
3521 1889 3666 1958 εἶδος

386 1986 485 2036 Ast
502 1982 590 2036 ubi
618 1982 780 2037 Deum
802 1982 1181 2038 universorum
1199 1979 1450 2052 opiﬁcem
1474 1982 1847 2052 cognovimus,
1870 1991 1922 2037 et
1944 1997 1975 2037 a

384 2072 606 2128 Christo
658 2073 861 2145 cogniti
915 2087 1128 2137 sumus,
1169 2081 1318 2139 tunc,
1375 2080 1504 2129 tunc
1550 2082 1777 2129 cantare
1832 2075 1973 2129 intra

389 2167 751 2235 nosmetipsos
781 2164 1069 2220 didicimus
1099 2180 1114 2219 :
1155 2181 1174 2217 ι
1215 2164 1495 2220 Benedicti
1524 2179 1624 2221 nos
1650 2180 1678 2219 a
1718 2164 1972 2231 Domino,

385 2259 477 2328 qui
517 2257 846 2313 fecitctelum
874 2265 930 2312 et
962 2266 1162 2314 terrain
1186 2257 1253 2311 ³⁵.
1294 2274 1314 2310 ο
1348 2255 1617 2325 Quoniam
1659 2268 1843 2315 autem
1905 2260 1973 2315 ad

386 2364 598 2408 tantum
642 2353 904 2411 honorem
962 2360 1018 2407 et
1074 2351 1306 2423 gloriam
1358 2352 1539 2407 vocati
1575 2367 1783 2416 sumus,
1817 2354 1973 2410 bouis

382 2444 643 2513 operibus
665 2457 887 2512 operam
914 2442 1047 2497 dare
1068 2457 1166 2497 nos
1191 2455 1413 2499 necesse
1428 2450 1533 2508 est,
1570 2452 1625 2498 et
1659 2442 1973 2499 aﬂ'ectiuucs

384 2539 605 2593 vitiosas
637 2536 865 2591 viriliter
892 2534 1189 2600 debellare,
1251 2545 1307 2592 et
1348 2545 1636 2607 peccatum
1670 2537 1968 2603 exsecrari,

381 2630 507 2684 etin
553 2626 882 2698 evangelicis
923 2627 1134 2695 legibus
1194 2628 1478 2684 servandis
1510 2629 1798 2695 excellere,
1826 2639 1880 2685 et
1904 2630 1970 2684 ad

385 2722 436 2775 id
470 2722 612 2792 quod
658 2722 763 2777 Deo
786 2733 995 2791 gratum
1024 2729 1107 2775 cst
1144 2722 1245 2776 rite
1268 2720 1608 2778 elﬁciendum
1631 2722 1967 2780 incumbere.

383 2814 703 2867 Audivimus
728 2814 872 2867 enim
904 2813 1299 2869 acclamantem
1337 2814 1515 2878 nobis,
1564 2815 1725 2886 723
1767 2834 1786 2867 ι
1819 2815 1973 2870 Con-

383 2909 531 2962 liilite
562 2916 615 2961 et
662 2907 1040 2961 conl'ortamiui
1069 2906 1120 2961 in
1175 2907 1426 2962 manilius
1465 2910 1684 2963 vestris.
1722 2928 1740 2960 ι
1773 2908 1966 2979 Advpti

384 3017 545 3068 porro
563 3016 747 3054 Sllllllls
769 3017 797 3051 a
823 2998 1062 3064 Christo,
1092 3010 1146 3052 ut
1170 2999 1448 3055 conlidere
1472 2998 1809 3055 debeamus:
1841 3001 1969 3054 vicit

381 3093 526 3145 enim
563 3109 660 3163 pro
689 3094 845 3147 nobis
879 3093 1135 3146 mundum
1162 3092 1231 3157 ³⁸,
1279 3102 1335 3147 ct
1386 3093 1729 3147 cuneulcavit
1758 3093 1966 3155 hostes,

382 3195 437 3237 et
471 3184 725 3253 templum
753 3200 907 3239 suum
940 3199 970 3237 a
998 3193 1175 3237 morte
1210 3183 1472 3238 invictum
1506 3185 1764 3250 ostendit,
1790 3196 1840 3236 ιιι
1864 3186 1969 3237 ἰιιῑ-
1997 3216 2040 3273 C

381 3275 680 3344 quilalisus
701 3274 997 3338 obturavit,
1024 3284 1083 3329 ut
1110 3282 1166 3330 et
1197 3290 1295 3328 nos
1319 3274 1371 3327 in
1407 3275 1490 3329 hi‘s
1512 3274 1880 3329 clarescamus
1896 3274 1967 3328 ³⁷.

386 3368 528 3422 Vicit
561 3369 727 3432 enim,
768 3378 826 3420 ut
894 3366 1026 3434 dixi,
1058 3382 1162 3420 non
1226 3366 1352 3429 sibi,
1382 3367 1476 3421 scd
1534 3366 1968 3434 uobisinlirmis,

383 3462 579 3530 quibus
610 3462 746 3514 bona
772 3459 1010 3514 victoria:
1036 3474 1148 3515 suae
1179 3459 1538 3530 comparavit.

463 3736 623 3790 Vens.
662 3736 863 3803 14,15.
903 3735 1043 3801 Quia
1069 3736 1182 3791 Itale
1223 3737 1353 3791 dicit
1410 3736 1671 3791 Dominus
1729 3739 1968 3807 omnipo-

383 3840 533 3886 tens:
562 3829 959 3899 Sicutcogitavi
994 3838 1047 3882 ut
1084 3830 1361 3900 a/ﬂigerem
1388 3846 1497 3892 vos,
1533 3845 1651 3882 cum
1684 3846 1970 3899 provocas-

382 3931 496 3973 sent
527 3920 595 3972 ad
625 3920 762 3973 iram
782 3937 862 3973 me
887 3929 1059 3986 patres
1085 3920 1261 3986 vestri,
1299 3920 1429 3974 dicit
1484 3918 1741 3974 Dominus
1796 3924 1971 3975 omni-

381 4026 581 4078 potens.
611 4022 784 4064 etnon
818 4027 899 4065 me
915 4014 1151 4079 paenituit
1173 4030 1192 4078 ;
1214 4013 1288 4066 sic
1320 4023 1537 4078 paratus
1583 4030 1722 4076 sum,
1750 4024 1796 4068 et
1829 4016 1967 4082 cogi-

382 4103 489 4155 tavi
520 4103 571 4154 in
592 4102 770 4155 diebus
796 4102 934 4165 istis,
967 4112 1024 4156 ut
1057 4104 1380 4158 benefaciam
1442 4105 1742 4160 Jerusalem
1798 4119 1845 4162 et
1871 4109 1970 4163 do-

384 4197 497 4248 umi
525 4194 693 4249 Juda.
724 4193 1011 4266 Conﬁdite.

459 4372 659 4428 XLVII.
720 4373 929 4430 Divinis
984 4375 1228 4433 consiliis
1274 4376 1409 4434 nihil
1463 4393 1624 4449 posse
1667 4381 1967 4447 obsistere,

384 4482 600 4520 rursum
622 4466 786 4522 etiam
816 4483 883 4522 ex
909 4467 996 4523 liis
1028 4467 1218 4538 liquet.
1250 4469 1405 4538 Quod
1436 4472 1583 4526 enim
1610 4472 1753 4530 Deus
1778 4475 1971 4529 decre»

2079 1983 2419 2056 φαυλότητος
2445 1984 2534 2041 διὰ
2568 1986 2667 2057 τῆς
2712 1985 2938 2039 ἐκείνων
2974 1985 3306 2058 δυστροπίας
3331 2002 3663 2056 κατενηνεγ-

2080 2074 2255 2145 μένοι.
2294 2074 2514 2148 Ἐπειδὴ
2559 2075 2618 2129 δὲ
2665 2074 2801 2130 Θεὸν
2847 2076 3170 2148 ἐγνώκαμεν
3219 2077 3312 2133 τὸν
3362 2076 3473 2131 τῶν
3522 2076 3661 2130 ὅλων

2079 2163 2443 2237 δημιουργὸν,
2489 2164 2584 2220 καὶ
2628 2164 2987 2238 ἐγνώσθημεν
3028 2167 3108 2239 τῷ
3147 2167 3392 2239 Χριστῷ,
3420 2167 3541 2221 τότε
3571 2167 3658 2237 δὴ,

2073 2255 2199 2310 τότε
2227 2257 2323 2309 καὶ
2350 2255 2688 2327 ἀναμέλπειν
2720 2257 2807 2325 ἐφ’
2832 2257 3046 2321 ἑαυτοῖς
3078 2256 3463 2328 δεδιδάγμεθα·
3508 2276 3526 2308 ι
3559 2257 3663 2309 Εὑ-

2074 2346 2368 2420 λογημένοι
2406 2349 2568 2419 ἡμεῖς
2597 2346 2678 2419 τῷ
2723 2348 2914 2420 Κυρίῳ
2942 2348 3020 2420 τῷ
3052 2349 3343 2421 ποιήσαντι
3372 2348 3465 2402 τὸν
3497 2350 3661 2421 οὐρα-

2073 2438 2164 2493 νὸν
2198 2440 2295 2493 καὶ
2322 2440 2421 2511 τὴν
2455 2440 2582 2509 γῆν.
2615 2459 2633 2490 ι
2682 2440 2902 2512 Ἐπειδὴ
2940 2440 2999 2493 δὲ
3031 2441 3111 2503 είς
3142 2440 3302 2494 τοῦτο
3345 2440 3659 2513 κεκλήμεθα

2072 2528 2240 2599 τιμῆς
2284 2544 2345 2581 τε
2374 2530 2470 2583 καὶ
2500 2529 2689 2600 δόξης,
2723 2529 3000 2601 φιλεργεῖν
3034 2530 3358 2599 ἀναγκαῖον,
3390 2531 3484 2585 καὶ
3528 2548 3660 2587 κατ-

2074 2621 2431 2694 ανδρίζεσθαι
2459 2623 2569 2677 τῶν
2600 2622 2810 2687 παθῶν,
2840 2623 2933 2676 καὶ
2962 2622 3240 2695 στυγητὴν
3268 2622 3541 2677 ποιεῖσθαι
3561 2625 3661 2694 τὴν

2075 2714 2372 2786 ἁμαρτίαν,
2407 2716 2503 2768 καὶ
2531 2718 2646 2777 τοῖς
2685 2714 3068 2784 εὐαγγελικοῖς
3106 2715 3415 2787 ἐμπρέπειν
3446 2718 3656 2786 νόμοις,

2074 2807 2171 2861 καὶ
2225 2807 2548 2876 ἐπείγεσθαι
2614 2807 2916 2879 κατορθοῦν
2972 2808 3037 2860 τὸ
3088 2808 3326 2879 ἀρέσκον
3379 2808 3459 2879 τῷ
3518 2808 3661 2879 Θεῷ.

2085 2900 2428 2971 Ἀκηκόαμεν
2458 2900 2567 2971 γὰρ
2600 2899 2999 2970 ἐπιφωνοῦντος
3031 2900 3184 2971 ἡμῖν·
3213 2919 3232 2953 ι
3252 2900 3521 2972 Θαρσεῖτε
3563 2901 3657 2965 καὶ

2073 2991 2397 3064 κατισχύετε
2432 2994 2491 3046 ἐν
2530 2995 2651 3057 ταῖς
2699 2992 2886 3063 χερσῖν
2923 2991 3100 3063 ὑμῶν.
3141 3012 3161 3045 ι
3215 2993 3563 3065 Ἐσχήκαμεν
3602 2993 3662 3050 ἃ

2073 3085 2227 3156 παρὰ
2275 3086 2516 3157 Χριστοῦ
2571 3086 2633 3140 τὸ
2676 3085 2878 3158 χρῆναι
2935 3086 3194 3157 θαρσεῖν⁸
3253 3086 3505 3158 νενίκηκε
3551 3086 3617 3155 γΞν

2075 3175 2216 3247 ὑπὲρ
2243 3178 2277 3247 ἡ
2287 3175 2405 3246 μῶν
2433 3174 2525 3229 τὸν
2560 3174 2786 3247 κόσμον,
2813 3175 2908 3229 κα)⁵
2933 3175 3533 3247 πεπάτηκενηέχθροὺς,
3567 3178 3661 3230 καὶ

2077 3268 2309 3323 θανάτου
2360 3268 2648 3339 κρείττονα
2692 3269 2784 3323 τὸν
2815 3271 3016 3323 οἰκεῖον
3052 3269 3224 3337 ἔδειξε
3261 3268 3410 3334 ναὸν,
3459 3269 3555 3323 καὶ
3599 3270 3661 3322 τὸ

2072 3362 2172 3434 τῆς
2199 3362 2433 3434 ἀνομίας
2462 3361 2726 3434 ἐνέφραξε
2754 3362 2951 3434 στόμα,
2975 3363 3063 3416 ἵνα
3090 3362 3187 3417 καὶ
3209 3364 3373 3435 ἡμεῖς
3402 3363 3473 3417 δι’
3493 3363 3659 3417 αὑτὸν

2073 3455 2133 3507 ἐν
2173 3454 2386 3518 τούτοις
2420 3454 2824 3526 εὐδοκιμῶμεν.
2874 3454 3153 3526 Νενίκηκε
3198 3453 3330 3527 γὰρ,
3380 3454 3459 3519 ὡς
3500 3455 3656 3528 ἔφην,

2071 3545 2172 3617 οὐχ
2197 3544 2377 3617 ἐαυτῷ
2406 3545 2629 3616 μᾶλλον,
2655 3546 2769 3599 ἀλλ’
2800 3546 2932 3617 ἡμῖν
2955 3548 3068 3612 τοῖς
3101 3544 3457 3618 ἠσθενηκόσι,
3491 3545 3561 3601 τὰ
3592 3547 3658 3602 ἐκ

2072 3635 2167 3690 τοῦ
2197 3636 2419 3707 νικῆσαι
2448 3634 2734 3706 κατορθῶν
2769 3635 2972 3705 ἀγαθά.

2142 3728 2300 3783 Διότι
2326 3727 2465 3782 τάδε
2491 3729 2656 3798 λέγει
2676 3729 2894 3797 Κύριος
2926 3729 3371 3799 παντοκράτωρ⁹
3398 3730 3507 3785 Ὃν
3528 3730 3660 3799 τρό-

2072 3838 2192 3877 πον
2223 3822 2546 3891 διενοήθην
2596 3822 2703 3877 τοῦ
2736 3819 3006 3878 κακῶσαι
3048 3821 3224 3891 ὑμᾶς,
3268 3822 3339 3876 ἐν
3385 3822 3466 3889 τῷ
3505 3839 3658 3893 παρ-

2072 3916 2311 3985 οργίσαι
2366 3932 2444 3984 με
2496 3913 2640 3980 τοὺς
2684 3915 2944 3983 πατέρας
2984 3913 3182 3983 ὑμῶν,
3235 3914 3400 3985 λέγει
3443 3916 3661 3983 Κύριος

2073 4006 2495 4074 παντοκράτωρ
2514 4048 2527 4069 ,
2560 4007 2656 4059 καὶ
2684 4008 2756 4060 οὺ
2785 4006 3127 4076 μετενόησα
3146 4021 3159 4036 ·
3200 4006 3355 4061 οὕτω
3399 4007 3656 4076 παρατέ-

2073 4111 2285 4167 ταγμαι
2318 4098 2417 4150 καὶ
2462 4098 2846 4167 διανενόημαι
2869 4098 2939 4151 ἐν
2968 4097 3091 4165 ταῖς
3121 4099 3371 4169 ἡμέραις
3388 4101 3654 4167 ταύταις,

2074 4190 2181 4245 τοῦ
2224 4189 2428 4256 καλῶς
2475 4191 2729 4259 ποιῆσαι
2780 4190 2898 4260 τὴν
2950 4191 3350 4264 Ἰερουσαλὴμ
3398 4193 3498 4247 καί
3550 4193 3659 4249 τὸν

2075 4279 2248 4337 οἶκον
2286 4284 2503 4338 Ἰούδα.
2543 4283 2845 4352 Θαρσεῖτε.

2145 4377 2277 4431 ΜΖ’.
2314 4376 2437 4431 ’Ότι
2466 4378 2588 4439 ταῖς
2629 4376 2802 4439 θείαις
2847 4375 3064 4447 βουλαῖς
3092 4376 3156 4430 τὸ
3188 4376 3539 4431 ἁντιστατοῦν
3565 4376 3657 4429 0'5-

2072 4466 2180 4532 δέν,
2218 4468 2328 4521 κάκ
2366 4467 2535 4520 τῶνδε
2583 4467 2646 4538 δὴ
2682 4468 2846 4521 πάλιν
2892 4469 3080 4539 ἐφίησι
3136 4471 3297 4521 νοεῖν.
3334 4470 3400 4521 ὐ
3443 4468 3551 4538 γὰρ
3589 4467 3657 4521 ἂν
3728 4515 3740 4523 .

386 4557 562 4622 verit,
630 4566 686 4613 et
741 4558 981 4615 voluerit
1065 4560 1295 4629 facere,
1353 4563 1405 4619 id
1465 4565 1711 4637 profecto
1812 4583 1967 4639 pror-

2076 4560 2425 4632 βουλεύσαιτο
2478 4559 2609 4624 Θεὸς
2635 4600 2649 4623 ,
2698 4562 2792 4615 καὶ
2839 4561 3015 4615 ἐλοιτο
3059 4561 3323 4633 πληροῦν,
3380 4562 3542 4639 τοῦτο
3586 4562 3652 4631 δὴ

379 4665 476 4703 sus
532 4649 769 4704 eveniet.
805 4650 900 4705 Sic
962 4650 1109 4705 enim
1174 4667 1270 4721 per
1299 4651 1493 4709 Isaiam
1560 4655 1816 4726 loquitur,
1878 4674 1973 4712 na-

383 4754 518 4795 tura-
556 4757 669 4797 suae
719 4742 866 4798 vires
922 4743 1328 4813 potentissimas
1375 4746 1759 4804 demonstrans
1799 4767 1811 4803 :
1846 4768 1866 4801 ι
1908 4749 1973 4805 Ει

381 4836 493 4888 dixi
527 4851 539 4887 :
586 4834 761 4891 Omne
784 4835 1071 4891 consilium
1104 4851 1283 4891 meum
1317 4838 1503 4901 stabit,
1531 4846 1586 4893 et
1613 4840 1794 4895 omnia
1826 4857 1972 4912 qua:-

379 4945 595 4999 cunque
625 4928 855 5000 cogitavi
888 4929 1082 4985 l'aciam
1113 4928 1181 4986 ³⁸.
1217 4948 1236 4983 ι
1291 4928 1559 4998 Quocirca
1606 4948 1673 4987 ex
1723 4932 1790 4988 iis
1850 4949 1971 5002 quze

387 5023 529 5090 ipsos
560 5022 739 5076 divina
792 5021 872 5076 ira
914 5022 1172 5078 saeviente
1216 5023 1426 5093 perpeti
1477 5025 1725 5094 contigit,
1754 5040 1823 5081 ex
1884 5026 1969 5080 his

386 5114 535 5184 ipsis,
566 5114 806 5183 inquam,
843 5114 1187 5184 apertissime
1236 5114 1362 5170 licet
1423 5115 1742 5187 intelligere,
1802 5117 1966 5172 etiam

382 5202 587 5259 laetitiae
618 5204 760 5259 viam
793 5204 876 5260 eis
899 5204 1136 5269 dilatari,
1169 5207 1387 5262 volente
1427 5205 1539 5262 Dco
1574 5215 1631 5262 et
1655 5206 1966 5263 felicitatem

386 5297 829 5370 imlulgente,imo
849 5316 916 5355 ex
942 5300 1276 5370 benignitate
1305 5318 1403 5357 sua
1428 5304 1680 5372 cupiente
1713 5305 1889 5371 Potius
1913 5313 1971 5359 ut

383 5391 633 5446 munibus
673 5392 830 5448 bonis
876 5391 1200 5449 redundent.
1262 5394 1724 5461 Quemadmodum
1799 5402 1968 5462 cnim,

386 5480 582 5551 inquit,
615 5482 884 5540 volentem
927 5500 1022 5539 vos
1058 5484 1297 5557 allligere
1319 5498 1539 5557 propter
1574 5488 1739 5542 multa
1777 5504 1972 5558 pecca-

386 5582 442 5628 ta
478 5584 659 5630 vestra
708 5576 840 5632 nihil
891 5578 1177 5634 cohibuit:
1230 5580 1304 5635 ila
1361 5590 1419 5635 et
1468 5582 1603 5635 bona
1637 5582 1971 5651 cugitautict

382 5664 519 5722 Satis
555 5664 781 5722 alilictos
836 5667 1207 5725 misericordia
1266 5671 1521 5741 prosequi
1582 5672 1779 5726 volenti
1838 5672 1968 5727 nihil

458 5845 508 5880 "
537 5847 573 5905 ll
609 5847 749 5906 Pctr.
791 5868 851 5921 ιι,
892 5853 1071 5922 ιλιι.
1152 5853 1193 5885 ³⁵
1218 5854 1361 5910 Paul.
1395 5869 1545 5919 cum,
1580 5856 1655 5909 iii.

1744 5853 1964 5911 "lusu.
2007 5871 2111 5921 m,
2147 5855 2235 5910 '53.
2318 5858 2355 5887 37
2402 5855 2543 5911 Psal.
2582 5871 2689 5924 οη,
2736 5857 2769 5910 2
2799 5872 2948 5926 seqq.

2075 4653 2295 4717 πάντως
2320 4652 2634 4722 ἐκϐήσεται.
2670 4652 2826 4707 Οὕτω
2852 4670 2957 4706 που
2986 4653 3082 4708 καὶ
3108 4654 3195 4708 διὰ
3217 4655 3399 4725 φωνῆς
3429 4638 3651 4708 Ἡσαΐου

2072 4746 2229 4817 φησὶ,
2277 4746 2379 4817 τῆς
2419 4746 2585 4801 αὐτοῦ
2627 4746 2843 4815 φύσεως
2888 4745 2950 4800 τὸ
2990 4746 3268 4810 παναλκές
3313 4745 3650 4815 ἀποφαίνωνο

2077 4860 2096 4893 ι
2126 4839 2238 4894 Καὶ
2271 4834 2431 4892 εἶπαο
2490 4859 2507 4890 ι
2542 4838 2702 4893 [ἰᾶσὰ
2754 4854 2859 4909 μου
2906 4838 2940 4910 ἠ
2993 4837 3160 4911 βουλὴ
3223 4839 3501 4909 στήσεται,
3561 4831 3655 4893 καὶ

2071 4930 2253 4987 πάντα
2294 4931 2396 4985 ὅσα
2450 4928 2811 5001 βεσούλευμαι
2852 4931 3088 5000 ποιήσω.
3142 4947 3161 4982 ι
3216 4929 3425 4985 Οὐκοῦν
3471 4928 3532 4995 ἐξ
3578 4923 3655 4984 ὧν

2078 5024 2277 5095 συνέση
2306 5023 2501 5078 παθεῖν
2537 5023 2738 5087 αὐτοὺς
2766 5023 3215 5095 ἐπενηνεγμένης
3252 5025 3352 5087 τῆς
3384 5021 3534 5087 θείας
3562 5021 3652 5093 ὀρ-

2076 5117 2201 5189 γῆς,
2236 5117 2302 5170 ἐκ
2337 5115 2544 5170 τούτων
2588 5116 2769 5170 αὐτῶν
2812 5115 3075 5179 συνιέναι,
3126 5115 3222 5169 καὶ
3262 5113 3409 5185 μάλα
3448 5112 3650 5183 σαφῶς.

2076 5208 2246 5275 ἔστιν,
2284 5206 2366 5261 ὃτι
2395 5207 2491 5262 καὶ
2534 5208 2568 5279 ἡ
2599 5207 2701 5279 τῆς
2738 5205 3002 5277 εὐθυμίας
3035 5205 3221 5268 αὐτοῖς
3263 5203 3653 5276 κατευρύνεται

2067 5300 2256 5372 τρίϐος
2286 5298 2562 5363 ἐθέλοντός
2607 5315 2669 5368 γε
2696 5297 2861 5353 αὐτοῦ
2904 5297 3001 5351 καὶ
3044 5297 3291 5367 ἐφιέντος
3336 5296 3650 5367 εὐημερεῖν,

2074 5393 2277 5462 μᾶλλον
2306 5392 2365 5447 δὲ
2405 5393 2500 5446 καὶ
2546 5392 2834 5464 ὀρέγοντος
2872 5390 3257 5461 φιλανθρωπία
3305 5388 3368 5441 τὸ
3406 5390 3463 5441 ἐν
3493 5390 3655 5441 παντὶ

2071 5486 2271 5559 χρῆναι
2313 5486 2569 5555 γενέσθαι
2620 5485 2793 5557 καλῷ.
2832 5487 3046 5556 Ὥσπερ
3084 5484 3215 5555 γὰρ,
3249 5483 3403 5554 φησὶ,
3452 5481 3655 5537 κακοῦν

2072 5578 2219 5650 ὑμᾶς
2247 5579 2501 5634 ἐθέλοντα
2527 5579 2619 5633 διὰ
2654 5580 2857 5652 πολλὴν
2889 5579 3166 5651 ἁμαρτίαν
3194 5576 3457 5648 ἅπεῖρξεν
3481 5575 3654 5629 οὐδέν·

2072 5672 2217 5727 οὕτω
2252 5674 2348 5727 καὶ
2397 5673 2612 5746 χρηστὰ
2661 5672 3075 5745 βουλευομένῳ,
3114 5672 3209 5726 καὶ
3256 5668 3662 5741 κατοικτείρει*

3028 5856 3069 5887 ³⁵
3096 5854 3197 5910 lsa.
3236 5869 3381 5920 xw,
3428 5850 3517 5907 Ιθ.
