4072 6370
438 427 541 485 ιιι.

1286 436 1844 495 COMMENTARIUS
1884 439 1950 495 IN
1995 440 2395 498 ZACIIARIAM
2439 432 2884 503 PROPIIETAM.

437 542 675 597 ἐθέλοντι
735 544 1070 611 πεπονθότας
1136 546 1449 617 ἀρκούντως
1532 551 1684 604 οὐδὲν
1749 551 1902 605 ἔσται
1956 553 2051 613 τὸ,

2135 556 2227 608 erit
2276 556 2679 626 impedimento.
2728 576 2747 610 ι
2782 558 3009 615 Paratus
3037 574 3155 616 sum
3207 561 3353 619 enim
3383 564 3704 623 benefacere

438 625 713 705 ἐμποδώνξ
741 654 760 689 ι
797 638 1229 709 Παρατέταγμαι
1259 640 1369 711 γὰρ
1417 638 1476 695 εὖ
1522 643 1744 712 ποιῆσαι
1786 644 1884 715 τὴν
1925 644 2021 698 Ἰε-

443 726 725 798 ρουσαλὴμ
772 728 868 781 καὶ
917 730 1008 782 τὸν
1068 726 1217 783 οἷκον
1257 732 1445 785 Ἰούδα.
1498 751 1517 785 ι
1580 736 1918 808 Ἐμφαντικὴ
1963 736 2020 790 δὲ

448 818 562 871 λίαν
609 821 642 890 ἡ
688 819 854 886 λέξις.
899 822 974 875 υύ
1014 823 1120 894 γάρ
1168 823 1273 896 ἔφη
1318 825 1498 892 μόνον,
1537 828 1618 880 ὅτι
1648 827 2020 899 Βεσούλευμαι

447 910 532 962 καὶ
591 910 944 984 διανενόημαι
992 915 1193 986 τυχὸν,
1245 917 1361 971 ἀλλ’
1411 920 1491 982 εἰς
1533 918 1694 974 τοῦτο
1749 922 2021 993 προῆλθον

456 999 670 1071 γνώμης
726 1002 821 1056 καὶ
869 1007 966 1075 τῆς
1008 1006 1092 1074 ἐφ’
1137 1007 1267 1077 ὑμῖν
1316 1009 1676 1081 ἡμερότητος,
1728 1010 1869 1065 ὥστε
1931 1015 2024 1068 καὶ

448 1091 900 1165 παρατέταγμαι·
934 1096 1093 1150 τοῦτο
1134 1097 1193 1151 δέ
1237 1100 1353 1152 ἑστι
1389 1101 1635 1172 σκέψεως
1666 1104 1883 1156 ἑντόνου
1919 1107 2025 1176 μή·

451 1201 597 1247 νυσις
632 1186 893 1258 ἐναργής.
924 1189 1379 1262 Κατασφραγίζει
1405 1193 1462 1246 δὲ
1493 1194 1594 1266 τὴν
1622 1196 1917 1267 ὑπόσχεσιν
1944 1200 2025 1262 είς

449 1275 728 1346 ἀλήθειαν,
752 1280 814 1331 τὸ
846 1299 864 1332 ι
894 1279 1158 1352 Θαρσεῖτε
1194 1301 1212 1335 ι
1259 1286 1594 1356 προστιθείς.

522 1365 677 1421 Οὖτω
709 1370 802 1423 καὶ
835 1372 982 1441 ἡμᾶς
1013 1374 1210 1439 αὐτοὺς
1245 1375 1334 1430 διά
1360 1378 1459 1448 τῆς
1487 1378 1728 1444 πίστεως
1756 1380 2027 1454 κεκλημέ-

451 1475 575 1522 νους
608 1460 686 1522 εἰς
719 1462 1012 1531 ἐπίγνωσιν
1040 1465 1301 1536 ἀληθείας
1360 1470 1720 1541 ἀσφαλίζεται
1768 1474 2024 1544 Χριστός.

454 1550 664 1622 Ὥσπερ
702 1553 811 1623 γὰρ
846 1558 951 1627 πρὸ
981 1556 1084 1627 τῆς
1114 1558 1359 1628 κλήσεως
1395 1561 1533 1631 πρὸς
1563 1565 1672 1616 πᾶν
1711 1560 1851 1629 εἶδος
1884 1584 2025 1636 φαυ-

452 1638 671 1709 λότητος
700 1643 1198 1717 κατωλισθηκότας,
1228 1650 1580 1720 παραδέδωκε
1614 1654 1713 1725 μὲν
1746 1657 1827 1718 εἰς
1854 1656 2031 1711 ἀδόκι-

457 1747 554 1799 μον
586 1732 730 1797 νοῦν,
767 1736 1017 1790 ἐκάκωσε
1043 1738 1099 1792 δὲ
1125 1740 1194 1794 δί’
1223 1742 1598 1814 ἀκαθαρσίανο
1645 1744 1791 1801 οὕτω
1832 1750 1926 1802 καὶ
1968 1750 2027 1803 ἑν

450 1824 573 1885 ταῖς
598 1824 832 1895 ἡμέραις
860 1828 1087 1893 ταύταις
1110 1829 1361 1904 διενοήθη
1387 1851 1445 1887 τε
1478 1838 1573 1889 καὶ
1594 1838 2025 1910 παρατέτακται,

2125 644 2425 703 Jerusalem
2459 659 2515 704 et
2535 650 2715 706 domui
2738 648 2896 709 Juda.
2937 668 2958 705 ι
2991 651 3178 723 Magna
3211 664 3296 710 est
3330 656 3382 710 in
3434 671 3567 713 voce
3590 673 3705 714 emo

2124 739 2327 812 phasis.
2366 739 2482 795 Non
2509 742 2654 796 enim
2704 750 2914 796 tantum
2973 743 3071 808 ait,
3105 752 3259 814 puta,
3303 744 3611 803 Deliberavi
3651 758 3708 804 et

2124 831 2377 902 cogitavi,
2410 832 2503 886 sed
2527 846 2592 887 eo
2621 834 2859 903 processi
2885 835 3178 891 voluntatis
3222 844 3278 891 et
3330 839 3706 895 mansuetudi-

2126 924 2207 978 nis
2244 939 2371 995 erga
2407 939 2522 992 vos,
2552 937 2610 980 ut
2633 934 2688 981 et
2721 942 2806 983 me
2845 929 3170 997 paraverim,
3196 944 3290 986 seu
3330 930 3705 998 instruxerim,

2125 1029 2246 1085 qua:
2266 1026 2351 1071 est
2385 1016 2608 1071 intenta!
2628 1019 3106 1074 commentationis
3162 1020 3386 1077 minime
3440 1022 3606 1077 dubia
3638 1023 3706 1077 si-

2125 1108 2425 1179 gnificatio.
2460 1108 2722 1179 Obsignat
2750 1121 2931 1166 autem
2970 1111 3345 1181 promissionis
3396 1113 3706 1178 veritatem,

2126 1199 2454 1269 adjiciendo,
2487 1217 2507 1252 ι
2537 1198 2829 1256 Confidite.
2870 1220 2889 1247 ς

2199 1381 2293 1435 δίο
2318 1389 2374 1435 et
2397 1394 2500 1437 nos
2531 1380 2677 1450 ipsos
2697 1394 2796 1451 per
2827 1379 2985 1436 ﬁdem
3011 1389 3234 1437 vocatos
3287 1380 3343 1436 in
3376 1381 3705 1452 agnitionem

2129 1471 2375 1529 veritatis
2403 1486 2627 1527 securos
2648 1471 2823 1527 reddit
2879 1472 3147 1528 Christus.
3206 1471 3361 1529 Sicut
3383 1472 3527 1527 enim
3580 1484 3710 1528 ante

2129 1567 2467 1622 vocationem
2526 1567 2580 1622 in
2628 1581 2789 1622 omne
2821 1581 2992 1638 genus
3036 1568 3286 1624 vitiorum
3348 1565 3599 1637 delapsos
3651 1566 3706 1621 in

2132 1659 2417 1729 reprobum
2444 1673 2662 1714 sensum
2692 1660 2911 1715 tradidit
2928 1660 2992 1723 ”,
3008 1669 3062 1714 et
3077 1668 3297 1730 propter
3312 1658 3707 1715 immunditiam

2132 1751 2252 1806 dire
2272 1749 2551 1806 multavit:
2571 1750 2652 1807 sic
2667 1761 2721 1807 et
2743 1751 2796 1806 in
2815 1750 3006 1806 diebus
3030 1751 3146 1805 istis
3168 1750 3491 1819 cogitavitet
3509 1750 3711 1805 instru-

2132 1856 2251 1900 ctus
2278 1854 2381 1911 est,
2407 1854 2465 1899 ut
2489 1844 2566 1899 ait
2597 1844 2731 1915 ipse,
2766 1853 2824 1897 ut
2850 1844 3151 1899 benefaciat
3177 1842 3430 1899 Ecclesia:
3453 1853 3509 1897 et
3527 1842 3708 1897 domui

454 1912 596 1967 καθά
642 1932 809 1985 φησιν
849 1918 1045 1987 αὐτὸς,
1084 1923 1164 1986 εἷς
1204 1939 1269 1992 γε
1302 1925 1363 1978 τὸ
1393 1921 1452 1980 εὖ
1493 1928 1715 2001 ποιῆσαι
1752 1931 1852 2002 τὴν
1907 1934 2026 1986 Ἐκ-

2135 1935 2288 2001 Inda,
2311 1937 2413 1991 hoc
2436 1946 2540 2002 est,
2561 1912 2736 2001 nobis,
2764 1937 2855 2006 qui
2886 1935 3294 2001 confitemurei,
3323 1944 3378 1989 ut
3404 1933 3709 2001 Dominum,

455 2007 682 2077 κλησίαν
716 2012 812 2064 καὶ
852 2010 944 2067 τὸν
979 2010 1129 2067 οἷκον
1171 2015 1361 2081 Ἰούδα,
1394 2019 1691 2087 τουτέστιν,
1724 2024 1869 2094 ἡμᾶς
1903 2028 2030 2089 τοὺς

452 2097 980 2172 ἐξομολογουμένους
1009 2103 1176 2176 αὐτῷ,
1210 2107 1507 2178 εὐφημίαις
1528 2113 2030 2184 καταγεραίροντας

451 2192 527 2254 ὡς
559 2193 871 2265 Δεσπότην,
917 2193 994 2258 ὡς
1028 2196 1257 2267 Σωτῆρα
1301 2199 1393 2253 καὶ
1432 2202 1728 2273 Λυτρωτήν
1748 2219 1762 2234 ο
1796 2204 2030 2273 αἷνεσις

452 2281 561 2354 γάρ
602 2285 632 2337 ό
673 2284 876 2349 Ἰούδας
922 2286 1318 2358 ἑρμηνεύεται.
1364 2287 1529 2356 Οἶκος
1583 2292 1641 2345 δὲ
1697 2293 1871 2348 Ἰούδα
1935 2299 2031 2351 καὶ

454 2375 655 2445 ἑτέρως
703 2376 863 2431 νοοῖτ’
902 2378 970 2433 ἂν
1014 2379 1048 2451 ἡ
1103 2379 1422 2453 Ἐκκλησία.
1474 2384 1865 2456 Κεχρημάτικε
1920 2389 2032 2460 γὰρ

453 2464 600 2533 οἶκος
625 2468 883 2540 Χριστοῦ,
929 2471 989 2535 ὃς
1021 2471 1385 2527 ἀνατέταλκεν
1422 2473 1485 2540 ἑξ
1521 2476 1722 2543 Ἰούδα,
1770 2478 2031 2549 κέκληται

452 2559 512 2613 δὲ
546 2558 690 2614 οὕτω
713 2561 809 2615 καὶ
837 2563 991 2637 παρὰ
1018 2567 1086 2638 τῇ
1121 2565 1466 2640 θεοπνεύστῳ
1502 2568 1716 2642 Γραφῇ.
1764 2572 1876 2625 Καὶ
1902 2571 2034 2642 γοῦν

454 2654 483 2705 ὀ
546 2653 895 2727 πατριάρχης
937 2656 1132 2711 Ἰακὼό
1193 2657 1365 2725 οὕτως
1416 2661 1584 2716 αὐτοῦ
1645 2663 2031 2737 διαμέμνηται,

454 2742 658 2812 λέγων’
693 2763 714 2799 ι
736 2747 926 2813 Ἰούδα,
959 2748 1020 2801 σὲ
1046 2750 1327 2806 αἰνέσαιαν
1379 2753 1431 2806 οἱ
1481 2752 1700 2825 ἀδελφοί
1729 2773 1843 2809 σου.
1872 2777 1891 2808 ι
1926 2760 2035 2812 Καὶ

457 2835 653 2892 πάλιν
688 2854 708 2891 ι
751 2839 847 2894 Ἐκ
880 2839 1148 2911 βλαστοῦ,
1198 2844 1282 2898 υἱέ
1324 2861 1464 2915 μου,
1508 2846 1729 2920 ἀνέόης.
1768 2867 1787 2901 ι
1841 2851 2033 2922 Ἀνέϐη

455 2930 564 3003 γὰρ
609 2934 639 2986 δ
682 2934 918 3007 Χριστὸς
946 2937 1011 2991 ἑκ
1041 2937 1198 3010 ῥίζης
1235 2939 1467 3007 Ἰεσσαὶ,
1506 2941 1603 2994 καὶ
1630 2942 1884 3012 καθάπερ
1923 2945 2037 2997 ἀπὸ

459 3022 690 3092 βλαστοῦ
713 3026 811 3099 τῆς
845 3028 1008 3097 ἁγίας
1044 3029 1323 3101 Παρθένου
1344 3073 1359 3095 ,
1397 3029 1673 3104 βακτηρία
1711 3037 1808 3089 καὶ
1842 3035 2033 3105 ῥάϐδος

456 3112 760 3186 δυνάμεως,
800 3118 944 3175 κατὰ
971 3119 1069 3191 τὴν
1096 3121 1189 3176 τοῦ
1219 3124 1501 3196 προφήτου
1530 3126 1734 3197 φωνήν.
1760 3127 1918 3197 Ἡμῖν
1943 3124 2036 3182 οὖν

458 3203 567 3277 ἄρα
594 3208 689 3261 καὶ
714 3209 777 3264 τὸ
812 3227 833 3263 ι
860 3210 1121 3284 Θαρσεῖτε
1145 3232 1165 3267 ι
1211 3214 1463 3286 λέγεται,
1499 3217 1593 3272 καὶ
1617 3218 1759 3291 μάλα
1789 3221 2033 3287 εἰκότως.

465 3299 698 3374 ιὐπλῳ
732 3302 842 3376 γὰρ
882 3305 1130 3372 εὐδοκίας
1172 3328 1191 3361 ι
1244 3310 1623 3380 ἐστεφάνωσεν
1664 3314 1696 3369 ό
1741 3314 1931 3388 Πατὴρ
1967 3319 2033 3388 τῇ

459 3392 549 3448 διὰ
575 3396 813 3468 Χριστοῦ
843 3400 1087 3472 σωτηρίᾳ
1109 3401 1204 3455 καὶ
1227 3402 1432 3473 χάριτι.

533 3480 710 3541 Οὗτοι
740 3489 796 3541 οἱ
817 3490 987 3558 λόγοι
1007 3491 1117 3559 οὓς
1142 3492 1446 3561 ποιήσετε.
1475 3496 1725 3552 Λαλεῖτε
1749 3500 2039 3568 ἀλήθειαν

459 3571 718 3643 ἕκαστος
765 3576 914 3646 πρὸς
962 3577 1072 3633 τὸν
1114 3582 1382 3649 πλησίον
1426 3586 1615 3641 αὐτοῦ
1636 3627 1652 3653 ,
1702 3588 1801 3642 καὶ
1860 3589 2039 3659 κρῖμα

461 3665 766 3734 τίρηνικὸν
790 3669 1024 3737 κρίνετε
1048 3670 1120 3725 ἐν
1146 3672 1278 3740 ταῖς
1307 3674 1529 3744 πύλαις
1565 3678 1756 3747 ὑμῶν,
1780 3679 1879 3735 καὶ
1901 3680 2037 3736 ἕκα-

462 3771 608 3824 στος
637 3757 753 3828 τὴν
778 3762 999 3816 κακίαν
1022 3764 1131 3820 τοῦ
1178 3767 1448 3836 πλησίον
1483 3770 1673 3826 αὐτοῦ
1704 3770 1791 3842 μὴ
1824 3771 2039 3843 λογίζε-

464 3852 573 3904 σθε
593 3850 662 3904 ἐν
690 3851 819 3919 ταῖς
847 3854 1112 3924 καρδίαις
1157 3857 1345 3929 ὑμῶν,
1373 3860 1473 3915 καί
1520 3860 1701 3930 ὅρκον
1724 3865 1925 3935 ψευδῆ
1948 3865 2037 3937 μὴ

462 3940 729 4011 ἀγαπᾶτε
746 3962 761 3977 -
799 3944 951 4002 διότι
982 3948 1170 4004 ταῦτα
1196 3949 1394 4007 πάντα
1420 3953 1709 4024 ἐμίσησα,
1732 3956 1896 4027 λέγει
1915 3960 2040 4013 Κύο

454 4050 588 4102 pio;-
619 4038 1049 4109 παντοκράτωρ

534 4128 673 4183 MH'.
733 4130 848 4184 Οὐκ
890 4132 1136 4188 ἀπειθεῖν
1189 4135 1470 4207 ἑλομένοις
1508 4156 1604 4194 και
1660 4141 1744 4206 εἰς
1792 4140 2041 4216 ἐξίτηλον

466 4221 740 4278 πολιτείαν
765 4224 1088 4299 ἀποφοιτᾷν,
1115 4227 1433 4301 ἠγαπηκόσι
1474 4230 1533 4285 δὲ
1562 4231 1766 4302 μᾶλλον
1803 4233 1905 4305 τὴν
1944 4233 2039 4287 εὐ-

466 4311 614 4366 θεῖαν
650 4314 978 4388 διαστείχειν
1013 4319 1154 4386 ὁδόν,
1196 4321 1295 4374 καὶ
1336 4321 1436 4391 τὴν
1465 4322 1681 4390 εύαγῶς
1715 4324 2037 4395 ᾑρημένοις,

466 4406 859 4475 ἐπαγγέλλεται
890 4410 1023 4474 Θεὸς
1049 4411 1118 4465 τά
1149 4413 1214 4466 ἑκ
1245 4413 1346 4483 τῆς
1377 4413 1514 4478 ἰδίας
1544 4415 1883 4487 ἡμερότητος
1916 4418 2041 4470 ἑπι-

466 4494 655 4551 δώσειν
697 4498 901 4567 ἀγαθὰ,
939 4502 1032 4555 καὶ
1066 4502 1173 4574 μὴν
1216 4503 1310 4557 καὶ
1348 4505 1762 4576 παρατετάχθαι
1812 4506 1949 4579 πρὸς
1980 4506 2042 4561 τὸ

2132 2040 2188 2084 ct
2212 2029 2571 2092 Snlratorem,
2596 2040 2649 2083 et
2676 2028 3049 2083 Liberatorem
3069 2027 3318 2082 laudibus
3347 2036 3667 2081 venerantes
3691 2038 3708 2077 :

2133 2119 2296 2192 724
2320 2120 2580 2188 siquidem
2618 2119 2733 2172 voci
2759 2118 2894 2172 .Iuda
2955 2118 3102 2171 notio
3148 2116 3322 2171 laudis
3345 2115 3585 2182 subjecta
3605 2122 3710 2169 est.

2131 2215 2301 2267 Aliter
2326 2213 2450 2266 item
2481 2210 2717 2265 Ecclesia
2759 2210 2950 2263 domus
2968 2207 3105 2262 Juda
3140 2216 3303 2278 queat
3326 2206 3571 2277 intelligi.
3602 2206 3714 2274 Ap-

2135 2306 2336 2377 pellata
2360 2315 2445 2359 est
2470 2303 2615 2359 enim
2642 2303 2834 2358 domus
2866 2301 3088 2363 Christi,
3124 2300 3214 2371 qui
3262 2315 3328 2354 ex
3365 2297 3500 2353 Juda
3557 2308 3714 2354 ortus

2131 2407 2236 2464 est,
2265 2413 2372 2467 quo
2399 2397 2563 2452 etiam
2591 2395 2807 2450 nomine
2838 2411 2866 2448 a
2895 2392 3152 2447 divinitus
3176 2391 3436 2459 inspirata
3466 2389 3712 2460 Scriptu-

2135 2506 2192 2545 ra
2221 2498 2584 2559 nuncupatur.
2610 2487 2796 2557 Itaque
2857 2484 3164 2555 patriarcha
3216 2482 3384 2539 Jacob
3434 2481 3716 2538 hisverbis

2134 2584 2251 2653 ejus
2274 2580 2556 2637 meminit:
2597 2598 2615 2631 ι
2650 2577 2816 2643 Juda,
2862 2585 2914 2630 te
2967 2575 3185 2630 laudent
3241 2573 3438 2629 fratres
3481 2572 3557 2628 tui
3587 2571 3655 2625 “.
3689 2587 3712 2625 ι

2137 2676 2201 2730 Ει
2226 2688 2442 2729 rursum
2471 2687 2485 2725 :
2531 2690 2551 2725 ι
2616 2670 2695 2727 Ex
2730 2667 2993 2740 germine,
3040 2665 3117 2721 ﬁli
3142 2665 3238 2730 mi,
3269 2662 3652 2721 ascendisti“.
3688 2679 3713 2716 ι

2134 2765 2390 2821 Ascendit
2416 2763 2561 2819 enim
2601 2762 2851 2819 Christus
2868 2775 2933 2815 ex
2966 2758 3151 2814 radice
3168 2756 3326 2814 Jesse
3360 2757 3426 2824 “,
3453 2764 3510 2811 et
3564 2754 3714 2811 velut

2136 2875 2167 2913 e
2206 2856 2450 2928 germine
2495 2862 2695 2910 sancta-
2732 2851 2992 2923 Virginis,
3029 2851 3251 2906 baculus
3283 2859 3337 2905 et
3367 2849 3518 2918 virga
3548 2848 3718 2902 virtu-

2138 2951 2231 3015 tis,
2254 2948 2406 3016 juxta
2469 2946 2743 3018 propheta:
2799 2958 2987 2997 vocem
3012 2942 3077 2994 ".
3105 2940 3269 2996 Nobis
3326 2939 3489 3011 igitur
3549 2936 3715 2993 etiam

2140 3058 2159 3092 ι
2191 3039 2456 3096 Coutfidite
2491 3055 2511 3089 ι
2548 3036 2767 3098 dicitur,
2793 3044 2848 3090 et
2885 3030 3216 3103 arquissime.
3272 3048 3291 3083 ι
3350 3028 3516 3084 Scuto
3569 3027 3714 3083 enim

2137 3135 2290 3191 bona:
2314 3131 2623 3195 voluntatis,
2658 3146 2677 3181 ι
2710 3127 2883 3183 salute
2908 3137 2963 3183 et
2991 3126 3164 3197 gratia
3193 3139 3290 3195 per
3314 3122 3590 3179 Christum
3614 3119 3718 3175 Pa-

2143 3236 2224 3283 ter
2252 3225 2536 3282 coronavit
2564 3239 2661 3280 nos
2689 3222 2736 3255 “

2209 3494 2376 3551 Vsus.
2416 3493 2504 3561 i6,
2536 3492 2625 3547 I7.
2649 3488 2751 3545 Isti
2782 3497 2902 3544 sunt
2924 3502 3187 3543 sermones
3207 3501 3336 3557 quos
3361 3481 3583 3552 (arietis.
3617 3477 3718 3534 Lo-

2135 3587 2359 3661 quimini
2394 3585 2665 3640 veritatem
2704 3578 3056 3648 unusquisque
3089 3576 3158 3630 ad
3204 3576 3500 3644 proximum
3537 3588 3712 3636 suum,

2137 3692 2186 3738 et
2210 3678 2477 3750 judicium
2521 3672 2798 3745 paciﬁcum
2819 3670 3063 3740 judicate
3106 3666 3160 3721 in
3209 3665 3374 3736 portis
3430 3662 3636 3727 vestris,
3666 3669 3718 3718 et

2137 3770 2491 3842 unusquisque
2511 3763 2712 3820 malum
2729 3774 2912 3817 contra
2934 3759 3162 3814 amicum
3198 3770 3351 3810 suum
3388 3770 3450 3809 ne
3481 3753 3718 3823 cogitetis

2137 3866 2196 3921 in
2214 3860 2458 3919 cordibus
2484 3857 2694 3920 vestris,
2714 3864 2762 3909 et
2779 3855 3139 3923 jurumentum
3164 3847 3390 3902 mendas
3436 3861 3500 3901 ne
3530 3843 3715 3915 diligi-

2140 3956 2371 4028 te:quia
2418 3953 2530 4008 hac
2589 3947 2767 4004 omnia
2806 3945 2919 4012 odi,
2967 3942 3096 3997 dicit
3159 3939 3416 3995 Dominus
3478 3937 3721 4008 omnipo-

2141 4057 2275 4103 lens.

2208 4137 2438 4198 XLVIII.
2465 4136 2671 4206 Quibus
2691 4133 2839 4191 cordi
2859 4140 2943 4189 est
2969 4145 3075 4186 non
3103 4129 3404 4184 detrectare
3430 4118 3717 4192 imperium

2140 4251 2242 4294 nec
2267 4234 2388 4290 vitae
2411 4245 2581 4303 genus
2608 4241 2806 4281 vanum
2863 4221 3142 4294 persequi,
3195 4217 3291 4275 sed
3340 4221 3496 4272 recto
3521 4213 3720 4268 itinere

2143 4326 2352 4401 ingredi
2373 4336 2427 4380 et
2454 4329 2640 4379 sancte
2664 4318 2847 4374 vivere
2875 4314 3101 4379 malunt,
3138 4312 3205 4366 iis
3232 4310 3376 4401 Deus
3404 4312 3718 4362 mansuetu-

2143 4421 2285 4477 dinis
2314 4432 2425 4472 sua:
2447 4416 2585 4469 bona
2618 4410 2899 4471 daturum,
2921 4414 3085 4475 atque
3099 4402 3262 4458 etiam
3303 4400 3626 4454 instructum
3652 4406 3715 4449 se

2143 4517 2259 4571 fore
2279 4512 2345 4567 ad
2379 4510 2446 4564 iis
2473 4507 2727 4574 deinceps
2755 4495 3199 4556 benefaciendum
3230 4491 3533 4563 pollicetur.
3562 4485 3716 4541 Man-

467 4589 661 4661 xpjvu:
709 4589 894 4645 λοιπδν
937 4588 1000 4647 εὖ
1040 4596 1216 4648 ποιεῖν
1258 4594 1474 4660 αὐτούς.
1504 4598 1742 4652 Ἦκιστα
1786 4598 1887 4669 μὲν
1928 4598 2041 4672 γὰρ

2144 4605 2286 4662 davit
2309 4602 2454 4658 enim
2488 4596 2707 4653 minime
2772 4590 3089 4658 falsiloquos
3138 4584 3307 4640 videri
3341 4620 3359 4648 ,
3410 4580 3722 4683 sed.veros

465 4682 785 4750 ψευδοεπεῖς
812 4684 1045 4755 ὁρᾶσθαι
1071 4686 1430 4759 προστέταχε,
1450 4688 1729 4744 ποιεῖσθαι
1754 4690 1813 4744 δὲ
1836 4691 2040 4763 μᾶλλον

467 4777 525 4829 ἑν
564 4777 825 4848 ἀτρεκεία
866 4778 992 4843 τοῦς
1024 4778 1241 4847 λόγους,
1280 4779 1549 4852 ὀρθότητα
1577 4780 1636 4835 δὲ
1674 4780 1773 4854 τὴν
1800 4783 1893 4837 ἑπὶ
1926 4787 2040 4849 τοῖς

468 4871 730 4942 κρίμασιν
776 4873 1014 4943 ἀγαπᾷν,
1061 4873 1156 4926 καὶ
1203 4872 1307 4944 τὴν
1352 4873 1439 4943 ἐφ’
1486 4873 1704 4944 ἑκάστῳ
1749 4873 2040 4946 πράγματι

466 4963 643 5034 ψῆφον
688 4964 819 5034 εύθῆ
876 4980 935 5018 τε
994 4964 1091 5017 καὶ
1136 4963 1545 5036 ἀνεπίπληκτον
1599 4966 1778 5037 πάντη
1828 4984 1890 5021 τε
1944 4966 2042 5021 καὶ

468 5055 682 5118 πάντως
701 5056 975 5126 ἐκφέρειν,
992 5057 1056 5111 οὐ
1079 5056 1385 5128 λημμάτων
1401 5056 1645 5128 αἰσχρῶν
1665 5058 2035 5129 ἡττωμένους,

467 5147 565 5199 οὐκ
611 5149 692 5211 είς
738 5146 904 5219 κέρδη
956 5148 1252 5217 βλέποντας
1299 5149 1540 5221 αἰσχρὰ,
1594 5149 1690 5203 καὶ
1738 5150 2038 5222 χρημάτων

465 5240 626 5293 ἕνεκα
661 5240 760 5310 τὴν
791 5240 886 5292 τοῦ
928 5240 1137 5295 δικαίου
1171 5241 1521 5312 προδιδόντας
1563 5242 1723 5313 χάριν
1744 5282 1759 5308 ,
1803 5241 1918 5295 ἀλλ’
1956 5243 2039 5306 εἰς

470 5330 628 5399 μόνον
676 5332 921 5401 ὁρῶντας
966 5332 1028 5386 τὸ
1066 5333 1295 5387 ἀνδάνον
1341 5332 1493 5403 Θεῷ·
1545 5332 1794 5396 ἀνιέντας
1834 5333 1892 5387 δὲ
1941 5334 2039 5387 καὶ

467 5423 734 5490 ἀδελφοῖς,
762 5426 812 5478 εἰ
838 5425 901 5495 δή
934 5425 1036 5478 πού
1068 5442 1122 5478 τι
1164 5425 1606 5497 παραπταίσειαν
1635 5424 1668 5497 ἢ
1696 5424 1967 5499 δρῶντες,
2002 5425 2036 5496 ἢ

2137 4698 2313 4771 potius
2339 4703 2623 4748 sermones
2649 4685 2834 4749 edere,
2885 4689 2942 4736 et
2986 4678 3329 4774 iudiciorum.
3350 4670 3721 4774 integritatem

2139 4763 2390 4859 diligere,
2421 4790 2476 4838 et
2507 4780 2574 4835 de
2605 4789 2933 4844 unaquaque
2984 4784 3045 4824 re
3097 4763 3423 4863 sententiam
3450 4763 3718 4863 sinceram

2140 4855 2374 4949 nullique
2393 4868 2773 4943 vituperationi
2813 4864 3028 4919 aﬂinem
3065 4859 3304 4930 penitus,
3354 4855 3493 4911 citra
3545 4855 3721 4923 turpis

2139 4974 2272 5029 Iucri
2312 4966 2659 5039 cupiditatem
2678 4956 3047 5030 pronuntiare,
3081 4967 3185 5007 non
3214 4960 3422 5017 turpem
3449 4952 3717 5039 quastum

2144 5037 2451 5137 spectantes
2471 5058 2538 5120 ⁸³,
2558 5063 2611 5110 et
2638 5049 2987 5123 pecuniarum
3013 5059 3177 5100 causa
3202 5040 3307 5137 ADei
3335 5037 3559 5137 gratiam

2146 5131 2371 5216 dcutcs,
2426 5151 2520 5205 sed
2546 5148 2720 5203 solum
2781 5140 2871 5196 Dei
2942 5133 3336 5206 beneplacitum
3403 5131 3721 5184 intuentes:

2146 5248 2513 5303 condunantes
2533 5239 2660 5293 item
2686 5232 2943 5289 fratribus
2978 5269 2994 5295 ,
3021 5230 3062 5285 si
3097 5225 3224 5296 quid
3248 5222 3324 5278 illi
3357 5236 3453 5278 eos
3470 5228 3567 5274 aut
3597 5231 3720 5273 ver-

2146 5342 2216 5395 ho
2261 5348 2351 5390 aut
2385 5335 2527 5389 facto
2549 5327 2807 5391 hcseriut,
2832 5335 2883 5380 et
2910 5332 3105 5392 praeter
3135 5321 3234 5373 ista
3267 5314 3511 5409 studioso
3542 5308 3720 5409 perit-1:-

2141 5429 2277 5482 rium
2310 5424 2600 5495 fugitantes
2630 5437 2645 5473 :
2680 5418 2862 5473 odisse
2899 5413 3044 5468 enim
3073 5426 3132 5466 se
3160 5407 3300 5464 mala
3336 5400 3714 5478 hujuscemodi

466 5514 748 5585 λέγοντες,
796 5520 890 5572 καὶ
937 5519 1164 5588 προσέτι
1209 5518 1421 5583 τούτοις
1473 5517 1932 5590 παρωθουμένους
1981 5514 2042 5572 εὖ
2138 5520 2392 5575 aﬂirmut.

470 5608 615 5676 μάλα
642 5608 704 5662 τὸ
728 5609 1048 5681 ψευδορκεῖν
1068 5629 1082 5645 ·
1117 5612 1482 5685 μεμισηκέναι
1510 5610 1620 5683 γάρ
1648 5608 2044 5683 διισχυρίζεται

470 5698 536 5750 τὰ
562 5700 733 5752 τοιάδε
757 5699 866 5752 τῶν
890 5700 1102 5756 κακῶν.

541 5811 769 5885 filium.
814 5829 851 5872 I,
873 5813 943 5865 9.8
969 5830 1121 5885 seqq.

1200 5816 1240 5849 ³ο
1280 5816 1414 5872 Gen.
1462 5832 1604 5881 uls,
1637 5816 1687 5872 8.

470 5881 513 5914 δ’
540 5880 558 5936 ι
592 5882 825 5938 ἰἰιιιυιιι.
857 5900 935 5951 ιιι,
968 5885 1021 5937 8.

1789 5781 1841 5848 ’δι
1888 5814 2019 5872 ibid.
2078 5814 2129 5870 υ.

2244 5814 2287 5845 ⁵³
2332 5811 2432 5868 lsa.
2480 5823 2552 5875 λι,
2593 5806 2640 5861 l.
2788 5804 2831 5835 ³³
2861 5800 3004 5858 Psal.
3034 5815 3142 5866 eis,
3175 5798 3230 5853 Ξ.
3309 5795 3352 5829 ιδ
3378 5791 3519 5852 Psal.
3542 5807 3592 5859 ν,
3627 5789 3712 5845 15.

3598 453 3699 511 126
3778 454 3785 461 ’
