4072 6370
258 401 358 461 H7

325 518 604 588 Perpende
624 532 788 589 porro
835 517 1108 587 quomodo
1134 517 1267 574 nihil
1305 520 1542 590 typicum
1581 526 1677 573 aut
1715 532 1839 571 um-
1870 522 1915 579 Α

255 612 452 668 hratile
477 609 891 679 facereiubeat.
924 609 1041 667 Non
1087 611 1233 668 enim
1275 610 1510 681 imperat
1555 608 1843 664 immolare

255 706 569 771 hoves,uec
612 703 901 760 incendere
970 703 1151 769 thura,
1206 704 1301 758 sed
1354 701 1521 757 veluti
1584 699 1842 771 gracilem

254 796 552 865 quamdam
591 803 647 852 et
670 796 1005 862 tornatilem,
1025 804 1080 852 et
1110 802 1317 850 tantum
1347 809 1452 850 non
1474 793 1842 863 evangelicam

255 891 429 945 vitam
454 903 552 944 eos
580 904 839 944 emersere
866 888 1122 959 postulat.
1159 887 1425 955 Quoniam
1454 887 1601 942 enim
1656 888 1709 940 in
1757 885 1844 941 his

255 995 426 1049 pauca
471 979 629 1036 nobis
658 981 726 1035 de
775 979 1076 1037 Salvatoris
1116 979 1352 1036 adventu
1394 979 1629 1035 indicata
1693 986 1842 1042 sunt,

254 1073 459 1134 idcirco
483 1082 540 1130 et
558 1073 868 1129 mandatum
903 1072 1086 1128 induci
1168 1086 1394 1128 necesse
1441 1070 1564 1134 iuit,
1588 1070 1731 1138 quod
1763 1067 1844 1122 di-

255 1167 376 1220 vina
406 1166 525 1238 eius
546 1167 701 1235 iussa
718 1166 1056 1237 loqueretur.
1087 1166 1147 1221 Si
1188 1166 1332 1221 enim
1351 1165 1510 1220 decet
1534 1179 1636 1219 nos
1662 1163 1842 1218 divina

252 1259 418 1314 verba
434 1271 723 1329 sequentes
746 1259 891 1332 loqui
926 1261 1234 1323 veritatem,
1275 1256 1440 1329 725
1485 1272 1607 1328 qua:
1632 1254 1842 1312 Christi

253 1360 374 1406 sunt
396 1352 619 1406 omnino
633 1351 999 1408 disseremus:
1021 1350 1272 1406 Christus
1288 1351 1435 1406 enim
1461 1357 1552 1405 est
1563 1347 1842 1404 veritas“.

256 1442 378 1497 ideo
394 1451 449 1498 et
464 1444 899 1512 sapientissimus
935 1442 1128 1499 Petrus
1167 1441 1546 1513 paratissimos
1583 1455 1684 1497 nos
1723 1454 1846 1498 esse

254 1536 591 1605 praecepitad
608 1537 1041 1606 respondendum
1066 1554 1086 1588 ι
1110 1534 1286 1592 cuivis
1311 1534 1576 1590 rationem
1607 1547 1706 1589 nos
1745 1546 1844 1603 po-

252 1625 423 1681 scenti
446 1624 514 1681 de
523 1641 585 1681 ea
603 1641 720 1696 quae
737 1627 789 1681 in
803 1627 959 1682 nobis
975 1638 1061 1682 est
1075 1625 1239 1698 spe".
1253 1625 1437 1692 sQuod
1450 1625 1494 1679 si
1509 1639 1629 1696 quae
1639 1624 1844 1681 Christi

254 1726 385 1772 sunt
399 1716 1120 1788 loquiassueverint,eteum
1135 1717 1188 1772 in
1212 1714 1397 1787 lingua
1415 1729 1631 1786 semper
1641 1714 1846 1771 habue-

254 1811 385 1873 rint.
416 1820 472 1866 et
499 1812 681 1866 animo
729 1820 784 1866 et
807 1812 974 1867 corde
991 1809 1238 1866 meditati
1277 1808 1502 1876 fuerint,
1522 1807 1654 1877 iusti
1686 1808 1844 1876 plane

1283 403 1343 459 S.
1383 398 1658 459 CYRILLI
1696 398 2168 460 ALEXANDB‘iNI
2202 403 2525 462 ARCHIEP.

3430 395 3532 453 128

2019 522 2212 594 Ἀθρει
2239 521 2297 576 δὲ
2313 523 2465 585 ὅπως
2494 518 2650 575 οὐδὲν
2679 515 2959 573 ὲπιττάτει
2980 514 3113 589 δρᾷν
3141 513 3250 570 τῶν
3271 513 3331 569 ὲν
3353 516 3533 577 σκιαῖς

1949 612 1985 685 ἥ
2014 613 2226 678 τύποις.
2255 615 2330 669 Ού
2356 615 2466 687 γάρ
2488 631 2573 668 τοι
2601 612 2801 685 χρῆναι
2831 609 3136 682 βουθυτεῖν,
3168 606 3292 663 οὐδὲ
3325 606 3433 679 μὴν
3457 606 3534 660 λι-

1950 705 2096 776 ϐάνῳ
2132 707 2300 778 τιμᾷν
2345 705 2675 768 ἐντέλλεται,
2728 703 2844 758 ἀλλ’
2879 698 2990 757 οἷον
3023 699 3214 772 ῖσχνήν
3245 715 3368 752 τινα
3388 737 3404 763 ,
3440 695 3527 751 καὶ

1948 800 2400 870 τετορνευμένην,
2451 798 2611 869 μόνον
2637 797 2696 852 δὲ
2723 797 2848 869 οὐχὶ
2889 792 2986 848 καὶ
3032 790 3397 861 εύαγγελικὴν
3435 791 3545 842 ὲπι

1950 892 2191 963 ασκῆσαι
2231 889 2482 963 βούλεται
2505 892 2674 962 ζωήν.
2716 886 2938 959 Ἐπειδὴ
2970 886 3080 956 γάρ
3112 886 3141 938 ὁ
3171 883 3377 957 βραχὺς
3402 883 3531 952 ἡμῖν

1950 985 2009 1037 ὲν
2044 983 2258 1049 τούτοις
2306 982 2567 1056 περὶτῆς
2612 983 2708 1038 τοῦ
2745 981 3001 1053 Σωτῆρος
3046 978 3207 1051 ἡμῶν
3241 974 3532 1047 ἐπιδημίας

1951 1073 2247 1146 πεποίηται
2278 1074 2457 1145 λόγος,
2505 1073 2678 1146 ταύτῃ
2720 1091 2805 1127 τοι
2856 1072 2951 1126 καὶ
2983 1068 3299 1141 ἀναγκαίως
3341 1066 3533 1137 ἐντολὴ

1953 1167 2333 1236 συνεισάγεται
2377 1167 2448 1221 τὰ
2477 1167 2545 1220 δι’
2576 1163 2743 1221 αὑτοῦ
2776 1163 3015 1219 λαλοῦσα
3063 1162 3433 1232 θεσπίσματα.
3470 1159 3534 1213 Εἰ

1951 1257 2061 1330 γὰρ
2085 1257 2150 1330 δὴ
2182 1260 2454 1331 προσήκει
2507 1261 2621 1324 τοῖς
2647 1258 2813 1323 θείοις
2841 1259 2990 1329 ἡμᾶς
3018 1255 3319 1328 ἑπομένους
3355 1252 3532 1321 λόγοις

1951 1350 2130 1405 λαλεῖν
2145 1350 2245 1423 τὴν
2267 1351 2550 1423 ἀλήθειαν,
2569 1351 2639 1405 τὰ
2654 1349 2896 1424 Χριστοῦ
2916 1350 3134 1412 πάντως
3156 1343 3532 1416 διαλεξόμεθαο

1951 1444 2188 1515 Χριστὸς
2213 1443 2327 1516 γάρ
2349 1446 2497 1498 ἐστιν
2520 1446 2554 1515 ἡ
2588 1444 2842 1516 ἀλήθεια.
2871 1441 2974 1495 Διὰ
2996 1440 3158 1494 τοῦτο
3187 1438 3283 1492 καὶ
3307 1440 3337 1492 ὁ
3368 1434 3536 1505 σοφώ-

1951 1552 2114 1599 τατος
2142 1536 2349 1607 Πέτρος
2386 1535 2775 1606 ὲτοιμοτάτους
2819 1535 2967 1605 ἡμᾶς
3000 1529 3258 1599 γενέσθαι
3299 1526 3536 1599 προστέ-

1950 1640 2084 1696 ταχε
2123 1625 2262 1697 πρὸς
2309 1625 2606 1692 ἀπολογίαν
2654 1646 2672 1678 ι
2716 1625 2881 1679 παντὶ
2933 1623 3014 1695 τῷ
3071 1620 3347 1697 ἐρωτῶντι
3388 1619 3536 1691 ἡμᾶς

1950 1716 2108 1785 λόγον
2143 1718 2273 1788 περὶ
2300 1717 2403 1787 τῆς
2429 1716 2598 1789 οὔσης
2630 1718 2689 1771 ἐν
2711 1715 3106 1790 ἡμῖνσὲλπίδος,
3145 1734 3175 1766 ι
3202 1715 3266 1767 Ei
3292 1712 3351 1765 δὲ
3379 1709 3445 1783 δὴ
3466 1709 3534 1764 τὰ

1951 1807 2193 1879 Χριστοῦ
2226 1807 2411 1862 λαλεῖν
2440 1807 2739 1879 εἰθισμένοι
2762 1846 2779 1872 ,
2835 1806 2930 1861 καὶ
2968 1806 3144 1858 αὑτὸν
3181 1802 3397 1874 ἔχοντες
3443 1799 3537 1853 ἐπὶ

252 1908 433 1965 erunt,
457 1902 878 1968 elexcelleutes,
912 1901 1237 1973 paciﬁcique
1283 1908 1339 1957 et
1375 1902 1559 1964 mites,
1609 1898 1834 1954 etiusu-

1947 1899 2193 1972 γλώσσης
2225 1901 2334 1967 ἀεὶ,
2363 1901 2459 1955 καὶ
2487 1900 2603 1967 νοῦ,
2633 1901 2730 1955 καὶ
2760 1899 3021 1971 καρδίας,
3051 1897 3283 1969 μελέτην
3308 1910 3538 1964 πεποιη-

254 2009 350 2063 per
383 1994 674 2063 patientes.
702 2004 757 2051 et
792 1995 1040 2067 peierare
1065 1995 1402 2058 nescientes,
1461 1995 1592 2062 quin
1622 1993 1837 2063 penitus

1949 1991 2122 2064 μένοι,
2153 1992 2357 2047 δίκαιοί
2386 2010 2492 2047 που
2521 1993 2742 2056 πάντως
2775 1990 2886 2046 εἶεν
2916 1991 3016 2057 ἂν,
3039 1991 3141 2045 καὶ
3158 1993 3227 2061 τῇ
3258 1987 3401 2043 κατὰ
3429 1987 3539 2039 πᾶν

255 2101 355 2141 uec
382 2086 651 2154 iurantes.
686 2087 1051 2144 Meminerant
1078 2087 1224 2143 enim
1259 2086 1390 2142 illud
1413 2085 1598 2140 dicere
1630 2101 1645 2137 :
1678 2102 1698 2136 ι
1751 2084 1838 2140 Sit

253 2187 433 2233 autem
458 2194 645 2234 sermo
680 2189 895 2235 vester:
934 2180 1047 2246 Est,
1076 2191 1184 2243 est,
1214 2188 1290 2245 et,
1327 2178 1464 2239 Non,
1501 2193 1607 2233 non
1641 2176 1706 2232 ⁸⁸.
1741 2194 1760 2228 ι

1946 2085 2130 2141 ὁτιοῦν
2186 2084 2443 2158 ὀρθότητι
2493 2084 2935 2157 διαπρέποντες,
2997 2081 3265 2154 εἰρηνικοί
3322 2096 3383 2132 τε
3444 2078 3539 2131 καὶ

1946 2176 2134 2247 πρᾶοι,
2176 2174 2273 2228 καὶ
2302 2174 2441 2247 πρός
2466 2191 2529 2245 γε
2554 2173 2730 2246 τούτῳ
2758 2174 2854 2227 καὶ
2882 2173 3218 2240 ἀνεξίκακοι,
3246 2171 3340 2225 καὶ
3367 2169 3531 2239 ψευδ-

253 2272 437 2342 ορκεῖν
463 2272 565 2326 οὐκ
591 2272 814 2336 εἰδότες,
863 2272 1062 2344 μᾶλλον
1109 2272 1168 2325 δὲ
1211 2271 1331 2325 οὐδὲ
1363 2270 1630 2341 ὀμνύντες
1673 2269 1835 2335 ὅλως.
1869 2268 2281 2340 Διαμέμνηνται
2343 2268 2452 2339 γὰρ
2510 2268 2764 2338 λέγοντος
2788 2266 2956 2321 αὐτοῦ
2977 2282 2995 2296 '
3030 2267 3244 2320 «Ἔστω
3279 2265 3338 2319 δὲ
3373 2262 3528 2336 ὑμῶν

252 2363 282 2415 ὁ
311 2361 469 2430 λόγος
494 2361 557 2415 τὸ
582 2363 713 2427 Ναὶ,
744 2363 855 2429 ναὶ,
888 2365 985 2418 καὶ
1014 2363 1077 2417 τὸ
1108 2360 1207 2427 Οὓ,
1240 2362 1326 2418 οὗ.
1360 2382 1378 2414 ι

329 2452 493 2509 Vens.
526 2452 614 2518 l8,
646 2453 735 2509 19.
774 2452 837 2507 Et
864 2455 1037 2524 [actus
1064 2464 1136 2508 est
1156 2469 1327 2508 sermo
1348 2453 1557 2507 Domini
1603 2454 1849 2520 omnipo-

253 2549 409 2602 tentis
452 2547 521 2599 ad
546 2562 646 2608 me.
673 2547 854 2600 dicens
884 2562 903 2600 :
941 2545 1069 2600 Hart:
1102 2546 1232 2599 dicit
1303 2545 1559 2601 Dominus
1604 2545 1848 2614 omnipo-

254 2649 365 2693 tens
399 2655 418 2693 :
460 2637 734 2704 Jejuuium
759 2648 1025 2708 quartum,
1047 2646 1098 2691 et
1124 2637 1392 2707 jejunium
1410 2638 1671 2708 quintum,
1698 2639 1843 2707 etje-

256 2732 460 2785 iunium
492 2733 792 2799 septimum,
829 2741 876 2782 et
902 2730 1172 2800 jejunium
1199 2728 1463 2783 decimum
1488 2740 1639 2783 erunt
1663 2729 1848 2784 domui

253 2822 398 2876 Iuda
421 2824 474 2877 in
495 2824 777 2893 gaudium,
797 2834 844 2876 et
868 2824 922 2875 in
964 2821 1228 2884 laetitiam,
1250 2830 1301 2875 et
1333 2821 1388 2876 in
1417 2822 1723 2890 festivitates
1753 2824 1844 2877 bo-

258 2920 373 2974 nos,
417 2925 464 2968 et
505 2915 838 2981 lwtabimini,
897 2922 946 2967 et
1006 2913 1276 2968 ueritatem
1345 2922 1394 2967 et
1470 2929 1654 2981 pacem
1719 2914 1847 2969 dili-

252 3002 381 3071 gite.
497 3022 503 3031 ι

330 3086 495 3142 XLIX
548 3087 921 3144 Necessarium
960 3091 1102 3148 duco
1124 3091 1364 3148 discendi
1392 3092 1603 3163 cupidis
1631 3109 1845 3150 rursum

255 3180 404 3246 prius
468 3194 951 3248 cxpmscrccausas
977 3180 1335 3253 ieiuniorum,
1390 3187 1458 3239 de
1513 3186 1713 3255 quibus
1743 3187 1845 3241 hoc

2019 2452 2133 2508 Kal
2160 2451 2401 2521 ἐγένετο
2426 2452 2612 2522 λόγος
2632 2448 2863 2519 Κυρίου
2882 2446 3368 2518 παντοκράτορος
3390 2449 3540 2518 πρὸς

1942 2543 2043 2613 μὲ,
2103 2542 2293 2612 λέγων
2315 2558 2330 2573 ·
2387 2540 2535 2597 Τάδε
2596 2540 2764 2613 ,λέγει
2811 2540 3032 2609 Κύριος
3080 2538 3540 2612 παντοκράτωρ·

1946 2636 2213 2704 Νηστεία
2239 2634 2279 2703 ἡ
2314 2633 2558 2704 τετρὰς,
2604 2634 2707 2689 καί
2740 2631 2996 2704 νηστεία
3030 2631 3071 2700 ἡ
3126 2631 3401 2703 πέμπτη,
3436 2632 3535 2687 καὶ

1945 2731 2201 2799 νηστεία
2222 2730 2261 2799 ἡ
2294 2730 2547 2800 ἑϐδόμη,
2572 2728 2678 2785 καὶ
2701 2728 2957 2799 νηστεία
2989 2727 3027 2798 ή
3049 2726 3270 2796 δεκάτη
3296 2727 3539 2783 ἔσονται

1946 2822 2031 2890 τῷ
2069 2824 2217 2889 οἴκῳ
2259 2822 2451 2879 Ἰούδα
2481 2824 2569 2890 εις
2596 2822 2813 2894 χαρὰν,
2840 2821 2947 2878 καί
2988 2820 3399 2891 εὐφροσύνην,
3438 2822 3535 2876 καὶ

1945 2919 2035 2985 εἰς
2057 2917 2264 2987 ἑορτὰς
2298 2917 2546 2989 ἀγαθὰς,
2590 2917 2691 2972 καὶ
2735 2914 3255 2987 εὐφρανθήσεσθε,
3292 2914 3392 2969 καί
3425 2914 3539 2984 τὴν

1946 3009 2240 3076 ἀλήθειαν
2267 3009 2368 3065 καὶ
2394 3009 2516 3079 τὴν
2536 3007 2791 3079 εἰρήνην
2810 3006 3188 3080 ἀγαπήσατε.

2016 3102 2151 3157 MG'.
2199 3103 2522 3172 Ἀναγκαῖον
2567 3096 2724 3173 οἶμαι
2787 3102 2901 3164 τοῖς
2944 3098 3274 3171 φιλομαθέσι
3319 3116 3532 3169 προαφ-

1944 3190 2265 3261 ηγήσασθαι
2284 3191 2450 3246 πάλιν
2467 3189 2579 3246 τῶν
2611 3189 2799 3246 ἐνθάδε
2815 3189 3129 3260 λεγομένων
3151 3187 3418 3257 νηστειῶν
3439 3189 3539 3251 τὰς

259 3272 377 3322 loro
405 3272 683 3337 dicitur,ct
707 3275 849 3341 quod
876 3274 947 3328 sit
981 3276 1545 3345 quartum,quodnam
1569 3279 1841 3348 quintum,

1947 3283 2152 3350 αἰτίας,
2185 3283 2282 3337 καὶ
2317 3283 2452 3338 ποία
2476 3285 2510 3354 ἡ
2541 3282 2739 3354 τετρὰς
2766 3321 2781 3347 ,
2816 3281 2903 3345 τίς
2928 3280 2987 3335 δὲ
3015 3280 3049 3352 ἡ
3078 3280 3329 3354 πέμπτη,
3358 3280 3453 3333 καὶ
3479 3280 3536 3332 αἱ

256 3371 311 3413 ct
386 3361 610 3432 reliqua,
651 3364 938 3432 septimum
988 3366 1221 3434 scilicet,
1285 3377 1342 3422 et
1405 3367 1697 3423 decimum.
1761 3368 1854 3426 Sic

254 3452 399 3503 enim
418 3463 718 3522 opportune
731 3463 920 3524 etaptc
930 3471 1052 3526 quae
1067 3457 1473 3515 sitmandatoru
1489 3474 1538 3513 tu
1559 3460 1643 3515 vis
1660 3460 1854 3517 deinde

255 3543 611 3609 cnucleamlo,
638 3545 1012 3617 adiungemus.
1034 3546 1201 3618 igitur
1230 3558 1387 3620 rapta
1406 3560 1593 3607 sancta
1612 3553 1851 3621 civitate,

256 3642 312 3687 et
338 3647 533 3691 exusto
556 3640 778 3709 templo,
808 3651 864 3696 ct
883 3639 1078 3695 Isracle
1104 3641 1263 3696 simul
1285 3657 1409 3698 cum
1432 3645 1578 3699 vasis
1602 3645 1774 3700 sacris
1798 3644 1851 3700 iu

256 3728 627 3797 captivitatem
648 3732 881 3787 abducto
903 3730 971 3798 ‘9,
995 3731 1087 3802 qui
1114 3732 1248 3788 salvi
1274 3735 1552 3802 restabant
1575 3736 1627 3791 in
1645 3734 1849 3802 Iudaea,

257 3820 375 3873 dies
403 3820 598 3888 quibus
623 3823 737 3877 hmc
773 3824 882 3894 pati
905 3823 1223 3895 contigisset
1250 3826 1467 3883 odiosos
1517 3839 1575 3884 et
1604 3844 1854 3886 exsecra-

258 3911 395 3967 biles
435 3912 733 3980 habebant,
773 3915 1044 3985 factisque
1073 3917 1307 3974 ctetibus
1336 3920 1588 3991 planctus
1645 3922 1851 3978 lamen-

257 4002 596 4073 tationcsque
619 4007 1003 4076 suscipiebant,
1031 4009 1154 4066 cibo
1182 4026 1241 4067 se
1273 4020 1333 4066 ut
1368 4013 1421 4066 in
1462 4012 1690 4083 ieiuniis
1716 4014 1848 4073 abs-

258 4095 516 4151 tinentes.
574 4098 705 4166 Quae
762 4109 943 4157 autem
990 4118 1318 4174 unoquoque
1374 4104 1638 4160 dieruma
1695 4107 1849 4162 nobis

260 4188 419 4245 modo
443 4191 706 4247 dicturum
737 4197 1046 4261 evenerint,
1071 4211 1172 4268 age
1199 4212 1558 4266 exponamus.
1586 4198 1675 4252 Ait
1717 4213 1847 4266 ergo

258 4282 447 4338 beatus
471 4283 734 4341 Jeremias
768 4306 781 4342 :
813 4307 832 4340 ι
875 4289 939 4343 Et
965 4289 1163 4344 factum
1181 4301 1268 4346 est
1303 4291 1358 4345 in
1376 4306 1520 4347 anno
1540 4307 1681 4346 nouo
1697 4292 1844 4362 regni

251 4374 395 4443 eius,
448 4376 689 4432 Sedcciae
756 4380 962 4448 utique,
1022 4381 1075 4435 in
1139 4396 1328 4437 mense
1360 4382 1595 4446 decimo,
1635 4383 1843 4437 decima

257 4469 459 4523 mensis
484 4471 631 4525 venit
670 4470 1166 4529 Nabuchodonosor
1193 4489 1283 4528 rex
1308 4472 1619 4544 Babylonis,
1644 4484 1698 4528 et
1727 4489 1846 4526 om-

259 4561 343 4617 nis
361 4564 638 4619 exercitus
656 4564 772 4633 eius
801 4574 988 4620 contra
1015 4564 1340 4628 Jerusalem,
1406 4574 1463 4622 et
1518 4565 1843 4620 circumval-

1954 3371 2165 3427 τούτων
2194 3373 2396 3445 ἐφεξῆς
2430 3373 2632 3446 ἑϐδόμη
2669 3389 2732 3427 τε
2770 3373 2869 3428 καὶ
2906 3372 3132 3444 δεκάτη.
3174 3373 3537 3446 notam?”-

1958 3480 2060 3535 μεν
2089 3463 2201 3536 γὰρ
2224 3464 2401 3531 οὕτως
2441 3464 2536 3519 ἐπὶ
2563 3464 2760 3534 καιροῦ
2795 3464 2893 3521 καὶ
2921 3466 2981 3520 ὲν
3009 3464 3200 3537 κόσμῳ
3225 3464 3411 3519 λοιπὸν
3431 3463 3537 3519 τῶν

1956 3559 2452 3627 προστεταγμένων
2481 3556 2581 3626 τὴν
2613 3555 2866 3627 δύναμιν.
2899 3555 3112 3610 Οὐκοῦν
3148 3555 3289 3627 μετὰ
3314 3555 3377 3610 τὸ
3397 3555 3512 3610 ἁλῶ

1954 3666 2043 3704 ναι
2073 3648 2173 3720 τὴν
2199 3648 2364 3718 ἁγίαν
2390 3647 2565 3715 πόλιν,
2607 3650 2705 3704 καὶ
2731 3648 3228 3721 κατεμπρησθῆναι
3265 3649 3356 3704 τὸν
3384 3649 3534 3717 ναὸν,

1953 3739 2397 3812 ἀποκομισθῆναι
2421 3741 2479 3794 δὲ
2509 3740 2648 3813 ὁμοῦ
2699 3744 2814 3806 τοῖς
2866 3741 3034 3812 ἱεροῖς
3076 3740 3332 3795 σκεύεσιν
3364 3741 3535 3813 αἰχμ-

1952 3832 2160 3888 άλωτον
2189 3831 2283 3891 τὸν
2319 3830 2573 3904 Ἰσραὴλ,
2598 3831 2648 3885 oi
2693 3828 3032 3902 σεσωσμένοι
3066 3846 3127 3884 τε
3167 3828 3263 3883 καὶ
3294 3828 3534 3900 περιλει-

1952 3924 2179 3995 φθέντες
2218 3924 2362 3980 κατὰ
2395 3925 2496 3995 τὴν
2539 3923 2821 3989 Ἰουδαίαν,
2854 3923 2955 3988 τὰς
2979 3922 3216 3995 ἡμέρας,
3256 3923 3316 3976 ὲν
3342 3919 3432 3988 αἷς
3459 3922 3533 3977 τὰ

1949 4018 2129 4073 τοιάδε
2171 4017 2368 4072 παθεῖν
2401 4015 2752 4088 συμϐέϐηκεν
2803 4015 3127 4086 ἀποφράδας
3158 4014 3394 4086 ἡγοῦντο
3438 4014 3533 4069 καὶ

1951 4111 2250 4182 στυγητάς,
2285 4111 2381 4165 καὶ
2426 4109 2492 4180 δὴ
2533 4108 2678 4163 κατὰ
2710 4108 2924 4180 πληθὺν
2957 4107 3293 4174 συνθέοντες,
3318 4106 3533 4180 κομμὸν

1949 4202 2239 4266 ἐποιοῦντο,
2260 4201 2357 4256 καὶ¹
2390 4200 2591 4274 θρῆνον
2617 4240 2633 4265 ,
2677 4201 2995 4268 άσιτοῦντες
3038 4204 3114 4268 ὡς
3146 4206 3204 4258 ὲν
3232 4204 3527 4273 νηστείαις.

1948 4293 2084 4349 Τίνα
2105 4293 2162 4348 δὲ
2187 4292 2251 4363 δὴ
2277 4292 2348 4347 τά
2380 4291 2769 4364 συμϐεϐηκότα
2827 4293 2922 4347 καὶ
2964 4295 3023 4347 ἐν
3052 4294 3257 4366 ἑκάστῃ
3287 4295 3394 4347 τῶν
3427 4293 3528 4363 άρ-

1947 4387 2077 4449 τίως
2113 4385 2244 4455 ἡμῖν
2272 4383 2580 4455 εἰρημένων
2623 4384 2880 4456 ἡμερῶν,
2911 4385 3048 4457 φέρε
3072 4386 3345 4457 λέγωμεν.
3379 4384 3524 4455 Ἔφη

1944 4478 2176 4533 τοίνυνδ
2210 4476 2480 4549 μακάριος
2523 4477 2823 4550 Ἱερεμίας·
2882 4497 2901 4529 ι
2937 4479 3047 4532 Καὶ
3096 4478 3312 4543 ἐγένετο
3351 4479 3410 4531 ὲν
3448 4477 3527 4548 τῷ

1947 4569 2057 4624 ἔτει
2097 4567 2178 4640 τῷ
2223 4567 2430 4639 ὲννάτῳ
2473 4567 2576 4638 τῆς
2614 4567 2890 4638 βασιλείας
2920 4568 3124 4633 αὐτοῦ,
3158 4568 3316 4640 δῆλον
3348 4568 3405 4621 δὲ
3443 4568 3524 4621 ὅτι

254 4653 437 4709 larunt
466 4669 610 4719 eam,
644 4663 697 4711 et
730 4656 1134 4711 tedilicavcrunt
1154 4657 1359 4713 circum
1387 4672 1509 4712 eam
1564 4656 1832 4724 lapidibus

1947 4662 2213 4727 Σεδεκίου,
2243 4663 2302 4715 ὲν
2334 4660 2414 4731 τῷ
2447 4660 2580 4731 μηνὶ
2610 4660 2690 4733 τῷ
2720 4661 2932 4732 δεκάτῳ
2956 4701 2974 4726 ,
3008 4662 3211 4731 δεκάτῃ
3235 4660 3329 4714 τοῦ
3357 4650 3525 4731 μηῦδς

257 4747 499 4815 quadris,
526 4747 747 4804 etvenit
769 4748 964 4805 civitas
988 4749 1041 4804 in
1068 4750 1347 4819 angustias
1373 4763 1545 4819 usque
1573 4751 1641 4803 ad
1676 4751 1843 4805 unde-

253 4840 456 4895 cimum
486 4856 685 4895 annum
708 4842 851 4911 regis
875 4843 1139 4911 Sedeciae,
1169 4844 1221 4897 in
1274 4858 1462 4899 mense
1491 4854 1706 4913 quarto,
1740 4860 1840 4898 no-

256 4948 326 4985 ua
373 4934 461 4986 die
491 4934 714 4989 mensis.
739 4934 807 4988 Et
841 4934 1067 4989 invaluit
1096 4934 1267 4990 fames
1298 4935 1351 4989 in
1389 4935 1632 5001 civitate,
1657 4944 1838 4991 etnon

251 5037 412 5080 erant
450 5041 618 5096 panes
666 5026 862 5096 populo
893 5036 1088 5093 terrae;
1117 5037 1174 5083 et
1225 5026 1437 5097 dirupta
1510 5027 1839 5093 estcivitas,

254 5125 312 5167 ct
335 5130 523 5171 clunes
541 5116 643 5171 viri
674 5117 967 5173 bellatores
991 5118 1196 5188 egressi
1228 5127 1357 5173 sunt
1383 5127 1540 5173 nocte
1569 5118 1652 5171 via
1681 5118 1834 5173 urhis

254 5203 399 5261 inter
423 5210 617 5280 muros!
638 5209 804 5281 726
828 5218 885 5265 et
921 5210 1274 5276 antemurale,
1310 5210 1452 5279 quod
1485 5219 1604 5264 erat
1647 5225 1836 5265 versus

252 5296 471 5353 hortum
521 5303 663 5372 regis
695 5303 765 5358 ⁸⁸.
806 5322 825 5356 ι
873 5302 1068 5359 Postea
1099 5304 1243 5359 caede
1280 5302 1570 5359 liberorum
1596 5301 1835 5358 Sedccia:

249 5403 307 5444 et
334 5393 708 5451 exoculatione
732 5396 851 5466 eius
881 5395 1152 5462 intersita,
1184 5396 1257 5450 ita
1290 5395 1468 5465 pergit
1501 5409 1517 5446 :
1557 5412 1577 5445 ι
1612 5394 1668 5448 ln
1689 5410 1841 5448 men-

256 5499 317 5536 sc
354 5482 568 5552 quinto,
601 5484 810 5540 decima
834 5486 1036 5541 mensis
1075 5486 1224 5540 venit
1275 5483 1637 5539 Nahuzardan
1689 5483 1840 5551 priu-

251 5591 383 5645 ceps
406 5591 727 5645 coqunrnm,
752 5579 843 5648 qui
869 5579 1053 5634 stabat
1078 5588 1205 5634 ante
1236 5577 1428 5633 faciem
1483 5578 1625 5647 regis
1665 5576 1838 5647 Baby-

255 5669 416 5733 lonis,
456 5670 505 5723 iu
538 5668 932 5737 Jerusalem,et
956 5672 1237 5729 succendit
1274 5671 1493 5728 domum
1524 5670 1757 5735 Domini,
1781 5680 1837 5725 et

372 5847 416 5878 “‘
443 5846 600 5905 Joau.
640 5866 748 5917 xw,
787 5855 839 5909 6.
954 5853 996 5887 ⁸⁷
1035 5851 1076 5906 il
1114 5851 1257 5909 Pctr.
1287 5868 1376 5919 tu,
1419 5851 1499 5908 l5.

1943 4744 2075 4819 ἦλθε
2099 4747 2586 4819 Ναϐουχοδονόσωρ
2609 4747 2863 4819 βασιλεὺς
2896 4749 3239 4816 Βαὸυλῶνος,
3261 4751 3354 4803 καὶ
3375 4751 3524 4802 πᾶσα

1942 4842 1976 4913 ἡ
2022 4840 2249 4911 δύναμις
2280 4839 2448 4896 αὐτοῦ
2500 4841 2595 4896 ἐπὶ
2631 4841 2986 4914 Ἰερουσαλὴμ
3009 4886 3025 4909 ,
3060 4843 3155 4898 καὶ¹
3187 4844 3521 4914 περιεχαρά-

1942 4949 2127 4987 κωσαν
2162 4933 2370 5005 αὐτὴν,
2423 4932 2521 4988 καὶ
2566 4933 3055 5005 περιῳκοδόμησαν
3109 4934 3282 5007 αὐτὴν
3330 4951 3523 5005 τετρα-

1940 5024 2124 5089 πόδοις
2151 5024 2321 5089 λίθοις
2344 5024 2555 5097 κύκλῳ,
2584 5026 2677 5079 καὶ⁵
2707 5021 2871 5099 ἦλθεν
2900 5028 2933 5099 ἡ
2966 5027 3120 5092 πόλις
3153 5030 3232 5092 εἰς
3269 5029 3518 5099 συνοχὴν,

1940 5113 2048 5179 ἕως
2075 5114 2363 5169 ἑνδεκάτου
2392 5114 2547 5178 ἔτους
2579 5114 2656 5186 τῷ
2686 5115 2896 5186 βασιλεῖ
2926 5116 3170 5188 Σεδεκίᾳ,
3195 5118 3253 5170 ὲν
3288 5119 3417 5189 μηνὶ
3443 5117 3520 5188 τῷ

1942 5208 2206 5278 τετάρτῳ,
2240 5206 2435 5279 ἐννάτῃ
2476 5205 2571 5260 τοῦ
2607 5205 2794 5277 μηνός.
2828 5208 2941 5262 Καὶ
2968 5208 3279 5281 ὲστερεώθη
3309 5210 3337 5261 ὁ
3364 5208 3519 5279 λιμὸς

1939 5296 1999 5350 ἐν
2041 5299 2108 5368 τῇ
2150 5296 2334 5359 πόλει,
2383 5297 2478 5350 καὶ
2513 5297 2615 5349 οὐκ
2640 5292 2782 5368 ἦσαν
2812 5297 3074 5369 ἄρτοιτῷ
3111 5299 3227 5370 λαῷ
3253 5301 3354 5372 τῆς
3392 5301 3516 5371 γῆς.

1938 5390 2034 5445 καὶ
2057 5389 2337 5461 διεκόπηὴ
2369 5389 2554 5454 πόλις,
2597 5391 2690 5444 καὶ
2725 5390 2928 5457 πάντες
2959 5393 3010 5446 οἱ
3052 5393 3246 5464 ἄνδρες
3282 5395 3332 5445 οἱ
3363 5397 3516 5445 πολεο

1940 5480 2133 5552 μιοταὶ
2174 5479 2399 5549 ἐξῆλθον
2440 5480 2633 5545 νυκτὸς
2672 5482 2812 5536 κατὰ
2850 5483 2951 5554 τὴν
2994 5484 3112 5539 ὁδὸν
3163 5485 3263 5555 τῆς
3310 5483 3515 5549 πόλεως

1936 5571 2211 5641 ἁναμέσον
2238 5570 2333 5625 τοῦ
2370 5571 2584 5642 τείχους
2623 5573 2719 5627 καὶ
2748 5573 2844 5627 τοῦ
2870 5575 3333 5647 προτειχίσματος
3353 5616 3367 5640 ,
3392 5575 3420 5630 ὃ
3447 5570 3516 5646 ἦν

1938 5665 2079 5720 κατά
2102 5663 2194 5719 τὸν
2224 5665 2400 5736 κῆπον
2429 5664 2523 5718 τοῦ
2561 5665 2843 5736 βασιλέως.
2881 5688 2899 5719 ι
2932 5664 3064 5723 Εἶτα
3085 5670 3149 5740 δὴ
3177 5668 3343 5740 μέσον
3371 5685 3515 5741 παρ·-

1586 5851 1625 5881 ""
1655 5848 1844 5905 Matth.
1878 5866 1929 5920 ν,
1954 5851 2046 5906 57.
2126 5849 2168 5884 ⁵³
2204 5848 2268 5906 ιν
2303 5849 2433 5921 Reg.
2480 5865 2604 5915 xxv,
2631 5852 2683 5908 9.
2760 5849 3004 5907 δοίητε-(τευ
3067 5862 3162 5913 tu,
3190 5843 3307 5901 4-7.
