4072 6370
489 423 594 480 [29

1334 410 1902 472 COMMENTARIUS
1942 410 2009 467 IN
2051 410 2456 466 ZMIHAIHAM
2495 411 2939 470 PROPIIETAM.

3655 421 3760 479 150

484 534 658 598 ινθεὶς
697 533 807 586 τῶν
844 532 1095 586 Σεδεκιου
1133 530 1341 585 παίδων
1388 529 1490 602 τὴν
1531 529 1772 600 σφαγὴν,
1822 528 1987 583 αὐτοῦ
2017 527 2070 583 δὲ

2179 531 2398 585 domum
2447 531 2613 600 regis,
2645 540 2701 586 ct
2729 548 2917 587 ontnes
2967 532 3155 589 domos
3208 533 3373 599 urbis,
3441 545 3493 590 et
3542 551 3757 593 omnem

489 625 580 697 τὴν
626 624 903 694 τύφλωσιν
924 667 939 689 ,
973 622 1079 692 ἔφη
1114 621 1298 677 πάλιν·
1333 642 1355 674 t
1397 622 1486 676 Ἐν
1521 622 1653 692 μηνὶ
1691 622 1769 692 τῷ
1802 622 2061 692 πέμπτῳ,

480 714 680 787 δεκάτῃ
700 712 796 767 τοῦ
822 714 990 787 μηνὸς
1003 708 1136 784 ἦλθε
1153 711 1545 784 Ναϐουζάρδαν
1592 714 1621 767 6
1642 714 1772 784 ἀρχι
1782 712 2066 783 μάγειρος,

480 806 508 858 6
535 804 783 875 έστηκὼς
810 804 953 859 κατὰ
984 802 1279 875 πρόσωπον
1311 802 1408 856 τοῦ
1449 801 1718 873 βασιλέως
1747 801 2067 865 Βαϐυλῶνος

480 897 560 962 είς
595 896 976 968 Ἰερουσαλὴμ,
1015 896 1109 950 καὶ
1136 896 1412 967 ἐνέπρησε
1436 895 1528 950 τὸν
1552 891 1701 950 οῐκον
1727 896 2067 966 Κυρίου,καὶ

484 988 570 1043 τὸν
594 984 741 1043 οἶκον
770 988 1037 1060 βασιλέως
1059 1029 1075 1055 ,
1132 987 1228 1042 καὶ
1260 989 1440 1052 πάσας
1467 987 1569 1052 τὰς
1600 987 1780 1051 οίκίας
1823 987 1923 1057 τῆς
1969 986 2067 1039 πό·

478 1083 638 1149 λεως,
670 1084 767 1137 καί⁵
800 1084 983 1137 πᾶσαν
1011 1080 1188 1135 οἰκίαν
1220 1079 1470 1151 μεγάλην
1500 1079 1809 1151 ἐνέπρησεν
1829 1080 1886 1133 ὲν
1907 1076 2062 1151 πυρὶ,

478 1175 575 1230 καὶ
598 1176 707 1229 πᾶν
734 1176 915 1245 τεῖχος
949 1172 1310 1245 Ἰερουσαλὴμ
1339 1169 1529 1241 κύκλῳ
1556 1170 1809 1224 καθεῖλεν
1840 1171 1874 1241 ἡ
1902 1169 2066 1224 δύνα-

480 1286 577 1341 μις
634 1267 745 1322 τῶν
794 1266 1078 1322 Χαλδαίων
1129 1268 1163 1338 ἡ
1219 1265 1361 1336 μετά
1427 1264 1522 1319 τοῦ
1582 1263 2002 1335 ἀρχιμαγείρου.
2040 1281 2059 1314 ι

489 1360 736 1425 ’Δκούεις
767 1361 916 1425 ὅπως
949 1360 1008 1413 ὲν
1036 1358 1117 1431 τῷ
1158 1358 1371 1429 δεκάτῳ
1415 1358 1527 1412 ἔτει
1565 1356 2000 1428 πεπολιόρκηκεν
2029 1358 2065 1410 6

472 1452 968 1524 Ναϐουχοδονόσωρ
999 1450 1099 1522 τὴν
1141 1450 1520 1523 Ἰερουσαλὴμ,
1553 1444 1677 1505 εἶτα
1706 1448 1785 1521 τῷ
1815 1447 2061 1520 τετάρτῳ

477 1544 612 1617 μηνὶ
635 1542 729 1598 τοῦ
757 1542 986 1597 δεκάτου
1025 1541 1180 1607 ἔτους
1199 1540 1558 1611 διακεκόφθαι
1590 1541 1726 1612 φησὶ
1757 1538 1857 1611 τὴν
1880 1539 2055 1594 πόλινο

473 1637 534 1690 ἐν
596 1634 654 1690 δὲ
699 1634 779 1707 τῷ
829 1634 1070 1706 πέμπτῳ
1116 1634 1248 1707 μηνὶ
1314 1634 1411 1688 καὶ
1457 1634 1620 1687 αὐτὸν
1665 1630 2059 1703 ἐμπεπρῆσθαι

468 1727 565 1782 τὸν
613 1726 741 1782 ναὸν
789 1727 884 1781 καὶ
937 1722 1257 1782 ἃπασαν“δὲ
1305 1725 1403 1797 τὴν
1441 1725 1600 1779 πόλιν
1664 1722 2058 1794 διισχυρίζεται

474 1818 626 1891 παρά
676 1817 771 1873 τοῦ
815 1817 1244 1891 ἀρχιμαγείρου.
1292 1816 1646 1889 ’Δποφράδας
1690 1816 1756 1885 δὴ
1807 1811 1902 1870 οὖν
1955 1816 2059 1888 τὴν

2170 623 2668 693 domnmmagnam
2696 625 3149 696 combussitigni,
3196 639 3250 682 et
3275 644 3493 682 omnem
3546 646 3757 685 murum

2167 711 2469 768 Jerusalem
2502 714 2556 768 in
2583 715 2812 769 circuitu
2842 717 3039 772 evertit
3060 718 3335 773 exercitus
3358 721 3755 786 Chaldaeorum,
3788 761 3795 766 .

2168 809 2260 877 qui
2285 817 2540 862 eratcum
2566 809 2811 880 principe
2833 824 3131 881 coquornm
3154 812 3221 869 ³⁸.
3271 832 3291 865 ι
3331 815 3501 869 Audis
3537 831 3646 886 quo
3668 831 3760 883 pa-

2167 909 2257 953 cto
2287 917 2306 950 ι
2342 913 2526 953 mense
2553 900 2762 954 decimo
2791 901 2916 955 anni
2947 903 3070 957 noni
3106 922 3125 956 ι
3180 918 3323 959 anno
3381 905 3593 961 decimo
3647 905 3757 960 Na-

2168 989 2589 1046 buchodonosor
2659 990 3089 1064 Hierosolymam
3162 994 3472 1064 obsederit;
3559 997 3758 1053 deinde

2168 1092 2369 1152 quarto
2398 1098 2588 1139 mense
2618 1085 2746 1138 anni
2779 1084 3052 1139 undecimi
3082 1085 3354 1157 diruptam
3392 1104 3513 1144 esse
3561 1090 3756 1144 civita-

2170 1184 2297 1228 tem.
2326 1175 2381 1230 In
2415 1190 2599 1232 mense
2622 1188 2803 1231 autem
2844 1177 3038 1247 quinto
3062 1178 3227 1233 etiam
3278 1183 3453 1249 ipsum
3491 1180 3752 1252 templum

2167 1274 2221 1319 et
2251 1275 2416 1320 totam
2447 1267 2634 1321 urbem
2653 1283 2681 1320 a
2723 1269 2969 1337 principe
3000 1284 3301 1338 c0qnorum
3359 1270 3750 1328 inﬂammatam

2168 1367 2377 1411 narrat.
2411 1357 2574 1412 Atros
2602 1356 2790 1427 igitur.
2822 1374 2917 1415 seu
2944 1358 3181 1416 nefastos
3200 1370 3480 1430 quartum,
3514 1371 3570 1418 et
3594 1363 3755 1433 quin-

2169 1456 2304 1513 tum,
2338 1459 2393 1503 et
2426 1449 2694 1504 decimum
2726 1451 2843 1507 dies
2880 1462 3100 1522 propter
3154 1466 3347 1508 causas
3372 1467 3402 1507 a
3450 1469 3536 1509 me
3580 1455 3754 1510 dictas

2163 1541 2547 1595 numerabant.
2585 1545 2716 1608 Quae
2741 1553 2919 1599 autem
2955 1544 3186 1615 septima
3241 1545 3426 1610 fuerit,
3491 1557 3752 1617 praeterea

2165 1629 2450 1685 dicendum
2481 1641 2585 1687 est.
2622 1632 2911 1702 Postquam
2940 1635 3084 1690 enim
3147 1636 3400 1708 princeps
3454 1652 3751 1709 coquornm

2160 1718 2699 1786 Jerusalenievertit,
2739 1723 3024 1780 Godoliam
3051 1726 3354 1797 principem
3398 1727 3624 1795 Judaeis,
3655 1729 3751 1800 qui

2165 1811 2552 1885 Hierosolymis
2575 1825 2974 1883 remanserant,
3011 1819 3263 1874 creavit:
3315 1835 3423 1891 quo
3473 1822 3618 1878 facto
3649 1821 3752 1878 Ba-

471 1911 762 1984 τετάρτην,
790 1912 888 1966 καὶ
911 1909 1011 1983 τὴν
1038 1911 1321 1982 πέμπτην,
1342 1909 1437 1963 καὶ
1460 1911 1560 1979 τὴν
1578 1909 1813 1979 δεκάτην
1837 1907 2056 1980 ἡμέραν

2161 1900 2409 1971 bylonem
2437 1905 2709 1974 repetivit.
2736 1904 2890 1972 Quod
2908 1908 3000 1963 ubi
3027 1920 3398 1979 cognoverunt
3426 1914 3750 1982 superstites

477 2002 786 2069 ἐποιοῦντο,
811 2001 879 2057 δι’
912 2001 979 2068 ἃς
1012 1999 1168 2057 εἷπον
1204 2002 1408 2066 αἰτίας.
1437 2001 1534 2066 Τίς
1559 1999 1615 2055 δὲ
1642 2000 1736 2055 καὶ
1760 2002 1793 2072 ἡ
1826 1998 2055 2071 ἑϐδόμη,

470 2096 634 2150 πάλιν
679 2096 858 2149 εἰπεῖν
891 2095 1216 2163 ἀναγκαῖον.
1256 2090 1478 2163 Ἐπειδὴ
1527 2090 1634 2163 γὰρ
1663 2084 1777 2145 εἷλὲ
1806 2090 1907 2162 τὴν
1964 2090 2059 2145 Ἰε-

469 2185 750 2262 ρουσαλὴμ
783 2188 812 2241 6
837 2186 1261 2259 ἅρχιμάγειρος,
1308 2184 1731 2257 κεχειροτόνηκε
1774 2182 1865 2239 τὸν
1901 2182 2059 2237 Γοδο-

467 2281 587 2335 λίαν
632 2282 712 2344 είς
757 2278 1082 2351 καθηγητὴν
1107 2279 1224 2342 τοῖς
1247 2275 1604 2339 καταλοίποις
1630 2275 1741 2328 τῶν
1785 2273 2057 2328 Ἰουδαίων

464 2375 525 2427 ἐν
556 2374 670 2436 τοῖς
707 2369 1134 2442 Ἱεροσολύμοις·
1166 2364 1289 2422 εἶτα
1318 2366 1482 2421 τοῦτο
1511 2363 1791 2438 δεδρακὼς
1814 2364 2056 2437 ἀπῆλθεν

463 2465 545 2527 εἰς
586 2461 906 2517 Βαϐυλῶνα.
962 2459 1185 2533 Ἐπειδὴ
1228 2459 1286 2515 δὲ
1339 2458 1501 2514 τοῦτο
1547 2457 1693 2518 οὓτω
1740 2456 2057 2530 πεπρᾶχθαι

467 2551 858 2626 μεμαθήκασιν
890 2554 948 2621 ,οἱ
1001 2550 1404 2625 περισωθέντες
1450 2549 1511 2616 ἐξ
1575 2548 1877 2615 Ἰουδαίων,
1926 2566 2055 2604 συν-

463 2644 697 2717 έδραμον
731 2646 791 2699 ὲν
826 2647 942 2709 τοῖς
982 2642 1405 2716 Ἰεροσολύμοις,
1436 2641 1533 2696 καὶ
1577 2636 1722 2713 ἦσαν
1766 2643 1826 2696 ὲν
1867 2640 2053 2695 ἐλπίσι

460 2735 557 2792 τοῦ
603 2739 879 2792 κατοικεῖν
932 2737 1026 2791 ἐπὶ
1058 2735 1160 2809 τὴν
1204 2734 1332 2808 γῆν.
1373 2734 1519 2789 Ἀλλ’
1566 2735 1626 2789 έν
1671 2731 1751 2805 τῷ
1796 2733 1926 2804 μηνὶ
1973 2733 2053 2805 τῷ

462 2831 695 2904 ἑϐδόμῳ,
748 2830 897 2886 καθὰ
936 2829 1274 2902 γέγραπται,
1321 2828 1414 2883 τὸν
1464 2826 1717 2881 Γοδολίαν
1762 2825 1975 2881 ἀνεῖλεν
2024 2829 2054 2881 6

475 2924 701 2997 Ἰσμαήλ
721 2941 737 2957 ο
791 2924 889 2980 καῖ
933 2923 1207 2997 διεσπάρη
1242 2923 1352 2986 πᾶς
1384 2921 1415 2975 6
1443 2920 1573 2985 λαὸς
1622 2920 1745 2974 τότε
1765 2960 1779 2983 ,
1814 2919 1911 2974 καὶ
1948 2919 2055 2973 άπ-

462 3016 697 3089 έδραμον
737 3016 819 3082 είς
861 3016 963 3088 τὴν
1010 3014 1351 3086 Αἰγυπτίων,
1399 3013 1498 3068 καὶ
1546 3011 1866 3067 διολώλασιν
1913 3014 2048 3067 ἐκεῖ.

463 3108 751 3181 Στυγητὴν
783 3102 878 3162 οὖν
913 3103 1200 3161 ἐποιοῦντο
1250 3105 1349 3159 καὶ
1394 3103 1496 3175 τὴν
1538 3102 1776 3174 ἑϐδόμην
1812 3101 2050 3173 ἡμέραν,

2156 1990 2349 2058 Judaei,
2416 1994 2846 2068 Hierosolymam
2894 2015 3019 2056 cum
3054 2016 3151 2071 spe
3211 2003 3411 2058 ibidem
3470 2005 3748 2062 habitandi

2157 2085 2553 2144 conlluterunt.
2592 2090 2700 2147 Sed
2744 2107 2931 2148 mense
2952 2095 3186 2164 septimo
3226 2094 3511 2152 Godoliam
3539 2099 3743 2155 occidit

2156 2175 2387 2244 lsmael;
2420 2189 2476 2235 et
2511 2181 2807 2250 dissipatus
2822 2196 2904 2240 est
2947 2186 3125 2242 onmis
3181 2190 3412 2260 populus
3442 2199 3589 2254 tunc,
3614 2207 3747 2249 con-

2156 2270 2402 2343 fugitque
2427 2273 2478 2327 iu
2516 2272 2834 2345 Egyptum,
2874 2278 2962 2332 ubi
2992 2281 3155 2347 periit
3176 2282 3246 2335 ⁵².
3287 2281 3439 2338 lianc
3503 2287 3573 2341 ob
3625 2301 3747 2339 cau-

2155 2377 2272 2417 sam
2288 2373 2343 2419 et
2372 2366 2661 2434 septimum
2692 2368 2834 2424 diem
2868 2378 2926 2424 et
2958 2372 3134 2441 ipsum
3154 2390 3398 2431 mensem
3442 2380 3741 2435 abominati

2155 2465 2304 2510 sunt.
2331 2457 2508 2527 Atque
2544 2458 2657 2514 haec
2699 2469 2789 2516 est
2830 2460 3162 2530 jejuniorum
3216 2470 3454 2527 occasio.
3511 2471 3575 2525 Et
3611 2487 3745 2541 quo-

2155 2547 2300 2601 niam
2328 2562 2669 2619 consequens
2698 2560 2839 2619 erat,
2865 2557 3205 2614 cessantibus
3243 2560 3439 2632 plagis,
3479 2572 3535 2619 et
3560 2562 3741 2620 lsrae-

2151 2639 2203 2697 le
2235 2638 2669 2714 Hierosolymam
2698 2659 2939 2710 reverso,
2977 2656 3033 2703 et
3077 2649 3324 2708 tristibus
3356 2653 3524 2711 linitis
3600 2655 3743 2713 ultra

2154 2749 2260 2790 non
2291 2733 2543 2807 jejunare
2591 2746 2648 2791 et
2672 2737 2965 2810 plangere,
2992 2740 3196 2799 luctum
3227 2755 3440 2804 mutare
3477 2747 3661 2804 laetitia
3690 2758 3746 2805 et

2148 2830 2385 2900 gaudere
2408 2829 2589 2900 potius
2606 2831 2760 2902 jubet
2787 2832 2857 2889 de
2886 2835 3047 2891 bonis
3096 2852 3125 2891 a
3179 2838 3292 2896 Deo
3316 2842 3578 2911 acceptis.
3626 2845 3744 2899 sive

2150 2919 2487 2988 meminisse,
2514 2922 2586 2977 ob
2616 2936 2739 2993 quae
2770 2924 2898 2979 olim
2923 2928 3095 2997 puniti
3123 2929 3346 2996 ruerint,
3378 2948 3504 2989 cum
3535 2934 3743 2992 liberri-

2152 3026 2239 3066 me
2252 3011 2551 3068 sceleribus
2579 3027 2641 3069 se
2664 3018 3148 3088 commacularent,
3177 3030 3234 3077 et
3263 3024 3329 3078 ad
3346 3025 3562 3095 quidvis
3586 3027 3740 3081 nefa-

2152 3100 2293 3156 rium
2334 3101 2481 3156 nullo
2505 3104 2713 3171 pudore
2739 3118 2978 3161 ruerent.

461 3199 553 3252 καὶ
584 3198 749 3252 αὐτὸν
794 3196 849 3251 δὲ
893 3195 986 3250 τὸν
1023 3195 1192 3267 μῆνα.
1222 3195 1430 3264 ταύτης
1458 3194 1647 3247 ἕνεκεν
1686 3194 1788 3264 τῆς
1838 3191 2040 3255 αἰτίας.
2077 3191 2214 3245 Ἤδε
2245 3190 2346 3263 μὲν
2409 3187 2504 3247 οῦν
2569 3193 2681 3248 τῶν
2718 3198 2988 3266 νηστειῶν
3017 3200 3052 3271 ἡ
3085 3202 3383 3272 πρόφασις.
3424 3205 3644 3278 Ἐπειδὴ
3679 3206 3740 3261 δὲ

461 3290 750 3345 ἀκόλουθον
781 3285 871 3357 ἦν,
914 3288 1287 3361 πεπαυμένων
1318 3286 1429 3344 τῶν
1468 3287 1527 3355 ἐξ
1597 3288 1772 3360 ὀργῆς
1799 3329 1814 3354 ,
1839 3286 1937 3340 καὶ
1998 3283 2460 3356 ἁνακομισθέντος
2528 3286 2627 3341 τοῦ
2663 3288 2883 3362 Ἰσραὴλ
2927 3294 3008 3357 εἰς
3043 3294 3431 3369 Ἱεροσόλυμα,
3481 3300 3579 3354 καὶ
3628 3299 3740 3353 τῶν

462 3380 802 3455 σκυθρωπῶν
837 3379 1329 3453 παρεληλακότων,
1387 3379 1463 3453 μὴ
1508 3379 1796 3453 νηστεύειν
1865 3378 1947 3432 ἔτι
1983 3379 2083 3432 καὶ
2140 3377 2459 3444 κόπτεσθαι,
2515 3381 2994 3451 μεταπλάττεσθαι
3045 3387 3259 3444 κελεύει
3298 3390 3361 3445 τὸ
3408 3391 3607 3452 πένθος
3652 3393 3738 3456 είς
3802 3446 3809 3451 ι

460 3475 747 3548 εὐθυμίαν,
773 3473 1001 3547 ἥδεσθαί
1023 3489 1086 3527 τε
1115 3473 1320 3547 μᾶλλον
1344 3474 1430 3544 ἐφ’
1456 3467 1537 3537 οἷς
1575 3471 1762 3543 ἔχουσι
1791 3470 2050 3536 λαϐόντες
2087 3471 2241 3545 παρὰ
2274 3470 2434 3535 Θεοῦ,
2500 3472 2671 3544 ἤγουν
2710 3474 2803 3530 διὰ
2844 3478 3068 3552 μνήμης
3103 3480 3249 3553 ἔχειν
3284 3483 3354 3537 τά
3385 3484 3472 3554 ἐφ’
3505 3479 3587 3549 οἷς
3646 3501 3736 3538 τε-

459 3566 797 3639 τιμώρηνται
845 3568 988 3623 κατά
1041 3566 1293 3640 καιροὺς,
1339 3564 1791 3638 πλημμελοῦντες
1865 3562 2217 3634 ἀφυλάκτως,
2265 3562 2366 3618 καὶ
2419 3563 2559 3636 πρὸς
2618 3567 2727 3621 πᾶν
2794 3570 2975 3625 ὁτιοῦν
3047 3572 3158 3627 τῶν
3202 3575 3454 3630 ἐκτόπων
3501 3576 3732 3650 ἀναίδην

458 3655 822 3725 ὠλισθηκότες

528 3752 764 3822 Δέδρακε
792 3751 951 3806 τοῦτο
985 3750 1080 3805 καὶ
1113 3751 1194 3814 είς
1232 3750 1384 3822 ἡμᾶς
1408 3751 1438 3804 6
1469 3748 1729 3822 Χριστός.
1766 3745 2040 3821 Ἐστρεψε
2068 3778 2070 3793 ‹

2215 3739 2371 3796 Fecit
2420 3742 2524 3798 hoc
2554 3746 2720 3799 etiam
2758 3746 2914 3801 nobis
2958 3747 3233 3807 Christus.
3270 3752 3550 3815 Convertit
3580 3766 3726 3818 enim

458 3839 567 3913 γὰρ
618 3841 805 3912 «ἡμῖν
844 3839 937 3894 τὸν
976 3838 1210 3894 κοπετὸν
1257 3839 1340 3904 είς
1384 3837 1587 3911 χαρὰν,
1640 3836 1896 3911 διέρρηξε
1951 3836 2045 3891 τὸν

2150 3854 2173 3888 ι
2204 3834 2480 3904 planctum
2504 3846 2754 3893 nostrum
2787 3838 2839 3893 in
2894 3842 3173 3910 gaudium,
3206 3848 3471 3904 conscidit
3510 3866 3728 3910 saccum

460 3932 661 3986 σάκκον
694 3932 785 3986 καί
818 3930 1155 4004 περιέζωσεν
1184 3930 1548 4003 εὐφροσύνην,
1591 3948 1612 3984 ι
1644 3929 1789 3984 κατὰ
1813 3930 1915 4003 τὴν
1947 3929 2044 3983 τοῦ

2153 3935 2423 3993 nostrum,
2454 3934 2514 3980 et
2561 3927 2922 3984 circumdedit
2989 3947 3089 3988 nos
3144 3934 3349 4004 laatitia,
3380 3958 3401 3993 ι
3441 3949 3499 3995 ιιι
3519 3939 3730 4000 Psaltes

456 4022 765 4087 Ψάλλοντος
814 4023 1017 4095 φωνήν.
1064 4020 1476 4094 Ἐπαιτιώμεθα
1520 4021 1581 4077 δὲ
1632 4021 1920 4095 οὐδαμῶς,
1959 4020 2044 4076 ὅτι

2150 4017 2295 4073 canit
2319 4017 2390 4072 ⁸³.
2426 4016 2537 4073 Nec
2566 4020 2953 4089 conquerimur
2975 4024 3081 4077 ulla
3112 4039 3177 4079 ex
3215 4037 3389 4097 parte,
3428 4035 3571 4101 quod
3599 4049 3726 4089 cum

458 4116 590 4169 Θεὸν
627 4115 727 4169 οὐκ
751 4114 952 4180 εἰδότες
979 4114 1112 4169 ποτὲ
1131 4155 1146 4181 ,
1173 4115 1269 4169 καὶ
1303 4113 1739 4188 προσκυνοῦντες
1765 4115 1833 4186 τῇ
1864 4114 2041 4168 κτίσει

458 4207 608 4280 παρά
633 4207 726 4261 τὸν
756 4206 1043 4274 κτίσαντα,
1071 4204 1445 4278 πεπτώκαμεν
1473 4205 1580 4260 ὑπὸ
1613 4204 1781 4271 πόδας
1805 4203 2039 4279 ἐχθρῶν,

458 4300 550 4355 καὶ
581 4301 660 4365 είς
696 4299 821 4355 νοῦν
852 4298 1115 4371 ἀδόκιμον
1145 4297 1531 4370 παρεδόθημεν
1552 4313 1569 4329 ⁸
1604 4297 2041 4370 εὐχαριστοῦμεν

455 4392 510 4446 δὲ
561 4391 763 4464 μᾶλλον
804 4392 889 4461 ἐφ’
914 4385 997 4456 οἷς
1025 4389 1331 4463 ηλεήμεθα,
1368 4389 1465 4445 καὶ
1507 4388 1852 4461 σεσώσμεθα,
1888 4409 1907 4442 ι
1945 4390 2040 4444 καὶ

456 4489 519 4540 ὲκ
565 4485 750 4560 χειρὸς
791 4483 1004 4558 ἐχθρῶν
1052 4481 1466 4558 λελυτρὼμεθα,
1510 4501 1531 4536 ι
1585 4483 1681 4537 καὶ
1728 4482 1829 4556 τὴν
1875 4483 2039 4553 ἁγίαν

453 4577 709 4648 οἰκοῦμεν
736 4576 913 4641 πόλιν,
940 4574 1191 4630 τουτέστι
1218 4575 1320 4647 τὴν
1374 4573 1726 4647 Ἐκκλησίαν,
1757 4573 2039 4646 ἠξιώμεθά

452 4685 511 4721 τε
558 4666 744 4721 λοιπὸν
794 4667 982 4739 εὐχαῖς
1038 4665 1134 4720 καὶ
1192 4663 1410 4729 θυσίαις
1466 4667 1587 4730 ταῖς
1636 4668 2038 4737 πνευματικαῖς

452 4760 877 4831 καταγεραίρειν
914 4757 1098 4825 αὐτὸν,
1126 4756 1432 4829 ἀγαπῶμεν
1459 4756 1517 4811 δὲ
1548 4757 1645 4811 καὶ
1673 4756 1751 4822 ὡς
1786 4758 2032 4830 εἰρήνην,

452 4852 545 4905 καὶ
576 4851 860 4924 ἀλήθειαν,
893 4852 987 4905 καὶ⁵
1011 4849 1281 4923 θυμηδίας
1323 4849 1427 4921 τῆς
1470 4850 1734 4905 ἀνωτάτω
1759 4851 2036 4923 πρόφασιν

451 4944 511 4997 τὸ
558 4944 753 5017 χρῆμα
794 4941 1253 5012 καταλογίζεσθαι
1288 4944 1443 5013 παρὰ
1491 4941 1593 5013 τῆς
1621 4940 1773 5007 θείας
1800 4942 2037 5013 δεδιδάγ-

455 5035 595 5107 μεθα
622 5035 867 5108 Γραφῆς.
906 5054 926 5089 t
959 5033 1131 5099 Αὐτὸς
1155 5034 1265 5106 γάρ
1292 5034 1442 5088 ἐστιν
1482 5034 1518 5103 ἡ
1564 5034 1755 5105 είρήνη
1782 5033 1977 5105 ἡμῶν·
2008 5053 2027 5087 ι

454 5128 636 5194 αὐτὸς,
662 5116 741 5195 ὥς
773 5128 931 5201 ἔφην,
962 5129 996 5201 ή
1026 5127 1287 5201 ἀλήθεια·
1327 5125 1397 5181 δι’
1437 5125 1603 5181 αὐτόν
1634 5127 1803 5198 ὲσμεν
1838 5129 1898 5181 ὲν
1942 5127 2030 5181 ἑλ-

451 5221 602 5276 πίσιν
639 5221 903 5290 ἀγαθαῖς,
954 5221 1051 5275 καὶ
1104 5223 1163 5275 ὲν
1208 5220 1290 5291 τῷ
1345 5217 1842 5291 κατευφραίνεσθαι
1892 5219 2029 5288 δεῖν,

450 5313 757 5385 κατηφείας
780 5314 1002 5384 ἀπάσης
1034 5311 1394 5385 ἐξῃρημένης.

525 5404 671 5460 Τάδε
695 5403 859 5476 λέγει
884 5402 1104 5473 Κύριος
1145 5402 1569 5473 παντοκράτωρ
1587 5419 1602 5435 ο
1635 5403 1760 5456 "En
1807 5401 2033 5470 ἥξουσι

449 5497 586 5552 ,λαοὶ
635 5495 878 5560 πολλοὶ,
907 5496 1008 5550 καὶ
1042 5493 1466 5561 κατοικοῦντες
1516 5494 1729 5560 πόλεις
1770 5493 2029 5560 πολλὰς,

448 5585 547 5640 καὶ
603 5587 1080 5643 συνελεύσονται
1128 5583 1553 5654 κατοικοῦντες
1597 5585 1780 5639 πέντε
1817 5584 2027 5651 πόλεις

2143 4108 2434 4179 aliquando
2466 4108 2634 4164 Deum
2683 4110 3032 4180 ignorantes,
3081 4126 3136 4169 et
3197 4129 3502 4176 creaturam
3545 4124 3726 4194 potius

2142 4215 2303 4270 quam
2334 4200 2646 4257 Creatorem
2668 4201 2963 4277 adprantes
3010 4205 3112 4260 sub
3162 4211 3326 4276 pedes
3358 4210 3590 4269 hostium
3635 4232 3727 4272 n0-

2140 4302 2378 4348 strorum
2399 4293 2628 4360 redacti,
2667 4303 2724 4348 et
2757 4296 2810 4348 in
2833 4308 3051 4350 sensum
3078 4299 3364 4365 reprobutn
3399 4305 3580 4360 traditi
3632 4323 3726 4361 su-

2140 4384 2322 4440 mus”
2346 4400 2361 4439 :
2390 4385 2519 4455 quin
2538 4385 2742 4455 gratias
2768 4387 3004 4456 agimus,
3022 4388 3184 4459 727
3209 4390 3352 4459 quod
3411 4394 3724 4452 misericor-

2136 4476 2284 4532 diam
2338 4486 2394 4532 et
2438 4476 2665 4532 salutem
2701 4480 3002 4544 consecuti,
3038 4498 3058 4531 ε
3097 4490 3150 4535 et
3180 4481 3246 4536 de
3284 4497 3443 4538 manu
3479 4485 3725 4545 inimicis-

2138 4587 2257 4625 rum
2288 4570 2499 4626 liberati
2529 4571 2576 4604 ⁸⁸
2607 4590 2626 4622 ι
2656 4581 2897 4625 sanctam
2925 4573 3219 4639 civitatem,
3257 4575 3359 4631 hoc
3405 4588 3490 4634 est
3534 4579 3723 4638 Eccle-

2138 4663 2277 4718 siam
2308 4662 2620 4727 incolimus,
2654 4674 2709 4718 et
2735 4665 2881 4735 digni
2916 4682 3104 4721 smnus
3123 4667 3289 4721 habiti
3332 4670 3424 4737 qui
3467 4672 3722 4743 deinceps

2138 4755 2276 4809 votis
2301 4765 2356 4809 et
2394 4755 2677 4811 sacriﬁciis
2699 4757 3071 4826 spirituahbus
3123 4758 3298 4828 ipsum
3366 4775 3717 4831 veneremur;

2135 4855 2191 4901 et
2217 4845 2439 4900 charum
2467 4845 2752 4911 habemus,
2783 4862 2833 4902 et
2867 4861 2989 4903 eam
3022 4862 3136 4902 rem
3172 4864 3387 4918 pacem,
3428 4864 3482 4906 ct
3515 4857 3720 4910 verita-

2137 4949 2271 5006 tem.
2296 4950 2351 4996 et
2374 4956 2600 4996 summa:
2619 4944 2978 5013 jucunditatis
3001 4946 3338 5001 occasionem
3396 4955 3648 5017 reputare
3687 4967 3719 5003 ιι

2138 5032 2319 5087 divina
2355 5031 2637 5103 Scriptura
2662 5033 2808 5090 docti
2844 5050 3050 5089 snnms.
3082 5054 3101 5086 ι
3141 5035 3263 5104 ipse
3308 5036 3452 5091 enim
3504 5046 3588 5092 est
3613 5053 3719 5109 pax

2065 5108 2111 5164 Ῑ)
2139 5135 2320 5182 nostra
2357 5125 2404 5158 ⁸⁸
2438 5142 2453 5180 :
2505 5145 2525 5179 ι
2577 5127 2718 5197 ipse,
2750 5139 2805 5182 ιιι
2836 5129 2971 5192 dixi,
3002 5129 3204 5185 veritas
3226 5129 3274 5161 ⁸⁷
3304 5146 3319 5183 :
3368 5139 3589 5200 prapter
3620 5108 3717 5202 ip-

2129 5232 2249 5272 sum
2284 5217 2422 5273 bene
2450 5232 2753 5288 speramus,
2779 5230 2834 5276 et
2853 5220 3001 5277 omni
3035 5221 3405 5278 rituastitudine
3436 5221 3718 5295 proﬂigata

2132 5310 2551 5381 triumphamus.

2201 5400 2368 5459 Vsus.
2390 5402 2585 5459 20-22.
2618 5403 2748 5460 Ιιιεε
2771 5406 2901 5460 dicit
2932 5406 3187 5461 Dominus
3207 5408 3532 5478 omnipotens
3552 5424 3573 5463 :
3604 5409 3717 5463 Ad-

2127 5493 2229 5549 !tuc
2250 5495 2451 5551 venient
2485 5497 2667 5566 populi
2686 5498 2861 5565 multi,
2898 5508 2947 5553 et
2974 5500 3270 5553 habitantes
3317 5500 3555 5556 civitates
3576 5501 3718 5556 mul-

2134 5599 2236 5655 tas,
2264 5599 2315 5643 et
2353 5591 2815 5660 congregabantur
2866 5591 3163 5648 [cubitantes
3210 5594 3438 5663 quinque
3480 5593 3714 5649 civitates

519 5790 562 5822 "
590 5788 789 5846 Jerem.
822 5805 916 5856 LII,
942 5786 1145 5860 l2-l4._
1204 5787 1252 5820 "
1293 5785 1497 5860 legem.
1560 5802 1648 5860 tu:
1675 5786 1830 5860 8-17;
1862 5787 2032 5860 cui,
2078 5800 2232 5860 seqq.
2265 5802 2282 5852 ;
2311 5783 2378 5838 IV
2409 5784 2541 5860 Reg.
2571 5804 2697 5856 xxv,
2732 5786 2805 5843 25
2841 5803 2996 5860 seqq.
3072 5789 3119 5821 ³³
3150 5788 3292 5847 Psal.
3321 5805 3478 5858 uix,
3501 5790 3588 5847 l2.
3663 5790 3711 5824 “

451 5861 610 5917 Rom.
653 5877 692 5926 ι,
727 5860 802 5915 25
826 5874 980 5931 seqq.

1055 5858 1104 5891 "
1125 5855 1259 5916 Luc.
1298 5873 1335 5925 ι,
1362 5857 1452 5913 74.
1530 5859 1577 5891 ⁴⁶
1608 5857 1806 5929 Ephes.
1840 5873 1898 5926 ιι,
1940 5859 2029 5915 ll.
2105 5857 2148 5889 ⁵⁷
2174 5855 2332 5911 Joan.
2366 5872 2457 5912 xw
2492 5855 2566 5918 '6.
