4072 6370
331 389 429 446 151
1324 378 1386 435 S.
1424 376 1707 434 εγω
1738 373 2213 432 Αιωινοιυκι
2255 370 2575 426 ARCIIIEP.
3509 368 3613 425 £53

330 502 388 555 in
418 513 577 554 unam
600 496 892 561 civitatem,
919 493 1144 549 dicentes
1174 509 1194 549 :
1228 490 1429 548 Eamus
1462 502 1521 546 ut
1577 494 1921 563 deprecemur

2041 494 2113 557 τίς
2135 491 2289 561 μίαν
2323 489 2529 552 πόλιν,
2557 482 2843 555 λέγοντες
2864 499 2877 515 ’
2908 485 3299 554 Πορευθῶμεν
3326 484 3614 557 δεηθῆναι

330 592 524 660 [aciem
556 588 784 652 Domini,
807 598 856 641 et
919 602 1221 656 quaeramus
1272 586 1464 656 faciem
1509 584 1721 638 Domini
1744 583 1918 638 omni-

2041 581 2133 635 τοῦ
2174 580 2507 652 προσώπου
2546 576 2776 646 Κυρίου
2821 576 2922 631 καί
2970 574 3290 646 ἐκζητῆσαι
3320 578 3385 631 τὸ
3431 579 3616 647 πρόσ-

331 682 579 752 potentis.
628 677 828 733 Vadam
850 690 897 734 et
925 695 1040 749 ego,
1081 688 1132 733 et
1176 679 1378 733 venient
1419 677 1601 747 populi
1655 676 1813 730 multi
1872 684 1922 728 et

2041 692 2190 729 υπον
2214 673 2446 744 Κυρίου
2488 667 2996 739 παντοκράτορος.
3029 669 3403 739 Πορεύσομαι
3433 670 3630 742 κάγὼ,

2023 768 2126 822 καὶ
2159 766 2384 836 ἥξουσι
2409 764 2550 820 λαοὶ
2574 761 2819 826 πολλοὶ,
2844 763 2945 817 καί
2970 760 3119 831 ἔθνη
3148 762 3350 817 πολλὰ
3375 760 3615 834 ἐκζητῆ.

2024 876 2131 917 σαι
2159 861 2228 915 τὸ
2266 860 2595 929 πρόσωπον
2626 857 2847 927 Κυρίου
2891 856 3377 925 παντοκράτορος
3404 857 3476 911 ἑν
3518 859 3612 914 ἰε-

2018 950 2371 1024 ρουσαλὴμ,
2415 950 2515 1005 καὶ
2562 949 2673 1005 τοῦ
2724 948 3131 1015 ἐξιλάσασθαι
3174 948 3243 1003 τὸ
3293 949 3617 1018 πρόσωπον

2028 1049 2277 1118 Κυρίου.

414 1140 483 1195 L.
521 1139 886 1195 Convertente
907 1136 1127 1193 Christo
1156 1136 1359 1192 luctum
1392 1147 1635 1193 nostrum
1686 1136 1739 1193 in
1796 1152 1929 1209 gau-

2100 1137 2183 1192 N'.
2226 1134 2720 1201 Μεταπλάττοντος
2746 1134 2840 1190 τοῦ
2871 1132 3110 1207 Χριστοῦ
3136 1135 3198 1188 τὸ
3237 1134 3433 1200 πένθος
3465 1136 3624 1207 ήμῶν

340 1229 512 1297 dium,
534 1238 589 1285 et
650 1230 703 1284 in
752 1229 896 1284 diem
936 1231 1156 1294 testam,
1185 1238 1239 1283 et
1291 1228 1345 1283 in
1401 1227 1617 1283 laetitias
1643 1228 1834 1295 bonas,
1875 1237 1932 1284 et

2041 1233 2111 1295 εἰς
2140 1230 2341 1302 χαρὰν,
2377 1230 2474 1284 καὶ
2504 1230 2585 1293 είς
2612 1227 2828 1300 ἑορτὴν,
2859 1227 2958 1281 καὶ
3005 1227 3085 1291 εἰς
3118 1227 3462 1300 εὐφροσύνας
3490 1229 3623 1297 ἀγα-

343 1324 702 1378 trausl‘erente
730 1322 782 1376 in
824 1319 1215 1389 iucunditatem
1270 1320 1525 1384 lamenta,
1574 1336 1679 1376 non
1704 1320 1817 1391 jam
1865 1320 1932 1377 de

2041 1324 2153 1388 θὰς,
2180 1324 2274 1377 καὶ
2321 1321 2686 1394 μεθιστῶντος
2736 1321 2819 1384 είς
2868 1317 3138 1390 θυμηδίαν
3176 1320 3302 1382 τοὺς
3335 1318 3623 1389 ὀδυρμοὺς,

343 1415 553 1470 vocatis
575 1414 643 1469 ad
679 1414 907 1469 salutem
930 1413 1125 1484 singuli
1150 1413 1205 1468 in
1249 1414 1353 1468 ﬁde
1387 1413 1669 1478 accedent,
1695 1422 1749 1467 et
1806 1427 1930 1468 cum

2041 1415 2095 1470 οὐ
2125 1414 2247 1470 καθ’
2280 1413 2379 1468 ἐνα
2404 1410 2614 1476 λοιπὸν,
2644 1408 2798 1480 φησὶ,
2831 1407 2939 1462 τῶν
2970 1407 3321 1477 καλουμένων
3345 1409 3424 1471 είς
3457 1425 3629 1479 σωτηο

345 1504 457 1559 Deo
506 1519 604 1574 per
636 1505 1120 1560 sanctiﬁcationem
1160 1504 1579 1573 conjungentur,
1642 1505 1737 1559 sed
1794 1504 1933 1560 civi-

2041 1508 2159 1581 ρίαν
2189 1508 2223 1579 ἡ
2259 1508 2316 1561 ἐν
2353 1505 2537 1559 πίστει
2567 1502 2850 1574 πρόσοδος,
2886 1501 2984 1556 καὶ
3017 1503 3051 1573 ἡ
3088 1502 3224 1572 πρὸς
3252 1500 3385 1554 Θεὸν
3417 1501 3630 1555 οἰκείω-

334 782 510 842 gentes
552 770 753 833 ηιιιίιω,
776 780 833 823 ιιι
862 780 1106 840 ᾳιιωταηι
1139 769 1331 839 [aciem
1355 767 1567 823 Domini
1595 769 1925 836 omnipoten~

276 860 283 868 ’
337 866 405 919 tis
447 866 499 917 in
524 861 846 928 Jerusalem,
876 873 925 916 et
952 870 1005 914 ut
1030 861 1313 931 propitient
1335 858 1530 929 facient
1564 858 1803 915 Domini.

346 1606 488 1652 tates
516 1596 657 1653 inter
685 1613 745 1651 se
780 1597 846 1651 ad
904 1597 1005 1651 hoc
1087 1596 1342 1667 deinceps
1400 1597 1781 1661 hortabuntur,
1842 1610 1937 1652 ve-

2041 1618 2125 1665 σις
2172 1601 2238 1655 δι’
2272 1596 2583 1669 ἀγιασμοῦο
2638 1595 2753 1649 ἀλλ’
2784 1596 2840 1648 ai
2892 1595 2991 1665 μέν
3044 1592 3231 1656 πόλεις
3282 1592 3519 1665 ἀλλήλας
3548 1594 3629 1657 είς

345 1691 603 1757 nicntque
625 1689 937 1743 catervatim
969 1702 1159 1743 omnes
1189 1699 1396 1755 gentes,
1422 1687 1693 1768 prioribus
1721 1703 1937 1759 semper

2041 1693 2198 1747 τοῦτο
2244 1688 2643 1764 παροτρυνοῦσι
2685 1687 2873 1741 λοιπὸν
2899 1727 2913 1751 ,
2955 1686 3076 1757 ἥξει
3128 1685 3183 1739 δέ
3234 1685 3376 1739 κατὰ
3421 1684 3631 1757 πληθὺν

343 1780 771 1834 acclamantibus
826 1778 916 1849 qui
976 1779 1306 1848 posteriores
1359 1789 1506 1845 sunt,
1571 1796 1591 1832 ι
1644 1777 1846 1835 Vadam
1881 1790 1937 1837 et

2041 1785 2219 1839 πάντα
2253 1783 2323 1837 τὰ
2361 1782 2512 1853 ἔθνη,
2546 1782 2660 1844 τοῖς
2694 1781 2776 1843 είς
2801 1778 2960 1832 τοῦτο
2993 1778 3263 1848 φθάσασιν
3296 1776 3633 1847 ἐπιφωνούν-

342 1887 465 1943 ego.
490 1891 508 1923 ι
537 1870 811 1942 Scriptum
826 1880 907 1926 est
931 1870 1072 1925 enim
1100 1886 1114 1924 :
1148 1888 1166 1923 ι
1192 1870 1414 1926 Ferrum
1437 1871 1641 1928 ferrum
1658 1874 1826 1937 acuit,
1850 1872 1936 1929 vir

2041 1894 2144 1930 των
2176 1876 2265 1930 ἀεὶ
2290 1875 2398 1930 τῶν
2435 1873 2706 1945 δευτέρων
2731 1873 2813 1937 τὸ,
2839 1890 2857 1924 ι
2882 1870 3227 1943 Πορεύσομαι
3263 1870 3440 1939 κάγώ.
3474 1888 3493 1921 ι
3537 1868 3633 1924 Γέ-

344 1975 528 2020 autem
558 1966 704 2020 acuit
737 1963 931 2020 faciem
960 1964 1184 2020 alterius
1204 1965 1695 2037 ⁸⁸.»8ρηιρειοιιὶηι
1710 1965 1938 2033 aliorum

2041 1984 2282 2038 γραπται
2311 1964 2441 2036 γὰρ,
2480 1965 2562 2018 ὅτι
2600 1983 2617 2016 ι
2648 1964 2876 2033 Σίδηρος
2924 1961 3141 2032 σίδηρον
3174 1960 3373 2027 όξύνει,
3406 1959 3547 2032 ἀνὴρ
3574 1959 3632 2013 δὲ

345 2058 606 2113 alacritas
628 2056 748 2111 aliis
762 2057 827 2111 ad
851 2058 986 2112 bona
1010 2057 1370 2113 consectanda
1388 2058 1934 2115 stimulusinvenitur.

344 2146 478 2212 Quis
505 2157 589 2201 est
612 2161 739 2201 vero
771 2145 1014 2212 urbibus,
1045 2147 1162 2202 sive
1208 2147 1459 2217 gentibus
1510 2147 1634 2204 linis
1689 2149 1940 2221 proposi-

347 2236 467 2292 tus':
499 2237 793 2309 propitiare
820 2248 874 2292 et
904 2239 1192 2307 exquirere
1227 2237 1423 2295 faciem
1464 2240 1696 2308 Domini,
1729 2242 1831 2298 hoc
1851 2250 1942 2297 est

342 2330 642 2398 Christum,
676 2332 764 2402 qui
795 2340 879 2385 est
904 2332 1082 2402 imago
1113 2331 1389 2386 simillima
1411 2331 1505 2387 Dei
1567 2342 1622 2389 et
1657 2332 1839 2389 Patris
1865 2335 1936 2401 ",

352 2441 372 2475 ι
410 2432 464 2478 et
485 2421 656 2493 ﬁgura
695 2424 1017 2477 substantiae
1059 2424 1199 2493 ejus,
1230 2434 1285 2477 et
1313 2424 1569 2495 splendor
1599 2426 1785 2496 gloriae
1806 2428 1869 2489 ⁸ο,
1913 2446 1934 2480 ι

346 2515 414 2572 de
442 2531 549 2586 quo
576 2524 631 2570 et
660 2515 879 2571 divinus
915 2516 1120 2570 David:
1166 2534 1183 2569 t
1222 2514 1438 2571 Faciem
1502 2527 1646 2571 tuam
1694 2517 1938 2575 illumina

347 2623 511 2677 super
540 2623 754 2664 servum
785 2608 1023 2664 tuum“.
1057 2627 1075 2661 ι
1134 2606 1465 2663 lllutninavit
1518 2609 1665 2663 enitn
1732 2626 1834 2680 pax
1885 2619 1942 2666 et

349 2702 537 2767 iacies,
566 2713 626 2756 ut
656 2701 796 2765 dixi,
835 2700 927 2756 Dei
956 2711 1009 2756 et
1034 2700 1229 2766 Patris,
1268 2700 1441 2769 ipsum
1488 2700 1749 2756 habentes
1777 2700 1941 2756 bene-

350 2794 527 2849 volnm
554 2808 619 2850 ac
659 2793 990 2863 propitium;
1042 2805 1097 2848 et
1141 2793 1352 2869 peccati
1401 2809 1571 2853 noxas
1618 2793 1941 2865 repellemus

355 2886 700 2962 (iustiﬁcati
719 2895 815 2963 p‘er
876 2885 1033 2946 ﬁdem
1069 2908 1084 2945 :
1118 2906 1227 2946 non
1286 2905 1355 2945 ex
1416 2889 1671 2960 operibus
1716 2886 1941 2959 iustitiae

350 2999 474 3056 qua:
491 2982 717 3039 iecimus
747 2998 871 3048 nos,
905 2982 998 3037 sed
1028 2981 1322 3037 secundum
1344 2996 1591 3051 magnam
1629 2980 1940 3036 misericor-

351 3075 498 3131 diam
526 3089 679 3131 suam
716 3075 783 3130 “.
820 3093 841 3128 ι
880 3073 1192 3131 Misericors
1234 3073 1380 3130 enim
1410 3082 1464 3128 et
1518 3073 1691 3127 bonus
1745 3083 1848 3137 est,
1886 3082 1943 3127 et

352 3171 421 3223 ad
464 3183 525 3223 se
568 3166 956 3223 accedentibus
996 3174 1217 3237 peccata
1238 3165 1546 3221 dimittit“.
1573 3164 1738 3236 728
1763 3163 1939 3235 lpsnnt

352 3260 705 3329 exquirentes
729 3258 1014 3314 servandis
1038 3259 1218 3329 legum
1252 3257 1476 3313 sancitis
1532 3258 1755 3313 omnino
1791 3257 1943 3313 inve-

356 3347 561 3414 nimus,
582 3358 637 3403 et
710 3363 806 3417 per
857 3349 1035 3418 ipsum
1082 3347 1191 3403 Deo
1240 3362 1305 3403 ac
1353 3347 1500 3402 Patri
1561 3348 1937 3405 adltaeremus:

369 3458 388 3493 ι
429 3440 548 3512 Ipse
577 3441 721 3497 enim
742 3450 825 3497 est
848 3456 948 3511 pax
978 3450 1162 3495 nostra
1193 3458 1212 3492 ι
1246 3440 1392 3511 quod
1415 3439 1711 3511 Scriptura:
1736 3447 1943 3495 testan-

356 3539 445 3587 tur
469 3534 535 3590 “.

2039 2053 2334 2128 παροξύνει
2368 2053 2660 2124 πρόσωπον
2696 2052 2905 2123 ἐτέρου.
2935 2070 2953 2102 ι
2994 2049 3349 2122 Παράκλησις
3375 2048 3486 2121 γὰρ
3544 2049 3632 2103 ἀεί

2038 2165 2158 2210 πως
2187 2146 2396 2219 ἑτέροις
2420 2145 2501 2209 εἰς
2537 2144 2599 2197 τὸ
2641 2146 2840 2214 χρῆναι
2867 2142 3109 2214 πληροῦν
3136 2141 3196 2195 τὸ
3226 2140 3456 2211 ἀγαθὸν,
3484 2142 3519 2213 ἦ
3546 2158 3631 2194 τι·

2039 2257 2148 2293 νων
2178 2239 2498 2310 εὑρίσκεται
2538 2236 2843 2309 προθυμία.
2876 2235 2973 2299 Τίς
3021 2234 3079 2289 δὲ
3125 2233 3191 2304 δὴ
3233 2236 3355 2297 ταῖς
3389 2233 3629 2295 πόλεσιν,

2039 2332 2159 2402 ἦτοι
2177 2332 2292 2393 τοῖς
2310 2329 2545 2395 ἔθνεσιν,
2576 2331 2603 2381 ὁ
2623 2328 2826 2392 σκοπός
2849 2345 2863 2394 ;
2887 2326 2948 2380 τὸ
2972 2324 3327 2391 ἐξιλάσασθαι
3341 2341 3402 2378 τε
3420 2325 3514 2378 καὶ
3535 2325 3634 2377 ἐκ·

2040 2422 2277 2493 ζητῆσαι
2297 2421 2360 2475 τὸ
2388 2421 2684 2491 πρόσωπον
2715 2421 2944 2491 Κυρίου,
2972 2419 3244 2484 τουτέστι,
3285 2417 3542 2489 Χριστὸν,
3573 2418 3634 2481 ὃς

2039 2515 2190 2568 ἐστιν
2241 2512 2406 2567 εἰκὼν
2455 2512 2875 2585 ἀπαράλλακτος
2927 2510 3022 2565 τοῦ
3062 2511 3198 2566 Θεοῦ
3252 2512 3348 2565 καὶ
3398 2508 3631 2582 Πατρδς,

2047 2627 2065 2660 ι
2094 2609 2189 2663 καὶ
2240 2606 2526 2679 χαρακτὴρ
2572 2606 2675 2676 τῆς
2726 2605 3080 2670 ὑποστάσεως
3115 2603 3305 2669 αὐτοῦ,
3356 2602 3502 2657 καθὰ
3540 2601 3636 2671 γέ-

2040 2718 2303 2774 γραπται,
2343 2702 2438 2754 καὶ
2475 2700 2821 2770 ἀπαύγασμα
2848 2700 2949 2770 τῆς
2988 2699 3168 2771 δόξης,
3200 2717 3220 2750 ι
3251 2696 3382 2768 περὶ
3411 2690 3474 2751 οῦ
3501 2712 3636 2766 φησι

2042 2796 2138 2848 καὶ
2164 2795 2194 2848 ὁ
2224 2793 2510 2857 θεσπέσιος
2536 2791 2702 2846 Δαϐίδ
2721 2809 2735 2823 ο
2773 2809 2792 2843 t
2827 2792 2902 2844 Τὸ
2928 2788 3218 2862 πρόσωπόν
3248 2805 3344 2841 σου
3373 2786 3637 2855 ἐπίφανον

2042 2886 2138 2939 ἐπὶ
2165 2884 2256 2944 τὸν
2277 2884 2461 2940 δοῦλόν
2487 2902 2605 2940 σου.
2633 2904 2651 2937 ι
2673 2883 2991 2956 ’Δπέλαμψε
3015 2882 3125 2955 γὰρ
3149 2884 3183 2953 ἡ
3212 2881 3429 2954 εἰρήνη,
3452 2879 3547 2933 καὶ
3575 2879 3637 2932 τὸ

2043 2980 2356 3053 πρόσωπον,
2396 2979 2473 3044 ὡς
2526 2979 2685 3051 ἔφην,
2726 2978 2820 3032 τοῦ
2868 2976 3006 3031 Θεοῦ
3058 2976 3154 3030 καὶ
3208 2974 3443 3045 Πατρός·
3474 2971 3639 3026 αύτδν

2045 3074 2258 3146 ἔχοντες
2307 3074 2510 3146 εὐμενῆ
2555 3076 2649 3128 καὶ
2682 3073 2862 3136 ἵλεων,
2892 3072 2989 3126 καὶ
3014 3070 3114 3141 τὴν
3142 3072 3205 3123 ἐκ
3232 3069 3331 3139 τῆς
3361 3065 3637 3139 ἁμαρτίας

2045 3165 2486 3237 διακρουσόμεθα
2535 3165 2741 3236 βλάϐην
2779 3183 2797 3216 ι
2825 3162 3193 3233 δικαιούμενοι
3242 3160 3331 3215 διὰ
3376 3160 3635 3222 πίστεως,

2047 3256 2148 3310 οὐκ
2179 3257 2239 3324 ἐξ
2265 3257 2442 3328 ἔργων
2470 3257 2815 3327 δικαιοσύνης
2845 3249 2917 3309 ὧν
2940 3255 3274 3326 ἐποιήσαμεν
3299 3254 3483 3325 ἡμεῖς,
3502 3251 3641 3305 ἀλλὰ

2045 3349 2189 3407 κατὰ
2230 3349 2365 3404 πολὺ
2415 3348 2580 3404 αὐτοῦ
2616 3348 2784 3412 ἕλεος.
2837 3368 2857 3401 ι
2919 3345 3318 3417 Φιλοικτίρμων
3365 3343 3476 3414 γάρ
3521 3344 3639 3396 ἐστι

2048 3443 2145 3498 καὶ
2177 3442 2400 3513 ἀγαθὸς,
2434 3443 2528 3496 καὶ
2565 3441 2791 3512 ἀφίησιν
2818 3439 3145 3511 ἐγκλήματα
3182 3440 3295 3502 τοῖς
3323 3433 3639 3508 προσιοῦσιν

2054 3535 2221 3608 αὐτῷ.
2258 3535 2429 3589 Αὑτὸν
2474 3532 2829 3605 ἐπιζητοῦντες
2879 3532 2966 3587 διὰ
3017 3530 3112 3585 τοῦ
3162 3530 3362 3603 χρῆναι
3398 3525 3639 3598 πληροῦν

356 3622 428 3675 τὰ
451 3621 836 3692 νενομισμένα,
871 3621 1050 3691 πάντη
1101 3638 1161 3675 τε
1226 3622 1323 3674 καὶ
1364 3637 1582 3687 παντως
1618 3622 1984 3696 εὑρίσκομεν,
2022 3628 2118 3681 καὶ
2160 3626 2226 3680 δι’
2254 3624 2422 3681 αὑτοῦ
2465 3623 2785 3696 κοῇώμεθα
2847 3623 2924 3695 τῷ
2956 3622 3077 3696 Θεῷ
3106 3623 3201 3678 καὶ
3232 3619 3442 3692 Πατρί·
3484 3638 3502 3671 ι
3531 3617 3640 3673 Καὶ

358 3714 466 3785 γὰρ
491 3712 652 3776 αὐτός
684 3714 832 3766 ἐστιν
859 3714 891 3784 ή
919 3715 1111 3784 εἰρήνη
1144 3712 1326 3785 ἡμῶν,
1360 3731 1381 3766 ι
1410 3714 1553 3769 κατὰ
1580 3714 1680 3779 τὰς
1705 3716 1949 3787 Γραφάς.

435 3802 596 3858 Vens.
636 3802 879 3857 23.ch
937 3804 1065 3858 dicit
1116 3803 1375 3860 Dominus
1443 3805 1769 3875 omnipotens
1802 3822 1823 3861 :
1890 3805 1959 3861 In

360 3894 542 3948 diebus
564 3894 670 3948 illis
690 3894 1075 3964 appreltendent
1094 3895 1271 3951 decem
1288 3898 1389 3951 viri
1413 3914 1478 3953 ea:
1500 3898 1738 3953 omnibus
1764 3898 1957 3969 linguis

363 3988 621 4057 gentium;
639 3996 688 4059 et
708 3990 1094 4057 apprehendent
1119 3988 1386 4057 ﬁmbriam
1409 3992 1564 4045 unius
1592 3991 1819 4046 hominis
1859 3990 1959 4046 Ju-

362 4076 490 4138 dmi,
522 4078 752 4130 dicentes
786 4093 804 4131 :
838 4075 1044 4131 Ibimus
1082 4089 1275 4145 tecum,
1303 4082 1431 4150 quia
1454 4080 1752 4135 audivimus
1815 4080 1955 4153 quod

366 4165 502 4220 Deus
523 4168 784 4222 vobiscum
807 4178 905 4223 est.

447 4346 531 4402 LI.
565 4348 810 4417 Quonam
844 4354 1002 4407 modo
1035 4369 1129 4423 per
1157 4356 1319 4412 urbes
1345 4367 1400 4413 et
1444 4366 1632 4427 gentes
1674 4357 1947 4414 accessuri

2136 3802 2281 3859 Τάδε
2335 3801 2499 3873 λέγει
2560 3800 2777 3871 Κύριος
2830 3796 3253 3869 παντοκράτωρ
3277 3813 3293 3829 ⁸
3355 3798 3458 3854 Ἐν
3511 3798 3644 3863 ταῖς

2055 3894 2308 3967 ἡμέραις
2354 3894 2618 3961 ἐκείναις
2664 3891 3069 3960 ἐπιλήψονται
3121 3888 3268 3944 δέκα
3312 3889 3529 3957 ἄνδρες
3571 3889 3641 3943 ἐκ

2014 4052 2017 4055 _
2053 3987 2270 4043 πασῶν
2290 3986 2411 4041 τῶν
2439 3985 2739 4058 γλωσσῶν
2762 3983 2883 4039 τῶν
2926 3982 3140 4048 ἐθνῶν,
3177 3983 3279 4036 καί
3311 3982 3644 4051 ἐπιλήψον-

2050 4100 2148 4137 ται
2180 4080 2288 4136 τοῦ
2325 4079 2673 4151 κρασπέδου
2705 4076 2927 4146 ἀνδρὸς
2961 4075 3276 4141 Ἰουδαίου,
3319 4076 3604 4147 λέγοντες
3624 4091 3640 4106 ο

2057 4175 2481 4245 Πορευσόμεθα
2519 4174 2673 4242 μετὰ
2714 4170 2853 4235 σοῦ,
2888 4169 3039 4225 διότι
3082 4169 3429 4240 ἀκηκόαμεν
3482 4169 3571 4223 ὅτι
3608 4171 3642 4223 ό

2058 4268 2204 4334 Θεὸς
2226 4268 2356 4336 μεθ’
2387 4265 2556 4335 ὑμῶν
2581 4263 2773 4317 ἐστιν.

2127 4361 2260 4413 NA'.
2300 4358 2434 4412 Τίνα
2484 4356 2549 4428 δὴ
2590 4356 2794 4429 τρόπον
2841 4356 2877 4425 ἡ
2923 4353 3064 4408 κατὰ
3093 4352 3278 4416 πόλεις
3299 4368 3360 4406 τε
3383 4349 3520 4423 ὁμοῦ
3550 4350 3643 4403 καὶ

365 4440 475 4495 sint
495 4454 805 4511 quaerentes
825 4444 1021 4500 facient
1056 4446 1288 4515 Domini,
1308 4464 1521 4504 rursum
1575 4449 1835 4504 declarat.
1866 4448 1942 4503 ln-

2056 4452 2186 4523 ἐθνη
2216 4450 2506 4521 γενήσεται
2533 4448 2796 4521 πρόσοδος
2818 4446 2931 4501 τῶν
2961 4446 3363 4517 ἐπιζητούντων
3392 4444 3454 4499 τὸ
3476 4443 3643 4515 πρόσ-

367 4532 486 4604 quit
507 4534 674 4600 enim,
705 4553 723 4588 ι
763 4536 881 4590 Erit
913 4538 966 4591 in
998 4539 1191 4595 diebus
1212 4539 1338 4604 illis,
1377 4558 1396 4594 ›
1441 4541 1543 4596 hoc
1566 4550 1651 4597 est
1696 4541 1787 4597 illo
1820 4550 1959 4598 tent-

369 4642 523 4697 pure,
559 4630 774 4698 quando
811 4648 830 4683 ι
873 4633 1285 4702 apprehendent
1313 4635 1497 4690 decem
1534 4635 1637 4690 viri
1690 4651 1853 4689 unum
1872 4633 1956 4688 Ju-

369 4715 566 4780 daeum,
610 4717 853 4774 dicentes
901 4735 916 4771 :
972 4720 1175 4776 lhimus
1221 4731 1420 4778 tecum;
1450 4741 1469 4775 ι
1529 4723 1631 4778 Per
1677 4726 1957 4780 denarium

370 4805 669 4877 perfectum
703 4810 1078 4865 accedentium
1117 4828 1403 4868 numerttm
1452 4815 1692 4884 intellige
1726 4833 1741 4871 :
1778 4814 1957 4887 perfe-

368 4898 565 4955 ctionis
590 4899 733 4954 enim
760 4900 1061 4970 symbolum
1095 4914 1178 4958 est
1203 4905 1290 4960 hic
1316 4908 1753 4974 numerus.Quod
1777 4917 1956 4962 autem

370 4990 575 5046 sanctis
614 4992 873 5062 apostolis
908 5007 978 5048 ex
999 4997 1254 5064 gentibus
1306 4997 1648 5054 adhaerentes
1707 4999 1953 5055 eamdem

371 5095 492 5137 cum
527 5082 632 5138 illis
655 5084 797 5139 viam
833 5087 1115 5142 ambulare
1154 5089 1507 5156 instituerint,
1542 5090 1825 5160 iustiﬁcati
1861 5107 1957 5163 per

373 5168 531 5226 ﬁdem
572 5171 625 5227 in
643 5171 862 5230 Christo
888 5176 958 5241 “,
989 5177 1276 5235 manifeste
1302 5181 1563 5247 ostendit,
1614 5182 1781 5252 ipsam
1841 5182 1954 5239 for-

375 5276 540 5328 mam,
573 5278 667 5319 seu
695 5274 924 5334 gestum,
956 5276 1015 5322 ut
1038 5282 1105 5322 ex
1135 5269 1369 5340 imagine
1402 5272 1811 5328 accuratissime
1839 5273 1955 5328 ειη-

372 5361 515 5409 ctam
536 5354 840 5425 proferens.
872 5357 1030 5413 Parvi
1066 5360 1210 5416 enim
1241 5362 1395 5432 pueri
1419 5378 1807 5439 nonnunquam
1859 5380 1956 5434 pa-

376 5453 510 5500 trem
544 5448 695 5518 sequi
719 5452 1041 5520 gestientes,
1069 5457 1466 5526 comprehensa
1490 5471 1588 5513 ora
1621 5458 1789 5515 vestis
1813 5458 1955 5529 ejus,

374 5534 481 5593 illis
513 5538 743 5597 tactibus
761 5543 905 5599 velut
930 5543 1125 5616 adjuti,
1153 5555 1209 5603 et
1243 5562 1274 5602 a
1328 5556 1481 5605 veste
1542 5550 1859 5621 pendentes.
1887 5552 1960 5608 ci-

449 5738 905 5816 "__Pro§'_._u_vtt,
942 5745 1026 5799 17.
1142 5746 1184 5780 ⁸⁸
1224 5746 1266 5800 ll
1294 5749 1422 5804 Cor.
1452 5765 1525 5816 tv,
1553 5753 1608 5807 Δ.

376 5822 437 5877 tt,
480 5810 564 5867 l5.
644 5812 689 5844 ⁸³
714 5813 909 5885 Ephes.
942 5832 993 5884 ιι,
1032 5817 1117 5871 Η.
1194 5819 1241 5849 ⁸⁸
1276 5818 1430 5875 lloun.
1470 5810 1522 5889 γ,
1571 5826 1620 5878 1.

1721 5756 1765 5785 ⁸ο
1806 5754 1975 5810 Henr.

2057 4558 2207 4595 ωπον
2232 4540 2462 4612 Κυρίου,
2497 4539 2775 4610 διατρανοῖ
2809 4539 2991 4594 πάλιν.
3031 4539 3261 4592 «Ἔσται
3290 4537 3421 4609 γὰρ,
3455 4537 3641 4607 φησιν,

2056 4634 2116 4687 ἐν
2161 4636 2285 4697 ταῖς
2333 4632 2571 4704 ἡμέραις
2613 4632 2873 4697 ἐκείναις,
2907 4650 2927 4685 ι
2982 4631 3266 4693 τουτέστι,
3320 4629 3441 4684 κατ’
3470 4630 3647 4682 ἐκεῖνο

2055 4724 2384 4797 καιροῦ,ὄτε
2412 4744 2429 4776 ι
2460 4723 2819 4795 ἐπιλήψονται
2846 4724 2979 4778 δέκα
2999 4722 3191 4795 ἄνδρες
3221 4721 3339 4785 ἐνὸς
3363 4719 3643 4777 Ἰουδαίου.

2055 4815 2343 4886 λέγοντες·
2399 4816 2791 4891 Πορευσόμεθα
2837 4815 2977 4888 μετὰ
3025 4814 3138 4869 σοῦ.
3180 4832 3198 4867 ι
3256 4813 3357 4867 Διὰ
3405 4812 3507 4883 μὲν
3553 4805 3646 4864 οὖν

2054 4907 2165 4962 τῶν
2205 4908 2339 4963 δέκα
2375 4909 2466 4962 τὸν
2512 4909 2719 4963 τέλειον
2746 4908 2857 4962 τῶν
2889 4908 3224 4980 προσιόντων
3265 4907 3480 4978 νοήσεις
3524 4892 3671 4974 ἀριοί

2056 4999 2193 5072 θμόν
2216 5016 2231 5032 ’
2285 5000 2623 5074 τελειότητος
2678 5000 2788 5071 γὰρ
2846 4999 3115 5072 σύμδολον
3155 5001 3185 5053 ὁ
3222 4997 3449 5061 δέκατὸς
3498 4999 3645 5050 ἐστιν

2053 5092 2442 5165 ἀριθμός.’⁹οτι
2473 5093 2531 5148 δέ
2555 5095 2665 5158 τοῖς
2696 5093 2874 5162 ἁγίοις
2919 5090 3241 5155 ἀποστόλοις
3286 5092 3337 5144 οἱ
3375 5088 3435 5157 ἐξ
3475 5087 3646 5142 ἐθνῶν

2054 5185 2385 5258 κολλώμενοι
2423 5185 2523 5257 τὴν
2548 5185 2718 5259 αὐτὴν
2751 5185 2943 5259 ὥσπερ
2968 5185 3198 5249 ἐκείνοις
3246 5182 3485 5255 βαδίζειν
3529 5180 3647 5234 ὁδὸν

2060 5279 2377 5353 ἐπεχείρουν
2403 5280 2773 5351 δικαιούμενοι
2811 5280 2900 5335 διὰ
2927 5279 3164 5342 πίστεως
3186 5277 3283 5347 τῆς
3313 5278 3373 5329 ἐν
3400 5271 3645 5345 Χριστῷ,

2020 5413 2025 5416 .
2063 5373 2387 5444 καθίστησιν
2441 5374 2692 5443 ἐναργὲς,
2732 5374 2829 5428 καὶ
2874 5373 2936 5426 τὸ
2986 5371 3175 5443 σχῆμα
3218 5370 3427 5438 λέγων,
3463 5367 3539 5430 ὡς
3587 5364 3647 5429 ἐξ

2015 5501 2020 5507 -
2064 5464 2273 5531 εἰκόνος
2299 5466 2773 5538 διαπεπλασμένον
2802 5460 2862 5520 εὖ
2900 5464 3066 5537 μάλα.
3090 5463 3156 5518 Οἱ
3193 5461 3304 5533 γὰρ
3335 5457 3521 5533 μικροὶ
3538 5455 3646 5510 τῶν

2022 5606 2025 5607 ν
2064 5553 2270 5610 παίδων
2302 5556 2362 5611 ἐν
2399 5558 2509 5622 τοῖς
2539 5557 2693 5623 ἰδίοις
2720 5556 2993 5630 πατράσιν
3017 5553 3222 5609 nam
3248 5568 3378 5607 ποτε
3407 5563 3643 5603 κατακο-

2017 5773 2052 5824 ι,
2089 5758 2140 5814 5.
2221 5758 2816 5828 "Psal.cxvm,u5.
2894 5759 3069 5815 “Tn.
3113 5773 3194 5824 Ill,
3240 5754 3353 5809 5-7.
3435 5726 3634 5806 “Joe'
