4072 6370
362 448 468 506 155

1222 436 1783 497 COMMENTARIUS
1823 437 1887 492 ΙΝ
1928 435 2332 490 ΖΜΖΙΙΑΠΙᾹΜ
2378 433 2801 489 ΡΠΟΡΠΕΤΑΜ

3537 434 3639 489 15$

355 559 587 621 λουθεῖν,
619 553 1045 627 ἐπιδραξάμενοι
1086 550 1183 606 τοῦ
1212 550 1548 624 κρασπέδου,
1579 544 1691 604 οἷον
1725 550 1953 604 ἐπικοιν.

2063 558 2139 601 tra
2167 562 2408 601 errorem
2447 547 2855 616 periculumque
2890 545 3229 617 gradiuntur.
3283 544 3483 601 Eodem
3533 563 3645 601 mo«

360 650 618 724 ρούμενοι
641 650 762 713 ταῖς
789 648 973 717 ἁφαῖς,
1008 645 1099 699 καὶ
1126 643 1235 698 τῶν
1263 644 1590 714 ἐσθημάτων
1621 641 1954 713 ἀπαρτώμε-

354 759 438 794 νοι
494 740 711 811 ἀπλανῆ
768 755 828 792 τε
878 737 973 791 καὶ
1016 734 1236 805 ἀσφαλῆ
1280 734 1559 788 ποιοῦνται
1590 734 1688 805 τὴν
1719 732 1950 803 βάδισιν.

356 832 512 888 Κατά
543 832 634 884 τὸν
664 832 800 898 ἴσον,
829 823 1007 901 οἶμαι,
1040 827 1243 900 τρόπον
1274 827 1369 881 καὶ
1396 828 1444 880 οἱ
1468 828 1537 898 τῇ
1572 825 1748 880 κτίσει
1794 824 1952 877 λελα-

352 924 647 997 τρευκότες
679 924 834 993 παρά
873 922 965 976 τὸν
988 918 1100 974 τῶν
1146 918 1285 973 ὅλων
1311 916 1676 990 Δημιουργδν,
1712 917 1953 987 πατέρας

354 1016 613 1086 γνησίους
652 1014 1084 1086 ἐπιγραφόμενοι
1121 1012 1248 1075 τοὺς
1282 1011 1390 1065 τῶν
1413 1010 1787 1078 εὐαγγελικῶν
1830 1009 1953 1076 δογ-

357 1109 547 1179 μάτων
583 1104 905 1178 εἰσηγητὰς,
942 1102 1040 1159 καὶ
1082 1102 1481 1173 συναπτόμενοι
1514 1102 1579 1155 δι’
1620 1101 1947 1172 ὁμοψυχίας,

354 1199 583 1254 ἕπονταί
614 1215 675 1251 τε
704 1198 908 1261 αὐτοῖς,
945 1195 1305 1268 νηπιάζοντες
1344 1193 1424 1247 ἔτι
1457 1194 1555 1257 τὰς
1587 1192 1829 1264 γνώμας,
1861 1193 1953 1245 καὶ

359 1295 442 1356 είς
484 1292 587 1362 τὴν
632 1290 827 1362 ὁμοίαν
877 1290 1049 1343 ίενται
1079 1288 1287 1360 τρίϐον,
1316 1285 1553 1357 ζηλωταί
1588 1302 1688 1339 που
1737 1285 1954 1345 πάντως

356 1380 807 1451 ἀναδεικνύμενα.
856 1378 957 1450 τῆς
1008 1376 1189 1433 αὐτῶν
1237 1377 1533 1441 πολιτείας,
1564 1375 1659 1429 καὶ
1708 1378 1828 1440 ταῖς
1867 1375 1954 1428 ἀεὶ

357 1474 497 1546 πρὸς
528 1473 590 1527 τὸ
616 1473 840 1545 ἄμεινον
871 1471 1180 1525 ἐπιδόσεσιν
1228 1489 1246 1521 ι
1276 1471 1357 1533 είς
1385 1469 1553 1540 ἄνδρα
1584 1468 1790 1520 τέλειον
1822 1467 1955 1520 ἀνα-

358 1563 658 1628 ϐαίνοντες,
693 1564 789 1617 καὶ
835 1563 915 1627 είς
955 1560 1154 1633 μέτρον
1182 1560 1400 1631 ήλικίας
1444 1558 1540 1613 τοῦ
1584 1558 1954 1630 πληρώματος

355 1657 453 1711 τοῦ
492 1656 754 1729 Χριστοῦ.
788 1674 807 1707 ι
838 1654 1102 1711 Ἐπονται
1148 1654 1205 1708 δὲ
1252 1652 1343 1707 διὰ
1375 1652 1534 1707 ποίαν
1583 1650 1795 1713 αίτίανς
1845 1651 1953 1703 Πε-

359 1748 809 1820 πληροφόρηνται
855 1746 988 1818 γὰρ,
1031 1748 1115 1802 ὃτι
1166 1749 1194 1802 ὁ
1230 1746 1363 1810 Θεὸς
1418 1745 1536 1817 μετ’
1574 1743 1756 1799 αὐτῶν
1812 1744 1952 1806 ἐστι,

358 1840 675 1905 τουτέστιν,
724 1841 753 1893 ὁ
810 1839 1203 1911 Ἐμμανουήλ·
1251 1836 1618 1910 ἑρμηνεύεται
1650 1834 1795 1906 γὰρ,
1836 1854 1853 1886 ι
1894 1834 1954 1887 Ὀ

2055 642 2145 705 do,
2183 644 2394 709 opinor,
2427 651 2479 693 et
2511 641 2599 708 qui
2641 641 2802 695 rebus
2834 640 3067 695 conditis
3108 642 3415 697 servierunt
3467 643 3647 713 potius

2055 749 2215 800 quam
2253 733 2630 787 universorum
2661 731 2965 799 Conditori,
3010 748 3106 802 pro
3159 737 3432 801 germanis
3490 748 3650 803 patri-

2056 822 2154 876 bus
2185 833 2502 892 coaptantes
2548 822 2983 894 evangelicorum
3022 827 3330 893 dogmatum
3388 827 3647 895 explana-

2057 926 2221 979 tores,
2251 926 2299 970 et
2357 932 2449 985 per
2475 916 2819 971 concordiam
2860 915 2966 970 illis
3036 917 3296 986 colligati,
3342 929 3648 987 sequuntur

2055 1022 2169 1070 eos,
2200 1005 2434 1060 infantes
2460 1007 2888 1077 adhucjudiciis,
2918 1022 2973 1065 et
2999 1008 3159 1063 simili
3220 1009 3307 1062 via
3362 1008 3644 1070 incedunt,

2055 1114 2241 1173 eorum
2271 1100 2391 1152 vitae
2418 1098 2719 1153 imitatores
2773 1099 3096 1166 manifesti,
3146 1110 3201 1153 et
3254 1101 3534 1169 perpetuis
3578 1099 3645 1153 ad

2056 1188 2277 1243 meliora
2329 1190 2680 1245 int-retinentis
2721 1208 2739 1242 ι
2802 1192 2854 1245 in
2907 1191 3084 1245 virum
3134 1194 3451 1262 perfectum,
3500 1201 3553 1245 et
3591 1192 3644 1246 in

2056 1297 2363 1336 mensuram
2391 1283 2566 1337 aetatis
2588 1282 2943 1353 plenitudinis
2965 1260 3163 1339 Christi
3185 1284 3229 1315 ⁸⁸
3262 1304 3284 1336 θ
3321 1260 3669 1339 evadentes.l

2055 1376 2415 1441 Quamobrem
2452 1386 2632 1431 autem
2664 1376 3009 1447 sequuntur?
3044 1375 3209 1432 Certo
3234 1377 3378 1432 enim
3415 1378 3647 1430 credunt

2057 1468 2248 1532 Deum,
2276 1469 2377 1521 hoc
2411 1479 2493 1522 est
2514 1468 2918 1524 Emmanuelem
2943 1485 3063 1525 cum
3095 1470 3200 1525 illis
3217 1485 3338 1524 esse
3369 1486 3381 1522 :
3409 1470 3648 1523 redditur

2054 1562 2198 1615 enim
2256 1578 2274 1610 ι
2304 1559 2595 1615 Nobiscum
2629 1561 2791 1615 Deus.
2836 1579 2855 1614 ι
2886 1560 3237 1617 Yocationem
3298 1576 3463 1632 porro
3489 1561 3638 1615 illam

2057 1665 2164 1706 non
2192 1660 2401 1705 tantum
2429 1651 2661 1707 ﬁliorum
2684 1652 2868 1717 Israel,
2897 1653 2992 1707 sed
3022 1653 3265 1708 omnium
3309 1668 3412 1721 per
3452 1654 3643 1707 orbem

2057 1743 2296 1813 gentium
2333 1743 2473 1808 fore,
2507 1744 2664 1799 docet
2699 1758 2820 1798 cum
2856 1745 2952 1811 ait,
2977 1759 3042 1799 ex
3081 1745 3337 1801 omnibus
3399 1744 3511 1799 fore
3543 1744 3646 1798 lin-

2059 1834 2179 1903 guis
2208 1833 2298 1903 qui
2335 1835 2755 1905 appreliendent
2780 1837 3070 1891 ﬁmbriam.
3101 1836 3326 1904 Quando
3349 1849 3528 1891 autem
3556 1852 3648 1890 vo-

359 1933 493 1997 θεὸς
539 1932 660 2005 μεθ’
687 1932 863 2004 ἡμῶν.
904 1950 922 1986 ι
950 1932 1074 1985 Ὅτι
1116 1930 1174 1984 δὲ
1219 1931 1280 1983 ού
1342 1931 1520 2001 μόνων
1558 1928 1708 1981 ἔσται
1740 1927 1849 1980 τῶν
1898 1926 1958 1992 ἐξ

2063 1935 2193 1979 caue
2240 1935 2367 1980 sunt
2388 1936 2577 1992 gentes
2610 1926 2676 1983 ad
2701 1928 3028 1999 agnitionem
3051 1929 3317 1992 veritatis,
3342 1940 3400 1982 et
3430 1927 3649 1999 quando

360 2026 589 2096 αἵματος
616 2024 838 2097 Ἰσραὴλ
884 2024 917 2094 ή
967 2023 1029 2077 τὺ
1062 2022 1320 2096 τηνικάδε
1358 2020 1573 2092 κλῆσις,
1604 2020 1861 2074 ἁπάντων
1900 2018 1956 2071 δὲ

364 2118 566 2189 μᾶλλον
609 2116 720 2170 τῶν
772 2116 877 2171 ἀνά
908 2117 1089 2172 πᾶσαν
1123 2115 1223 2187 τὴν
1253 2115 1583 2184 οἰκουμένην
1617 2111 1806 2176 ἐθνῶν,
1841 2111 1959 2164 δια-

366 2208 685 2280 μεμήνυκεν
728 2205 919 2271 εἰπὼν,
953 2206 1030 2270 ὼς
1056 2206 1122 2259 ἐκ
1156 2204 1345 2259 πασῶν
1387 2203 1601 2257 ἔσονται
1635 2202 1745 2255 τῶν
1780 2201 1958 2269 γλωσ-

364 2296 476 2351 σῶν
510 2297 560 2350 oi.
591 2295 1043 2368 ἐπιδραττόμενοι
1077 2294 1169 2349 τοῦ
1208 2294 1541 2366 κρασπέδου.
1580 2292 1720 2345 Πότε
1758 2292 1815 2344 δὲ
1865 2290 1958 2343 κέ-

363 2389 590 2461 κληνται
619 2388 689 2442 τὰ
717 2387 845 2460 ἔθνη
878 2388 1017 2460 πρὸς
1056 2387 1353 2456 ἐπίγνωσιν
1384 2385 1664 2457 ἀληθείας,
1691 2384 1785 2437 καὶ
1824 2383 1955 2436 πότε

366 2479 724 2552 βεδούληνται
751 2478 1054 2551 ἐκζητήσαι
1093 2478 1155 2532 τὸ
1193 2478 1485 2550 πρόσωπον
1516 2476 1746 2547 Κυρίου,
1780 2474 1956 2541 ἐξιλά-

368 2572 566 2627 σασθαί
594 2590 656 2627 τε
686 2572 870 2640 αὐτὸν,
901 2574 996 2627 καὶ
1034 2575 1146 2637 τοῖς
1181 2572 1358 2641 ἁγίοις
1387 2569 1709 2633 ἀποστόλοις
1733 2568 1832 2641 τὴν
1861 2569 1957 2621 αὐ-

366 2668 466 2740 τὴν
507 2667 699 2740 ὥσπερ
745 2668 1075 2739 διαστείχειν
1118 2666 1257 2733 όδδν,
1284 2667 1334 2721 εί
1369 2666 1443 2738 μὴ
1471 2667 1558 2720 ὅτε
1586 2666 1779 2735 γέγονε
1827 2664 1961 2718 καθ’

2057 2016 2650 2087 volueruntexquirere
2680 2019 2873 2075 faciem
2908 2020 3139 2085 Domini,
3192 2030 3247 2075 et
3305 2035 3428 2073 eum
3463 2021 3647 2090 propi-

2057 2109 2211 2174 tiare,
2230 2119 2283 2163 et
2302 2125 2422 2163 cum
2455 2112 2656 2165 sanctis
2688 2112 2945 2181 apostolis
2969 2114 3123 2182 quasi
3185 2112 3376 2166 eadem
3410 2113 3491 2164 via
3562 2114 3647 2163 in-

2056 2201 2414 2272 gredi,729
2453 2204 2556 2258 nisi
2605 2207 2829 2274 quando
2886 2217 3131 2260 nostrain
3186 2216 3435 2259 naturam
3478 2205 3650 2258 induit

2059 2291 2420 2362 Unigcnittts?
2446 2294 2536 2362 qui
2567 2306 2653 2350 est
2689 2314 2707 2347 ι
2740 2297 3080 2366 exspectatio
3129 2298 3372 2366 gentium
3388 2295 3470 2361 ";
3508 2313 3525 2345 ι
3558 2296 3646 2348 uti

2059 2397 2246 2440 cantat
2275 2386 2434 2439 etiam
2460 2388 2675 2443 divinus
2707 2389 2873 2443 David
2907 2409 2920 2444 :
2972 2410 2990 2442 ι
3027 2388 3227 2444 Omnes
3259 2399 3450 2459 gentes
3486 2404 3649 2458 quas—

2060 2493 2275 2549 cunque
2301 2478 2497 2546 fecisti,
2526 2484 2747 2536 venient
2801 2494 2849 2537 et
2874 2483 3182 2537 adorabunt
3208 2499 3391 2536 coram
3439 2493 3508 2547 te,
3548 2483 3652 2534 Ilo-

2066 2571 2211 2625 mine
2233 2572 2301 2626 ⁸⁸.
2336 2591 2355 2623 ›
2386 2572 2487 2626 Per
2520 2574 2692 2643 ipsum
2715 2574 2866 2629 enim
2902 2586 2953 2631 et
2990 2575 3105 2646 ipsa
3135 2553 3372 2645 gentium
3403 2574 3647 2627 multitu-

2066 2664 2135 2718 do
2157 2665 2360 2718 salvata
2402 2676 2507 2721 est.

368 2762 518 2831 ἡμᾶς
552 2760 582 2814 ό
630 2760 975 2831 Μονογενής;
1007 2760 1065 2823 ὃς
1113 2760 1231 2837 ἐστι
1288 2777 1307 2811 ι
1333 2757 1631 2831 προσδοκία
1691 2757 1893 2810 ἐθνῶν·
1936 2774 1954 2807 ι
1997 2758 2134 2829 πρὸς
2172 2757 2232 2810 ὃν
2299 2757 2392 2810 καὶ
2425 2760 2454 2811 ό
2510 2756 2795 2823 θεσπέσιος
2841 2761 3144 2831 ἀναμέλπει
3177 2762 3370 2815 Δαϐίδ·
3414 2780 3430 2811 ι
3464 2760 3650 2813 Πάντα

369 2857 441 2911 τὰ
482 2856 611 2928 ἔθνη
651 2856 752 2910 ὅσα
797 2855 1061 2926 ἐποίησας
1106 2853 1299 2926 ἥξουσι
1345 2853 1438 2907 καὶ
1487 2853 1960 2925 προσκυνήσουσιν
2034 2851 2264 2905 ἐνώπιόν
2316 2869 2430 2918 σου,
2459 2853 2652 2924 Κύριε.
2684 2874 2701 2906 ι
2765 2855 3044 2910 Σέσωσται
3091 2858 3200 2929 γὰρ
3243 2856 3309 2909 δι’
3346 2855 3512 2910 αὑτοῦ
3556 2856 3651 2909 καὶ

372 2948 510 3023 αὐτὴ
532 2948 644 3003 τῶν
669 2947 836 3003 ἐθνῶν
864 2949 898 3020 ή
925 2947 1156 3021 πληθύς.

986 3084 1239 3138 ΚΕΦᾹΛ.
1271 3082 1347 3135 Θθ.

444 3208 661 3280 Λῆμμα
686 3210 875 3281 λόγου
906 3209 1128 3279 Κυρίου
1152 3210 1223 3264 ἐν
1247 3207 1326 3281 τῇ
1363 3209 1590 3279 Ἄδρὰχ,
1628 3210 1727 3263 κ(ιῖ
1769 3213 1961 3279 Δαμα-

372 3303 532 3358 σκοῦ
565 3302 912 3369 ὰνᾶπιιυσις
949 3303 1157 3367 αὑτοῦ,
1192 3302 1343 3358 διότι
1386 3304 1605 3370 Κύριος
1641 3303 1827 3373 ἐφορᾷ
1855 3304 1961 3358 ἀν·

376 3393 671 3463 θρὼπους.
728 3393 829 3447 καὶ
879 3393 1082 3461 πάσας
1129 3393 1332 3463 φυλὰς
1384 3395 1493 3449 τοῦ
1532 3396 1800 3463 Ἰσραήλ.
1854 3396 1963 3449 Καὶ

390 3486 567 3556 Ἠμὰθ
588 3486 659 3539 ἐν
685 3485 812 3552 τοῖς
845 3486 1031 3554 ὁρίοις
1051 3486 1263 3555 αὐτῆς.

446 3580 575 3634 NB’.
618 3580 733 3634 Οὐκ
760 3580 966 3651 ἄτραχυ
1005 3581 1103 3651 μὲν
1139 3581 1198 3634 τὸ
1227 3580 1608 3652 προκείμενον,
1645 3581 1966 3652 δυσέφικτος

380 3672 435 3727 δὲ
460 3671 657 3743 κομιδῇ
689 3674 784 3725 καὶ
810 3672 949 3743 αὐτὴ
978 3671 1088 3726 τῶν
1116 3671 1317 3738 λέξεων
1345 3674 1379 3745 ή
1415 3672 1678 3745 συνθήκη.
1712 3674 1862 3746 Πλὴν
1891 3674 1967 3732 ὡς

381 3766 459 3819 ενι
485 3765 762 3829 λελέξεται
778 3764 1114 3837 πρδςήμῶν.
1146 3766 1229 3820 Τά
1258 3783 1322 3835 γε
1353 3766 1460 3837 μήν
1494 3768 1580 3837 ἐφ’
1605 3761 1687 3831 οἷς
1716 3766 1967 3838 εἰρῆσθαι

382 3854 556 3910 ταῦτα
584 3854 901 3926 νομιοῦμεν,
921 3856 1146 3919 εἰκότως
1170 3855 1568 3927 προαγορεύειν
1587 3857 1821 3928 ἀνάγκη·
1845 3874 1968 3928 νοη-

384 3945 503 4019 θείη
527 3948 635 4018 γὰρ
659 3947 726 4000 ἂν
754 3941 857 4001 ὧδέ
893 3963 953 4001 τε
982 3946 1078 4001 καὶ
1108 3946 1258 4017 μόλις
1285 3947 1386 4017 τῆς
1415 3946 1747 4018 προφητείας
1770 3948 1798 4000 δ
1821 3945 1965 4009 νοῦς.

384 4038 515 4094 Ὅτε
544 4038 721 4093 τοίνυν
756 4038 865 4092 τῶν
903 4039 1004 4110 τῆς
1043 4037 1421 4110 αἰχμαλωσίας
1451 4037 1667 4109 δεσμῶν
1696 4038 1881 4109 ἀνείθη
1909 4053 1969 4091 τε

386 4134 481 4187 καὶ
532 4130 879 4203 ἀπήλλακται
928 4131 1071 4184 κατὰ
1118 4131 1345 4202 καιροὺς
1395 4130 1687 4201 όΊσραὴλ,
1728 4126 1865 4203 ἧκόν
1907 4147 1967 4182 τε

386 4223 573 4278 λοιπὸν
598 4227 679 4287 εἰς
708 4223 808 4294 τὴν
834 4222 1117 4289 Ἰουδαίαν,
1140 4223 1236 4277 καὶ
1265 4223 1624 4293 ἀνατειχίζειν
1648 4222 1971 4295 ἐπεχείρουν

387 4316 488 4387 τὴν
522 4314 905 4387 Ἰερουσαλήμ,
950 4314 1071 4368 τότε
1123 4314 1225 4386 δὴ,
1275 4314 1397 4368 τότε
1440 4314 1510 4368 τά
1562 4314 1817 4385 περίοικα
1863 4315 1971 4367 τῶν

2710 3076 2866 3135 CAP.
2888 3078 2975 3133 IX.

2138 3218 2302 3275 Vens.
2363 3217 2495 3280 1.,2.
2560 3215 2859 3281 Assumptio
2918 3214 3056 3267 uerbi
3115 3213 3329 3269 Domini
3409 3218 3462 3270 in
3509 3229 3651 3273 terra

2066 3312 2298 3375 Admeti,
2326 3322 2372 3363 et
2415 3308 2664 3362 Damasci
2694 3309 2894 3376 requies
2933 3306 3066 3375 ejus,
3102 3310 3222 3371 quia
3286 3307 3541 3363 Dominus
3568 3328 3651 3365 re-

2066 3406 2218 3473 spicit
2254 3403 2509 3465 homines,
2549 3412 2595 3456 et
2624 3416 2800 3455 omnes
2827 3400 2995 3453 tribus
3024 3399 3213 3456 Israel.
3240 3400 3307 3455 Et
3342 3400 3537 3458 Emam
3593 3405 3649 3459 in

2067 3495 2260 3563 ﬁnibus
2284 3493 2422 3562 ejus.

2136 3584 2450 3641 Lll.Locus
2508 3582 2841 3645 salebrosns,
2878 3592 2932 3637 et
2972 3584 3265 3638 verborum
3326 3585 3426 3640 ista
3481 3590 3652 3642 series

2067 3675 2298 3731 dillicilis
2342 3680 2408 3729 ad
2452 3670 2904 3744 'intelligetnlnm.
2958 3672 3365 3743 Verumtamen,
3389 3688 3650 3745 quantum

2069 3769 2123 3824 in
2152 3768 2303 3824 nobis
2330 3777 2575 3831 est,eam
2620 3766 2998 3821 enodabimus.
3054 3765 3224 3821 Porro
3269 3768 3651 3838 esplicandum

2069 3862 2218 3932 prius
2248 3860 2316 3915 de
2343 3860 2538 3930 quibus
2568 3860 2667 3913 ista
2696 3858 2838 3913 dicta
2892 3858 3084 3912 merito
3135 3860 3531 3915 existimemus.
3563 3863 3652 3915 Sic

2069 3952 2240 4015 enim,
2271 3961 2328 4006 et
2357 3952 2443 4005 vix
2478 3959 2661 4005 tamen
2696 3949 2941 4004 vaticinii
2981 3965 3176 4006 sensus
3207 3952 3450 4021 liquebit.
3470 3952 3652 4018 Quan-

2070 4046 2139 4099 do
2174 4042 2684 4113 igiturcaptivitatis
2711 4041 2936 4096 vinculis
2965 4041 3195 4097 emissus
3263 4042 3519 4098 liberatus
3570 4057 3651 4100 est

2070 4137 2201 4192 olim
2229 4135 2415 4203 lsrael,
2443 4145 2498 4191 et
2522 4136 2592 4189 ita
2626 4135 2678 4189 in
2705 4133 2945 4191 Judzeam
2978 4134 3210 4201 revenit,
3244 4144 3300 4190 et
3350 4134 3651 4191 Jerusalem

2073 4232 2380 4285 instaurare
2412 4227 2644 4299 occepit,
2669 4236 2815 4293 tunc,
2843 4237 2969 4283 tunc
2996 4228 3189 4283 vicinae
3221 4237 3429 4298 gentes,
3464 4225 3653 4283 Sarna-

2074 4322 2212 4385 ritm,
2246 4331 2300 4376 et
2317 4319 2615 4386 ΡοΙειιειὶιιί,
2646 4331 2698 4375 et
2720 4319 3023 4387 Plimuices,
3056 4318 3253 4373 invidia
3280 4317 3553 4382 ardentes,
3583 4319 3652 4372 ti-

390 4407 581 4473 ἐθνῶν,
607 4408 660 4461 οἵ
682 4423 741 4459 τε
774 4405 874 4477 τὴν
904 4405 1220 4477 Σαμάρειαν
1247 4403 1544 4470 οἰκοῦντες,
1563 4405 1656 4459 καὶ
1687 4406 1734 4458 οἱ
1756 4404 1853 4469 τὰς
1872 4407 1972 4475 τῆς

2075 4423 2389 4483 mentesque
2408 4410 2570 4468 simul
2596 4425 2692 4478 ne,
2722 4410 2886 4468 rebus
2915 4411 3131 4466 illorum
3163 4411 3228 4466 ad
3252 4411 3535 4482 pristinam
3577 4412 3653 4465 in-

391 4500 778 4570 Παλαιστίνης,
799 4476 894 4552 καὶ
929 4496 1033 4569 μὴν
1066 4476 1159 4551 καὶ
1183 4498 1436 4569 Φοινίκης
1452 4498 1743 4568 νεμόμενοι
1760 4496 1964 4561 πόλεις,

2072 4505 2443 4561 columitatem
2475 4506 2765 4569 revocatis,
2801 4514 2854 4560 et
2883 4519 3079 4576 genere
3119 4504 3173 4559 in
3203 4504 3526 4559 immensum
3555 4520 3651 4559 au-

390 4593 780 4649 κατεδάκνοντο
808 4590 1006 4661 φθόνῳ,
1035 4589 1171 4661 ὁμοῦ
1212 4589 1268 4644 δὲ
1313 4591 1403 4643 καὶ
1432 4589 1720 4650 ἐδεδίεσαν,
1750 4590 1824 4661 μὴ
1867 4588 1974 4659 ἄρα

2071 4609 2329 4661 cto,cum
2362 4597 2553 4651 urbem
2578 4597 2843 4652 baberent
2913 4605 3225 4667 expugnatu
3274 4593 3541 4651 difﬁcilem
3590 4612 3654 4649 ac

346 4748 349 4751 _
388 4686 454 4757 δὴ
481 4685 643 4739 πάλιν
667 4684 1072 4752 ἀνενεγκόντων
1116 4682 1299 4745 αὐτοῖς
1324 4680 1430 4735 τῶν
1453 4681 1882 4751 πραγμάτωνείς
1910 4680 1972 4733 τὸ

388 4777 484 4832 ἀπ’
517 4777 711 4847 ἀρχῆς,
744 4776 837 4831 καὶ¹
865 4778 945 4839 είς
976 4774 1187 4846 πληθὺν
1235 4772 1543 4844 ἀμέτρητον
1592 4772 1969 4843 ἐκτεινομένου

388 4870 484 4925 τοῦ
512 4871 724 4938 γένους,
766 4864 885 4924 εἶτα
912 4868 1068 4922 πόλιν
1096 4868 1312 4937 ἔχοντες
1354 4865 1451 4936 τήν
1484 4864 1626 4918 οὕτω
1662 4864 1967 4918 δυσάλωτον

387 4964 483 5017 καὶ
517 4962 950 5033 εὐπυργοτάτην,
980 4956 1505 5033 καταστρατεύοιντο
1552 4957 1714 5011 πάλιν
1766 4956 1967 5022 αὐτῶν,

387 5056 483 5107 καὶ
512 5031 724 5124 ἄμαχόν
760 5031 901 5120 τινα,
926 5052 1067 5106 καθά
1100 5031 1194 5105 καί
1223 5050 1412 5113 πάλαι,
1440 5049 1971 5121 κατεξαναστήσειαν

389 5145 569 5199 αὐτῶν
588 5145 687 5217 τήν
703 5147 883 5216 χεῖρα,
902 5143 1079 5216 ταύτῃ
1092 5160 1175 5195 τοι
1198 5139 1456 5211 τειχίζειν
1476 5140 1758 5203 ἐθέλοντας
1779 5142 1974 5194 διακω-

388 5239 535 5291 λύειν
581 5236 795 5309 ήθελον,
838 5237 1069 5307 πικροὺς
1114 5234 1407 5305 ἀρτύοντες
1448 5231 1661 5302 λόγους.
1714 5233 1807 5285 καὶ
1864 5232 1970 5302 μὴν

387 5331 481 5383 καὶ
520 5328 743 5398 ἐφόδους
782 5328 1081 5401 ληστρικάς
1109 5326 1353 5389 ἱστάντες
1386 5318 1771 5388 αὐτοῖςῘΗκον
1799 5323 1856 5377 δὲ
1890 5326 1972 5388 είς

384 5418 546 5473 τοῦτο
594 5417 890 5488 βασκανίας
922 5418 1014 5470 καὶ
1066 5414 1292 5485 φθόνου,
1338 5415 1478 5468 ὥστε
1521 5415 1616 5468 καὶ
1661 5415 1970 5485 γεγράφασι

385 5509 465 5581 τῷ
496 5509 721 5581 Περσῶν
751 5508 1087 5578 βασιλεύοντι
1115 5507 1177 5560 τὸ
1201 5507 1457 5578 τηνικάδε
1479 5506 1547 5560 τὰ
1576 5508 1634 5560 ἐν
1657 5507 1735 5577 τῷ
1768 5507 1971 5580 Ἔσδρᾳ

386 5601 633 5672 κείμενα.
679 5602 832 5672 Ἔχει
879 5601 936 5654 δὲ
969 5598 1171 5663 οὕτως·
1207 5616 1225 5650 ι
1260 5598 1478 5652 Βασιλεῖ
1504 5598 1832 5673 ’Δρταξὲρξῃ
1872 5616 1970 5651 κυ-

388 5693 509 5764 ρίῳ,
539 5696 587 5746 οἱ
619 5690 807 5755 παῖδές
837 5709 930 5745 σου
955 5708 969 5721 ·
1010 5690 1282 5761 Ῥᾴθυμος
1312 5692 1339 5742 ὁ
1361 5690 1428 5744 τὰ
1460 5692 1802 5762 πραττόμενα
1832 5691 1968 5761 γρά-

458 5872 503 5902 “
540 5870 735 5942 Eplies.
767 5885 841 5937 ll,
870 5870 953 5926 15.
1068 5871 1109 5902 ⁸⁷
1137 5867 1273 5925 Gen.
1316 5884 1464 5934 χιιι,
1520 5870 1604 5924 lt).

2071 4689 2739 4753 munitissimam,deinde
2784 4688 2931 4757 ipsos
2992 4687 3131 4743 bello
3196 4687 3545 4751 lacesserent,
3597 4697 3652 4740 et

2076 4780 2360 4843 invictum,
2394 4787 2454 4834 ut
2471 4779 2623 4843 olim,
2655 4789 2843 4832 contra
2868 4794 2926 4834 se
2957 4773 3258 4834 exercitum
3293 4777 3649 4841 adducerent,

2071 4874 2154 4928 liis
2177 4873 2245 4927 de
2267 4872 2447 4927 causis
2472 4885 2659 4926 muros
2676 4868 2948 4925 aediﬁcare
2964 4884 3249 4940 aggressos
3274 4869 3532 4939 impedire
3554 4883 3651 4923 co-

2074 4964 2185 5018 nati
2223 4972 2373 5029 sunt,
2404 4964 2571 5018 verba
2604 4962 2941 5017 amarulenta
2966 4963 3259 5031 jactanles,
3281 4972 3335 5017 et
3358 4962 3652 5032 populatio-

2068 5055 2228 5110 nibus
2255 5056 2306 5109 in
2334 5070 2428 5109 eos
2451 5064 2783 5126 grassantes.
2818 5053 2894 5109 Eo
2948 5063 3126 5110 autem
3162 5052 3572 5109 obtrectationis
3596 5063 3649 5106 et

2070 5147 2282 5200 invidiae
2302 5145 2719 5217 prodierunt,ut
2747 5146 2855 5217 regi
2882 5144 3177 5202 Persarum
3217 5160 3315 5214 per
3348 5145 3399 5199 id
3437 5154 3648 5212 ten-lpus

2069 5236 2392 5301 scriberent,
2452 5250 2572 5307 qua:
2636 5235 2704 5291 ab
2774 5235 2944 5290 Esdra
3000 5234 3299 5289 recitantur
3359 5231 3444 5287 bis
3469 5233 3651 5287 verbis

2070 5330 2455 5398 propemodum
2493 5345 2507 5381 :
2540 5348 2559 5380 ι
2596 5326 2729 5399 Regi
2759 5327 3043 5383 Artaxerxi
3072 5326 3312 5392 domino,
3347 5325 3488 5380 servi
3508 5324 3657 5395 ejus,

2069 5416 2379 5489 Ratltymus
2438 5427 2683 5473 actorum
2741 5418 2939 5481 scriba,
2972 5427 3025 5472 et
3056 5414 3321 5471 Semelius
3351 5416 3549 5479 scriba,
3594 5426 3650 5471 et

2067 5508 2256 5578 reliqui
2290 5509 2357 5563 de
2392 5508 2641 5573 consilio,
2674 5516 2727 5562 et
2750 5506 2962 5575 iudices
2989 5508 3040 5562 in
3068 5506 3360 5579 C(elesyria
3403 5516 3457 5560 et
3486 5505 3650 5562 Phae-

2067 5602 2208 5655 nice.
2238 5602 2402 5657 Nosse
2431 5610 2483 5658 te
2506 5601 2780 5665 convenit,
2805 5599 3148 5664 rexJutlzeos
3172 5599 3501 5672 Babylonem
3535 5609 3650 5654 tra-

2067 5696 2259 5750 ductos
2287 5697 2496 5752 venisse
2548 5694 2599 5750 in
2632 5693 2963 5766 provinciam
3020 5705 3283 5753 nostram.
3347 5702 3403 5748 et
3460 5693 3649 5746 urbem

1722 5872 1767 5901 “
1794 5869 1934 5925 l‘sal.
1971 5886 2169 5936 vaxv,
2198 5871 2250 5926 8.
