  <div class='ocr_page' id='page_1' title='image "/cluster/home/n/w/nwhite01/storage/ocr_20150623/72/nnc1.0046980300/073.png"; bbox 0 0 4072 6370; ppageno 0'>
   <div class='ocr_carea' id='block_1_1' title="bbox 461 379 565 436">
    <p class='ocr_par' dir='ltr' id='par_1_1' title="bbox 461 379 565 436">
     <span class='ocr_line' id='line_1_1' title="bbox 461 379 565 436; baseline 0.01 -1"><span class='ocrx_word' id='word_1_1' title='bbox 461 379 565 436; x_wconf 74' lang='grc'>135</span> 
     </span>
    </p>
   </div>
   <div class='ocr_carea' id='block_1_2' title="bbox 1479 361 2728 426">
    <p class='ocr_par' dir='ltr' id='par_1_2' title="bbox 1479 361 2728 426">
     <span class='ocr_line' id='line_1_2' title="bbox 1479 361 2728 426; baseline -0.002 -1"><span class='ocrx_word' id='word_1_2' title='bbox 1479 370 1542 426; x_wconf 87' lang='lat' dir='ltr'><strong>S.</strong></span> <span class='ocrx_word' id='word_1_3' title='bbox 1585 366 1860 424; x_wconf 70' lang='lat' dir='ltr'>CYRILIJ</span> <span class='ocrx_word' id='word_1_4' title='bbox 1901 361 2373 420; x_wconf 65' lang='lat' dir='ltr'><strong>ALEXANDﬂI-Nl</strong></span> <span class='ocrx_word' id='word_1_5' title='bbox 2413 366 2728 424; x_wconf 63' lang='lat' dir='ltr'>ARCIHFI’.</span> 
     </span>
    </p>
   </div>
   <div class='ocr_carea' id='block_1_3' title="bbox 3627 362 3731 420">
    <p class='ocr_par' dir='ltr' id='par_1_3' title="bbox 3627 362 3731 420">
     <span class='ocr_line' id='line_1_3' title="bbox 3627 362 3731 420; baseline 0.019 -2"><span class='ocrx_word' id='word_1_6' title='bbox 3627 362 3731 420; x_wconf 73' lang='grc'>156</span> 
     </span>
    </p>
   </div>
   <div class='ocr_carea' id='block_1_4' title="bbox 461 474 2035 562">
    <p class='ocr_par' dir='ltr' id='par_1_4' title="bbox 461 484 2026 562">
     <span class='ocr_line' id='line_1_4' title="bbox 461 484 2026 562; baseline -0.011 -13"><span class='ocrx_word' id='word_1_7' title='bbox 461 497 596 550; x_wconf 77' lang='lat' dir='ltr'><strong>lianc</strong></span> <span class='ocrx_word' id='word_1_8' title='bbox 619 490 880 562; x_wconf 80' lang='lat' dir='ltr'><strong>perfidam</strong></span> <span class='ocrx_word' id='word_1_9' title='bbox 903 499 957 544; x_wconf 86' lang='lat' dir='ltr'>et</span> <span class='ocrx_word' id='word_1_10' title='bbox 978 487 1278 558; x_wconf 82' lang='lat' dir='ltr'><strong>improbam</strong></span> <span class='ocrx_word' id='word_1_11' title='bbox 1302 485 1369 540; x_wconf 83' lang='lat' dir='ltr'>tle</span> <span class='ocrx_word' id='word_1_12' title='bbox 1407 485 1618 554; x_wconf 77' lang='lat' dir='ltr'><strong>integro</strong></span> <span class='ocrx_word' id='word_1_13' title='bbox 1645 484 1911 548; x_wconf 83' lang='lat' dir='ltr'><strong>condere,</strong></span> <span class='ocrx_word' id='word_1_14' title='bbox 1978 493 2026 534; x_wconf 83' lang='lat' dir='ltr'>et</span> 
     </span>
    </p>
   </div>
   <div class='ocr_carea' id='block_1_5' title="bbox 2139 474 3726 562">
    <p class='ocr_par' dir='ltr' id='par_1_5' title="bbox 2139 474 3726 551">
     <span class='ocr_line' id='line_1_5' title="bbox 2139 474 3726 551; baseline 0.001 -20"><span class='ocrx_word' id='word_1_15' title='bbox 2139 497 2273 548; x_wconf 75' lang='grc' dir='ltr'>φων,</span> <span class='ocrx_word' id='word_1_16' title='bbox 2307 481 2403 533; x_wconf 74' lang='grc' dir='ltr'>καὶ</span> <span class='ocrx_word' id='word_1_17' title='bbox 2450 481 2706 551; x_wconf 80' lang='grc' dir='ltr'>Σεμέλιος</span> <span class='ocrx_word' id='word_1_18' title='bbox 2759 482 2787 531; x_wconf 78' lang='grc' dir='ltr'>ὸ</span> <span class='ocrx_word' id='word_1_19' title='bbox 2844 476 3224 548; x_wconf 77' lang='grc' dir='ltr'>γραμματεὺς,</span> <span class='ocrx_word' id='word_1_20' title='bbox 3253 475 3346 529; x_wconf 72' lang='grc' dir='ltr'>καὶ</span> <span class='ocrx_word' id='word_1_21' title='bbox 3379 475 3429 528; x_wconf 89' lang='grc' dir='ltr'>οί</span> <span class='ocrx_word' id='word_1_22' title='bbox 3458 474 3726 532; x_wconf 71' lang='grc' dir='ltr'>ἐπίλοιποι</span> 
     </span>
    </p>
   </div>
   <div class='ocr_carea' id='block_1_6' title="bbox 460 577 2033 656">
    <p class='ocr_par' dir='ltr' id='par_1_6' title="bbox 460 577 2033 656">
     <span class='ocr_line' id='line_1_6' title="bbox 460 577 2033 656; baseline -0.007 -17"><span class='ocrx_word' id='word_1_23' title='bbox 460 589 573 641; x_wconf 80' lang='lat' dir='ltr'><strong>fora</strong></span> <span class='ocrx_word' id='word_1_24' title='bbox 606 586 722 656; x_wconf 85' lang='lat' dir='ltr'><strong>ejus</strong></span> <span class='ocrx_word' id='word_1_25' title='bbox 761 597 972 654; x_wconf 86' lang='lat' dir='ltr'><strong>parare,</strong></span> <span class='ocrx_word' id='word_1_26' title='bbox 1011 591 1065 635; x_wconf 89' lang='lat' dir='ltr'>et</span> <span class='ocrx_word' id='word_1_27' title='bbox 1119 580 1318 634; x_wconf 69' lang='lat' dir='ltr'><strong>mmnia</strong></span> <span class='ocrx_word' id='word_1_28' title='bbox 1375 593 1438 632; x_wconf 87' lang='lat' dir='ltr'>ac</span> <span class='ocrx_word' id='word_1_29' title='bbox 1467 577 1727 645; x_wconf 97' lang='lat' dir='ltr'><strong>templum</strong></span> <span class='ocrx_word' id='word_1_30' title='bbox 1773 577 2033 630; x_wconf 79' lang='lat' dir='ltr'><strong>excitare.</strong></span> 
     </span>
    </p>
   </div>
   <div class='ocr_carea' id='block_1_7' title="bbox 461 669 2039 740">
    <p class='ocr_par' dir='ltr' id='par_1_7' title="bbox 461 669 2039 740">
     <span class='ocr_line' id='line_1_7' title="bbox 461 669 2039 740; baseline -0.008 -10"><span class='ocrx_word' id='word_1_31' title='bbox 461 677 789 732; x_wconf 84' lang='lat' dir='ltr'>Persuasum</span> <span class='ocrx_word' id='word_1_32' title='bbox 815 675 882 729; x_wconf 91' lang='lat' dir='ltr'>sit</span> <span class='ocrx_word' id='word_1_33' title='bbox 902 673 1020 738; x_wconf 90' lang='lat' dir='ltr'><strong>tibi,</strong></span> <span class='ocrx_word' id='word_1_34' title='bbox 1047 672 1092 727; x_wconf 88' lang='lat' dir='ltr'>si</span> <span class='ocrx_word' id='word_1_35' title='bbox 1124 672 1206 726; x_wconf 80' lang='lat' dir='ltr'>ita</span> <span class='ocrx_word' id='word_1_36' title='bbox 1239 679 1485 740; x_wconf 78' lang='lat' dir='ltr'><strong>pergant,</strong></span> <span class='ocrx_word' id='word_1_37' title='bbox 1527 683 1630 723; x_wconf 85' lang='lat' dir='ltr'>nec</span> <span class='ocrx_word' id='word_1_38' title='bbox 1655 669 1852 723; x_wconf 88' lang='lat' dir='ltr'><strong>tributa</strong></span> <span class='ocrx_word' id='word_1_39' title='bbox 1906 681 2039 734; x_wconf 85' lang='lat' dir='ltr'><strong>pen-</strong></span> 
     </span>
    </p>
   </div>
   <div class='ocr_carea' id='block_1_8' title="bbox 458 759 2034 833">
    <p class='ocr_par' dir='ltr' id='par_1_8' title="bbox 458 759 2034 833">
     <span class='ocr_line' id='line_1_8' title="bbox 458 759 2034 833; baseline -0.008 -12"><span class='ocrx_word' id='word_1_40' title='bbox 458 769 733 828; x_wconf 85' lang='lat' dir='ltr'><strong>sitaturos.</strong></span> <span class='ocrx_word' id='word_1_41' title='bbox 763 780 870 820; x_wconf 83' lang='lat' dir='ltr'>nec</span> <span class='ocrx_word' id='word_1_42' title='bbox 894 764 1193 833; x_wconf 80' lang='lat' dir='ltr'><strong>parituros,</strong></span> <span class='ocrx_word' id='word_1_43' title='bbox 1223 761 1318 817; x_wconf 89' lang='lat' dir='ltr'>sed</span> <span class='ocrx_word' id='word_1_44' title='bbox 1353 761 1408 815; x_wconf 93' lang='lat' dir='ltr'>in</span> <span class='ocrx_word' id='word_1_45' title='bbox 1434 775 1598 828; x_wconf 77' lang='lat' dir='ltr'><strong>reges</strong></span> <span class='ocrx_word' id='word_1_46' title='bbox 1635 759 2034 820; x_wconf 78' lang='lat' dir='ltr'><strong>calcitratnros,</strong></span> 
     </span>
    </p>
   </div>
   <div class='ocr_carea' id='block_1_9' title="bbox 458 849 2039 927">
    <p class='ocr_par' dir='ltr' id='par_1_9' title="bbox 458 849 2039 927">
     <span class='ocr_line' id='line_1_9' title="bbox 458 849 2039 927; baseline -0.008 -14"><span class='ocrx_word' id='word_1_47' title='bbox 458 870 512 913; x_wconf 90' lang='lat' dir='ltr'>et</span> <span class='ocrx_word' id='word_1_48' title='bbox 546 859 610 911; x_wconf 89' lang='lat' dir='ltr'>ad</span> <span class='ocrx_word' id='word_1_49' title='bbox 652 856 1021 927; x_wconf 83' lang='lat' dir='ltr'><strong>imperandum</strong></span> <span class='ocrx_word' id='word_1_50' title='bbox 1051 869 1210 924; x_wconf 92' lang='lat' dir='ltr'><strong>quam</strong></span> <span class='ocrx_word' id='word_1_51' title='bbox 1244 852 1312 908; x_wconf 89' lang='lat' dir='ltr'>ad</span> <span class='ocrx_word' id='word_1_52' title='bbox 1327 851 1693 907; x_wconf 75' lang='lat' dir='ltr'><strong>obedientium</strong></span> <span class='ocrx_word' id='word_1_53' title='bbox 1747 849 2039 919; x_wconf 81' lang='lat' dir='ltr'><strong>promptio-</strong></span> 
     </span>
    </p>
   </div>
   <div class='ocr_carea' id='block_1_10' title="bbox 462 943 2039 1019">
    <p class='ocr_par' dir='ltr' id='par_1_10' title="bbox 462 943 2039 1019">
     <span class='ocr_line' id='line_1_10' title="bbox 462 943 2039 1019; baseline -0.006 -15"><span class='ocrx_word' id='word_1_54' title='bbox 462 967 546 1004; x_wconf 91' lang='lat' dir='ltr'><strong>rcs</strong></span> <span class='ocrx_word' id='word_1_55' title='bbox 573 947 990 1019; x_wconf 76' lang='lat' dir='ltr'><strong>lutdros.73o</strong></span> <span class='ocrx_word' id='word_1_56' title='bbox 1029 947 1163 1001; x_wconf 89' lang='lat' dir='ltr'>Dum</span> <span class='ocrx_word' id='word_1_57' title='bbox 1218 959 1346 1014; x_wconf 78' lang='lat' dir='ltr'><strong>ergo</strong></span> <span class='ocrx_word' id='word_1_58' title='bbox 1394 943 1472 999; x_wconf 87' lang='lat' dir='ltr'><strong>illi</strong></span> <span class='ocrx_word' id='word_1_59' title='bbox 1528 944 1583 998; x_wconf 90' lang='lat' dir='ltr'>in</span> <span class='ocrx_word' id='word_1_60' title='bbox 1633 943 2039 998; x_wconf 89' lang='lat' dir='ltr'><strong>constructione</strong></span> 
     </span>
    </p>
   </div>
   <div class='ocr_carea' id='block_1_11' title="bbox 458 1033 2040 1112">
    <p class='ocr_par' dir='ltr' id='par_1_11' title="bbox 458 1033 2040 1112">
     <span class='ocr_line' id='line_1_11' title="bbox 458 1033 2040 1112; baseline -0.004 -17"><span class='ocrx_word' id='word_1_61' title='bbox 458 1042 639 1112; x_wconf 80' lang='lat' dir='ltr'>templi</span> <span class='ocrx_word' id='word_1_62' title='bbox 666 1040 916 1094; x_wconf 80' lang='lat' dir='ltr'>laborant</span> <span class='ocrx_word' id='word_1_63' title='bbox 956 1050 1011 1094; x_wconf 83' lang='lat' dir='ltr'>et</span> <span class='ocrx_word' id='word_1_64' title='bbox 1035 1038 1333 1101; x_wconf 81' lang='lat' dir='ltr'><strong>enituntur,</strong></span> <span class='ocrx_word' id='word_1_65' title='bbox 1357 1035 1744 1107; x_wconf 78' lang='lat' dir='ltr'><strong>placuitnobis</strong></span> <span class='ocrx_word' id='word_1_66' title='bbox 1796 1033 2040 1088; x_wconf 83' lang='lat' dir='ltr'>scribere</span> 
     </span>
    </p>
   </div>
   <div class='ocr_carea' id='block_1_12' title="bbox 459 1126 2033 1198">
    <p class='ocr_par' dir='ltr' id='par_1_12' title="bbox 459 1126 2033 1198">
     <span class='ocr_line' id='line_1_12' title="bbox 459 1126 2033 1198; baseline -0.005 -12"><span class='ocrx_word' id='word_1_67' title='bbox 459 1135 525 1187; x_wconf 87' lang='lat' dir='ltr'>ad</span> <span class='ocrx_word' id='word_1_68' title='bbox 555 1144 625 1197; x_wconf 92' lang='lat' dir='ltr'>te,</span> <span class='ocrx_word' id='word_1_69' title='bbox 656 1149 776 1197; x_wconf 81' lang='lat' dir='ltr'><strong>rex,</strong></span> <span class='ocrx_word' id='word_1_70' title='bbox 800 1142 856 1186; x_wconf 91' lang='lat' dir='ltr'>et</span> <span class='ocrx_word' id='word_1_71' title='bbox 880 1147 994 1186; x_wconf 90' lang='lat' dir='ltr'><strong>rem</strong></span> <span class='ocrx_word' id='word_1_72' title='bbox 1031 1130 1163 1184; x_wconf 82' lang='lat' dir='ltr'><strong>tanti</strong></span> <span class='ocrx_word' id='word_1_73' title='bbox 1189 1129 1449 1184; x_wconf 91' lang='lat' dir='ltr'><strong>momenti</strong></span> <span class='ocrx_word' id='word_1_74' title='bbox 1476 1144 1582 1183; x_wconf 89' lang='lat' dir='ltr'>non</span> <span class='ocrx_word' id='word_1_75' title='bbox 1616 1126 1888 1198; x_wconf 80' lang='lat' dir='ltr'><strong>negligere</strong></span> <span class='ocrx_word' id='word_1_76' title='bbox 1904 1127 1978 1179; x_wconf 59' lang='lat'>&#39;6’.</span> <span class='ocrx_word' id='word_1_77' title='bbox 2014 1145 2033 1178; x_wconf 70' lang='grc' dir='ltr'>ι</span> 
     </span>
    </p>
   </div>
   <div class='ocr_carea' id='block_1_13' title="bbox 459 1218 2040 1293">
    <p class='ocr_par' dir='ltr' id='par_1_13' title="bbox 459 1218 2040 1293">
     <span class='ocr_line' id='line_1_13' title="bbox 459 1218 2040 1293; baseline -0.006 -14"><span class='ocrx_word' id='word_1_78' title='bbox 459 1226 641 1293; x_wconf 86' lang='lat' dir='ltr'><strong>Itaque</strong></span> <span class='ocrx_word' id='word_1_79' title='bbox 656 1240 778 1278; x_wconf 90' lang='lat' dir='ltr'>cum</span> <span class='ocrx_word' id='word_1_80' title='bbox 810 1231 1024 1292; x_wconf 85' lang='lat' dir='ltr'><strong>captum</strong></span> <span class='ocrx_word' id='word_1_81' title='bbox 1074 1232 1129 1277; x_wconf 91' lang='lat' dir='ltr'>et</span> <span class='ocrx_word' id='word_1_82' title='bbox 1152 1221 1480 1276; x_wconf 81' lang='lat' dir='ltr'>servientem</span> <span class='ocrx_word' id='word_1_83' title='bbox 1522 1218 1774 1275; x_wconf 86' lang='lat' dir='ltr'><strong>lsraelem</strong></span> <span class='ocrx_word' id='word_1_84' title='bbox 1792 1235 1896 1273; x_wconf 91' lang='lat' dir='ltr'>non</span> <span class='ocrx_word' id='word_1_85' title='bbox 1931 1235 2040 1271; x_wconf 82' lang='lat' dir='ltr'>me—</span> 
     </span>
    </p>
   </div>
   <div class='ocr_carea' id='block_1_14' title="bbox 459 1308 2038 1379">
    <p class='ocr_par' dir='ltr' id='par_1_14' title="bbox 459 1308 2038 1379">
     <span class='ocr_line' id='line_1_14' title="bbox 459 1308 2038 1379; baseline -0.003 -13"><span class='ocrx_word' id='word_1_86' title='bbox 459 1311 717 1366; x_wconf 88' lang='lat' dir='ltr'><strong>diocriter</strong></span> <span class='ocrx_word' id='word_1_87' title='bbox 748 1311 1085 1373; x_wconf 87' lang='lat' dir='ltr'><strong>derisissent,</strong></span> <span class='ocrx_word' id='word_1_88' title='bbox 1118 1309 1454 1379; x_wconf 88' lang='lat' dir='ltr'><strong>Iiberatoque</strong></span> <span class='ocrx_word' id='word_1_89' title='bbox 1480 1310 1694 1362; x_wconf 86' lang='lat' dir='ltr'><strong>tandem</strong></span> <span class='ocrx_word' id='word_1_90' title='bbox 1718 1317 1774 1363; x_wconf 86' lang='lat' dir='ltr'>et</span> <span class='ocrx_word' id='word_1_91' title='bbox 1808 1308 2038 1362; x_wconf 88' lang='lat' dir='ltr'><strong>vinculis</strong></span> 
     </span>
    </p>
   </div>
   <div class='ocr_carea' id='block_1_15' title="bbox 459 1401 2040 1466">
    <p class='ocr_par' dir='ltr' id='par_1_15' title="bbox 459 1401 2040 1466">
     <span class='ocr_line' id='line_1_15' title="bbox 459 1401 2040 1466; baseline -0.001 -10"><span class='ocrx_word' id='word_1_92' title='bbox 459 1401 706 1457; x_wconf 86' lang='lat' dir='ltr'><strong>absolqu</strong></span> <span class='ocrx_word' id='word_1_93' title='bbox 738 1417 950 1456; x_wconf 88' lang='lat' dir='ltr'>rursum</span> <span class='ocrx_word' id='word_1_94' title='bbox 976 1401 1332 1457; x_wconf 86' lang='lat' dir='ltr'><strong>nihilominus</strong></span> <span class='ocrx_word' id='word_1_95' title='bbox 1364 1401 1763 1466; x_wconf 87' lang='lat' dir='ltr'><strong>insultarenl,et</strong></span> <span class='ocrx_word' id='word_1_96' title='bbox 1792 1403 2040 1454; x_wconf 86' lang='lat' dir='ltr'><strong>inmune-</strong></span> 
     </span>
    </p>
   </div>
   <div class='ocr_carea' id='block_1_16' title="bbox 462 1494 2037 1559">
    <p class='ocr_par' dir='ltr' id='par_1_16' title="bbox 462 1494 2037 1559">
     <span class='ocr_line' id='line_1_16' title="bbox 462 1494 2037 1559; baseline 0 -11"><span class='ocrx_word' id='word_1_97' title='bbox 462 1495 536 1550; x_wconf 85' lang='lat' dir='ltr'><strong>ris</strong></span> <span class='ocrx_word' id='word_1_98' title='bbox 558 1512 678 1549; x_wconf 91' lang='lat' dir='ltr'>eum</span> <span class='ocrx_word' id='word_1_99' title='bbox 706 1496 967 1550; x_wconf 87' lang='lat' dir='ltr'><strong>molestiis</strong></span> <span class='ocrx_word' id='word_1_100' title='bbox 996 1497 1333 1559; x_wconf 70' lang='lat' dir='ltr'><strong>divom—rent,</strong></span> <span class='ocrx_word' id='word_1_101' title='bbox 1365 1494 1549 1549; x_wconf 91' lang='lat' dir='ltr'><strong>multis</strong></span> <span class='ocrx_word' id='word_1_102' title='bbox 1579 1496 1752 1550; x_wconf 87' lang='lat' dir='ltr'><strong>modis</strong></span> <span class='ocrx_word' id='word_1_103' title='bbox 1772 1495 2037 1549; x_wconf 81' lang='lat' dir='ltr'><strong>insidian-</strong></span> 
     </span>
    </p>
   </div>
   <div class='ocr_carea' id='block_1_17' title="bbox 462 1588 2039 1658">
    <p class='ocr_par' dir='ltr' id='par_1_17' title="bbox 462 1588 2039 1658">
     <span class='ocr_line' id='line_1_17' title="bbox 462 1588 2039 1658; baseline 0.001 -16"><span class='ocrx_word' id='word_1_104' title='bbox 462 1597 565 1654; x_wconf 85' lang='lat' dir='ltr'><strong>tes,</strong></span> <span class='ocrx_word' id='word_1_105' title='bbox 597 1599 652 1643; x_wconf 90' lang='lat' dir='ltr'>et</span> <span class='ocrx_word' id='word_1_106' title='bbox 678 1589 1119 1658; x_wconf 89' lang='lat' dir='ltr'><strong>nequedivinum</strong></span> <span class='ocrx_word' id='word_1_107' title='bbox 1172 1591 1429 1658; x_wconf 89' lang='lat' dir='ltr'><strong>templum</strong></span> <span class='ocrx_word' id='word_1_108' title='bbox 1487 1588 1814 1654; x_wconf 85' lang='lat' dir='ltr'><strong>instaurare,</strong></span> <span class='ocrx_word' id='word_1_109' title='bbox 1864 1603 2039 1658; x_wconf 89' lang='lat' dir='ltr'><strong>neque</strong></span> 
     </span>
    </p>
   </div>
   <div class='ocr_carea' id='block_1_18' title="bbox 461 1675 2037 1748">
    <p class='ocr_par' dir='ltr' id='par_1_18' title="bbox 461 1675 2037 1748">
     <span class='ocr_line' id='line_1_18' title="bbox 461 1675 2037 1748; baseline -0.001 -16"><span class='ocrx_word' id='word_1_110' title='bbox 461 1679 730 1734; x_wconf 79' lang='lat' dir='ltr'><strong>moenibus</strong></span> <span class='ocrx_word' id='word_1_111' title='bbox 762 1680 948 1733; x_wconf 84' lang='lat' dir='ltr'>urbem</span> <span class='ocrx_word' id='word_1_112' title='bbox 978 1680 1195 1748; x_wconf 79' lang='lat' dir='ltr'><strong>cingere</strong></span> <span class='ocrx_word' id='word_1_113' title='bbox 1211 1678 1474 1743; x_wconf 81' lang='lat' dir='ltr'><strong>sinentes,</strong></span> <span class='ocrx_word' id='word_1_114' title='bbox 1504 1692 1722 1732; x_wconf 90' lang='lat' dir='ltr'><strong>necesse</strong></span> <span class='ocrx_word' id='word_1_115' title='bbox 1745 1675 1845 1732; x_wconf 83' lang='lat' dir='ltr'><strong>I&#39;uit</strong></span> <span class='ocrx_word' id='word_1_116' title='bbox 1870 1676 2037 1731; x_wconf 91' lang='lat' dir='ltr'><strong>Deum</strong></span> 
     </span>
    </p>
   </div>
   <div class='ocr_carea' id='block_1_19' title="bbox 461 1767 2038 1839">
    <p class='ocr_par' dir='ltr' id='par_1_19' title="bbox 461 1767 2038 1839">
     <span class='ocr_line' id='line_1_19' title="bbox 461 1767 2038 1839; baseline 0 -17"><span class='ocrx_word' id='word_1_117' title='bbox 461 1770 590 1839; x_wconf 84' lang='lat' dir='ltr'><strong>ipsis</strong></span> <span class='ocrx_word' id='word_1_118' title='bbox 613 1770 792 1832; x_wconf 86' lang='lat' dir='ltr'><strong>irasci,</strong></span> <span class='ocrx_word' id='word_1_119' title='bbox 823 1780 874 1823; x_wconf 89' lang='lat' dir='ltr'>et</span> <span class='ocrx_word' id='word_1_120' title='bbox 899 1785 992 1825; x_wconf 88' lang='lat' dir='ltr'>eos</span> <span class='ocrx_word' id='word_1_121' title='bbox 1019 1771 1070 1823; x_wconf 94' lang='lat' dir='ltr'>in</span> <span class='ocrx_word' id='word_1_122' title='bbox 1099 1785 1291 1824; x_wconf 80' lang='lat' dir='ltr'><strong>manus</strong></span> <span class='ocrx_word' id='word_1_123' title='bbox 1320 1769 1534 1824; x_wconf 85' lang='lat' dir='ltr'><strong>Israelis</strong></span> <span class='ocrx_word' id='word_1_124' title='bbox 1565 1769 1800 1823; x_wconf 86' lang='lat' dir='ltr'><strong>tradere.</strong></span> <span class='ocrx_word' id='word_1_125' title='bbox 1840 1767 2038 1823; x_wconf 81' lang='lat' dir='ltr'><strong>Finitis</strong></span> 
     </span>
    </p>
   </div>
   <div class='ocr_carea' id='block_1_20' title="bbox 457 1861 2033 1931">
    <p class='ocr_par' dir='ltr' id='par_1_20' title="bbox 457 1861 2033 1931">
     <span class='ocr_line' id='line_1_20' title="bbox 457 1861 2033 1931; baseline -0.001 -14"><span class='ocrx_word' id='word_1_126' title='bbox 457 1863 600 1917; x_wconf 85' lang='lat' dir='ltr'><strong>enim</strong></span> <span class='ocrx_word' id='word_1_127' title='bbox 630 1863 904 1931; x_wconf 88' lang='lat' dir='ltr'><strong>operibus,</strong></span> <span class='ocrx_word' id='word_1_128' title='bbox 934 1871 990 1916; x_wconf 92' lang='lat' dir='ltr'>et</span> <span class='ocrx_word' id='word_1_129' title='bbox 1022 1862 1223 1931; x_wconf 88' lang='lat' dir='ltr'><strong>templo</strong></span> <span class='ocrx_word' id='word_1_130' title='bbox 1253 1861 1496 1926; x_wconf 76' lang='lat' dir='ltr'><strong>condito,</strong></span> <span class='ocrx_word' id='word_1_131' title='bbox 1544 1862 1796 1917; x_wconf 90' lang='lat' dir='ltr'><strong>omnibus</strong></span> <span class='ocrx_word' id='word_1_132' title='bbox 1844 1876 2033 1918; x_wconf 91' lang='lat' dir='ltr'><strong>eorum</strong></span> 
     </span>
    </p>
   </div>
   <div class='ocr_carea' id='block_1_21' title="bbox 458 1951 2035 2028">
    <p class='ocr_par' dir='ltr' id='par_1_21' title="bbox 458 1951 2035 2028">
     <span class='ocr_line' id='line_1_21' title="bbox 458 1951 2035 2028; baseline 0.001 -24"><span class='ocrx_word' id='word_1_133' title='bbox 458 1951 682 2006; x_wconf 91' lang='lat' dir='ltr'><strong>urbibus</strong></span> <span class='ocrx_word' id='word_1_134' title='bbox 711 1951 1022 2028; x_wconf 79' lang='lat' dir='ltr'><strong>devastatis,</strong></span> <span class='ocrx_word' id='word_1_135' title='bbox 1050 1952 1292 2019; x_wconf 77' lang='lat' dir='ltr'><strong>captivos</strong></span> <span class='ocrx_word' id='word_1_136' title='bbox 1322 1968 1507 2008; x_wconf 86' lang='lat' dir='ltr'><strong>earum</strong></span> <span class='ocrx_word' id='word_1_137' title='bbox 1537 1952 1741 2008; x_wconf 83' lang='lat' dir='ltr'><strong>incolas</strong></span> <span class='ocrx_word' id='word_1_138' title='bbox 1770 1951 2035 2018; x_wconf 80' lang='lat' dir='ltr'><strong>fecerunt,</strong></span> 
     </span>
    </p>
   </div>
   <div class='ocr_carea' id='block_1_22' title="bbox 457 2030 2039 2116">
    <p class='ocr_par' dir='ltr' id='par_1_22' title="bbox 457 2030 2039 2116">
     <span class='ocr_line' id='line_1_22' title="bbox 457 2030 2039 2116; baseline 0.002 -19"><span class='ocrx_word' id='word_1_139' title='bbox 457 2053 621 2109; x_wconf 87' lang='lat' dir='ltr'><strong>atque</strong></span> <span class='ocrx_word' id='word_1_140' title='bbox 643 2059 775 2114; x_wconf 83' lang='lat' dir='ltr'><strong>apes</strong></span> <span class='ocrx_word' id='word_1_141' title='bbox 795 2030 1092 2100; x_wconf 80' lang='lat' dir='ltr'><strong>immensas</strong></span> <span class='ocrx_word' id='word_1_142' title='bbox 1107 2046 1462 2116; x_wconf 79' lang='lat' dir='ltr'><strong>collegerunt.</strong></span> <span class='ocrx_word' id='word_1_143' title='bbox 1497 2046 1589 2100; x_wconf 80' lang='lat' dir='ltr'>Ait</span> <span class='ocrx_word' id='word_1_144' title='bbox 1623 2046 1826 2116; x_wconf 84' lang='lat' dir='ltr'><strong>igitur:</strong></span> <span class='ocrx_word' id='word_1_145' title='bbox 1867 2065 1886 2097; x_wconf 82' lang='lat'><strong>(</strong></span> <span class='ocrx_word' id='word_1_146' title='bbox 1932 2045 2039 2100; x_wconf 86' lang='lat' dir='ltr'>As-</span> 
     </span>
    </p>
   </div>
   <div class='ocr_carea' id='block_1_23' title="bbox 456 2135 2040 2205">
    <p class='ocr_par' dir='ltr' id='par_1_23' title="bbox 456 2135 2040 2205">
     <span class='ocr_line' id='line_1_23' title="bbox 456 2135 2040 2205; baseline 0.002 -16"><span class='ocrx_word' id='word_1_147' title='bbox 456 2137 690 2205; x_wconf 90' lang='lat' dir='ltr'><strong>sumptio</strong></span> <span class='ocrx_word' id='word_1_148' title='bbox 712 2137 934 2192; x_wconf 81' lang='lat' dir='ltr'>verbum</span> <span class='ocrx_word' id='word_1_149' title='bbox 957 2135 1168 2191; x_wconf 87' lang='lat' dir='ltr'><strong>Domini</strong></span> <span class='ocrx_word' id='word_1_150' title='bbox 1215 2138 1426 2192; x_wconf 90' lang='lat' dir='ltr'><strong>interra</strong></span> <span class='ocrx_word' id='word_1_151' title='bbox 1460 2135 1699 2203; x_wconf 86' lang='lat' dir='ltr'><strong>Adrach,</strong></span> <span class='ocrx_word' id='word_1_152' title='bbox 1746 2151 1802 2192; x_wconf 86' lang='lat' dir='ltr'>et</span> <span class='ocrx_word' id='word_1_153' title='bbox 1845 2138 2040 2192; x_wconf 88' lang='lat' dir='ltr'><strong>Dama-</strong></span> 
     </span>
    </p>
   </div>
   <div class='ocr_carea' id='block_1_24' title="bbox 457 2229 2034 2299">
    <p class='ocr_par' dir='ltr' id='par_1_24' title="bbox 457 2229 2034 2299">
     <span class='ocr_line' id='line_1_24' title="bbox 457 2229 2034 2299; baseline 0.001 -14"><span class='ocrx_word' id='word_1_154' title='bbox 457 2229 556 2297; x_wconf 86' lang='lat' dir='ltr'><strong>sci,</strong></span> <span class='ocrx_word' id='word_1_155' title='bbox 596 2248 614 2280; x_wconf 70' lang='grc' dir='ltr'>ι</span> <span class='ocrx_word' id='word_1_156' title='bbox 638 2229 741 2284; x_wconf 83' lang='lat' dir='ltr'>hoc</span> <span class='ocrx_word' id='word_1_157' title='bbox 760 2241 863 2295; x_wconf 89' lang='lat' dir='ltr'><strong>est,</strong></span> <span class='ocrx_word' id='word_1_158' title='bbox 882 2230 970 2299; x_wconf 91' lang='lat' dir='ltr'><strong>qui</strong></span> <span class='ocrx_word' id='word_1_159' title='bbox 998 2231 1048 2283; x_wconf 91' lang='lat' dir='ltr'>in</span> <span class='ocrx_word' id='word_1_160' title='bbox 1066 2230 1316 2285; x_wconf 86' lang='lat' dir='ltr'><strong>manibus</strong></span> <span class='ocrx_word' id='word_1_161' title='bbox 1349 2230 1505 2284; x_wconf 91' lang='lat' dir='ltr'><strong>nobis</strong></span> <span class='ocrx_word' id='word_1_162' title='bbox 1523 2238 1606 2285; x_wconf 84' lang='lat' dir='ltr'>est</span> <span class='ocrx_word' id='word_1_163' title='bbox 1632 2245 1811 2286; x_wconf 86' lang='lat' dir='ltr'><strong>sermo</strong></span> <span class='ocrx_word' id='word_1_164' title='bbox 1835 2245 1866 2284; x_wconf 91' lang='lat' dir='ltr'>a</span> <span class='ocrx_word' id='word_1_165' title='bbox 1901 2229 2034 2297; x_wconf 85' lang='lat' dir='ltr'><strong>Deo,</strong></span> 
     </span>
    </p>
   </div>
   <div class='ocr_carea' id='block_1_25' title="bbox 458 2320 2038 2392">
    <p class='ocr_par' dir='ltr' id='par_1_25' title="bbox 458 2320 2038 2392">
     <span class='ocr_line' id='line_1_25' title="bbox 458 2320 2038 2392; baseline 0 -15"><span class='ocrx_word' id='word_1_166' title='bbox 458 2331 644 2377; x_wconf 91' lang='lat' dir='ltr'><strong>contra</strong></span> <span class='ocrx_word' id='word_1_167' title='bbox 673 2332 870 2376; x_wconf 89' lang='lat' dir='ltr'><strong>terram</strong></span> <span class='ocrx_word' id='word_1_168' title='bbox 920 2322 1159 2385; x_wconf 80' lang='lat' dir='ltr'><strong>Adracli,</strong></span> <span class='ocrx_word' id='word_1_169' title='bbox 1218 2331 1274 2376; x_wconf 90' lang='lat' dir='ltr'>et</span> <span class='ocrx_word' id='word_1_170' title='bbox 1317 2320 1568 2375; x_wconf 83' lang='lat' dir='ltr'><strong>Damasci</strong></span> <span class='ocrx_word' id='word_1_171' title='bbox 1625 2322 1737 2389; x_wconf 75' lang='lat' dir='ltr'><strong>fiet,</strong></span> <span class='ocrx_word' id='word_1_172' title='bbox 1797 2323 1928 2392; x_wconf 90' lang='lat' dir='ltr'><strong>quin</strong></span> <span class='ocrx_word' id='word_1_173' title='bbox 1982 2331 2038 2378; x_wconf 92' lang='lat' dir='ltr'><strong>et</strong></span> 
     </span>
    </p>
   </div>
   <div class='ocr_carea' id='block_1_26' title="bbox 459 2412 2034 2482">
    <p class='ocr_par' dir='ltr' id='par_1_26' title="bbox 459 2412 2034 2482">
     <span class='ocr_line' id='line_1_26' title="bbox 459 2412 2034 2482; baseline 0.001 -16"><span class='ocrx_word' id='word_1_174' title='bbox 459 2412 674 2477; x_wconf 82' lang='lat' dir='ltr'><strong>Ematlt,</strong></span> <span class='ocrx_word' id='word_1_175' title='bbox 707 2428 829 2482; x_wconf 67' lang='lat' dir='ltr'><strong>quae</strong></span> <span class='ocrx_word' id='word_1_176' title='bbox 869 2424 954 2467; x_wconf 90' lang='lat' dir='ltr'>est</span> <span class='ocrx_word' id='word_1_177' title='bbox 979 2414 1028 2466; x_wconf 91' lang='lat' dir='ltr'>in</span> <span class='ocrx_word' id='word_1_178' title='bbox 1071 2412 1269 2466; x_wconf 87' lang='lat' dir='ltr'><strong>ﬁnibus</strong></span> <span class='ocrx_word' id='word_1_179' title='bbox 1312 2412 1449 2482; x_wconf 88' lang='lat' dir='ltr'><strong>ejus,</strong></span> <span class='ocrx_word' id='word_1_180' title='bbox 1476 2414 1723 2468; x_wconf 82' lang='lat' dir='ltr'><strong>Damasci</strong></span> <span class='ocrx_word' id='word_1_181' title='bbox 1765 2415 2034 2470; x_wconf 82' lang='lat' dir='ltr'><strong>videlicet.</strong></span> 
     </span>
    </p>
   </div>
   <div class='ocr_carea' id='block_1_27' title="bbox 459 2504 2032 2575">
    <p class='ocr_par' dir='ltr' id='par_1_27' title="bbox 459 2504 2032 2575">
     <span class='ocr_line' id='line_1_27' title="bbox 459 2504 2032 2575; baseline 0.002 -16"><span class='ocrx_word' id='word_1_182' title='bbox 459 2504 626 2559; x_wconf 88' lang='lat' dir='ltr'><strong>Terra</strong></span> <span class='ocrx_word' id='word_1_183' title='bbox 664 2515 848 2559; x_wconf 90' lang='lat' dir='ltr'><strong>autem</strong></span> <span class='ocrx_word' id='word_1_184' title='bbox 871 2505 1084 2558; x_wconf 82' lang='lat' dir='ltr'><strong>Adraclt</strong></span> <span class='ocrx_word' id='word_1_185' title='bbox 1115 2506 1262 2575; x_wconf 75' lang='lat' dir='ltr'><strong>regio</strong></span> <span class='ocrx_word' id='word_1_186' title='bbox 1286 2505 1472 2572; x_wconf 85' lang='lat' dir='ltr'><strong>utique</strong></span> <span class='ocrx_word' id='word_1_187' title='bbox 1512 2514 1598 2560; x_wconf 90' lang='lat' dir='ltr'>est</span> <span class='ocrx_word' id='word_1_188' title='bbox 1637 2505 1901 2572; x_wconf 83' lang='lat' dir='ltr'><strong>Orientis,</strong></span> <span class='ocrx_word' id='word_1_189' title='bbox 1947 2508 2032 2562; x_wconf 93' lang='lat' dir='ltr'>cui</span> 
     </span>
    </p>
   </div>
   <div class='ocr_carea' id='block_1_28' title="bbox 459 2596 2033 2670">
    <p class='ocr_par' dir='ltr' id='par_1_28' title="bbox 459 2596 2033 2670">
     <span class='ocr_line' id='line_1_28' title="bbox 459 2596 2033 2670; baseline 0.003 -20"><span class='ocrx_word' id='word_1_190' title='bbox 459 2597 689 2651; x_wconf 88' lang='lat' dir='ltr'><strong>linitima</strong></span> <span class='ocrx_word' id='word_1_191' title='bbox 734 2607 817 2652; x_wconf 90' lang='lat' dir='ltr'><strong>est</strong></span> <span class='ocrx_word' id='word_1_192' title='bbox 844 2596 1034 2651; x_wconf 87' lang='lat' dir='ltr'><strong>Ematb</strong></span> <span class='ocrx_word' id='word_1_193' title='bbox 1063 2616 1084 2648; x_wconf 89' lang='grc'><strong>‹</strong></span> <span class='ocrx_word' id='word_1_194' title='bbox 1115 2611 1234 2666; x_wconf 73' lang='lat' dir='ltr'><strong>qua:</strong></span> <span class='ocrx_word' id='word_1_195' title='bbox 1256 2608 1338 2652; x_wconf 89' lang='lat' dir='ltr'>est</span> <span class='ocrx_word' id='word_1_196' title='bbox 1361 2597 1677 2667; x_wconf 88' lang='lat' dir='ltr'><strong>Epiphania,</strong></span> <span class='ocrx_word' id='word_1_197' title='bbox 1697 2599 1856 2669; x_wconf 87' lang='lat' dir='ltr'><strong>paulo</strong></span> <span class='ocrx_word' id='word_1_198' title='bbox 1872 2615 2033 2670; x_wconf 91' lang='lat' dir='ltr'><strong>supra</strong></span> 
     </span>
    </p>
   </div>
   <div class='ocr_carea' id='block_1_29' title="bbox 457 2689 2036 2758">
    <p class='ocr_par' dir='ltr' id='par_1_29' title="bbox 457 2689 2036 2758">
     <span class='ocr_line' id='line_1_29' title="bbox 457 2689 2036 2758; baseline 0.003 -16"><span class='ocrx_word' id='word_1_199' title='bbox 457 2689 821 2756; x_wconf 83' lang='lat' dir='ltr'><strong>Antiochiam,</strong></span> <span class='ocrx_word' id='word_1_200' title='bbox 863 2698 918 2744; x_wconf 91' lang='lat' dir='ltr'>et</span> <span class='ocrx_word' id='word_1_201' title='bbox 943 2689 1274 2753; x_wconf 88' lang='lat' dir='ltr'><strong>Damascus,</strong></span> <span class='ocrx_word' id='word_1_202' title='bbox 1323 2705 1442 2758; x_wconf 83' lang='lat' dir='ltr'><strong>quae</strong></span> <span class='ocrx_word' id='word_1_203' title='bbox 1479 2699 1563 2744; x_wconf 89' lang='lat' dir='ltr'><strong>est</strong></span> <span class='ocrx_word' id='word_1_204' title='bbox 1604 2689 1923 2747; x_wconf 65' lang='lat' dir='ltr'><strong>Phoenicum</strong></span> <span class='ocrx_word' id='word_1_205' title='bbox 1980 2703 2036 2749; x_wconf 86' lang='lat' dir='ltr'>et</span> 
     </span>
    </p>
   </div>
   <div class='ocr_carea' id='block_1_30' title="bbox 459 2780 2036 2849">
    <p class='ocr_par' dir='ltr' id='par_1_30' title="bbox 459 2780 2036 2849">
     <span class='ocr_line' id='line_1_30' title="bbox 459 2780 2036 2849; baseline 0.004 -15"><span class='ocrx_word' id='word_1_206' title='bbox 459 2780 754 2836; x_wconf 65' lang='lat' dir='ltr'><strong>Palaestinae</strong></span> <span class='ocrx_word' id='word_1_207' title='bbox 785 2780 1117 2849; x_wconf 87' lang='lat' dir='ltr'><strong>metropolis.</strong></span> <span class='ocrx_word' id='word_1_208' title='bbox 1144 2780 1514 2848; x_wconf 86' lang='lat' dir='ltr'><strong>Subjicieutnr</strong></span> <span class='ocrx_word' id='word_1_209' title='bbox 1542 2793 1723 2838; x_wconf 89' lang='lat' dir='ltr'><strong>autem</strong></span> <span class='ocrx_word' id='word_1_210' title='bbox 1752 2793 1808 2838; x_wconf 90' lang='lat' dir='ltr'>et</span> <span class='ocrx_word' id='word_1_211' title='bbox 1839 2793 2036 2841; x_wconf 78' lang='lat' dir='ltr'><strong>metro-</strong></span> 
     </span>
    </p>
   </div>
   <div class='ocr_carea' id='block_1_31' title="bbox 457 2869 2036 2944">
    <p class='ocr_par' dir='ltr' id='par_1_31' title="bbox 457 2869 2036 2944">
     <span class='ocr_line' id='line_1_31' title="bbox 457 2869 2036 2944; baseline 0.003 -20"><span class='ocrx_word' id='word_1_212' title='bbox 457 2869 624 2941; x_wconf 89' lang='lat' dir='ltr'><strong>poles,</strong></span> <span class='ocrx_word' id='word_1_213' title='bbox 659 2878 715 2924; x_wconf 91' lang='lat' dir='ltr'>et</span> <span class='ocrx_word' id='word_1_214' title='bbox 747 2885 865 2939; x_wconf 78' lang='lat' dir='ltr'><strong>quae</strong></span> <span class='ocrx_word' id='word_1_215' title='bbox 892 2869 1022 2939; x_wconf 87' lang='lat' dir='ltr'><strong>ipsis</strong></span> <span class='ocrx_word' id='word_1_216' title='bbox 1042 2869 1298 2934; x_wconf 81' lang='lat' dir='ltr'><strong>subiectae</strong></span> <span class='ocrx_word' id='word_1_217' title='bbox 1335 2881 1461 2924; x_wconf 89' lang='lat' dir='ltr'><strong>sunt</strong></span> <span class='ocrx_word' id='word_1_218' title='bbox 1485 2871 1665 2926; x_wconf 89' lang='lat' dir='ltr'><strong>urbes.</strong></span> <span class='ocrx_word' id='word_1_219' title='bbox 1713 2871 1894 2941; x_wconf 82' lang='lat' dir='ltr'><strong>Quare</strong></span> <span class='ocrx_word' id='word_1_220' title='bbox 1935 2874 2036 2944; x_wconf 78' lang='lat' dir='ltr'><strong>igi-</strong></span> 
     </span>
    </p>
   </div>
   <div class='ocr_carea' id='block_1_32' title="bbox 458 2961 2037 3034">
    <p class='ocr_par' dir='ltr' id='par_1_32' title="bbox 458 2961 2037 3034">
     <span class='ocr_line' id='line_1_32' title="bbox 458 2961 2037 3034; baseline 0.004 -20"><span class='ocrx_word' id='word_1_221' title='bbox 458 2969 544 3015; x_wconf 93' lang='lat' dir='ltr'><strong>tur</strong></span> <span class='ocrx_word' id='word_1_222' title='bbox 567 2963 866 3032; x_wconf 86' lang='lat' dir='ltr'><strong>assumptio</strong></span> <span class='ocrx_word' id='word_1_223' title='bbox 902 2973 1090 3017; x_wconf 88' lang='lat' dir='ltr'><strong>contra</strong></span> <span class='ocrx_word' id='word_1_224' title='bbox 1125 2962 1275 3016; x_wconf 88' lang='lat' dir='ltr'><strong>illas?</strong></span> <span class='ocrx_word' id='word_1_225' title='bbox 1324 2961 1460 3029; x_wconf 87' lang='lat' dir='ltr'><strong>Quia</strong></span> <span class='ocrx_word' id='word_1_226' title='bbox 1493 2975 1542 3018; x_wconf 88' lang='lat' dir='ltr'>et</span> <span class='ocrx_word' id='word_1_227' title='bbox 1574 2963 1627 3018; x_wconf 89' lang='lat' dir='ltr'>in</span> <span class='ocrx_word' id='word_1_228' title='bbox 1655 2964 1786 3034; x_wconf 88' lang='lat' dir='ltr'><strong>ipsis</strong></span> <span class='ocrx_word' id='word_1_229' title='bbox 1827 2965 1926 3021; x_wconf 82' lang='lat' dir='ltr'><strong>fuit</strong></span> <span class='ocrx_word' id='word_1_230' title='bbox 1951 2982 2037 3022; x_wconf 87' lang='lat' dir='ltr'>re-</span> 
     </span>
    </p>
   </div>
   <div class='ocr_carea' id='block_1_33' title="bbox 454 3055 2034 3125">
    <p class='ocr_par' dir='ltr' id='par_1_33' title="bbox 454 3055 2034 3125">
     <span class='ocr_line' id='line_1_33' title="bbox 454 3055 2034 3125; baseline 0.006 -18"><span class='ocrx_word' id='word_1_231' title='bbox 454 3055 606 3125; x_wconf 92' lang='lat' dir='ltr'><strong>quies</strong></span> <span class='ocrx_word' id='word_1_232' title='bbox 631 3055 769 3125; x_wconf 90' lang='lat' dir='ltr'><strong>ejus,</strong></span> <span class='ocrx_word' id='word_1_233' title='bbox 800 3055 902 3110; x_wconf 89' lang='lat' dir='ltr'>hoc</span> <span class='ocrx_word' id='word_1_234' title='bbox 931 3065 1034 3120; x_wconf 87' lang='lat' dir='ltr'><strong>est,</strong></span> <span class='ocrx_word' id='word_1_235' title='bbox 1085 3057 1344 3111; x_wconf 72' lang='lat' dir='ltr'><strong>omnium</strong></span> <span class='ocrx_word' id='word_1_236' title='bbox 1378 3057 1710 3114; x_wconf 82' lang='lat' dir='ltr'><strong>dominantis</strong></span> <span class='ocrx_word' id='word_1_237' title='bbox 1763 3058 1879 3115; x_wconf 87' lang='lat' dir='ltr'><strong>Dei.</strong></span> <span class='ocrx_word' id='word_1_238' title='bbox 1925 3061 2034 3116; x_wconf 73' lang='lat' dir='ltr'><strong>Ile-</strong></span> 
     </span>
    </p>
   </div>
   <div class='ocr_carea' id='block_1_34' title="bbox 2139 568 3733 644">
    <p class='ocr_par' dir='ltr' id='par_1_34' title="bbox 2139 568 3733 644">
     <span class='ocr_line' id='line_1_34' title="bbox 2139 568 3733 644; baseline -0.001 -21"><span class='ocrx_word' id='word_1_239' title='bbox 2139 572 2239 641; x_wconf 78' lang='grc' dir='ltr'>τῆς</span> <span class='ocrx_word' id='word_1_240' title='bbox 2289 572 2484 644; x_wconf 82' lang='grc' dir='ltr'>βουλῆς</span> <span class='ocrx_word' id='word_1_241' title='bbox 2518 573 2716 637; x_wconf 84' lang='grc' dir='ltr'>αὑτῶν,</span> <span class='ocrx_word' id='word_1_242' title='bbox 2751 575 2844 624; x_wconf 70' lang='grc' dir='ltr'>καὶ</span> <span class='ocrx_word' id='word_1_243' title='bbox 2881 569 3065 642; x_wconf 74' lang='grc' dir='ltr'>κριταὶ</span> <span class='ocrx_word' id='word_1_244' title='bbox 3092 569 3141 621; x_wconf 84' lang='grc' dir='ltr'>οἱ</span> <span class='ocrx_word' id='word_1_245' title='bbox 3169 569 3227 622; x_wconf 88' lang='grc' dir='ltr'>ἐν</span> <span class='ocrx_word' id='word_1_246' title='bbox 3257 570 3323 639; x_wconf 83' lang='grc' dir='ltr'>τῇ</span> <span class='ocrx_word' id='word_1_247' title='bbox 3357 568 3531 640; x_wconf 82' lang='grc' dir='ltr'>Κοίλῃ</span> <span class='ocrx_word' id='word_1_248' title='bbox 3562 569 3733 642; x_wconf 72' lang='grc' dir='ltr'>Συρίᾳ</span> 
     </span>
    </p>
   </div>
   <div class='ocr_carea' id='block_1_35' title="bbox 2141 659 3735 738">
    <p class='ocr_par' dir='ltr' id='par_1_35' title="bbox 2141 659 3735 738">
     <span class='ocr_line' id='line_1_35' title="bbox 2141 659 3735 738; baseline 0 -22"><span class='ocrx_word' id='word_1_249' title='bbox 2141 666 2233 717; x_wconf 76' lang='grc' dir='ltr'>καὶ</span> <span class='ocrx_word' id='word_1_250' title='bbox 2258 665 2500 738; x_wconf 77' lang='grc' dir='ltr'>Φοινίκῃ.</span> <span class='ocrx_word' id='word_1_251' title='bbox 2533 666 2826 718; x_wconf 84' lang='grc' dir='ltr'>Γινώσκειν</span> <span class='ocrx_word' id='word_1_252' title='bbox 2859 681 2918 716; x_wconf 90' lang='grc' dir='ltr'>σε</span> <span class='ocrx_word' id='word_1_253' title='bbox 2959 663 3058 728; x_wconf 87' lang='grc' dir='ltr'>δεῖ,</span> <span class='ocrx_word' id='word_1_254' title='bbox 3101 659 3350 732; x_wconf 82' lang='grc' dir='ltr'>βασιλεῦ,</span> <span class='ocrx_word' id='word_1_255' title='bbox 3382 661 3464 714; x_wconf 79' lang='grc' dir='ltr'>ὅτι</span> <span class='ocrx_word' id='word_1_256' title='bbox 3489 661 3735 716; x_wconf 86' lang='grc' dir='ltr'>Ἰουδαῖοι</span> 
     </span>
    </p>
   </div>
   <div class='ocr_carea' id='block_1_36' title="bbox 2139 752 3731 826">
    <p class='ocr_par' dir='ltr' id='par_1_36' title="bbox 2139 752 3731 826">
     <span class='ocr_line' id='line_1_36' title="bbox 2139 752 3731 826; baseline -0.001 -16"><span class='ocrx_word' id='word_1_257' title='bbox 2139 759 2189 810; x_wconf 89' lang='grc' dir='ltr'>οἱ</span> <span class='ocrx_word' id='word_1_258' title='bbox 2233 759 2312 820; x_wconf 87' lang='grc' dir='ltr'>είς</span> <span class='ocrx_word' id='word_1_259' title='bbox 2364 757 2658 810; x_wconf 78' lang='grc' dir='ltr'>Βαϐυλῶνα</span> <span class='ocrx_word' id='word_1_260' title='bbox 2708 754 3072 824; x_wconf 81' lang='grc' dir='ltr'>ἀναχθέντες,</span> <span class='ocrx_word' id='word_1_261' title='bbox 3123 752 3450 826; x_wconf 76' lang='grc' dir='ltr'>ἐληλύθασιν</span> <span class='ocrx_word' id='word_1_262' title='bbox 3503 755 3585 816; x_wconf 88' lang='grc' dir='ltr'>είς</span> <span class='ocrx_word' id='word_1_263' title='bbox 3637 753 3731 823; x_wconf 82' lang='grc' dir='ltr'>τὴν</span> 
     </span>
    </p>
   </div>
   <div class='ocr_carea' id='block_1_37' title="bbox 2140 835 3756 920">
    <p class='ocr_par' dir='ltr' id='par_1_37' title="bbox 2140 835 3756 920">
     <span class='ocr_line' id='line_1_37' title="bbox 2140 835 3756 920; baseline -0.002 -18"><span class='ocrx_word' id='word_1_264' title='bbox 2140 850 2436 920; x_wconf 77' lang='grc' dir='ltr'>ἡμετέραν,</span> <span class='ocrx_word' id='word_1_265' title='bbox 2485 848 2584 901; x_wconf 65' lang='grc' dir='ltr'>καὶ</span> <span class='ocrx_word' id='word_1_266' title='bbox 2625 849 2722 918; x_wconf 84' lang='grc' dir='ltr'>τήν</span> <span class='ocrx_word' id='word_1_267' title='bbox 2763 864 2820 899; x_wconf 88' lang='grc' dir='ltr'>τε</span> <span class='ocrx_word' id='word_1_268' title='bbox 2861 846 3014 899; x_wconf 90' lang='grc' dir='ltr'>πόλιν</span> <span class='ocrx_word' id='word_1_269' title='bbox 3042 844 3140 918; x_wconf 81' lang='grc' dir='ltr'>τὴν</span> <span class='ocrx_word' id='word_1_270' title='bbox 3171 843 3473 901; x_wconf 82' lang='grc' dir='ltr'>ἀποστάτιν</span> <span class='ocrx_word' id='word_1_271' title='bbox 3506 844 3601 897; x_wconf 78' lang='grc' dir='ltr'>καὶ</span> <span class='ocrx_word' id='word_1_272' title='bbox 3634 863 3723 898; x_wconf 85' lang='grc' dir='ltr'>πο·</span> <span class='ocrx_word' id='word_1_273' title='bbox 3751 835 3756 844; x_wconf 67' lang='grc'><em>’</em></span> 
     </span>
    </p>
   </div>
   <div class='ocr_carea' id='block_1_38' title="bbox 2139 937 3731 1014">
    <p class='ocr_par' dir='ltr' id='par_1_38' title="bbox 2139 937 3731 1014">
     <span class='ocr_line' id='line_1_38' title="bbox 2139 937 3731 1014; baseline -0.002 -19"><span class='ocrx_word' id='word_1_274' title='bbox 2139 941 2311 1014; x_wconf 73' lang='grc' dir='ltr'>νηράν</span> <span class='ocrx_word' id='word_1_275' title='bbox 2359 940 2723 1010; x_wconf 83' lang='grc' dir='ltr'>οἰκοδομοῦσι,</span> <span class='ocrx_word' id='word_1_276' title='bbox 2764 941 2857 994; x_wconf 66' lang='grc' dir='ltr'>καὶ</span> <span class='ocrx_word' id='word_1_277' title='bbox 2905 938 3006 1004; x_wconf 83' lang='grc' dir='ltr'>τὰς</span> <span class='ocrx_word' id='word_1_278' title='bbox 3052 938 3260 1009; x_wconf 84' lang='grc' dir='ltr'>ἀγορὰς</span> <span class='ocrx_word' id='word_1_279' title='bbox 3308 937 3731 1002; x_wconf 79' lang='grc' dir='ltr'>ἐπισκευάζουσι</span> 
     </span>
    </p>
   </div>
   <div class='ocr_carea' id='block_1_39' title="bbox 2140 1028 3732 1105">
    <p class='ocr_par' dir='ltr' id='par_1_39' title="bbox 2140 1028 3732 1105">
     <span class='ocr_line' id='line_1_39' title="bbox 2140 1028 3732 1105; baseline -0.005 -18"><span class='ocrx_word' id='word_1_280' title='bbox 2140 1034 2365 1105; x_wconf 80' lang='grc' dir='ltr'>ταύτης,</span> <span class='ocrx_word' id='word_1_281' title='bbox 2395 1032 2489 1086; x_wconf 75' lang='grc' dir='ltr'>καὶ</span> <span class='ocrx_word' id='word_1_282' title='bbox 2536 1032 2606 1085; x_wconf 71' lang='grc' dir='ltr'>τὰ</span> <span class='ocrx_word' id='word_1_283' title='bbox 2650 1030 2825 1102; x_wconf 84' lang='grc' dir='ltr'>τείχη,</span> <span class='ocrx_word' id='word_1_284' title='bbox 2863 1031 2959 1084; x_wconf 74' lang='grc' dir='ltr'>καὶ</span> <span class='ocrx_word' id='word_1_285' title='bbox 3006 1029 3098 1082; x_wconf 80' lang='grc' dir='ltr'>τὸν</span> <span class='ocrx_word' id='word_1_286' title='bbox 3154 1028 3281 1082; x_wconf 81' lang='grc' dir='ltr'>ναὸν</span> <span class='ocrx_word' id='word_1_287' title='bbox 3333 1029 3732 1099; x_wconf 75' lang='grc' dir='ltr'>ἀνεγείρουσιν.</span> 
     </span>
    </p>
   </div>
   <div class='ocr_carea' id='block_1_40' title="bbox 2144 1118 3736 1195">
    <p class='ocr_par' dir='ltr' id='par_1_40' title="bbox 2144 1118 3736 1195">
     <span class='ocr_line' id='line_1_40' title="bbox 2144 1118 3736 1195; baseline -0.004 -16"><span class='ocrx_word' id='word_1_288' title='bbox 2144 1125 2284 1179; x_wconf 81' lang='grc' dir='ltr'>Ἰσθι</span> <span class='ocrx_word' id='word_1_289' title='bbox 2316 1124 2503 1195; x_wconf 86' lang='grc' dir='ltr'>μέντοι</span> <span class='ocrx_word' id='word_1_290' title='bbox 2545 1140 2630 1192; x_wconf 87' lang='grc' dir='ltr'>γε,</span> <span class='ocrx_word' id='word_1_291' title='bbox 2658 1121 2864 1176; x_wconf 87' lang='grc' dir='ltr'>τούτων</span> <span class='ocrx_word' id='word_1_292' title='bbox 2890 1120 3219 1192; x_wconf 78' lang='grc' dir='ltr'>γενομένων,</span> <span class='ocrx_word' id='word_1_293' title='bbox 3250 1118 3374 1172; x_wconf 76' lang='grc' dir='ltr'>οὔτε</span> <span class='ocrx_word' id='word_1_294' title='bbox 3410 1120 3607 1189; x_wconf 75' lang='grc' dir='ltr'>φόρους</span> <span class='ocrx_word' id='word_1_295' title='bbox 3635 1120 3736 1173; x_wconf 87' lang='grc' dir='ltr'>αὑ-</span> 
     </span>
    </p>
   </div>
   <div class='ocr_carea' id='block_1_41' title="bbox 2139 1209 3735 1286">
    <p class='ocr_par' dir='ltr' id='par_1_41' title="bbox 2139 1209 3735 1286">
     <span class='ocr_line' id='line_1_41' title="bbox 2139 1209 3735 1286; baseline -0.005 -14"><span class='ocrx_word' id='word_1_296' title='bbox 2139 1219 2266 1282; x_wconf 76' lang='grc' dir='ltr'>τοὺς</span> <span class='ocrx_word' id='word_1_297' title='bbox 2293 1218 2467 1270; x_wconf 85' lang='grc' dir='ltr'>τελεῖν</span> <span class='ocrx_word' id='word_1_298' title='bbox 2510 1214 2936 1286; x_wconf 76' lang='grc' dir='ltr'>ὑπομενοῦντας,</span> <span class='ocrx_word' id='word_1_299' title='bbox 2964 1211 3090 1266; x_wconf 75' lang='grc' dir='ltr'>οὔτε</span> <span class='ocrx_word' id='word_1_300' title='bbox 3117 1212 3175 1266; x_wconf 84' lang='grc' dir='ltr'>δὲ</span> <span class='ocrx_word' id='word_1_301' title='bbox 3208 1209 3508 1264; x_wconf 79' lang='grc' dir='ltr'>ὑπακούειν</span> <span class='ocrx_word' id='word_1_302' title='bbox 3538 1211 3735 1282; x_wconf 80' lang='grc' dir='ltr'>ἐθελή-</span> 
     </span>
    </p>
   </div>
   <div class='ocr_carea' id='block_1_42' title="bbox 2143 1301 3736 1376">
    <p class='ocr_par' dir='ltr' id='par_1_42' title="bbox 2143 1301 3736 1376">
     <span class='ocr_line' id='line_1_42' title="bbox 2143 1301 3736 1376; baseline -0.008 -12"><span class='ocrx_word' id='word_1_303' title='bbox 2143 1327 2356 1374; x_wconf 85' lang='grc' dir='ltr'>σοντας·</span> <span class='ocrx_word' id='word_1_304' title='bbox 2386 1307 2524 1362; x_wconf 86' lang='grc' dir='ltr'>ἀλλά</span> <span class='ocrx_word' id='word_1_305' title='bbox 2558 1307 2656 1360; x_wconf 66' lang='grc' dir='ltr'>κα)¹</span> <span class='ocrx_word' id='word_1_306' title='bbox 2685 1304 2995 1376; x_wconf 85' lang='grc' dir='ltr'>βασιλεῦσιν</span> <span class='ocrx_word' id='word_1_307' title='bbox 3042 1303 3479 1374; x_wconf 79' lang='grc' dir='ltr'>ἀντιστήσονται,</span> <span class='ocrx_word' id='word_1_308' title='bbox 3509 1301 3602 1352; x_wconf 74' lang='grc' dir='ltr'>καὶ</span> <span class='ocrx_word' id='word_1_309' title='bbox 3635 1301 3736 1373; x_wconf 82' lang='grc' dir='ltr'>ἀρ-</span> 
     </span>
    </p>
   </div>
   <div class='ocr_carea' id='block_1_43' title="bbox 2140 1391 3733 1475">
    <p class='ocr_par' dir='ltr' id='par_1_43' title="bbox 2140 1391 3733 1475">
     <span class='ocr_line' id='line_1_43' title="bbox 2140 1391 3733 1475; baseline -0.007 -18"><span class='ocrx_word' id='word_1_310' title='bbox 2140 1423 2255 1475; x_wconf 87' lang='grc' dir='ltr'>χειν</span> <span class='ocrx_word' id='word_1_311' title='bbox 2289 1403 2508 1474; x_wconf 84' lang='grc' dir='ltr'>μᾶλλον,</span> <span class='ocrx_word' id='word_1_312' title='bbox 2528 1402 2560 1472; x_wconf 85' lang='grc' dir='ltr'>ἢ</span> <span class='ocrx_word' id='word_1_313' title='bbox 2583 1398 2878 1454; x_wconf 84' lang='grc' dir='ltr'>ὑπακούειν</span> <span class='ocrx_word' id='word_1_314' title='bbox 2902 1395 3273 1466; x_wconf 87' lang='grc' dir='ltr'>ἐθελήσουσιν.</span> <span class='ocrx_word' id='word_1_315' title='bbox 3293 1394 3549 1465; x_wconf 86' lang='grc' dir='ltr'>Ἔνεργου</span> <span class='ocrx_word' id='word_1_316' title='bbox 3559 1391 3733 1463; x_wconf 83' lang='grc' dir='ltr'>μένων</span> 
     </span>
    </p>
   </div>
   <div class='ocr_carea' id='block_1_44' title="bbox 2140 1485 3734 1565">
    <p class='ocr_par' dir='ltr' id='par_1_44' title="bbox 2140 1485 3734 1565">
     <span class='ocr_line' id='line_1_44' title="bbox 2140 1485 3734 1565; baseline -0.009 -14"><span class='ocrx_word' id='word_1_317' title='bbox 2140 1494 2233 1551; x_wconf 80' lang='grc' dir='ltr'>οῦν</span> <span class='ocrx_word' id='word_1_318' title='bbox 2277 1495 2387 1551; x_wconf 85' lang='grc' dir='ltr'>τῶν</span> <span class='ocrx_word' id='word_1_319' title='bbox 2435 1494 2566 1565; x_wconf 74' lang='grc' dir='ltr'>περὶ</span> <span class='ocrx_word' id='word_1_320' title='bbox 2597 1493 2690 1546; x_wconf 84' lang='grc' dir='ltr'>τὸν</span> <span class='ocrx_word' id='word_1_321' title='bbox 2729 1491 2856 1546; x_wconf 75' lang='grc' dir='ltr'>ναὸν</span> <span class='ocrx_word' id='word_1_322' title='bbox 2891 1491 2987 1545; x_wconf 69' lang='grc' dir='ltr'>καὶ</span> <span class='ocrx_word' id='word_1_323' title='bbox 3036 1487 3514 1558; x_wconf 78' lang='grc' dir='ltr'>σπουδαζομένων,</span> <span class='ocrx_word' id='word_1_324' title='bbox 3553 1485 3734 1550; x_wconf 84' lang='grc' dir='ltr'>καλῶς</span> 
     </span>
    </p>
   </div>
   <div class='ocr_carea' id='block_1_45' title="bbox 2141 1578 3735 1662">
    <p class='ocr_par' dir='ltr' id='par_1_45' title="bbox 2141 1578 3735 1662">
     <span class='ocr_line' id='line_1_45' title="bbox 2141 1578 3735 1662; baseline -0.008 -20"><span class='ocrx_word' id='word_1_325' title='bbox 2141 1590 2288 1662; x_wconf 75' lang='grc' dir='ltr'>ἔχειν</span> <span class='ocrx_word' id='word_1_326' title='bbox 2323 1586 2500 1650; x_wconf 76' lang='grc' dir='ltr'>ἔδοξεν</span> <span class='ocrx_word' id='word_1_327' title='bbox 2529 1587 2661 1656; x_wconf 84' lang='grc' dir='ltr'>ἡμῖν</span> <span class='ocrx_word' id='word_1_328' title='bbox 2710 1583 2920 1656; x_wconf 75' lang='grc' dir='ltr'>γράψαι</span> <span class='ocrx_word' id='word_1_329' title='bbox 2953 1599 3055 1646; x_wconf 90' lang='grc' dir='ltr'>σοι,</span> <span class='ocrx_word' id='word_1_330' title='bbox 3094 1578 3335 1651; x_wconf 85' lang='grc' dir='ltr'>βασιλεῦ,</span> <span class='ocrx_word' id='word_1_331' title='bbox 3361 1578 3456 1632; x_wconf 73' lang='grc' dir='ltr'>καὶ</span> <span class='ocrx_word' id='word_1_332' title='bbox 3481 1578 3556 1649; x_wconf 82' lang='grc' dir='ltr'>μὴ</span> <span class='ocrx_word' id='word_1_333' title='bbox 3579 1594 3735 1648; x_wconf 86' lang='grc' dir='ltr'>περι-</span> 
     </span>
    </p>
   </div>
   <div class='ocr_carea' id='block_1_46' title="bbox 2144 1669 3734 1744">
    <p class='ocr_par' dir='ltr' id='par_1_46' title="bbox 2144 1669 3734 1744">
     <span class='ocr_line' id='line_1_46' title="bbox 2144 1669 3734 1744; baseline -0.01 -7"><span class='ocrx_word' id='word_1_334' title='bbox 2144 1683 2272 1737; x_wconf 79' lang='grc' dir='ltr'>ιδεῖν</span> <span class='ocrx_word' id='word_1_335' title='bbox 2320 1681 2382 1735; x_wconf 85' lang='grc' dir='ltr'>τὸ</span> <span class='ocrx_word' id='word_1_336' title='bbox 2428 1678 2686 1733; x_wconf 85' lang='grc' dir='ltr'>τοιοῦτον.</span> <span class='ocrx_word' id='word_1_337' title='bbox 2717 1697 2739 1729; x_wconf 67' lang='grc' dir='ltr'><strong><em>ο</em></strong></span> <span class='ocrx_word' id='word_1_338' title='bbox 2785 1674 2997 1730; x_wconf 79' lang='grc' dir='ltr'>Οὐκοῦν</span> <span class='ocrx_word' id='word_1_339' title='bbox 3031 1672 3330 1744; x_wconf 81' lang='grc' dir='ltr'>ἐπειδήπερ</span> <span class='ocrx_word' id='word_1_340' title='bbox 3365 1671 3630 1724; x_wconf 83' lang='grc' dir='ltr'>ἐαλωκότι</span> <span class='ocrx_word' id='word_1_341' title='bbox 3654 1669 3734 1738; x_wconf 86' lang='grc' dir='ltr'>τῷ</span> 
     </span>
    </p>
   </div>
   <div class='ocr_carea' id='block_1_47' title="bbox 2155 1761 3733 1846">
    <p class='ocr_par' dir='ltr' id='par_1_47' title="bbox 2155 1761 3733 1846">
     <span class='ocr_line' id='line_1_47' title="bbox 2155 1761 3733 1846; baseline -0.01 -18"><span class='ocrx_word' id='word_1_342' title='bbox 2155 1773 2372 1846; x_wconf 80' lang='grc' dir='ltr'>Ἰσραὴλ</span> <span class='ocrx_word' id='word_1_343' title='bbox 2400 1772 2496 1826; x_wconf 73' lang='grc' dir='ltr'>καὶ</span> <span class='ocrx_word' id='word_1_344' title='bbox 2539 1769 2765 1823; x_wconf 81' lang='grc' dir='ltr'>παθόντι</span> <span class='ocrx_word' id='word_1_345' title='bbox 2807 1766 2906 1839; x_wconf 78' lang='grc' dir='ltr'>τὴν</span> <span class='ocrx_word' id='word_1_346' title='bbox 2951 1763 3330 1836; x_wconf 74' lang='grc' dir='ltr'>αἰχμαλωσίαν</span> <span class='ocrx_word' id='word_1_347' title='bbox 3385 1761 3733 1826; x_wconf 84' lang='grc' dir='ltr'>ἐπετώθαζον</span> 
     </span>
    </p>
   </div>
   <div class='ocr_carea' id='block_1_48' title="bbox 2142 1853 3732 1935">
    <p class='ocr_par' dir='ltr' id='par_1_48' title="bbox 2142 1853 3732 1935">
     <span class='ocr_line' id='line_1_48' title="bbox 2142 1853 3732 1935; baseline -0.006 -17"><span class='ocrx_word' id='word_1_348' title='bbox 2142 1866 2202 1919; x_wconf 80' lang='grc' dir='ltr'>οὑ</span> <span class='ocrx_word' id='word_1_349' title='bbox 2254 1863 2510 1935; x_wconf 82' lang='grc' dir='ltr'>μετρίως,</span> <span class='ocrx_word' id='word_1_350' title='bbox 2538 1858 3006 1929; x_wconf 83' lang='grc' dir='ltr'>ἀνασεσωσμένων</span> <span class='ocrx_word' id='word_1_351' title='bbox 3055 1854 3111 1908; x_wconf 82' lang='grc' dir='ltr'>δὲ</span> <span class='ocrx_word' id='word_1_352' title='bbox 3167 1856 3342 1926; x_wconf 87' lang='grc' dir='ltr'>μόλις,</span> <span class='ocrx_word' id='word_1_353' title='bbox 3373 1854 3466 1908; x_wconf 80' lang='grc' dir='ltr'>καὶ</span> <span class='ocrx_word' id='word_1_354' title='bbox 3515 1853 3732 1924; x_wconf 86' lang='grc' dir='ltr'>δεσμῶν</span> 
     </span>
    </p>
   </div>
   <div class='ocr_carea' id='block_1_49' title="bbox 2143 1944 3733 2028">
    <p class='ocr_par' dir='ltr' id='par_1_49' title="bbox 2143 1944 3733 2028">
     <span class='ocr_line' id='line_1_49' title="bbox 2143 1944 3733 2028; baseline -0.008 -16"><span class='ocrx_word' id='word_1_355' title='bbox 2143 1957 2425 2028; x_wconf 81' lang='grc' dir='ltr'>ἀνεμένων</span> <span class='ocrx_word' id='word_1_356' title='bbox 2477 1954 2638 2008; x_wconf 81' lang='grc' dir='ltr'>πάλιν</span> <span class='ocrx_word' id='word_1_357' title='bbox 2681 1951 2831 2006; x_wconf 77' lang='grc' dir='ltr'>οὐδὲν</span> <span class='ocrx_word' id='word_1_358' title='bbox 2878 1945 3041 2021; x_wconf 84' lang='grc' dir='ltr'>ἦττον</span> <span class='ocrx_word' id='word_1_359' title='bbox 3092 1947 3464 2020; x_wconf 80' lang='grc' dir='ltr'>ἐπέθρωσκον,</span> <span class='ocrx_word' id='word_1_360' title='bbox 3520 1944 3733 2016; x_wconf 84' lang='grc' dir='ltr'>μυρίοις</span> 
     </span>
    </p>
   </div>
   <div class='ocr_carea' id='block_1_50' title="bbox 2142 2039 3735 2120">
    <p class='ocr_par' dir='ltr' id='par_1_50' title="bbox 2142 2039 3735 2120">
     <span class='ocr_line' id='line_1_50' title="bbox 2142 2039 3735 2120; baseline -0.007 -16"><span class='ocrx_word' id='word_1_361' title='bbox 2142 2069 2202 2105; x_wconf 90' lang='grc' dir='ltr'>τε</span> <span class='ocrx_word' id='word_1_362' title='bbox 2235 2051 2381 2120; x_wconf 83' lang='grc' dir='ltr'>ὅσοις</span> <span class='ocrx_word' id='word_1_363' title='bbox 2411 2047 2576 2104; x_wconf 84' lang='grc' dir='ltr'>αὑτὸν</span> <span class='ocrx_word' id='word_1_364' title='bbox 2605 2045 2817 2100; x_wconf 85' lang='grc' dir='ltr'>ἐνίεσαν</span> <span class='ocrx_word' id='word_1_365' title='bbox 2866 2043 3072 2106; x_wconf 84' lang='grc' dir='ltr'>πόνοις,</span> <span class='ocrx_word' id='word_1_366' title='bbox 3111 2040 3467 2113; x_wconf 82' lang='grc' dir='ltr'>πολυτρόπως</span> <span class='ocrx_word' id='word_1_367' title='bbox 3511 2039 3735 2094; x_wconf 80' lang='grc' dir='ltr'>ἐπιϐου-</span> 
     </span>
    </p>
   </div>
   <div class='ocr_carea' id='block_1_51' title="bbox 2143 2131 3731 2207">
    <p class='ocr_par' dir='ltr' id='par_1_51' title="bbox 2143 2131 3731 2207">
     <span class='ocr_line' id='line_1_51' title="bbox 2143 2131 3731 2207; baseline -0.009 -9"><span class='ocrx_word' id='word_1_368' title='bbox 2143 2142 2413 2207; x_wconf 89' lang='grc' dir='ltr'>λεύοντες,</span> <span class='ocrx_word' id='word_1_369' title='bbox 2445 2141 2536 2195; x_wconf 71' lang='grc' dir='ltr'>καὶ</span> <span class='ocrx_word' id='word_1_370' title='bbox 2587 2137 2711 2193; x_wconf 71' lang='grc' dir='ltr'>οὔτε</span> <span class='ocrx_word' id='word_1_371' title='bbox 2759 2137 2850 2191; x_wconf 78' lang='grc' dir='ltr'>τὸν</span> <span class='ocrx_word' id='word_1_372' title='bbox 2903 2136 3046 2190; x_wconf 83' lang='grc' dir='ltr'>θεῖον</span> <span class='ocrx_word' id='word_1_373' title='bbox 3081 2134 3316 2206; x_wconf 78' lang='grc' dir='ltr'>ἐγείρειν</span> <span class='ocrx_word' id='word_1_374' title='bbox 3353 2133 3553 2195; x_wconf 78' lang='grc' dir='ltr'>ἐῶντες</span> <span class='ocrx_word' id='word_1_375' title='bbox 3583 2131 3731 2198; x_wconf 82' lang='grc' dir='ltr'>ναὸν,</span> 
     </span>
    </p>
   </div>
   <div class='ocr_carea' id='block_1_52' title="bbox 2143 2227 3731 2309">
    <p class='ocr_par' dir='ltr' id='par_1_52' title="bbox 2143 2227 3731 2309">
     <span class='ocr_line' id='line_1_52' title="bbox 2143 2227 3731 2309; baseline -0.008 -18"><span class='ocrx_word' id='word_1_376' title='bbox 2143 2237 2266 2292; x_wconf 76' lang='grc' dir='ltr'>οὔτε</span> <span class='ocrx_word' id='word_1_377' title='bbox 2303 2237 2407 2309; x_wconf 84' lang='grc' dir='ltr'>μὴν</span> <span class='ocrx_word' id='word_1_378' title='bbox 2438 2233 2696 2306; x_wconf 77' lang='grc' dir='ltr'>τειχίζειν</span> <span class='ocrx_word' id='word_1_379' title='bbox 2732 2231 2832 2305; x_wconf 80' lang='grc' dir='ltr'>τὴν</span> <span class='ocrx_word' id='word_1_380' title='bbox 2877 2231 3054 2296; x_wconf 87' lang='grc' dir='ltr'>πόλιν,</span> <span class='ocrx_word' id='word_1_381' title='bbox 3098 2229 3450 2302; x_wconf 73' lang='grc' dir='ltr'>παρωξύνετο</span> <span class='ocrx_word' id='word_1_382' title='bbox 3477 2227 3611 2290; x_wconf 80' lang='grc' dir='ltr'>Θεὸς</span> <span class='ocrx_word' id='word_1_383' title='bbox 3644 2227 3731 2279; x_wconf 82' lang='grc' dir='ltr'>ἐπ’</span> 
     </span>
    </p>
   </div>
   <div class='ocr_carea' id='block_1_53' title="bbox 2143 2321 3733 2396">
    <p class='ocr_par' dir='ltr' id='par_1_53' title="bbox 2143 2321 3733 2396">
     <span class='ocr_line' id='line_1_53' title="bbox 2143 2321 3733 2396; baseline -0.005 -14"><span class='ocrx_word' id='word_1_384' title='bbox 2143 2329 2328 2392; x_wconf 81' lang='grc' dir='ltr'>αὑτοῖς</span> <span class='ocrx_word' id='word_1_385' title='bbox 2360 2325 2698 2396; x_wconf 85' lang='grc' dir='ltr'>ἀναγκαίως,</span> <span class='ocrx_word' id='word_1_386' title='bbox 2729 2325 2822 2378; x_wconf 76' lang='grc' dir='ltr'>καὶ</span> <span class='ocrx_word' id='word_1_387' title='bbox 2848 2322 3166 2396; x_wconf 86' lang='grc' dir='ltr'>παρέδωκεν</span> <span class='ocrx_word' id='word_1_388' title='bbox 3199 2321 3395 2384; x_wconf 75' lang='grc' dir='ltr'>αὑτοὺς</span> <span class='ocrx_word' id='word_1_389' title='bbox 3427 2322 3506 2384; x_wconf 85' lang='grc' dir='ltr'>είς</span> <span class='ocrx_word' id='word_1_390' title='bbox 3543 2321 3733 2390; x_wconf 83' lang='grc' dir='ltr'>χεῖρας</span> 
     </span>
    </p>
   </div>
   <div class='ocr_carea' id='block_1_54' title="bbox 2155 2409 3731 2492">
    <p class='ocr_par' dir='ltr' id='par_1_54' title="bbox 2155 2409 3731 2492">
     <span class='ocr_line' id='line_1_54' title="bbox 2155 2409 3731 2492; baseline -0.01 -15"><span class='ocrx_word' id='word_1_391' title='bbox 2155 2418 2390 2492; x_wconf 83' lang='grc' dir='ltr'>Ἰσραήλ.</span> <span class='ocrx_word' id='word_1_392' title='bbox 2427 2415 2801 2488; x_wconf 83' lang='grc' dir='ltr'>Πεπαυμένων</span> <span class='ocrx_word' id='word_1_393' title='bbox 2838 2414 2947 2486; x_wconf 85' lang='grc' dir='ltr'>γὰρ</span> <span class='ocrx_word' id='word_1_394' title='bbox 2992 2412 3102 2468; x_wconf 86' lang='grc' dir='ltr'>τῶν</span> <span class='ocrx_word' id='word_1_395' title='bbox 3131 2411 3329 2484; x_wconf 80' lang='grc' dir='ltr'>ἔργων,</span> <span class='ocrx_word' id='word_1_396' title='bbox 3359 2409 3731 2483; x_wconf 85' lang='grc' dir='ltr'>ἐγηγερμένου</span> 
     </span>
    </p>
   </div>
   <div class='ocr_carea' id='block_1_55' title="bbox 2141 2501 3731 2578">
    <p class='ocr_par' dir='ltr' id='par_1_55' title="bbox 2141 2501 3731 2578">
     <span class='ocr_line' id='line_1_55' title="bbox 2141 2501 3731 2578; baseline -0.008 -11"><span class='ocrx_word' id='word_1_397' title='bbox 2141 2532 2202 2568; x_wconf 87' lang='grc' dir='ltr'>τε</span> <span class='ocrx_word' id='word_1_398' title='bbox 2230 2513 2324 2567; x_wconf 84' lang='grc' dir='ltr'>τοῦ</span> <span class='ocrx_word' id='word_1_399' title='bbox 2349 2509 2502 2578; x_wconf 89' lang='grc' dir='ltr'>ναοῦ,</span> <span class='ocrx_word' id='word_1_400' title='bbox 2525 2509 2706 2574; x_wconf 88' lang='grc' dir='ltr'>πάσας</span> <span class='ocrx_word' id='word_1_401' title='bbox 2728 2507 2910 2564; x_wconf 84' lang='grc' dir='ltr'>αὐτῶν</span> <span class='ocrx_word' id='word_1_402' title='bbox 2933 2505 3034 2570; x_wconf 79' lang='grc' dir='ltr'>τὰς</span> <span class='ocrx_word' id='word_1_403' title='bbox 3063 2505 3250 2569; x_wconf 87' lang='grc' dir='ltr'>πόλεις</span> <span class='ocrx_word' id='word_1_404' title='bbox 3282 2501 3731 2575; x_wconf 77' lang='grc' dir='ltr'>καταδῃὼσαντες</span> 
     </span>
    </p>
   </div>
   <div class='ocr_carea' id='block_1_56' title="bbox 2141 2593 3730 2674">
    <p class='ocr_par' dir='ltr' id='par_1_56' title="bbox 2141 2593 3730 2674">
     <span class='ocr_line' id='line_1_56' title="bbox 2141 2593 3730 2674; baseline -0.008 -13"><span class='ocrx_word' id='word_1_405' title='bbox 2141 2601 2287 2662; x_wconf 77' lang='grc' dir='ltr'>εἷλόν</span> <span class='ocrx_word' id='word_1_406' title='bbox 2317 2623 2378 2660; x_wconf 88' lang='grc' dir='ltr'>τε</span> <span class='ocrx_word' id='word_1_407' title='bbox 2425 2604 2530 2658; x_wconf 83' lang='grc' dir='ltr'>ὑπὸ</span> <span class='ocrx_word' id='word_1_408' title='bbox 2577 2605 2735 2674; x_wconf 82' lang='grc' dir='ltr'>χεῖρα</span> <span class='ocrx_word' id='word_1_409' title='bbox 2783 2602 2911 2666; x_wconf 83' lang='grc' dir='ltr'>τοὺς</span> <span class='ocrx_word' id='word_1_410' title='bbox 2955 2601 3012 2654; x_wconf 90' lang='grc' dir='ltr'>ἐν</span> <span class='ocrx_word' id='word_1_411' title='bbox 3045 2598 3258 2662; x_wconf 74' lang='grc' dir='ltr'>αὑταῖς,</span> <span class='ocrx_word' id='word_1_412' title='bbox 3289 2597 3385 2652; x_wconf 73' lang='grc' dir='ltr'>καὶ</span> <span class='ocrx_word' id='word_1_413' title='bbox 3429 2593 3730 2668; x_wconf 87' lang='grc' dir='ltr'>χρημάτων</span> 
     </span>
    </p>
   </div>
   <div class='ocr_carea' id='block_1_57' title="bbox 2140 2688 3730 2772">
    <p class='ocr_par' dir='ltr' id='par_1_57' title="bbox 2140 2688 3730 2772">
     <span class='ocr_line' id='line_1_57' title="bbox 2140 2688 3730 2772; baseline -0.01 -15"><span class='ocrx_word' id='word_1_414' title='bbox 2140 2701 2430 2772; x_wconf 87' lang='grc' dir='ltr'>γεγόνασιν</span> <span class='ocrx_word' id='word_1_415' title='bbox 2481 2695 2872 2770; x_wconf 81' lang='grc' dir='ltr'>ἀναριθμήτων</span> <span class='ocrx_word' id='word_1_416' title='bbox 2927 2692 3207 2747; x_wconf 90' lang='grc' dir='ltr'>δεσπόται.</span> <span class='ocrx_word' id='word_1_417' title='bbox 3250 2711 3268 2745; x_wconf 83' lang='grc' dir='ltr'>ι</span> <span class='ocrx_word' id='word_1_418' title='bbox 3297 2692 3506 2762; x_wconf 81' lang='grc' dir='ltr'>Λῆμμα</span> <span class='ocrx_word' id='word_1_419' title='bbox 3552 2688 3730 2742; x_wconf 89' lang='grc' dir='ltr'>τοίνυν</span> 
     </span>
    </p>
   </div>
   <div class='ocr_carea' id='block_1_58' title="bbox 2141 2779 3725 2863">
    <p class='ocr_par' dir='ltr' id='par_1_58' title="bbox 2141 2779 3725 2863">
     <span class='ocr_line' id='line_1_58' title="bbox 2141 2779 3725 2863; baseline -0.009 -16"><span class='ocrx_word' id='word_1_420' title='bbox 2141 2794 2297 2863; x_wconf 84' lang='grc' dir='ltr'>λόγος</span> <span class='ocrx_word' id='word_1_421' title='bbox 2329 2789 2555 2862; x_wconf 85' lang='grc' dir='ltr'>Κυρίου,</span> <span class='ocrx_word' id='word_1_422' title='bbox 2589 2789 2776 2860; x_wconf 73' lang='grc' dir='ltr'>φησὶν,</span> <span class='ocrx_word' id='word_1_423' title='bbox 2807 2789 2866 2840; x_wconf 90' lang='grc' dir='ltr'>ἐν</span> <span class='ocrx_word' id='word_1_424' title='bbox 2894 2787 2966 2859; x_wconf 82' lang='grc' dir='ltr'>γῇ</span> <span class='ocrx_word' id='word_1_425' title='bbox 3012 2784 3208 2857; x_wconf 85' lang='grc' dir='ltr'>Ἀδράχ</span> <span class='ocrx_word' id='word_1_426' title='bbox 3257 2782 3349 2836; x_wconf 71' lang='grc' dir='ltr'>καὶ</span> <span class='ocrx_word' id='word_1_427' title='bbox 3375 2779 3725 2853; x_wconf 84' lang='grc' dir='ltr'>Δαμασκοῦί</span> 
     </span>
    </p>
   </div>
   <div class='ocr_carea' id='block_1_59' title="bbox 2139 2872 3733 2954">
    <p class='ocr_par' dir='ltr' id='par_1_59' title="bbox 2139 2872 3733 2954">
     <span class='ocr_line' id='line_1_59' title="bbox 2139 2872 3733 2954; baseline -0.006 -12"><span class='ocrx_word' id='word_1_428' title='bbox 2139 2887 2440 2951; x_wconf 79' lang='grc' dir='ltr'>τουτέστιν,</span> <span class='ocrx_word' id='word_1_429' title='bbox 2458 2885 2517 2937; x_wconf 91' lang='lat'>&#39;0</span> <span class='ocrx_word' id='word_1_430' title='bbox 2540 2883 2598 2937; x_wconf 84' lang='grc' dir='ltr'>ἐν</span> <span class='ocrx_word' id='word_1_431' title='bbox 2623 2881 2811 2954; x_wconf 73' lang='grc' dir='ltr'>χερσὶν</span> <span class='ocrx_word' id='word_1_432' title='bbox 2839 2881 2970 2951; x_wconf 83' lang='grc' dir='ltr'>ἡμῖν</span> <span class='ocrx_word' id='word_1_433' title='bbox 2991 2878 3148 2948; x_wconf 87' lang='grc' dir='ltr'>λόγος</span> <span class='ocrx_word' id='word_1_434' title='bbox 3179 2879 3209 2931; x_wconf 90' lang='grc' dir='ltr'>ὁ</span> <span class='ocrx_word' id='word_1_435' title='bbox 3233 2876 3386 2949; x_wconf 87' lang='grc' dir='ltr'>παρά</span> <span class='ocrx_word' id='word_1_436' title='bbox 3411 2875 3566 2940; x_wconf 85' lang='grc' dir='ltr'>Θεοῦ,</span> <span class='ocrx_word' id='word_1_437' title='bbox 3589 2872 3733 2933; x_wconf 67' lang='grc' dir='ltr'>κατά</span> 
     </span>
    </p>
   </div>
   <div class='ocr_carea' id='block_1_60' title="bbox 2138 2967 3728 3048">
    <p class='ocr_par' dir='ltr' id='par_1_60' title="bbox 2138 2967 3728 3048">
     <span class='ocr_line' id='line_1_60' title="bbox 2138 2967 3728 3048; baseline -0.009 -15"><span class='ocrx_word' id='word_1_438' title='bbox 2138 2996 2200 3034; x_wconf 83' lang='grc' dir='ltr'>τε</span> <span class='ocrx_word' id='word_1_439' title='bbox 2248 2977 2348 3048; x_wconf 81' lang='grc' dir='ltr'>τῆς</span> <span class='ocrx_word' id='word_1_440' title='bbox 2386 2977 2490 3047; x_wconf 80' lang='grc' dir='ltr'>γῆς</span> <span class='ocrx_word' id='word_1_441' title='bbox 2537 2972 2736 3044; x_wconf 80' lang='grc' dir='ltr'>Ἀδράχ</span> <span class='ocrx_word' id='word_1_442' title='bbox 2784 2971 2881 3025; x_wconf 77' lang='grc' dir='ltr'>καὶ</span> <span class='ocrx_word' id='word_1_443' title='bbox 2924 2971 3024 3042; x_wconf 84' lang='grc' dir='ltr'>τῆς</span> <span class='ocrx_word' id='word_1_444' title='bbox 3073 2967 3366 3039; x_wconf 82' lang='grc' dir='ltr'>Δαμασκοῦ</span> <span class='ocrx_word' id='word_1_445' title='bbox 3419 2967 3728 3041; x_wconf 86' lang='grc' dir='ltr'>γενήσεται,</span> 
     </span>
    </p>
   </div>
   <div class='ocr_carea' id='block_1_61' title="bbox 2141 3057 3729 3139">
    <p class='ocr_par' dir='ltr' id='par_1_61' title="bbox 2141 3057 3729 3139">
     <span class='ocr_line' id='line_1_61' title="bbox 2141 3057 3729 3139; baseline -0.011 -13"><span class='ocrx_word' id='word_1_446' title='bbox 2141 3070 2235 3126; x_wconf 78' lang='grc' dir='ltr'>καὶ</span> <span class='ocrx_word' id='word_1_447' title='bbox 2272 3067 2457 3139; x_wconf 84' lang='grc' dir='ltr'>μέντοι</span> <span class='ocrx_word' id='word_1_448' title='bbox 2505 3058 2602 3123; x_wconf 77' lang='grc' dir='ltr'>καὶ</span> <span class='ocrx_word' id='word_1_449' title='bbox 2641 3062 2842 3133; x_wconf 83' lang='grc' dir='ltr'>Ἠμάθ,</span> <span class='ocrx_word' id='word_1_450' title='bbox 2875 3061 2997 3132; x_wconf 74' lang='grc' dir='ltr'>ἥτις</span> <span class='ocrx_word' id='word_1_451' title='bbox 3024 3061 3171 3114; x_wconf 82' lang='grc' dir='ltr'>ἐστὶν</span> <span class='ocrx_word' id='word_1_452' title='bbox 3203 3061 3263 3113; x_wconf 83' lang='grc' dir='ltr'>ἐν</span> <span class='ocrx_word' id='word_1_453' title='bbox 3286 3061 3399 3124; x_wconf 84' lang='grc' dir='ltr'>τοῖς</span> <span class='ocrx_word' id='word_1_454' title='bbox 3435 3058 3603 3130; x_wconf 85' lang='grc' dir='ltr'>ὁρίοις</span> <span class='ocrx_word' id='word_1_455' title='bbox 3627 3057 3729 3112; x_wconf 78' lang='grc' dir='ltr'>αὑ-</span> 
     </span>
    </p>
   </div>
   <div class='ocr_carea' id='block_1_62' title="bbox 453 3147 2035 3239">
    <p class='ocr_par' dir='ltr' id='par_1_62' title="bbox 453 3149 2021 3219">
     <span class='ocr_line' id='line_1_62' title="bbox 453 3149 2021 3219; baseline 0.005 -17"><span class='ocrx_word' id='word_1_456' title='bbox 453 3150 656 3219; x_wconf 85' lang='lat' dir='ltr'><strong>quievit</strong></span> <span class='ocrx_word' id='word_1_457' title='bbox 686 3164 868 3218; x_wconf 83' lang='lat' dir='ltr'><strong>porro,</strong></span> <span class='ocrx_word' id='word_1_458' title='bbox 896 3149 1019 3219; x_wconf 86' lang='lat' dir='ltr'><strong>quia</strong></span> <span class='ocrx_word' id='word_1_459' title='bbox 1053 3149 1272 3218; x_wconf 88' lang='lat' dir='ltr'><strong>punitas</strong></span> <span class='ocrx_word' id='word_1_460' title='bbox 1297 3149 1450 3204; x_wconf 88' lang='lat' dir='ltr'><strong>vidit.</strong></span> <span class='ocrx_word' id='word_1_461' title='bbox 1494 3150 1610 3205; x_wconf 83' lang='lat' dir='ltr'>Non</span> <span class='ocrx_word' id='word_1_462' title='bbox 1646 3152 1794 3208; x_wconf 89' lang='lat' dir='ltr'><strong>enim</strong></span> <span class='ocrx_word' id='word_1_463' title='bbox 1819 3157 2021 3210; x_wconf 89' lang='lat' dir='ltr'><strong>tacuis-</strong></span> 
     </span>
    </p>
   </div>
   <div class='ocr_carea' id='block_1_63' title="bbox 2139 3147 3732 3239">
    <p class='ocr_par' dir='ltr' id='par_1_63' title="bbox 2139 3147 3732 3239">
     <span class='ocr_line' id='line_1_63' title="bbox 2139 3147 3732 3239; baseline -0.012 -22"><span class='ocrx_word' id='word_1_464' title='bbox 2139 3168 2249 3239; x_wconf 67' lang='grc' dir='ltr'>τῆς,</span> <span class='ocrx_word' id='word_1_465' title='bbox 2273 3160 2432 3232; x_wconf 81' lang='grc' dir='ltr'>δῆλον</span> <span class='ocrx_word' id='word_1_466' title='bbox 2461 3157 2518 3210; x_wconf 82' lang='grc' dir='ltr'>δὲ</span> <span class='ocrx_word' id='word_1_467' title='bbox 2546 3156 2630 3210; x_wconf 85' lang='grc' dir='ltr'>ὅτι</span> <span class='ocrx_word' id='word_1_468' title='bbox 2658 3153 2757 3225; x_wconf 86' lang='grc' dir='ltr'>τῆς</span> <span class='ocrx_word' id='word_1_469' title='bbox 2789 3150 3107 3224; x_wconf 84' lang='grc' dir='ltr'>Δαμασκοῦ.</span> <span class='ocrx_word' id='word_1_470' title='bbox 3139 3151 3214 3222; x_wconf 86' lang='grc' dir='ltr'>Γῆ</span> <span class='ocrx_word' id='word_1_471' title='bbox 3245 3149 3303 3204; x_wconf 82' lang='grc' dir='ltr'>δὲ</span> <span class='ocrx_word' id='word_1_472' title='bbox 3319 3147 3539 3239; x_wconf 52' lang='grc' dir='ltr'>Ἁδρίᾳ,</span> <span class='ocrx_word' id='word_1_473' title='bbox 3580 3147 3732 3221; x_wconf 83' lang='grc' dir='ltr'>χώρα</span> 
     </span>
    </p>
   </div>
   <div class='ocr_carea' id='block_1_64' title="bbox 455 3243 2039 3313">
    <p class='ocr_par' dir='ltr' id='par_1_64' title="bbox 455 3243 2039 3313">
     <span class='ocr_line' id='line_1_64' title="bbox 455 3243 2039 3313; baseline 0.006 -17"><span class='ocrx_word' id='word_1_474' title='bbox 455 3243 646 3312; x_wconf 89' lang='lat' dir='ltr'><strong>setqui</strong></span> <span class='ocrx_word' id='word_1_475' title='bbox 673 3243 912 3297; x_wconf 84' lang='lat' dir='ltr'><strong>intuetur</strong></span> <span class='ocrx_word' id='word_1_476' title='bbox 941 3244 1144 3307; x_wconf 88' lang='lat' dir='ltr'><strong>oumia,</strong></span> <span class='ocrx_word' id='word_1_477' title='bbox 1172 3244 1437 3313; x_wconf 89' lang='lat' dir='ltr'><strong>veniaque</strong></span> <span class='ocrx_word' id='word_1_478' title='bbox 1491 3254 1546 3299; x_wconf 89' lang='lat' dir='ltr'>et</span> <span class='ocrx_word' id='word_1_479' title='bbox 1593 3246 1900 3304; x_wconf 87' lang='lat' dir='ltr'><strong>visitatione</strong></span> <span class='ocrx_word' id='word_1_480' title='bbox 1953 3250 2039 3306; x_wconf 87' lang='lat' dir='ltr'><strong>di-</strong></span> 
     </span>
    </p>
   </div>
   <div class='ocr_carea' id='block_1_65' title="bbox 455 3336 2040 3406">
    <p class='ocr_par' dir='ltr' id='par_1_65' title="bbox 455 3336 2040 3406">
     <span class='ocr_line' id='line_1_65' title="bbox 455 3336 2040 3406; baseline 0.005 -16"><span class='ocrx_word' id='word_1_481' title='bbox 455 3346 651 3406; x_wconf 77' lang='lat' dir='ltr'><strong>gnatur</strong></span> <span class='ocrx_word' id='word_1_482' title='bbox 672 3337 904 3390; x_wconf 89' lang='lat' dir='ltr'><strong>electum</strong></span> <span class='ocrx_word' id='word_1_483' title='bbox 969 3352 1162 3404; x_wconf 69' lang='lat' dir='ltr'><strong>genus,</strong></span> <span class='ocrx_word' id='word_1_484' title='bbox 1208 3336 1460 3390; x_wconf 86' lang='lat' dir='ltr'><strong>lsraeletn</strong></span> <span class='ocrx_word' id='word_1_485' title='bbox 1518 3338 1745 3394; x_wconf 89' lang='lat' dir='ltr'><strong>scilicet.</strong></span> <span class='ocrx_word' id='word_1_486' title='bbox 1799 3341 2040 3398; x_wconf 88' lang='lat' dir='ltr'><strong>lntuetur</strong></span> 
     </span>
    </p>
   </div>
   <div class='ocr_carea' id='block_1_66' title="bbox 453 3426 2038 3504">
    <p class='ocr_par' dir='ltr' id='par_1_66' title="bbox 453 3426 2038 3504">
     <span class='ocr_line' id='line_1_66' title="bbox 453 3426 2038 3504; baseline 0.005 -22"><span class='ocrx_word' id='word_1_487' title='bbox 453 3429 598 3482; x_wconf 91' lang='lat' dir='ltr'><strong>enim</strong></span> <span class='ocrx_word' id='word_1_488' title='bbox 618 3428 870 3499; x_wconf 84' lang='lat' dir='ltr'><strong>homines</strong></span> <span class='ocrx_word' id='word_1_489' title='bbox 897 3427 1270 3482; x_wconf 88' lang='lat' dir='ltr'><strong>universorum</strong></span> <span class='ocrx_word' id='word_1_490' title='bbox 1306 3426 1467 3493; x_wconf 81' lang='lat' dir='ltr'><strong>Deus,</strong></span> <span class='ocrx_word' id='word_1_491' title='bbox 1511 3439 1570 3483; x_wconf 89' lang='lat' dir='ltr'>et</span> <span class='ocrx_word' id='word_1_492' title='bbox 1614 3431 2038 3504; x_wconf 87' lang='lat' dir='ltr'><strong>uniuscujusque</strong></span> 
     </span>
    </p>
   </div>
   <div class='ocr_carea' id='block_1_67' title="bbox 452 3521 2035 3596">
    <p class='ocr_par' dir='ltr' id='par_1_67' title="bbox 452 3521 2035 3596">
     <span class='ocr_line' id='line_1_67' title="bbox 452 3521 2035 3596; baseline 0.005 -21"><span class='ocrx_word' id='word_1_493' title='bbox 452 3523 594 3577; x_wconf 90' lang='lat' dir='ltr'><strong>viam</strong></span> <span class='ocrx_word' id='word_1_494' title='bbox 627 3522 960 3584; x_wconf 85' lang='lat' dir='ltr'><strong>considerat,</strong></span> <span class='ocrx_word' id='word_1_495' title='bbox 1022 3531 1074 3575; x_wconf 91' lang='lat' dir='ltr'>et</span> <span class='ocrx_word' id='word_1_496' title='bbox 1120 3521 1371 3588; x_wconf 84' lang='lat' dir='ltr'><strong>injuriam</strong></span> <span class='ocrx_word' id='word_1_497' title='bbox 1425 3521 1687 3580; x_wconf 82' lang='lat' dir='ltr'><strong>facientes</strong></span> <span class='ocrx_word' id='word_1_498' title='bbox 1734 3526 2035 3596; x_wconf 74' lang='lat' dir='ltr'><strong>ulciscitur,</strong></span> 
     </span>
    </p>
   </div>
   <div class='ocr_carea' id='block_1_68' title="bbox 454 3613 2034 3688">
    <p class='ocr_par' dir='ltr' id='par_1_68' title="bbox 454 3613 2034 3688">
     <span class='ocr_line' id='line_1_68' title="bbox 454 3613 2034 3688; baseline 0.006 -20"><span class='ocrx_word' id='word_1_499' title='bbox 454 3630 646 3685; x_wconf 71' lang='lat' dir='ltr'><strong>pinnas</strong></span> <span class='ocrx_word' id='word_1_500' title='bbox 680 3615 852 3669; x_wconf 88' lang='lat' dir='ltr'><strong>iratus</strong></span> <span class='ocrx_word' id='word_1_501' title='bbox 910 3613 1123 3684; x_wconf 77' lang='lat' dir='ltr'><strong>inﬂigit,</strong></span> <span class='ocrx_word' id='word_1_502' title='bbox 1188 3614 1440 3684; x_wconf 85' lang='lat' dir='ltr'><strong>injuriam</strong></span> <span class='ocrx_word' id='word_1_503' title='bbox 1488 3627 1670 3672; x_wconf 89' lang='lat' dir='ltr'><strong>autem</strong></span> <span class='ocrx_word' id='word_1_504' title='bbox 1707 3634 1895 3688; x_wconf 87' lang='lat' dir='ltr'><strong>passos</strong></span> <span class='ocrx_word' id='word_1_505' title='bbox 1924 3622 2034 3676; x_wconf 82' lang='lat' dir='ltr'><strong>sal-</strong></span> 
     </span>
    </p>
   </div>
   <div class='ocr_carea' id='block_1_69' title="bbox 455 3705 2030 3783">
    <p class='ocr_par' dir='ltr' id='par_1_69' title="bbox 455 3705 2030 3783">
     <span class='ocr_line' id='line_1_69' title="bbox 455 3705 2030 3783; baseline 0.007 -25"><span class='ocrx_word' id='word_1_506' title='bbox 455 3716 545 3759; x_wconf 83' lang='lat' dir='ltr'>vat</span> <span class='ocrx_word' id='word_1_507' title='bbox 566 3706 634 3759; x_wconf 71' lang='lat'>7°.</span> <span class='ocrx_word' id='word_1_508' title='bbox 665 3705 977 3760; x_wconf 87' lang='lat' dir='ltr'><strong>Tenendum</strong></span> <span class='ocrx_word' id='word_1_509' title='bbox 1007 3717 1186 3760; x_wconf 84' lang='lat' dir='ltr'><strong>autem</strong></span> <span class='ocrx_word' id='word_1_510' title='bbox 1223 3708 1508 3777; x_wconf 84' lang='lat' dir='ltr'><strong>memoria,</strong></span> <span class='ocrx_word' id='word_1_511' title='bbox 1533 3724 1655 3763; x_wconf 91' lang='lat' dir='ltr'>eum</span> <span class='ocrx_word' id='word_1_512' title='bbox 1678 3712 1840 3765; x_wconf 90' lang='lat' dir='ltr'><strong>etiam</strong></span> <span class='ocrx_word' id='word_1_513' title='bbox 1868 3729 2030 3783; x_wconf 86' lang='lat' dir='ltr'><strong>supra</strong></span> 
     </span>
    </p>
   </div>
   <div class='ocr_carea' id='block_1_70' title="bbox 453 3795 2030 3867">
    <p class='ocr_par' dir='ltr' id='par_1_70' title="bbox 453 3795 2030 3867">
     <span class='ocr_line' id='line_1_70' title="bbox 453 3795 2030 3867; baseline 0.001 -15"><span class='ocrx_word' id='word_1_514' title='bbox 453 3798 520 3852; x_wconf 82' lang='lat' dir='ltr'>de</span> <span class='ocrx_word' id='word_1_515' title='bbox 534 3806 762 3865; x_wconf 87' lang='lat' dir='ltr'><strong>quatuor</strong></span> <span class='ocrx_word' id='word_1_516' title='bbox 791 3796 1041 3849; x_wconf 89' lang='lat' dir='ltr'><strong>curribus</strong></span> <span class='ocrx_word' id='word_1_517' title='bbox 1075 3795 1406 3864; x_wconf 84' lang='lat' dir='ltr'><strong>loquentem,</strong></span> <span class='ocrx_word' id='word_1_518' title='bbox 1434 3805 1490 3850; x_wconf 90' lang='lat' dir='ltr'>et</span> <span class='ocrx_word' id='word_1_519' title='bbox 1526 3797 1766 3866; x_wconf 87' lang='lat' dir='ltr'><strong>equitum</strong></span> <span class='ocrx_word' id='word_1_520' title='bbox 1795 3802 2030 3867; x_wconf 77' lang='lat' dir='ltr'><strong>speciem</strong></span> 
     </span>
    </p>
   </div>
   <div class='ocr_carea' id='block_1_71' title="bbox 454 3886 2032 3960">
    <p class='ocr_par' dir='ltr' id='par_1_71' title="bbox 454 3886 2032 3960">
     <span class='ocr_line' id='line_1_71' title="bbox 454 3886 2032 3960; baseline 0.003 -16"><span class='ocrx_word' id='word_1_521' title='bbox 454 3889 850 3944; x_wconf 86' lang='lat' dir='ltr'><strong>describentem</strong></span> <span class='ocrx_word' id='word_1_522' title='bbox 873 3887 1145 3942; x_wconf 84' lang='lat' dir='ltr'><strong>addidisse</strong></span> <span class='ocrx_word' id='word_1_523' title='bbox 1172 3886 1363 3941; x_wconf 88' lang='lat' dir='ltr'><strong>deinde</strong></span> <span class='ocrx_word' id='word_1_524' title='bbox 1389 3905 1401 3940; x_wconf 91' lang='lat'>:</span> <span class='ocrx_word' id='word_1_525' title='bbox 1425 3906 1442 3938; x_wconf 75' lang='grc' dir='ltr'>ι</span> <span class='ocrx_word' id='word_1_526' title='bbox 1471 3888 1611 3943; x_wconf 88' lang='lat' dir='ltr'><strong>Ecce</strong></span> <span class='ocrx_word' id='word_1_527' title='bbox 1630 3891 1720 3958; x_wconf 91' lang='lat' dir='ltr'>qui</span> <span class='ocrx_word' id='word_1_528' title='bbox 1745 3893 2032 3960; x_wconf 80' lang='lat' dir='ltr'><strong>egrediun-</strong></span> 
     </span>
    </p>
   </div>
   <div class='ocr_carea' id='block_1_72' title="bbox 455 3981 2031 4054">
    <p class='ocr_par' dir='ltr' id='par_1_72' title="bbox 455 3981 2031 4054">
     <span class='ocr_line' id='line_1_72' title="bbox 455 3981 2031 4054; baseline 0.001 -16"><span class='ocrx_word' id='word_1_529' title='bbox 455 3994 543 4039; x_wconf 70' lang='lat' dir='ltr'>tur</span> <span class='ocrx_word' id='word_1_530' title='bbox 571 3999 732 4054; x_wconf 89' lang='lat' dir='ltr'><strong>super</strong></span> <span class='ocrx_word' id='word_1_531' title='bbox 757 3992 957 4037; x_wconf 89' lang='lat' dir='ltr'><strong>terram</strong></span> <span class='ocrx_word' id='word_1_532' title='bbox 982 3982 1251 4051; x_wconf 88' lang='lat' dir='ltr'><strong>aquilonis</strong></span> <span class='ocrx_word' id='word_1_533' title='bbox 1279 3981 1621 4050; x_wconf 84' lang='lat' dir='ltr'><strong>requiescere</strong></span> <span class='ocrx_word' id='word_1_534' title='bbox 1637 3981 2031 4040; x_wconf 81' lang='lat' dir='ltr'><strong>feceruutiram</strong></span> 
     </span>
    </p>
   </div>
   <div class='ocr_carea' id='block_1_73' title="bbox 455 4074 2033 4149">
    <p class='ocr_par' dir='ltr' id='par_1_73' title="bbox 455 4074 2033 4149">
     <span class='ocr_line' id='line_1_73' title="bbox 455 4074 2033 4149; baseline 0.003 -18"><span class='ocrx_word' id='word_1_535' title='bbox 455 4093 626 4132; x_wconf 87' lang='lat' dir='ltr'><strong>meam</strong></span> <span class='ocrx_word' id='word_1_536' title='bbox 663 4078 879 4129; x_wconf 87' lang='lat' dir='ltr'><strong>interra</strong></span> <span class='ocrx_word' id='word_1_537' title='bbox 925 4075 1214 4145; x_wconf 88' lang='lat' dir='ltr'><strong>aquilonis.</strong></span> <span class='ocrx_word' id='word_1_538' title='bbox 1259 4094 1277 4126; x_wconf 73' lang='grc' dir='ltr'>ι</span> <span class='ocrx_word' id='word_1_539' title='bbox 1308 4074 1619 4145; x_wconf 69' lang='lat' dir='ltr'><strong>Iiequiescit</strong></span> <span class='ocrx_word' id='word_1_540' title='bbox 1667 4087 1848 4132; x_wconf 89' lang='lat' dir='ltr'><strong>autem</strong></span> <span class='ocrx_word' id='word_1_541' title='bbox 1897 4096 2033 4149; x_wconf 86' lang='lat' dir='ltr'><strong>quo-</strong></span> 
     </span>
    </p>
   </div>
   <div class='ocr_carea' id='block_1_74' title="bbox 455 4166 2034 4240">
    <p class='ocr_par' dir='ltr' id='par_1_74' title="bbox 455 4166 2034 4240">
     <span class='ocr_line' id='line_1_74' title="bbox 455 4166 2034 4240; baseline 0.004 -20"><span class='ocrx_word' id='word_1_542' title='bbox 455 4168 743 4221; x_wconf 89' lang='lat' dir='ltr'><strong>danunodo</strong></span> <span class='ocrx_word' id='word_1_543' title='bbox 773 4167 990 4220; x_wconf 80' lang='lat' dir='ltr'><strong>inimica</strong></span> <span class='ocrx_word' id='word_1_544' title='bbox 1021 4168 1175 4221; x_wconf 84' lang='lat' dir='ltr'><strong>malis</strong></span> <span class='ocrx_word' id='word_1_545' title='bbox 1207 4167 1285 4220; x_wconf 91' lang='lat' dir='ltr'>ira</span> <span class='ocrx_word' id='word_1_546' title='bbox 1314 4166 1550 4233; x_wconf 85' lang='lat' dir='ltr'><strong>Domini,</strong></span> <span class='ocrx_word' id='word_1_547' title='bbox 1592 4184 1736 4233; x_wconf 92' lang='lat' dir='ltr'><strong>cum,</strong></span> <span class='ocrx_word' id='word_1_548' title='bbox 1771 4171 1860 4240; x_wconf 83' lang='lat' dir='ltr'>qui</span> <span class='ocrx_word' id='word_1_549' title='bbox 1911 4187 2034 4226; x_wconf 87' lang='lat' dir='ltr'><strong>eum</strong></span> 
     </span>
    </p>
   </div>
   <div class='ocr_carea' id='block_1_75' title="bbox 456 4257 2036 4334">
    <p class='ocr_par' dir='ltr' id='par_1_75' title="bbox 456 4257 2036 4334">
     <span class='ocr_line' id='line_1_75' title="bbox 456 4257 2036 4334; baseline 0.008 -25"><span class='ocrx_word' id='word_1_550' title='bbox 456 4257 686 4326; x_wconf 87' lang='lat' dir='ltr'><strong>plurima</strong></span> <span class='ocrx_word' id='word_1_551' title='bbox 736 4269 789 4312; x_wconf 90' lang='lat' dir='ltr'>et</span> <span class='ocrx_word' id='word_1_552' title='bbox 819 4257 1370 4329; x_wconf 82' lang='lat' dir='ltr'><strong>ell‘renatepeceando</strong></span> <span class='ocrx_word' id='word_1_553' title='bbox 1424 4259 1792 4325; x_wconf 78' lang='lat' dir='ltr'><strong>oITenderuut.</strong></span> <span class='ocrx_word' id='word_1_554' title='bbox 1844 4279 2036 4334; x_wconf 76' lang='lat' dir='ltr'><strong>pmnas</strong></span> 
     </span>
    </p>
   </div>
   <div class='ocr_carea' id='block_1_76' title="bbox 463 4348 690 4408">
    <p class='ocr_par' dir='ltr' id='par_1_76' title="bbox 463 4348 690 4408">
     <span class='ocr_line' id='line_1_76' title="bbox 463 4348 690 4408; baseline 0.009 -8"><span class='ocrx_word' id='word_1_555' title='bbox 463 4348 690 4408; x_wconf 73' lang='lat' dir='ltr'><strong>Ini-rint.</strong></span> 
     </span>
    </p>
   </div>
   <div class='ocr_carea' id='block_1_77' title="bbox 2139 3238 3730 3321">
    <p class='ocr_par' dir='ltr' id='par_1_77' title="bbox 2139 3238 3730 3321">
     <span class='ocr_line' id='line_1_77' title="bbox 2139 3238 3730 3321; baseline -0.013 -2"><span class='ocrx_word' id='word_1_556' title='bbox 2139 3238 2243 3321; x_wconf 85' lang='grc' dir='ltr'>που</span> <span class='ocrx_word' id='word_1_557' title='bbox 2278 3261 2501 3319; x_wconf 83' lang='grc' dir='ltr'>πάντως</span> <span class='ocrx_word' id='word_1_558' title='bbox 2533 3251 2653 3306; x_wconf 77' lang='grc' dir='ltr'>ἐστὶ</span> <span class='ocrx_word' id='word_1_559' title='bbox 2688 3253 2832 3305; x_wconf 87' lang='grc' dir='ltr'>κατά</span> <span class='ocrx_word' id='word_1_560' title='bbox 2860 3248 2957 3320; x_wconf 82' lang='grc' dir='ltr'>τὴν</span> <span class='ocrx_word' id='word_1_561' title='bbox 2995 3247 3135 3318; x_wconf 83' lang='grc' dir='ltr'>ἐῴαν</span> <span class='ocrx_word' id='word_1_562' title='bbox 3167 3246 3421 3316; x_wconf 82' lang='grc' dir='ltr'>κειμένη,</span> <span class='ocrx_word' id='word_1_563' title='bbox 3446 3238 3514 3316; x_wconf 83' lang='grc' dir='ltr'>ἦς</span> <span class='ocrx_word' id='word_1_564' title='bbox 3534 3242 3730 3312; x_wconf 87' lang='grc' dir='ltr'>γείτων</span> 
     </span>
    </p>
   </div>
   <div class='ocr_carea' id='block_1_78' title="bbox 2135 3332 3730 3427">
    <p class='ocr_par' dir='ltr' id='par_1_78' title="bbox 2135 3332 3730 3427">
     <span class='ocr_line' id='line_1_78' title="bbox 2135 3332 3730 3427; baseline -0.016 -17"><span class='ocrx_word' id='word_1_565' title='bbox 2135 3359 2171 3427; x_wconf 82' lang='grc' dir='ltr'>ἦ</span> <span class='ocrx_word' id='word_1_566' title='bbox 2217 3372 2277 3408; x_wconf 89' lang='grc' dir='ltr'>τε</span> <span class='ocrx_word' id='word_1_567' title='bbox 2320 3347 2667 3420; x_wconf 78' lang='grc' dir='ltr'>Ἦμάθ,ἧτις</span> <span class='ocrx_word' id='word_1_568' title='bbox 2707 3342 2855 3395; x_wconf 71' lang='grc' dir='ltr'>ἐστὶν</span> <span class='ocrx_word' id='word_1_569' title='bbox 2902 3337 3227 3408; x_wconf 87' lang='grc' dir='ltr'>Ἐπιφάνεια</span> <span class='ocrx_word' id='word_1_570' title='bbox 3271 3337 3371 3406; x_wconf 83' lang='grc' dir='ltr'>τῆς</span> <span class='ocrx_word' id='word_1_571' title='bbox 3412 3332 3730 3403; x_wconf 79' lang='grc' dir='ltr'>Ἀντιοχέων</span> 
     </span>
    </p>
   </div>
   <div class='ocr_carea' id='block_1_79' title="bbox 2137 3427 3723 3520">
    <p class='ocr_par' dir='ltr' id='par_1_79' title="bbox 2137 3427 3723 3520">
     <span class='ocr_line' id='line_1_79' title="bbox 2137 3427 3723 3520; baseline -0.016 -17"><span class='ocrx_word' id='word_1_572' title='bbox 2137 3444 2466 3520; x_wconf 78' lang='grc' dir='ltr'>προσωτέρα</span> <span class='ocrx_word' id='word_1_573' title='bbox 2506 3437 2703 3510; x_wconf 84' lang='grc' dir='ltr'>βραχὺ,</span> <span class='ocrx_word' id='word_1_574' title='bbox 2732 3433 2829 3488; x_wconf 73' lang='grc' dir='ltr'>καὶ</span> <span class='ocrx_word' id='word_1_575' title='bbox 2857 3434 2891 3502; x_wconf 83' lang='grc' dir='ltr'><strong>ἡ</strong></span> <span class='ocrx_word' id='word_1_576' title='bbox 2915 3429 3227 3502; x_wconf 82' lang='grc' dir='ltr'>Δαμασκὺς,</span> <span class='ocrx_word' id='word_1_577' title='bbox 3253 3430 3289 3500; x_wconf 78' lang='grc' dir='ltr'>ἦ</span> <span class='ocrx_word' id='word_1_578' title='bbox 3319 3429 3434 3520; x_wconf 87' lang='grc' dir='ltr'>ἐστι</span> <span class='ocrx_word' id='word_1_579' title='bbox 3461 3427 3723 3520; x_wconf 74' lang='grc' dir='ltr'>Φοινίκων</span> 
     </span>
    </p>
   </div>
   <div class='ocr_carea' id='block_1_80' title="bbox 2134 3514 3728 3600">
    <p class='ocr_par' dir='ltr' id='par_1_80' title="bbox 2134 3514 3728 3600">
     <span class='ocr_line' id='line_1_80' title="bbox 2134 3514 3728 3600; baseline -0.017 -5"><span class='ocrx_word' id='word_1_580' title='bbox 2134 3514 2195 3594; x_wconf 79' lang='grc' dir='ltr'>τε</span> <span class='ocrx_word' id='word_1_581' title='bbox 2245 3537 2341 3592; x_wconf 76' lang='grc' dir='ltr'>καὶ</span> <span class='ocrx_word' id='word_1_582' title='bbox 2386 3529 2751 3600; x_wconf 85' lang='grc' dir='ltr'>Παλαιστίνης</span> <span class='ocrx_word' id='word_1_583' title='bbox 2820 3522 3173 3597; x_wconf 86' lang='grc' dir='ltr'>μητρόπολις.</span> <span class='ocrx_word' id='word_1_584' title='bbox 3210 3519 3619 3574; x_wconf 82' lang='grc' dir='ltr'>’Υποκείσονται</span> <span class='ocrx_word' id='word_1_585' title='bbox 3669 3514 3728 3568; x_wconf 73' lang='grc' dir='ltr'>δὲ</span> 
     </span>
    </p>
   </div>
   <div class='ocr_carea' id='block_1_81' title="bbox 2139 3607 3731 3703">
    <p class='ocr_par' dir='ltr' id='par_1_81' title="bbox 2139 3607 3731 3703">
     <span class='ocr_line' id='line_1_81' title="bbox 2139 3607 3731 3703; baseline -0.027 -3"><span class='ocrx_word' id='word_1_586' title='bbox 2139 3630 2381 3703; x_wconf 78' lang='grc' dir='ltr'>δηλονότι</span> <span class='ocrx_word' id='word_1_587' title='bbox 2429 3625 2526 3678; x_wconf 70' lang='grc' dir='ltr'>σὺν</span> <span class='ocrx_word' id='word_1_588' title='bbox 2563 3624 2685 3684; x_wconf 81' lang='grc' dir='ltr'>ταῖς</span> <span class='ocrx_word' id='word_1_589' title='bbox 2735 3616 3104 3690; x_wconf 86' lang='grc' dir='ltr'>μητροπόλεσι</span> <span class='ocrx_word' id='word_1_590' title='bbox 3155 3613 3250 3668; x_wconf 82' lang='grc' dir='ltr'>καὶ</span> <span class='ocrx_word' id='word_1_591' title='bbox 3298 3611 3482 3674; x_wconf 85' lang='grc' dir='ltr'>πόλεις</span> <span class='ocrx_word' id='word_1_592' title='bbox 3505 3610 3584 3703; x_wconf 31' lang='grc' dir='ltr'>Μαί</span> <span class='ocrx_word' id='word_1_593' title='bbox 3626 3607 3731 3703; x_wconf 23' lang='grc' dir='ltr'>ὑπ’·</span> 
     </span>
    </p>
   </div>
   <div class='ocr_carea' id='block_1_82' title="bbox 2140 3697 3728 3784">
    <p class='ocr_par' dir='ltr' id='par_1_82' title="bbox 2140 3697 3728 3784">
     <span class='ocr_line' id='line_1_82' title="bbox 2140 3697 3728 3784; baseline -0.016 -8"><span class='ocrx_word' id='word_1_594' title='bbox 2140 3697 2351 3784; x_wconf 82' lang='grc' dir='ltr'>αὑταῖς.</span> <span class='ocrx_word' id='word_1_595' title='bbox 2383 3715 2536 3770; x_wconf 88' lang='grc' dir='ltr'>Διατί</span> <span class='ocrx_word' id='word_1_596' title='bbox 2571 3712 2752 3765; x_wconf 90' lang='grc' dir='ltr'>τοίνυν</span> <span class='ocrx_word' id='word_1_597' title='bbox 2781 3707 2899 3765; x_wconf 82' lang='grc' dir='ltr'>κατ’</span> <span class='ocrx_word' id='word_1_598' title='bbox 2933 3705 3113 3762; x_wconf 83' lang='grc' dir='ltr'>αὑτῶν</span> <span class='ocrx_word' id='word_1_599' title='bbox 3141 3705 3203 3758; x_wconf 85' lang='grc' dir='ltr'>τὸ</span> <span class='ocrx_word' id='word_1_600' title='bbox 3239 3704 3468 3775; x_wconf 85' lang='grc' dir='ltr'>λῆμμα;</span> <span class='ocrx_word' id='word_1_601' title='bbox 3503 3700 3626 3754; x_wconf 77' lang='grc' dir='ltr'>Ὀτι</span> <span class='ocrx_word' id='word_1_602' title='bbox 3661 3697 3728 3767; x_wconf 81' lang='grc' dir='ltr'>δὴ</span> 
     </span>
    </p>
   </div>
   <div class='ocr_carea' id='block_1_83' title="bbox 2139 3785 3727 3875">
    <p class='ocr_par' dir='ltr' id='par_1_83' title="bbox 2139 3785 3727 3875">
     <span class='ocr_line' id='line_1_83' title="bbox 2139 3785 3727 3875; baseline -0.016 -8"><span class='ocrx_word' id='word_1_603' title='bbox 2139 3819 2197 3867; x_wconf 79' lang='grc' dir='ltr'>ἐν</span> <span class='ocrx_word' id='word_1_604' title='bbox 2244 3811 2436 3873; x_wconf 90' lang='grc' dir='ltr'>αὑταῖς</span> <span class='ocrx_word' id='word_1_605' title='bbox 2480 3805 2705 3875; x_wconf 81' lang='grc' dir='ltr'>γέγονεν</span> <span class='ocrx_word' id='word_1_606' title='bbox 2745 3802 3053 3862; x_wconf 83' lang='grc' dir='ltr'>ἀνάπαυσις</span> <span class='ocrx_word' id='word_1_607' title='bbox 3105 3795 3292 3864; x_wconf 87' lang='grc' dir='ltr'>αὑτοῦ,</span> <span class='ocrx_word' id='word_1_608' title='bbox 3336 3792 3603 3856; x_wconf 80' lang='grc' dir='ltr'>τουτέστι,</span> <span class='ocrx_word' id='word_1_609' title='bbox 3634 3785 3727 3842; x_wconf 85' lang='grc' dir='ltr'>τοῦ</span> 
     </span>
    </p>
   </div>
   <div class='ocr_carea' id='block_1_84' title="bbox 2139 3882 3728 3970">
    <p class='ocr_par' dir='ltr' id='par_1_84' title="bbox 2139 3882 3728 3970">
     <span class='ocr_line' id='line_1_84' title="bbox 2139 3882 3728 3970; baseline -0.018 -10"><span class='ocrx_word' id='word_1_610' title='bbox 2139 3906 2359 3960; x_wconf 84' lang='grc' dir='ltr'>πάντων</span> <span class='ocrx_word' id='word_1_611' title='bbox 2410 3894 2741 3970; x_wconf 86' lang='grc' dir='ltr'>κρατοῦντος</span> <span class='ocrx_word' id='word_1_612' title='bbox 2787 3887 3373 3945; x_wconf 86' lang='grc' dir='ltr'>Θεοῦ.⁹Αναπέπαυται</span> <span class='ocrx_word' id='word_1_613' title='bbox 3418 3883 3494 3947; x_wconf 76' lang='grc' dir='ltr'>δὲ,</span> <span class='ocrx_word' id='word_1_614' title='bbox 3523 3882 3605 3935; x_wconf 83' lang='grc' dir='ltr'>ὅτι</span> <span class='ocrx_word' id='word_1_615' title='bbox 3635 3895 3728 3932; x_wconf 89' lang='grc' dir='ltr'>τε-</span> 
     </span>
    </p>
   </div>
   <div class='ocr_carea' id='block_1_85' title="bbox 2133 3972 3727 4061">
    <p class='ocr_par' dir='ltr' id='par_1_85' title="bbox 2133 3972 3727 4061">
     <span class='ocr_line' id='line_1_85' title="bbox 2133 3972 3727 4061; baseline -0.016 -9"><span class='ocrx_word' id='word_1_616' title='bbox 2133 3997 2324 4054; x_wconf 83' lang='grc' dir='ltr'>θέαται</span> <span class='ocrx_word' id='word_1_617' title='bbox 2357 3985 2832 4061; x_wconf 84' lang='grc' dir='ltr'>τετιμωρημένας.</span> <span class='ocrx_word' id='word_1_618' title='bbox 2853 3984 2927 4037; x_wconf 92' lang='grc' dir='ltr'>Οὑ</span> <span class='ocrx_word' id='word_1_619' title='bbox 2951 3982 3060 4054; x_wconf 90' lang='grc' dir='ltr'>γάρ</span> <span class='ocrx_word' id='word_1_620' title='bbox 3087 3980 3152 4034; x_wconf 85' lang='grc' dir='ltr'>ἂν</span> <span class='ocrx_word' id='word_1_621' title='bbox 3190 3977 3480 4047; x_wconf 87' lang='grc' dir='ltr'>σεσίγηκεν</span> <span class='ocrx_word' id='word_1_622' title='bbox 3500 3976 3529 4027; x_wconf 87' lang='grc' dir='ltr'>ὁ</span> <span class='ocrx_word' id='word_1_623' title='bbox 3551 3972 3727 4026; x_wconf 85' lang='grc' dir='ltr'>πάντα</span> 
     </span>
    </p>
   </div>
   <div class='ocr_carea' id='block_1_86' title="bbox 2135 4064 3728 4159">
    <p class='ocr_par' dir='ltr' id='par_1_86' title="bbox 2135 4064 3728 4159">
     <span class='ocr_line' id='line_1_86' title="bbox 2135 4064 3728 4159; baseline -0.018 -15"><span class='ocrx_word' id='word_1_624' title='bbox 2135 4086 2368 4159; x_wconf 81' lang='grc' dir='ltr'>ἐφορῶν,</span> <span class='ocrx_word' id='word_1_625' title='bbox 2405 4079 2623 4155; x_wconf 83' lang='grc' dir='ltr'>φειδοῦς</span> <span class='ocrx_word' id='word_1_626' title='bbox 2667 4095 2729 4131; x_wconf 90' lang='grc' dir='ltr'>τε</span> <span class='ocrx_word' id='word_1_627' title='bbox 2773 4076 2868 4131; x_wconf 73' lang='grc' dir='ltr'>καὶ</span> <span class='ocrx_word' id='word_1_628' title='bbox 2915 4073 3259 4142; x_wconf 78' lang='grc' dir='ltr'>ἐπισκέψεως</span> <span class='ocrx_word' id='word_1_629' title='bbox 3298 4067 3463 4133; x_wconf 81' lang='grc' dir='ltr'>ἀξιῶν</span> <span class='ocrx_word' id='word_1_630' title='bbox 3492 4065 3558 4159; x_wconf 11' lang='grc' dir='ltr'>τὸ,</span> <span class='ocrx_word' id='word_1_631' title='bbox 3590 4064 3728 4159; x_wconf 75' lang='grc' dir='ltr'>ἀπό-</span> 
     </span>
    </p>
   </div>
   <div class='ocr_carea' id='block_1_87' title="bbox 2133 4157 3726 4246">
    <p class='ocr_par' dir='ltr' id='par_1_87' title="bbox 2133 4157 3726 4246">
     <span class='ocr_line' id='line_1_87' title="bbox 2133 4157 3726 4246; baseline -0.018 -10"><span class='ocrx_word' id='word_1_632' title='bbox 2133 4157 2325 4235; x_wconf 81' lang='grc' dir='ltr'>λεκτον</span> <span class='ocrx_word' id='word_1_633' title='bbox 2357 4177 2535 4246; x_wconf 89' lang='grc' dir='ltr'>γένος,</span> <span class='ocrx_word' id='word_1_634' title='bbox 2571 4171 2842 4233; x_wconf 83' lang='grc' dir='ltr'>τουτέστι,</span> <span class='ocrx_word' id='word_1_635' title='bbox 2878 4167 2970 4221; x_wconf 76' lang='grc' dir='ltr'>τὸν</span> <span class='ocrx_word' id='word_1_636' title='bbox 3019 4163 3260 4236; x_wconf 82' lang='grc' dir='ltr'>Ἰσραήλ.</span> <span class='ocrx_word' id='word_1_637' title='bbox 3279 4160 3481 4230; x_wconf 76' lang='grc' dir='ltr'>Ἐφορᾷ</span> <span class='ocrx_word' id='word_1_638' title='bbox 3503 4157 3610 4228; x_wconf 78' lang='grc' dir='ltr'>γὰρ</span> <span class='ocrx_word' id='word_1_639' title='bbox 3631 4157 3726 4246; x_wconf 79' lang='grc' dir='ltr'>ἀν-</span> 
     </span>
    </p>
   </div>
   <div class='ocr_carea' id='block_1_88' title="bbox 2135 4245 3728 4342">
    <p class='ocr_par' dir='ltr' id='par_1_88' title="bbox 2135 4245 3728 4342">
     <span class='ocr_line' id='line_1_88' title="bbox 2135 4245 3728 4342; baseline -0.018 -16"><span class='ocrx_word' id='word_1_640' title='bbox 2135 4270 2387 4342; x_wconf 87' lang='grc' dir='ltr'>Θρώπους</span> <span class='ocrx_word' id='word_1_641' title='bbox 2423 4268 2452 4320; x_wconf 85' lang='grc' dir='ltr'>ό</span> <span class='ocrx_word' id='word_1_642' title='bbox 2483 4264 2590 4320; x_wconf 82' lang='grc' dir='ltr'>τῶν</span> <span class='ocrx_word' id='word_1_643' title='bbox 2615 4263 2752 4318; x_wconf 84' lang='grc' dir='ltr'>ὅλων</span> <span class='ocrx_word' id='word_1_644' title='bbox 2799 4259 2954 4325; x_wconf 83' lang='grc' dir='ltr'>Θεὸς,</span> <span class='ocrx_word' id='word_1_645' title='bbox 2985 4256 3080 4310; x_wconf 65' lang='grc' dir='ltr'>καί¹</span> <span class='ocrx_word' id='word_1_646' title='bbox 3125 4260 3225 4326; x_wconf 80' lang='grc' dir='ltr'>τὴν</span> <span class='ocrx_word' id='word_1_647' title='bbox 3269 4251 3500 4308; x_wconf 78' lang='grc' dir='ltr'>ἑκάστου</span> <span class='ocrx_word' id='word_1_648' title='bbox 3543 4245 3728 4332; x_wconf 79' lang='grc' dir='ltr'>τρίϐον</span> 
     </span>
    </p>
   </div>
   <div class='ocr_carea' id='block_1_89' title="bbox 2137 4342 3727 4430">
    <p class='ocr_par' dir='ltr' id='par_1_89' title="bbox 2137 4342 3727 4430">
     <span class='ocr_line' id='line_1_89' title="bbox 2137 4342 3727 4430; baseline -0.016 -9"><span class='ocrx_word' id='word_1_649' title='bbox 2137 4360 2730 4430; x_wconf 44' lang='grc' dir='ltr'>κατασκέπτεταιικαὶ</span> <span class='ocrx_word' id='word_1_650' title='bbox 2765 4359 2879 4420; x_wconf 85' lang='grc' dir='ltr'>τοῖς</span> <span class='ocrx_word' id='word_1_651' title='bbox 2920 4354 3020 4426; x_wconf 83' lang='grc' dir='ltr'>μὲν</span> <span class='ocrx_word' id='word_1_652' title='bbox 3057 4349 3332 4406; x_wconf 88' lang='grc' dir='ltr'>ἀδικοῦσιν</span> <span class='ocrx_word' id='word_1_653' title='bbox 3367 4345 3616 4416; x_wconf 71' lang='grc' dir='ltr'>ἐπιφέρει</span> <span class='ocrx_word' id='word_1_654' title='bbox 3656 4342 3727 4396; x_wconf 84' lang='grc' dir='ltr'>τὰ</span> 
     </span>
    </p>
   </div>
   <div class='ocr_carea' id='block_1_90' title="bbox 457 4434 3726 4524">
    <p class='ocr_par' dir='ltr' id='par_1_90' title="bbox 457 4434 3726 4524">
     <span class='ocr_line' id='line_1_90' title="bbox 457 4434 3726 4524; baseline -0.003 -29"><span class='ocrx_word' id='word_1_655' title='bbox 457 4439 516 4504; x_wconf 81' lang='grc' dir='ltr'>ἐξ</span> <span class='ocrx_word' id='word_1_656' title='bbox 541 4440 733 4511; x_wconf 78' lang='grc' dir='ltr'>ὀργῆς,</span> <span class='ocrx_word' id='word_1_657' title='bbox 770 4441 1028 4513; x_wconf 85' lang='grc' dir='ltr'>ὲκρύεται</span> <span class='ocrx_word' id='word_1_658' title='bbox 1053 4442 1110 4495; x_wconf 82' lang='grc' dir='ltr'>δὲ</span> <span class='ocrx_word' id='word_1_659' title='bbox 1131 4442 1258 4506; x_wconf 83' lang='grc' dir='ltr'>τοὺς</span> <span class='ocrx_word' id='word_1_660' title='bbox 1289 4442 1700 4514; x_wconf 78' lang='grc' dir='ltr'>ἀδικουμένους.</span> <span class='ocrx_word' id='word_1_661' title='bbox 1732 4448 2060 4520; x_wconf 79' lang='grc' dir='ltr'>Μεμνῆσθαι</span> <span class='ocrx_word' id='word_1_662' title='bbox 2098 4455 2156 4509; x_wconf 85' lang='grc' dir='ltr'>δὲ</span> <span class='ocrx_word' id='word_1_663' title='bbox 2187 4456 2508 4524; x_wconf 85' lang='grc' dir='ltr'>ἀναγκαῖον,</span> <span class='ocrx_word' id='word_1_664' title='bbox 2540 4452 2625 4506; x_wconf 85' lang='grc' dir='ltr'>ὅτι</span> <span class='ocrx_word' id='word_1_665' title='bbox 2692 4449 2787 4502; x_wconf 76' lang='grc' dir='ltr'>καὶ</span> <span class='ocrx_word' id='word_1_666' title='bbox 2830 4448 2888 4500; x_wconf 90' lang='grc' dir='ltr'>ἐν</span> <span class='ocrx_word' id='word_1_667' title='bbox 2932 4446 3045 4508; x_wconf 86' lang='grc' dir='ltr'>τοῖς</span> <span class='ocrx_word' id='word_1_668' title='bbox 3079 4439 3412 4515; x_wconf 81' lang='grc' dir='ltr'>προλαϐοῦσι</span> <span class='ocrx_word' id='word_1_669' title='bbox 3455 4436 3549 4490; x_wconf 77' lang='grc' dir='ltr'>τὸν</span> <span class='ocrx_word' id='word_1_670' title='bbox 3595 4434 3726 4505; x_wconf 83' lang='grc' dir='ltr'>περὶ</span> 
     </span>
    </p>
   </div>
   <div class='ocr_carea' id='block_1_91' title="bbox 455 4529 3728 4612">
    <p class='ocr_par' dir='ltr' id='par_1_91' title="bbox 455 4529 3728 4612">
     <span class='ocr_line' id='line_1_91' title="bbox 455 4529 3728 4612; baseline -0.002 -26"><span class='ocrx_word' id='word_1_671' title='bbox 455 4535 564 4586; x_wconf 84' lang='grc' dir='ltr'>τῶν</span> <span class='ocrx_word' id='word_1_672' title='bbox 612 4531 898 4604; x_wconf 82' lang='grc' dir='ltr'>τεσσάρων</span> <span class='ocrx_word' id='word_1_673' title='bbox 951 4532 1217 4603; x_wconf 86' lang='grc' dir='ltr'>ἁρμάτων</span> <span class='ocrx_word' id='word_1_674' title='bbox 1262 4534 1583 4604; x_wconf 85' lang='grc' dir='ltr'>εἰσκομίσας</span> <span class='ocrx_word' id='word_1_675' title='bbox 1623 4535 1783 4604; x_wconf 82' lang='grc' dir='ltr'>λόγον</span> <span class='ocrx_word' id='word_1_676' title='bbox 1819 4540 2040 4606; x_wconf 76' lang='grc' dir='ltr'>καὶτὰς</span> <span class='ocrx_word' id='word_1_677' title='bbox 2075 4545 2184 4598; x_wconf 84' lang='grc' dir='ltr'>τῶν</span> <span class='ocrx_word' id='word_1_678' title='bbox 2218 4546 2430 4600; x_wconf 77' lang='grc' dir='ltr'>ἱππέων</span> <span class='ocrx_word' id='word_1_679' title='bbox 2469 4544 2634 4606; x_wconf 86' lang='grc' dir='ltr'>ἰδέας,</span> <span class='ocrx_word' id='word_1_680' title='bbox 2679 4536 3039 4612; x_wconf 87' lang='grc' dir='ltr'>προστέθεικε</span> <span class='ocrx_word' id='word_1_681' title='bbox 3108 4533 3271 4588; x_wconf 85' lang='grc' dir='ltr'>πάλιν</span> <span class='ocrx_word' id='word_1_682' title='bbox 3293 4549 3306 4562; x_wconf 93' lang='grc'><strong>·</strong></span> <span class='ocrx_word' id='word_1_683' title='bbox 3344 4549 3363 4582; x_wconf 80' lang='grc' dir='ltr'>ι</span> <span class='ocrx_word' id='word_1_684' title='bbox 3389 4529 3520 4584; x_wconf 79' lang='grc' dir='ltr'>Ἰδοὺ</span> <span class='ocrx_word' id='word_1_685' title='bbox 3551 4530 3601 4582; x_wconf 84' lang='lat' dir='ltr'>oi</span> <span class='ocrx_word' id='word_1_686' title='bbox 3632 4529 3728 4580; x_wconf 78' lang='grc' dir='ltr'>ὲκο</span> 
     </span>
    </p>
   </div>
   <div class='ocr_carea' id='block_1_92' title="bbox 455 4621 3724 4708">
    <p class='ocr_par' dir='ltr' id='par_1_92' title="bbox 455 4621 3724 4708">
     <span class='ocr_line' id='line_1_92' title="bbox 455 4621 3724 4708; baseline -0.002 -30"><span class='ocrx_word' id='word_1_687' title='bbox 455 4626 818 4698; x_wconf 85' lang='grc' dir='ltr'>πορευόμενοι</span> <span class='ocrx_word' id='word_1_688' title='bbox 861 4624 952 4677; x_wconf 75' lang='grc' dir='ltr'>ἐπὶ</span> <span class='ocrx_word' id='word_1_689' title='bbox 1000 4625 1105 4695; x_wconf 78' lang='grc' dir='ltr'>γῆν</span> <span class='ocrx_word' id='word_1_690' title='bbox 1159 4624 1352 4696; x_wconf 72' lang='grc' dir='ltr'>βορρᾶ,</span> <span class='ocrx_word' id='word_1_691' title='bbox 1389 4625 1707 4682; x_wconf 84' lang='grc' dir='ltr'>ἀνέπαυσαν</span> <span class='ocrx_word' id='word_1_692' title='bbox 1743 4629 1836 4681; x_wconf 81' lang='grc' dir='ltr'>τὸν</span> <span class='ocrx_word' id='word_1_693' title='bbox 1875 4629 2046 4702; x_wconf 87' lang='grc' dir='ltr'>θυμόν</span> <span class='ocrx_word' id='word_1_694' title='bbox 2121 4653 2225 4705; x_wconf 90' lang='grc' dir='ltr'>μου</span> <span class='ocrx_word' id='word_1_695' title='bbox 2255 4637 2312 4690; x_wconf 85' lang='grc' dir='ltr'>ἐν</span> <span class='ocrx_word' id='word_1_696' title='bbox 2340 4638 2412 4708; x_wconf 79' lang='grc' dir='ltr'>γῇ</span> <span class='ocrx_word' id='word_1_697' title='bbox 2453 4633 2645 4706; x_wconf 81' lang='grc' dir='ltr'>βορῤᾷ.</span> <span class='ocrx_word' id='word_1_698' title='bbox 2678 4649 2697 4683; x_wconf 74' lang='grc' dir='ltr'>ι</span> <span class='ocrx_word' id='word_1_699' title='bbox 2734 4625 3101 4683; x_wconf 86' lang='grc' dir='ltr'>Ἀναπαύεται</span> <span class='ocrx_word' id='word_1_700' title='bbox 3130 4623 3187 4677; x_wconf 83' lang='grc' dir='ltr'>δὲ</span> <span class='ocrx_word' id='word_1_701' title='bbox 3222 4621 3411 4694; x_wconf 82' lang='grc' dir='ltr'>ὥσπερ</span> <span class='ocrx_word' id='word_1_702' title='bbox 3439 4621 3469 4674; x_wconf 86' lang='grc' dir='ltr'>ό</span> <span class='ocrx_word' id='word_1_703' title='bbox 3497 4622 3724 4691; x_wconf 88' lang='grc' dir='ltr'>μισοπό-</span> 
     </span>
    </p>
   </div>
   <div class='ocr_carea' id='block_1_93' title="bbox 455 4713 3725 4800">
    <p class='ocr_par' dir='ltr' id='par_1_93' title="bbox 455 4713 3725 4800">
     <span class='ocr_line' id='line_1_93' title="bbox 455 4713 3725 4800; baseline -0.002 -25"><span class='ocrx_word' id='word_1_704' title='bbox 455 4739 620 4792; x_wconf 86' lang='grc' dir='ltr'>νηρος</span> <span class='ocrx_word' id='word_1_705' title='bbox 668 4721 763 4774; x_wconf 88' lang='grc' dir='ltr'>τοῦ</span> <span class='ocrx_word' id='word_1_706' title='bbox 809 4721 1081 4774; x_wconf 86' lang='grc' dir='ltr'>Δεσπότου</span> <span class='ocrx_word' id='word_1_707' title='bbox 1140 4721 1332 4792; x_wconf 82' lang='grc' dir='ltr'>θυμὸς,</span> <span class='ocrx_word' id='word_1_708' title='bbox 1368 4722 1727 4778; x_wconf 87' lang='grc' dir='ltr'>ὲκτετικότων</span> <span class='ocrx_word' id='word_1_709' title='bbox 1755 4724 1852 4789; x_wconf 85' lang='grc' dir='ltr'>τὰς</span> <span class='ocrx_word' id='word_1_710' title='bbox 1884 4724 2037 4791; x_wconf 80' lang='grc' dir='ltr'>δίκας</span> <span class='ocrx_word' id='word_1_711' title='bbox 2073 4729 2184 4786; x_wconf 86' lang='grc' dir='ltr'>τῶν</span> <span class='ocrx_word' id='word_1_712' title='bbox 2252 4729 2400 4800; x_wconf 75' lang='grc' dir='ltr'>αὑτῷ</span> <span class='ocrx_word' id='word_1_713' title='bbox 2447 4723 2969 4799; x_wconf 78' lang='grc' dir='ltr'>προσκεκρουκότων</span> <span class='ocrx_word' id='word_1_714' title='bbox 3022 4719 3111 4774; x_wconf 81' lang='grc' dir='ltr'>διὰ</span> <span class='ocrx_word' id='word_1_715' title='bbox 3152 4716 3413 4787; x_wconf 86' lang='grc' dir='ltr'>πλείστην</span> <span class='ocrx_word' id='word_1_716' title='bbox 3462 4713 3596 4786; x_wconf 85' lang='grc' dir='ltr'>ὅσην</span> <span class='ocrx_word' id='word_1_717' title='bbox 3629 4715 3725 4767; x_wconf 72' lang='grc' dir='ltr'>καὶ</span> 
     </span>
    </p>
   </div>
   <div class='ocr_carea' id='block_1_94' title="bbox 456 4814 3197 4887">
    <p class='ocr_par' dir='ltr' id='par_1_94' title="bbox 456 4814 3197 4887">
     <span class='ocr_line' id='line_1_94' title="bbox 456 4814 3197 4887; baseline -0.003 -17"><span class='ocrx_word' id='word_1_718' title='bbox 456 4815 708 4887; x_wconf 85' lang='grc' dir='ltr'>ἀχάλινον</span> <span class='ocrx_word' id='word_1_719' title='bbox 737 4814 1034 4885; x_wconf 84' lang='grc' dir='ltr'>ἁμαρτίαν.</span> <span class='ocrx_word' id='word_1_720' title='bbox 3191 4865 3197 4871; x_wconf 88' lang='lat'><em>_</em></span> 
     </span>
    </p>
   </div>
   <div class='ocr_carea' id='block_1_95' title="bbox 525 4897 2035 4981">
    <p class='ocr_par' dir='ltr' id='par_1_95' title="bbox 525 4904 2031 4978">
     <span class='ocr_line' id='line_1_95' title="bbox 525 4904 2031 4978; baseline 0.003 -19"><span class='ocrx_word' id='word_1_721' title='bbox 525 4905 690 4960; x_wconf 71' lang='lat' dir='ltr'><strong>Vens.</strong></span> <span class='ocrx_word' id='word_1_722' title='bbox 725 4905 780 4968; x_wconf 80' lang='lat'>&#39;5,</span> <span class='ocrx_word' id='word_1_723' title='bbox 798 4907 850 4958; x_wconf 75' lang='grc'>4.</span> <span class='ocrx_word' id='word_1_724' title='bbox 875 4904 1041 4974; x_wconf 81' lang='lat' dir='ltr'><strong>Tyrus</strong></span> <span class='ocrx_word' id='word_1_725' title='bbox 1066 4915 1112 4957; x_wconf 87' lang='lat' dir='ltr'>et</span> <span class='ocrx_word' id='word_1_726' title='bbox 1134 4904 1327 4968; x_wconf 82' lang='lat' dir='ltr'><strong>Sidon,</strong></span> <span class='ocrx_word' id='word_1_727' title='bbox 1349 4908 1596 4976; x_wconf 85' lang='lat' dir='ltr'><strong>quoniam</strong></span> <span class='ocrx_word' id='word_1_728' title='bbox 1617 4908 1878 4976; x_wconf 81' lang='lat' dir='ltr'><strong>sapientes</strong></span> <span class='ocrx_word' id='word_1_729' title='bbox 1912 4909 2031 4978; x_wconf 80' lang='lat' dir='ltr'><strong>{ue-</strong></span> 
     </span>
    </p>
   </div>
   <div class='ocr_carea' id='block_1_96' title="bbox 2139 4897 3722 4981">
    <p class='ocr_par' dir='ltr' id='par_1_96' title="bbox 2210 4897 3722 4981">
     <span class='ocr_line' id='line_1_96' title="bbox 2210 4897 3722 4981; baseline -0.01 -18"><span class='ocrx_word' id='word_1_730' title='bbox 2210 4908 2397 4976; x_wconf 83' lang='grc' dir='ltr'>Τύρος</span> <span class='ocrx_word' id='word_1_731' title='bbox 2447 4904 2547 4960; x_wconf 84' lang='grc' dir='ltr'>καί</span> <span class='ocrx_word' id='word_1_732' title='bbox 2595 4901 2812 4967; x_wconf 79' lang='grc' dir='ltr'>Σιδὼν,</span> <span class='ocrx_word' id='word_1_733' title='bbox 2860 4899 3011 4954; x_wconf 83' lang='grc' dir='ltr'>διότι</span> <span class='ocrx_word' id='word_1_734' title='bbox 3057 4897 3410 4968; x_wconf 63' lang='grc' dir='ltr'>ἐφρόνησαν</span> <span class='ocrx_word' id='word_1_735' title='bbox 3465 4897 3722 4981; x_wconf 63' lang='grc' dir='ltr'>σεξόδρα,</span> 
     </span>
    </p>
   </div>
   <div class='ocr_carea' id='block_1_97' title="bbox 458 4996 2036 5066">
    <p class='ocr_par' dir='ltr' id='par_1_97' title="bbox 458 4996 2036 5066">
     <span class='ocr_line' id='line_1_97' title="bbox 458 4996 2036 5066; baseline 0.003 -16"><span class='ocrx_word' id='word_1_736' title='bbox 458 5008 580 5051; x_wconf 83' lang='lat' dir='ltr'><strong>runt</strong></span> <span class='ocrx_word' id='word_1_737' title='bbox 600 4998 777 5062; x_wconf 84' lang='lat' dir='ltr'><strong>nimis,</strong></span> <span class='ocrx_word' id='word_1_738' title='bbox 810 5006 861 5050; x_wconf 79' lang='lat' dir='ltr'>et</span> <span class='ocrx_word' id='word_1_739' title='bbox 893 4996 1174 5065; x_wconf 68' lang='lat' dir='ltr'><strong>cedi/ienuit</strong></span> <span class='ocrx_word' id='word_1_740' title='bbox 1207 4996 1375 5066; x_wconf 81' lang='lat' dir='ltr'><strong>Tyrus</strong></span> <span class='ocrx_word' id='word_1_741' title='bbox 1394 5000 1710 5053; x_wconf 72' lang='lat' dir='ltr'><strong>munitiones</strong></span> <span class='ocrx_word' id='word_1_742' title='bbox 1743 5001 1868 5066; x_wconf 86' lang='lat' dir='ltr'><strong>sibi,</strong></span> <span class='ocrx_word' id='word_1_743' title='bbox 1931 5001 2036 5056; x_wconf 77' lang='lat' dir='ltr'><strong>tlte-</strong></span> 
     </span>
    </p>
   </div>
   <div class='ocr_carea' id='block_1_98' title="bbox 459 5089 2035 5162">
    <p class='ocr_par' dir='ltr' id='par_1_98' title="bbox 459 5089 2035 5162">
     <span class='ocr_line' id='line_1_98' title="bbox 459 5089 2035 5162; baseline 0.001 -18"><span class='ocrx_word' id='word_1_744' title='bbox 459 5090 751 5144; x_wconf 77' lang='lat' dir='ltr'><strong>saurizavit</strong></span> <span class='ocrx_word' id='word_1_745' title='bbox 779 5100 1052 5155; x_wconf 85' lang='lat' dir='ltr'><strong>argentum</strong></span> <span class='ocrx_word' id='word_1_746' title='bbox 1089 5089 1245 5158; x_wconf 84' lang='lat' dir='ltr'><strong>quasi</strong></span> <span class='ocrx_word' id='word_1_747' title='bbox 1270 5089 1556 5155; x_wconf 79' lang='lat' dir='ltr'><strong>pulverem,</strong></span> <span class='ocrx_word' id='word_1_748' title='bbox 1601 5101 1651 5143; x_wconf 84' lang='lat' dir='ltr'>et</span> <span class='ocrx_word' id='word_1_749' title='bbox 1702 5093 2035 5162; x_wconf 81' lang='lat' dir='ltr'><strong>congregavit</strong></span> 
     </span>
    </p>
   </div>
   <div class='ocr_carea' id='block_1_99' title="bbox 460 5178 2038 5248">
    <p class='ocr_par' dir='ltr' id='par_1_99' title="bbox 460 5178 2038 5248">
     <span class='ocr_line' id='line_1_99' title="bbox 460 5178 2038 5248; baseline 0.002 -13"><span class='ocrx_word' id='word_1_750' title='bbox 460 5198 646 5236; x_wconf 88' lang='lat' dir='ltr'><strong>aurum</strong></span> <span class='ocrx_word' id='word_1_751' title='bbox 671 5189 728 5234; x_wconf 82' lang='lat' dir='ltr'>ut</span> <span class='ocrx_word' id='word_1_752' title='bbox 760 5180 928 5233; x_wconf 84' lang='lat' dir='ltr'><strong>lutum</strong></span> <span class='ocrx_word' id='word_1_753' title='bbox 963 5181 1186 5234; x_wconf 81' lang='lat' dir='ltr'><strong>viarum.</strong></span> <span class='ocrx_word' id='word_1_754' title='bbox 1215 5178 1494 5248; x_wconf 74' lang='lat' dir='ltr'><strong>Propterea</strong></span> <span class='ocrx_word' id='word_1_755' title='bbox 1537 5183 1817 5244; x_wconf 76' lang='lat' dir='ltr'><strong>possidebit</strong></span> <span class='ocrx_word' id='word_1_756' title='bbox 1850 5183 2038 5238; x_wconf 83' lang='lat' dir='ltr'><strong>Domi-</strong></span> 
     </span>
    </p>
   </div>
   <div class='ocr_carea' id='block_1_100' title="bbox 463 5273 2036 5346">
    <p class='ocr_par' dir='ltr' id='par_1_100' title="bbox 463 5273 2036 5346">
     <span class='ocr_line' id='line_1_100' title="bbox 463 5273 2036 5346; baseline 0.002 -18"><span class='ocrx_word' id='word_1_757' title='bbox 463 5291 558 5328; x_wconf 88' lang='lat' dir='ltr'><strong>nus</strong></span> <span class='ocrx_word' id='word_1_758' title='bbox 580 5290 716 5338; x_wconf 82' lang='lat' dir='ltr'><strong>eam,</strong></span> <span class='ocrx_word' id='word_1_759' title='bbox 743 5284 789 5326; x_wconf 87' lang='lat' dir='ltr'><strong>et</strong></span> <span class='ocrx_word' id='word_1_760' title='bbox 813 5274 1061 5341; x_wconf 82' lang='lat' dir='ltr'><strong>percutiet</strong></span> <span class='ocrx_word' id='word_1_761' title='bbox 1085 5273 1138 5326; x_wconf 84' lang='lat' dir='ltr'>in</span> <span class='ocrx_word' id='word_1_762' title='bbox 1199 5273 1336 5325; x_wconf 85' lang='lat' dir='ltr'><strong>muri</strong></span> <span class='ocrx_word' id='word_1_763' title='bbox 1396 5273 1760 5342; x_wconf 70' lang='lat' dir='ltr'><strong>fortitudinem</strong></span> <span class='ocrx_word' id='word_1_764' title='bbox 1807 5278 1945 5346; x_wconf 82' lang='lat' dir='ltr'><strong>ejus.</strong></span> <span class='ocrx_word' id='word_1_765' title='bbox 1987 5287 2036 5333; x_wconf 83' lang='lat' dir='ltr'>et</span> 
     </span>
    </p>
   </div>
   <div class='ocr_carea' id='block_1_101' title="bbox 461 5366 1193 5436">
    <p class='ocr_par' dir='ltr' id='par_1_101' title="bbox 461 5366 1193 5436">
     <span class='ocr_line' id='line_1_101' title="bbox 461 5366 1193 5436; baseline -0.001 -19"><span class='ocrx_word' id='word_1_766' title='bbox 461 5366 576 5432; x_wconf 85' lang='lat' dir='ltr'><strong>ipsa</strong></span> <span class='ocrx_word' id='word_1_767' title='bbox 608 5367 662 5418; x_wconf 87' lang='lat' dir='ltr'>in</span> <span class='ocrx_word' id='word_1_768' title='bbox 689 5367 806 5436; x_wconf 84' lang='lat' dir='ltr'><strong>igne</strong></span> <span class='ocrx_word' id='word_1_769' title='bbox 839 5376 1193 5418; x_wconf 74' lang='lat' dir='ltr'><strong>consumatur.</strong></span> 
     </span>
    </p>
   </div>
   <div class='ocr_carea' id='block_1_102' title="bbox 525 5455 2039 5526">
    <p class='ocr_par' dir='ltr' id='par_1_102' title="bbox 525 5455 2039 5526">
     <span class='ocr_line' id='line_1_102' title="bbox 525 5455 2039 5526; baseline 0.003 -13"><span class='ocrx_word' id='word_1_770' title='bbox 525 5456 682 5526; x_wconf 81' lang='lat'>731</span> <span class='ocrx_word' id='word_1_771' title='bbox 714 5455 846 5511; x_wconf 87' lang='lat' dir='ltr'><strong>LIII.</strong></span> <span class='ocrx_word' id='word_1_772' title='bbox 909 5456 1263 5511; x_wconf 86' lang='lat' dir='ltr'><strong>Consentium</strong></span> <span class='ocrx_word' id='word_1_773' title='bbox 1329 5473 1450 5512; x_wconf 90' lang='lat' dir='ltr'><strong>cum</strong></span> <span class='ocrx_word' id='word_1_774' title='bbox 1497 5459 1679 5514; x_wconf 82' lang='lat' dir='ltr'><strong>verbis</strong></span> <span class='ocrx_word' id='word_1_775' title='bbox 1723 5470 1914 5516; x_wconf 89' lang='lat' dir='ltr'><strong>eventa</strong></span> <span class='ocrx_word' id='word_1_776' title='bbox 1948 5479 2039 5518; x_wconf 91' lang='lat' dir='ltr'>ur-</span> 
     </span>
    </p>
   </div>
   <div class='ocr_carea' id='block_1_103' title="bbox 462 5546 2036 5620">
    <p class='ocr_par' dir='ltr' id='par_1_103' title="bbox 462 5546 2036 5620">
     <span class='ocr_line' id='line_1_103' title="bbox 462 5546 2036 5620; baseline 0.005 -20"><span class='ocrx_word' id='word_1_777' title='bbox 462 5546 849 5612; x_wconf 84' lang='lat' dir='ltr'><strong>bium,contra</strong></span> <span class='ocrx_word' id='word_1_778' title='bbox 879 5565 1014 5619; x_wconf 88' lang='lat' dir='ltr'><strong>quas</strong></span> <span class='ocrx_word' id='word_1_779' title='bbox 1073 5551 1500 5620; x_wconf 86' lang='lat' dir='ltr'><strong>assumptionem</strong></span> <span class='ocrx_word' id='word_1_780' title='bbox 1568 5551 1774 5606; x_wconf 86' lang='lat' dir='ltr'><strong>Domini</strong></span> <span class='ocrx_word' id='word_1_781' title='bbox 1841 5553 2036 5610; x_wconf 79' lang='lat' dir='ltr'><strong>factam</strong></span> 
     </span>
    </p>
   </div>
   <div class='ocr_carea' id='block_1_104' title="bbox 461 5636 2034 5717">
    <p class='ocr_par' dir='ltr' id='par_1_104' title="bbox 461 5636 2034 5717">
     <span class='ocr_line' id='line_1_104' title="bbox 461 5636 2034 5717; baseline 0.004 -24"><span class='ocrx_word' id='word_1_782' title='bbox 461 5636 970 5710; x_wconf 69' lang='lat' dir='ltr'><strong>amt&#39;mavitJnripit</strong></span> <span class='ocrx_word' id='word_1_783' title='bbox 999 5653 1174 5713; x_wconf 85' lang='lat' dir='ltr'><strong>autem</strong></span> <span class='ocrx_word' id='word_1_784' title='bbox 1216 5659 1243 5695; x_wconf 90' lang='lat' dir='ltr'>a</span> <span class='ocrx_word' id='word_1_785' title='bbox 1276 5642 1418 5712; x_wconf 63' lang='lat' dir='ltr'><strong>&#39;I&#39;yro</strong></span> <span class='ocrx_word' id='word_1_786' title='bbox 1449 5653 1502 5695; x_wconf 86' lang='lat' dir='ltr'>et</span> <span class='ocrx_word' id='word_1_787' title='bbox 1549 5641 1768 5709; x_wconf 77' lang='lat' dir='ltr'><strong>Sidone,</strong></span> <span class='ocrx_word' id='word_1_788' title='bbox 1790 5661 1908 5702; x_wconf 71' lang='lat' dir='ltr'><strong>ante</strong></span> <span class='ocrx_word' id='word_1_789' title='bbox 1924 5661 2034 5717; x_wconf 84' lang='lat' dir='ltr'><strong>prae</strong></span> 
     </span>
    </p>
   </div>
   <div class='ocr_carea' id='block_1_105' title="bbox 532 5819 1162 5884">
    <p class='ocr_par' dir='ltr' id='par_1_105' title="bbox 532 5819 1162 5884">
     <span class='ocr_line' id='line_1_105' title="bbox 532 5819 1162 5884; baseline -0.008 -7"><span class='ocrx_word' id='word_1_790' title='bbox 532 5819 811 5877; x_wconf 72' lang='lat' dir='ltr'><strong>&quot;lE~&#39;r.</strong></span> <span class='ocrx_word' id='word_1_791' title='bbox 864 5835 934 5884; x_wconf 86' lang='grc' dir='ltr'>ιν,</span> <span class='ocrx_word' id='word_1_792' title='bbox 983 5822 1034 5883; x_wconf 82' lang='lat'><strong>9,</strong></span> <span class='ocrx_word' id='word_1_793' title='bbox 1085 5819 1162 5872; x_wconf 84' lang='lat' dir='ltr'><strong>I6.</strong></span> 
     </span>
    </p>
   </div>
   <div class='ocr_carea' id='block_1_106' title="bbox 2140 4986 3724 5069">
    <p class='ocr_par' dir='ltr' id='par_1_106' title="bbox 2140 4986 3724 5069">
     <span class='ocr_line' id='line_1_106' title="bbox 2140 4986 3724 5069; baseline -0.01 -12"><span class='ocrx_word' id='word_1_794' title='bbox 2140 5002 2240 5057; x_wconf 76' lang='grc' dir='ltr'>καὶ</span> <span class='ocrx_word' id='word_1_795' title='bbox 2267 4999 2618 5069; x_wconf 80' lang='grc' dir='ltr'>ᾠκοδόμησε</span> <span class='ocrx_word' id='word_1_796' title='bbox 2651 4995 2835 5064; x_wconf 82' lang='grc' dir='ltr'>Τύρος</span> <span class='ocrx_word' id='word_1_797' title='bbox 2861 4990 3212 5062; x_wconf 82' lang='grc' dir='ltr'>ὀχυρώματα</span> <span class='ocrx_word' id='word_1_798' title='bbox 3239 4986 3445 5056; x_wconf 75' lang='grc' dir='ltr'>ἑαυτῇ,</span> <span class='ocrx_word' id='word_1_799' title='bbox 3467 4987 3724 5055; x_wconf 75' lang='grc' dir='ltr'>ἐθησαύο</span> 
     </span>
    </p>
   </div>
   <div class='ocr_carea' id='block_1_107' title="bbox 2133 5081 3724 5163">
    <p class='ocr_par' dir='ltr' id='par_1_107' title="bbox 2133 5081 3724 5163">
     <span class='ocr_line' id='line_1_107' title="bbox 2133 5081 3724 5163; baseline -0.009 -15"><span class='ocrx_word' id='word_1_800' title='bbox 2133 5107 2313 5163; x_wconf 81' lang='grc' dir='ltr'>ρισεν</span> <span class='ocrx_word' id='word_1_801' title='bbox 2338 5091 2623 5162; x_wconf 80' lang='grc' dir='ltr'>ἀργύριον</span> <span class='ocrx_word' id='word_1_802' title='bbox 2669 5089 2750 5155; x_wconf 87' lang='grc' dir='ltr'>ὠς</span> <span class='ocrx_word' id='word_1_803' title='bbox 2795 5086 2970 5158; x_wconf 78' lang='grc' dir='ltr'>χοῦν,</span> <span class='ocrx_word' id='word_1_804' title='bbox 2998 5085 3099 5138; x_wconf 81' lang='grc' dir='ltr'>καὶ</span> <span class='ocrx_word' id='word_1_805' title='bbox 3125 5082 3438 5153; x_wconf 77' lang='grc' dir='ltr'>συνήγαγε</span> <span class='ocrx_word' id='word_1_806' title='bbox 3465 5081 3724 5150; x_wconf 69' lang='grc' dir='ltr'>χρυσίον</span> 
     </span>
    </p>
   </div>
   <div class='ocr_carea' id='block_1_108' title="bbox 2139 5173 3725 5251">
    <p class='ocr_par' dir='ltr' id='par_1_108' title="bbox 2139 5173 3725 5251">
     <span class='ocr_line' id='line_1_108' title="bbox 2139 5173 3725 5251; baseline -0.01 -12"><span class='ocrx_word' id='word_1_807' title='bbox 2139 5185 2221 5251; x_wconf 87' lang='grc' dir='ltr'>ὡς</span> <span class='ocrx_word' id='word_1_808' title='bbox 2251 5183 2451 5251; x_wconf 66' lang='grc' dir='ltr'>πηλὸν</span> <span class='ocrx_word' id='word_1_809' title='bbox 2486 5179 2660 5237; x_wconf 79' lang='grc' dir='ltr'>ὁδῶν.</span> <span class='ocrx_word' id='word_1_810' title='bbox 2696 5179 2798 5234; x_wconf 85' lang='grc' dir='ltr'>Διὰ</span> <span class='ocrx_word' id='word_1_811' title='bbox 2824 5177 2998 5233; x_wconf 87' lang='grc' dir='ltr'>τοῦτο</span> <span class='ocrx_word' id='word_1_812' title='bbox 3029 5175 3473 5244; x_wconf 64' lang='grc' dir='ltr'>κληρονομήσει</span> <span class='ocrx_word' id='word_1_813' title='bbox 3510 5173 3725 5240; x_wconf 79' lang='grc' dir='ltr'>Κύριος</span> 
     </span>
    </p>
   </div>
   <div class='ocr_carea' id='block_1_109' title="bbox 2134 5263 3720 5344">
    <p class='ocr_par' dir='ltr' id='par_1_109' title="bbox 2134 5263 3720 5344">
     <span class='ocr_line' id='line_1_109' title="bbox 2134 5263 3720 5344; baseline -0.009 -13"><span class='ocrx_word' id='word_1_814' title='bbox 2134 5277 2350 5344; x_wconf 77' lang='grc' dir='ltr'>αὐτὴν,</span> <span class='ocrx_word' id='word_1_815' title='bbox 2368 5275 2469 5328; x_wconf 83' lang='grc' dir='ltr'>καί</span> <span class='ocrx_word' id='word_1_816' title='bbox 2493 5273 2737 5338; x_wconf 79' lang='grc' dir='ltr'>κατάξει</span> <span class='ocrx_word' id='word_1_817' title='bbox 2771 5274 2858 5340; x_wconf 82' lang='grc' dir='ltr'>είς</span> <span class='ocrx_word' id='word_1_818' title='bbox 2886 5270 3209 5326; x_wconf 78' lang='grc' dir='ltr'>θάλασσαν</span> <span class='ocrx_word' id='word_1_819' title='bbox 3233 5269 3492 5337; x_wconf 72' lang='grc' dir='ltr'>δύναμιν</span> <span class='ocrx_word' id='word_1_820' title='bbox 3510 5263 3720 5332; x_wconf 78' lang='grc' dir='ltr'>αὐτῆς,</span> 
     </span>
    </p>
   </div>
   <div class='ocr_carea' id='block_1_110' title="bbox 2136 5361 3328 5436">
    <p class='ocr_par' dir='ltr' id='par_1_110' title="bbox 2136 5361 3328 5436">
     <span class='ocr_line' id='line_1_110' title="bbox 2136 5361 3328 5436; baseline -0.008 -14"><span class='ocrx_word' id='word_1_821' title='bbox 2136 5368 2236 5422; x_wconf 82' lang='grc' dir='ltr'>καί</span> <span class='ocrx_word' id='word_1_822' title='bbox 2271 5366 2422 5436; x_wconf 77' lang='grc' dir='ltr'>αὑτὴ</span> <span class='ocrx_word' id='word_1_823' title='bbox 2458 5366 2527 5420; x_wconf 75' lang='grc' dir='ltr'>ἐν</span> <span class='ocrx_word' id='word_1_824' title='bbox 2561 5366 2703 5434; x_wconf 81' lang='grc' dir='ltr'>πυρί</span> <span class='ocrx_word' id='word_1_825' title='bbox 2741 5361 3328 5430; x_wconf 75' lang='grc' dir='ltr'>καταναλωθήσεται.</span> 
     </span>
    </p>
   </div>
   <div class='ocr_carea' id='block_1_111' title="bbox 2208 5451 3719 5532">
    <p class='ocr_par' dir='ltr' id='par_1_111' title="bbox 2208 5451 3719 5532">
     <span class='ocr_line' id='line_1_111' title="bbox 2208 5451 3719 5532; baseline -0.008 -17"><span class='ocrx_word' id='word_1_826' title='bbox 2208 5461 2334 5515; x_wconf 83' lang='lat' dir='ltr'><strong>NI&quot;.</strong></span> <span class='ocrx_word' id='word_1_827' title='bbox 2391 5459 2699 5532; x_wconf 87' lang='grc' dir='ltr'>Ἐπιτρέχει</span> <span class='ocrx_word' id='word_1_828' title='bbox 2747 5456 2825 5528; x_wconf 84' lang='grc' dir='ltr'>τῷ</span> <span class='ocrx_word' id='word_1_829' title='bbox 2875 5456 3019 5526; x_wconf 84' lang='grc' dir='ltr'>λόγῳ</span> <span class='ocrx_word' id='word_1_830' title='bbox 3051 5453 3440 5524; x_wconf 79' lang='grc' dir='ltr'>συμσεόηκὸτα</span> <span class='ocrx_word' id='word_1_831' title='bbox 3468 5455 3590 5516; x_wconf 86' lang='grc' dir='ltr'>ταῖς</span> <span class='ocrx_word' id='word_1_832' title='bbox 3619 5451 3719 5504; x_wconf 72' lang='grc' dir='ltr'>πό-</span> 
     </span>
    </p>
   </div>
   <div class='ocr_carea' id='block_1_112' title="bbox 2135 5544 3723 5620">
    <p class='ocr_par' dir='ltr' id='par_1_112' title="bbox 2135 5544 3723 5620">
     <span class='ocr_line' id='line_1_112' title="bbox 2135 5544 3723 5620; baseline -0.007 -14"><span class='ocrx_word' id='word_1_833' title='bbox 2135 5553 2284 5618; x_wconf 83' lang='grc' dir='ltr'>λεσι,</span> <span class='ocrx_word' id='word_1_834' title='bbox 2331 5551 2456 5606; x_wconf 80' lang='grc' dir='ltr'>καθ’</span> <span class='ocrx_word' id='word_1_835' title='bbox 2492 5544 2566 5606; x_wconf 81' lang='grc' dir='ltr'>ὧν</span> <span class='ocrx_word' id='word_1_836' title='bbox 2611 5549 2944 5620; x_wconf 83' lang='grc' dir='ltr'>γεγενῆσθαι</span> <span class='ocrx_word' id='word_1_837' title='bbox 3004 5546 3374 5618; x_wconf 78' lang='grc' dir='ltr'>διισχυρισατο</span> <span class='ocrx_word' id='word_1_838' title='bbox 3417 5544 3477 5597; x_wconf 75' lang='grc' dir='ltr'>τὸ</span> <span class='ocrx_word' id='word_1_839' title='bbox 3526 5544 3723 5614; x_wconf 67' lang='grc' dir='ltr'>λῆμμα</span> 
     </span>
    </p>
   </div>
   <div class='ocr_carea' id='block_1_113' title="bbox 2140 5633 3721 5717">
    <p class='ocr_par' dir='ltr' id='par_1_113' title="bbox 2140 5633 3721 5717">
     <span class='ocr_line' id='line_1_113' title="bbox 2140 5633 3721 5717; baseline -0.009 -17"><span class='ocrx_word' id='word_1_840' title='bbox 2140 5645 2366 5716; x_wconf 81' lang='grc' dir='ltr'>Κυρίου.</span> <span class='ocrx_word' id='word_1_841' title='bbox 2404 5647 2663 5717; x_wconf 74' lang='grc' dir='ltr'>Ἀρχεται</span> <span class='ocrx_word' id='word_1_842' title='bbox 2713 5642 2769 5696; x_wconf 80' lang='grc' dir='ltr'>δὲ</span> <span class='ocrx_word' id='word_1_843' title='bbox 2816 5641 2924 5695; x_wconf 86' lang='grc' dir='ltr'>ἀπὸ</span> <span class='ocrx_word' id='word_1_844' title='bbox 2952 5657 3009 5694; x_wconf 90' lang='grc' dir='ltr'>τε</span> <span class='ocrx_word' id='word_1_845' title='bbox 3043 5639 3138 5710; x_wconf 84' lang='grc' dir='ltr'>τῆς</span> <span class='ocrx_word' id='word_1_846' title='bbox 3168 5637 3344 5709; x_wconf 75' lang='grc' dir='ltr'>Τύρου</span> <span class='ocrx_word' id='word_1_847' title='bbox 3378 5637 3470 5690; x_wconf 70' lang='grc' dir='ltr'>καὶ</span> <span class='ocrx_word' id='word_1_848' title='bbox 3509 5633 3607 5706; x_wconf 80' lang='grc' dir='ltr'>τῆς</span> <span class='ocrx_word' id='word_1_849' title='bbox 3636 5633 3721 5686; x_wconf 91' lang='grc' dir='ltr'>Σι-</span> 
     </span>
    </p>
   </div>
   <div class='ocr_carea' id='block_1_114' title="bbox 1240 5820 2242 5897">
    <p class='ocr_par' dir='ltr' id='par_1_114' title="bbox 1240 5820 2242 5897">
     <span class='ocr_line' id='line_1_114' title="bbox 1240 5820 2242 5897; baseline 0.063 -59"><span class='ocrx_word' id='word_1_850' title='bbox 1240 5822 1284 5852; x_wconf 68' lang='grc' dir='ltr'>τι,</span> <span class='ocrx_word' id='word_1_851' title='bbox 1322 5820 1477 5874; x_wconf 54' lang='grc' dir='ltr'>ρων,</span> <span class='ocrx_word' id='word_1_852' title='bbox 1523 5837 1572 5888; x_wconf 56' lang='grc' dir='ltr'>ν,</span> <span class='ocrx_word' id='word_1_853' title='bbox 1606 5822 1664 5876; x_wconf 71' lang='lat'>2|</span> <span class='ocrx_word' id='word_1_854' title='bbox 1695 5839 1708 5889; x_wconf 86' lang='lat'><strong>;</strong></span> <span class='ocrx_word' id='word_1_855' title='bbox 1737 5821 1839 5878; x_wconf 80' lang='lat' dir='ltr'><strong>Job</strong></span> <span class='ocrx_word' id='word_1_856' title='bbox 1875 5839 2026 5889; x_wconf 72' lang='lat' dir='ltr'><strong>xxxi,</strong></span> <span class='ocrx_word' id='word_1_857' title='bbox 2057 5826 2088 5880; x_wconf 70' lang='grc'>4</span> <span class='ocrx_word' id='word_1_858' title='bbox 2124 5839 2242 5897; x_wconf 78' lang='grc' dir='ltr'>εΨΙ·</span> 
     </span>
    </p>
   </div>
  </div>
