4072 6370
465 386 576 454 ιιι)

1489 370 1559 427 ’5.
1585 368 1874 426 ὀϊιιιιω
1912 362 2380 419 ALEXANDNM
2418 357 2738 414 ARCHIEP.

3625 349 3731 398 MU

470 506 629 568 Θεοῦ,
666 501 731 556 τά
776 499 855 562 είς
882 495 1040 560 δόξαν
1078 490 1242 547 αὑτοῦ
1276 488 1565 549 λαλοῦντες
1600 484 1826 555 ἐτέροις,
1860 481 1954 536 καὶ
1983 480 2049 533 τὰ
2092 481 2189 550 μὲν
2244 478 2465 532 ἐκείνων
2488 474 2819 547 ὀχυρώματα
2858 458 3759 539 ⁸κατάστρὲφονιιςες,ὀίκοδομοεὲιιη

472 618 562 663 τες
594 598 650 651 δέ
682 591 888 665 νοητῶς
929 587 1026 659 τὴν
1073 586 1237 654 ἁγίαν
1285 583 1463 647 πόλιν,
1504 579 1753 633 τουτέστι
1792 578 1891 645 τὴν
1930 574 2280 644 Ἐκκλησίαν.

542 689 707 741 Vens.
742 684 795 750 5,
825 683 877 736 6.
916 678 1120 734 Videbit
1176 676 1425 736 Ascalon,
1459 684 1505 727 et
1538 672 1770 725 timebit:
1798 679 1845 722 et
1881 666 2050 729 Gaza,
2083 674 2128 730 Α

469 790 515 833 et
544 776 734 833 dolebit
771 774 962 837 nimis;
984 781 1032 826 et
1058 772 1318 832 Accaron,
1346 768 1471 837 quia
1491 765 1710 833 confusa
1760 770 1835 815 est
1864 778 1895 814 α
1959 775 2046 827 spe

469 887 586 924 sua.
614 868 678 922 Et
702 866 886 937 peribit
910 879 1001 917 rex
1033 864 1097 916 de
1122 858 1288 926 Gaza,
1308 870 1355 914 et
1379 856 1606 912 Ascalon
1636 870 1737 907 non
1783 851 2047 906 habitabi-

470 972 574 1009 tur.
607 953 671 1008 Et
697 953 1004 1020 alienigenae
1031 949 1341 1003 habitabant
1362 948 1417 1000 in
1454 946 1645 1011 Azoto,
1683 954 1731 998 et
1776 943 2048 997 destrnam

468 1048 764 1119 superbiam
797 1044 1237 1114 alienigenarum.

534 1228 675 1285 LIV.
707 1224 877 1289 Bello,
907 1232 962 1277 et
990 1221 1198 1293 proeliis
1214 1219 1487 1289 regionem
1553 1215 1961 1279 invadentibus,
1989 1212 2052 1266 ti-

471 1323 749 1377 deutiores
770 1328 826 1372 et
850 1317 991 1371 bona
1019 1328 1114 1382 spe
1143 1312 1445 1366 erectiores
1474 1319 1607 1364 sunt
1638 1306 1931 1377 aliquando
1956 1321 2048 1357 ur-

474 1416 569 1470 bes
596 1412 733 1482 ejus.
764 1408 1006 1465 Credunt
1030 1406 1175 1461 enim
1206 1405 1273 1460 de
1302 1402 1553 1460 hostibus
1585 1414 1677 1455 aut
1706 1397 2056 1455 multitudine

475 1506 848 1567 incolentium,
877 1511 973 1555 aut
1004 1499 1267 1553 ltrmitate
1290 1496 1576 1560 mmnium,
1619 1503 1674 1547 et
1695 1491 1925 1547 scientia
1956 1490 2057 1543 mi-

472 1597 615 1654 litari
640 1593 924 1651 victoriam
963 1591 1248 1646 relaturos.
1286 1587 1438 1654 Quod
1462 1587 1507 1642 si
1538 1584 1804 1655 qumpiam
1838 1582 1903 1638 de
1926 1580 2057 1649 ipsis

474 1690 744 1760 capiatur,
770 1702 891 1757 quae
924 1680 1302 1754 potentissima
1328 1681 1435 1735 dici
1464 1687 1702 1747 poterat,
1750 1686 1877 1730 tunc
1904 1687 2057 1737 sane,

475 1792 602 1835 tunc
624 1778 877 1849 quaelibet
907 1774 1093 1830 timori
1113 1772 1440 1836 succumbit,
1466 1780 1521 1826 et
1545 1784 1697 1839 spem
1737 1767 1941 1837 abiicit,
1977 1764 2059 1818 ef-

476 1869 734 1941 fugiendi,
759 1867 1060 1939 inquam,et
1079 1875 1135 1919 ut
1158 1872 1432 1936 prostrata
1448 1863 1559 1933 jam
1584 1861 1932 1915 lamentatur.
1952 1858 2059 1912 Ca-

474 1973 565 2031 pta
597 1961 760 2032 igitur
786 1960 921 2015 adeo
955 1958 1269 2029 conspicua,
1294 1963 1348 2011 et.
1368 1952 1725 2018 validissima,
1748 1960 1807 2006 et
1859 1949 2064 2005 divitiis

2231 666 2480 734 Ὂψεται
2518 658 2843 718 Ἀσκάλων,
2876 654 2975 707 καὶ
3012 648 3417 721 φοϐηθήσεται
3437 662 3452 676 ο
3483 644 3581 698 καὶ
3611 642 3732 697 Γά-

2150 757 2236 822 ζα,
2280 730 2383 808 καὶ
2427 748 2868 818 ὀδυνηθήσεται
2914 741 3183 812 σφόδρα·
3242 738 3341 793 καὶ
3404 730 3733 800 Ἀκκαρὼν,

2149 849 2239 900 ὅτι
2272 845 2555 914 ᾐσχύνθη
2590 841 2710 896 ἀπὸ
2757 837 2868 907 τῆς
2907 833 3159 897 ἐλπίδος
3202 827 3413 894 αὐτῆς.
3445 825 3552 881 Kal
3583 826 3735 878 ἀπο-

2149 937 2342 994 λεῖται
2382 933 2681 1000 ,ϐασιλεὺς
2725 932 2793 984 ἐκ
2826 926 3038 994 Γάζης,
3066 923 3167 978 καὶ
3211 920 3522 975 Ἀσκάλων
3554 918 3625 971 οὐ
3646 915 3734 985 μὴ

2150 1027 2497 1096 κατοικηθῇ.
2562 1025 2672 1079 Καὶ
2737 1019 3211 1087 κατοικήσουσιν
3261 1010 3614 1081 ἀλλογενεῖς
3667 1008 3738 1062 ἐν

2165 1122 2405 1189 Ἀζώτῳ,
2441 1120 2538 1174 καὶ
2574 1114 2805 1172 καθελῶ
2836 1115 3008 1181 ὕϐριν
3034 1108 3425 1176 ἀλλοφύλων.

2225 1200 2349 1268 ΝΔθ.
2391 1216 2518 1265 Ὅτε
2565 1209 2803 1279 πολέμου
2851 1207 2946 1259 καὶ
3008 1204 3188 1275 μάχης
3241 1203 3265 1253 ἐ
3275 1197 3446 1271 μϐολὴ
3509 1193 3737 1250 κατανέ-

2154 1324 2320 1380 μεται
2342 1305 2549 1376 χώραν,
2578 1298 3006 1373 εὐθαρσέστεραί
3035 1296 3152 1361 πώς
3180 1296 3305 1356 εἰσι,
3330 1292 3424 1345 καὶ
3447 1290 3503 1341 ἐν
3527 1287 3737 1341 ἐλπίσιν

2158 1378 2269 1453 ἐσθ’
2301 1399 2389 1450 ὅτε
2416 1396 2703 1468 χρησταῖς,
2729 1393 2785 1445 αἱ
2806 1391 2925 1445 κατ’
2949 1389 3116 1459 αὐτὴν
3148 1385 3348 1447 πόλεις.
3368 1380 3585 1435 Οἴονται
3606 1378 3735 1451 γάρ,

2156 1492 2239 1543 ὅτι
2267 1487 2612 1560 περιέσονται
2644 1483 2752 1542 τῶν
2779 1480 2991 1553 ἐχθρῶν
3036 1479 3073 1551 ἢ
3116 1476 3196 1547 τῷ
3243 1474 3435 1545 πλήθει
3462 1472 3571 1525 τῶν
3603 1472 3739 1560 ἐνοι-

2158 1558 2398 1635 κούντων
2447 1578 2662 1639 αὐταῖς,
2694 1576 2728 1646 ἦ
2784 1574 2981 1643 τειχῶν
3024 1570 3334 1643 ὀχυρότητι,
3362 1565 3455 1618 καὶ
3486 1565 3605 1625 ταῖς
3632 1558 3741 1615 τῶν

2158 1670 2430 1727 τακτικῶν
2479 1670 2827 1739 ἐπιστήμαις.
2861 1667 2925 1719 Et
2977 1664 3034 1717 δέ
3077 1662 3142 1733 δὴ
3191 1660 3399 1729 γένοιτο
3445 1655 3553 1709 τῶν
3590 1651 3741 1725 παρά

2163 1782 2347 1835 σφισιν
2395 1761 2600 1817 ἁλῶναι
2648 1759 2798 1831 μίαν,
2837 1758 2983 1829 ἥπερ
3016 1755 3080 1810 ἂν
3110 1753 3322 1821 λέγοιτο
3364 1748 3739 1816 δυνατωτάτη,

2161 1857 2282 1909 τότε
2306 1856 2392 1926 δὴ,
2422 1855 2541 1908 τότε
2573 1854 2722 1906 πᾶσα
2748 1852 2843 1921 μὲν
2872 1849 3088 1913 ὀκλάζει
3113 1846 3247 1918 πρὸς
3269 1844 3407 1909 δέος,
3428 1838 3742 1895 ἀποσείεται

2163 1949 2219 2003 δὲ
2250 1949 2348 2020 τὴν
2379 1948 2589 2012 ἐλπίδα,
2628 1946 2728 2015 τὴν
2774 1942 2868 1997 τοῦ
2920 1943 3109 2012 φυγεῖν
3157 1936 3415 1992 δύνασθαι
3453 1934 3615 2004 φημὶ,
3650 1931 3743 1984 καὶ

475 2026 675 2109 referta
704 2071 718 2107 :
751 2071 770 2104 ι
806 2026 1276 2118 Timebit,inquit,
1297 2047 1551 2109 Ascalon,
1576 2054 1633 2098 et
1655 2044 1801 2097 Gaza
1836 2041 2059 2107 dolebit,

2164 2046 2236 2106 ώς
2263 2040 2503 2095 πεσοῦσα
2537 2040 2743 2111 Θρηνεῖ.
2760 2036 3020 2105 Ἀλούσης
3043 2033 3107 2105 δὴ
3133 2028 3227 2086 οὖν
3251 2031 3349 2102 τῆς
3372 2027 3514 2081 οὕτω
3545 2026 3742 2092 διαφα-

477 2158 641 2217 atque
671 2147 836 2201 etiam
861 2144 1129 2198 Accaron.
1164 2162 1183 2194 ι
1241 2141 1417 2197 Urbes
1445 2146 1572 2193 sunt
1625 2135 2055 2189 Palmstinorum.

474 2238 913 2299 Dolebitautem,
945 2252 963 2285 ι
996 2234 1120 2303 quia
1150 2232 1373 2287 contusa
1415 2240 1501 2285 est
1531 2245 1558 2283 a
1594 2243 1691 2299 spe
1728 2242 1847 2281 sua.
1889 2245 1907 2277 ι
1955 2223 2062 2279 Pu-

479 2332 667 2385 tabam
690 2330 833 2385 enim
868 2328 1157 2398 Tyriorum
1188 2328 1332 2381 vires
1369 2325 1471 2380 sibi
1517 2337 1734 2393 quoque
1796 2320 1865 2375 3d
1907 2318 2063 2374 auxi-

468 2420 606 2472 lium
627 2416 915 2473 satisl'ore.
948 2416 1056 2471 Sed
1086 2425 1370 2485 postquam
1404 2428 1621 2468 eversas
1667 2411 1938 2481 viderunt,
1995 2411 2063 2465 de

464 2525 572 2579 .spe
599 2509 938 2565 deciderunt.
964 2506 1029 2560 Et
1051 2506 1213 2563 Gaza:
1236 2506 1454 2576 quidem
1491 2505 1741 2576 princeps
1773 2512 2063 2559 evaneseet

482 2602 679 2673 inquit,
703 2610 887 2670 utpote
912 2599 1258 2669 disperditus.
1309 2597 1641 2653 Habitabunt
1686 2606 1866 2651 autem
1926 2595 2061 2651 alie-

481 2695 690 2765 nigeme
727 2694 780 2748 in
814 2693 1005 2756 Azoto,
1058 2690 1198 2747 bello
1244 2692 1604 2759 consumptis,
1657 2698 1715 2743 ut
1772 2699 2060 2745 consenta-

482 2803 643 2842 neum
675 2797 758 2842 est
794 2787 1078 2858 indigenis.
1105 2785 1269 2841 Addit
1305 2784 1413 2850 his,
1443 2803 1462 2836 ι
1502 2782 1782 2838 Destruam
1809 2782 2064 2851 alienige-

486 2894 606 2947 nas,
643 2879 810 2933 rsive
828 2879 1171 2943 Palaestinos,
1207 2892 1366 2946 quos,
1394 2886 1447 2929 ut
1471 2874 1770 2940 consuevit,
1815 2873 2064 2943 alienige-

482 2986 581 3025 nas
606 2970 1129 3043 appellat.-Possint,
1195 2969 1240 3023 si
1294 2967 1378 3023 cui
1430 2966 1681 3036 placebit,
1725 2974 1782 3020 et
1807 2965 1873 3019 ad
1926 2963 2063 3020 alias

470 3072 672 3133 gentes
700 3078 818 3132 quae
846 3072 1110 3117 vexarunt
1136 3060 1417 3126 lsraelem,
1458 3058 1573 3113 haec
1598 3057 1760 3111 verba
1798 3054 2063 3110 transfer-

480 3154 552 3219 ri,
572 3153 735 3226 .733
764 3155 1028 3217 contines,
1047 3162 1100 3207 et
1144 3150 1455 3206 Judaeorum
1503 3149 1722 3204 vicinas.
1792 3147 2062 3201 Caeterum

480 3248 597 3303 haec
627 3245 831 3301 anobis
861 3244 1059 3299 iterum
1105 3251 1162 3297 ut
1192 3241 1386 3296 litterae
1453 3238 1858 3295 accommodata
1920 3238 2060 3292 dicta

481 3346 662 3396 sunto.

2164 2134 2317 2199 νοῦς,
2356 2134 2451 2187 καὶ
2469 2131 2879 2203 ἀλκιμωτάτης,
2919 2128 3013 2180 καὶ
3043 2125 3257 2194 πλούτῳ
3298 2118 3576 2200 κομώσηςν
3601 2136 3619 2167 ί
3647 2116 3745 2167 Ψο-

2163 2194 2461 2295 6ηθησεται
2502 2194 2621 2293 μὲν,
2652 2194 2836 2292 φησιν,
2878 2222 2912 2290 ἡ
2959 2215 3258 2279 Ἀσκάλων,
3290 2212 3382 2265 καὶ
3405 2194 3744 2277 ὠδυνηθήσει-

2160 2337 2252 2373 ται
2277 2320 2315 2372 Γ
2318 2318 2443 2383 άζα,
2476 2317 2571 2371 καὶ
2601 2318 2712 2387 μὴν
2746 2316 2840 2368 καὶ
2880 2308 3182 2383 Ἀκκαρών.
3220 2328 3236 2359 ι
3273 2306 3464 2366 Πόλεις
3496 2301 3552 2355 δὲ
3584 2296 3744 2353 αὗται

2161 2411 2269 2464 τῶν
2319 2404 3155 2475 Παλαιστινῶν.Ὠδυνηθήσεται
3201 2400 3279 2462 δὲ,
3333 2417 3350 2449 ι
3381 2396 3462 2448 ὃτι
3500 2388 3744 2464 ᾐσχύνθη

2162 2504 2270 2558 ἀπὸ
2321 2505 2420 2574 τῆς
2474 2500 2687 2563 ἐλπίδος
2731 2501 2921 2570 αὐτῆς.
2960 2517 2978 2549 ι
3010 2498 3202 2567 ᾯοντο
3242 2493 3339 2563 μὲν
3377 2489 3507 2560 γὰρ,
3542 2487 3624 2538 ὅτι
3653 2483 3748 2535 καὶ

2163 2596 2354 2658 αὐταῖς
2405 2593 2615 2663 ίσχύσει
2665 2590 2802 2663 πρὸς
2848 2587 3167 2658 ἐπικουρίαν
3226 2585 3260 2655 ή
3308 2579 3521 2654 Τυρίων
3573 2574 3744 2645 ἰσχύς.

2174 2686 2394 2757 Ἐπειδὴ
2432 2684 2492 2738 δὲ
2541 2684 2802 2755 κειμένην
2851 2680 3136 2735 τεθέανται
3163 2720 3177 2743 ,
3231 2675 3403 2746 ταύτῃ
3450 2689 3535 2725 τοι
3564 2666 3747 2723 λοιπὸν

2164 2780 2583 2850 ἁπωλισθηκασι
2621 2776 2722 2847 τῆς
2762 2774 2999 2837 ἐλπίδος.
3037 2774 3149 2827 Καὶ
3184 2772 3212 2823 ὀ
3252 2768 3350 2840 μέν
3382 2766 3558 2836 Γάζης
3588 2761 3748 2834 ἡγού-

2168 2888 2327 2943 μενος
2370 2870 2674 2941 οἰχήσεται,
2707 2868 2895 2939 φησιν,
2927 2861 3223 2926 ἀπολωλὼς
3263 2859 3525 2929 δηλονότι.
3560 2858 3751 2911 Κατοι-

2166 2967 2397 3037 κήσουσι
2441 2963 2501 3019 δὲ
2545 2961 2853 3030 ἀλλογενεϊς
2901 2958 2959 3012 ἐν
2997 2957 3241 3026 Ἀζώτῳ,
3268 2949 3746 3021 δεδαπανημένων,

2165 3058 2307 3112 κατὰ
2330 3058 2392 3111 τὸ
2425 3055 2594 3119 εἰκὸς,
2628 3053 2707 3126 τῷ
2736 3053 2959 3123 πολέμῳ
3000 3049 3111 3103 τῶν
3140 3041 3749 3115 αὑθιγενῶν.Ἐπιλέγει

2162 3150 2220 3203 δὲ
2270 3148 2503 3212 τούτοις,
2546 3147 2628 3200 ὅτι
2682 3164 2702 3197 ι
2728 3144 2960 3199 Καθελῶ
3008 3142 3136 3205 τοὺς
3185 3138 3533 3208 ἀλλοφύλους,
3564 3153 3584 3186 ι
3631 3134 3750 3204 ἦτοι

2162 3242 2290 3305 τοὺς
2337 3238 2753 3301 Παλαιστινοὺς,
2787 3235 2883 3300 οὒς
2916 3233 3173 3305 ὀνομάζει
3226 3229 3665 3301 συνήθως.Ἥκοι
3692 3223 3752 3278 δ’

2165 3334 2253 3399 ἂν,
2285 3333 2337 3386 εἴ
2377 3332 2443 3401 γέ
2480 3350 2559 3402 τῳ
2600 3332 2768 3397 δοκεῖ,
2799 3329 2895 3382 καὶ
2937 3326 3060 3380 καθ’
3091 3326 3295 3409 ἐτέρων
3339 3320 3509 3376 ἐθνῶν
3541 3320 3571 3373 ὀ
3593 3317 3751 3385 λόγος

478 3430 591 3483 τῶν
611 3427 1065 3500 ήδικηκότωντδν
1095 3427 1334 3499 Ἰσραὴλ,
1362 3427 1411 3480 οἳ
1446 3426 1539 3480 καὶ
1566 3421 1705 3497 ἦσαν
1733 3425 1943 3496 ὅμοροι,
2004 3424 2103 3479 καὶ
2138 3427 2239 3497 τῆς
2286 3425 2555 3481 Ἰουδαίων
2608 3423 2867 3493 γείτονες.
2922 3420 3089 3477 Ἀλλὰ
3133 3417 3292 3473 ταυτὶ
3342 3415 3440 3487 μὲν
3470 3415 3642 3485 ημῖν,
3672 3409 3750 3473 ὡς

482 3523 619 3594 πρός
642 3539 711 3591 γε
738 3524 831 3577 τὸν
857 3525 915 3577 ἐν
953 3522 1248 3593 γράμμασι
1276 3521 1454 3590 λόγον,
1486 3521 1768 3593 εἰρήσεται
1807 3520 1990 3574 πάλιν.

555 3615 847 3674 Sciendum
883 3627 1087 3681 autem,
1112 3624 1172 3669 ut
1208 3616 1343 3679 dixi,
1373 3629 1757 3683 nonnunquam
1811 3612 2054 3668 Ecclesia

2232 3607 2444 3662 Εἰδέναι
2496 3606 2551 3659 δὲ
2597 3607 2916 3674 ἀναγκαῖον,
2949 3605 3030 3656 ὅτι
3076 3599 3434 3670 διωκομένης,
3467 3597 3543 3660 ώς
3590 3596 3749 3667 ἔφηνε

484 3709 916 3777 persecutionem
944 3707 1205 3777 patiente,
1246 3705 1427 3759 invadi
1458 3719 1576 3758 eam
1602 3703 1957 3769 borribiliter,
2013 3712 2068 3757 et.

485 3800 702 3856 irrideri
737 3800 805 3855 ab
832 3799 1096 3862 hostibus,
1134 3796 1497 3853 clamantibus
1538 3795 1711 3859 forte,
1762 3795 1927 3866 Euge,
1970 3809 2065 3849 eu-

483 3909 572 3961 ge,
629 3902 687 3947 ut
740 3892 1002 3962 scriptum
1051 3899 1136 3946 est
1184 3890 1254 3942 ".
1317 3886 1697 3943 Verumtamen
1744 3900 2067 3942 succurrens

485 3984 755 4049 Christus,
785 3997 1001 4038 omnem
1031 3996 1220 4037 eorum
1247 3980 1537 4049 potentiam
1569 3977 1894 4046 confringet,
1930 3986 2066 4032 tem-

488 4078 636 4148 plum
670 4075 1127 4137 suum-excitans,
1176 4080 1233 4128 et
1290 4070 1701 4125 insidiatoribus
1743 4068 2067 4123 iratissimus

478 4168 1061 4239 suppliciaimponens,
1087 4173 1143 4219 et.
1162 4178 1262 4219 ceu
1288 4161 1549 4231 quasdam
1582 4162 1764 4223 urbes,
1796 4159 2066 4213 haeresum

486 4275 813 4331 synagogas,
844 4265 902 4311 et
928 4252 1572 4325 insuperidololatrarum
1626 4262 1816 4319 greges
1875 4246 2068 4319 impios

490 4351 655 4407 bumo
684 4348 946 4416 albigens.

564 4439 726 4494 Vens.
784 4438 835 4491 7.
874 4435 943 4490 Et
968 4434 1211 4505 auferam
1272 4432 1583 4503 sanguinem
1641 4445 1821 4485 eorum
1877 4429 1942 4484 de
1979 4447 2068 4485 ore

488 4534 723 4595 illorum,
755 4537 806 4582 et
848 4526 1270 4583 abominationes
1294 4540 1477 4578 eorum
1529 4524 1594 4578 de
1624 4521 1796 4576 medio
1831 4521 2069 4577 dentium

487 4638 690 4678 eorum.
764 4618 832 4674 Et
892 4616 1247 4684 relinquentur
1306 4625 1355 4670 et
1404 4615 1497 4669 isti
1560 4611 1671 4667 Deo
1740 4623 1964 4675 nostra,
2016 4621 2069 4666 et

487 4725 642 4770 erunt
674 4724 728 4769 ut
789 4709 1025 4766 tribunus
1054 4710 1110 4761 in
1154 4705 1320 4773 Iuda,
1347 4716 1395 4761 et
1423 4706 1661 4761 Accaran
1722 4704 1856 4758 sicut
1906 4704 2069 4758 Jebu-

489 4823 650 4863 δῶκε.

561 4896 673 4952 LV.
702 4894 876 4951 Etiam
917 4891 1006 4946 isti
1040 4888 1297 4945 lsraelem
1322 4889 1669 4951 devorat-unt,
1695 4897 1751 4942 et
1792 4888 1965 4943 instar
1991 4886 2070 4942 fe-

2170 3699 2281 3753 ἔσθ’
2315 3700 2403 3752 ὅτε
2454 3698 2553 3769 τῆς
2589 3695 2938 3766 Ἐκκλησίας,
2970 3689 3391 3761 συνεπιφύονταί
3435 3707 3495 3742 τε
3539 3687 3748 3751 δεινῶς,

2169 3791 2264 3845 καὶ
2314 3790 2687 3860 ἐπιμειδιῶσιν
2719 3790 2769 3841 οί
2798 3788 3019 3859 ἐχθροὶ,
3050 3788 3190 3855 τάχα
3239 3802 3343 3836 που
3391 3782 3639 3850 λέγοντες
3666 3781 3748 3845 τὸ,

2170 3880 2333 3953 Εὖγε,
2364 3880 2513 3951 εὖγε,
2555 3882 2696 3936 κατὰ
2738 3881 2798 3935 τὸ
2843 3879 3248 3951 γεγραμμένον.
3286 3875 3432 3945 Πλὴν
3481 3873 3751 3942 ἐπαμύνει

2169 3976 2424 4047 Χριστὸς,
2450 3975 2543 4029 καί
2568 3975 2787 4029 ἃπασαν
2820 3972 2919 4043 μὲν
2946 3970 3126 4026 αὐτῶν
3148 3968 3473 4041 συνθραύσει
3497 3966 3748 4035 δύναμιν,

2167 4067 2259 4121 τὸν
2307 4066 2436 4119 ἴδιον
2465 4064 2695 4135 ἐγείρων
2723 4063 2871 4127 ναὸν,
2898 4061 3173 4133 ἐπιφέρων
3206 4060 3264 4113 δὲ
3288 4061 3401 4123 τοῖς
3432 4055 3749 4111 ἐπιϐουλεύ-

2168 4176 2289 4211 ουσι
2321 4157 2391 4211 τὰ
2432 4155 2493 4222 ἐξ
2540 4156 2780 4226 ἀκράτου
2821 4152 3015 4225 θυμοῦ,
3044 4153 3138 4206 καὶ
3163 4151 3351 4223 ὥσπερ
3381 4149 3532 4212 τινὰς
3565 4148 3750 4211 πόλεις

2168 4247 2269 4312 τὰς
2310 4248 2418 4301 τῶν
2449 4248 2715 4317 αἱρέσεων
2750 4246 3058 4301 κατασείων
3098 4244 3440 4313 συναγωγὰς,
3466 4243 3562 4296 καὶ
3612 4241 3748 4312 πρὸς

2169 4338 2396 4401 ταύταις
2422 4340 2502 4390 ἔτι
2533 4338 2602 4392 τὰ
2629 4336 3028 4408 εἰδωλολατρῶν
3058 4336 3248 4391 ἀνόσια
3283 4335 3469 4405 στίφη.

2240 4433 2347 4489 Kal
2376 4430 2567 4501 ἐξαρῶ
2593 4431 2660 4486 τὸ
2700 4427 2844 4502 αἷμα
2877 4429 3077 4485 αὐτῶν
3104 4429 3175 4485 ἐκ
3214 4429 3510 4499 στόματος
3529 4426 3749 4491 αὐτῶν,

2171 4527 2269 4581 xal
2292 4525 2363 4580 τὰ
2389 4525 2780 4595 ,ϐδελύγματα
2809 4524 3009 4579 αὐτῶν
3034 4524 3103 4577 ἐκ
3124 4522 3320 4593 μέσου
3358 4521 3621 4575 ὀδόντων
3644 4522 3752 4575 αὐ-

2170 4617 2309 4672 τῶν.
2368 4617 2479 4671 Καὶ
2528 4616 3078 4685 ὑπολειφθήσονται
3127 4614 3229 4668 καὶ
3278 4610 3445 4670 οὗτοι
3491 4611 3574 4677 τῷ
3633 4611 3756 4677 Θεῷ

2171 4707 2359 4776 ἡμῶν,
2397 4706 2497 4761 καὶ
2548 4708 2792 4761 ἔσονται
2843 4706 2925 4773 ὠς
2972 4706 3288 4775 χιλίαρχος
3310 4707 3384 4759 ἐν
3416 4704 3621 4769 Ἰούδα,
3656 4703 3756 4759 καὶ

2185 4798 2476 4869 Ἀκκαρὼν
2496 4800 2577 4866 ὡς
2621 4798 2973 4863 Ἰεϐουσαῖος

2241 4891 2369 4945 ΝΕ¹.
2403 4890 2812 4961 Κατεδηδόκασι
2838 4890 2938 4960 μὲν
2964 4892 3055 4943 καὶ
3099 4885 3245 4945 οὗτοι
3272 4890 3363 4942 τὸν
3398 4888 3638 4959 Ἰσραὴλ,
3663 4886 3759 4940 καὶ

494 5003 673 5045 rarum
699 5002 794 5042 ora
829 4983 985 5054 quasi
1019 4981 1283 5048 sanguine
1310 4979 1517 5050 polluta
1550 4980 1878 5034 habuerunt.
1931 4977 2064 5045 Quia

2173 4977 2262 5038 οἷά
2286 5000 2432 5048 τινες
2454 4982 2621 5054 θῆρες
2681 4983 2965 5053 μονονουχὶ
3020 4982 3116 5035 καὶ
3162 4981 3355 5052 αἵματι
3404 4980 3759 5051 πεφυρμένον

493 5096 625 5136 vero
672 5076 990 5138 idololatrat,
1050 5083 1106 5127 et
1163 5070 1640 5141 superstitionibus
1703 5070 1868 5146 dediti
1892 5080 2070 5137 erant,

493 5172 881 5243 propemodum
920 5181 1135 5235 semper
1156 5165 1209 5220 in
1268 5164 1470 5232 lingua,
1526 5163 1643 5218 sive
1715 5165 1768 5217 in
1821 5163 2073 5218 dentibus

496 5279 716 5318 suarum
750 5259 1218 5316 abominationum
1249 5254 1655 5325 implorationes
1684 5252 2076 5319 ferebant,ubi-

495 5371 601 5425 que
628 5368 840 5410 sursum
869 5362 927 5406 et
987 5350 1239 5405 deorsum
1282 5346 1425 5417 quod
1484 5346 1703 5412 dicitur,
1770 5346 2074 5402 manulacta

495 5450 625 5503 deos
662 5445 986 5510 vocitantes,
1016 5449 1073 5497 et
1096 5438 1371 5510 lapidibus
1402 5453 1565 5495 sensu
1600 5438 1919 5494 vacantibus
1987 5438 2072 5492 di-

495 5546 679 5594 centes
706 5552 720 5589 :
747 5554 768 5592 (
796 5534 939 5593 Deus
977 5548 1131 5590 meus
1155 5548 1217 5589 es
1252 5543 1329 5598 tu,
1360 5539 1417 5587 et
1450 5543 1503 5586 tu
1558 5530 1791 5600 genuisti
1840 5545 1925 5585 me
1948 5529 2015 5582 ⁷³.
2054 5548 2071 5581 ι

2178 5071 2326 5146 εἶχον
2349 5075 2412 5129 τὸ
2442 5073 2638 5145 στόμα.
2679 5074 2899 5144 Ἐπειδὴ
2925 5074 2982 5127 δὲ
3019 5070 3162 5145 ἦσαν
3196 5073 3611 5144 εἰδωλολάτραι,
3664 5071 3757 5123 καὶ

2179 5169 2299 5231 ταῖς
2330 5167 2441 5221 τῶν
2474 5166 2719 5237 ματαίων
2749 5167 3064 5238 Θεραπείαις
3097 5167 3504 5236 προσκείμενοι,
3530 5162 3617 5216 ἀεί
3640 5177 3759 5222 πως

2174 5260 2268 5313 ἐπὶ
2301 5259 2579 5329 γλώττης,
2620 5259 2788 5329 ἧγουν
2837 5259 2926 5311 ἐπ’
2977 5258 3203 5311 ὀδόντων
3244 5252 3388 5325 εἶχον
3439 5254 3547 5307 τῶν
3612 5252 3758 5305 ἰδίων

2178 5351 2561 5423 βδελυγμάτων
2592 5351 2691 5416 τὰς
2719 5351 2964 5422 κλήσεις,
2998 5349 3110 5404 ἄνω
3151 5366 3209 5403 τε
3263 5348 3357 5402 καὶ
3410 5348 3563 5401 κάτω
3601 5344 3759 5408 θεοὺς

2175 5441 2532 5513 ὀνομάζοντες
2553 5442 2622 5496 τὰ
2644 5440 3005 5513 χειρόκμητα,
3035 5440 3127 5493 καὶ
3157 5436 3326 5499 λίθοις
3360 5434 3589 5505 ἀψύχοις
3616 5430 3760 5485 κατά

2177 5531 2269 5584 τὸν
2294 5531 2582 5602 προφήτην
2609 5531 2857 5600 λέγοντες
2883 5546 2895 5559 ·
2957 5549 2975 5581 ‹
3016 5528 3147 5592 Θεός
3206 5545 3307 5597 μου
3352 5522 3406 5579 εἴ
3447 5526 3535 5590 σὺ,
3567 5524 3660 5578 καὶ
3690 5522 3758 5575 σὺ

494 5632 759 5687 Caeterum
786 5643 908 5683 cum
938 5627 1010 5682 ita
1041 5626 1351 5683 immaniter
1405 5622 1664 5678 adversus
1696 5622 1955 5683 _lsraelem
2018 5636 2064 5680 st

2178 5620 2475 5691 ὲγὲννησάς
2507 5619 2835 5699 με.›,¹Αλλ’
2890 5618 3199 5673 ἐκτετίκασι
3260 5617 3361 5689 μὲν
3418 5614 3522 5688 τὴν
3575 5614 3760 5675 αὐτοῖς

562 5806 609 5839 ³³
634 5804 778 5862 Psal.
812 5819 1000 5871 xxxix,
1039 5801 1127 5858 16.
1206 5800 1251 5834 ⁷³
1287 5800 1491 5858 Jerem.
1537 5815 1599 5865 tl,
1633 5797 1725 5853 27.
