4072 6370
442 306 538 363 ιιι
1218 304 1771 363 COMMENTARIUS
1810 308 1875 362 IN
1920 308 2320 363 ZACIIARIAM
2363 310 2807 367 PROPIIE'I‘AM.
3593 320 3698 377 162

436 418 823 494 προσήκουσαν
845 438 904 478 τε
934 424 1026 478 καὶ
1055 421 1387 495 ἀποχρῶσαν
1414 423 1590 495 δίκην,
1631 426 1999 497 πεπλημμελη

2125 428 2440 494 gessissent,
2472 446 2611 499 quas
2635 432 2953 497 debuerunt,
2986 442 3039 487 et
3088 443 3347 503 quantum
3400 438 3535 493 satis
3596 438 3699 494 fuit

438 514 598 577 κότες
618 513 829 585 ἀγρίως
852 516 932 578 είς
957 514 1047 568 τὸν
1076 512 1310 585 Ἰσραήλ.
1333 514 1481 586 Πλὴν
1511 517 1611 570 οὐκ
1637 518 1717 581 εἰς
1739 517 1886 571 ἆπαν
1909 517 1999 570 διο-

2120 529 2402 585 ptrnarum
2437 519 2612 573 eidem
2670 521 2956 576 dederunt.
3021 523 3401 580 Verumtamen
3471 540 3578 581 non
3628 529 3697 582 ad

432 604 657 670 λὼλασι,
688 604 1087 678 προαθροῦντος
1142 605 1280 659 Θεοῦ
1311 608 1411 676 τὴν
1444 607 1711 679 ἐσομένην
1741 608 1920 661 αὐτῶν
1950 611 1999 661 ὲ)

2117 624 2281 663 unum
2318 612 2620 679 perierunt,
2651 615 3011 669 cessationem
3040 614 3265 671 laniena:
3298 617 3366 672 ab
3393 631 3488 673 ore
3554 621 3697 688 ipso-

434 696 703 767 στόματος
731 696 929 763 αὐτῶν,
952 696 1027 767 (I)
1052 697 1353 764 τουτέστιν,
1373 698 1423 750 εἰ
1446 697 1542 751 καί
1563 692 1654 752 οἷὰ
1676 716 1822 762 τινες
1845 699 1999 770 θῆρες

2119 715 2235 754 rum
2264 701 2371 757 Deo
2393 704 2718 771 praevidente
2741 724 2755 758 :
2782 704 2884 761 hoc
2909 716 3013 773 est,
3039 707 3251 763 tametsi
3270 718 3328 762 ut
3346 708 3532 763 bellum
3558 708 3695 764 Isra-

434 789 720 859 μονονουχὶ
750 789 1171 860 κατερρόφησαν
1192 789 1283 843 τὸν
1336 789 1571 862 Ἰσραὴλ,
1606 791 1722 845 ἀλλ’
1750 790 1871 863 ἥξει
1890 810 2014 846 και·-

434 882 542 953 ρὺς,
576 882 701 936 καθ’
723 879 782 935 ὃν
837 880 1050 935 ἔσονται
1099 881 1349 954 καθαροὶ,
1388 887 1614 958 καὶτῆς
1663 886 1760 940 ἐπὶ
1797 886 2011 952 τούτοις

426 975 610 1038 αἰτίας
637 974 1066 1044 ἀπηλλαγμένοι.
1098 975 1564 1047 Δικαιωθήσονται
1594 976 1703 1049 γὰρ
1738 981 1797 1032 ὲν
1827 980 2009 1033 πίστει

427 1066 524 1120 καὶ
555 1066 732 1127 αὐτοὶ,
765 1066 859 1119 καὶ
882 1064 973 1118 τὸν
998 1066 1064 1119 ἐκ
1098 1067 1199 1136 τῆς
1225 1068 1462 1137 ἀρχαίας
1508 1069 1847 1141 φαυλότητος
1868 1072 2007 1125 ἀποι

427 1153 711 1209 λούσονται
761 1153 1059 1225 μολυσμόν.
1128 1155 1340 1227 Ἐξαρῶ
1385 1158 1444 1211 δὲ
1501 1159 1595 1212 καὶ
1648 1158 1719 1212 τὰ
1772 1159 2009 1231 ὀνόματα

431 1264 456 1297 σ
489 1246 598 1299 τῶν
634 1245 1016 1317 βδελυγμάτων
1072 1245 1255 1299 αὐτῶν
1299 1248 1365 1301 ὲκ
1418 1248 1584 1318 μέσου
1639 1250 1868 1303 ὀδόντων
1908 1251 2008 1304 αὺ-

424 1336 556 1392 τῶν·
595 1355 617 1389 ι
646 1338 1109 1409 διαμεμνήσονται
1130 1338 1238 1410 γὰρ
1281 1340 1466 1393 οὐκέτι
1497 1340 1606 1396 τῶν
1636 1342 2007 1414 ψευδωνύμων

425 1429 587 1497 θεῶν,
608 1430 733 1485 οὔτε
776 1430 881 1503 μὴν
904 1430 1261 1501 ὀνομάσουσιν
1303 1433 1519 1498 αὐτούς.
1575 1454 1593 1486 ι
1647 1434 2007 1506 ’Υπολειφθή-

425 1538 609 1576 σονται
636 1522 694 1577 δὲ
725 1522 993 1577 καὶαύτοί
1016 1521 1095 1592 τῷ
1122 1522 1241 1594 Θεῷ
1272 1525 1450 1595 ἡμῶν,
1484 1544 1503 1577 ι
1530 1525 1784 1598 καθάπερ
1814 1527 2007 1597 ἀμέλει

423 1616 519 1671 καὶ
547 1617 709 1682 αὐτὸς
740 1616 1048 1688 ό-Ἰσραήλ·
1106 1618 1375 1671 σέσωσται
1418 1619 1517 1690 μὲν
1567 1618 1678 1690 γὰρ
1709 1619 1803 1673 καὶ
1841 1620 2005 1673 αὐτοῦ

422 1709 485 1761 τὸ
511 1709 883 1781 κατάλειμμα,
908 1710 1086 1765 καίτοι
1121 1710 1577 1781 δεδυσσεϐηκότος
1614 1713 1694 1776 είς
1726 1712 1888 1767 αὐτὸν
1913 1712 2004 1766 τὸν

433 1798 807 1872 Ἐμμανουήλ.
855 1802 1075 1872 Ἐπειδὴ
1127 1802 1185 1856 δὲ
1239 1801 1551 1874 κεκλημένη
1602 1803 1711 1858 τῶν
1763 1804 1935 1859 ὲθνῶν
1967 1808 2001 1877 ἡ

422 1892 635 1963 πληθὺς
655 1896 770 1956 τοῖς
802 1893 862 1958 ἐξ
884 1893 1115 1965 αἵματος
1153 1892 1369 1965 Ἰσραὴλ
1394 1894 1717 1948 πιστεύσασι
1752 1896 2000 1968 συνήφθη

421 1984 830 2056 πνευματικῶς,
863 1985 1101 2056 Χριστοῦ
1125 1984 1440 2049 συνδοῦντος
1478 1988 1558 2049 εἰς
1592 1986 1808 2052 ἕνωσιν,
1850 2008 1869 2039 ι
1895 1989 2005 2042 Αὑ-

419 2077 516 2141 16;
538 2076 652 2147 γάρ
696 2077 845 2132 ἐστιν
874 2079 909 2148 ή
948 2078 1138 2149 εἰρήνη
1170 2075 1328 2147 ήμῶν
1347 2116 1363 2141 ,
1393 2080 1424 2130 6
1454 2078 1689 2148 ποιήσας
1721 2077 1790 2131 τὰ
1825 2078 2003 2149 ἅμ.φὸ-

418 2186 556 2241 τερα
604 2169 687 2235 ἓν,
727 2170 822 2224 καὶ
870 2169 933 2224 τὸ
985 2170 1297 2241 μεσότοιχον
1343 2169 1438 2223 τοῦ
1499 2170 1754 2242 φραγμοῦ
1808 2171 1999 2237 λύσας,

420 2261 614 2325 κτίσας
643 2279 705 2314 τε
725 2262 853 2325 τοὺς
887 2261 982 2315 δύο
1013 2260 1176 2324 λαοὺς
1221 2262 1301 2325 εἰς
1326 2261 1424 2314 ἕνα
1463 2262 1649 2317 καινὸν
1678 2261 1964 2333 ἄνθρωπον
1984 2306 1997 2329 ,

422 2352 597 2407 ποιῶν
629 2354 871 2425 εἰρήνην,
898 2354 995 2407 καὶ
1039 2354 1543 2408 ἀποκαταλλάσσων
1595 2356 1724 2419 τοὺς
1762 2357 2001 2426 ἀμφοτέ-

422 2464 551 2519 ρους
587 2449 647 2501 ὲν
668 2447 749 2499 ἑνὶ
782 2445 1063 2516 Πνεύματι
1092 2446 1230 2518 πρὸς
1249 2446 1341 2500 τὸν
1384 2447 1627 2519 Πατέρα,
1663 2466 1682 2499 ι
1719 2447 1890 2520 ταύτῃ
1916 2465 1999 2502 τοι

420 2538 587 2610 φησὶν
608 2540 693 2592 ὅτι
716 2538 929 2591 ἔσονται
958 2538 1034 2601 ὼς
1076 2536 1355 2609 χιλίαρχος
1378 2538 1438 2591 ἐν
1479 2536 1665 2604 Ἰούδα,
1724 2540 1999 2593 τουτέστιν

418 2628 501 2690 είς
530 2625 692 2679 τοῦτο
712 2626 1078 2698 προϐήσονται
1109 2626 1481 2697 γνησιότητος,
1507 2626 1605 2697 τῆς
1627 2628 1706 2691 ὡς
1731 2630 1789 2681 ὲν
1819 2629 1999 2682 πίστει

417 2734 478 2772 τε
508 2718 605 2771 καὶ
620 2716 913 2788 ἐπιεικείᾳ,
938 2718 1102 2788 φημὶ,
1125 2716 1266 2770 ὥστε
1300 2719 1395 2771 καὶ
1419 2718 1477 2784 ἐξ
1510 2720 1686 2772 αὐτῶν
1722 2721 2000 2791 ἀρχηγοὺς

418 2808 670 2879 γενέσθαι
693 2808 789 2865 τοῦ
825 2809 1221 2863 Ἰούδα.Ἔσται
1246 2810 1303 2864 δὲ
1326 2812 1419 2865 καί
1442 2814 1471 2865 6
1512 2813 1817 2883 Ἀκκαρὼν,
1839 2832 1998 2869 τουτ-

419 2900 586 2965 έστιν,
618 2901 649 2953 6
683 2900 1000 2968 ἀλλογενὴς,
1030 2901 1061 2954 6
1104 2902 1168 2954 ὲκ
1211 2901 1311 2969 γῆς
1349 2900 1691 2972 Φυλιστιεὶμ,
1725 2900 1802 2962 ὡς
1829 2904 1858 2954 6
1898 2904 1999 2955 Ἰε-

417 2991 690 3056 ϐουσαῖος,
716 2991 991 3046 τουτέστιν
1032 2991 1108 3052 ὡς
1154 2992 1316 3056 αὐτὸς
1338 2994 1367 3044 ὁ
1408 2992 1661 3056 κάτοικος
1693 2993 1802 3046 τῶν
1837 2995 1999 3065 Ἰερο-

2112 793 2250 847 elem
2282 795 2665 864 propemodum
2694 796 3115 866 deglutiverunt,
3142 800 3321 855 veniet
3353 808 3529 853 tamen
3555 808 3693 854 tem-

2113 900 2233 952 pus,
2256 901 2369 954 quo
2402 889 2520 957 puri
2548 897 2601 940 et
2629 888 2680 940 in
2705 888 2790 942 his
2822 888 2892 943 ab
2914 890 3059 943 omni
3103 891 3258 961 culpa
3324 891 3478 946 liberi
3507 902 3688 945 erunt.

2109 975 2565 1033 Justilicabuntur
2596 980 2737 1035 enim
2765 981 2818 1033 iu
2862 980 2966 1034 ﬁde
2991 981 3094 1049 ipsi
3134 997 3369 1051 quoque,
3402 992 3457 1037 et
3489 982 3693 1053 iniqui-

2113 1077 2284 1123 tatum
2338 1070 2639 1137 priscarum
2669 1082 2843 1126 sortes
2870 1072 3071 1127 cluent.
3131 1074 3352 1128 Auleret
3402 1083 3579 1128 autem
3634 1082 3690 1128 et

2112 1162 2330 1217 nomine
2364 1180 2384 1214 ι
2464 1162 2925 1220 abominationum
2970 1166 3231 1233 ipsorum,
3290 1175 3346 1221 et
3382 1167 3451 1222 de
3512 1168 3688 1222 medio

2110 1253 2348 1307 dentium
2408 1252 2643 1322 ipsorum
2678 1273 2691 1308 :
2731 1272 2749 1305 ι
2794 1269 2894 1309 nec
2938 1256 3083 1310 enim
3131 1256 3360 1325 amplius
3428 1257 3686 1313 falsorum

2110 1347 2330 1398 deorum
2359 1344 2687 1399 mentionem
2719 1345 2970 1411 inferent,
3006 1362 3103 1401 nec
3164 1348 3520 1405 nominabuut
3568 1366 3682 1405 eos.

2115 1453 2135 1486 ι
2183 1436 2576 1505 Relinquentur
2608 1452 2771 1507 porro
2814 1448 2871 1493 et
2920 1438 3010 1492 isti
3050 1441 3161 1494 Deo
3214 1449 3420 1508 nostro,
3466 1459 3485 1493 ι
3547 1444 3687 1498 sicut

2109 1527 2365 1581 nimirum
2403 1536 2456 1583 et
2484 1529 2597 1598 ipse
2625 1528 2786 1583 Israel
2819 1546 2833 1581 :
2870 1544 2993 1583 nam
3027 1540 3081 1585 et
3110 1530 3225 1598 ejus
3281 1531 3523 1599 reliquiae
3578 1531 3687 1587 sal-

2108 1628 2247 1674 vatat
2286 1630 2433 1685 sunt,
2480 1622 2826 1689 quantumvis
2871 1638 2998 1692 erga
3055 1624 3227 1693 ipsum
3276 1623 3684 1679 Emmanuelem

2108 1709 2359 1765 scelerati
2412 1712 2733 1766 exstiterint.
2754 1712 2867 1779 Qua
2905 1726 3032 1767 vero
3087 1725 3277 1768 vocata
3339 1729 3405 1769 ex
3437 1714 3685 1783 gentibus

2106 1801 2392 1856 multitudo
2420 1802 2487 1857 de
2517 1804 2780 1874 sanguine
2816 1803 2983 1859 Israel
3033 1806 3330 1874 prognatis,
3376 1815 3429 1860 et
3461 1807 3680 1862 creden-

2105 1892 2250 1948 tibus
2270 1894 2622 1964 spiritualiter
2661 1896 2911 1964 copulata
2946 1906 3049 1961 est.
3081 1896 3300 1953 Christo
3325 1913 3419 1953 eos
3466 1899 3521 1952 in
3559 1899 3680 1953 uni-

2104 1992 2270 2038 tatem
2297 1985 2608 2054 copulante,
2641 2004 2661 2038 ι
2705 1984 2823 2056 Ipse
2871 1989 3017 2041 enim
3064 1996 3148 2043 est
3197 2004 3298 2059 pax
3353 2000 3555 2056 nostra,
3587 1992 3678 2060 qui

2102 2072 2232 2129 fecit
2262 2086 2490 2143 utraque
2543 2092 2730 2141 unum,
2768 2088 2821 2131 et
2850 2080 2940 2140 qui
2992 2080 3227 2133 medium
3258 2079 3516 2149 parietem
3571 2082 3680 2136 dis-

2102 2167 2285 2235 solvit,
2320 2167 2542 2239 etpduos
2584 2169 2808 2239 pOpulos
2846 2170 2900 2223 in
2936 2185 3102 2224 unum
3164 2186 3361 2225 novum
3405 2171 3678 2227 hominem

2101 2259 2375 2326 condidit,
2431 2260 2635 2314 faciens
2696 2275 2924 2330 pacem,
2988 2270 3043 2315 et
3089 2262 3445 2317 reconcilians
3490 2263 3680 2318 ambos

2103 2348 2265 2422 734
2288 2350 2341 2404 in
2374 2366 2479 2404 uno
2508 2349 2710 2421 Spiritu
2742 2352 2808 2405 ad
2833 2349 3056 2407 Patrem
3089 2352 3189 2418 7‘,»
3225 2353 3427 2409 idcirco
3482 2355 3676 2425 inquit,

2100 2439 2312 2498 futuros
2341 2451 2398 2496 ut
2427 2443 2704 2497 tribunum
2734 2442 2787 2497 in
2836 2441 2998 2509 Juda,
3060 2445 3165 2499 hoc
3204 2453 3287 2500 est
3347 2444 3415 2499 ad
3474 2454 3678 2499 tantam

2100 2531 2613 2604 tldeibonitatisque
2664 2533 3035 2590 sinceritatem
3092 2551 3469 2606 processuros,
3503 2546 3563 2591 ut
3609 2550 3676 2591 ex

2102 2622 2233 2691 ipsis
2258 2624 2421 2679 etiam
2476 2625 2748 2695 principes
2803 2623 2942 2680 Juda
2989 2625 3248 2681 evadant.
3289 2625 3406 2680 Erit
3441 2626 3569 2681 item
3624 2637 3681 2682 et

2098 2717 2367 2784 Accaron,
2400 2718 2504 2772 hoc
2528 2728 2611 2773 est
2655 2718 2977 2789 alienigena,
3000 2728 3055 2772 et
3082 2718 3389 2773 Philistaaus
3426 2729 3485 2772 ut
3515 2719 3679 2775 Jebu-

2099 2821 2265 2872 smus,
2293 2808 2395 2861 hoc
2440 2817 2524 2862 est
2554 2816 2613 2861 ut
2644 2809 2758 2879 ipse
2804 2808 2981 2864 incola
3033 2808 3532 2881 Hierosolymorum
3591 2827 3680 2880 po-

2100 2897 2279 2967 pulus.
2311 2896 2452 2954 Olim
2485 2899 2751 2969 siquidem
2788 2898 3094 2955 Jerusalem
3141 2899 3309 2956 Jcbus
3357 2902 3675 2971 dicebatur;

2089 3003 2269 3056 quare
2296 2986 2531 3043 Jebusaai
2576 2990 2795 3044 nomine
2819 2991 2920 3044 hoc
2950 2988 3070 3044 loco
3120 2988 3538 3061 Ilierosolymita
3596 2994 3678 3046 in-

419 3083 668 3152 σολύμων
691 3082 839 3146 λαός.
898 3082 1176 3137 Ἐκαλεῖτο
1210 3085 1319 3153 γὰρ
1344 3086 1377 3154 ή
1409 3083 1766 3155 Ἰερουσαλὴμ
1796 3083 1998 3148 Ἰεϐοῦς

2105 3078 2382 3149 telligitur.
2423 3079 2572 3134 Multi
2608 3091 2787 3136 autem
2838 3083 3060 3147 tribuni,
3105 3082 3209 3137 hoc
3264 3092 3349 3137 est
3401 3084 3567 3139 duces
3624 3097 3679 3140 et

416 3174 477 3228 ιν
540 3176 772 3247 ἀρχαῖςο
838 3172 1033 3228 οὐκοῦν
1089 3175 1411 3239 Ἰεϐουσαῖος
1471 3176 1500 3227 ό
1561 3174 1994 3247 Ἱεροσολυμίτης

419 3266 609 3321 ἐνθάδε
692 3268 917 3321 νοεῖται.
984 3266 1176 3319 Πολλοὶ
1233 3267 1291 3320 δὲ
1347 3267 1655 3338 χιλίαρχοι,
1718 3269 1995 3322 τουτέστιν

415 3359 703 3430 ἡγεμόνες,
743 3359 836 3414 καὶ
878 3359 1279 3429 προεστηκότες
1312 3359 1454 3412 λαῶν
1484 3359 1579 3412 καὶ
1623 3359 1681 3423 ἐξ
1708 3358 1877 3413 ὲθνῶν
1907 3376 1998 3428 γε·

416 3451 626 3521 γόνασι,
652 3451 749 3504 καὶ
795 3450 1032 3505 σύνεισιν
1059 3451 1165 3504 ἀνὰ
1198 3452 1378 3504 πᾶσαν
1417 3450 1514 3523 τὴν
1534 3451 1879 3521 οἰκουμένην.
1919 3451 1995 3505 Τὸ

415 3544 473 3599 δὲ
500 3546 558 3597 ὲν
602 3543 771 3596 Ἰούδα
792 3544 1006 3615 νοήσεις
1040 3542 1135 3595 ἐπὶ
1159 3543 1287 3605 τοὺς
1313 3544 1481 3596 αἱνείν
1513 3545 1794 3610 εἰωθότας,
1836 3532 1989 3599 τουτο

418 3636 566 3689 ἐστιν
607 3637 757 3707 ἡμᾶς
793 3636 920 3699 τοὺς
947 3636 1007 3686 ὲν
1034 3635 1215 3688 πίστει
1259 3636 1650 3707 κεκλημένους,
1694 3638 1745 3691 οἳ
1793 3655 1993 3707 στεφαι

414 3726 541 3781 χοῦν
588 3726 871 3799 εἰθίσμεθα
928 3731 1048 3791 ταῖς
1094 3729 1493 3800 ἀκαταλήκτοις
1548 3728 1879 3798 δοξολογίαις
1905 3730 1996 3784 τὸν

414 3818 725 3890 κεκληκότα
749 3818 1004 3889 Χριστόν.

486 3912 595 3966 Καὶ
624 3912 1048 3982 ὑποστήσομαι
1071 3912 1152 3978 τῷ
1184 3915 1329 3981 οἴκῳ
1358 3931 1480 3983 μου
1514 3913 1855 3983 ἀνάστημα,
1886 3917 1995 3971 τοῦ

411 4006 497 4074 μὴ
525 4002 1004 4071 διαπορεύεσθαι,
1028 4005 1183 4075 μηδὲ
1206 4005 1618 4073 ἀνακάμπτειν
1636 4045 1651 4071 ,
1685 4007 1785 4059 καί
1811 4009 1883 4061 οὐ
1906 4008 1993 4077 μὴ

414 4094 636 4163 ἐπέλθῃ
657 4095 749 4148 ἐπ’
769 4096 993 4163 αὐτοὺς
1044 4097 1243 4151 οὐκέτι
1289 4096 1653 4162 ἐξελαύνων,
1681 4096 1831 4152 διότι
1879 4100 1996 4154 νῦν

414 4185 709 4252 ἑωράκασι
727 4184 797 4239 ὲν
817 4184 943 4252 τοῖς
969 4186 1296 4256 ὀφθαλμοῖς
1310 4204 1451 4256 μου.

486 4277 626 4344 NCT.
679 4276 813 4331 Ἰδοὺ
867 4275 934 4347 δὴ
982 4277 1170 4346 σαφῶς
1219 4279 1510 4351 ἀνάστημά
1554 4298 1613 4334 τε
1670 4282 1768 4335 καὶ
1816 4284 1994 4351 τεῖχος

412 4368 669 4438 ὀνομάζει
696 4368 953 4440 Χριστὸν,
987 4368 1054 4422 δι’
1081 4364 1143 4425 06
1189 4371 1287 4424 καὶ
1329 4372 1834 4445 ἐμπεπυργώμεθα,
1872 4376 1994 4429 κατ’

2101 3173 2472 3226 moderatores
2512 3172 3026 3242 populorumetiam
3052 3188 3118 3230 ex
3164 3175 3410 3244 gentibus
3437 3175 3673 3242 fuerunt,

2095 3270 2153 3314 et
2194 3269 2326 3315 sunt
2354 3260 2514 3315 simul
2555 3276 2654 3330 per
2708 3264 3018 3318 universum
3056 3263 3265 3319 orbem.
3315 3265 3415 3320 Ast
3457 3268 3677 3323 nomine

2094 3346 2230 3404 Juda
2264 3364 2359 3405 eos
2388 3351 2481 3420 qui
2513 3351 2733 3405 laudare
2766 3363 3162 3409 consueverunt
3188 3355 3441 3423 accipies,
3482 3372 3677 3428 nempe

2099 3456 2199 3497 nos
2268 3442 2321 3495 in
2403 3443 2512 3499 [ide
2572 3453 2838 3509 vocatos,
2903 3446 2994 3515 qui
3070 3448 3399 3515 perennibus
3461 3451 3677 3523 hymnis

2097 3536 2369 3590 Christum
2428 3552 2459 3590 a
2515 3550 2624 3607 quo
2671 3538 2851 3592 vocati
2910 3553 3134 3606 sumus,
3198 3538 3472 3595 celebrare
3528 3544 3670 3599 sole-

2099 3644 2241 3684 ntus.

2167 3900 2435 3966 Yans._8.
2469 3898 2540 3953 Et
2571 3900 2885 3955 substituant
2924 3904 3104 3957 domui
3168 3922 3296 3961 mete
3338 3910 3673 3973 erectionem,

2100 4010 2164 4049 ne
2195 4002 2543 4063 pertranseat,
2591 4010 2684 4048 nec
2735 4006 3025 4048 revertatur
3050 4036 3064 4061 ,
3105 4007 3284 4051 etnon
3347 4002 3674 4069 superveniat

2096 4102 2254 4155 super
2302 4102 2388 4140 eos
2437 4084 2576 4140 ultra
2606 4086 2845 4157 abigens,
2909 4089 3035 4156 quia
3090 4089 3329 4143 viderunt
3388 4093 3445 4145 in
3510 4096 3674 4147 oculis

2166 4272 2303 4328 LVI.
2334 4273 2414 4328 En
2437 4272 2714 4329 Christum
2754 4274 3039 4344 perspicue
3095 4276 3427 4332 erectionem
3474 4290 3530 4333 et
3555 4294 3676 4333 mu-

2097 4384 2219 4424 rum
2254 4369 2515 4435 nominat,
2548 4384 2645 4438 per
2705 4382 2867 4439 quem
2903 4377 2959 4423 et
2984 4368 3038 4423 in
3104 4367 3270 4422 altum
3309 4371 3673 4439 exsurgimus,

413 4462 663 4516 εὐδοκίαν
688 4461 744 4514 δὲ
786 4461 1049 4531 δηλονότι,
1072 4462 1167 4515 καὶ
1204 4462 1422 4534 θέλησιν
1447 4463 1542 4518 τοῦ
1575 4465 1711 4519 Θεοῦ
1741 4467 1836 4520 xui.
1880 4467 1995 4520 Πα-

2101 4462 2248 4532 iuxta
2281 4460 2675 4530 beneplacitum
2697 4471 2753 4516 et
2783 4461 3112 4516 voluntatem
3142 4460 3235 4515 Dei
3267 4470 3323 4515 et
3340 4459 3543 4519 Patris.
3569 4464 3677 4520 Do—

412 4551 561 4623 τρός.
582 4549 744 4616 Οἶκος
770 4552 879 4622 γὰρ
896 4553 1105 4623 νοητὸς,
1139 4553 1233 4607 καί
1261 4554 1515 4627 οἰκοδομὴ
1540 4554 1694 4621 Θεοῦ,
1718 4557 1861 4611 κατὰ
1897 4558 1998 4629 τὴν

412 4643 509 4698 τοῦ
549 4643 766 4698 Παύλου
821 4644 1037 4715 φωνὴν,
1089 4645 1250 4715 ἡμεῖς
1289 4662 1391 4698 που
1442 4646 1661 4712 πάντως
1708 4650 1907 4720 ἐσμὲν,
1947 4652 1995 4703 οί

413 4735 863 4800 πεπιστευκότες,
891 4736 1048 4808 είπερ
1074 4736 1221 4791 ἐστὶν
1256 4736 1477 4809 ἀληθὲς,
1523 4739 1599 4802 ὡς
1631 4743 1689 4794 ὲν
1717 4744 1837 4806 ταῖς
1860 4760 1998 4813 καρ-

412 4828 555 4893 δίαις
597 4827 755 4900 ἡμῶν
809 4827 900 4882 διὰ
945 4828 1042 4882 τοῦ
1073 4828 1383 4899 πνεύματος
1424 4836 1702 4900 κατοικεῖ,
1742 4838 1837 4890 καὶ
1885 4840 1997 4902 τοίς

414 4920 700 4987 ἀγαπῶσιν
756 4920 920 4973 αὐτὸν
976 4920 1332 4985 ἐναυλίζεται.
1370 4924 1515 4995 Ἔφη
1558 4926 1666 4997 γὰρ
1715 4927 1877 4992 αὐτὸς
1905 4928 1993 4983 διὰ

416 5014 697 5083 προφήτου
728 5012 931 5084 (pinv-71¢
966 5031 986 5064 ι
1015 5014 1138 5067 Ὅτι
1164 5018 1475 5087 κατοικήσω
1524 5019 1583 5070 ὲν
1608 5020 1789 5084 αὐτοῖς
1812 5062 1828 5086 ,
1897 5022 1991 5075 καὶ

416 5106 871 5177 ὲμπεριπατήσω,
902 5106 998 5159 καὶ
1042 5104 1235 5175 ἔσομαι
1269 5108 1449 5163 αὐτῶν
1499 5110 1652 5177 Θεὸς,
1700 5113 1796 5167 καὶ
1838 5114 1991 5167 αὐτοὶ

415 5196 628 5251 ἔσονταί
660 5212 751 5267 μοι
781 5196 960 5260 λαός.»
994 5197 1309 5269 Ἀνάστημα
1338 5198 1402 5271 δὴ
1424 5195 1519 5254 οῦν
1542 5200 1604 5255 τὸ
1624 5204 1991 5276 ἐγηγερμένον

414 5287 503 5342 διὰ
531 5286 724 5359 βουλῆς
753 5287 849 5341 τοῦ
905 5288 1118 5360 Πατρὸς
1145 5291 1211 5359 τῇ
1257 5290 1557 5365 Ἐκκλησία
1599 5295 1838 5365 Χριστὸς
1857 5338 1872 5361 ,
1905 5297 1991 5349 ἵνα

419 5379 638 5452 μηκέτι,
654 5378 797 5434 καθὰ
816 5379 910 5433 καὶ
923 5379 1107 5448 πάλιν,
1123 5380 1437 5436 διοδεύσωσί
1455 5400 1619 5451 τινες,
1633 5388 1728 5440 καὶ
1749 5389 1993 5458 ἀνακάμ-

2098 4567 2218 4607 mus
2244 4554 2389 4607 enim
2424 4550 2527 4607 sub
2577 4551 2988 4621 intelligentiam
3019 4550 3241 4615 cadens,
3272 4560 3328 4605 et
3387 4551 3677 4608 aediﬁcatio

2100 4641 2216 4704 Dei.
2241 4642 2539 4697 secundum
2592 4639 2743 4695 Pauli
2803 4655 2989 4695 vocem
3020 4639 3088 4704 ’⁵,
3143 4654 3243 4695 nos
3276 4655 3465 4696 sumus
3519 4642 3678 4711 plane

2094 4735 2185 4804 qui
2210 4734 2540 4790 credidimus
2571 4749 2585 4785 :
2618 4733 2883 4803 siquidem
2915 4748 3101 4789 verum
3127 4744 3228 4797 est,
3253 4748 3378 4789 eum
3437 4736 3489 4788 in
3548 4750 3677 4791 cor-

2096 4828 2256 4882 dibus
2298 4825 2501 4881 nostris
2537 4839 2636 4895 per
2666 4825 2913 4894 spiritum
2983 4824 3228 4880 habitare
3258 4825 3329 4891 7°,
3360 4834 3415 4881 et
3474 4826 3527 4880 in
3587 4825 3675 4881 his

2100 4920 2193 4991 qui
2226 4919 2456 4990 diligunt
2489 4919 2660 4988 ipsum
2682 4916 3010 4973 commorari
3041 4916 3106 4969 '".
3143 4917 3235 4971 Ait
3258 4916 3404 4971 enim
3437 4917 3549 4987 ipse
3579 4932 3678 4988 per

2101 5015 2418 5086 prophetam
2451 5031 2465 5069 :
2496 5030 2517 5064 ι
2546 5010 2812 5077 Quoniam
2851 5008 3164 5066 inhabitabo
3202 5010 3259 5065 in
3298 5009 3425 5074 illis,
3486 5019 3557 5085 et.
3595 5010 3677 5064 in-

2080 5096 2385 5162 ambulabo
2412 5105 2555 5160 inter
2588 5104 2729 5168 illos,
2769 5115 2823 5159 et
2848 5120 2945 5160 ero
2991 5105 3204 5161 illorum
3267 5104 3428 5171 Deus,
3481 5113 3534 5161 et
3575 5106 3677 5185 ipsi

2093 5208 2252 5255 erunt
2308 5197 2442 5254 mihi
2486 5197 2782 5269 papulus"
2824 5216 2844 5250 ι
2901 5196 3119 5252 Erectio
3182 5197 3347 5265 igitur
3404 5197 3679 5252 voluntate

2095 5290 2271 5346 Patris
2302 5289 2556 5345 Ecclesiae
2580 5292 2811 5345 excitata
2834 5287 3086 5344 Christus
3110 5297 3213 5353 est,
3252 5303 3318 5343 ne
3352 5288 3515 5356 ultra,
3539 5290 3677 5344 sicut
3768 5297 3774 5302 ‘

2094 5384 2390 5451 quondam,
2422 5388 2799 5450 pertranseant
2828 5382 3069 5449 quidam,
3091 5388 3147 5434 et
3181 5390 3538 5443 revertantur,
3590 5381 3677 5433 iu-

521 5579 569 5613 "
601 5578 801 5650 Ephes.
830 5596 890 5647 ιι,
922 5580 1108 5636 ιι-ιδ.
1184 5582 1233 5613 ⁷⁵
1267 5581 1286 5636 I
1327 5582 1451 5638 Cor.
1496 5600 1577 5647 ιιι,
1609 5585 1663 5639 9.
1742 5586 1788 5616 ⁷⁸
1814 5584 1993 5656 Eplies

2101 5602 2136 5651 ι,
2188 5584 2275 5639 17.
2350 5585 2393 5615 ⁷⁷
2428 5582 2586 5637 .loan.
2626 5599 2737 5647 inv,
2766 5555 2893 5637 ειδᾙ
2972 5582 3018 5613 τ’
3060 5581 3231 5638 Levit.
3278 5598 3428 5648 xxvi,
3466 5582 3549 5645 ll,
3589 5577 3658 5638 12

486 5757 565 5830 (ι)
597 5759 941 5819 Desideratur
977 5761 1297 5820 vocabulum
1332 5766 1620 5821 accusandi
1654 5780 1804 5830 casn,
1840 5765 1982 5833 quod
2017 5763 2383 5831 expressimus
2418 5761 2633 5819 Latine.
2670 5761 2953 5819 Iutarum.
