4072 6370
425 366 545 427 ³145

1425 356 1486 412 S.
1526 352 1802 410 CYRILL'I
1837 351 2303 409 ALEXANDle
2340 352 2660 411 ARCHIEP.

3581 350 3678 408 144

442 498 523 542 ter
549 499 646 540 nos
670 494 881 540 sursum
911 485 965 532 et
997 476 1241 533 deorsum
1272 473 1686 539 circumeuntes,
1745 481 1799 528 et
1862 470 2006 526 velut

2116 487 2337 536 πτῶσιν,
2368 472 2427 524 ἐν
2453 472 2585 542 ἡμῖν
2627 469 2741 524 ἀνω
2773 485 2833 524 τε
2884 466 2979 524 καὶ
3025 467 3177 526 κάτω
3232 468 3557 542 περιιόντες,
3591 475 3683 528 καὶ

416 574 715 629 "desertam
744 571 886 626 viam
914 567 1209 630 calcantes,
1241 575 1298 621 et
1324 564 1487 620 corda
1522 573 1704 618 nostra
1757 562 2009 618 omnibus

444 663 622 720 noxiis
650 660 954 732 implentes.
977 658 1066 713 Ait
1094 657 1237 713 enim
1268 655 1466 712 alicubi
1501 656 1566 711 de
1590 654 1870 720 lsraclitis,
1892 667 2011 722 qua

415 764 734 811 'eratvetus
766 751 923 808 vinea
947 748 1245 822 possessori
1279 762 1378 804 suo
1413 766 1428 803 :
1467 765 1489 801 ι
1526 746 1780 803 Auferam
1832 760 2009 800 mace-

443 847 580 902 riam
601 845 740 917 eius,
768 853 822 901 et
850 844 957 900 erit
981 843 1034 899 in
1060 841 1448 912 direptionem;
1485 848 1540 895 et
1572 840 1845 893 destruant
1895 853 2011 891 mu-

445 952 562 991 rum
592 936 728 1006 ejus,
755 945 810 992 et
836 934 941 991 erit
986 933 1040 989 in
1104 926 1569 988 conculcationem
1592 930 1692 986 τ’.»
1728 930 1798 984 At
1858 928 2013 984 nobis

438 1025 553 1094 qui
575 1038 698 1079 eum
735 1023 788 1079 in
821 1036 986 1078 carne
1018 1019 1337 1091 apparuisse
1360 1020 1733 1090 cognovimus,
1801 1033 2009 1081 murus,

442 1122 677 1185 etsepes
715 1114 827 1184 ipse
850 1110 1166 1167 Emmanuel
1200 1110 1466 1166 excitatas
1486 1119 1590 1174 est,
1623 1110 1820 1162 virtute
1875 1107 2012 1162 inef-

445 1206 593 1263 fabili
627 1204 971 1261 cireumdans
991 1217 1115 1267 nos,
1142 1212 1200 1257 et
1226 1204 1295 1258 ab
1321 1203 1519 1257 animis
1556 1203 1758 1256 nostris
1790 1201 2013 1271 abigens

445 1297 751 1353 immundos
808 1296 1118 1358 daemonas,
1182 1308 1279 1348 nec
1338 1293 1565 1364 pedibus
1645 1292 1855 1346 illorum
1914 1305 2013 1345 nos

445 1387 716 1447 substerni
744 1387 1032 1442 sustinens.
1057 1385 1237 1451 Quare
1288 1393 1341 1439 et
1400 1385 1659 1453 propheta
1713 1384 1780 1437 ad
1817 1381 2008 1437 illum:

453 1496 475 1530 ι
505 1476 573 1534 Et
603 1477 886 1533 vocaberis
914 1474 1213 1531 mdiﬁcalor
1258 1476 1641 1539 maceriarum,
1670 1486 1746 1529 ἐι
1792 1474 2015 1529 semitas

446 1585 564 1640 quas
594 1570 648 1624 in
676 1568 852 1623 medio
878 1577 1003 1621 sunt
1048 1567 1325 1635 quiescere
1392 1564 1555 1619 facies
1578 1565 1674 1618 ⁸⁸.»
1743 1564 2014 1632 Quemad-

448 1661 665 1717 modum
688 1659 833 1714 euim
872 1658 963 1727 qui
1010 1657 1196 1710 vineas
1252 1656 1485 1710 incultas
1534 1656 1750 1726 sepibus
1805 1654 2015 1709 munire

424 1749 644 1813 solent,
696 1750 811 1803 vias
847 1762 945 1817 per
988 1746 1223 1802 medium
1281 1744 1495 1813 tollunt,
1525 1746 1686 1817 735
1729 1760 1829 1801 nec
1856 1758 2016 1799 ’com-

447 1840 741 1898 meantium
778 1837 1003 1910 pedibus
1036 1836 1154 1892 illas
1196 1837 1297 1891 teri
1324 1836 1642 1907 patiuntur:
1695 1836 1770 1890 ita
1816 1845 1874 1891 et
1904 1831 2088 1890 Do-B

420 1934 625 1989 minus
663 1939 847 1985 noster
897 1925 1057 1985 Jesus
1115 1927 1360 1982 Christus
1409 1927 1645 1997 seipsum
1697 1927 1854 1983 nobis
1907 1943 2014 1983 can

447 2038 659 2080 murum
691 2022 1071 2079 solidissimum
1107 2019 1467 2082 circumdans,
1487 2029 1540 2074 et
1566 2019 1821 2091 angelicis
1847 2019 2016 2090 copiis

438 2132 545 2172 nos
567 2113 999 2177 circumvallans,
1029 2112 1209 2175 efﬁcit,
1241 2121 1299 2166 ut
1338 2112 1536 2166 calcari
1570 2111 1681 2180 jam
1735 2127 1840 2164 non
1893 2125 2016 2180 pos-

446 2209 641 2264 simus.
672 2207 819 2262 Dixit
842 2206 1084 2276 insuper,
1119 2219 1227 2258 non
1267 2214 1720 2273 superventurum
1752 2203 1884 2271 ipsis
1938 2202 2017 2255 ul-

422 2309 529 2355 ‘tra
564 2299 891 2370 abigentem.
924 2297 1063 2355 Olim
1100 2296 1246 2351 enim
1272 2296 1470 2365 captivi
1504 2296 1840 2361 tenebamur,
1866 2304 1920 2350 et
1949 2295 2015 2347 ad

444 2391 658 2461 quidvis
692 2389 955 2446 nefarium
987 2387 1240 2443 facillime
1265 2388 1612 2450 ducebamur,
1631 2395 1819 2440 euntes
1836 2401 2017 2455 prom-

421 2490 555 2553 ipte,
596 2491 788 2552 agente
824 2479 1136 2550 ferenteque
1198 2492 1295 2534 nos
1354 2478 1557 2532 Satana
1582 2516 1598 2539 ,
1633 2486 1687 2530 et
1733 2491 1799 2530 ex
1837 2476 1919 2529 his
1960 2475 2013 2529 is

447 2572 534 2625 illa
567 2579 772 2625 tantum
811 2584 915 2623 non
953 2569 1278 2638 impellente.
1308 2567 1504 2623 Veram
1551 2576 1607 2620 et
1639 2566 1782 2621 istud
1836 2573 2014 2621 sustu-

424 2665 508 2719 lit
550 2662 822 2719 Christus.
852 2659 965 2716 Non
996 2661 1139 2715 enim
1181 2660 1361 2715 veniet
1400 2668 1586 2715 contra
1617 2672 1716 2712 nos
1737 2656 2013 2726 depraeda-

426 2766 570 2814 ‘tor:
595 2767 701 2811 non
737 2755 924 2817 irruet,
946 2754 1085 2808 sicut
1116 2752 1287 2823 prius,
1314 2760 1374 2806 ut
1414 2751 1518 2821 ipsi
1548 2749 1696 2804 libet.
1722 2747 1840 2803 Fixi
1869 2748 2015 2803 enim

422 2862 633 2903 "sumus
665 2846 718 2900 in
747 2845 985 2912 Christo,
1017 2854 1298 2915 tutumque
1348 2853 1403 2900 et
1458 2842 1730 2898 [innatant
1757 2842 2017 2898 habemus

418 2954 565 3005 cor;
578 2952 690 2993 non
729 2937 958 3008 amplius
988 2937 1056 2992 ad
1083 2952 1148 2992 ea
1177 2951 1297 3008 quas
1332 2951 1440 2993 non
1471 2933 1867 2992 conveniebant
1916 2931 2014 2987 de-

436 3030 590 3099 iecti,
619 3043 725 3085 non
768 3028 974 3085 cultum
1008 3029 1293 3085 multorum
1353 3030 1575 3084 deorum
1632 3025 2015 3097 ingredientes,

428 3136 551 3178 non
574 3122 640 3177 ad
674 3135 916 3177 errorem
960 3121 1134 3178 abacti
1164 3140 1176 3175 :
1215 3121 1307 3177 sed
1348 3122 1501 3191 quasi
1542 3121 1593 3174 in
1621 3118 1778 3173 ﬁdem
1809 3127 1864 3172 et
1886 3118 2015 3171 cha-

421 3212 662 3267 Lritatem
700 3225 826 3281 erga
856 3209 1021 3266 Deum
1061 3209 1392 3281 ingressi,ut
1426 3209 1545 3264 ideo
1576 3206 1865 3263 latabundi
1927 3207 2013 3260 di-

442 3316 630 3357 camus
662 3318 675 3353 :
712 3320 736 3354 ι
775 3302 842 3357 Et
866 3303 1053 3357 statuit
1080 3315 1242 3371 supra
1273 3307 1477 3369 petram
1527 3299 1689 3364 pedes
1723 3313 1871 3352 meos
1901 3298 2009 3352 ⁸⁸.»

422 3394 578 3448 Ὀυηι
600 3407 765 3464 porro
810 3393 961 3460 dicit,
992 3412 1016 3444 τ
1053 3391 1190 3460 Quia
1249 3406 1394 3446 nunc
1447 3390 1553 3444 vidi
1592 3390 1763 3446 oculis
1805 3389 1958 3455 meis,
1984 3408 2009 3442 ι

442 3487 592 3543 clare
625 3488 862 3542 ostendit
886 3474 1109 3557 tempus
1151 3488 1414 3543 adventus
1445 3484 1744 3540 Salvatoris
1805 3494 2016 3555 tempus

434 3583 769 3640 'visitationis
792 3596 933 3638 esse.
962 3599 982 3632 ι
1011 3578 1266 3634 Visitavit
1310 3578 1454 3633 enim
1481 3591 1580 3632 nos
1610 3576 1803 3632 Oriens
1828 3592 1896 3631 cx
1930 3575 2011 3629 al-

435 3687 500 3731 ro
521 3675 566 3709 "
588 3693 603 3743 ;
624 3695 645 3730 ι
680 3684 754 3741 et,
787 3685 844 3729 ut
872 3672 1047 3743 inquit
1074 3670 1266 3735 David,
1307 3688 1329 3722 ι
1364 3669 1619 3725 Dominus
1641 3682 1671 3721 e
1694 3669 1831 3725 caelo
1853 3681 2015 3737 super

442 3777 641 3822 terram
669 3760 940 3836 prospexit
961 3764 1068 3829 ⁸³,ι
1102 3775 1410 3833 quanquam
1443 3759 1569 3816 olim
1622 3772 1843 3831 propter
1890 3775 2015 3831 pec-

441 3866 623 3915 catum
655 3872 763 3925 quo
791 3856 1278 3926 obstringebamur,
1301 3868 1408 3907 non
1436 3852 1734 3913 curatione,
1775 3867 1880 3905 non
1915 3865 2009 3905 ve-

438 3947 551 4008 nia.
578 3960 684 4002 non
719 3945 1026 4008 dilectione,
1063 3958 1168 3999 non
1231 3943 1339 3998 alio
1380 3943 1630 4012 quopiam
1693 3942 1853 3997 simili
1913 3957 2012 3997 nos

442 4039 791 4108 dignaretur,
831 4037 925 4093 sed
955 4044 1319 4092 aversaretur.
1357 4035 1536 4102 Quare
1572 4034 1732 4088 etiam
1789 4040 2012 4088 contur-

438 4128 552 4185 bati
587 4144 793 4197 sumus,
822 4130 964 4200 quod
984 4138 1043 4184 et
1073 4130 1263 4184 beatus
1284 4127 1460 4182 bavid
1493 4136 1723 4182 testatur
1748 4142 1764 4181 :
1796 4144 1814 4176 ι
1847 4127 2014 4179 Aver-

2040 3163 2088 3225 ϐ

2114 558 2205 617 οἷά
2232 580 2354 617 τινα
2413 561 2827 634 κεχερσωμένην
2859 560 3155 624 πατοῦντες
3190 559 3330 625 656v.
3364 562 3459 617 καὶ
3482 562 3683 634 βλάὃης

2116 655 2333 726 ἀπάσης
2357 652 2806 724 ἀναπιμπλάντες
2827 651 3100 723 ἡμετέρας
3127 651 3372 722 καρδίας.
3412 652 3555 723 Ἔφη
3586 653 3684 725 μὲν

2115 746 2225 817 γάρ
2256 761 2360 798 που
2384 744 2640 816 περὶτῶν
2660 744 2719 805 ἐξ
2748 741 2986 814 Ἰσραὴλ,
3005 742 3063 806 ὃς
3086 737 3153 813 ἦν
3181 744 3405 813 ἀρχαῖος
3424 742 3684 812 annos»

2115 838 2194 908 τῷ
2221 838 2549 908 κτησαμένῳ
2579 835 2677 906 (ll,
2707 835 2786 887 ὅτι
2811 853 2829 885 ι
2852 833 3060 903 Ἅφελῶ
3085 834 3177 889 τὸν
3204 835 3457 907 φραγμὸν
3495 834 3683 899 αὐτοῦ,

2117 934 2210 986 καὶ
2240 932 2394 986 ἔσται
2420 933 2498 994 εἰς
2526 929 2856 1000 διαρπαγὴν,
2907 929 2999 982 καὶ
3038 928 3249 983 καθελῶ
3276 928 3368 984 τὸν
3392 932 3570 999 τοῖχον
3591 931 3685 983 αὐε-

2117 1021 2233 1087 τοῦ,
2275 1022 2369 1075 καὶ
2424 1020 2579 1074 ἔσται
2629 1021 2708 1084 είς
2746 1020 3140 1089 καταπάτημα.
3180 1039 3199 1071 ι
3263 1020 3424 1090 Ἡμῖν
3480 1020 3536 1072 δὲ
3575 1023 3686 1083 τοῖς

2119 1112 2455 1181 ἐπεγνωκόσι
2474 1111 2573 1182 τὴν
2605 1112 2927 1179 ἐπιφάνειαν
2953 1103 3139 1172 αὑτοῦ,
3160 1110 3338 1180 τοῖχος
3367 1107 3681 1182 ἐγήγερται,

2118 1204 2213 1257 καὶ
2240 1202 2493 1273 φραγμὸς
2523 1200 2686 1265 αὐτὸς
2707 1204 2736 1255 6
2781 1200 3145 1272 Ἐμμανουὴλ,
3173 1202 3435 1273 ἀρρήκτῳ
3460 1201 3685 1273 δυνάμει

2118 1294 2478 1365 περιϐάλλων,
2511 1293 2607 1347 καὶ
2660 1293 2943 1346 ἀποσοϐῶν
2983 1293 3090 1346 τῶν
3123 1294 3410 1366 ἡμετέρων
3440 1293 3686 1348 διανοιῶν

2119 1388 2244 1449 τοὺς
2297 1385 2640 1456 ἀκαθάρτους
2681 1384 2959 1454 δαίμονας,
3016 1384 3110 1438 καὶ
3150 1387 3262 1446 τοῖς
3311 1384 3534 1441 ἐκείνων
3584 1385 3688 1443 οὐκ

2115 1478 2297 1545 ἀφιεὶς
2328 1474 2704 1546 ὑπεστρῶσθαι
2728 1474 2873 1529 ποσί.
2910 1476 3199 1548 Τοιγάρτοι
3230 1474 3375 1528 καὶὸ
3400 1475 3687 1545 προφήτης

2120 1568 2257 1640 πρὸς
2317 1568 2518 1634 αὑτὸν,
2576 1586 2596 1619 ι
2635 1567 2748 1623 Καὶ
2798 1567 3078 1641 κληθήσῃ,
3146 1568 3348 1638 φησὶν,
3412 1567 3687 1637 οἰκοδόμος

2121 1660 2388 1732 φραγμῶν
2410 1661 2505 1713 καὶ
2532 1660 2631 1719 τὰς
2658 1660 2876 1731 τρίϐους
2902 1660 2999 1724 τὰς
3044 1660 3148 1713 ἀνὰ
3195 1660 3357 1730 μέσον
3381 1658 3629 1723 παύσεις.
3658 1677 3681 1710 ι

2124 1752 2335 1821 Ὥσπερ
2375 1750 2484 1821 γὰρ
2538 1752 2589 1804 οί
2638 1752 3026 1823 περιφράττειν
3070 1751 3317 1817 εἰωθότες
3359 1749 3683 1820 ἀμπελῶνας

2116 1841 2580 1915 κεχερσωμένους,
2602 1842 2701 1905 τὰς
2728 1842 2815 1896 διὰ
2846 1841 3009 1912 μέσου
3037 1842 3268 1896 παύουσι
3294 1840 3537 1912 τρίϐους,
3584 1842 3685 1894 οὐκ

2118 1935 2316 1997 ἐῶντες
2351 1933 2456 1987 ὑπὸ
2482 1934 2595 1995 τοῖς
2631 1931 2739 1985 τῶν
2796 1932 2909 1986 ἄνω
2937 1949 2995 1985 τε
3042 1933 3137 1986 καὶ
3195 1932 3346 1987 κάτω
3386 1931 3684 2003 παριόντων

2120 2024 2405 2081 πατεῖσθαι
2465 2025 2642 2078 ποσίν·
2689 2024 2831 2078 οὕτω
2884 2024 2978 2080 καὶ
3014 2024 3264 2096 ὀΚύριος
3298 2024 3454 2096 ήμῶν
3486 2025 3686 2095 Ἰησοῦς

2118 2116 2350 2187 Χριστὸς
2377 2115 2571 2170 ἐαυτὸν
2619 2119 2751 2187 ἡμῖν
2798 2120 2973 2188 τεῖχος
2998 2110 3193 2186 οἷάπερ
3219 2116 3492 2188 ἄρρηκτον
3534 2132 3689 2188 περι.

2119 2206 2252 2271 θεὶς,
2283 2206 2375 2260 καὶ
2397 2206 2713 2276 ἁγγελικαϊς
2744 2207 3003 2277 δυνάμεσι
3054 2209 3434 2280 περιφράττων
3460 2208 3563 2274 ἐξω
3592 2208 3688 2263 τοῦ

2119 2297 2407 2353 πατεῖσθαι
2464 2298 2717 2367 γενέσθαι
2768 2298 3200 2370 παρεσκεύασεν.
3256 2293 3400 2372 Ἔφη
3451 2300 3511 2354 δέ
3550 2300 3689 2373 πρὸς

2116 2390 2349 2453 τούτοις,
2375 2389 2455 2442 ὅτι
2484 2389 2665 2468 οὐκέτι
2685 2390 2744 2442 οὐ
2775 2391 2849 2459 μὴ
2875 2388 3003 2462 ἔλθῃ
3031 2390 3117 2443 ἐπ’
3141 2390 3336 2455 αὐτοὺς
3364 2390 3685 2455 ἐξελαύνων.

2118 2478 2292 2532 Πάλαι
2322 2480 2419 2549 μὲν
2440 2480 2547 2550 γὰρ
2571 2477 2711 2552 ἦμεν
2736 2470 3088 2552 αἰχμάλωτοι,
3108 2482 3202 2536 καὶ
3224 2483 3689 2554 εὐπαρακόμιστοι

2118 2568 2315 2639 κομιδῇ
2342 2570 2477 2639 πρὸς
2508 2571 2618 2646 πᾶν
2643 2569 2819 2623 ὁτιοῦν
2841 2570 2948 2624 τῶν
2968 2570 3216 2624 ἐκτόπων
3229 2571 3395 2635 ἰόντες
3425 2571 3684 2637 εὐκόλως,

2116 2660 2341 2728 ἄγοντός
2372 2678 2429 2713 τε
2464 2663 2610 2732 ἡμᾶς
2644 2663 2736 2715 καὶ
2785 2664 3041 2734 φέροντος
3069 2662 3161 2715 τοῦ
3192 2665 3408 2717 Σατανᾶ
3428 2703 3445 2728 ,
3498 2665 3592 2720 καὶ
3624 2666 3691 2718 ἐκ

2117 2751 2322 2805 τούτων
2350 2753 2428 2815 εἰς
2457 2753 2638 2806 ἐκεῖνα
2691 2754 2973 2824 μονονουχὶ
3034 2755 3127 2806 καὶ
3168 2753 3504 2819 ἐλαύνοντος.
3551 2754 3689 2809 Ἀλλ’

2118 2842 2325 2895 ἔπαυσε
2356 2842 2624 2895 καὶτοῦτο
2653 2843 2905 2914 Χριστός.
2936 2843 3010 2896 Οὐ
3031 2843 3143 2913 γὰρ
3170 2844 3290 2913 ἥξει
3320 2843 3445 2897 καθ’
3474 2844 3632 2915 ἡμῶν
3660 2845 3692 2895 6

2117 2931 2413 3002 λεηλατῶν·
2442 2935 2541 2986 οὐκ
2590 2933 2799 3005 ἐμϐάλῃ
2853 2932 2994 2987 καθὰ
3030 2934 3132 2988 καὶ
3164 2934 3353 3005 πρώην
3405 2934 3486 2998 εἷς
3522 2951 3586 3004 γε
3613 2935 3692 3005 τῷ

2118 3022 2267 3093 αὐτῷ
2293 3023 2503 3077 δοκοῦν.
2558 3023 2898 3095 Πεπήγμεθα
2935 3024 3044 3095 γὰρ
3080 3025 3140 3078 ἐν
3193 3025 3435 3097 Χριστῷ,
3474 3025 3693 3097 ἀσφαλῆ

2116 3132 2176 3168 τε
2223 3115 2318 3169 καὶ
2372 3114 2663 3187 ἱδρυμένην
2704 3116 3015 3186 ἐσχήκαμεν
3057 3116 3157 3188 τὴν
3212 3116 3459 3187 καρδίαν,
3511 3118 3693 3172 οὐκέτι

2117 3206 2531 3277 κατασειόμενοι
2563 3206 2701 3277 πρὸς
2725 3206 2763 3261 ἃ
2787 3206 2861 3278 μὴ
2891 3207 3185 3278 προσῆκεν·
3208 3209 3309 3262 οὐκ
3342 3210 3692 3279 ἐμσαίνοντες

2118 3300 2198 3361 είς
2241 3298 2549 3364 πολυθείαν,
2605 3298 2706 3351 οὐκ
2758 3297 3185 3371 ἐξελαυνόμενοι
3223 3299 3359 3372 πρὸς
3403 3300 3691 3373 πλάνησινο

2115 3390 2232 3444 ἀλλ’
2254 3384 2365 3444 οἷον
2395 3388 2765 3459 ἐμόεὗηκὸτες
2793 3392 2852 3442 ἐν
2884 3390 3065 3443 πίστει
3084 3408 3146 3443 τε
3178 3393 3273 3444 καὶ
3306 3392 3496 3465 ἀγάπῃ
3519 3396 3586 3464 τῇ
3612 3395 3694 3457 εἰς

2114 3481 2268 3545 Θεὸν,
2307 3482 2382 3544 ὡς
2419 3481 2705 3552 χαίροντας
2737 3481 2829 3534 ἐπὶ
2852 3481 3025 3553 τούτῳ
3047 3481 3245 3550 λέγειν·
3282 3503 3300 3533 ι
3327 3485 3439 3537 Καὶ
3467 3484 3696 3556 ἔστησεν

2112 3568 2202 3625 διὰ
2233 3570 2437 3641 πέτραν
2467 3570 2595 3635 τοὺς
2623 3570 2787 3633 πόδας
2817 3588 2938 3640 μου.
2971 3591 2989 3622 ι
3022 3571 3210 3640 Δέγων
3264 3573 3341 3635 δὲ,
3374 3592 3393 3622 ι
3441 3574 3559 3626 Ὅτι
3597 3574 3694 3626 νῦν

2114 3660 2336 3730 ἑώρακα
2359 3660 2415 3711 ἐν
2455 3660 2568 3722 τοῖς
2623 3658 2915 3730 ὀφθαλμοῖς
2968 3678 3093 3731 μου,
3132 3680 3150 3711 ι
3205 3662 3529 3733 ἐπισκοπῆς
3562 3662 3694 3716 ὄντα

2114 3752 2306 3822 καιρὸν
2355 3750 2663 3815 κατέδειξεν
2717 3752 2960 3823 ἐναργῶς
3010 3751 3102 3806 τὸν
3156 3752 3255 3822 τῆς
3285 3753 3377 3807 τοῦ
3439 3753 3692 3827 Σωτῆρος

2114 3842 2428 3914 ἐπιδημίας.
2491 3861 2511 3893 ι
2551 3841 2924 3913 Ἐπεσκέψατο
2974 3842 3083 3915 γάρ
3137 3845 3286 3914 ἡμᾶς
3342 3844 3580 3916 ἀνατολὴ
3632 3846 3693 3913 ἐξ

2113 3935 2317 4004 ὕψους,
2360 3954 2378 3985 ι
2422 3934 2513 3987 καὶ
2537 3928 2762 4008 ᾖφησιν
2788 3933 2817 3985 6
2848 3933 3033 3998 Δαόὶδ,
3084 3952 3103 3985 ι
3144 3934 3349 4003 Κύριος
3378 3936 3437 4002 ἐξ
3458 3936 3687 4006 οὐρανοῦ

2110 4028 2205 4080 ἐπὶ
2228 4025 2328 4098 τὴν
2362 4027 2465 4096 γῆν
2491 4007 2812 4092 ἐπέϐλεψεν,
2850 4043 2869 4077 ι
2936 4024 3113 4077 καίτοι
3151 4024 3321 4078 πάλαι
3369 4024 3457 4079 διὰ
3483 4016 3589 4096 τὴν
3630 4027 3689 4079 ἐν

2112 4122 2244 4191 ἡμῖν
2265 4118 2536 4190 ἁμαρτίαν
2564 4116 2624 4170 οὐ
2656 4114 2951 4187 θεραπείας
2979 4114 3143 4180 ἀξιῶν
3170 4117 3229 4169 ού
3259 4116 3473 4186 φειδοῦς
3498 4117 3531 4187 ἢ
3555 4118 3690 4185 ἀγά-

441 4230 587 4275 rente
608 4229 660 4276 te
689 4219 880 4275 faciem
930 4229 1078 4275 tttam
1117 4219 1499 4285 turbabuntur,
1533 4227 1590 4272 et
1625 4218 1677 4271 in
1739 4217 2010 4285 pulverem

2116 4228 2244 4281 πης,
2279 4210 2376 4279 οὐχ
2434 4209 2621 4280 ἐτέρου
2677 4208 2821 4270 τινὸς
2877 4208 2983 4261 τῶν
3030 4207 3288 4262 τοιούτων
3340 4209 3479 4271 ὅλως
3507 4222 3525 4240 ⁵
3572 4202 3689 4287 ἀλλ³

440 4325 598 4366 suum
634 4310 1099 4367 revertentur"*.‘s
1140 4308 1411 4377 Quoniam
1474 4320 1654 4364 autem
1690 4321 1855 4371 nunc,
1908 4307 2014 4361 hoc

2116 4300 2275 4354 οἱονεί
2297 4315 2414 4363 πως
2442 4298 2922 4372 ἀπεστραμμένος.
2958 4299 3143 4373 Ταύτῃ
3168 4314 3249 4354 τοι
3298 4301 3393 4355 καὶ
3423 4302 3693 4375 τεταράγα

439 4411 526 4458 est
567 4411 807 4473 tempore
865 4403 1126 4458 adventus
1169 4402 1405 4458 vidimus
1462 4399 1633 4456 oculis
1680 4400 1818 4470 eius.
1867 4398 2013 4455 salu-

2115 4390 2276 4462 μεθα,
2312 4389 2406 4443 καὶ
2444 4391 2715 4459 μαρτυρεῖ
2733 4387 2903 4458 λέγων
2934 4390 2964 4442 6
2990 4391 3257 4462 μακάριος
3282 4391 3462 4445 Δαϐίδ’
3491 4409 3511 4443 ι
3535 4393 3691 4445 Ἀπο-

444 4504 581 4562 tem,
610 4502 665 4550 et
687 4494 1231 4557 misericordiam'et
1259 4493 1389 4564 quid
1434 4507 1540 4547 non
1596 4490 1816 4546 tandem
1864 4488 2011 4544 omni

2119 4478 2445 4552 στρέψαντὸς
2476 4495 2570 4531 σου
2617 4479 2680 4531 τὸ
2707 4478 3018 4549 πρόσωπον,
3068 4481 3503 4553 ταραχθήσονται
3527 4523 3541 4547 ,
3595 4484 3690 4537 καὶ

441 4596 691 4639 sermone
719 4584 895 4655 majus
926 4591 984 4640 et
1019 4583 1341 4639 admirabile
1375 4582 1651 4638 consecuti
1682 4594 1871 4637 sumus
1898 4579 1921 4634 ἵ

2116 4578 2195 4637 εἰς
2226 4572 2316 4626 τὸν
2342 4570 2469 4642 χοῦν
2492 4570 2673 4625 αὐτῶν
2701 4570 3144 4644 ἐπιστρέφουσιν.
3175 4591 3195 4624 ι
3239 4573 3455 4646 Ἐπειδὴ
3480 4575 3536 4628 δέ
3572 4574 3688 4637 νῦν,

439 4678 681 4734 τουτέστι
713 4678 855 4735 κατὰ
884 4677 975 4734 τὸν
991 4679 1087 4751 τῆς
1114 4673 1411 4750 ἐπιδημίας
1438 4678 1628 4750 καιρὸν
1660 4678 1987 4749 ἐωράκαμιν
2013 4676 2072 4729 ἐν
2109 4667 2223 4735 τοῖς
2266 4666 2562 4739 ὀφθαλμοῖς
2610 4665 2796 4733 αὐτοῦ,
2835 4666 3157 4738 σεσώσμεθὰ
3175 4685 3246 4723 ,τε
3270 4669 3363 4721 καὶ
3385 4668 3684 4741 ὴλεήμιθα,

439 4774 535 4829 καὶ
561 4776 613 4831 τί
670 4774 917 4848 τάρούχὶ
970 4774 1078 4829 τῶν
1104 4773 1361 4830 ἐπέκεινα
1384 4774 1574 4842 λόγου,
1601 4773 1697 4828 καὶ
1726 4772 2073 4841 ἀειαγάστων
2097 4766 2315 4838 ἀληθῶς
2337 4764 2779 4835 κεκερδήκαμεν;

689 4924 1097 5020 TOMUS
1169 4925 1756 5033 QUARTUS.

506 5098 674 5154 Vens.
697 5097 753 5155 9.
794 5095 981 5153 Gaude
1019 5098 1359 5161 uehementer,
1391 5095 1505 5164 filia
1539 5092 1693 5159 Sion,
1754 5093 2001 5163 pra-dice,

436 5191 553 5262 ﬁlia
576 5190 893 5248 Jerusalem.
924 5186 1055 5243 Ecce
1093 5205 1186 5244 rex
1236 5198 1358 5245 tuus
1390 5189 1523 5243 venit
1567 5187 1662 5242 tibi
1684 5186 1865 5257 justus
1889 5228 1905 5253 ,
1958 5194 2006 5239 et

436 5283 796 5352 κύωνπάνυ
834 5288 1160 5344 mansuetus,
1194 5289 1242 5335 et
1288 5280 1570 5335 ascendens
1617 5292 1772 5346 super
1819 5276 2006 5345 subju-

432 5372 625 5445 ηααίιιη,
651 5382 702 5428 et
723 5371 922 5441 pullum
949 5387 1158 5426 nouum.

504 5565 551 5603 "’
578 5571 683 5630 lsa.
712 5586 763 5639 v,
793 5564 846 5625 5.

2379 4912 2762 4999 TOMOZ
2834 4915 3425 5003 ΤΕΤΑΡΤΟΣ.

2184 5092 2361 5164 Χαὶζοε
2407 5094 2665 5164 σφόδρα,
2700 5096 2950 5166 θύγατερ
3001 5096 3153 5151 Σιὼν
3175 5140 3189 5163 ,
3240 5100 3534 5169 κήρυσσε,
3584 5101 3688 5155 θύ-

2112 5204 2287 5256 γατερ
2331 5186 2746 5255 Ἰερουσαλήμ.
2810 5185 2955 5241 Ἰδοὺ
3016 5191 3049 5241 d
3087 5191 3385 5257 ,Βασιλεύς
3420 5205 3540 5245 σου
3589 5192 3687 5258 ἕρ-

2112 5279 2280 5347 χετοί
2318 5295 2416 5332 σοι
2459 5277 2705 5345 δίκαιος,
2738 5280 2838 5333 καὶ
2878 5278 3098 5347 σώζων,
3128 5282 3307 5349 αὐτὸς
3346 5282 3550 5353 πρᾶος,
3588 5284 3687 5337 καὶ

2111 5369 2475 5437 ἐπιϐεϐηκὼς
2499 5369 2597 5422 ἐπὶ
2630 5369 2979 5441 ὑποζύγιον,
3016 5373 3113 5425 καὶ
3146 5373 3353 5428 πῶλον
3381 5375 3540 5429 νέον.

956 5571 1001 5603 ³⁸
1026 5568 1133 5627 lsa.
1168 5576 1321 5635 ‘Lvm,
1354 5568 1441 5622 l2.
1516 5568 1559 5600 ⁸¹
1582 5566 1724 5622 Psal.
1759 5581 1947 5635 χχχιχ,
1980 5568 2013 5621 5

2116 5566 2155 5598 "
2182 5568 2307 5622 an.
2336 5580 2375 5631 ι,
2419 5567 2504 5622 78.
2581 5567 2629 5599 ⁸³
2652 5567 2794 5623 Psal.
2824 5584 2956 5633 xui,
2998 5569 3050 5624 5.
3087 5572 3133 5602 ⁸⁵
3174 5569 3316 5629 Psal.
3338 5589 3455 5639 cm,
3481 5571 3573 5647 29.

498 5755 578 5831 (1)
612 5752 692 5809 ita
741 5752 1026 5824 legendum
1070 5752 1325 5823 'conjicio,
1378 5767 1474 5822 pro
1522 5750 1874 5821 ἡγησαμένῳ,
1910 5750 2009 5806 nisi
2046 5750 2205 5806 malis
2239 5748 2580 5819 interpretari
2615 5748 2833 5804 Domino
2862 5767 2974 5804 suo.
