4072 6370
405 399 512 458 147

1391 402 1449 456 s.
1490 401 1764 457 CYRILLI
1805 398 2272 456 ALEXANDRINI
2312 396 2635 453 ARCHlEP.
2701 385 2704 389 ’

3553 383 3655 441 με

583 523 692 575 πᾶν
739 516 872 586 aldi;
918 521 1253 591 φαυλότητος
1309 520 1760 583 ἀπονενευκότες.
1799 538 1819 572 ι
1886 517 2454 591 Παρασυνεϐλήθησαν
2507 517 2618 586 γὰρ
2663 516 2774 577 τοῖς
2823 512 3041 581 κτήνεσι
3082 509 3190 570 τοῖς
3233 505 3480 575 ἀνοήτως
3506 543 3520 566 ς
3567 501 3664 554 καὶ

405 613 718 684 ώμοίωνται
741 617 945 680 αὐτοῖς,
976 635 996 667 s
1031 615 1175 668 κατὰ
1207 615 1306 685 τὴν
1332 614 1426 668 τοῦ
1449 615 1762 677 Ψάλλοντος
1813 616 2018 684 φωνήν.

2065 616 2224 678 Ὄνος
2289 614 2345 668 δὲ
2373 615 2468 668 καὶ
2511 613 2716 682 ἑτέρως
2758 605 3102 678 ἀκαθαρσίας
3131 601 3420 672 σύμϐολονο
3453 597 3668 668 ἀνίερον

408 698 520 796 γᾶρ
539 705 601 758 τὸ
626 703 784 772 ζῶον,
844 707 937 760 καὶ
972 707 1071 776 τὴν
1117 708 1183 759 ἐκ
1235 706 1402 777 νόμου
1446 708 1790 780 κατάρρησιν
1837 704 1979 776 ἔχον.
2055 707 2296 760 Τοιούτοι
2322 707 2380 760 δὲ
2419 706 2638 768 πάντως
2702 705 2752 755 οἱ
2803 695 3286 770 πλανώμενοι,καὶ
3321 689 3667 763 φιλαμαρτή-

415 797 597 868 μονες.

484 883 650 941 Vuns.
683 885 770 940 10.
796 885 864 940 Et
899 886 1162 957 disperdat
1190 888 1477 958 quad-rigas
1510 906 1574 943 ea:
1626 888 1878 960 Epitraim
1899 928 1913 952 ,
1937 900 1984 942 et

2167 885 2273 938 Kal
2335 884 2756 952 ἐξολοθρεύσει
2817 881 3052 950 ἅρματα
3108 877 3177 941 ἐξ
3221 877 3502 948 Ἐξοραῒμ,
3572 874 3668 928 καί

411 993 600 1048 equum
640 978 705 1031 de
738 977 1056 1045 Jerusalem,
1103 988 1154 1032 et
1187 979 1444 1043 disperdet
1486 996 1671 1033 arcum
1721 978 1984 1045 bellicum,

412 1080 459 1122 et
488 1069 895 1137 multitudinem,
921 1081 968 1124 et
1014 1087 1196 1139 pacem
1227 1087 1293 1125 ea:
1324 1072 1578 1141 gentibus,
1608 1082 1665 1126 et
1695 1071 1991 1126 dominabi-

415 1169 504 1213 tur
531 1174 788 1228 aquarum
815 1176 848 1212 a
875 1161 1010 1213 mari
1037 1176 1208 1230 usque.
1227 1161 1294 1218 ad
1322 1177 1488 1227 mare,
1522 1176 1568 1216 et
1620 1181 1650 1216 a
1683 1161 1988 1232 ﬂuminibus

417 1265 581 1320 usque
631 1249 702 1302 ad
736 1251 909 1304 auritus
936 1259 1113 1304 terrw.

489 1429 673 1486 LVIII.
712 1429 1062 1502 Unigenitum
1098 1431 1370 1488 hominem
1416 1442 1624 1498 natum,
1658 1434 1992 1505 dirigentium

420 1533 480 1574 se
508 1519 732 1588 pedibus
759 1521 1122 1589 subjecturum
1149 1540 1169 1573 ι
1207 1521 1559 1592 principatus,
1599 1532 1651 1579 et
1682 1533 1995 1592 potestates,

421 1622 478 1668 ot
521 1612 705 1672 mundi
742 1622 985 1668 rectores
1011 1613 1079 1680 ⁸³⁸,
1117 1631 1136 1665 ι
1169 1613 1271 1668 hoc
1305 1624 1388 1668 est
1411 1614 1762 1670 detestabiles
1799 1618 1999 1672 daemo-

427 1703 640 1757 niorum
673 1704 881 1769 turbas,
898 1714 953 1758 et
989 1703 1327 1760 subditurum
1360 1704 1492 1775 ipsis
1523 1720 1715 1762 omnes
1748 1707 2000 1764 inimicos

360 1788 362 1790 ’
424 1794 626 1864 quique
643 1805 958 1862 cernuntur,
980 1797 1182 1867 quique
1198 1812 1302 1852 non
1319 1807 1637 1865 cernuntur,
1667 1809 1722 1854 et
1742 1800 2002 1855 contritu-

427 1901 545 1950 rum
562 1903 723 1944 omne
765 1888 984 1957 bellum,
1007 1903 1039 1945 e
1076 1890 1232 1945 bouis
1256 1893 1405 1960 pacis
1437 1905 1532 1945 eos
1555 1891 2001 1957 exhilaraturum,

423 1979 526 2034 sub
577 1989 886 2052 legumento
920 1982 1207 2038 verborum
1251 1983 1599 2053 propheticus
1641 1997 1822 2039 sermo
1851 1983 2005 2038 nobis

426 2071 780 2130 demonstrat.
827 2073 1144 2129 lnvaserunt
1185 2077 1330 2131 enim
1377 2075 1666 2145 aliquando
1723 2074 2003 2148 Babylonii

2089 979 2279 1030 ἵππον
2331 977 2401 1042 ἐξ
2471 973 2891 1044 Ἰερουσαλὴμ,
2957 971 3056 1024 καὶ
3101 967 3670 1037 ἐξολοθρευθήσεται

2089 1069 2273 1135 τόξον
2301 1069 2648 1137 πολεμικὸν,
2696 1069 2796 1120 καὶ
2843 1061 3095 1132 πλῆθος,
3142 1061 3241 1116 καὶ
3303 1058 3550 1129 εἰρήνην
3601 1057 3670 1122 ἐξ

2090 1159 2317 1226 ἐθνῶν,
2392 1161 2490 1214 καὶ
2537 1157 2818 1232 κατάρξει
2870 1155 3110 1213 ὑδάτων
3175 1151 3292 1208 ἀπὸ
3350 1149 3671 1217 θαλάσσης

2091 1253 2203 1318 ἕως
2247 1251 2585 1320 θαλάσσης,
2628 1249 2726 1304 καὶ
2783 1247 2904 1303 ἀπὸ
2965 1241 3247 1316 ποταμῶν
3285 1241 3396 1309 ἕως
3441 1240 3669 1294 διεκϐο-

2095 1343 2222 1398 λῶν
2246 1342 2377 1415 γῆς.

2166 1436 2300 1488 Nﬂ'.
2330 1436 2452 1488 Ὀτι
2474 1435 2766 1506 γενόμενος
2791 1432 3076 1502 ἄνθρωπος
3105 1431 3134 1483 6
3179 1427 3509 1500 Μονογενὴς,
3562 1426 3677 1490 τοῖς

2097 1526 2206 1580 τῶν
2227 1525 2568 1598 ἀγαπώντων
2599 1525 2761 1578 αὐτὸν
2782 1523 3078 1595 ὑποφέρειν
3107 1519 3300 1593 ἔμελλε
3347 1519 3507 1573 ποσὶν
3542 1537 3562 1570 t
3585 1517 3679 1589 ἀρο

2100 1620 2198 1690 χάς
2226 1635 2284 1672 τε
2329 1619 2426 1670 καὶ
2470 1615 2737 1681 ἐξουσίας,
2789 1614 2886 1669 καὶ
2922 1613 3048 1676 τοὺς
3104 1611 3552 1683 κοσμοκράτορας
3580 1611 3678 1666 τοῦ

2101 1713 2306 1782 κόσμου
2344 1710 2588 1774 τούτου,›
2614 1707 2858 1760 τουτέστι
2903 1705 2972 1759 τὰ
3002 1704 3234 1776 βδελυρὰ
3263 1702 3372 1756 τῶν
3391 1702 3682 1772 δαιμονίων

2105 1803 2289 1873 στίφη,
2325 1801 2504 1854 πάντα
2526 1817 2584 1852 τε
2616 1800 2801 1861 αὐτοῖς
2832 1795 3160 1850 ὑποτάσσειν
3179 1793 3372 1867 ἐχθρὸν
3396 1793 3592 1866 ὁρατόν
3619 1809 3679 1846 τε

2104 1896 2198 1948 καὶ
2222 1895 2472 1966 ἀόρατον,
2506 1893 2598 1946 καὶ
2620 1891 2798 1944 πάντα
2826 1887 3136 1960 συντρίϐειν
3167 1887 3423 1957 πόλεμον,
3454 1885 3683 1950 καὶτοῖς

2106 1987 2166 2052 ἐξ
2215 1987 2439 2058 εἰρήνης
2485 1983 2908 2055 κατευφραίνειν
2972 1979 3218 2049 ἀγαθοῖς,
3275 1975 3686 2049 αἰνιγματωδῶς

2106 2080 2242 2148 ἡμῖν
2274 2080 2303 2130 6
2341 2074 2679 2148 προφητικὸς
2709 2072 2996 2142 ὑποφαίνει
3023 2070 3202 2138 λόγος.
3224 2069 3431 2141 ¹ᾙεσαν
3459 2067 3556 2139 μὲν
3575 2067 3687 2139 γὰρ

427 2161 890 2235 Hierosolymitas,
909 2173 1070 2235 atque
1085 2165 1246 2220 etiam
1273 2167 1542 2222 nonnullae
1559 2176 1748 2236 gentes
1765 2166 2008 2222 ﬁnitima:

2117 2171 2252 2226 κατὰ
2288 2169 2514 2240 καιροὺς
2535 2167 2675 2222 κατὰ
2703 2165 2814 2218 τῶν
2838 2163 3103 2236 Ἰεροσολύ
3113 2178 3226 2232 μων
3258 2161 3308 2214 οἰ
3337 2157 3684 2221 Βαϐυλώνιοι,

427 2255 604 2325 equis,
623 2231 689 2310 et.
725 2231 996 2322 curribus,
1019 2264 1074 2310 et
1114 2257 1348 2312 arcubus
1396 2273 1491 2312 eos
1513 2231 1638 2312 sunt
1684 2259 1910 2324 adortae,
1949 2270 2008 2314 ut

2117 2261 2207 2315 καὶ
2236 2259 2341 2331 μὴν
2369 2231 2462 2312 καὶ
2485 2231 2662 2327 ’ἕτεροί
2717 2271 2863 2318 τινες
2889 2231 2999 2307 τῶν
3058 2231 3272 2324 ὁμόρων
3303 2248 3475 2305 ἐθνῶν
3500 2249 3691 2312 ἵπποις

429 2346 657 2415 legimus
673 2347 742 2413 ",
767 2356 928 2416 atque
951 2349 1022 2402 ita
1044 2347 1357 2418 subjugatos
1379 2350 1575 2406 acerbe
1602 2361 1888 2408 vexarunt.
1924 2353 2008 2408 Ah

431 2447 625 2492 eventu
663 2438 825 2508 igitur
847 2437 1050 2494 Christi
1079 2440 1484 2509 praeclariorum
1507 2457 1731 2512 operum
1760 2442 2012 2512 splendo-

430 2531 827 2596 remostendit,
846 2547 968 2586 cum
987 2533 1097 2588 ait:
1129 2531 1226 2600 Qui
1255 2533 1660 2601 salvat,justus,
1689 2549 1744 2590 et
1760 2551 2009 2593 mansue-

317 2653 321 2658 -
433 2621 676 2676 tissimus
705 2637 800 2676 rex
816 2624 994 2679 veniet
1020 2624 1380 2694 quidem,nec
1408 2626 1574 2680 multo
1591 2616 1847 2696 posthaec
1878 2637 2012 2684 tem-

434 2727 588 2781 pora.
612 2711 995 2770 Verumtamen:
1049 2729 1155 2770 non
1227 2732 1421 2788 magna
1484 2733 1606 2772 cum
1673 2719 2014 2773 multitudine

435 2804 753 2870 satellitum,
777 2820 883 2859 non
905 2805 1213 2876 stipatores,
1245 2821 1350 2860 non
1383 2806 1526 2862 mille
1573 2822 1754 2863 rerum
1809 2808 2014 2863 milita-

438 2897 577 2950 rium
611 2911 809 2964 gnaros
840 2911 1022 2952 secum
1050 2897 1277 2953 habens.
1300 2897 1449 2954 Adeo
1477 2911 1654 2954 autem
1679 2900 1733 2954 in
1770 2900 2015 2955 modera-

436 2987 584 3041 tione
613 2987 777 3040 animi
806 2989 1153 3052 exercitatus,
1182 3000 1241 3045 ut
1280 2991 1444 3045 etiam
1498 2990 1586 3044 vix
1651 2989 1858 3060 pullum
1898 2992 2013 3046 asi-

439 3081 650 3133 narium
685 3081 941 3134 ascendat
963 3080 1027 3136 ".
1063 3083 1164 3136 Ast
1197 3083 1396 3137 virtute
1427 3092 1608 3137 tantus
1630 3083 1736 3137 erit
1775 3091 2016 3138 tantum—

437 3187 543 3240 que
568 3174 806 3241 proderit
832 3174 883 3228 in
919 3189 980 3228 se
1009 3174 1427 3240 conlidentibus,
1481 3185 1542 3230 ut
1586 3175 1796 3230 auferat
1826 3189 2018 3230 currus

2108 2370 2168 2406 τε
2203 2353 2297 2405 καὶ
2327 2351 2571 2421 ἅρμασιν
2593 2347 2984 2418 ἐποχούμενοι,
3038 2345 3132 2400 καὶ
3169 2343 3452 2414 βάλλοντες
3479 2341 3652 2407 τόξοις
3672 2379 3690 2402 ,

2111 2440 2254 2496 κατὰ
2285 2438 2347 2492 τὸ
2401 2437 2809 2510 γεγραμμένον,
2856 2431 3271 2505 κατεχειροῦντό
3307 2449 3368 2484 τε
3403 2429 3565 2493 οὕτω,
3595 2429 3693 2482 καὶ

2112 2531 2332 2601 πικροῖς
2391 2527 2604 2581 ἐνίεσαν
2642 2525 2843 2589 πόνοις.
2889 2523 3022 2577 Ἀπὸ
3074 2521 3206 2592 γοῦν
3251 2519 3346 2575 τοῦ
3376 2519 3690 2590 συμϐαίνειν

2113 2619 2386 2683 εἰωθότος,
2422 2618 2531 2671 τῶν
2564 2616 2658 2669 ἐπὶ
2683 2612 2922 2685 Χριστοῦ
2961 2611 3405 2684 κατορθωμάτων
3423 2609 3522 2681 τὴν
3550 2608 3692 2679 λαμ-

2114 2711 2361 2783 πρότητα
2396 2709 2565 2780 δηλοῖ.
2599 2707 2660 2761 '0
2689 2707 2799 2777 γάρ
2823 2722 2904 2758 τοι
2953 2703 3161 2769 σώζων,
3210 2703 3396 2775 φησὶν,
3434 2703 3464 2755 6
3491 2699 3696 2764 δίκαιός

2113 2820 2174 2856 τε
2201 2803 2296 2857 καὶ
2331 2801 2636 2874 πραότατος
2689 2798 2963 2869 βασιλεὺς,
3019 2793 3270 2865 ἀφίξεται
3327 2794 3444 2866 μὲν,
3473 2792 3570 2847 καὶ
3594 2793 3695 2846 οὐκ

2116 2896 2195 2959 εἰς
2221 2894 2460 2965 μακράν.
2491 2891 2640 2963 Πλὴν
2664 2891 2724 2944 ού
2760 2888 2938 2959 πολλῷ
2967 2887 3158 2960 πλήθει
3181 2886 3290 2940 τῶν
3316 2882 3693 2948 ὑπασπιστῶν,

2115 2987 2176 3038 ού
2214 2985 2582 3056 δορυφόρους,
2634 2983 2696 3036 οὐ
2755 2980 2982 3054 μυρίους
3030 2978 3170 3050 ἔχων
3218 2979 3345 3043 τοὺς
3393 2977 3602 3040 εἰδότας
3628 2974 3700 3029 τὰ

2115 3075 2370 3129 τακτικά.
2419 3073 2768 3143 Ἐπασκήσας
2795 3088 2855 3125 τε
2880 3070 3051 3134 οὕτως
3106 3070 3164 3122 ἐν
3192 3067 3314 3140 ήθει
3340 3067 3402 3120 τὸ
3456 3066 3698 3137 μέτριον,

2118 3166 2260 3220 ὥστε
2303 3164 2400 3218 καὶ
2452 3162 2604 3234 μόλις
2656 3161 2913 3231 ἐπιϐῆναι
2955 3159 3049 3214 τοῦ
3099 3159 3303 3213 πώλου.
3355 3157 3502 3228 Πλὴν
3547 3156 3701 3210 ἐσται

440 3262 715 3333 Ephraim,
752 3275 805 3318 et
830 3279 1025 3334 equum
1066 3263 1348 3320 abstrahat
1381 3267 1448 3322 ab
1479 3265 2016 3336 Jerusalem,disper-

2119 3255 2370 3320 τοσοῦτος
2402 3257 2483 3320 είς
2505 3253 2727 3327 ἀρετὴν,
2778 3254 2961 3324 ὀνήσει
2992 3269 3053 3305 τε
3091 3249 3234 3304 οὕτω
3263 3249 3390 3312 τοὺς
3427 3247 3514 3301 ἐπ’
3554 3245 3703 3336 αύτῷ

439 3354 532 3409 dat
553 3355 717 3409 etiam
776 3371 961 3411 areum
992 3355 1288 3421 bellicum,
1319 3365 1375 3412 et
1435 3373 1700 3413 summam
1740 3372 1925 3429 pacem
1961 3357 2016 3412 in

2122 3345 2471 3410 πεποιθότας,
2500 3345 2577 3407 ὡς
2600 3342 2871 3415 περιελεῖν
2927 3341 3026 3413 μὲν
3056 3339 3278 3436 ἅρματα
3329 3331 3671 3436 ὲξ-ἰεςρξαῒιξ
3683 3375 3701 3399 ο

442 3446 662 3516 longum
692 3459 787 3514 per
814 3461 1005 3502 omnes
1032 3457 1221 3517 gentes
1267 3449 1540 3503 extendat.
1602 3425 1860 3518 Ephraim
1919 3463 2016 3503 no-

2120 3438 2432 3508 ἀποστῆσαι
2457 3437 2514 3491 δὲ
2537 3436 2633 3491 καὶ
2670 3435 2855 3488 ἵππων
2882 3432 2942 3498 ἐξ
2976 3430 3352 3503 Ἰερουσαλὴμ,
3391 3425 3706 3530 ἐξολοθρεῦ-

442 3535 616 3590 minat
651 3535 838 3592 decem
875 3537 1048 3592 tribus
1080 3539 1132 3593 in
1156 3539 1434 3606 Samaria;
1488 3537 1785 3595 Jerusalem
1816 3540 2016 3595 incolas

2123 3548 2213 3584 σαι
2255 3529 2313 3582 δὲ
2350 3528 2447 3582 καὶ
2503 3527 2656 3594 τόξον
2690 3523 3006 3596 πολεμικὸν,
3062 3523 3157 3576 καὶ
3189 3522 3413 3592 εἰρήνην
3450 3517 3705 3572 ἀπλῶσαι

445 3628 589 3696 ejus,
622 3626 814 3683 ludam
843 3628 1050 3685 scilicet
1082 3640 1137 3685 et
1164 3630 1465 3702 Benjamiu.
1499 3631 1886 3700 Argumentum
1916 3633 2016 3702 igi-

2125 3621 2364 3693 βαθεῖαν,
2395 3619 2494 3690 τὴν
2524 3620 2589 3672 ἐκ
2619 3618 2836 3672 πάντων
2868 3614 2978 3670 τῶν
3006 3612 3196 3668 ἐθνῶν.
3225 3610 3465 3684 Ἐφραῖμ
3492 3610 3550 3702 δέ
3573 3625 3708 3679 φησι

445 3727 535 3775 tur
561 3719 869 3774 securitatis
913 3729 970 3775 et
1027 3722 1175 3789 pacis
1235 3701 1583 3791 propheticus
1644 3738 1824 3778 sermo
1867 3701 2016 3778 nobis

2120 3715 2222 3778 τὰς
2244 3713 2302 3766 ἐν
2329 3714 2395 3782 τῇ
2417 3711 2704 3781 Σαμαρείᾳ
2732 3709 2866 3762 δέκα
2891 3706 3081 3777 φυλὰς,
3115 3703 3471 3791 Ἰερορσαλὴμ
3503 3701 3560 3754 δέ
3583 3702 3710 3765 τοὺς

445 3811 718 3880 proponit.
746 3808 861 3865 Non
889 3812 1031 3866 enim
1060 3811 1216 3867 facile
1251 3813 1634 3878 ineursabitur,
1684 3813 1880 3884 inquit,
1945 3815 2020 3870 ci-

447 3903 587 3957 vitas
617 3913 806 3958 sancta
833 3905 900 3957 ah
953 3905 1018 3960 iis
1041 3905 1132 3974 qui
1163 3920 1282 3960 eam
1326 3905 1561 3976 allligere
1592 3915 1878 3972 conantur,
1929 3906 2024 3961 ad-

445 4008 620 4064 eoque
649 3994 893 4048 dilatabit
930 4010 1149 4066 regnum
1183 4011 1338 4050 suum
1366 3997 1619 4052 Salvator
1650 3997 1792 4067 ejus,
1827 4006 1889 4050 ut
1927 3998 2022 4052 im-

448 4093 599 4154 peret
627 4086 720 4139 toti
746 4083 968 4151 Judzeaa,
995 4101 1024 4139 a
1046 4088 1178 4156 mari
1205 4100 1379 4156 usque
1413 4088 1478 4142 ad
1511 4087 1756 4141 ﬂumina.
1786 4085 1848 4140 Hi
1878 4088 2023 4142 enim

447 4186 573 4230 sunt
605 4177 781 4232 exitus
827 4186 1006 4240 terra}.
1042 4177 1145 4232 hoc
1178 4187 1262 4232 est
1324 4178 1458 4231 lines
1491 4188 1546 4231 et
1576 4178 1815 4232 termini.
1839 4178 2028 4234 Psallit

447 4265 679 4330 quodam
709 4265 837 4320 loco.
879 4274 934 4319 et
970 4265 1183 4320 divinus
1223 4267 1389 4320 David
1434 4265 1598 4337 738
1645 4269 1712 4323 de
1744 4267 2026 4339 Synagoga

447 4355 753 4412 Judaeorum
783 4365 843 4411 ut
879 4359 946 4412 de
966 4357 1073 4410 vite
1121 4357 1382 4427 loquens:
1419 4376 1438 4409 ι
1479 4357 1734 4414 Extendit
1779 4359 2030 4430 palmites

452 4459 578 4499 suos
600 4459 771 4515 usque
794 4447 1049 4512 adamare,
1079 4456 1136 4500 et
1163 4461 1334 4514 usque
1361 4449 1427 4501 ad
1455 4448 1676 4504 ﬂumina
1706 4451 2032 4522 propagines

451 4537 568 4604 ejus
598 4535 699 4591 θ’.»
728 4534 991 4590 Definitur
1015 4536 1160 4591 enim
1194 4537 1352 4594 tellus
1411 4537 1721 4595 Iudaeorum
1769 4543 1926 4608 mari,
1978 4551 2034 4599 et

456 4629 672 4694 legione
702 4626 770 4680 ad
797 4636 1065 4692 austrum,
1099 4635 1159 4683 et
1196 4626 1398 4693 Indica,
1425 4637 1480 4682 et
1507 4643 1628 4698 quae
1673 4631 1871 4686 dicitur
1916 4631 2033 4689 Me-

453 4719 538 4772 dia
579 4719 880 4774 ﬂuminum.
909 4718 1107 4773 \lerum
1137 4733 1200 4774 se
1246 4721 1386 4774 intra
1432 4721 1566 4776 istos
1623 4721 1759 4778 ﬁnes
1807 4739 2031 4796 regnum

453 4809 652 4864 Christi
687 4811 908 4866 minime
937 4812 1257 4866 continebit.
1291 4811 1637 4882 Progreditur
1673 4824 1854 4870 autem
1905 4832 2032 4871 ora-

2123 3808 2182 3859 ἐν
2213 3804 2351 3875 αὐτῇ
2377 3802 2834 3872 κατοικήσαντας,
2881 3798 3084 3860 Ἰούδας
3108 3796 3166 3850 δὲ
3213 3787 3364 3849 οὗτοι
3397 3795 3490 3848 καὶ
3517 3793 3708 3860 Βενιατ

2129 3897 2240 3967 μίν.
2277 3893 2486 3948 Οὐκοῦν
2521 3891 2820 3961 ἀσφαλείας
2859 3889 3137 3954 ὑπόθεσιν,
3183 3889 3278 3942 καὶ
3327 3887 3546 3958 είρήνης
3575 3887 3711 3956 ἡμῖν

2125 3992 2154 4042 6
2183 3984 2521 4058 προφητικὺς
2545 3983 2853 4053 εἰσκομίζει
2884 3981 3065 4051 λόγος.
3097 3981 3174 4034 Οὐ
3226 3978 3333 4051 γὰρ
3362 3978 3428 4032 ἂν
3459 3977 3710 4046 γένοιτο,

2129 4081 2315 4151 φησὶν,
2349 4075 2757 4148 εὐκατάδρομος
2809 4076 2922 4136 τοῖς
2970 4072 3216 4126 ἐθέλουσι
3241 4070 3444 4124 κακοῦν
3493 4070 3529 4138 ή
3579 4068 3712 4138 ἁγία

2129 4171 2304 4234 πόλις,
2336 4169 2664 4240 κατευρυνεῖ
2691 4166 2748 4219 δὲ
2779 4164 2924 4219 οὕτω
2958 4165 3059 4234 τὴν
3114 4162 3310 4218 ἐαυτοῦ
3371 4161 3649 4234 βασιλείαν
3684 4163 3714 4214 6

2132 4264 2320 4328 σώζων
2342 4262 2530 4333 αὐτὴν,
2554 4263 2628 4326 ώς
2665 4261 2793 4331 ὅλης
2819 4258 3088 4330 κατάρξαι
3115 4258 3212 4328 τῆς
3262 4255 3546 4318 Ἰουδαίας,
3603 4253 3714 4308 ἀπὸ

2132 4357 2408 4425 θαλάσσης
2444 4355 2549 4417 ἓως
2582 4351 2863 4422 ποταμῶν.
2900 4345 3071 4404 Ali-rat.
3113 4350 3220 4421 γάρ
3259 4350 3397 4402 εἰσιν
3424 4347 3482 4400 αί
3507 4345 3716 4400 διεκϐο-

2131 4451 2222 4504 λαὶ
2245 4450 2346 4519 τῆς
2385 4447 2510 4518 γῆς,
2543 4446 2789 4499 τουτέστι
2844 4443 2911 4497 τὰ
2959 4443 3193 4514 πέρατα.
3252 4439 3459 4494 Ψάλλει
3503 4437 3561 4491 δέ
3612 4453 3716 4490 που

2135 4543 2230 4596 καί⁸
2249 4544 2277 4596 ὁ
2307 4539 2594 4602 θεσπέσιος
2628 4535 2816 4601 Δαοιδ,
2854 4537 2931 4600 ὡς
2977 4537 3106 4607 περὶ
3135 4535 3380 4607 ἀμπέλου
3411 4533 3585 4601 λέγων
3615 4529 3718 4600 τῆς

2148 4631 2414 4687 Ἰουδαίων
2461 4627 2812 4698 Συναγωγῆς·
2859 4646 2878 4679 ι
2921 4626 3179 4694 Ἐξέτεινε
3218 4625 3288 4678 τὰ
3335 4622 3590 4692 κλήματα
3617 4619 3718 4674 αύ-

2134 4725 2234 4795 τῆς
2282 4724 2386 4786 ’ἐως
2409 4721 2704 4791 θαλάσσης,
2746 4720 2841 4774 κα)⁸
2894 4719 3000 4782 ἕως
3067 4716 3328 4787 ποταμῶν
3385 4714 3483 4778 τὰς
3539 4728 3719 4783 napa-

2140 4814 2349 4883 φυάδας
2377 4813 2566 4884 αὐτῆς.
2601 4834 2619 4865 s
2647 4810 3050 4884 Τερματὲζεται
3102 4809 3214 4881 γὰρ
3242 4810 3276 4879 ἡ
3304 4806 3416 4861 τῶν
3450 4804 3722 4860 Ἰουδαίων

458 4903 533 4956 ιῑο
583 4912 638 4955 ιιι
672 4903 740 4957 ab
800 4902 1048 4973 exemplo
1121 4905 1437 4973 particulari
1489 4906 1557 4960 ad
1614 4905 1926 4963 universum
1983 4923 2014 4964 e

2141 4905 2388 4978 θαλάσσῃ
2413 4922 2495 4968 τε,
2525 4905 2623 4958 καὶ
2647 4904 2802 4976 χώρᾳ.
2846 4905 2912 4974 τῇ
2942 4903 3080 4973 πρὸς
3111 4901 3283 4962 νότον,
3345 4899 3440 4952 καὶ
3483 4897 3677 4967 Ἰνδικῇ
3703 4937 3719 4960 ,

457 4991 948 5060 generalissimum.
989 4989 1106 5046 Non
1135 4994 1278 5047 enim
1320 4994 1372 5046 in
1415 4992 1601 5048 Judzea
1638 4994 1776 5059 sola,
1817 4997 1912 5050 sed
1981 4996 2016 5049 it

2142 4997 2239 5049 ml.
2260 4998 2328 5067 τῇ
2349 4994 2658 5066 καλουμένῃ
2684 4994 2840 5064 Μέση
2877 4993 2988 5046 τῶν
3041 4991 3322 5062 ποταμῶν.
3369 4989 3509 5043 Ἀλλ’
3535 4987 3636 5041 οὐκ
3666 4988 3724 5039 ἐν

462 5093 573 5136 uno
603 5083 736 5137 orbe
765 5083 1031 5151 regnabit,
1072 5093 1129 5139 et
1154 5099 1184 5137 a
1216 5082 1414 5138 finibus
1465 5083 1538 5138 ad
1596 5083 1730 5139 lines
1794 5095 2037 5156 potestas

459 5173 576 5240 ejus
599 5184 890 5244 propagata
916 5184 1018 5230 est.

2143 5087 2356 5152 τούτοις
2382 5089 2492 5151 τοῖς
2514 5088 2660 5158 δροις
2683 5088 2717 5154 ή
2745 5084 2981 5157 Χριστοῦ
3016 5083 3281 5155 βασιλεία,
3313 5079 3512 5136 πολλοῦ
3539 5096 3602 5149 γε
3631 5079 3726 5131 καὶ

2147 5180 2246 5234 δεῖ.
2277 5179 2477 5250 Ἕρπει
2508 5179 2567 5232 δὲ
2593 5180 2622 5231 6
2649 5177 2808 5246 λόγος
2835 5177 2913 5240 ώς
2938 5178 3002 5230 ἐκ
3030 5175 3259 5247 μερικοῦ
3282 5173 3724 5246 παραδείγματος

461 5267 554 5324 ἐπὶ
590 5269 650 5322 τὸ
680 5250 932 5332 καθόλου,
972 5268 1071 5321 καὶ
1123 5267 1506 5336 γενικώτατον.
1575 5265 1937 5324 Βεϐασίλευκε
1967 5273 2077 5343 γὰρ
2113 5274 2175 5326 ού
2223 5272 2324 5343 τῆς
2357 5271 2618 5334 Ἰουδαίας
2672 5270 2870 5341 μόνης,
2922 5270 3140 5340 ἁπάσης
3173 5269 3229 5324 δὲ
3259 5267 3460 5340 μᾶλλον
3489 5267 3589 5337 τῆς
3633 5263 3724 5319 ὑπ’

463 5359 711 5432 οὐρανὸν,
745 5361 843 5414 καὶ
865 5359 974 5413 ἀπὸ
1019 5359 1275 5430 περάτων
1314 5361 1395 5421 εἰς
1427 5359 1642 5431 πέρατα
1666 5359 1736 5412 τὰ
1761 5361 1861 5431 τῆς
1891 5359 2138 5426 ἐξουσίας
2163 5361 2327 5418 αὑτοῦ
2353 5359 2766 5432 κατευρύνεται.

541 5450 701 5506 Vsus.
732 5452 819 5520 ll,
855 5454 943 5508 i2.
974 5452 1046 5507 Et
1083 5432 1138 5509 :3-
1174 5457 1230 5510 in
1265 5457 1521 5526 sanguine
1572 5457 1869 5510 testamenti
1914 5459 2045 5510 emi-

465 5543 583 5596 sisti
639 5546 838 5597 vinctos
887 5554 1006 5598 tuos
1059 5544 1125 5600 de
1189 5544 1307 5600 lucu
1392 5561 1498 5600 non
1543 5545 1762 5600 habente
1826 5563 2040 5616 aquam.

470 5634 725 5692 Sedebitis
791 5636 845 5689 in
888 5637 1176 5693 munitione
1247 5638 1404 5692 vineti
1481 5640 1940 5710 congregationis,
1995 5650 2043 5694 et

546 5814 590 5850 ⁹⁶
623 5813 820 5886 Ephes.
851 5828 926 5883 vn,
959 5814 1046 5872 l2.
1118 5817 1162 5850 ’ν
1193 5813 1331 5872 Psal.
1368 5830 1482 5884 XIX,
1515 5818 1568 5874 8.
1647 5815 1695 5850 ⁵⁸
1724 5815 1913 5874 Matth.
1942 5831 2052 5886 xxi,
2107 5816 2136 5873 i
2163 5829 2316 5888 seqq.

2217 5457 2328 5510 Kal
2390 5456 2473 5509 σὺ
2535 5456 2606 5509 ἐν
2676 5456 2876 5525 αἵματι
2945 5453 3236 5521 διαθήκης
3291 5449 3728 5517 ἐξαπέστειλας

2151 5549 2440 5618 δεσμίους
2483 5562 2623 5612 σου,
2676 5545 2753 5599 ἐκ.
2804 5545 3036 5600 λάκκου
3097 5547 3209 5598 οὐκ
3253 5543 3503 5613 ἔχοντος
3547 5537 3725 5609 ὕδωρ.

2154 5640 2506 5721 Καθήσεσθε
2537 5639 2607 5692 ἐν
2643 5637 2986 5708 ὀχυρώμασι
3037 5635 3268 5707 δέσμιοι
3322 5631 3434 5700 τῆς
3457 5644 3732 5705 συνατυ-

2418 5819 2462 5849 ”
2491 5814 2634 5872 Psal.
2681 5828 2868 5882 usus,
2895 5813 2982 5870 ω.
