4072 6370
412 297 527 356 ἨΒ

1235 290 1786 351 COMMENTARIUS
1824 290 1891 346 IN
1933 288 2335 347 ZACHARIAM
2372 287 2824 345 PROPHETAM.

3573 290 3679 346 150

352 438 371 483 ι
419 411 570 482 τῆς,
615 412 716 467 καὶ
765 414 901 467 ἀντὶ
955 414 1094 483 μιᾶς
1162 413 1386 484 ἡμέρας
1430 415 1819 483 παροικεσίας
1884 429 2001 468 σου

2107 430 2200 481 pro
2239 430 2344 466 una
2377 412 2461 465 die
2518 410 2951 469 uerearinationis
3013 420 3119 466 tua:
3166 409 3399 467 duolicia
3463 410 3679 466 reddant

418 501 605 557 διπλᾶ
654 503 1061 559 ἀνταποδώσω
1102 521 1229 561 σοι.

489 595 617 651 ΝΘ’.
650 597 907 650 Μέτεισιν
945 599 972 651 6
1007 598 1162 665 λόγος
1213 597 1299 649 ἐπ’
1340 597 1502 651 αὐτὸν
1558 597 1659 667 ῆδη
1704 595 1913 650 δίκαιον
1941 611 1999 647 τε

419 688 513 740 καὶ
556 685 801 751 σώζοντα
832 687 1077 756 βασιλέα,
1114 688 1206 742 καὶ
1240 686 1339 757 μέν
1367 704 1448 740 τοι
1487 688 1581 740 καὶ
1608 688 1808 757 πρᾶον,
1841 701 1999 737 τουτ-

419 778 537 832 έστι
574 780 830 849 Χριστὸν,
866 782 959 834 καὶ
1001 781 1070 833 τὰ
1121 780 1380 852 λαμπρά,
1427 781 1523 832 καὶ
1568 776 1870 846 ἀξιάγαστα
1901 777 2003 847 τῆς

421 872 717 943 ἐπιδημίας
744 871 909 927 αὑτοῦ
945 872 1347 943 κατορθώματα
1387 871 1715 941 καθίστησιν
1766 868 1996 941 ἐναργῆ.

428 986 448 1020 ε
491 969 780 1023 Κεκένωκε
817 970 925 1041 γάρ
958 970 1148 1023 ἑαυτὸν
1183 988 1200 1019 ι
1250 967 1412 1029 ἑκὼν,
1466 968 1757 1038 γενόμενος
1785 964 1999 1036 ἄνθρω-

423 1079 543 1129 πος,
580 1064 611 1115 6
646 1063 938 1133 μονογενὴς
989 1061 1083 1115 τοῦ
1133 1061 1268 1113 Θεοῦ
1307 1061 1501 1130 Λόγος.
1557 1078 1575 1109 ι
1620 1059 1916 1128 ’Υπέμεινε
1941 1056 1999 1110 δὲ

424 1153 518 1205 καὶ
551 1153 804 1222 σταυρὸν,
835 1152 1097 1224 αἰσχύνης
1126 1153 1571 1223 καταφρονήσας,
1608 1171 1629 1203 ι
1658 1151 1752 1204 καὶ
1783 1148 1999 1203 τέθεικε

422 1244 521 1315 τὴν
551 1245 747 1298 ἑαυτοῦ
769 1244 969 1315 ψυχὴν,
995 1246 1095 1315 τῆς
1136 1246 1389 1299 ἁπάντων
1421 1245 1567 1315 ζωῆς
1604 1243 1956 1313 ἀντάλλαγμα
1980 1280 1996 1304 ,

423 1337 799 1408 κατεκτήσατο
824 1337 900 1408 τῷ
924 1337 1043 1407 Θεῷ
1070 1338 1163 1390 καὶ
1188 1337 1366 1408 Πατρὶ
1407 1337 1507 1407 τὴν
1540 1336 1631 1388 ὑπ’
1658 1333 1888 1406 οὐρανὸν
1940 1333 2001 1384 ὲν

424 1431 616 1501 αἵματι
667 1430 931 1501 διαθήκης
961 1431 1201 1497 αἰωνίου,
1228 1427 1295 1504 ἧς
1343 1427 1412 1501 ἦν
1454 1430 1623 1493 τύπος
1674 1429 1737 1482 τὸ
1781 1428 1868 1481 διὰ
1903 1425 1997 1480 τοῦ

425 1522 703 1589 πανσόφου
760 1522 1003 1586 Μωσέως
1055 1526 1169 1587 τοῖς
1228 1522 1603 1593 ἀρχαιοτέροις
1642 1518 1994 1591 ὲπιρῤανθέν.

430 1611 665 1665 ιΛαόὼν
697 1613 838 1683 γὰρ,
894 1615 1059 1685 φησὶ,
1119 1615 1322 1685 Μωσῆς
1374 1614 1435 1667 τὸ
1494 1608 1634 1685 αἷμα
1681 1612 1812 1666 αὐτό
1846 1628 1905 1663 τε
1939 1610 1999 1663 τὺ

426 1704 647 1774 βιϐλίον,
673 1706 768 1758 καὶ
800 1705 971 1759 πάντα
1000 1707 1092 1760 τὸν
1123 1706 1250 1760 λαὸν
1280 1706 1587 1778 sapam“,
1617 1705 1814 1774 λέγωνε
1828 1702 2002 1756 Τοῦτο

2106 505 2223 558 tibi.

2174 595 2738 651 LtX.Transitnnne
2762 596 2935 651 oratio
2981 595 3047 649 ad
3103 593 3275 663 ipsum
3343 594 3568 666 justum,
3628 604 3681 647 et

2104 689 2461 756 Salvatorem,
2500 701 2662 760 atque
2682 690 2846 744 etiam
2872 699 3211 745 mansuetum
3245 702 3450 758 regem,
3493 686 3545 743 id
3598 698 3682 742 est

2102 782 2404 849 Christum,
2431 792 2485 836 et
2540 781 2770 836 illustria
2827 790 2991 852 atque
3044 779 3363 836 admiranda
3418 777 3680 833 adventus

2102 876 2218 945 ejus
2234 890 2397 946 opera
2416 874 2709 930 declarata
2739 872 3056 930 Exinanirit
3082 872 3226 927 enim
3251 870 3621 941 semetipsum‘
3657 888 3676 920 ›

2100 965 2306 1032 libens,
2372 966 2535 1022 homo
2592 966 2795 1022 factum
2846 963 3189 1037 unigenitum
3258 962 3353 1018 Dei
3418 960 3676 1017 Verbum.

2107 1076 2127 1110 ι
2153 1056 2423 1114 Sustinuit
2455 1073 2695 1122 crucem,
2728 1057 3048 1113 confusione
3073 1062 3376 1124 contempta
3402 1054 3423 1084 ³
3452 1070 3472 1106 ι
3502 1059 3557 1109 et
3582 1063 3683 1122 pro

2101 1153 2342 1206 omnium
2371 1151 2479 1206 vita
2539 1151 2774 1206 animam
2832 1165 2983 1205 suam
3047 1147 3422 1210 commutavit,
3465 1145 3574 1201 Deo
3629 1155 3685 1198 et

2101 1243 2248 1298 Patri
2288 1245 2543 1299 mundum
2585 1244 2637 1298 iu
2681 1245 2945 1313 sanguine
2999 1240 3309 1298 testamenti
3356 1240 3544 1295 sterni
3593 1253 3684 1293 ac-

2100 1338 2342 1405 quisivit,
2372 1337 2525 1406 cujus
2553 1348 2711 1409 typus
2740 1336 2840 1392 fuit
2878 1335 3097 1407 sanguis
3130 1349 3227 1405 per
3256 1331 3441 1389 Mosen
3465 1333 3681 1400 sapien-

2100 1428 2367 1483 tissimum
2398 1430 2671 1484 veteribus
2722 1442 2998 1497 aspersus.
3036 1425 3215 1496 lnquit
3259 1425 3403 1481 enim
3428 1440 3442 1478 :
3472 1443 3491 1477 ι
3518 1423 3689 1478 Acce-

2100 1527 2191 1590 pto
2215 1517 2390 1574 Moses
2416 1520 2679 1591 sanguine
2719 1531 2775 1575 et
2801 1519 2939 1575 libro
2990 1519 3127 1588 ipso,
3183 1518 3418 1589 aspersit
3468 1530 3685 1571 omnem

2100 1610 2376 1681 populum,
2405 1612 2593 1668 dicens
2620 1627 2633 1666 :
2696 1611 2796 1665 llic
2829 1621 2913 1668 est
2939 1611 3160 1682 sanguis
3188 1608 3521 1673 testamenti,
3544 1608 3685 1679 quod

2102 1704 2366 1773 disposuit
2389 1706 2454 1760 ad
2488 1720 2584 1762 vos
2618 1705 2760 1760 Deus
2784 1706 2858 1759 ³.»
2896 1703 3001 1760 Sed
3032 1704 3123 1759 illa
3170 1704 3389 1773 quidem
3447 1702 3579 1774 typi,
3633 1708 3689 1755 et

421 1796 482 1849 τὸ
508 1790 648 1865 αἷμα
682 1799 781 1867 τῆς
807 1794 1074 1868 διαθήκης
1096 1793 1162 1871 ἧς
1183 1773 1387 1851 διέθετο
1408 1798 1541 1867 πρὸς
1572 1773 1716 1868 ὑμᾶς
1738 1799 1766 1851 6
1792 1796 1945 1858 Θεός.
1975 1813 1995 1847 ι

2107 1796 2350 1851 veritatis
2387 1798 2741 1853 simulacrum
2762 1799 2982 1854 fuerunt
3012 1813 3028 1852 :
3064 1798 3328 1853 successit
3358 1798 3471 1867 ipsa
3543 1795 3688 1849 veri-

436 1886 571 1938 Ἀλλ’
593 1887 780 1941 ἐκεῖνα
802 1887 901 1958 μὲν
920 1890 1080 1942 τύποι
1102 1929 1116 1953 ,
1157 1891 1249 1943 καὶ
1281 1889 1381 1960 τῆς
1435 1889 1694 1960 ἀληθείας
1717 1889 1999 1961 μόρφωσις

420 1972 507 2046 ἦν.
540 1977 689 2047 Αὐτὴ
714 1976 770 2029 δὲ
819 1977 1006 2032 λοιπὸν
1044 1981 1075 2048 ὴ
1127 1979 1351 2050 ἀλήθεια
1400 1980 1668 2049 Χριστὸς,
1720 1979 1750 2031 6
1794 1978 2000 2040 πάντας

422 2070 568 2139 ἡμᾶς
594 2070 870 2141 ἀγοράσας
900 2073 957 2124 ὲν
990 2072 1181 2142 αἵματι
1222 2071 1507 2143 διαθήκης.
1569 2090 1588 2123 ι
1629 2068 1998 2141 Ἐκλελυτρὼ-

426 2160 566 2231 μεθα
590 2161 720 2233 γάρ,
752 2162 827 2227 ὡς
874 2166 903 2216 6
933 2163 1098 2218 αὐτοῦ
1146 2183 1279 2234 φησι
1315 2164 1584 2237 μαθητὴς,
1635 2164 1695 2217 οὐ
1740 2163 2000 2234 φθαρτοῖς

422 2252 672 2325 ἀργυρίῳ
719 2255 751 2325 ἢ
815 2254 1046 2326 χρυσίῳ,
1110 2256 1244 2310 ἀλλὰ
1292 2257 1458 2326 τιμίῳ
1490 2256 1681 2327 αἵματι
1721 2255 1797 2319 ὡς
1825 2252 2003 2325 ἀμνοῦ

423 2346 678 2417 ἀμώμου,
719 2348 812 2401 καὶ
857 2348 1087 2402 ἀσπίλου
1129 2349 1389 2420 Χριστοῦ.
1433 2368 1450 2399 ι
1483 2349 1555 2401 Eb
1582 2349 1783 2412 τοίνυν,
1810 2349 1997 2419 φησιν,

422 2430 467 2489 ὦ
502 2435 810 2492 δικαιότατε
854 2440 948 2493 καὶ
986 2439 1258 2509 πραότατε
1293 2436 1536 2509 βασιλεῦ,
1559 2440 1621 2502 ,ὲν
1649 2437 1843 2506 αἵματι
1891 2436 2002 2489 διαφ

424 2529 598 2599 θήκης
626 2531 752 2595 τοὺς
773 2531 901 2594 σοὺς
928 2532 1220 2599 γεγονότας
1260 2530 1516 2601 δεσμίους
1542 2529 1880 2598 (τουτέστιν.
1905 2529 2002 2593 οὓς

423 2622 640 2692 δεσμοῖς
662 2622 881 2692 ἀγάπης
917 2623 1311 2693 κατέσφιγξας,
1337 2625 1432 2677 καὶ
1460 2626 1581 2688 ταῖς
1602 2627 1721 2688 σαῖς
1747 2622 1999 2692 ζεύγλαις

426 2715 767 2783 ὑπενεγκεῖν,
802 2715 896 2769 καὶ
929 2716 1229 2787 καταδῆσαι
1264 2716 1452 2786 σαφῶς
1498 2718 1607 2787 τὴν
1638 2718 1738 2787 τῆς
1764 2716 2001 2780 διανοίας

427 2807 696 2872 πέπεικας
726 2809 965 2880 αὐχένα)
988 2807 1396 2875 ἐξαπέστειλας,
1422 2810 1699 2863 τουτέστιν
1748 2808 2001 2878 ἐξεκόμι-

429 2914 549 2962 σας.
599 2901 768 2971 ῆγουν
815 2900 1108 2972 ἐξήγαγες,
1146 2903 1179 2970 ἢ
1240 2902 1450 2972 ἀνῆκας
1513 2922 1533 2954 ι
1560 2901 1863 2964 ὲκλάκκου
1904 2901 2003 2954 οὐκ

429 2989 644 3060 ἔχοντος
673 2992 839 3064 ὕδωρ.
877 3012 896 3045 ι
930 2994 1224 3064 Σημαίνειν
1249 2993 1306 3047 δὲ
1343 2993 1431 3048 διὰ
1454 2993 1642 3049 τούτου
1688 2992 1870 3065 φαμὲν
1903 2993 2002 3046 αὐτ

426 3083 519 3137 τὸν
548 3083 580 3155 ἢ
609 3084 698 3137 τὸν
718 3084 870 3155 ᾅδην,
897 3084 988 3139 τὸν
1006 3086 1110 3139 οὐκ
1130 3085 1325 3157 ἔχοντα
1351 3086 1516 3157 ζωὴν,
1543 3085 1874 3158 ὲκδεξόμεθα
1894 3084 2003 3158 γὰρ

430 3177 509 3238 εἰς
533 3174 702 3229 τύπον
732 3175 880 3246 ζωῆς
897 3177 955 3230 τὸ
976 3175 1138 3249 ὕδωρ,
1154 3178 1319 3247 ἤγουν
1344 3177 1476 3248 ᾅδην
1512 3175 2003 3246 καταλογιούμεθα,

431 3267 526 3320 καὶ
560 3268 703 3337 μάλα
734 3268 930 3339 ὀρθῶς,
976 3268 1074 3339 τὴν
1109 3269 1200 3323 ἐπί
1220 3287 1283 3338 γε
1312 3272 1424 3333 τοῖς
1462 3269 1830 3340 ψευδωνύμοις
1863 3269 2007 3332 θεοῖς

432 3359 673 3431 ἀπάτην.
703 3359 903 3431 Βόθρος
938 3360 1045 3431 γὰρ
1078 3360 1294 3431 ἀληθῶς
1332 3361 1391 3414 τὸ
1414 3361 1603 3432 χρῆμά
1632 3362 1802 3424 ἐστιν,
1835 3362 1915 3422 εἰς
1948 3360 2007 3413 ὃν

432 3448 590 3521 εἴπερ
613 3467 697 3514 τις
725 3448 862 3515 ὅλως
889 3451 1289 3521 κατολισθήσει,
1326 3451 1470 3520 ζωῆς
1495 3451 1783 3522 ἀμοιρήσει
1805 3449 1904 3520 τῆς
1929 3450 2007 3512 είς

430 3545 601 3597 αίῶνα
620 3543 712 3596 τὸν
738 3544 1020 3613 μέλλοντα.
1057 3544 1182 3596 Ὅτι
1205 3543 1261 3596 δὲ
1290 3543 1564 3597 κεκένωκε
1593 3544 1683 3597 τὸν
1710 3543 1845 3615 ᾅδην
1867 3544 2008 3596 ἀπο-

431 3633 607 3687 θανὼν
635 3635 665 3688 ὁ
690 3636 943 3707 Χριστὸς,
970 3636 1064 3689 καὶ
1084 3636 1253 3707 ἀνῆκε
1273 3639 1385 3699 τοῖς
1404 3638 1461 3689 ὲν
1490 3636 1703 3706 φυλακῇ
1734 3634 2008 3704 πνεύμασι

428 3724 530 3789 τὰς
559 3726 708 3780 κάτω
741 3726 939 3791 πύλας,
971 3728 1136 3781 παντί
1166 3745 1269 3781 που
1300 3727 1488 3796 σαφές.
1514 3728 1659 3797 Ἔφη
1684 3728 1740 3780 δέ
1766 3745 1868 3781 που
1915 3728 2009 3781 καὶ

428 3818 460 3870 6
490 3817 597 3871 τῶν
618 3819 756 3873 ὅλων
802 3818 936 3883 Θεὸς
982 3819 1069 3874 διά
1127 3820 1313 3889 φωνῆς
1350 3820 1612 3891 Ἰερεμίου
1647 3820 1907 3892 περὶτῶν
1950 3819 2017 3891 ἐξ

444 3909 679 3981 Ἰσραὴλ,
708 3910 1175 3965 καταλελειπὸτων
1212 3910 1311 3981 μὲν
1337 3912 1522 3976 αὐτὸν,
1553 3911 1912 3982 τραπομένων
1951 3909 2010 3963 δὲ

434 4000 727 4071 φληνάφως
777 4002 857 4063 εἰς
901 4000 1118 4069 ἀπάτην
1166 4000 1525 4071 εἰδωλομανῆο
1555 4019 1573 4052 ι
1604 4000 1828 4071 Ἐξέστη
1860 4002 1887 4052 ὁ
1919 4001 2011 4053 οὺ-

438 4094 596 4166 ρανὸς
625 4094 721 4148 ἐπὶ
745 4094 941 4165 τούτῳ,
972 4095 1067 4149 καὶ¹
1093 4094 1312 4167 ἔφριξεν
1340 4095 1432 4148 ἐπὶ
1459 4094 1643 4148 πλεῖον
1672 4093 1897 4164 σφόδρα,
1930 4091 2011 4145 λέ-

432 4204 518 4256 γει
546 4186 769 4257 Κύριος·
801 4188 883 4241 ὃτι
943 4186 1056 4251 δύο,
1103 4188 1198 4241 καὶ
1251 4188 1462 4258 πονηρὰ
1504 4186 1760 4257 ἐποίησεν
1809 4188 1837 4239 6
1886 4186 2011 4249 λαός

438 4294 561 4346 μου.
599 4278 731 4349 Ἐμὲ
759 4278 1115 4346 ἐγκατέλιπον
1162 4277 1346 4349 πηγὴν
1396 4277 1589 4340 ὓδατος
1643 4276 1865 4341 ζῶντος,
1919 4277 2012 4330 καὶ

434 4366 647 4438 ὤρυξαν
676 4370 887 4432 ἑαυτοῖς
933 4369 1167 4433 λάκκους
1214 4369 1728 4440 συντετριμμένους,
1750 4370 1799 4423 οἳ
1828 4368 1888 4422 ού
1921 4369 2011 4421 δυ-

2108 1899 2192 1944 tas
2221 1889 2495 1955 Christus,
2520 1891 2611 1961 qui
2643 1906 2839 1946 omnes
2870 1905 2967 1944 nos
2996 1890 3050 1945 in
3078 1890 3347 1961 sanguine
3378 1888 3686 1944 testamenti

2108 1988 2375 2036 mercatus
2406 1981 2849 2052 estaﬂedempti
2877 1982 3020 2039 enim
3050 1995 3241 2037 sumus
3274 1995 3380 2034 non
3413 1978 3685 2047 corrupti-

2108 2068 2306 2125 bilibus
2348 2085 2479 2126 auro
2501 2072 2583 2129 vel
2612 2086 2853 2144 argento,
2887 2083 2946 2129 ut
2973 2073 3272 2145 discipulus
3302 2072 3545 2142 ejusdem
3570 2071 3647 2125 ait
3670 2108 3685 2135 ,

2107 2162 2201 2216 sed
2234 2165 2471 2230 pretioso
2501 2165 2768 2235 sanguine
2810 2174 3069 2235 tanquam
3128 2164 3251 2235 agni
3311 2161 3685 2223 immaculati,

2106 2267 2160 2309 et
2194 2255 2596 2311 incontaminati
2627 2256 2825 2313 Christi
2852 2256 2925 2312 ⁵.»
2959 2256 3039 2311 Tu
3071 2256 3256 2327 igitur,
3283 2255 3478 2327 inquit,
3498 2252 3688 2323 justis-

2107 2349 2245 2404 sime
2272 2361 2327 2404 et
2367 2350 2801 2407 mansuetissime
2832 2365 2950 2419 rex,
2988 2351 3042 2405 in
3082 2348 3345 2427 sanguine
3378 2346 3688 2403 testamenti

2106 2441 2318 2497 vinctos
2356 2451 2479 2498 tuos
2511 2444 2532 2511 (
2565 2446 2666 2499 hoc
2693 2453 2797 2508 est,
2832 2459 2968 2514 quos
3003 2443 3230 2499 vinculis
3253 2436 3691 2498 charitatiscou-

2107 2534 2395 2600 strinxisti,
2432 2536 2748 2607 quibusque
2782 2535 3122 2606 persuasisti,
3152 2534 3229 2589 uti
3262 2532 3462 2589 mentis
3512 2530 3689 2588 cervi-

2106 2639 2222 2679 cem
2260 2626 2389 2697 jugo
2426 2636 2518 2683 tuo
2563 2630 2969 2694 submitterent,
3017 2638 3073 2682 et
3131 2627 3310 2697 palam
3372 2625 3684 2696 illigarent)

2107 2716 2356 2783 emisisti,
2394 2718 2499 2774 hoc
2544 2728 2626 2775 est
2659 2719 2927 2785 extulisti,
2958 2721 3074 2775 sive
3105 2718 3361 2783 eduxisti,
3392 2718 3508 2774 sive
3532 2716 3691 2772 dimi-

2108 2807 2223 2861 sisti
2257 2828 2276 2861 ι
2311 2824 2375 2863 ex
2404 2810 2527 2865 lacu
2563 2826 2668 2865 non
2704 2813 2940 2866 habente
2968 2826 3217 2881 aquam.»
3253 2810 3462 2879 Quibus
3510 2806 3693 2864 verbis

2109 2907 2200 2953 aut
2233 2899 2525 2966 infernum,
2554 2902 2643 2957 ubi
2670 2916 2777 2956 non
2811 2911 2894 2956 est
2926 2902 3054 2968 vita,
3084 2898 3382 2967 signiﬁcari
3415 2896 3689 2963 dicimus;

2109 3008 2301 3064 aquam
2340 2992 2481 3048 enim
2510 3008 2605 3063 pro
2629 2994 2872 3065 symbolo
2904 2994 3026 3047 vita:
3053 2994 3384 3061 accipiamus
3407 2990 3557 3054 licet;
3601 2998 3693 3044 aut

2112 3094 2257 3141 certe
2288 3084 2558 3140 infernum
2580 3085 3095 3140 convenientissime
3158 3083 3416 3139 falsorum
3464 3083 3692 3138 deorum

2114 3175 2379 3230 fallaciam
2408 3174 3081 3247 interpretabimur.739
3102 3173 3241 3232 Vere
3255 3175 3398 3230 enim
3416 3173 3571 3230 fovea
3585 3182 3691 3240 est,

2108 3268 2161 3323 in
2201 3284 2360 3340 quam
2391 3270 2435 3323 si
2469 3270 2591 3338 quis
2618 3268 2831 3337 penitus
2873 3268 3154 3335 deciderit,
3212 3268 3323 3321 vita
3382 3264 3567 3322 futura
3622 3279 3688 3321 ac

2109 3360 2438 3428 sempiterna
2509 3361 2738 3418 carebit.
2808 3358 3112 3415 Evacuasse
3185 3369 3363 3415 autem
3417 3357 3689 3414 infernum

2108 3453 2382 3508 Christum
2414 3461 2708 3518 mortuum,
2738 3460 2793 3506 et
2822 3451 3102 3519 spiritibus
3138 3451 3188 3505 in
3223 3450 3470 3507 custodia
3499 3451 3688 3508 deten-

2108 3545 2181 3600 tis
2243 3547 2522 3615 aperuisse
2557 3554 2743 3615 portas
2772 3544 2997 3608 inferas,
3028 3545 3299 3600 neminem
3324 3544 3477 3599 latet.
3508 3543 3690 3615 Inquit

2110 3648 2165 3691 et
2190 3636 2383 3692 alicubi
2411 3638 2784 3693 universorum
2813 3636 2956 3692 Deus
2984 3652 3080 3707 per
3093 3635 3389 3693 Jeremiam
3411 3637 3480 3693 de
3513 3636 3688 3695 Israe-

2113 3730 2221 3785 litis
2249 3730 2620 3786 desertoribus
2654 3730 2795 3797 suis,
2818 3739 2875 3785 et
2906 3732 2972 3783 ad
3005 3730 3271 3786 fallaciam
3326 3729 3502 3786 insani
3554 3728 3689 3787 deo-

2112 3834 2233 3874 rum
2268 3819 2448 3875 cultus
2473 3818 2639 3874 stulte
2701 3819 2980 3875 conversis
3026 3836 3041 3872 :
3079 3837 3098 3872 ι
3160 3819 3453 3891 Obstupuit
3492 3819 3690 3877 costum

2112 3924 2277 3981 super
2304 3911 2428 3977 hoc,
2464 3920 2520 3965 et
2549 3911 2821 3966 inhorruit
2850 3910 3139 3981 plurimum
3167 3912 3536 3980 vehementer,
3558 3912 3692 3969 dicit

2113 4003 2373 4059 Dominus
2408 4004 2577 4072 :quia
2615 4003 2722 4056 duo
2753 4002 2891 4056 mala
2924 4001 3055 4057 fecit
3109 4003 3334 4074 populus
3386 4018 3557 4062 meus.
3607 4002 3693 4062 Me

2112 4096 2517 4167 dereliquerunt
2575 4097 2777 4152 fontem
2828 4112 2982 4166 aqua:
3026 4096 3278 4165 viventis,
3314 4107 3369 4153 et
3441 4097 3693 4155 foderunt

2113 4190 2213 4245 sibi
2247 4192 2396 4245 lacus
2428 4189 2712 4255 contritos,
2744 4192 2836 4259 qui
2862 4204 2968 4244 non
3008 4197 3262 4258 poterunt
3317 4203 3511 4261 aquam
3561 4204 3693 4247 con-

2113 4282 2293 4336 tinere
2325 4281 2368 4338 ⁵.
2400 4299 2418 4333 ι
2448 4279 2910 4348 Quemadmodum
2950 4281 3093 4335 enim
3130 4279 3253 4335 fons
3281 4280 3425 4345 vitae,
3455 4289 3512 4337 et
3568 4279 3691 4338 fons

2113 4370 2392 4426 viviﬁcans
2426 4378 2508 4426 est
2537 4380 2681 4425 recta
2725 4378 2781 4425 et
2807 4370 3009 4426 erroris
3050 4385 3244 4439 expers
3282 4370 3376 4427 Dei
3402 4371 3640 4442 cognitio
3671 4390 3686 4427 :

433 4463 685 4531 νήσονται
734 4461 875 4533 ὕδωρ
919 4462 1180 4532 συνέχειν.
1218 4480 1236 4513 ι
1269 4462 1479 4533 Ὥσπερ
1520 4462 1628 4532 γάρ
1685 4464 1800 4515 ἐστι
1858 4461 2008 4533 πηγὴ

2115 4462 2187 4515 ita
2222 4461 2369 4517 velut
2397 4462 2546 4518 lacus
2569 4462 2838 4533 inaquosi,
2863 4473 2917 4517 et
2950 4464 3170 4518 contriti
3236 4462 3557 4520 idololatriae
3604 4464 3691 4521 lu-

435 4554 598 4625 ζωῆς,
636 4558 732 4608 καὶ
968 4554 1232 4620 ζωοπυιὸς
1267 4556 1300 4624 ἡ
1345 4556 1478 4626 ὀρθή
1512 4573 1570 4609 τε
1619 4554 1708 4608 καὶ
1758 4554 2005 4624 ἀπλανὴς

2114 4553 2288 4617 dicra,
2319 4564 2373 4610 et
2406 4554 2780 4610 aberrationes
2818 4556 2885 4609 ab
2914 4556 3030 4623 ipsa
3060 4564 3285 4626 possunt
3309 4555 3556 4629 intelligi.
3582 4556 3689 4614 De-

426 4648 565 4719 νπερὶ
591 4646 726 4701 Θεοῦ
752 4646 970 4716 γνῶσιςο
1003 4645 1175 4710 οὕτως
1204 4645 1443 4718 ἄνυδροι,
1503 4648 1594 4699 καὶ
1625 4646 1787 4699 οἱονεὶ
1814 4645 2007 4700 λάκκοι

2116 4647 2239 4702 inde
2276 4648 2420 4716 ipsos
2459 4648 2667 4702 vinctos
2690 4646 3042 4717 compellans,
3064 4647 3130 4702 ad
3158 4662 3310 4716 spem
3340 4650 3535 4704 bonam
3594 4664 3691 4706 eos

435 4740 886 4810 συντετριμμένοι
943 4737 1182 4810 νοηθεῖεν
1233 4739 1301 4793 ἂν
1351 4738 1421 4791 τά
1446 4738 1547 4809 τῆς
1591 4738 2006 4809 είδωλολατρίας

2113 4740 2310 4810 erigit:
2346 4758 2365 4791 ι
2407 4738 2674 4794 Sedebitis
2700 4740 2753 4792 iu
2788 4739 3085 4795 munitione
3117 4740 3284 4795 vincti
3315 4743 3689 4811 congregatio,

433 4830 743 4903 ἀθύρματα,
794 4832 890 4884 καὶ
922 4834 955 4903 ή
981 4832 1110 4903 περὶ
1162 4830 1327 4885 αὑτοῦ
1386 4830 1675 4901 πλάνησις.
1706 4825 1850 4885 Εἶτα.
1872 4830 2008 4903 πρὸς

2116 4832 2219 4885 uis.
2255 4849 2273 4881 ι
2310 4827 2751 4895 Munitionem,ut
2785 4829 2914 4883 mihi
2937 4830 3146 4885 videtur
3177 4828 3472 4891 Ecclesiam
3503 4829 3689 4901 appel-

432 4925 630 4989 αὐτοὺς
684 4923 991 4993 διαλέγεται
1033 4925 1157 4988 τοὺς
1221 4923 1497 4993 δεσμίους,
1544 4925 1643 4977 καὶ
1662 4924 1741 4986 είς
1787 4923 2012 4987 ἐλπίδας

2111 4921 2206 4987 lat,
2229 4929 2289 4976 ut
2317 4920 2575 4975 munitam
2603 4919 2655 4972 in
2689 4917 2929 4985 Christo,
2964 4929 3020 4975 et
3048 4922 3452 4979 inconcussam.
3476 4917 3689 4978 SCSSiO.’

433 5016 631 5080 αὐτοὺς
664 5015 877 5084 ἀγαθάς
923 5014 1256 5087 παραθήγει,
1314 5016 1513 5084 λέγων·
1562 5036 1580 5065 ι
1606 5014 1927 5085 Καθήσεσθε
1954 5018 2011 5069 ὲν

2108 5028 2232 5069 nem
2263 5013 2393 5068 dicit
2420 5012 2471 5067 in
2503 5012 2607 5068 lide
2660 5014 2949 5083 quamdam
2991 5012 3366 5069 stabilitatem.
3417 5010 3686 5084 Scriptura

434 5106 745 5181 ὀχυρώματι
774 5107 982 5178 δέσμιοι
1021 5108 1121 5179 τῆς
1157 5110 1500 5178 συναγωγῆς.
1556 5128 1574 5159 ι
1609 5108 2010 5179 Καὶοόχύρωμα

2108 5115 2192 5160 est
2219 5105 2361 5160 enim
2386 5105 2451 5160 de
2482 5104 2591 5159 Deo
2620 5124 2633 5160 :
2658 5124 2676 5157 ι
2717 5104 2985 5173 Quoniam
3003 5114 3056 5159 tu
3083 5105 3277 5162 sedens
3308 5106 3362 5161 in
3386 5107 3582 5163 saecula
3605 5108 3681 5173 ’,ι

437 5198 559 5271 μὲν,
594 5198 845 5267 καθάπερ
871 5193 1108 5268 ἐγῷμαι,
1138 5198 1236 5269 τὴν
1272 5200 1598 5269 Ἐκκλησίαν
1643 5198 1910 5253 ἀποκαλεῖ
1933 5198 2008 5261 ὡς

2114 5200 2219 5253 hoc
2249 5208 2332 5252 est
2360 5198 2607 5254 stabilem
2633 5206 2689 5252 et
2736 5198 3112 5253 inconcussam
3170 5199 3684 5255 naturamhabens.

432 5294 842 5365 τετειχισμένην
868 5295 925 5346 ὲν
980 5292 1221 5364 Χριστῷ,
1276 5294 1368 5346 καὶ
1402 5294 1714 5363 ἀκλονήτως
1753 5292 2001 5365 ἔχουσαν.

2117 5290 2282 5348 Erilis
2314 5291 2477 5362 igitur
2514 5290 2712 5357 securi,
2745 5290 2936 5358 inquit,
2961 5288 3271 5344 ﬁrmitatem
3308 5290 3432 5346 ﬁdei
3484 5290 3688 5348 haben-

434 5385 680 5455 Κάθησιν
711 5384 771 5439 δέ
819 5402 954 5456 φησι
997 5386 1058 5439 τὸ
1090 5379 1201 5438 οἷον
1261 5383 1542 5455 ίκδρυμένον
1575 5386 1633 5437 έν
1670 5383 1871 5438 πίστει.
1904 5384 2006 5436 Γέιι

2118 5393 2272 5447 tes,o
2293 5382 2456 5437 vincti
2486 5380 2918 5451 congregationis
2950 5393 3106 5447 meat,
3136 5390 3361 5449 quaest
3385 5383 3441 5438 in
3473 5382 3687 5441 Christo

434 5493 676 5547 γραπται
701 5474 811 5546 γάρ
839 5477 967 5547 περ).
994 5474 1149 5531 Θεοῦ’
1188 5496 1205 5528 ι
1223 5476 1354 5535 ,Ὅτι
1378 5477 1441 5529 σὺ
1480 5475 1786 5545 καθήμενος
1810 5477 1891 5539 είς
1915 5475 2006 5529 τὸν

2110 5474 2524 5543 justiﬁeatorum
2553 5482 2742 5531 sancta
2776 5469 3082 5530 multitudo.
3117 5471 3232 5529 Non
3259 5484 3469 5533 autemr
3488 5477 3689 5537 caritu-

506 5680 521 5709 ¹
550 5675 778 5755 Philipp.
813 5692 893 5755 ιι,φ
914 5678 961 5735 7,
1054 5681 1073 5710 ³
1103 5674 1291 5755 llebr.
1320 5691 1435 5745 an,
1486 5676 1540 5731 Ξ.

469 5763 659 5817 nvm,
690 5748 779 5803 l0.
884 5748 891 5755 “
1103 5751 1111 5757 ’

1657 5677 1675 5708 ³
1703 5676 1873 5745 Exod.
1913 5690 2023 5732 ιλιι

2121 5678 2173 5735 8.
2296 5676 2314 5707 "
2346 5674 2379 5737 ι,
2423 5674 2567 5741 Patr.
2624 5693 2661 5743 ι,
2708 5676 2793 5733 18.
2908 5675 3158 5733 'Jerem.
3194 5690 3251 5743 ιι,
3291 5678 3376 5744 l3,
3494 5674 3688 5745 Ῥείη.
