4072 6370
481 420 586 481 155

1473 405 1529 462 S.
1571 402 1850 462 CYRILLI
1886 397 2358 458 ALEXANDRINI
2394 391 2713 452 ARCIIIEP.

3641 377 3748 435 156

483 553 666 592 mram
700 532 1032 596 hominibus,
1057 537 1116 583 ut
1142 527 1545 595 videantopera
1580 535 1761 580 vestra
1795 525 1958 590 bona,
1997 532 2055 580 et
2087 562 2094 589 ι

2193 535 2302 574 ωσι
2351 517 2413 571 τὸ
2455 516 2592 584 φῶς.
2632 532 2652 566 ι
2705 511 2816 566 Kal.
2849 508 3009 564 πάλιν
3041 502 3300 596 ἑτέρωθι·
3329 520 3364 596 ἰ
3410 499 3572 596 οὕτω
3601 497 3744 596 λαμ-

483 626 778 701 gloriiicent
804 623 1015 678 Patrem
1046 629 1284 674 vestrum
1323 619 1414 689 qui
1442 620 1495 672 in
1522 617 1676 673 etelis
1708 627 1792 672 est
1827 620 1890 669 ι’.
1927 636 1944 668 ι

562 889 722 962 742
740 887 903 943 VERS.
922 888 1011 953 15,
1041 885 1126 942 16.
1154 886 1220 940 Et
1240 886 1494 941 Dominus
1514 888 1840 954 omnipotens
1859 887 1913 939 in
1937 887 2062 940 tuba

488 981 728 1051 clanget;
773 990 823 1034 et
873 978 966 1031 ibit
1012 980 1068 1031 in
1115 978 1462 1032 commotione
1506 977 1769 1029 minarum
1820 989 2064 1028 suarum.

488 1067 748 1122 Dominus
777 1067 1104 1134 omnipotens
1148 1059 1370 1132 protegit
1393 1081 1504 1124 eos,
1533 1075 1581 1119 et
1620 1071 1928 1118 consument
1953 1079 2062 1127 eos,

489 1168 536 1209 et
587 1156 810 1210 obruent
872 1171 960 1208 eos
995 1157 1050 1209 in
1077 1153 1340 1222 lapidibus
1371 1154 1573 1224 fundas,
1605 1165 1658 1208 et
1696 1154 1896 1208 ebibent
1937 1169 2066 1206 san-

490 1249 700 1316 guinem
738 1263 921 1301 eorum
967 1248 1101 1302 sicut
1136 1247 1332 1311 uinum,
1359 1256 1408 1301 et
1445 1245 1732 1314 implebunt
1769 1257 1824 1300 ut
1853 1245 2065 1315 phialas

492 1338 682 1392 altare.
713 1338 782 1393 Et
811 1339 1030 1394 salvabit
1056 1355 1144 1394 eos
1178 1340 1434 1394 Dominus
1463 1339 1516 1392 in
1545 1339 1629 1392 die
1665 1338 1758 1392 illa
1788 1339 1922 1394 sicut
1949 1353 2068 1392 oves

493 1430 742 1500 populum
765 1447 942 1487 suum.

567 1609 749 1667 LXIII.
787 1611 1219 1668 Commilitonem
1274 1621 1331 1667 et
1373 1625 1650 1667 armorum
1709 1609 1914 1665 socium
1947 1650 1962 1674 ,
2014 1617 2074 1664 ut

498 1702 635 1767 dixi,
659 1704 825 1760 claris
851 1703 1032 1760 verbis
1055 1704 1188 1774 ipsis
1212 1703 1456 1774 adiungit
1476 1702 1852 1758 universorum
1876 1699 2072 1765 Deum,

507 1795 641 1849 adeo
674 1795 1026 1860 instructum,
1051 1803 1107 1849 et
1136 1793 1297 1849 simul
1329 1801 1539 1849 certare
1565 1793 1842 1860 cupidum,
1877 1800 1936 1846 ut
1958 1791 2073 1859 jam

2161 611 2320 681 ψάτω
2346 607 2408 662 τὸ
2434 605 2551 676 φῶς
2591 607 2620 658 ὑ
2629 603 2746 674 μῶν
2771 599 3083 672 ἔμπροσθεν
3114 595 3225 650 τῶν
3253 591 3574 665 ἀνθρώπων,
3598 589 3747 681 ὅπως

2164 679 2316 753 ῖδωσι
2341 697 2414 751 τὰ
2441 695 2584 750 καλά
2617 695 2773 765 ὑμῶν
2799 693 2956 764 ἔργα,
2983 690 3079 745 καὶ
3109 686 3376 755 δοξάσωσι
3404 681 3496 738 τὸν
3529 679 3748 751 Πατέρα

2165 792 2318 862 ὑμῶν
2346 790 2440 843 τὸν
2484 790 2544 842 ὲν
2569 789 2682 850 τοῖς
2714 786 2986 856 οὐρανοῖς,
3030 801 3048 834 ι

2234 882 2344 938 Kal
2381 883 2598 951 Κύριος
2619 874 3043 945 παντοκράτωρ
3075 874 3146 927 ἐν
3170 869 3460 937 σάλπιγγι
3482 860 3745 925 cadmei,

2165 975 2263 1028 καὶ
2291 973 2646 1041 πορεύσεται
2680 970 2752 1022 ἐν
2787 965 2960 1032 σάλῳ
2989 961 3250 1031 ἀπειλῆς
3294 956 3504 1015 αὐτοῦ.
3539 955 3752 1021 Κύριος

2167 1063 2588 1134 παντοκράτωρ
2616 1058 2977 1129 ὑπερασπιεῖ
3027 1053 3247 1119 αὐτῶν,
3279 1050 3379 1106 καὶ
3411 1042 3752 1104 καταναλώ-

2167 1173 2393 1212 σουσιν
2421 1153 2662 1220 αὐτοὺς,
2693 1152 2792 1206 καὶ
2819 1148 3243 1220 καταχὼσουσι
3272 1141 3550 1206 ὲνλίθοις
3572 1153 3758 1207 σφεν-

2167 1246 2375 1314 δόνης,
2420 1247 2519 1300 καὶ
2567 1244 2880 1298 ἐκπίονται
2929 1241 2995 1295 τὸ
3029 1233 3174 1308 αἷμα
3214 1231 3413 1290 αὐτῶν
3443 1231 3523 1297 ὠς
3563 1229 3754 1290 οἶνον,

2171 1339 2270 1392 καὶ
2331 1336 2644 1404 θελήσουσι
2701 1336 2782 1402 ὡς
2844 1331 3067 1403 φιάλας
3128 1322 3581 1391 θυσιαστήριον.
3645 1315 3756 1374 Kal.

2171 1431 2356 1486 σώσει
2395 1431 2618 1495 αὐτοὺς
2666 1428 2882 1496 Κύριος
2933 1425 3003 1478 ἐν
3066 1421 3141 1490 τῇ
3192 1417 3382 1489 ἡμέρᾳ
3427 1411 3626 1479 ἐκείνῃ
3676 1409 3760 1475 ὡς

2173 1523 2439 1590 πρόϐατα
2472 1519 2629 1574 λαὸν
2659 1517 2872 1572 αὑτοῦ.

2241 1632 2359 1687 EI".
2400 1629 2802 1700 Συνασπιστὴν,
2833 1627 2911 1691 ὡς
2956 1625 3116 1696 ἔφην,
3166 1623 3261 1677 καὶ
3293 1617 3554 1676 σύνοπλον
3579 1613 3765 1676 αὐτοῖς

2176 1724 2507 1797 παρίστησιν
2538 1719 2788 1793 ἐναργῶς
2809 1722 2836 1772 6
2854 1717 3036 1786 λόγος,
3057 1715 3148 1768 τὸν
3170 1713 3280 1766 τῶν
3316 1710 3453 1765 ὅλων
3477 1707 3633 1772 Θεδν,
3654 1721 3765 1758 παν

2180 1815 2579 1890 ραταττόμενον
2616 1812 2780 1876 οὕτω,
2805 1811 2900 1865 καὶ
2938 1806 3220 1863 συναθλεῖν
3241 1801 3537 1890 ᾑρημένον,
3559 1799 3632 1863 ὡς
3658 1797 3762 1869 ἠδη

505 1884 779 1941 hostiliter
831 1885 1108 1954 ingruere,
1149 1885 1260 1940 imo
1294 1885 1483 1954 pedem
1511 1884 1780 1950 conferre,
1811 1893 1865 1938 et
1914 1881 2074 1953 quid-

2193 1909 2366 1962 δοκεῖν
2413 1881 2509 1959 καὶ
2545 1902 2880 1976 ἐξηρτῆσθαι
2931 1896 3263 1970 πολεμικῶς,
3295 1895 3390 1949 καὶ
3434 1887 3544 1946 οἷον
3567 1890 3769 1962 χωρεῖν

501 1975 632 2046 quid
674 1976 728 2030 in
771 1991 831 2032 se
856 1983 940 2031 est
972 1977 1166 2031 virium
1204 1977 1256 2032 in
1298 1978 1501 2037 hostes.
1532 1984 1588 2030 et
1613 1977 1667 2030 in
1705 1976 1942 2044 ipsorum
1984 1989 2075 2029 ro-

505 2069 609 2126 bur
658 2066 940 2124 effundere
989 2071 1262 2125 videatur.
1305 2067 1632 2123 Rectissime
1676 2082 1838 2138 porro
1881 2067 2076 2136 inquit,

506 2160 706 2216 bellum
747 2160 1015 2217 [acturum
1053 2176 1156 2216 non
1190 2161 1255 2217 iis
1281 2162 1372 2232 qui
1397 2176 1493 2229 per
1525 2161 1684 2216 ﬁdem
1715 2160 1782 2214 ad
1816 2158 2078 2227 justiﬁes-

505 2253 709 2307 tionem
767 2260 1029 2322 tanquam
1074 2269 1272 2323 sagena
1327 2255 1470 2323 capti
1523 2262 1692 2307 sunt:
1749 2252 1845 2308 sed
1884 2251 2082 2308 divina:

505 2345 884 2413 praedicationi
911 2345 1205 2401 infeliciter
1223 2345 1608 2409 obnitentibus,
1636 2361 1773 2414 quos
1803 2353 1858 2398 et
1883 2343 2084 2398 Paulus

510 2435 741 2499 notavit,
777 2451 900 2491 cum
928 2436 1066 2492 dixit
1095 2454 1110 2492 :
1153 2455 1171 2488 ι
1212 2435 1421 2493 Ostium
1447 2437 1590 2490 enim
1625 2435 1754 2491 mihi
1803 2449 2084 2502 magnum,

509 2537 566 2582 et
615 2528 834 2582 evidens
863 2540 1110 2599 apertum
1141 2537 1244 2592 est,
1294 2538 1348 2582 et
1405 2527 1698 2583 adversarii
1750 2527 1901 2582 multi
1940 2527 2026 2580 ³³³.
2061 2545 2078 2576 ι

509 2620 680 2676 Canet
718 2620 902 2692 igitur,
954 2621 1153 2692 inquit,
1208 2623 1331 2677 tuba
1390 2621 1669 2677 Dominus.
1725 2619 1961 2676 Locutus
2005 2629 2090 2674 est

511 2713 658 2768 enim
711 2714 970 2770 Dominus
1019 2714 1456 2782 praedicationem
1518 2713 1923 2783 evangelicam,
1958 2727 2082 2782 qum

514 2818 707 2860 omnes
753 2814 928 2861 terras
983 2807 1246 2876 pervasit,
1292 2805 1510 2876 quando
1569 2806 1742 2860 audiri
1796 2813 1974 2874 potest
2023 2805 2092 2859 ab

514 2893 770 2961 omnibus
810 2896 1128 2968 mysterium
1157 2911 1170 2948 :
1210 2904 1330 2950 erat
1356 2896 1500 2950 enim
1528 2895 1674 2950 tenui
1707 2909 1861 2961 voce,
1888 2903 1944 2948 et
1988 2894 2095 2946 lin-

516 3000 620 3055 gua
664 2984 852 3040 tardus
891 2985 1090 3049 Moses,
1121 3000 1292 3055 quare
1339 2987 1501 3041 etiam
1534 2985 1620 3040 vix
1665 3000 1762 3052 per
1792 2984 1964 3039 solam
1997 2983 2095 3039 Ju-

519 3077 689 3131 da’am
725 3079 1121 3134 exaudiebatur
1142 3079 1210 3135 ²⁰.
1236 3080 1304 3134 At
1328 3094 1508 3134 sermo
1534 3079 1602 3132 de
1629 3078 1849 3132 Christo
1895 3077 2096 3132 talibus

519 3169 763 3224 terminis
808 3185 1146 3240 nequaquam
1199 3171 1530 3227 continetur.
1583 3169 1716 3224 Nam
1761 3179 1820 3224 ut
1866 3168 2098 3224 buccina

519 3262 738 3333 egregia
785 3269 841 3315 et
871 3262 1281 3327 sonantissima,
1332 3262 1574 3315 omnium
1620 3261 1847 3316 auribus
1893 3261 2094 3330 ubique

2201 3235 2332 3340 πιγξ
2371 3235 2638 3343 λαμπρὰ,
2673 3235 2774 3324 καί
2816 3235 3201 3340 εὐηχεστάτη,’
3224 3235 3320 3320 καῖ
3368 3235 3490 3326 ταῖς
3529 3259 3789 3315 ἁπάντων

522 3351 784 3416 insonuit.
820 3371 839 3404 ι
875 3353 976 3407 Ibit
999 3363 1180 3407 autem
1213 3368 1310 3407 ceu
1346 3353 1398 3406 in
1433 3353 1798 3409 commotione
1827 3352 2097 3406 minarum

523 3456 771 3510 suarum,
810 3461 829 3494 ι
860 3451 917 3496 et
942 3445 1022 3497 sic
1051 3451 1297 3514 proteget
1325 3443 1586 3498 satellites
1631 3458 1782 3509 suos,
1813 3452 1873 3498 ut
1903 3443 2102 3498 adver-

523 3533 653 3586 sarii
703 3537 852 3602 quasi
903 3535 972 3588 ab
1011 3534 1134 3604 igne
1181 3542 1597 3600 consumantur,
1641 3545 1697 3590 et
1745 3543 1953 3589 tantum
1992 3550 2098 3589 non

523 3626 685 3680 etiam
750 3625 928 3682 fornice
977 3626 1247 3695 lapidibus
1286 3642 1383 3682 eos
1432 3627 1685 3682 universe
1753 3627 2104 3685 verberantes

524 3715 774 3769 obruent.
811 3735 830 3767 ι
866 3714 1099 3771 Ebihent
1152 3717 1280 3772 item
1327 3717 1641 3787 sanguinem
1683 3732 1892 3783 eorum,
1934 3737 1955 3771 ι
2002 3719 2106 3775 hoc

525 3817 634 3872 est,
691 3807 856 3862 veluti
907 3809 1155 3879 quasdam
1205 3807 1397 3863 bellua;
1437 3809 1758 3876 insilientes,
1804 3809 1961 3866 facile
2015 3827 2106 3865 su.

530 3895 798 3974 perahunt
852 3911 906 3956 et
932 3901 1322 3956 occidcttteos.
1366 3901 1447 3955 Ad
1484 3901 1598 3957 lucc
1636 3902 1870 3958 offerent
1897 3903 2109 3974 phialas

529 3992 794 4062 sanguine
829 3991 1266 4046 occumbentium
1303 3990 1510 4059 plenas,
1554 4001 1614 4046 ut
1654 3993 1968 4049 libationem
2009 3994 2106 4049 ali-

529 4098 695 4154 quam
741 4081 808 4137 ad
851 4084 1045 4138 altare.
1085 4081 1182 4138 Est
1202 4084 1348 4155 enim
1380 4085 1563 4138 suavis
1599 4082 1734 4138 odor
1763 4084 1892 4149 Deo,
1932 4093 1987 4140 et
2023 4100 2110 4140 ac-

531 4175 803 4246 ceptabile
825 4175 1174 4239 sacriﬁcium,
1203 4186 1450 4230 errantes
1481 4175 1678 4230 salvari
1710 4176 2110 4245 prohibentium

535 4269 811 4324 interitus.
862 4264 920 4321 Si
954 4267 1099 4320 enim
1147 4265 1525 4322 interfectores
1561 4281 1852 4336 corporum
1899 4269 2114 4324 miseri-

534 4362 775 4417 cordiam
827 4376 933 4415 non
984 4369 1284 4425 merentur,
1324 4360 1416 4413 sed
1459 4359 1572 4428 pari
1623 4362 1803 4424 potius
1852 4360 2114 4430 supplicio

537 4449 800 4504 multandi
847 4459 996 4510 sunt,
1031 4449 1156 4517 quid
1203 4449 1270 4500 de
1314 4449 1725 4517 corruptoribus
1751 4460 1805 4504 et
1839 4450 2114 4521 jugulato-

539 4543 691 4598 ribus
717 4542 1023 4596 animarum
1058 4539 1339 4595 dicemus?

609 4720 809 4787 Quales
855 4720 1037 4774 haberi
1084 4735 1302 4788 quoque
1345 4728 1572 4788 possunt
1619 4729 1937 4790 praestantes
1974 4722 2118 4776 inter

540 4811 784 4875 Graecos,
808 4821 859 4865 et
909 4811 1199 4865 mundanae
1238 4811 1520 4882 sapientia:
1551 4811 1778 4880 gloriam
1811 4813 2116 4876 consecuti,

543 4903 743 4972 quibus
778 4899 974 4956 crebro
1001 4901 1053 4954 in
1106 4915 1204 4956 ore
1231 4910 1358 4955 sunt
1402 4901 1475 4954 dii
1523 4901 1768 4971 denique,
1813 4913 1868 4956 et
1917 4905 2008 4971 qui
2051 4904 2118 4958 ad

542 5005 851 5049 creaturam
882 4993 1053 5063 magis
1084 5007 1245 5062 quam
1277 4994 1344 5046 ad
1389 4991 1550 5065 743
1574 4991 1887 5048 Creatorem
1938 4996 2121 5050 colen-

545 5089 673 5142 dum
717 5086 1032 5149 sollicitant,
1075 5096 1129 5138 ct
1173 5085 1400 5139 cuilibet
1427 5086 1697 5140 elemento
1738 5085 1850 5140 Deo
1883 5087 2123 5142 debitqu

551 5177 813 5230 honorem
863 5185 1206 5229 consecrant.
1252 5175 1412 5244 Atqui
1467 5175 1750 5239 mundum,
1793 5191 1900 5231 non
1949 5178 2124 5232 solum

549 5268 786 5336 quandiu
818 5269 918 5339 ipsi
947 5269 1218 5330 vivebant,
1263 5270 1356 5323 sed
1392 5268 1558 5322 etiam
1594 5267 1660 5321 ad
1714 5277 1959 5337 tempora
1993 5284 2126 5323 con-

2183 1998 2402 2070 μᾶλλον,
2458 1997 2553 2051 καὶ
2612 1997 2679 2067 τῇ
2712 1995 2833 2048 κατ’
2871 1990 3084 2062 ἐχθρῶν
3107 1985 3204 2063 ὅλῃ
3245 1985 3486 2059 χρῆσθαι
3515 1981 3765 2052 δυνάμει,

2180 2088 2412 2158 καὶτῆς
2453 2085 2679 2155 ἐνούσης
2725 2083 3038 2147 εὑσθενείας
3090 2081 3298 2142 αὐτοῖς.
3346 2070 3772 2144 Καταστρατεύ-

2182 2177 2336 2234 εσθαί
2364 2195 2428 2248 γε
2462 2176 2567 2249 μὴν
2602 2172 2663 2230 εὖ
2701 2175 2844 2247 μάλα
2891 2175 3077 2244 φησιν,
3107 2171 3232 2242 οὐχὶ
3260 2167 3369 2222 τῶν
3401 2165 3488 2220 διὰ
3531 2165 3774 2226 πίστεως

2183 2273 2263 2334 είς
2293 2269 2576 2323 δικαίωσιν
2606 2264 3078 2337 σαγηνευομένων,
3107 2261 3244 2315 ἀλλὰ
3275 2259 3385 2312 τῶν
3425 2255 3626 2317 ἀθλίως
3648 2252 3776 2308 ἅνθ-

2185 2361 2493 2431 εστηκότων
2538 2359 2619 2429 τῷ
2660 2358 2789 2425 θείῳ
2830 2355 3168 2427 κηρύγματι,
3217 2349 3312 2414 οὒς
3352 2351 3448 2404 καὶ
3483 2347 3513 2399 6
3552 2344 3774 2406 Παῦλος

2188 2454 2555 2525 κατεσήμηνε,
2603 2451 2815 2521 λέγων’
2863 2470 2881 2500 ι
2943 2449 3096 2519 Θύρα
3135 2447 3245 2516 γάρ
3287 2460 3377 2514 μοι
3425 2440 3634 2511 ἀνέῳγε
3676 2451 3780 2508 με-

2187 2543 2327 2614 γάλη
2357 2544 2451 2597 καὶ
2479 2541 2737 2613 ἐναργὴς,
2765 2540 2860 2594 καὶ
2887 2542 2936 2594 οἱ
2964 2536 3331 2606 ἀντικείμενοι
3357 2529 3559 2588 πολλοί.
3593 2548 3613 2580 ι
3645 2526 3786 2580 Σαλα

2190 2638 2308 2688 πιεῖ
2337 2635 2516 2690 τοίνυν
2541 2636 2569 2687 6
2599 2634 2823 2706 Κύριος,
2860 2631 3044 2702 φησὶν,
3081 2632 3142 2684 ὲν
3175 2627 3462 2695 σάλπιγγι.
3491 2619 3778 2689 Δελάληκε

2190 2725 2302 2798 γάρ
2327 2727 2356 2780 6
2391 2724 2598 2798 Κύριος
2629 2725 2691 2778 τὸ
2715 2726 2978 2797 κήρυγμα
3001 2722 3064 2776 τὸ
3091 2717 3466 2790 εὖαγγελικδν,
3493 2717 3573 2776 είς
3597 2713 3782 2767 πᾶσαν

2192 2816 2404 2869 διάττον
2435 2815 2535 2887 τὴν
2555 2816 2645 2868 ὑπ’
2661 2814 2911 2884 οὐρανὸν,
2932 2811 3260 2879 ἐξάκουστον
3273 2808 3385 2881 γὰρ
3406 2808 3519 2870 τοῖς
3537 2805 3784 2858 ἅπαντα·

2195 2905 2290 2977 χοῦ
2318 2906 2380 2959 τὸ
2404 2908 2700 2978 μυστήριον
2719 2923 2732 2939 °
2752 2901 2820 2977 ἦν
2857 2905 2956 2978 μὲν
2971 2907 3082 2976 γὰρ
3101 2903 3445 2974 ἰσχνόφωνος,
3463 2897 3556 2954 καὶ¹
3583 2893 3783 2968 βραδύ-

2195 3000 2439 3068 γλωσσος
2470 3003 2498 3053 6
2529 2999 2753 3068 Μωσῆς,
2778 2997 3057 3068 τοιγάρτοι
3079 2995 3173 3050 καὶ
3205 2994 3360 3066 μόλις
3395 2991 3624 3061 ⁴ὴκούετο
3639 2985 3785 3040 κατὰ

2201 3092 2481 3162 μόνηντὴν
2511 3090 2789 3145 Ἰουδαίαν.
2817 3088 3056 3144 Ἥκιστά
3073 3104 3136 3156 γε
3156 3089 3262 3158 μὴν
3278 3087 3334 3139 ὲν
3355 3083 3565 3144 τούτοις
3587 3079 3731 3134 ἐστὶν
3751 3078 3786 3132 6

2200 3183 2326 3250 περὶ
2351 3178 2588 3250 Χριστοῦ
2622 3179 2798 3249 λόγος.
2847 3175 3269 3247 Ἀναπεφώνηκε
3295 3174 3404 3245 γὰρ
3431 3166 3520 3226 οἷά
3545 3185 3628 3232 τις
3656 3165 3816 3222 (κάλ-ιρ

2200 3365 2391 3426 ἀκοαῖς
2427 3363 2567 3434 ἠχὴν
2595 3364 2798 3415 ὲνιεῖσα
2835 3361 2935 3433 τὴν
2970 3360 3308 3430 διαπρύσιον,
3360 3374 3380 3406 ι
3419 3353 3691 3408 Βαδιεῖται
3725 3349 3790 3403 δὲ

2201 3455 2391 3532 ὥσπερ
2439 3456 2498 3509 ὲν
2533 3453 2678 3521 σάλῳ
2703 3453 2932 3523 ἀπειλῆς
2965 3451 3152 3516 αὑτοῦ,
3193 3469 3211 3500 ι
3253 3447 3348 3502 καὶ
3366 3444 3796 3518 ὐπερασπιεῖται

2201 3546 2345 3600 οὕτω
2365 3549 2471 3600 τῶν
2506 3545 2700 3600 ἑαυτοῦ
2717 3546 3051 3618 δορυφόρων,
3066 3544 3141 3607 ὠς
3156 3539 3266 3597 οἷον
3282 3541 3387 3595 ὑπὸ
3411 3538 3580 3610 πυρὸς
3606 3536 3792 3590 δαπα-

2203 3637 2398 3691 νᾶσθαι
2424 3637 2547 3700 τοὺς
2579 3635 3028 3707 ἀνθισταμένους,
3050 3635 3208 3706 μόνον
3229 3633 3282 3687 δὲ
3301 3631 3421 3702 ούχί
3449 3629 3542 3684 καὶ
3573 3625 3798 3697 σφενδόο

2205 3743 2303 3796 νης
2335 3725 2503 3788 λίθοις
2549 3723 2749 3788 αὐτοὺς
2784 3723 3172 3794 καταχώσουσι-
3198 3717 3592 3782 καταπαίοντες
3621 3732 3798 3786 γεννιο

2209 3818 2339 3882 κῶς.
2373 3817 2686 3895 Ἐκτξίονται
2715 3817 2772 3870 δὲ
2799 3816 2891 3870 καὶ
2916 3816 2977 3870 τὸ
2998 3809 3143 3886 αἷμα
3173 3814 3376 3880 αὐτῶν,
3392 3809 3671 3866 τουτέστιν
3700 3801 3794 3861 οἷά

2207 3924 2353 3971 τινες
2383 3907 2550 3980 θῆρες
2589 3905 3024 3977 ὲπιθρώσκοντες
3067 3904 3412 3974 περιέσονται
3443 3898 3661 3973 ῥᾳδίως,
3696 3897 3800 3951 καὶ

2209 4001 2436 4070 νεκροὺς
2473 3996 2832 4068 ἀποφανοῦσι.
2879 3993 3287 4069 Προσκομιοῦσι
3324 3994 3382 4048 δὲ
3419 3991 3497 4064 τῷ
3533 3990 3643 4045 τῶν
3693 4005 3799 4068 πε-

2212 4091 2508 4145 πτωκότων
2557 4092 2752 4163 αἵματι
2800 4089 3000 4160 φιάλας
3047 4086 3500 4160 πεπληρωμένας,
3545 4082 3800 4153 καθάπερ

2211 4184 2332 4237 τινὰ
2350 4183 2580 4254 σπονδὴν
2597 4185 2689 4237 ἐπὶ
2705 4182 2768 4236 τὸ
2790 4183 3196 4254 θυσιαστήριον.
3220 4179 3429 4234 Εύωδία
3444 4176 3640 4249 γὰρτῷ
3652 4175 3799 4246 Θεῷ.

2214 4277 2310 4328 καὶ
2346 4274 2510 4328 θυσία
2543 4274 2706 4348 δεκτὴ
2739 4275 2848 4328 τῶν
2867 4277 2967 4329 οὐκ
2996 4275 3210 4329 ἐώντων
3241 4271 3508 4338 σώζεσθαι
3536 4271 3661 4333 τοὺς
3696 4285 3802 4321 πε·-

2215 4363 2597 4434 πλανημένους
2635 4366 2663 4417 6
2683 4363 2934 4427 θάνατος.
2967 4364 3031 4418 Εἰ
3077 4364 3188 4434 γὰρ
3230 4362 3340 4417 τῶν
3373 4361 3639 4431 σωμάτων
3673 4360 3802 4420 τοὺς

2217 4455 2484 4525 φονευτάς
2508 4455 2610 4508 οὐκ
2631 4454 2780 4521 ἄξιον
2809 4454 3100 4519 ἐλεεῖσθαι,
3127 4454 3495 4526 ὑποφέρεσθαι
3526 4452 3583 4506 δὲ
3603 4449 3802 4522 μᾶλλον

2147 4577 2192 4631 D
2221 4548 2343 4610 ταῖς
2397 4545 2598 4612 δίκαις,
2640 4547 2712 4598 τὰ
2745 4547 2834 4599 ἶσα
2871 4546 3163 4611 παθόντας,
3192 4546 3245 4599 τί
3283 4547 3348 4600 ἄν
3375 4563 3458 4608 τις
3495 4543 3642 4612 λέγοι
3673 4541 3805 4611 περὶ

2219 4639 2328 4692 τῶν
2359 4639 2408 4692 οἳ
2441 4636 2630 4708 ψυχῶν
2663 4638 2922 4711 ὀλετῆρες
2947 4639 3202 4708 γεγόνασι
3238 4638 3330 4692 καὶ
3360 4636 3613 4708 φθορεῖς.

2289 4725 2413 4781 Εἶεν
2439 4727 2483 4781 δ’
2519 4728 2585 4782 ἂν
2615 4722 2760 4783 οὗτοι
2809 4729 2973 4784 πάλιν
3010 4731 3059 4784 οἱ
3114 4729 3380 4802 Ἑλλήνων
3423 4725 3670 4797 λογάδες,
3711 4728 3806 4780 καὶ

2217 4821 2317 4890 τῆς
2349 4822 2406 4873 ὲν
2433 4821 2626 4892 κόσμῳ
2658 4821 2853 4891 σοφίας
2884 4821 3122 4893 ἡμμένοι
3167 4822 3266 4892 τὴν
3307 4819 3488 4886 δόξαν,
3512 4821 3561 4874 oi
3601 4819 3713 4874 ἄνω
3741 4834 3806 4872 τι

2221 4913 2318 4967 καὶ
2348 4912 2500 4966 κάτω
2534 4913 2690 4976 θεοὺς
2712 4913 2808 4966 καὶ
2841 4912 2972 4978 θεάς
3002 4912 3381 4984 ὀνομάζοντες,
3415 4912 3510 4965 καὶ
3531 4913 3599 4982 τῇ
3628 4909 3806 4964 κτίσει

2223 5004 2374 5076 παρὰ
2423 5005 2514 5058 τὸν
2576 5003 2809 5077 ποιητὴν
2864 5005 3254 5070 ἀναπείθοντες
3300 5006 3661 5077 προσκυνεῖν,
3710 5003 3808 5058 καὶ

2223 5095 2437 5165 ἑκάστῳ
2461 5095 2571 5148 τῶν
2598 5096 2876 5166 στοιχείων
2908 5097 3009 5167 τὴν
3034 5095 3155 5168 Θεῷ
3185 5095 3501 5168 πρέπουσαν
3529 5094 3815 5150 ἀνατιθένσ

2223 5201 2314 5246 τες
2339 5183 2517 5249 δόξαν,
2552 5186 2727 5239 καίτοι
2751 5185 3132 5257 πεπλανήκασι
3162 5186 3263 5256 τὴν
3300 5185 3392 5238 ὑπ’
3420 5182 3667 5256 οὐρανὸν,
3713 5185 3810 5236 καὶ

2225 5276 2346 5346 οὐχὶ
2389 5277 2454 5346 δὴ
2505 5277 2665 5346 μόνον
2711 5279 2854 5331 κατά
2882 5294 2946 5346 γε
2983 5277 3074 5331 τὸν
3126 5279 3317 5348 χρόνον
3355 5275 3456 5346 τῆς
3503 5276 3561 5329 ὲν
3596 5273 3808 5345 σώματι

552 5362 832 5429 sequentia
876 5363 1231 5416 seduxerunt.
1282 5360 1443 5414 Multa
1477 5359 1618 5415 enim
1678 5359 1846 5414 millia
1896 5361 2094 5415 diversi

2228 5364 2409 5434 ζωῆς’
2453 5365 2588 5419 ἀλλὰ
2636 5366 2730 5419 καὶ
2777 5368 2860 5430 είς
2890 5367 3117 5438 χρόνους
3165 5366 3295 5428 τοὺς
3339 5362 3560 5434 ἐφεξῆς.
3608 5361 3809 5432 Μύριοι

558 5455 808 5509 trtatibus
851 5454 1064 5509 illorum
1107 5455 1408 5509 mendaclis
1455 5456 1699 5522 persuasi
1728 5492 1743 5513 .
1816 5461 1870 5506 et
1919 5452 2094 5521 frigidi

2229 5457 2338 5528 γάρ
2379 5458 2492 5510 ὅσοι
2536 5458 2675 5512 κατὰ
2715 5459 2942 5530 καιροὺς
2972 5455 3262 5511 διολώλασι
3289 5455 3389 5527 τῆς
3425 5454 3650 5511 ἐκείνων
3681 5453 3808 5524 ψευ-

560 5555 724 5615 atque
749 5544 980 5602 anilibus
1014 5545 1222 5602 fabellis
1252 5545 1625 5602 auscultantes
1646 5544 1946 5615 perierunt.
1980 5543 2093 5598 Sub

2230 5547 2481 5611 δοεπείας
2511 5547 2836 5619 ἡττώμενοι,
2872 5550 2965 5602 καὶ
2992 5547 3220 5619 ψυχροῖς
3253 5547 3347 5601 καὶ
3387 5545 3659 5618 γραώδεσι
3706 5561 3806 5615 μυ·-

563 5635 658 5693 lati
696 5649 822 5693 sunt
881 5640 1064 5709 itaque
1094 5655 1125 5695 e
1150 5639 1325 5695 medio
1380 5639 1433 5692 in
1477 5647 1753 5707 posterum
1794 5636 1951 5691 tales.
1991 5635 2094 5690 Eva

2235 5637 2442 5706 θαρίοις
2470 5642 2927 5710 προσεσχηκότες.
2973 5638 3297 5721 Ἀνῄρηνιαι
3325 5634 3516 5720 δὴ-οῦν
3541 5639 3590 5702 οξ
3621 5633 3816 5700 τοιοίδε

641 5815 685 5849 ’θ
707 5813 898 5872 Matth.
923 5832 949 5868 ν
1006 5815 1090 5870 l6.

1175 5818 1234 5856 η’
1265 5815 1280 5870 l
1310 5816 1434 5869 Cor.
1469 5829 1574 5879 xu,
1612 5814 1662 5868 9.
1744 5815 1786 5843 ²⁰
1814 5811 1982 5869 Exod.
2021 5826 2092 5880 IV,
2127 5812 2207 5869 ιο.
