4072 6370
310 398 417 455 157

1127 399 1680 458 COMMENTARIUS
1718 400 1786 455 IN
1828 400 2237 460 ZACHAKIAM
2276 401 2723 460 PROPHETAM.

306 505 515 558 λοιπόν.
543 503 760 573 οἴχεται
795 502 902 579 γάρ
933 505 1033 573 τῆς
1062 504 1286 557 ἐκείνων
1324 506 1649 576 συγγραφῆς
1675 508 1709 577 ή
1739 506 1894 578 βεϐή-

1999 512 2172 567 nescit
2222 512 2371 567 enim
2424 513 2755 581 scriptorum
2820 512 3036 568 illorum
3086 513 3320 580 vanitas,
3382 516 3578 572 fabula:

303 596 494 663 λωσις,
523 597 899 669 ἀπρακτοῦσιν
928 599 980 649 οί
1010 596 1191 667 μῦθοι,
1218 597 1313 651 καὶ
1336 593 1448 651 οἷον
1503 600 1805 654 ἐκπέποται
1831 602 1894 656 τὸ

304 682 450 757 αἷμα
477 687 679 740 αὐτῶν.
707 688 832 749 Τοῖς
857 684 966 757 γὰρ
987 688 1087 756 τῆς
1105 685 1360 757 ἀληθείας
1380 687 1616 757 δόγματι
1640 689 1894 761 καθάπερ

303 784 422 837 τισὶ
448 781 618 843 λίθοις
664 780 777 840 τοῖς
822 778 886 831 ὲκ
928 777 1219 847 σφενδόνης
1251 780 1679 849 καταπαιόμενοι
1721 799 1894 835 κατα-

305 871 627 944 χώννυνται,
657 868 754 921 καὶ
792 866 1036 935 γέγονεν,
1072 866 1149 930 ὡς
1189 866 1345 938 ἔφην,
1394 869 1589 922 εὐωδία
1628 869 1747 942 Θεῷ
1791 872 1893 943 τῆς

308 962 534 1018 ἐκείνων
562 958 965 1030 ἀθυροστομίας
993 960 1026 1028 ἡ
1054 956 1318 1024 ἀπώλεια,
1348 980 1367 1011 ι
1397 962 1510 1015 Καὶ
1536 962 1744 1017 σέσωκε
1779 964 1893 1018 Κύ-

310 1070 426 1127 ριος
454 1053 532 1116 ὡς
560 1050 809 1121 πρόϐατα
836 1049 928 1103 τὸν
946 1050 1072 1103 λαὸν
1102 1050 1289 1104 αὑτοῦ.
1330 1072 1349 1103 ι
1393 1054 1612 1125 Ἐπειδὴ
1636 1056 1745 1127 γὰρ
1775 1059 1892 1110 ἐστι

307 1145 416 1199 τῶν
439 1144 578 1205 eam
606 1142 767 1205 αὐτὸς
788 1140 1182 1213 ποιητὴς,λαὸς
1212 1143 1379 1197 αὑτοῦ
1406 1144 1646 1214 λέγοιντο
1674 1148 1739 1201 ἂν
1756 1150 1894 1202 εἰκό·

306 1255 413 1302 τως
440 1236 536 1291 καὶ
572 1239 623 1290 οἰ
654 1236 824 1289 πάλαι
855 1235 1221 1305 πλανώμενοι,
1242 1236 1336 1301 οὒς
1362 1239 1438 1304 ὡς
1461 1240 1661 1310 ἀγέλην
1684 1242 1893 1313 ἀπελη.

306 1331 550 1401 λαμένην
592 1329 697 1382 ὑπὸ
733 1327 947 1399 λῃστῶν
983 1329 1222 1383 σέσωκεν
1254 1332 1283 1384 ό
1316 1330 1540 1401 Κύριος,
1583 1334 1712 1397 τοὺς
1754 1334 1889 1405 ψευ-

305 1424 637 1494 δοποίμενας
671 1421 939 1484 ἐκϐαλὼν,
971 1421 1067 1475 καὶ
1112 1422 1217 1476 ὑπὸ
1249 1426 1406 1495 χεῖρα
1438 1424 1610 1489 τιθεὶς
1654 1426 1793 1480 ἰδίαν
1831 1428 1893 1481 τὸ

305 1516 648 1589 ἀνθρώπινον
679 1515 854 1585 γένος.
889 1515 1044 1568 Ἔστι
1072 1514 1183 1585 γάρ
1216 1516 1377 1579 αὐτὸς
1411 1518 1440 1569 ὁ
1492 1518 1701 1590 ποιμὴν
1732 1521 1760 1572 ό
1793 1537 1893 1572 κα-

306 1607 416 1670 λὸς,
447 1608 477 1659 ό
510 1605 680 1670 τιθεὶς
710 1605 807 1676 τήν
836 1604 1014 1676 ψυχὴν
1053 1604 1216 1659 αὑτοῦ
1248 1607 1390 1677 ὑπὲρ
1435 1608 1543 1662 τῶν
1574 1609 1886 1681 προϐάτων.

376 1695 533 1747 Διότι
564 1694 718 1748 λίθοι
740 1694 897 1764 ἅγιοι
926 1694 1238 1748 κυλίογται
1268 1696 1366 1749 ἐπὶ
1402 1695 1513 1765 τῆς
1539 1697 1651 1767 γῆς
1675 1699 1886 1753 αὐτοῦ.

312 1787 439 1839 Ὀτι
478 1787 537 1840 εἴ
576 1803 631 1839 τι
663 1786 887 1855 ἀγαθὸν
922 1786 1130 1853 αὐτοῦ,
1174 1787 1270 1840 καί
1304 1790 1361 1841 εἴ
1401 1805 1455 1842 τι
1508 1790 1701 1843 καλὸν
1739 1792 1907 1859 παρ’.

1999 604 2133 659 nihil
2163 613 2353 674 agunt,
2383 614 2433 660 et
2466 606 2689 673 sanguis
2721 620 2912 659 eorum
2944 606 3345 676 quodammodo
3382 618 3576 677 epotus

1995 705 2100 750 est.
2129 696 2386 751 Veritatis
2406 698 2607 767 quippe
2639 698 2915 767 dogmatis
2940 698 3105 753 veluti
3136 699 3460 768 quibusdam
3499 700 3578 755 la-

1995 788 2207 856 pidibus
2244 804 2275 843 e
2317 789 2479 843 funda
2527 791 2773 859 percussi
2819 790 3153 856 obruuntur,
3202 800 3259 846 et
3314 801 3577 863 tanquam

1993 881 2175 935 suavis
2209 882 2343 935 odor
2373 881 2538 935 Deum
2579 880 2782 935 amavit
2807 882 3074 936 exstincta
3104 896 3291 937 eorum
3329 882 3574 952 loquaci-

1996 981 2077 1027 tas
2107 991 2120 1026 :
2149 992 2167 1024 ι
2199 972 2264 1026 Et
2286 972 2520 1026 salvavit
2544 973 2807 1027 Dominus
2836 982 2895 1025 ut
2918 987 3046 1027 oves
3064 973 3317 1043 populum
3342 988 3521 1029 suum.
3549 990 3569 1024 ι

1993 1064 2261 1131 Quoniam
2308 1066 2451 1119 enim
2496 1065 2610 1135 ipse
2648 1075 2733 1118 est
2777 1064 3029 1118 conditor
3062 1064 3327 1128 omnium,
3375 1066 3573 1119 merito

1993 1158 2120 1210 item
2174 1158 2401 1226 populus
2441 1154 2559 1224 ejus
2597 1155 2866 1221 dicentur,
2903 1157 2992 1225 qui
3041 1156 3169 1210 olim
3217 1164 3569 1221 erraverant;

1992 1264 2128 1319 quos
2154 1256 2213 1303 ut
2244 1263 2460 1318 gregem
2493 1264 2521 1301 a
2554 1246 2857 1302 latronibus
2889 1250 3141 1302 abactum
3180 1246 3426 1303 Christus
3454 1249 3568 1302 sal-

1993 1338 2158 1403 vavit,
2191 1337 2342 1393 falsis
2386 1338 2695 1407 pastoribus
2732 1337 2942 1406 ejectis,
2984 1346 3040 1391 et
3076 1351 3276 1406 genere
3326 1336 3569 1392 humano

1993 1429 2046 1482 in
2074 1428 2295 1483 tutelam
2333 1446 2486 1483 suam
2531 1439 2772 1499 recepto.
2809 1429 2928 1498 Ipse
2955 1430 3099 1483 enim
3133 1438 3216 1484 est
3257 1438 3442 1499 pastor
3471 1432 3572 1484 bo-

1992 1535 2117 1578 nus.
2141 1520 2231 1588 qui
2262 1521 2413 1590 ponit
2450 1523 2690 1576 animam
2718 1538 2869 1577 suam
2901 1538 2999 1593 pro
3025 1524 3216 1579 ovibus
3246 1524 3459 1579 suis"‘.

2063 1694 2227 1753 Vens.
2256 1699 2442 1765 16,17.
2488 1698 2632 1765 Quia
2664 1700 2863 1767 lapides
2894 1702 3066 1755 sancti
3096 1706 3377 1755 volvuntur
3407 1717 3567 1769 super

1992 1802 2185 1845 terram
2222 1792 2358 1861 ejus.
2395 1792 2533 1856 Quia
2567 1794 2616 1845 si
2662 1794 2790 1860 quid
2840 1794 3027 1845 bonum
3069 1791 3235 1858 illius,
3264 1803 3312 1846 et
3355 1795 3401 1847 si
3431 1793 3561 1863 quid

307 1878 514 1943 αὐτοῦ,
540 1877 708 1945 σῖτος
735 1879 1098 1943 νεανίσκοις,
1130 1879 1229 1932 καί
1260 1881 1426 1947 οἶνος
1447 1880 1773 1942 εὐωδιάζων
1798 1885 1889 1950 είς

1990 1884 2181 1938 bonum
2223 1886 2287 1937 ab
2317 1901 2399 1943 eo.
2435 1888 2754 1952 [ramentum
2795 1886 3096 1953 juvenibus,
3132 1897 3180 1939 et
3227 1888 3402 1941 vinum
3432 1886 3561 1940 boni

308 1971 669 2038 παρθένους.

375 2057 490 2112 ΞΝ.
530 2060 727 2125 Λίθους
772 2061 871 2130 μὲν
910 2062 1099 2131 ἁγίους
1131 2065 1259 2127 τοὺς
1298 2065 1357 2116 ὲν
1395 2065 1461 2134 τῇ
1503 2065 1575 2134 γῇ
1624 2061 1717 2116 τοῦ
1752 2061 1888 2117 Θεοῦ

308 2151 657 2222 κυλιομένους
689 2153 816 2217 τοὺς
847 2155 904 2208 ἐν
944 2158 1067 2218 ταῖς
1110 2155 1455 2225 Ἐκκλησίαις
1489 2153 1628 2207 κατά
1661 2156 1889 2226 καιροὺς

307 2242 518 2311 ἁγίους,
542 2244 699 2315 οἵπερ
728 2244 793 2298 ἂν
819 2246 1059 2312 γένοιντο
1084 2247 1438 2317 μυσταγωγοὶ
1465 2247 1560 2300 καὶ
1579 2245 1889 2301 διδάσκαλοι

307 2334 728 2405 κατωνομάσθαι
756 2336 955 2407 φαμέν.
986 2338 1305 2409 Σύμμορφοι
1335 2338 1443 2411 γὰρ
1477 2339 1733 2407 γεγόνασι
1761 2356 1779 2389 ι
1810 2337 1888 2408 τῷ

306 2426 435 2497 λίθῳ
464 2426 541 2497 τῷ
567 2427 831 2499 ὲκλεκτῷ,
861 2428 952 2482 καὶ
979 2429 1378 2500 ἀκρογωνιαίῳ,
1423 2430 1518 2482 καὶ
1549 2430 1772 2500 ἐντίμῳ,
1813 2428 1891 2499 τῷ

307 2520 609 2593 τεθειμένῳ
638 2524 789 2593 παρὰ
813 2524 909 2577 τοῦ
941 2523 1075 2577 Θεοῦ
1103 2525 1197 2578 καὶ
1222 2524 1435 2595 Πατρός
1464 2526 1543 2588 εἱς
1566 2527 1635 2578 τά
1665 2524 1890 2595 θεμέλια

306 2612 467 2669 Σιών.
500 2634 519 2666 ι
552 2616 615 2668 Εἰ
639 2616 695 2669 δὲ
718 2615 863 2680 λίθος
894 2618 921 2669 ό
947 2616 1215 2686 θεμέλιος,
1248 2617 1297 2668 οἱ
1324 2617 1889 2687 συναρμολογούμενοί

305 2722 367 2760 τε
405 2707 503 2761 καὶ
537 2709 1018 2779 συμϐιϐαζόμενοι,
1056 2708 1152 2762 καὶ
1203 2710 1282 2772 εἰς
1318 2709 1447 2762 ναὸν
1477 2708 1631 2777 ἅγιον
1667 2709 1891 2763 ἀνιστά-

310 2816 465 2869 μενοι
496 2799 574 2871 τῷ
602 2800 741 2872 Θεῷ,
770 2800 907 2855 λίθοι
934 2803 1029 2855 καὶ
1056 2802 1208 2855 αὐτοὶ
1242 2801 1483 2865 πιθανῶς
1511 2802 1887 2872 ὀνομάζονται.

309 2888 613 2943 κυλίεσθαι
637 2907 702 2959 γε
734 2890 841 2963 μὴν
861 2892 1059 2954 αὐτοὺς
1082 2887 1140 2945 εὖ
1168 2891 1313 2963 μάλα
1338 2894 1493 2962 φησὶ,
1521 2891 1583 2945 τὺ
1620 2892 1757 2961 πρὸς
1781 2894 1891 2944 πᾶν

304 2980 489 3034 ὁτιοῦν
509 2983 616 3035 τῶν
654 2983 825 3052 ἁγίων
853 2984 1016 3036 οἱονεί
1042 2999 1159 3047 πως
1186 2983 1508 3056 εὔστροφον,
1545 2984 1639 3037 καί
1666 2984 1888 3054 γοργὸν,

304 3074 398 3127 διὰ
425 3075 617 3129 τούτου
657 3076 957 3148 σημαίνων.
985 3078 1050 3131 Οἰ
1084 3077 1192 3148 γάρ
1223 3094 1304 3130 τοι
1345 3080 1684 3149 περιφερεῖς,
1721 3077 1890 3147 ἤγουν

306 3168 669 3237 σφαιροειδεῖς
688 3167 796 3221 τῶν
827 3167 1010 3235 λίθων,
1034 3168 1192 3223 ὄκνου
1223 3169 1421 3232 παντός
1445 3169 1583 3221 εἰσιν
1607 3168 1885 3239 ἀμείνους,

1991 1975 2167 2029 odoris
2205 1977 2274 2029 ad
2304 1976 2545 2045 virgines.

2070 2067 2250 2123 LXIV.
2296 2069 2525 2137 Lapides
2557 2078 2771 2124 sanctos
2796 2070 2886 2139 qui
2927 2070 2978 2121 in
3016 2079 3155 2123 terra
3187 2070 3305 2140 cjus
3336 2070 3568 2124 volvun-

1995 2171 2121 2227 tur,
2179 2162 2482 2231 quibusque
2532 2162 2862 2231 temporibus
2912 2162 3276 2217 Ecclesiarum
3322 2176 3565 2227 sanetos,

1991 2256 2083 2324 qui
2139 2265 2578 2324 mystagogorum
2656 2255 3144 2324 magistrorumque
3186 2253 3365 2309 ofﬁcio
3412 2256 3565 2327 fungi

1992 2347 2219 2416 possint,
2274 2348 2582 2399 nominatos
2633 2358 2774 2406 esse.
2836 2345 3187 2402 aliirmamus.
3243 2346 3565 2403 Conformes

1991 2438 2135 2495 enim
2184 2447 2312 2493 sunt
2357 2454 2377 2488 ι
2422 2437 2582 2507 lapidi
2616 2437 2810 2503 electo,
2860 2446 2914 2492 et
2959 2454 3173 2494 summo
3207 2439 3476 2511 angulari,
3513 2446 3569 2493 et

1990 2531 2253 2600 pretioso,
2313 2530 2493 2600 posito
2542 2545 2572 2583 a
2629 2529 2739 2584 Deo
2802 2541 2857 2585 et
2904 2530 3065 2585 Patre
3118 2531 3170 2584 in
3217 2532 3566 2585 fundamenta

1994 2622 2123 2675 Sion
2149 2622 2216 2675 “.
2261 2638 2281 2673 ι
2318 2621 2471 2688 Quod
2504 2620 2547 2674 si
2580 2620 2993 2675 fundamentum
3036 2620 3194 2689 lapis.
3218 2620 3478 2689 coaptati,
3510 2628 3569 2673 et

1991 2709 2448 2775 coagmentati,et
2477 2710 2528 2763 in
2555 2710 2810 2779 templum
2842 2716 3091 2762 sanctum
3121 2707 3354 2763 Domino
3368 2708 3563 2771 erecti,

1991 2803 2153 2856 etiam
2202 2800 2301 2869 ipsi
2345 2816 2449 2855 non
2496 2801 2680 2869 inepte
2745 2801 2953 2870 lapides
3000 2801 3370 2855 nominantur.
3413 2799 3567 2855 Volvi

1990 2904 2170 2948 autem
2199 2894 2320 2949 illos
2365 2893 2771 2963 appositissime
2800 2893 2958 2959 dicit,
2992 2901 3051 2946 ut
3095 2893 3161 2946 ad
3202 2892 3419 2962 quidvis
3442 2908 3570 2948 san-

1991 2998 2203 3041 ctorum
2232 2984 2528 3056 agilitatem
2578 2986 3021 3054 celeritatemque
3050 2984 3308 3039 declaret.
3335 2983 3571 3053 Lapides

1992 3082 2136 3135 enim
2162 3078 2520 3142 orbiculares,
2573 3091 2668 3132 seu
2704 3078 2943 3142 rotundi,
2979 3077 3119 3131 citra
3152 3076 3315 3131 ullam
3346 3074 3573 3131 dillicul-

1997 3181 2161 3226 tatem
2212 3168 2557 3225 mohilissimi
2602 3177 2749 3233 sunt,
2795 3169 2839 3223 si
2876 3169 3000 3237 quis
3035 3184 3129 3224 eos
3173 3168 3447 3237 impellere
3476 3184 3573 3223 vo-

306 3259 534 3313 καὶτῶν
567 3259 741 3313 ἄλλων
780 3262 863 3323 εἰς
886 3261 1100 3333 κίνησιν
1126 3262 1483 3333 ἐτοιμότεροι,
1519 3261 1573 3314 εί
1598 3278 1683 3324 τις
1716 3260 1888 3314 ἕλοιτο

1994 3264 2193 3319 luerit:
2231 3264 2311 3319 sic
2339 3263 2553 3317 animus
2584 3273 2895 3316 sanctorum
2940 3261 3006 3316 ad
3059 3262 3237 3335 ounnia
3268 3260 3380 3316 Deo
3417 3269 3570 3331 grata

307 3352 483 3405 κινεῖν
504 3366 527 3404 ε,
550 3351 829 3419 εὐάγωγος
855 3352 912 3405 δὲ
948 3351 1067 3406 λίαν
1104 3353 1183 3416 εἰς
1218 3352 1281 3405 τὺ
1307 3353 1385 3423 τῷ
1418 3352 1537 3422 Θεῷ
1564 3352 1754 3405 δοκοῦν
1779 3351 1888 3405 τῶν

307 3443 481 3511 ἁγίων
527 3446 556 3497 ό
601 3443 747 3507 νοῦς.
775 3443 960 3508 Οὕτως
1001 3440 1094 3498 οὗν
1130 3446 1263 3516 ἡμῖν
1295 3445 1526 3515 ἑχόντων
1564 3445 1673 3497 τῶν
1700 3444 1885 3507 λίθων,

306 3534 509 3605 πρέποι
547 3534 612 3588 ἂν
656 3535 805 3606 ἡμᾶς
849 3535 1152 3589 διακεῖσθαι
1188 3535 1284 3589 καὶ
1322 3535 1627 3607 ἀραρότως.
1674 3536 1795 3589 Ὀτι
1836 3535 1889 3587 εί

302 3642 359 3679 τι
377 3625 600 3695 ἀγαθὸν,
622 3625 808 3691 αὑτοῦ,
838 3627 931 3679 καὶ
958 3625 1012 3679 εί
1043 3643 1096 3679 τι
1144 3627 1330 3691 καλὸν,
1364 3627 1495 3698 παρ’
1520 3627 1707 3691 αὑτοῦ,
1730 3626 1887 3698 δῆλον

304 3718 363 3773 δὲ
391 3720 473 3772 ὅτι
495 3718 589 3773 τοῦ
617 3719 792 3773 πάντα
822 3720 953 3790 ἡμῖν
978 3719 1047 3773 τὰ
1072 3719 1212 3790 πρὸς
1237 3720 1521 3774 εὐσέϐειαν
1540 3720 1890 3790 διανέμοντος

305 3810 460 3865 Θεοῦ.
513 3812 647 3866 Ποῖα
676 3812 735 3866 δὲ
773 3812 948 3867 ταῦτα
986 3812 1139 3877 ὲστί;
1181 3831 1199 3864 ι
1237 3813 1390 3875 Σῖτος
1433 3812 1756 3877 νεανίσκοις,
1796 3813 1890 3866 καὶ

303 3900 449 3969 οἶνος
482 3904 791 3971 εὐωδιὰζων
818 3907 897 3971 είς
933 3906 1259 3979 παρθένους.
1290 3924 1310 3958 ι
1347 3905 1474 3969 Τοῖς
1512 3905 1612 3976 μὲν
1646 3904 1757 3976 γὰρ
1795 3905 1892 3958 ἁν-

303 3982 664 4069 δριζομένοις,
702 3999 796 4051 καὶ
830 3998 1064 4069 νεανικῷ
1108 3999 1416 4072 φρονήματι
1461 3998 1599 4068 πρὸς
1645 3998 1706 4050 τὸ
1737 3996 1887 4067 αὑτῷ

302 4088 496 4143 δοκοῦν
520 4091 933 4153 ἀπονενευκόσι,
960 4091 1054 4143 καὶ
1085 4089 1330 4162 πληροῦν
1354 4088 1631 4159 ἑλομένοις
1662 4086 1723 4140 τὸ
1751 4089 1889 4155 ἀγα-

305 4180 419 4245 θὸν,
453 4180 738 4251 δοθήσεται
780 4180 1096 4253 παράὑτοῦ
1128 4182 1222 4235 καὶ
1257 4180 1336 4233 ἔτι
1371 4180 1572 4251 μείζων
1615 4181 1788 4250 ἰσχὺς.
1813 4180 1889 4243 ὡς

303 4274 367 4325 ὲν
414 4272 545 4343 σίτῳ
587 4272 853 4344 νοουμένῃ
879 4288 891 4301 ·
928 4290 947 4324 ι
996 4270 1252 4344 Στηρίζει
1299 4271 1409 4342 γὰρ
1450 4271 1614 4342 ἄρτος
1656 4268 1889 4340 καρδίαν

306 4360 621 4432 ἀνθρώπου.
670 4382 689 4412 ι
738 4363 861 4425 Τοῖς
911 4378 976 4430 γε
1024 4360 1129 4433 μὴν
1176 4360 1281 4431 ἤδη
1322 4358 1745 4431 διηγνισμένοις,
1795 4358 1891 4411 καὶ

303 4452 606 4523 ἀμὸλυντον
652 4453 835 4525 ἔχουσι
891 4454 983 4507 τὸν
1041 4452 1199 4516 νοῦν,
1264 4452 1313 4506 οἳ
1357 4454 1451 4506 καὶ
1499 4454 1725 4524 σεμναῖς
1795 4451 1889 4505 καὶ

303 4544 491 4612 ἁγίαις
537 4545 826 4613 παρθένοις
867 4545 1288 4618 παρεικάζοιντο
1334 4543 1403 4599 ἂν
1448 4544 1700 4609 εἰκότως,
1745 4538 1888 4607 οἶνος

301 4636 589 4709 δοθήσεται
635 4638 841 4710 νοητὸς,
881 4640 914 4711 ή
963 4640 1092 4711 περὶ
1138 4638 1276 4692 Θεοῦ
1314 4638 1560 4710 δηλονότι
1606 4637 1787 4709 σαφής
1825 4653 1885 4689 τε

303 4727 401 4782 καὶ
439 4729 821 4799 ἀκιϐδήλευτος
854 4729 1078 4798 γνῶσις,
1114 4751 1132 4783 ι
1165 4733 1217 4802 ή
1240 4729 1711 4801 κατευφραίνουσα
1746 4746 1884 4800 καρ-

303 4819 423 4872 δίαν
454 4817 766 4892 ἀνθρώπου.
809 4840 828 4874 ι
855 4822 1063 4877 Οὐκοῦν
1088 4823 1359 4877 νεανίσκοι
1392 4840 1451 4875 τε
1480 4822 1575 4877 καὶ
1602 4822 1882 4894 παρθένοι,

304 4912 354 4961 οἱ
383 4912 527 4965 κατά
554 4928 617 4980 γε
636 4914 762 4975 τοὺς
784 4912 986 4983 ἀρτίως
1013 4915 1144 4984 ήμῖν
1175 4912 1534 4976 ἀποδοθέντας
1560 4911 1773 4981 λόγους,
1804 4913 1883 4973 εἰς

304 5003 519 5072 εὐρεῖάν
540 5019 599 5055 τε
623 5004 719 5057 καὶ
745 5004 1033 5075 ἀμφιλαφῆ
1057 5003 1277 5076 μέθεξιν
1300 5004 1408 5059 τῶν
1439 5005 1644 5059 ἀνωθεν
1668 5001 1891 5071 ἀγαθῶν

307 5094 662 5166 κεκλήσονταί
707 5113 769 5150 τε
819 5097 1066 5164 εἰκότως,
1107 5098 1203 5151 κα.)⁵
1241 5097 1564 5157 ἀκούσονται
1611 5094 1747 5149 Θεοῦ
1801 5096 1889 5149 λέ·

306 5204 530 5257 γοντοςο
567 5207 589 5232 ι
624 5190 851 5255 Φάγετε,
884 5190 977 5244 καὶ
1010 5192 1192 5259 πίετε,
1214 5192 1308 5256 καὶ
1343 5190 1647 5262 μνεθύσθητε
1674 5192 1723 5243 οἰ
1749 5188 1889 5259 πλη-

308 5280 446 5335 σίον.
486 5299 505 5331 ι
537 5282 769 5352 Πλησίον
787 5285 897 5355 γάρ
926 5283 977 5339 οἱ
1002 5284 1195 5350 τοιοίδε
1234 5282 1371 5336 Θεοῦ
1391 5301 1404 5314 ·
1448 5283 1541 5337 καὶ
1585 5282 1646 5336 οὐ
1672 5282 1889 5352 σχέσεσι

303 5375 559 5438 τοπικαῖς
582 5390 595 5404 ⁸
624 5374 797 5445 ληρία,
816 5376 925 5448 γὰρ
958 5375 1129 5439 τοῦτο,
1146 5378 1307 5439 νοεῖν,
1331 5375 1363 5446 ἦ
1398 5376 1693 5447 φρονῆσαιο
1720 5391 1896 5445 παρα-

304 5464 545 5533 στήματι
589 5462 646 5517 δὲ
680 5464 918 5529 διανοίας
964 5466 1043 5536 τῷ
1087 5465 1210 5519 λίαν
1256 5467 1643 5537 ἀλκιμωτάτῳ,
1688 5467 1783 5519 καὶ
1819 5467 1885 5537 τῇ

305 5552 446 5623 πρὸς
480 5542 596 5607 ¹’πᾶν
641 5554 817 5624 ὁτιοῦν
855 5554 967 5627 τῶν
1009 5555 1249 5627 ἀρίστων
1296 5557 1503 5627 ἐφέσει,
1552 5558 1649 5625 καὶ
1699 5556 1888 5629 ἀγάπῃ

307 5632 374 5715 τῇ
404 5645 485 5707 είς
524 5644 709 5699 αὐτόν.
736 5646 945 5719 Ὠσπερ
992 5646 1091 5717 ,ἀν
1130 5647 1407 5719 ἐξίστησιν
1445 5650 1612 5720 ἡμᾶς,
1647 5650 1741 5701 καὶ
1776 5644 1891 5702 οἷον

1988 3354 2238 3410 obeunda
2270 3363 2354 3408 est
2394 3352 2698 3407 versatilis.
2734 3352 3006 3418 Quoniam
3054 3352 3216 3421 igitur
3260 3351 3466 3420 lapides
3496 3350 3571 3405 ita

1991 3461 2050 3501 se
2092 3447 2315 3511 habent,
2363 3444 2522 3499 docet
2575 3458 2676 3497 nos
2719 3451 3081 3513 congruenter
3111 3442 3380 3498 animatos
3427 3456 3569 3497 esse.

1993 3540 2128 3608 Quia
2172 3540 2217 3594 si
2251 3539 2380 3609 quid
2405 3540 2603 3592 bonum
2637 3536 2754 3605 ejus
2783 3546 2886 3599 est,
2915 3545 2970 3592 et
3014 3534 3060 3591 si
3105 3535 3233 3604 quid
3265 3536 3571 3600 honestum,

1992 3632 2060 3686 ab
2082 3631 2199 3700 ipso
2227 3636 2331 3693 est,
2378 3643 2573 3699 nempe
2603 3643 2632 3680 a
2662 3628 2773 3681 Deo
2805 3627 2987 3681 omnia
3022 3627 3178 3681 nobis
3218 3626 3286 3681 ad
3318 3628 3571 3696 pietatem

1992 3720 2275 3792 largiente.
2308 3719 2439 3785 Qua:
2479 3726 2607 3773 sunt
2650 3728 2830 3772 autem
2860 3717 3007 3772 ista?
3042 3735 3061 3769 ι
3100 3716 3454 3771 Frumentum
3478 3716 3572 3787 jua

1990 3813 2242 3875 venibus,
2289 3808 2456 3882 744
2500 3819 2555 3865 et
2594 3810 2782 3863 vinum
2833 3808 3119 3863 odoratum
3150 3808 3218 3862 ad
3254 3808 3513 3877 virgines.
3545 3825 3566 3860 ι

1992 3903 2153 3959 Viros
2191 3902 2337 3956 enim
2368 3918 2427 3955 se
2460 3901 2848 3970 praebentibus,
2886 3911 2941 3954 et
2972 3900 3215 3953 animose
3243 3898 3364 3970 ejus
3408 3899 3574 3954 bene-

1992 3993 2249 4064 placitum
2282 3992 2629 4055 curantibus,
2662 4001 2719 4046 et
2745 3990 2935 4045 virtuti
2967 3992 3176 4046 servire
3201 3991 3571 4060 cupientibus,

1990 4086 2212 4139 dabitur
2250 4084 2320 4138 ab
2369 4100 2435 4138 eo
2488 4083 2667 4151 majus
2719 4084 2897 4138 adhuc
2946 4083 3136 4148 robur,
3181 4084 3323 4153 quod
3372 4084 3425 4137 in
3462 4080 3577 4137 fru-

1994 4187 2181 4233 mento
2230 4175 2594 4245 intelligitur:
2636 4193 2654 4227 ‹
2697 4174 2860 4229 Panis
2886 4175 3156 4245 siquidem
3200 4190 3299 4230 cor
3338 4174 3574 4229 hominis

2003 4269 2296 4325 conﬁrmat
2333 4268 2401 4322 ²².
2442 4286 2460 4317 ι
2493 4265 2745 4336 Purgatis
2777 4281 2926 4334 vero,
2976 4276 3031 4321 et
3065 4266 3303 4320 animum
3347 4266 3578 4337 gerenti-

1996 4363 2097 4414 bus
2145 4358 2659 4421 incontaminatum,
2694 4359 2799 4427 qui
2824 4367 2879 4412 et
2904 4357 3305 4411 venerabilibus
3355 4366 3412 4411 et
3456 4370 3578 4411 san-

1991 4454 2097 4507 etis
2125 4452 2427 4523 virginibus
2455 4449 2763 4519 comparari
2800 4450 2924 4518 jure
2952 4459 3173 4520 queant,
3197 4449 3380 4504 vinum
3417 4448 3576 4505 dabi-

1921 4577 1965 4635 ο
1993 4556 2103 4612 tur,
2139 4545 2283 4616 quod
2308 4542 2679 4614 intelligentiae
2714 4551 2882 4611 patet,
2919 4542 3014 4597 Dei
3047 4544 3306 4597 nimirum
3339 4542 3494 4612 plena
3520 4554 3576 4598 et

1994 4653 2249 4709 germana
2267 4635 2524 4705 cegnitio,
2549 4653 2568 4685 ι
2597 4633 2878 4689 laetiﬁcans
2904 4650 3000 4691 cor
3019 4635 3254 4690 hominis
3272 4635 3337 4690 ’³.
3375 4653 3394 4687 ι
3423 4634 3572 4703 Quo-

1991 4730 2136 4784 circa
2168 4728 2539 4781 adolescentes
2570 4736 2625 4781 et
2652 4726 2915 4796 virgines,
2940 4726 3093 4795 juxta
3129 4727 3369 4782 rationes
3414 4727 3573 4780 modo

1992 4839 2022 4874 a
2057 4820 2212 4875 nobis
2233 4818 2557 4889 explicatas,
2589 4820 2657 4873 ad
2687 4818 2921 4886 amplam
2983 4828 3041 4874 et
3075 4820 3352 4889 copiosam
3402 4820 3572 4874 bono-

1992 4929 2111 4967 rum
2133 4927 2487 4981 supernorum
2515 4914 2956 4967 communionem
2981 4914 3175 4968 merito
3208 4913 3568 4975 vocabuntur,

1989 5006 2318 5075 audientque
2349 5005 2516 5060 Deum
2539 5007 2810 5061 dicentem
2848 5023 2860 5059 :
2899 5025 2917 5056 ι
2956 5004 3262 5069 Comedite,
3288 5015 3343 5059 et
3378 5004 3568 5068 bibite,

1986 5107 2042 5149 et
2065 5094 2429 5161 inebriamini,
2454 5095 2743 5165 propinqui
2773 5094 2840 5149 “.
2874 5113 2893 5146 ι
2922 5093 2985 5148 Hi
3016 5094 3159 5149 enim
3192 5104 3319 5149 sunt
3348 5095 3571 5163 propin-

1986 5190 2077 5259 qui
2132 5189 2263 5244 Dei:
2302 5205 2407 5244 non
2459 5188 2744 5243 alTectioue
2804 5188 3105 5244 secundum
3150 5187 3372 5242 locum:
3424 5185 3570 5257 quod

1988 5284 2105 5338 sine
2142 5283 2344 5352 ineptia
2378 5281 2603 5352 intelligi
2653 5290 2747 5334 aut
2796 5280 3025 5349 cogitari
3074 5294 3181 5333 non
3224 5286 3437 5348 potest;
3471 5280 3567 5333 sed

1989 5372 2155 5426 animi
2181 5372 2467 5442 praesentia
2496 5371 2655 5441 longe
2685 5370 3085 5437 robustissima,
3116 5378 3173 5424 et
3198 5369 3469 5425 desiderio
3498 5371 3565 5423 ad

1989 5465 2206 5533 quidvis
2226 5466 2515 5535 optimum,
2537 5474 2593 5518 et
2615 5463 2884 5518 charitate
2913 5477 3041 5534 erga
3075 5462 3248 5517 illum.
3284 5463 3570 5530 Quomodo

1989 5556 2133 5610 enim
2162 5555 2413 5611 deturbat
2467 5569 2590 5619 nos,
2637 5563 2693 5608 et
2731 5553 2889 5622 quasi
2931 5553 3143 5623 longius
3196 5554 3416 5610 abducit
3463 5554 3570 5608 int-

1991 5651 2278 5720 probitas:
2328 5649 2409 5704 sie
2458 5648 2629 5703 virtus
2672 5662 2773 5702 nos
2828 5647 2936 5702 Deo
2988 5648 3151 5716 sistit,
3196 5648 3247 5704 id
3290 5647 3433 5719 quod
3471 5662 3571 5703 nos

398 5817 641 5876 "‘Joan.
669 5838 722 5881 κ.
758 5822 845 5884 ιι.
882 5824 965 5879 lii.
1041 5824 1205 5881 "lsa.
1234 5839 1422 5887 xxvtn,
1466 5824 1548 5882 l6.
1606 5827 1650 5857 "
1676 5824 1820 5881 ἰτέαι.
1855 5840 1905 5881 c1

2007 5824 2093 5882 1'5.
2167 5827 2211 5859 ³³
2242 5826 2407 5882 Eccli.
2447 5842 2535 5893 se,
2567 5826 2659 5882 20.
2736 5826 2961 5884 “Cant.
3000 5825 3142 5893 5,1.
