4072 6370
523 419 625 477 159

1550 417 1605 473 S.
1648 416 1925 473 CYRILLI
1965 414 2432 471 ALEXARDRINI
2470 412 2786 468 ARClllEP.

3669 418 3775 474 {60

520 532 795 602 disiungit,
815 544 869 587 et
898 535 1205 600 intercedit,
1240 543 1541 604 peccatum,
1584 536 1822 602 inquam.
1850 550 1881 588 ε
1909 535 2091 589 medio

2205 531 2457 601 λποφέρει
2489 530 2706 601 μακρὰν
2737 533 2771 599 ή
2798 528 3068 599 φαυλότης
3094 546 3105 559 ·
3128 530 3270 582 οῦτω
3296 527 3414 600 Θεῷ
3443 530 3771 601 παρίστησιν

522 638 828 685 removens.

1179 928 1327 984 CAP.
1372 929 1437 983 Χ.

593 1060 759 1116 Vens.
790 1061 839 1116 l.
872 1058 1041 1116 Petito
1081 1079 1115 1116 α
1157 1061 1379 1118 Domino
1404 1064 1637 1134 plurium
1670 1082 1725 1120 tn
1761 1083 1941 1131 noras,
1977 1084 2093 1121 ma-

526 1156 777 1217 tutinum,
804 1162 850 1205 et
882 1154 1195 1207 serotinum.

597 1239 754 1297 LXV.
788 1242 1250 1307 Quemadmodum
1283 1245 1429 1300 enim
1466 1261 1644 1316 neque
1676 1247 2006 1303 frumentum
2038 1250 2094 1304 in

434 1352 443 1361 ·
526 1332 673 1407 agris
715 1333 854 1388 citra
901 1332 1140 1389 laborem
1174 1338 1508 1405 provenerit,
1547 1354 1721 1408 neque
1761 1341 1921 1394 vinea
1951 1341 2095 1395 mul-

527 1432 638 1476 tum
700 1438 764 1477 ac
806 1424 1003 1479 bonum
1050 1426 1229 1480 vinum
1272 1428 1552 1497 protulerit
1589 1448 1602 1483 :
1652 1430 1724 1483 ita
1757 1440 1812 1485 et
1860 1431 1912 1484 in
1942 1433 2098 1489 nobis

526 1514 669 1568 nulla
694 1516 956 1570 exsistere
981 1517 1180 1585 poterit
1210 1517 1463 1573 fertilitas
1480 1520 1803 1587 spiritualis,
1839 1523 2097 1581 nisiDeus

528 1607 704 1663 instar
734 1610 926 1677 plurim
970 1610 1307 1681 eloquiormn
1357 1629 1579 1668 suorum
1627 1616 2010 1673 revelationem
2041 1620 2093 1673 in

524 1701 735 1755 animos
791 1711 846 1757 et
916 1704 1075 1756 corda
1130 1714 1312 1759 nostra
1384 1706 1686 1772 demiserit,
1740 1708 2097 1779 notitiamque

526 1793 680 1847 nobis
735 1793 940 1849 Veteris
976 1810 1039 1847 ar.
1074 1794 1207 1850 Novi
1242 1797 1598 1864 Testamenti,
1643 1799 1746 1855 hoc
1793 1812 1878 1856 est
1908 1802 2096 1870 legalis

2201 626 2233 692 ἡ
2274 622 2461 693 ἁρετὴ.
2490 622 2551 674 τὸ
2588 622 2807 675 διιστῶν
2858 624 3029 692 ἡμᾶς,
3066 624 3159 675 καὶ
3202 620 3531 692 μεσολαεοῦν
3562 623 3627 676 ἐκ
3672 622 3772 692 μέ-

2199 731 2294 765 σου
2340 713 2589 781 γενέσθαι
2631 708 3143 782 παρασκευάζουσα,
3177 711 3320 782 φημὶ
3351 711 3416 783 δὴ
3454 711 3551 780 τὴν
3589 711 3771 781 ἁμαρ.

2195 804 2336 858 τίαν.

2815 932 3065 986 ΚΕΦΑΔ.
3119 933 3175 985 l'.

2266 1067 2537 1121 Αίτεῒσθε
2562 1065 2723 1133 παρὰ
2750 1065 2968 1134 Κυρίου
2990 1065 3185 1121 εὐετὸν
3224 1067 3355 1121 καθ’
3379 1063 3558 1134 ὄψων,
3594 1066 3770 1135 πρώι-

2191 1175 2331 1227 μον,
2370 1157 2469 1211 καὶ
2507 1157 2746 1227 ὄψιμον.

2266 1247 2384 1303 EE’.
2428 1249 2640 1319 Ὠσπερ
2687 1248 2796 1321 γὰρ
2821 1244 2946 1300 οὐτε
2974 1248 3121 1311 σῖτος
3164 1249 3224 1302 ιν
3254 1248 3445 1319 ἀγροῖς
3476 1247 3673 1318 γένοιτ’
3699 1249 3769 1304 ἂν

2198 1340 2360 1394 πόνου
2388 1339 2531 1410 δίχα,
2570 1338 2681 1392 οὐτ’
2718 1338 2785 1394 ἂν
2812 1339 3073 1413 εὐσοτρύς
3120 1358 3179 1395 τε
3209 1342 3304 1396 καὶ
3345 1338 3553 1404 εὐοινος
3585 1341 3769 1411 ἀμπε-

2194 1428 2333 1483 λών·
2364 1428 2506 1483 οὔτω
2533 1429 2627 1483 καὶ¹
2654 1430 2710 1481 ὲν
2742 1430 2872 1500 ήμίν
2903 1429 3002 1483 οὐκ
3042 1429 3108 1484 ἂν
3149 1428 3357 1498 γένοιτό
3386 1446 3471 1494 τις
3496 1430 3768 1499 εὐκαρπία

2196 1520 2561 1592 πνευματικὴ.
2591 1522 2665 1592 μὴ
2679 1521 2798 1591 οὐχὶ
2834 1519 2970 1575 Θεοῦ
2988 1520 3268 1586 καθιέντος
3293 1520 3447 1575 ὑετοῦ
3489 1519 3642 1591 δίκην
3686 1522 3767 1585 είς

2196 1613 2342 1677 νοῦν,
2360 1614 2455 1667 καὶ
2473 1614 2697 1685 καρδίαν
2711 1613 2820 1667 τῶν
2847 1611 3039 1666 ἑαυτοῦ
3073 1611 3267 1681 λογίων
3291 1613 3389 1685 τὴν
3406 1610 3770 1681 ἀποκάλυψιν,

2196 1702 2291 1754 καὶ
2336 1701 2537 1770 γνῶσιν
2569 1703 2701 1773 ἡμῖν
2727 1702 2996 1773 οίονείπερ
3030 1702 3377 1768 ἐνστάζοντος
3406 1702 3501 1756 τοῦ
3534 1719 3594 1757 τε
3644 1702 3772 1774 ’Δρο

2197 1794 2351 1863 χαίου
2385 1793 2481 1846 καὶ
2498 1793 2636 1846 Νέου
2662 1793 3012 1865 Γράμματος,
3029 1794 3274 1847 τουτέστι
3316 1793 3413 1848 τοῦ
3431 1792 3655 1865 νομικοῦ
3678 1794 3772 1849 καὶ

525 1891 581 1939 et
620 1883 939 1954 evangelici,
967 1887 1121 1954 quasi
1149 1887 1528 1944 instillaverit:
1574 1891 1657 1946 hae
1700 1908 1935 1961 namque
1980 1910 2097 1948 ma-

2205 1879 2289 1933 τοῦ
2305 1879 2656 1948 εὐαγγελικώ
2679 1896 2692 1909 ·
2733 1881 2879 1934 ὑετοὶ
2898 1880 3004 1952 γὰρ
3030 1882 3081 1935 oi
3098 1880 3288 1934 τοιοίδε
3317 1880 3567 1953 πρώἳμός
3588 1900 3648 1937 τε
3677 1884 3773 1938 καὶ

527 1973 697 2027 tutina
752 1985 806 2027 et
840 1978 1075 2031 serotiua
1118 1978 1311 2044 pluviae
1342 1979 1562 2036 fuerint.
1598 1981 1714 2038 Non
1745 1999 1867 2040 esse
1916 1994 2097 2041 autem

527 2061 916 2119 infructuosam
946 2067 1311 2137 cognitionem
1370 2080 1427 2126 et
1450 2074 1961 2130 commentationem
1987 2076 2099 2144 spi-

524 2152 777 2209 ritualem
820 2154 973 2223 legis,
1014 2158 1144 2225 quin
1172 2173 1290 2213 eam
1330 2162 1547 2218 erudire
1597 2178 1695 2218 nos
1739 2179 1835 2234 per
1886 2165 2093 2237 figuras

524 2256 577 2295 et
617 2245 833 2301 umbras
868 2246 936 2301 ad
971 2250 1287 2319 mysterium
1322 2249 1547 2318 Christi,
1581 2255 1775 2323 probat
1810 2255 2085 2324 Salvator,

524 2334 727 2391 Judaeis
775 2337 889 2406 ipse
933 2338 1207 2407 loquens:
1254 2360 1272 2392 ι
1315 2340 1389 2395 Ne
1442 2345 1639 2413 putetis
1682 2362 1768 2402 me
1808 2360 2094 2404 accusatu-

528 2441 645 2478 rum
677 2441 771 2481 vos
805 2429 943 2497 apud
986 2428 1200 2486 Patrem
1230 2449 1243 2484 :
1289 2442 1373 2489 est
1403 2436 1493 2502 qui
1524 2446 1745 2491 accusat
1793 2453 1886 2495 vos
1924 2439 2098 2497 Moses

530 2525 729 2582 vester,
787 2518 838 2570 in
879 2534 1039 2588 quem
1068 2536 1164 2576 vos
1208 2526 1488 2593 sperastis.
1528 2526 1583 2581 Si
1611 2528 1757 2581 enim
1802 2531 2099 2586 crederetis

528 2606 683 2673 Mosi,
721 2609 1017 2664 crederetis
1047 2610 1275 2667 forsitan
1307 2623 1363 2670 et
1389 2616 1520 2670 mihi
1547 2634 1562 2681 ;
1616 2618 1683 2671 de
1710 2634 1797 2674 me
1830 2620 1976 2674 enim
2009 2622 2100 2677 ille

528 2698 746 2767 scripsit
774 2702 842 2758 ”.
884 2718 903 2752 ι
941 2701 1034 2756 Ait
1066 2712 1121 2758 et
1145 2703 1345 2760 alicubi
1372 2707 1439 2760 de
1471 2707 1679 2765 Scribis
1706 2719 1760 2763 et
1785 2708 2098 2780 Pbarisaais,

530 2799 679 2845 ut-es
704 2788 856 2857 legali
887 2793 1227 2853 institutione
1256 2799 1323 2853 ad
1356 2799 1515 2872 745
1545 2802 1847 2868 meliorem,
1866 2804 1970 2862 hoc
2018 2816 2102 2864 est

526 2880 891 2951 evangelicam
924 2884 1130 2939 vocatis
1156 2903 1170 2939 :
1202 2904 1219 2937 ι
1251 2886 1377 2942 Ideo
1398 2890 1575 2945 omnis
1603 2892 1782 2946 scriba
1821 2894 2014 2951 doctus
2046 2896 2098 2950 in

531 2983 699 3038 regno
725 2973 986 3026 caelorum
1019 2975 1216 3031 similis
1245 2988 1327 3031 est
1352 2979 1556 3035 homini
1581 2980 1982 3050 patrifamilias,
2007 2986 2097 3054 qui

527 3056 729 3124 profert
758 3062 822 3116 de
850 3061 1107 3119 thesauro
1142 3082 1239 3120 suo
1269 3083 1403 3122 nova
1435 3078 1489 3124 et
1516 3080 1699 3126 vetera
1733 3074 1800 3127 ".
1844 3092 1863 3126 ι
1901 3074 2099 3129 Peten-

537 3156 624 3202 tes
658 3147 822 3219 igitur
848 3166 877 3204 a
906 3150 1016 3207 Deo
1043 3152 1266 3223 legalem
1315 3166 1369 3209 et
1393 3158 1755 3229 evangelicam
1780 3161 2091 3229 scientiam,

528 3250 583 3293 et
606 3254 704 3293 nos
731 3240 922 3309 dignos
944 3244 1264 3301 exhibentes
1287 3247 1379 3317 qui
1408 3250 1769 3315 obtineamus,
1800 3254 1985 3323 utique
2014 3270 2105 3310 ac-

529 3331 812 3399 cipiemus,
865 3347 919 3388 et
975 3336 1028 3389 in
1086 3338 1327 3393 animum
1390 3340 1678 3398 thesauros
1721 3359 2101 3416 congeremus,

531 3432 713 3477 vetera
766 3433 821 3478 et
876 3442 1011 3480 nova
1072 3428 1410 3499 colligentes,
1457 3444 1511 3488 et
1562 3442 1802 3490 mentem
1861 3437 2106 3494 ubertate

533 3511 768 3566 maxima
796 3516 1155 3573 cumulantes.

606 3682 766 3739 Vens.
802 3686 855 3741 2.
895 3685 1145 3743 Dominus
1177 3692 1297 3760 fecit
1323 3692 1626 3759 phantasias
1646 3736 1659 3759 ,
1689 3706 1736 3749 et
1763 3697 1992 3765 pluviam
2020 3701 2105 3753 Iri-

535 3778 744 3829 bernam
774 3777 916 3830 dabit
975 3780 1072 3842 eis,
1124 3782 1400 3851 unicuique
1448 3783 1657 3838 herbam
1699 3788 1754 3839 in
1780 3804 1925 3857 agro.
1964 3789 2107 3855 Quo-

534 3867 677 3921 niam
708 3867 970 3937 loquentes
1002 3870 1163 3923 locuti
1185 3882 1303 3926 sunt
1331 3873 1557 3940 labores,
1601 3888 1650 3930 et
1698 3879 1862 3931 divini
1886 3879 2107 3934 visiones

534 3960 723 4029 falsas,
760 3970 811 4015 et
837 3964 1096 4017 insomnia
1130 3964 1268 4034 falsa
1316 3968 1681 4038 loquebantur,
1714 3988 1841 4025 vane
1869 3977 2109 4026 consola-

536 4055 746 4108 bantur.
786 4052 912 4108 Ideo
940 4071 1255 4112 exaruerunt
1288 4070 1341 4113 ut
1375 4080 1476 4115 non
1500 4063 1744 4117 habentes
1776 4066 2028 4133 pluviam,
2061 4077 2107 4120 et

535 4147 712 4219 oﬁﬁcti
744 4160 864 4203 sunt
890 4153 1023 4204 sicut
1057 4169 1190 4218 oves,
1225 4157 1349 4226 quia
1374 4172 1473 4209 non
1504 4167 1617 4210 erat
1643 4163 1869 4212 sanatio.

605 4329 788 4385 LXVI.
861 4328 1082 4387 Occulta
1171 4334 1401 4403 quadam
1472 4337 1735 4390 sententia
1790 4338 1878 4393 hic
1959 4338 2110 4394 locus

534 4436 819 4493 prmgnans
843 4433 946 4489 est,
970 4439 1130 4495 quam
1160 4426 1310 4496 prius
1352 4441 1380 4479 a
1416 4443 1501 4481 me
1524 4428 1806 4497 perspicue
1830 4431 2109 4485 declaran-

2199 1969 2393 2041 ὕψιμος
2412 1966 2519 2023 εἶεν
2542 1970 2625 2024 ἄν.
2646 1971 2766 2024 Ὀτι
2792 1970 2849 2024 δὲ
2870 1973 2970 2025 οὐκ
2998 1971 3292 2043 ἁσυντελὴς
3319 1973 3399 2036 είς
3420 1974 3606 2044 δνησιν
3626 1974 3659 2044 ή
3676 1973 3770 2027 τοῦ

2200 2059 2363 2129 νόμου
2387 2058 2605 2127 γνῶσις,
2621 2060 2716 2112 καὶ
2732 2058 2936 2131 θεωρία
2963 2060 3326 2131 πνευματικὴ,
3349 2062 3691 2130 παιδαγωγεῖ
3714 2061 3772 2114 δι

2204 2149 2401 2223 μᾶλλον
2432 2151 2581 2220 ἡμᾶς
2604 2148 2694 2203 διὰ
2736 2150 2931 2216 τύπου,
2980 2152 3075 2206 καὶ
3123 2154 3281 2217 σκιᾶς
3321 2153 3414 2206 ἐπὶ
3449 2153 3507 2206 τὸ
3534 2151 3770 2225 Χριστοῦ

2204 2241 2526 2313 μυστήριον,
2569 2239 2900 2296 πιστώσεται
2944 2242 3119 2311 λέγων
3156 2244 3318 2308 αὐτὸς
3352 2246 3383 2298 ὁ
3420 2244 3611 2317 Σωτὴρ
3658 2246 3773 2307 τοῖς

2213 2331 2478 2388 Ἰουδαίων
2504 2332 2699 2404 δήμοις
2717 2349 2730 2361 ·
2770 2351 2790 2380 ι
2816 2334 2908 2404 Μὴ
2941 2334 3146 2388 δοκεῖτε
3169 2336 3249 2388 ὅτι
3275 2335 3385 2404 ἐγὼ
3413 2336 3773 2408 κατηγορήσω

2201 2423 2229 2473 ὐ
2239 2423 2355 2492 μῶν
2380 2422 2515 2493 πρὸς
2537 2421 2631 2477 τὸν
2664 2422 2916 2494 Πατέραο
2940 2424 2969 2475 ὁ
3009 2425 3328 2497 κατηγορῶν
3354 2424 3508 2495 ὑμῶν
3544 2425 3772 2497 Μωσῆς,

2201 2515 2280 2577 είς
2300 2512 2358 2566 δν
2376 2514 2532 2583 ὑμεῖς
2548 2511 2836 2581 ἠλπίκατε.
2874 2514 2936 2567 Εἰ
2953 2513 3060 2585 γὰρ
3078 2513 3391 2568 ἐπιστεύετε
3423 2516 3629 2578 Mentel,
3654 2516 3774 2569 ἔπι-

2202 2605 2418 2659 στεύετε
2448 2604 2514 2659 ἂν
2542 2605 2664 2677 ὲμοί
2690 2622 2702 2634 ·
2735 2606 2864 2678 περὶ
2894 2606 3003 2677 γὰρ
3047 2606 3183 2677 ἐμοῦ
3214 2609 3419 2671 ἐκεῖνος
3451 2607 3710 2679 ἔγραψεν.
3746 2625 3765 2658 s

2203 2698 2352 2767 Ἔφη
2365 2698 2421 2751 δέ
2438 2713 2539 2750 που
2557 2698 2651 2750 καὶ
2671 2698 2801 2767 περὶ
2814 2696 2923 2749 τῶν
2948 2696 3321 2768 Γραμματέων
3337 2698 3432 2752 καὶ
3443 2696 3773 2768 Φαρισαίων,

2200 2786 2276 2850 ὡς
2291 2788 2355 2841 ἐκ
2380 2787 2609 2857 νομικῆς
2637 2784 2976 2851 παιδεύσεως
3005 2787 3353 2859 καλουμένων
3382 2789 3475 2841 ἐπὶ
3494 2787 3591 2860 τὴν
3606 2788 3773 2856 εὐαγ-

2201 2878 2456 2948 γελικήν⁸
2492 2897 2511 2930 ι
2550 2876 2649 2932 Διὰ
2686 2878 2844 2932 τοῦτο
2883 2879 2991 2942 πᾶς
3030 2880 3389 2951 γραμματεὺς
3420 2878 3775 2950 μαθητευθεὶς

2200 2969 2258 3019 ὲν
2290 2970 2357 3038 τῇ
2388 2966 2633 3037 βασιλείᾳ
2657 2966 2765 3021 τῶν
2806 2965 3071 3035 οὐρανῶν,
3104 2966 3287 3037 ὅμοιός
3332 2966 3479 3020 ἐστιν
3507 2964 3774 3038 ἀνθρώπῳ

2201 3058 2572 3130 οἰκοδεσπότῃ,
2606 3059 2754 3124 ὅστις
2780 3057 3032 3112 ἐκϐάλλει
3082 3060 3147 3111 ὲκ
3174 3056 3267 3111 τοῦ
3295 3056 3569 3129 θησαυροῦ
3609 3056 3775 3112 αὐτοῦ

2204 3147 2365 3202 καινὰ
2397 3148 2491 3201 καὶ
2520 3146 2761 3202 παλαιά.·
2793 3166 2811 3199 ι
2852 3146 3060 3201 Οὐκοῦν
3076 3146 3351 3211 αἰτοῦντες
3366 3146 3517 3219 παρὰ
3532 3145 3665 3201 Θεοῦ
3677 3150 3778 3221 τήν

2204 3251 2264 3287 τε
2300 3234 2528 3306 νομικὴν
2545 3235 2636 3288 καὶ
2659 3234 3019 3306 εὐαγγελικὴν
3039 3236 3346 3308 ἐπιστήμην
3370 3236 3551 3304 ἀξίους
3583 3255 3643 3294 τε
3680 3237 3778 3293 τοῦ

2205 3324 2387 3379 λαῦεῖν
2424 3326 2652 3391 ἑαυτοὺς
2701 3327 3176 3397 παραστήσαντες,
3206 3326 3491 3399 ληψόμεθα
3539 3329 3777 3397 πάντως,

2208 3416 2300 3470 καὶ
2332 3417 2458 3480 τοὺς
2488 3418 2568 3481 είς
2594 3416 2717 3470 νοῦν
2762 3416 2872 3472 ἔσω
2903 3418 3265 3491 πληρώσομεν
3307 3419 3632 3493 θησαυροὺς,
3682 3438 3782 3477 πα-

2207 3508 2337 3563 λαιά
2356 3526 2415 3562 τε
2444 3510 2537 3562 καὶ
2564 3509 2661 3563 νέα
2682 3509 3054 3578 συλλέγοντες,
3087 3510 3347 3582 πλείστης
3374 3529 3434 3567 τε
3460 3513 3591 3585 ὅσης
3608 3516 3782 3568 ’πνευι

2212 3602 2447 3671 ματικῆς
2472 3602 2778 3672 εὐκαρπίας
2803 3601 3232 3673 ἀναμεστοῦντες
3268 3604 3358 3659 τὸν
3388 3605 3528 3662 νοῦν.

2279 3696 2491 3763 Κύριος
2522 3694 2773 3762 ἐποίησε
2819 3696 3180 3764 φαντασίας,
3225 3696 3323 3751 καί
3370 3696 3549 3752 ὑετόν
3593 3713 3783 3769 χειμε-

2201 3788 2376 3857 ρινὸν
2408 3787 2585 3841 δώσει
2620 3786 2849 3855 αὐτοῖς,
2895 3787 3133 3854 ἑκάστῳ
3178 3787 3454 3856 βοτάνην
3488 3788 3559 3843 ἐν
3600 3788 3779 3860 dmi).

2210 3881 2362 3933 Διότι
2402 3883 2458 3934 οἱ
2504 3879 3016 3949 ἁποφθεγγόμενοι
3061 3878 3378 3945 ἐλάλησαν
3404 3882 3649 3948 κόπους,
3685 3883 3783 3936 καί

2210 3974 2264 4026 οἱ
2290 3969 2534 4039 μάντεις
2556 3970 2797 4039 ὁράσεις
2830 3970 3095 4040 ψευδεῖς,
3122 3970 3219 4025 καί
3257 3971 3329 4026 τὰ
3352 3972 3605 4027 ἐνύπνια
3634 3976 3782 4042 ψευ-

2209 4059 2286 4128 δῆ
2315 4058 2601 4123 ἐλάλουν,
2628 4060 2851 4129 μάταια
2886 4059 3292 4128 παρεκάλουν.
3321 4061 3423 4115 Διὰ
3452 4061 3628 4117 τοῦτο
3647 4062 3785 4132 ἐξη-

2206 4153 2521 4224 ράνθησαν
2545 4153 2623 4220 ὠς
2654 4155 2763 4207 οὐκ
2788 4153 3034 4222 ἔχοντες
3054 4152 3250 4216 ὑετὸν,
3276 4151 3375 4208 καὶ
3399 4151 3784 4222 ἐκακώθησαν

2210 4248 2290 4313 ὡς
2319 4246 2601 4313 πρόϐατα,
2631 4244 2779 4298 διότι
2808 4246 2920 4299 οὐκ
2947 4240 3231 4313 ἦνὙασις.

2282 4338 2415 4405 EQ".
2460 4336 2648 4390 Ὠδίνει
2676 4334 2796 4389 τινὰ
2834 4336 3224 4406 κεκρυμμένην
3250 4335 3456 4391 ἔννοιαν
3482 4337 3543 4392 τὸ
3575 4341 3785 4411 προκεί-

2217 4444 2396 4501 μενον,
2432 4428 2498 4498 ἣν
2532 4427 2848 4494 ἀναγκαῖον,
2890 4422 3046 4499 οἶμαί
3090 4445 3215 4490 που,
3262 4428 3786 4500 προδιατρανοῦσθαι

536 4514 659 4566 dam
699 4514 993 4570 existimo:
1039 4516 1119 4570 sic
1143 4516 1287 4570 enim
1324 4518 1606 4572 consilium
1648 4530 1703 4574 et
1738 4536 1956 4590 scopum
1990 4539 2101 4591 pro-

2219 4519 2426 4589 σαφῶς,
2457 4519 2666 4571 συνεῖεν
2712 4517 2821 4588 γὰρ
2850 4517 2993 4571 οὕτω
3015 4518 3124 4572 τῶν
3166 4518 3257 4573 τοῦ
3305 4521 3583 4592 προφήτου
3612 4523 3789 4594 ῥημά-

536 4606 712 4675 pheta:
754 4607 806 4659 in
836 4604 1014 4660 verbis
1054 4605 1295 4661 recitatis
1335 4607 1559 4663 studiosi
1610 4611 1931 4678 percipient.
1984 4613 2101 4667 Eral

2210 4630 2319 4666 των
2347 4611 2439 4665 τὸν
2488 4609 2689 4663 σκοπὸν
2737 4610 2789 4663 οἱ
2822 4610 3300 4681 φιλεπιστήμονες.
3324 4606 3433 4666 Ἦν
3467 4612 3566 4683 μιν
3609 4612 3717 4685 γὰρ
3760 4616 3789 4669 ὁ

536 4694 681 4751 enim
717 4695 791 4750 illi
824 4711 1001 4750 sermo
1030 4696 1096 4751 de
1126 4699 1347 4764 sanctis,
1379 4714 1515 4767 quos
1546 4708 1601 4754 et
1652 4700 1857 4770 lapides
1899 4714 2101 4759 sanctos

2208 4702 2366 4771 λόγος
2396 4698 2545 4771 αὐτῷ
2593 4701 2722 4771 περὶ
2758 4698 2867 4752 τῶν
2908 4699 3099 4766 ἁγίων,
3130 4698 3224 4764 οὓς
3261 4700 3355 4754 καὶ
3392 4700 3574 4765 λίθους
3603 4702 3789 4771 ἁγίους

537 4786 853 4841 nominabat
885 4788 951 4853 ’⁷,
987 4788 1161 4859 iisque
1184 4788 1509 4843 frumentum
1531 4790 1793 4861 imprimis
1826 4795 2101 4850 convenire

2209 4788 2480 4862 ὠνόμαζε,
2521 4789 2665 4841 σῖτόν
2694 4804 2754 4842 τε
2788 4790 2972 4851 αὐτοῖς
2999 4789 3082 4842 ὅτι
3121 4788 3354 4860 μάλιστα
3395 4790 3625 4862 πρέπειν
3654 4791 3788 4861 ἔφα-

535 4876 861 4942 aﬂirmabat,
912 4888 969 4933 ut
1020 4880 1246 4952 viriliter
1286 4880 1593 4951 agentibus,
1648 4883 1763 4938 sive
1804 4881 2112 4951 juvenibus,

537 4981 701 5039 atque
733 4972 893 5024 etiam
927 4972 1111 5025 viuum
1136 4973 1445 5035 beueolens,
1476 4974 1617 5044 quod
1646 4985 1830 5029 essent
1857 4978 2112 5046 virgines,

2211 4901 2360 4947 σκεν,
2394 4883 2469 4944 ὡς
2508 4879 2932 4951 ἀνδριζομένοις,
2980 4881 3147 4952 ἦγουν
3189 4881 3509 4947 νεανίσκοις,
3545 4883 3641 4935 καί⁵
3684 4883 3791 4953 μὴν

2220 4977 2314 5031 καὶ
2338 4972 2479 5029 οἶνον
2523 4972 2904 5038 εὐωδιάξοντα,
2939 4971 3026 5028 διά
3068 4990 3149 5027 τοι
3204 4974 3265 5028 τὸ
3284 4969 3421 5028 εἶναι
3469 4974 3789 5047 παρθένους,

538 5064 590 5119 id
623 5066 865 5129 est,casti
892 5075 946 5119 et
978 5066 1431 5119 incontaminatia
1468 5068 1565 5132 Qui
1592 5069 1732 5120 enim
1764 5077 1887 5123 sunt
1915 5070 2101 5124 Christ

2218 5066 2499 5120 τουτέστιν
2553 5064 2749 5132 ἁγνούς
2792 5081 2851 5117 τε
2912 5065 3005 5117 καὶ
3045 5064 3366 5135 ἁσεδήλους.
3405 5084 3423 5117 ι
3459 5068 3521 5120 Ol.
3566 5066 3674 5136 γὰρ
3698 5066 3791 5120 τοῦ

535 5155 682 5220 Jesu,
711 5172 925 5212 carnem
959 5173 1109 5212 suam
1135 5157 1520 5213 cruciﬁseruut
1549 5173 1670 5212 cum
1691 5159 1857 5225 vitiis,
1891 5172 1947 5215 et
1981 5179 2110 5216 con-

540 5254 904 5320 cupiscentiis,
945 5272 964 5306 ι
987 5264 1047 5306 ut
1074 5253 1287 5307 divinus
1306 5252 1503 5307 Paulus
1535 5254 1807 5309 scribit".
1843 5255 2105 5325 Praecepit

543 5352 721 5398 autem
748 5344 879 5414 ipsis
901 5355 1084 5415 petere
1105 5345 1335 5414 pluviam
1365 5346 1683 5399 matutinum
1701 5357 1755 5401 et
1777 5347 2065 5400 serotinum
2092 5364 2107 5410 ;

544 5435 736 5489 deinde
761 5437 1058 5491 errantium
1082 5439 1356 5492 mentione
1387 5436 1688 5506 interiecta,
1721 5438 1864 5493 velut
1887 5452 2107 5493 causam

544 5524 781 5591 adducit,
825 5541 925 5581 cur
978 5544 1077 5583 nec
1126 5528 1476 5594 frumentum,
1521 5544 1621 5583 nec
1661 5529 1842 5582 vinum
1881 5529 2112 5584 habeant

547 5616 670 5687 ipsi,
700 5632 797 5672 nec
829 5618 1038 5689 pluviis,
1069 5635 1186 5690 qua:
1240 5618 1510 5675 intellectu
1544 5619 1958 5690 perspiciuntur,
1988 5621 2110 5673 irri-

622 5795 840 5850 “Joau.
878 5810 927 5862 ν,
961 5797 1046 5863 43,
1079 5799 1169 5851 είίῑ.
1244 5799 1287 5831 ’⁸
1312 5797 1497 5854 Matth.
1536 5813 1653 5862 xm,
1691 5798 1777 5851 3.2.

2221 5158 2456 5231 Χριστοῦ
2500 5156 2694 5229 Ἰησοῦ,
2717 5157 2815 5227 τὴν
2844 5156 3025 5228 σάρκα
3052 5157 3399 5228 ἐσταύρωσαν
3423 5159 3522 5212 σὺν
3548 5160 3659 5221 τοῖς
3692 5174 3794 5209 πα-

2214 5252 2443 5322 θήμασι,
2475 5251 2568 5304 καί
2604 5252 2722 5313 ταῖς
2750 5247 3087 5318 ἐπιθυμίαις,
3124 5268 3142 5299 s
3180 5247 3324 5302 καθά
3357 5265 3520 5319 φησιν
3542 5251 3570 5302 ὁ
3594 5247 3794 5307 θεσπέ-

2216 5361 2329 5406 σιος
2365 5342 2593 5404 Παῦλος.
2630 5341 2810 5393 Αίτεῖν
2838 5340 2894 5393 δὲ
2918 5340 3099 5403 αὐτοῖς
3132 5341 3469 5411 προστέταχε
3501 5340 3597 5395 καὶ
3640 5341 3792 5394 ὐετδν

2216 5434 2464 5506 πρὼῐμον
2494 5434 2587 5487 καὶ
2608 5432 2803 5503 ὄψιμον
2820 5450 2833 5463 ο
2863 5429 2980 5486 εἶτα
3012 5433 3216 5504 μεταξὺ
3241 5436 3343 5503 τῆς
3371 5432 3498 5503 περὶ
3526 5430 3634 5486 τῶν
3660 5431 3793 5484 πλα-

2215 5526 2471 5595 νωμένων
2504 5523 2962 5595 παρεμϐαλούσης
2991 5526 3230 5596 μνήμης,
3262 5523 3360 5596 τὴν
3391 5524 3570 5578 αἰτίαν
3600 5512 3793 5595 ὥσπερ

2215 5616 2537 5671 ἀποδίδωσιν
2578 5616 2636 5666 ὲν
2683 5614 2912 5678 τούτοις,
2946 5615 3041 5668 τοῦ
3090 5619 3226 5687 μήτε
3278 5619 3443 5682 σῖτον,
3498 5616 3633 5686 μήτε
3686 5614 3793 5686 μὴν

1856 5798 1898 5827 ’⁷
1928 5796 2153 5853 Ζςιοιιςπ.
2199 5812 2271 5862 Ix,
2317 5795 2397 5849 lO.
2478 5793 2534 5855 .’¹“
2562 5794 2733 5850 Gal-at.
2768 5810 2820 5861 v,
2846 5794 2936 5851 24.
