4072 6370
266 363 353 417 161

1067 353 1616 413 COMMENTARIUS
1655 351 1720 408 IN
1765 350 2167 408 ZACHARIAM
2206 352 2649 410 PROPHETAM.

3402 353 3522 409 ἐίὶὲ

260 472 397 531 οἶνον
423 473 571 547 ἔχειν
600 474 795 540 αύτάς,
825 474 926 530 ἀλλ
970 476 1091 530 οὐδὲ
1121 474 1296 539 ὑετοῖς
1324 474 1695 547 κατάρδεσθαι
1724 475 1839 537 τοῖς

1944 484 2156 543 gentur,
2199 485 2259 530 ut
2300 474 2426 531 inde
2470 474 2527 529 in
2560 472 2707 542 agris
2746 471 2972 528 herbam
3009 486 3114 529 non
3149 472 3402 529 habeant.
3447 474 3520 529 Et

262 570 486 641 νοητοῖς,
517 567 594 633 ώς
616 566 866 622 ἐντεῦθεν
893 568 1094 631 αὐτοὺς
1127 566 1202 639 μὴ
1230 567 1375 637 ἔχειν
1403 568 1461 620 ὲν
1489 566 1644 637 ἀγρῷ
1676 565 1836 636 βοτά-

261 676 373 734 νην.
401 660 515 715 Καὶ
546 662 575 714 ό
626 660 725 731 μιν
772 659 931 728 λόγος
963 661 1038 724 ὡς
1073 660 1167 713 ἐπὶ
1207 661 1549 731 πραγμάτων
1577 658 1835 712 ἐκπεποί-

261 770 374 826 ηται
402 753 516 806 τῶν
540 752 813 824 αίσθητῶν
832 769 845 783 ·
873 753 906 823 ἧ
934 768 996 819 γε
1021 752 1128 822 μὴν
1151 754 1209 805 ἐν
1229 753 1414 816 αὐτοῖς
1439 751 1644 821 θεωρία
1664 750 1834 821 λεπτή

259 844 479 912 τεάγαν
523 845 663 909 εστὶ,
705 845 802 898 καὶ
846 843 981 897 πολὺ
1022 843 1143 898 λίαν
1173 843 1373 914 ἔχουσα
1409 843 1473 897 τὸ
1523 841 1834 913 εἰλικρινές.

260 936 390 990 Θεοῦ
442 936 572 1008 γὰρ,
631 936 789 1007 φησι,
842 933 1123 999 ποιοῦντος
1167 934 1493 1004 φαντασίας,
1556 933 1838 987 τουτέστιν

259 1029 563 1099 ἀστραπάς,
596 1029 692 1081 καὶ
739 1027 893 1081 ὑετὸν
931 1030 996 1097 τῇ
1023 1029 1094 1098 γῇ
1126 1026 1217 1080 τὸν
1259 1027 1569 1098 χειμερινὸν
1596 1026 1863 1095 χέοντος,,

258 1121 313 1184 ὅς
338 1122 459 1174 εστι
476 1121 769 1191 χρήσιμος.
796 1120 891 1174 καὶ
920 1120 1027 1191 μὴν
1053 1118 1147 1172 καὶ
1177 1119 1414 1189 ἑκάστῳ,
1439 1117 1547 1171 τῶν
1568 1121 1625 1172 ὲν
1648 1118 1838 1187 ἀγροῖς

258 1213 521 1284 δηλονότι,
550 1213 783 1277 διδόντος
808 1212 1061 1283 βοτάνην,
1085 1212 1498 1283 πεπλανηκασιν
1522 1212 1762 1274 ἐκείνους
1788 1211 1836 1261 οἱ

258 1306 763 1377 ἀποφθεγγόμενοι,
821 1304 1123 1370 τουτέστιν,
1173 1305 1224 1358 oi.
1266 1303 1580 1374 ψευδοεπεῖς
1624 1320 1684 1356 τε
1744 1302 1839 1355 καὶ

257 1396 603 1469 ψευδηγόροι,
644 1396 741 1451 καὶ
796 1398 1055 1467 μαντείας
1091 1396 1342 1465 λέγοντες
1362 1397 1460 1460 τάς
1488 1396 1597 1450 ἀπό
1624 1412 1689 1464 γε
1737 1395 1837 1466 τῆς

256 1484 407 1553 σφῶν
446 1485 693 1557 καρδίας.
725 1480 882 1539 Οῦτοι
912 1485 1237 1557 λελαλήκασι
1282 1486 1504 1550 κόπους,
1556 1484 1837 1538 τουτέστιν

256 1575 316 1627 οὐ
342 1574 414 1629 τὰ
445 1577 527 1640 εἰς
577 1577 883 1631 ἀνάπαυσιν
914 1579 1028 1641 τοῖς
1069 1577 1416 1631 πιστεύουσιν
1458 1577 1665 1643 αὐτοῖς,
1700 1574 1838 1630 ἀλλά

256 1666 321 1721 δι’
344 1660 422 1722 ὧν
448 1668 663 1739 ἀνάγκη
688 1672 905 1740 καμεῖν,
939 1669 1059 1740 Θεῷ
1086 1669 1551 1742 προσκρούοντας,
1576 1669 1673 1723 καὶ
1694 1687 1837 1742 παρ-

257 1762 589 1830 ορωμΔνους.
635 1762 699 1815 Oi
728 1761 786 1815 δέ
818 1778 881 1831 γε
924 1761 1146 1834 μάντεις
1184 1762 1279 1817 καὶ
1310 1762 1378 1817 τά
1404 1764 1632 1816 ὲνύπνια
1664 1762 1836 1832 ψευδῆ

256 1850 500 1914 ιλάλουν,
541 1850 865 1923 εὐηχοῦντες
902 1854 1087 1916 αὐτοῖς
1114 1852 1357 1924 δηλονότι
1392 1851 1462 1906 τά
1498 1851 1834 1924 καταθύμια,
1869 1846 1916 1906 Β

257 1940 351 1993 καὶ
381 1944 646 2012 χρησταῖς
675 1942 776 2013 μὲν
813 1941 996 1996 ὲλπίσι
1034 1944 1499 2008 καταπιαίνοντες,
1539 1943 1839 2013 φάσκοντες

258 2031 312 2086 δὲ
340 2032 540 2103 ἀληθὲς
565 2033 746 2087 οὐδέν·
772 2034 887 2088 ἀλλ’
926 2037 1004 2098 είς
1034 2036 1252 2108 ἀπάτην
1280 2036 1375 2101 καὶ
1406 2035 1672 2107 πλάνησιν
1701 2037 1837 2089 ἀπο-

257 2124 539 2196 φέροντες,
579 2125 784 2195 ἥκιστα
808 2125 906 2197 μὲν
934 2126 1412 2190 καταδεικνύοντές
1437 2144 1587 2196 σφισι
1616 2127 1707 2181 τὸν
1727 2126 1839 2180 τῶν

256 2218 643 2289 πνευματικῶν
676 2218 878 2289 δοτῆρα
924 2220 1020 2274 καὶ
1055 2220 1327 2292 χορηγόν⁶
1354 2220 1739 2285 ἀναπείθοντες
1782 2220 1837 2274 δὲ

258 2310 463 2381 μᾶλλον
493 2312 665 2365 αἰτεῖν
693 2311 792 2383 τὴν
818 2313 1121 2384 εὐημερίαν
1154 2312 1306 2383 παρὰ
1332 2311 1443 2364 τῶν
1467 2311 1837 2383 ψευδωνύμων

257 2401 418 2456 θεῶν.
458 2420 477 2453 ι
500 2401 685 2474 Ταύτῃ
705 2419 808 2466 τοι,
837 2404 1025 2474 φησὶν,
1045 2403 1443 2477 ὲξηράνθησαν,
1467 2405 1543 2469 ὡς
1564 2406 1665 2459 οὐκ
1690 2406 1842 2477 ἔχον-

252 2510 346 2559 τες
381 2494 558 2559 ὑετὸν,
593 2495 688 2548 καὶ
736 2495 1098 2566 ἐκακώθησαν
1132 2497 1207 2560 ὡς
1249 2498 1519 2569 πρόϐατα.
1561 2518 1581 2549 ι
1611 2499 1686 2552 Οὐ
1731 2498 1840 2569 γὰρ

252 2582 322 2657 ἦν
353 2586 577 2658 βοτάνη,
607 2605 626 2638 ι
660 2586 761 2641 οὐκ
784 2581 851 2659 ἦν
878 2586 1040 2650 ἴασις.
1075 2606 1095 2639 ι
1127 2588 1200 2641 Οὐ
1228 2588 1338 2659 γὰρ
1370 2583 1438 2660 ἦν
1465 2589 1649 2652 αὐτοῖς
1682 2590 1710 2642 ό
1737 2606 1839 2643 κα-

253 2679 542 2750 τάδεσμῶν
589 2680 652 2733 τὸ
689 2681 1171 2753 συντετριμμένον,
1220 2683 1249 2735 ό
1290 2681 1524 2735 ἀνιστῶν
1549 2681 1611 2735 τὸ
1639 2686 1841 2755 κατερ-

251 2771 555 2841 ραγμένον,
588 2773 619 2825 ό
644 2772 1029 2844 ἀνακτώμενος
1060 2773 1123 2827 τὺ
1147 2773 1552 2845 κεκακωμένον.
1594 2775 1839 2845 Προσεκ-

254 2862 380 2915 τέον
431 2861 496 2933 δὴ
538 2858 653 2925 οὖν,
682 2863 804 2933 οὐχὶ
849 2867 964 2927 τοῖς
1007 2864 1452 2935 ἀποφθεγμένοις
1494 2865 1563 2920 τά
1608 2865 1837 2937 μάταια,

250 2952 580 3022 ψευδοεπέσι
603 2971 663 3007 τε
679 2955 772 3008 καὶ
795 2953 1147 3027 βωμολόχοις,
1172 2957 1265 3010 καὶ
1287 2957 1698 3022 ἐνυπνιασταῖς·
1722 2958 1841 3029 Θεῷ

1944 568 2107 622 verba
2135 568 2349 636 quidem
2371 576 2630 637 tanquam
2653 565 2722 620 de
2747 564 2909 621 rebus
2933 579 3149 620 sensum
3176 567 3519 637 tangentibus

1945 658 2099 723 ﬁunt,
2154 659 2248 713 sed
2297 672 2459 727 quam
2513 656 2792 711 contineat
2851 655 3135 724 tbeoriam,
3174 656 3388 712 subtilis
3432 668 3521 711 est

1942 752 2253 817 admodum,
2286 760 2341 806 et
2381 750 2688 819 purissima.
2735 748 2916 820 lnquit
2938 750 3103 816 enim,
3133 750 3241 803 Deo
3288 749 3521 803 faciente

1945 843 2278 911 phantasias,
2314 844 2414 898 hoc
2460 852 2545 896 est
2580 841 2813 913 irrigare,
2861 851 2915 897 et
2964 841 3198 912 pluviam
3236 838 3519 895 hiberna'm'

1947 936 2103 990 terris
2134 935 2318 989 utilem
2345 934 2675 1001 eﬂ'undente,
2715 943 2768 989 ct
2794 935 3011 1003 cuique,
3041 934 3331 1003 agrestium
3369 931 3519 986 vide-

1944 1027 2088 1092 licet,
2142 1028 2361 1082 herbam
2392 1028 2787 1097 suppeditante,
2815 1027 3150 1081 seduxerunt
3167 1038 3282 1085 eos,
3309 1021 3399 1091 qui
3443 1022 3519 1075 lo-

1945 1132 2201 1191 quunlur,
2229 1122 2336 1176 hoc
2362 1131 2446 1175 est
2502 1120 2790 1192 falsiloqui,
2826 1128 2881 1176 et
2913 1120 3217 1187 mendaces,
3243 1131 3299 1176 et
3324 1120 3517 1176 vatici-

1947 1216 2035 1269 nia
2056 1217 2123 1270 de
2150 1217 2310 1269 corde
2334 1227 2435 1268 suo
2461 1212 2817 1282 proferentes.
2843 1211 2906 1267 Hi
2938 1212 3099 1266 locuti
3131 1221 3255 1267 sunt
3283 1204 3517 1275 labores.

1944 1306 2049 1361 hoc
2076 1315 2161 1360 est
2222 1320 2331 1359 non
2365 1306 2431 1359 ad
2471 1303 2710 1374 requiem
2738 1304 3074 1359 credentium
3120 1304 3260 1371 illis;
3297 1306 3390 1359 sed
3420 1318 3519 1371 per

1945 1414 2066 1468 quae
2121 1408 2441 1468 cogerentur
2468 1398 2676 1452 versari
2706 1397 2758 1451 in
2791 1396 3027 1462 miseria,
3069 1405 3128 1450 ut
3152 1394 3321 1450 Deum
3350 1394 3519 1450 oﬂ'en»

1944 1488 2155 1553 denles,
2182 1500 2238 1543 et
2279 1487 2348 1543 ab
2368 1502 2435 1543 eo
2464 1488 2721 1558 despecti.
2760 1485 2925 1558 πθ
2954 1485 3124 1540 Porro
3173 1485 3328 1540 arioli
3351 1488 3517 1540 etiam

1945 1584 2155 1638 somnia
2194 1580 2327 1636 falsa
2352 1581 2740 1650 loquebantur,
2771 1579 3071 1633 mulcentes
3123 1592 3313 1633 eorum
3357 1592 3519 1633 aures

1943 1673 2196 1729 videlicet
2219 1674 2381 1728 rebus
2401 1672 2675 1743 iucundis,
2708 1678 2762 1726 et
2781 1669 2919 1725 bona
2944 1685 3039 1740 spe
3060 1681 3366 1739 pascentes,
3386 1667 3519 1723 nihil

1945 1777 2127 1823 tamen
2157 1781 2343 1821 verum
2395 1765 2635 1820 dicentes
2661 1781 2674 1817 :
2706 1764 2800 1819 sed
2830 1763 2885 1818 in
2928 1763 3172 1818 fraudem
3191 1773 3247 1818 et
3273 1776 3517 1818 errorem

1940 1860 2290 1930 abripientes,
2344 1856 2674 1926 minimeque
2754 1854 3113 1926 spiritualium
3163 1856 3405 1910 datorem
3465 1863 3520 1906 et

1940 1952 2394 2022 suppeditalorem
2417 1948 2523 2002 illis
2554 1947 2900 2002 ostendentes
2922 1963 2935 2012 ;
2955 1947 3081 2016 quin
3108 1946 3516 2014 persuadentes,

1940 2044 2021 2099 uti
2054 2042 2368 2098 felicitatem
2417 2040 2594 2109 p0tius
2621 2056 2648 2091 a
2683 2039 2785 2092 diis
2816 2038 3201 2092 commentitiis
3260 2050 3518 2105 exposce-

1939 2144 2082 2191 rent.
2117 2152 2138 2187 ι
2197 2134 2339 2199 Ideo,
2372 2132 2562 2201 inquit.
2607 2140 2958 2194 exaruerunt,
3009 2139 3066 2184 ut
3120 2144 3225 2184 non
3259 2128 3519 2183 habentes

1941 2229 2197 2298 pluviam,
2226 2236 2279 2280 et
2321 2223 2507 2280 amicti
2546 2234 2692 2289 sunt,
2754 2230 2812 2277 ut
2849 2236 2997 2277 oves.
3039 2239 3060 2275 ι
3093 2220 3206 2275 Νοη
3227 2222 3370 2277 enim
3402 2233 3521 2276 erat

1943 2324 2131 2386 herba,
2167 2343 2187 2373 ε
2234 2336 2341 2377 non
2364 2330 2483 2376 erat
2507 2319 2737 2374 sanatio.
2779 2336 2799 2370 ι
2843 2317 3026 2388 Neque
3059 2317 3203 2371 enim
3232 2326 3350 2370 erat
3379 2316 3520 2369 inter

1945 2429 2040 2469 eos
2061 2413 2152 2484 qui
2181 2413 2423 2484 alligaret
2447 2413 2589 2482 quod
2622 2411 2936 2473 contritum,
2971 2408 3063 2479 qui
3092 2409 3325 2477 erigeret
3377 2408 3519 2478 quod

1942 2505 2301 2570 confractum,
2357 2503 2450 2574 qui
2486 2511 2762 2559 recrearet
2826 2502 2968 2572 quod
3007 2497 3261 2554 aﬂlictum
3296 2507 3416 2554 erat
3451 2498 3518 2552 ".

1942 2594 2337 2650 Attendendum
2373 2594 2557 2661 igitur,
2588 2607 2691 2646 non
2724 2590 3065 2659 loquentibus
3096 2605 3253 2655 vana,
3298 2588 3521 2643 menda-

1942 2686 2200 2754 cibusque
2247 2692 2305 2738 et
2348 2682 2775 2737 assentatoribus
2817 2690 2872 2736 ct
2932 2680 3373 2744 somniatoribus,
3422 2677 3519 2733 sed

1944 2776 2054 2829 Deo
2080 2776 2283 2845 potius,
2317 2775 2525 2828 lumine
2552 2788 2693 2828 verte
2726 2773 3051 2843 cognitionis
3084 2772 3280 2826 divinae
3304 2771 3355 2825 in
3400 2772 3521 2825 ani-

1945 2883 2089 2920 mum
2140 2866 2473 2930 coruscanti,
2510 2875 2565 2919 et
2612 2866 2822 2934 pluvias
2871 2862 3233 2927 intellectiles,
3284 2862 3520 2931 Spiritus

1943 2958 2114 3014 sancti
2140 2957 2553 3023 consolationes,
2581 2956 2829 3026 inquam,
2868 2954 3174 3010 demittenti
3205 2960 3260 3008 et
3299 2954 3519 3008 herbam

253 3045 314 3099 δὲ
343 3044 550 3115 μᾶλλον
574 3045 652 3116 τῷ
683 3046 762 3110 εἰς
790 3045 915 3099 νοῦν
950 3050 1085 3118 ἡμῖν
1116 3048 1544 3119 ὲναστράπτοντι
1580 3049 1678 3119 τῆς
1708 3049 1841 3121 ἀλη-

1944 3050 2245 3123 agrestibus
2278 3050 2616 3121 producenti,
2651 3049 2792 3118 quod
2835 3057 2939 3112 est,
2975 3046 3116 3101 velut
3155 3047 3209 3099 in
3259 3043 3523 3098 viridissi-

254 3138 388 3203 θοῦς
409 3138 740 3208 θεογνωσίας
768 3139 830 3193 τὸ
871 3138 1009 3209 φῶς,
1040 3141 1134 3194 καὶ
1168 3142 1392 3211 νοητοὺς
1438 3141 1628 3206 ὑετοὺς
1671 3159 1839 3196 κατα-

1946 3158 2031 3196 ma
2051 3142 2237 3203 herha,
2265 3140 2316 3193 in
2338 3140 2643 3209 cognitione
2660 3138 2789 3193 nulli
2817 3136 3218 3206 reprehensioni
3248 3137 3482 3190 obnoxia
3502 3174 3518 3199 .

253 3231 460 3303 χέσντι,
503 3232 603 3294 τὰς
635 3230 721 3284 διά
749 3229 845 3284 τοῦ
888 3208 1046 3300 ἀγίου
1076 3208 1394 3304 Πνεύματος
1441 3234 1837 3305 παρακλήσεις,

1944 3250 2005 3288 ac
2061 3233 2320 3286 divinitus
2386 3208 2658 3300 inspirata:
2739 3229 3033 3301 Scriptum
3085 3243 3183 3284 nos
3259 3229 3519 3296 poscenti.

253 3321 426 3392 λέγω,
461 3324 556 3376 καὶ
580 3322 811 3393 βοτάνην
838 3322 1134 3392 ἀναφύοντι
1161 3326 1274 3387 τοῖς
1302 3325 1362 3378 ὲν
1389 3324 1563 3396 ἀγρῷ,
1590 3326 1838 3380 τουτέστι

1949 3344 1966 3376 ε
2007 3325 2176 3378 llorno
2200 3324 2342 3379 enim
2376 3338 2496 3378 cum
2547 3325 2601 3376 in
2636 3323 2839 3376 honore
2868 3332 3033 3385 esset,
3063 3337 3167 3376 non
3211 3319 3472 3376 intellexit
3505 3336 3520 3373 :

255 3414 445 3479 πάλιν,
476 3414 875 3485 εὐανθεστάτην
902 3415 1091 3487 ὥσπερ
1119 3418 1268 3487 ἡμᾶς
1297 3418 1655 3486 κατανόμοντι
1680 3418 1836 3482 πόαν,

1944 3427 2290 3487 comparatus
2339 3426 2421 3472 est
2460 3416 2728 3485 jumentis
2778 3415 3192 3484 insipientibus,
3226 3422 3283 3469 ει
3329 3414 3525 3468 similis

252 3506 361 3576 τῆς
409 3505 771 3559 θεοπνεύστου
832 3507 1053 3579 Γραφῆς
1106 3508 1205 3580 τὴν
1260 3508 1560 3580 ἀμώμητον
1611 3508 1832 3577 γνῶσιν.

1945 3510 2122 3566 factus
2147 3520 2234 3565 est
2281 3509 2387 3564 illis
2418 3509 2487 3561 ³⁸.
2522 3527 2543 3562 ι
2576 3508 2685 3563 Sed
2716 3508 2760 3563 si
2790 3508 3039 3563 notitiam
3080 3506 3385 3561 divinorum
3416 3503 3526 3560 elo.

259 3617 282 3650 ε
324 3598 649 3669 ’Ἄνθρωπος
692 3600 795 3669 μὲν
821 3599 932 3670 γὰρ
970 3603 1028 3654 ἐν
1060 3603 1194 3671 τιμῇ
1224 3599 1321 3664 ὢν,
1366 3602 1426 3654 οὗ
1473 3601 1697 3672 συνῆκε,
1727 3618 1835 3654 πα-

1944 3605 2192 3675 quiorqu
2221 3605 2275 3658 in
2306 3614 2493 3673 pectus
2532 3601 2838 3665 admiserit,
2865 3610 2921 3656 et
2952 3601 3019 3655 de
3056 3599 3313 3653 alimento
3360 3596 3526 3668 spiri-

257 3691 636 3764 ρασυνεῦλήθη
662 3694 773 3756 τοῖς
793 3694 1012 3764 κτήνεσι
1038 3696 1151 3756 τοῖς
1169 3695 1434 3764 ἀνοήτοις,
1464 3693 1556 3747 καὶ
1581 3692 1839 3764 ὡμοιώθη

1944 3694 2075 3749 tuali
2105 3693 2534 3764 participaverit,
2571 3703 2684 3748 tum
2718 3694 2935 3747 demum
2982 3690 3200 3761 spurius
3221 3704 3345 3746 esse
3379 3688 3526 3743 desi-

255 3786 466 3847 αὐτοῖς.
506 3802 526 3834 ι
570 3783 711 3837 Ἀλλ’
746 3785 797 3836 εί
837 3784 947 3837 ἕλοι
977 3801 1094 3849 πως
1140 3788 1219 3848 εὶς
1251 3783 1377 3838 νοῦν
1414 3784 1522 3838 τῶν
1568 3784 1727 3838 θείων
1753 3784 1840 3836 λο-

1947 3799 2103 3850 nens,
2130 3785 2380 3857 prudenti
2411 3786 2621 3841 ratione
2645 3783 2997 3856 gubernatus,
3022 3792 3077 3836 et
3107 3779 3527 3849 cogitationibus

255 3876 397 3945 γίων
414 3875 513 3946 τὴν
537 3874 761 3944 γνῶσιν,
791 3875 886 3929 καὶ
912 3877 1117 3947 τροφῆς
1166 3878 1425 3947 μετάσχοι
1451 3877 1553 3948 τῆς
1596 3893 1843 3947 πνευμα-

1947 3877 2168 3933 homine
2202 3878 2379 3947 dignis
2408 3877 2695 3945 susceptis,
2726 3890 2939 3930 rursum
2967 3876 3020 3929 in
3058 3876 3264 3929 honore
3300 3873 3424 3927 erit.
3492 3928 3497 3933 ,

255 3971 441 4041 τικῆς,
481 3968 601 4023 τότε
620 3968 707 4039 δὴ,
765 3969 886 4023 τότε
918 3969 1017 4041 τὴν
1047 3969 1274 4023 νωθείαν
1312 3968 1622 4036 ἀποϐαλὼν,
1650 3970 1707 4022 ὲν
1735 3971 1871 4041 τιμῇ
1912 3971 2075 4026 πάλιν
2138 3972 2314 4036 ἔσται,
2344 3970 2589 4041 λογισμῷ
2632 3968 2711 4041 τῷ
2740 3967 2979 4040 σώφρονι
3012 3967 3399 4037 διοικούμενος,
3433 3966 3528 4019 καὶ

257 4060 362 4130 τὴν
387 4059 659 4132 ἀνθρώταρ
683 4062 1000 4132 πρέπουσαν
1029 4061 1311 4116 ἀναλαϐὼν
1336 4062 1411 4135 (1)
1434 4063 1626 4133 φρένα.

344 4154 477 4207 Ἐπὶ
509 4155 654 4222 τοὺς
703 4154 991 4227 ποιμένας
1028 4158 1386 4228 παρωξύνθη
1420 4161 1454 4212 ό
1489 4160 1675 4229 θυμός
1696 4177 1839 4229 μου,

256 4246 367 4302 καὶ
398 4246 499 4300 ἐπὶ
528 4247 668 4312 τοὺς
692 4248 923 4319 ἁμνοὺς
944 4249 1367 4319 ἐπισκέψομαι.

335 4339 458 4393 ΞΖ’.
493 4340 782 4409 Ποιμένας
810 4344 868 4395 ὲν
901 4341 1136 4407 τούτοις,
1172 4342 1422 4416 καθάπερ
1454 4337 1689 4414 ὲγῷμαι,
1715 4344 1842 4407 τοὺς

257 4429 715 4501 ψευδοπροφήτας
741 4433 836 4487 καὶ
856 4431 1245 4504 ψευδομάντεις
1278 4435 1565 4501 ἀποκαλεῖ,
1596 4435 1694 4489 κει)⁵
1717 4436 1842 4499 τοὺς

256 4522 362 4591 τῆς
389 4521 606 4592 ἀπάτης
657 4522 997 4593 καθηγητὰς,
1040 4524 1263 4597 δλεθρὸν
1292 4543 1351 4580 τε
1399 4527 1494 4582 καὶ
1538 4527 1722 4598 πάγην
1751 4544 1843 4596 γε·

260 4612 490 4679 γονότας
522 4616 657 4676 τοῖς,
686 4614 737 4667 οἶ
764 4615 861 4684 τῆς
890 4615 1126 4685 ἀληθοῦς
1149 4619 1278 4689 περὶ
1306 4618 1443 4672 θεοῦ
1473 4618 1630 4690 δόξης
1664 4621 1845 4690 ἡμαρ-

260 4703 515 4773 τηκότες,
546 4706 646 4774 τὴν
687 4705 835 4776 αὐτῷ
869 4709 1185 4776 πρέπουσαν
1229 4710 1415 4781 τιμὴν,
1469 4710 1564 4764 καὶ
1591 4710 1846 4781 λατρείαν

264 4794 648 4849 ἀνατεθείκασι
698 4801 765 4868 τῇ
810 4799 1004 4865 κτίσει,
1044 4804 1138 4854 καὶ
1171 4802 1583 4873 προσεκύνησαν
1615 4804 1727 4865 τοῖς
1754 4801 1846 4873 ἔρ-

266 4898 382 4949 γοις
410 4883 521 4935 τῶν
552 4885 700 4938 ίδίων
732 4887 953 4957 χειρῶν,
990 4888 1135 4942 καθὰ
1160 4889 1489 4961 γέγραπται.

341 4974 458 5026 Οὐκ
486 4974 751 5029 ἀπίθανον
782 4977 838 5030 δὲ
869 4982 980 5039 τοῖς
1010 4979 1406 5050 ψευδομάντεσι
1445 4979 1539 5034 καὶ
1581 4982 1707 5045 τοὺς
1738 4982 1848 5036 τῶν

282 5062 550 5135 Ἑλλήνων
596 5069 829 5139 συνάψαι
876 5070 1130 5140 λογάδας,
1163 5074 1212 5128 οἳ
1248 5072 1313 5145 δὴ
1362 5075 1516 5142 σοφοὶ
1564 5074 1845 5140 δοκοῦντες

268 5157 431 5223 ἄγαν,
461 5159 579 5222 ταῖς
608 5160 819 5214 ἑαυτῶν
846 5162 1202 5231 εὐγλωττίαις
1224 5167 1348 5228 τοὺς
1376 5167 1558 5229 αὐτοῖς
1586 5183 1847 5238 προσκειο

268 5246 471 5317 μένους
498 5250 905 5323 πεπλανήκασι,
942 5255 1035 5308 καὶ
1061 5255 1251 5325 ὥσπερ
1276 5258 1417 5321 τινὲς
1458 5258 1716 5329 ποιμένες
1746 5260 1847 5312 οὐκ

263 5338 468 5408 ἀγαθοὶ
518 5346 929 5417 κατεδόσκησαν
970 5351 1029 5401 ὲν
1072 5350 1357 5414 ἀκάνθαις,
1390 5352 1485 5405 καὶ
1525 5355 1605 5415 εἰς
1644 5352 1846 5423 πολλὴν

265 5431 599 5504 ἁχρειότητα
637 5435 854 5507 σαθρῶν
893 5439 1131 5494 ἐννοιῶν.
1178 5442 1243 5494 Τί
1290 5442 1398 5512 γάρ
1451 5446 1577 5513 παρ
1619 5441 1846 5507 ἐκείνοις

2025 4158 2184 4213 Vens.
2214 4157 2266 4211 5.
2302 4156 2474 4221 Super
2502 4166 2732 4223 pastores
2749 4155 3040 4208 concitatus
3068 4164 3141 4208 est
3177 4154 3329 4223 furor
3359 4168 3527 4220 ntus,

1948 4264 1997 4309 et
2023 4268 2181 4321 super
2206 4268 2369 4323 agnos
2395 4250 2637 4305 visitabo.

2021 4344 2229 4400 LXVII.
2294 4342 2541 4397 Pastores
2596 4341 2697 4395 hoc
2731 4340 2869 4407 loco,
2901 4348 2957 4392 ut
2986 4339 3246 4401 arbitror,
3298 4338 3529 4406 pseudo-

1934 4436 2242 4506 rprophetas
2266 4442 2321 4487 et
2350 4433 2517 4487 falsos
2544 4439 2780 4489 vates.et
2808 4430 3098 4499 magistros
3117 4429 3321 4481 erroris
3346 4425 3530 4496 appel-

1946 4527 2043 4591 lat,
2099 4537 2414 4596 pestemque
2454 4534 2509 4577 et
2560 4522 2808 4593 laqueum
2842 4521 2931 4583 iis,
2991 4520 3082 4589 qni
3142 4533 3269 4573 vera
3301 4522 3367 4573 de
3420 4519 3531 4573 Deo

1944 4620 2198 4690 opinione
2229 4617 2439 4682 relicta,
2493 4617 2751 4669 honorem
2780 4623 2836 4666 et
2863 4612 3066 4668 cultum
3117 4612 3214 4679 ipsi
3246 4611 3526 4680 proprium

1947 4721 2211 4770 creaturae
2239 4711 2577 4769 dedicarunt,
2600 4718 2832 4778 etopera
2859 4720 3117 4760 manuum
3173 4719 3397 4759 suarum
3433 4703 3531 4758 ad-

1948 4812 2263 4868 oraveruut,
2298 4802 2440 4855 sicut
2468 4799 2729 4869 scriptum
2753 4806 2837 4852 est
2857 4797 2921 4850 ³⁸.

2026 4982 2137 5037 Nec
2184 4982 2417 5036 alienum
2482 4988 2585 5036 est
2625 4979 2776 5035 falsis
2826 4979 3037 5031 vatibus
3095 4978 3258 5031 etiam
3314 4974 3535 5029 Gnaeos

1951 5078 2211 5146 quosdam
2259 5074 2411 5143 quasi
2463 5073 2727 5143 majorum
2771 5073 3011 5141 gentium
3070 5068 3386 5138 adiungere,
3437 5065 3533 5133 qui

1951 5183 2073 5221 cum
2127 5166 2513 5235 sapientissimi
2569 5172 3004 5228 numerarentur,
3052 5158 3363 5229 eloquentia
3427 5171 3527 5210 sua

1954 5261 2085 5330 ipsis
2117 5262 2457 5314 adhaerentes
2511 5259 2864 5320 seduxerunt,
2919 5267 2973 5308 et
3028 5263 3086 5308 ut
3122 5262 3368 5323 pastores
3422 5264 3531 5303 non

1955 5354 2079 5409 boni
2114 5355 2165 5407 in
2209 5354 2400 5422 spinis,
2435 5363 2487 5406 et
2540 5354 2592 5406 in
2653 5351 2816 5407 multa
2859 5349 3096 5403 vanitate
3145 5346 3532 5417 cogitationum

1956 5446 2227 5501 inutilium
2266 5456 2545 5517 paverunt.
2580 5444 2717 5511 Quid
2746 5444 2888 5499 enim
2928 5440 3069 5511 apud
3100 5439 3219 5495 illos
3249 5437 3318 5494 ad
3342 5436 3533 5508 cogni-

256 5592 259 5595 ’
340 5611 386 5642 ⁸³
410 5610 612 5667 Ezecb.
648 5628 832 5680 xxxw,
874 5617 928 5671 4.
1006 5616 1213 5681 "Psal.
1247 5634 1432 5688 sum,
1466 5621 1552 5677 15.
1629 5622 1669 5653 “
1694 5619 1834 5677 Psal.
1862 5634 2016 5688 cmi,
2047 5619 2079 5675 4
2107 5635 2256 5689 srqq.

336 5788 417 5861 (1)
449 5789 741 5860 Aubertus,
776 5796 1077 5851 ἁναῦαλών.
1110 5796 1268 5854 Eon.
