4072 6370
310 396 411 453 165

1115 391 1678 448 COMMENTARIUS
1722 391 1785 446 IN
1828 390 2234 449 ZACHARIAM
2272 390 2723 450 PROPHETAM.

3479 404 3583 459 166

309 514 630 586 Θελημάτων
665 512 943 583 ὑπηρέτας
989 512 1265 580 γενέσθαι,
1307 515 1403 567 καὶ
1451 514 1779 584 ὑπουργοὺς,
1809 514 1903 567 καί⁹

2004 524 2191 569 contra
2231 512 2591 571 adversarios.
2628 515 2704 571 Ex
2741 514 2858 586 ipso
2891 517 3109 587 insuper
3138 537 3156 570 ι
3191 520 3503 589 egredietur
3528 532 3584 576 et

304 610 405 678 τῆς
448 605 578 677 παρ’
609 604 774 659 αὑτοῦ
821 606 1043 675 χάριτος
1088 606 1253 659 οἱονεί
1298 608 1547 675 μεσίτας,
1588 608 1682 660 καὶ
1712 607 1895 660 διακό⁴

311 716 448 762 me.
485 698 606 751 Ἔτι
642 696 700 749 δέ
727 712 911 766 φησιν,
943 695 1012 759 ἐξ
1044 696 1255 761 αὐτοῦ,
1293 697 1541 750 τουτέστι
1590 697 1683 750 τοῦ
1726 697 1893 750 ’ἰούδα

1998 608 2228 661 abactor
2261 608 2313 660 in
2352 607 2601 675 idipsum.
2635 626 2654 657 ι
2718 607 3065 674 Abactorem,
3120 620 3285 680 puto,
3346 611 3583 681 appellat

2001 700 2356 766 praedatorem
2395 710 2451 752 et
2471 699 2713 767 captivos
2738 699 3043 756 dueentem.

305 796 449 848 τὸ-ἐν
475 791 633 863 θυμῷ
669 793 979 862 τεινόμενον
1019 791 1171 858 τόξον
1201 792 1344 845 κατά
1381 791 1488 845 τῶν
1534 793 1890 847 ὑπεναντίων.
1946 793 2036 860 Ἐξ
2097 794 2266 848 αὐτοῦ
2326 794 2384 849 δὲ
2423 794 2587 848 πάλιν
2631 814 2650 846 ι
2689 795 3031 860 ἐξελεύσεται
3061 800 3156 852 καὶ
3200 799 3499 864 ἐξελαύνων
3528 805 3587 856 ἐν

306 883 384 952 τῷ
411 883 582 954 αὐτῷ.
623 902 642 934 ι
682 880 1069 947 Ἐξελαύνοντα
1107 881 1188 946 δὲ,
1223 882 1300 945 ὥς
1328 898 1393 950 γε
1434 877 1610 953 οἶμαι,
1678 885 1811 953 φησί
1838 885 1929 937 τὸν
1966 884 2334 957 λεηλατοῦντά
2361 903 2420 939 τε
2450 888 2544 939 καὶ
2572 887 3064 958 αἱχμαλωτίζοντα.

376 974 682 1046 Δεδράκασι
711 973 770 1027 δὲ
797 972 955 1026 τοῦτο
982 975 1032 1027 οἰ
1062 973 1341 1028 θεσπέσιοι
1392 975 1654 1045 μαθηταὶ,
1686 978 1813 1039 τοὺς
1840 978 1898 1044 ὲξ

318 1066 584 1136 Ἑλλήνιον
610 1066 970 1138 ἁρπάζοντες,
1003 1067 1099 1120 καὶ⁵
1130 1066 1209 1137 τῷ
1236 1067 1459 1137 μεγάλῳ
1502 1069 1899 1139 προσκομίζον-

303 1175 395 1222 τες
422 1158 653 1229 βασιλεῖ,
689 1159 834 1229 φημὶ
858 1158 922 1229 δὴ
960 1158 1205 1231 Χριστῷ,
1233 1159 1321 1212 ἵνα
1360 1160 1452 1211 ὑπ’
1492 1160 1643 1231 αὐτῷ
1669 1178 1730 1215 τε
1763 1158 1894 1224 εἷεν,

302 1251 395 1304 καὶ
416 1250 487 1303 τά
510 1249 678 1305 αὑτοῦ
706 1253 926 1321 φρονεῖν
944 1250 1169 1318 ἕλοιντο,
1191 1255 1291 1322 τῆς
1314 1250 1406 1305 τοῦ
1430 1252 1676 1306 διαϐόλου
1700 1253 1892 1306 πλεον-

298 1345 448 1410 εξίας
507 1345 628 1415 ὀψὲ,
656 1346 932 1417 καὶ-μόλις
961 1347 1390 1418 ἀποσεισάμενοι
1418 1348 1510 1402 τὸν
1537 1348 1718 1416 ζυγόν.
1748 1351 1897 1403 Κατ-

300 1438 624 1511 ηνδρίσαντο
654 1438 712 1493 δέ
746 1437 891 1492 οὕτω
930 1439 1042 1493 τῶν
1091 1440 1225 1512 παρ’
1251 1440 1477 1512 Ἕλλησι
1508 1442 1688 1511 σοφῶν
1717 1443 1766 1496 οί
1798 1442 1889 1495 θε-

300 1532 514 1587 σπέσιοι
574 1531 835 1603 μαθηταὶ,
890 1532 966 1596 ὡς
1007 1532 1110 1605 ἠδη
1166 1551 1286 1598 πως
1330 1535 1507 1588 δοκεῖν
1551 1536 1724 1605 πηλὸν
1770 1539 1891 1600 ταῖς

302 1626 533 1697 τριόδοις
555 1625 939 1698 διερῤιμμένον
963 1630 1290 1698 συμπατεῖν.
1314 1627 1425 1681 Καὶ
1450 1628 1560 1700 γὰρ
1585 1624 1653 1700 ἦν
1687 1628 1891 1698 Κύριος

303 1719 420 1790 μετ’
463 1718 663 1785 αὐτῶν,
705 1738 722 1769 t
766 1718 824 1771 Ὀ
873 1719 1043 1771 ποιῶν
1077 1719 1307 1790 μεγάλα,
1345 1721 1440 1773 καὶ
1484 1721 1889 1793 ἀνεξιχνίαστα,

298 1812 486 1878 ενδοξά
514 1829 572 1866 τε
602 1812 695 1866 καί
723 1811 967 1878 ἐξαίσια,
994 1806 1069 1866 ὧν
1104 1813 1205 1866 οὐκ
1235 1811 1385 1866 ἔστιν
1415 1814 1664 1885 ἀριθμός.
1708 1832 1727 1865 ι
1767 1816 1894 1868 Ἐπ-
1926 1838 1966 1892 Β

298 1903 494 1975 εφώνει
514 1904 689 1958 δέπου
710 1905 806 1958 καὶ
836 1907 865 1959 ό
884 1904 1141 1975 Χριστὸς,
1163 1909 1276 1969 τοῖς
1307 1904 1662 1959 πιστεύσασιν
1691 1906 1772 1970 εἰς
1795 1908 1893 1960 αύ-

294 1998 422 2053 τόν·
462 2015 482 2050 t
525 1997 655 2052 Ἰδοὺ
701 1997 913 2051 δέδωκα
943 1997 1070 2067 ὑμῖν
1118 2000 1311 2050 πατεῖν
1343 1998 1529 2052 ἐπάνω
1565 1997 1767 2067 ὄφεων,
1796 1999 1892 2054 καὶ

299 2090 601 2163 σκορπίων,
632 2090 727 2143 καὶ
761 2090 855 2142 ἐπὶ
892 2091 1073 2143 πᾶσαν
1104 2090 1203 2161 τὴν
1231 2089 1463 2160 δύναμιν
1491 2090 1585 2143 τοῦ
1611 2089 1830 2162 ἐχθροῦ.
1866 2111 1884 2142 r

308 2182 507 2238 ’ἰστέον
542 2183 600 2237 δὲ
625 2182 707 2235 ὅτι
750 2182 1128 2253 πνευματικὴν
1163 2182 1262 2251 μὲν
1294 2184 1461 2252 ἡμεῖς
1507 2179 1890 2252 ἐξυφαίνοντες

296 2277 556 2347 Θεωρίαν,
581 2275 651 2329 τά
677 2273 906 2329 τοιαύτά
932 2291 1136 2345 φαμεν.
1748 2311 1770 2339 ,

380 2368 653 2433 Ἰουδαίοις
676 2386 737 2438 γε
771 2370 879 2441 μὴν
900 2370 998 2439 οὐχ
1026 2363 1128 2423 ὧδε
1152 2369 1296 2441 ἔχειν
1323 2369 1384 2424 τὸ
1401 2370 1592 2441 χρῆμα
1609 2370 1774 2435 δοκεῖ,
1805 2370 1890 2423 δέ·

291 2480 478 2534 χονται
503 2462 560 2517 δὲ
591 2462 795 2534 μᾶλλον
824 2461 1132 2533 ίστορικῶς,
1165 2463 1259 2516 καί
1308 2480 1494 2532 φασιν,
1526 2465 1608 2517 ὅτι
1638 2464 1774 2534 μετά
1797 2465 1887 2518 τὸν

292 2556 394 2626 τῆς
425 2554 805 2625 αἰχμαλωσίας
836 2555 1028 2626 καιρὸν
1066 2554 1451 2626 πεπολέμηκεν
1473 2556 1678 2621 αὐτοῖς,
1711 2558 1739 2608 ό
1763 2557 1886 2609 ἐπί-

292 2646 431 2717 κλην
478 2645 776 2717 Ἐπιφανὴς
812 2645 1084 2716 Ἀντίοχος
1122 2644 1382 2714 πλείστην
1408 2663 1468 2698 τε
1489 2647 1622 2719 ὅσην
1651 2664 1888 2715 συναγα-

292 2738 408 2807 γὼν
462 2740 529 2791 ἐκ
580 2737 681 2808 τῆς
722 2736 990 2808 Ἐλλήνων
1036 2736 1223 2808 χώρας
1262 2737 1372 2790 τῶν
1422 2739 1749 2808 μαχομένων
1787 2739 1886 2811 τὴν

291 2830 563 2904 ἄθροισιν,
603 2829 696 2883 καὶ
733 2829 841 2900 μὴν
871 2831 966 2884 καὶ
998 2832 1120 2892 ταῖς
1150 2828 1280 2901 παρ’
1311 2830 1514 2900 ἐτέρων
1545 2824 1886 2901 ἐπικουρίαις

291 2922 684 2995 ὠφρυωμένος.
746 2921 885 2975 Ἀλλ’
941 2921 1015 2984 ὡς
1074 2921 1229 2975 αὐτοί
1262 2933 1279 2978 t
1316 2938 1471 2990 φασι,
1526 2921 1813 2991 νενίκηκεν
1857 2922 1887 2973 ό

305 3013 546 3086 Ἰσραὴλ,
581 3014 678 3067 καὶ
702 3012 802 3083 τῆς
843 3013 1055 3066 ἐκείνου
1085 3012 1408 3083 σκαιότητος
1448 3012 1548 3083 τὴν
1570 3013 1778 3083 ἀμείνω
1802 3013 1887 3066 δό-

295 3107 395 3172 ξαν
434 3108 803 3175 ἀπηνέγκατο.
841 3105 978 3158 Τότε
1005 3105 1113 3177 γὰρ
1154 3105 1470 3176 συμϐέϐηκε
1525 3106 1621 3158 καὶ
1666 3105 1792 3169 τοὺς
1821 3107 1887 3159 ἐκ

2068 979 2339 1034 Fecerunt
2361 980 2466 1035 hoc
2488 983 2662 1035 sancti
2691 982 3034 1053 discipuli.de
3058 984 3263 1039 Graecis
3291 987 3580 1053 rapientes.

1994 1085 2132 1140 quos
2158 1084 2352 1138 magno
2379 1072 2510 1141 regi,
2577 1071 2817 1139 Christo,
2867 1075 3103 1143 inquam,
3145 1075 3477 1140 obtulerunt,
3526 1088 3584 1130 ut

1994 1162 2096 1217 sub
2136 1163 2252 1232 ipso
2284 1175 2491 1227 essent,
2537 1174 2592 1219 et
2630 1180 2752 1235 qua:
2789 1166 2907 1235 ejus
2953 1177 3079 1221 sunt
3141 1183 3335 1238 sapere
3362 1171 3580 1234 vellent,

1995 1254 2271 1309 diabolicae
2294 1257 2573 1311 servitutis
2599 1256 2728 1326 jugo
2793 1273 2937 1324 sero,
2975 1266 3032 1314 et
3068 1258 3155 1314 vix
3218 1263 3432 1317 tandem
3483 1276 3583 1317 ex-

1995 1362 2174 1401 cusso.
2241 1347 2394 1403 Adeo
2453 1356 2635 1402 autem
2695 1360 2883 1405 contra
2934 1350 3246 1407 Graecorum
3308 1353 3583 1423 sapientes

1997 1448 2218 1493 strenue
2244 1441 2411 1494 divini
2462 1441 2707 1509 discipuli
2730 1457 2788 1496 se
2821 1454 3124 1513 gesserunt,
3156 1455 3213 1499 ut
3274 1445 3388 1515 jam
3441 1464 3580 1516 quo-

1997 1532 2286 1586 danunodo
2315 1531 2481 1586 lutum
2524 1534 2576 1587 in
2638 1534 3016 1600 triviisjaeens
3063 1540 3384 1595 eoneulcare
3435 1540 3584 1594 vide-

1997 1633 2205 1679 rentur.
2242 1623 2455 1679 Etenim
2486 1624 2745 1681 Dominus
2770 1637 2890 1681 erat
2920 1642 3041 1682 eum
3072 1630 3224 1698 ipsis,
3270 1650 3289 1682 ι
3319 1630 3421 1697 Qui
3452 1631 3581 1688 facit

2000 1730 2215 1785 magna,
2258 1726 2313 1769 et
2346 1717 2741 1780 inserutahilia,
2778 1718 3035 1788 gloriosa,
3060 1727 3114 1773 et
3149 1721 3406 1791 ingentia,
3439 1739 3579 1795 quo-

1997 1823 2115 1861 rum
2146 1818 2363 1863 nonest
2402 1824 2661 1864 numerus
2686 1810 2751 1864 “.
2797 1831 2816 1863 ι
2876 1810 3173 1881 Compellat
3228 1824 3283 1869 et
3329 1816 3582 1872 Christus

1999 1901 2194 1956 alicubi
2228 1904 2582 1958 cretlentesin
2613 1920 2707 1959 se:
2741 1904 2908 1960 «Ecce
2931 1907 3051 1961 dedi
3080 1906 3234 1961 vobis
3250 1916 3577 1975 pmestatem

1998 1994 2240 2049 calcandi
2308 2010 2471 2066 supra
2513 2005 2794 2064 serpentes
2845 2005 2900 2052 et
2938 2000 3278 2067 scorpiones,
3331 2011 3385 2055 et
3413 2015 3577 2071 supra

1996 2102 2211 2141 omnem
2242 2087 2494 2141 virtutem
2522 2087 2724 2142 inimici
2753 2088 2823 2142 ³⁸.
2850 2108 2870 2141 ι
2921 2088 3212 2145 Sciendum
3234 2105 3417 2159 porro,
3455 2106 3576 2156 nos,

1997 2177 2331 2246 spiritualem
2383 2178 2887 2248 interpretationem
2930 2192 3286 2238 contexentes
3332 2184 3448 2238 haec
3495 2184 3579 2239 di-

1993 2285 2141 2325 cere.

2065 2364 2134 2417 At
2179 2361 2378 2418 Judaeis
2409 2364 2682 2419 diversum
2711 2362 2908 2434 placet,
2940 2367 3029 2435 qui
3057 2367 3173 2421 htee
3200 2366 3578 2438 historicepo-

1997 2456 2106 2510 tius
2140 2456 2429 2525 accipiunt.
2456 2455 2858 2527 aﬂirmantque,
2891 2469 3011 2527 post
3054 2466 3265 2531 tempus
3291 2461 3579 2529 captivita-

1998 2548 2065 2600 tis
2094 2548 2364 2602 hostiliter
2397 2563 2492 2603 eos
2534 2548 2802 2604 invasisse
2835 2550 3160 2604 Antiochum
3220 2561 3578 2620 cegnomento

1996 2639 2330 2707 Epiphanem
2397 2655 2520 2694 eum
2558 2641 2732 2709 c0piis
2777 2656 2809 2695 e
2851 2639 3057 2696 Graecia
3107 2641 3352 2707 inﬁnitis,
3409 2654 3465 2699 et
3506 2642 3578 2696 ab

1994 2732 2113 2787 aliis
2140 2732 2387 2802 gentibus
2408 2733 2689 2786 auxiliaria
2715 2742 2988 2788 contracta
3016 2750 3197 2801 manu,
3226 2737 3366 2790 unde
3387 2750 3577 2807 super-

1992 2824 2175 2878 cilium
2205 2823 2448 2880 tollebat.
2482 2824 2587 2878 Sed
2613 2836 2670 2879 ut
2695 2827 2793 2894 ipsi
2826 2828 3179 2889 conﬁtentur,
3228 2823 3357 2883 vicit
3383 2827 3573 2897 Israel,

1992 2917 2135 2970 etde
2179 2916 2323 2969 illius
2375 2917 2713 2971 immanitate
2762 2917 2989 2986 gloriam
3062 2921 3163 2975 sibi
3221 2923 3575 2992 comparavit.

1994 3007 2145 3061 Tunc
2166 3008 2311 3061 enim
2335 3009 2563 3075 contigit
2618 3006 2955 3064 Machabaeos
3008 3013 3272 3081 martyrio
3324 3015 3573 3068 virtutem

1990 3097 2291 3162 confessos,
2321 3098 2649 3154 celebritatis
2710 3115 2911 3155 corona
2962 3103 3203 3156 redimiri
3243 3103 3310 3157 “.
3339 3106 3420 3159 Ad
3449 3120 3577 3174 pro-

293 3199 673 3255 Μακααϐαίων
711 3197 1205 3270 μεμαρτυρηκότας
1234 3198 1325 3250 τὸν
1347 3198 1447 3267 τῆς
1480 3196 1890 3267 εὐδοκιμήσεως

1994 3189 2263 3243 bationem
2341 3191 2626 3245 sententiae
2692 3206 2803 3246 suae
2852 3192 3013 3247 modo
3055 3202 3111 3249 et
3139 3196 3300 3263 paqu
3343 3212 3507 3267 supra
3543 3212 3575 3251 a

293 3292 664 3363 ἀναδήσασθαι
699 3291 984 3361 στέφανον.
1013 3289 1463 3359 Παρακομίζουσι
1489 3287 1547 3340 δὲ
1578 3287 1687 3341 τῶν
1712 3288 1892 3351 αὐτοῖς

292 3383 596 3439 δοκούντων
620 3384 701 3445 είς
727 3381 1005 3447 ἀπόδειξιν
1036 3380 1106 3433 τά
1122 3398 1183 3432 τε
1212 3380 1417 3448 ἀρτίως
1448 3382 1581 3450 ἡμῖν
1603 3380 1890 3451 εἰρημένα,

294 3476 393 3529 καὶ
422 3474 493 3527 τά
524 3474 693 3542 ὀλίγῳ
718 3471 969 3532 κατόπιν,
996 3470 1179 3541 έχουσι
1204 3470 1262 3523 δὲ
1308 3469 1510 3532 οὕτως·
1553 3490 1571 3521 ι
1604 3471 1752 3523 Διότι
1806 3471 1895 3525 ὲν-

296 3566 482 3621 ἑτεινά
534 3582 593 3618 σε
649 3562 897 3635 ἐμαυτῷ,
932 3562 1131 3626 Ἰούδα,
1157 3562 1236 3624 ὡς
1291 3561 1479 3628 τόξον,
1534 3562 1747 3634 ἐπλησα
1801 3561 1897 3619 τὸν

306 3658 569 3730 Ἐφρατμ,
598 3658 692 3711 x021
737 3655 988 3726 ἐπεγερῶ
1028 3656 1098 3707 τὰ
1139 3655 1307 3707 τέκνα
1350 3672 1462 3718 σου,
1493 3653 1652 3721 Σιὼν,
1697 3655 1790 3709 ἐπὶ
1823 3654 1891 3710 τὰ

292 3753 464 3807 τέκνα
494 3752 603 3806 τῶν
638 3750 926 3822 Ἑλλήνων,
972 3750 1070 3803 καὶ
1093 3749 1403 3821 ψηλαφήσω
1432 3766 1493 3802 σε
1515 3748 1591 3812 ὡς
1613 3748 1889 3819 ῥομφαίαν

298 3844 572 3917 μαχητοιλ
592 3843 688 3897 καὶ
718 3843 870 3896 ἔσται
898 3842 1102 3913 Κύριος
1138 3843 1224 3894 ἐπ’
1248 3841 1466 3904 αὐτοὺς,
1498 3840 1593 3894 καὶ
1613 3840 1891 3907 ἐξελεύσε-

291 3955 387 3992 ται
415 3937 492 4001 ὡς
523 3935 779 4007 ἀστραπὴ
805 3934 951 4004 βολὶς
973 3932 1159 3988 αὑτοῦ.
1199 3934 1309 3987 Καὶ
1338 3931 1545 4003 Κύριος
1577 3932 1889 4005 παντοκρά-

1994 3281 2150 3337 nobis
2181 3285 2323 3337 dicta
2347 3288 2670 3351 producunt,
2730 3300 2848 3352 qua:
2902 3286 3048 3340 hunc
3097 3287 3148 3341 in
3210 3287 3429 3342 modum
3476 3291 3572 3342 ha-

1993 3374 2165 3431 bent:
2197 3394 2217 3427 ι
2256 3376 2525 3441 Quoniam
2562 3378 2763 3432 tetendi
2804 3379 2936 3432 mihi
2975 3388 3048 3442 te,
3094 3378 3253 3447 .Inda,
3307 3390 3365 3435 ut
3388 3397 3575 3436 arcum

1994 3467 2211 3537 implevi
2244 3467 2528 3536 Ephraim,
2557 3480 2611 3522 et
2641 3469 2896 3524 excitabo
2925 3470 3066 3522 lilios
3087 3479 3206 3523 tuos
3250 3470 3382 3525 Sion
3413 3488 3578 3541 super

1993 3562 2131 3616 lilius
2163 3561 2502 3626 Grazcorum,
2534 3572 2589 3616 et
2612 3565 2962 3618 contrectabo
3002 3573 3056 3618 te
3105 3575 3162 3617 ut
3192 3564 3425 3634 gladium
3459 3567 3577 3621 bel-

1996 3655 2206 3709 latoris.
2236 3655 2302 3709 Et
2339 3656 2446 3709 erit
2466 3655 2727 3710 Dominus
2757 3671 2920 3725 super
2951 3671 3066 3720 eos,
3099 3666 3153 3710 et
3175 3658 3483 3728 egredietur
3519 3670 3578 3713 ut

2000 3746 2178 3813 fulgur
2203 3747 2446 3818 jaculum
2477 3745 2616 3815 ejus.
2646 3747 2714 3801 Et
2743 3746 3004 3801 Dominus
3048 3748 3390 3817 omnipotens
3449 3750 3574 3804 tuba

1994 3849 2175 3905 canet,
2212 3849 2268 3895 et
2306 3840 2407 3896 ibit
2434 3840 2487 3893 in
2513 3840 2873 3915 commotione
2914 3839 3185 3894 minarum
3226 3839 3364 3908 ejus.
3393 3840 3574 3897 Domi-

1995 3948 2098 3987 nus
2124 3933 2468 4002 omnipotens
2495 3942 2740 4004 pr0teget
2764 3946 2859 3986 eos
2881 3932 2945 3986 ³⁷.
2984 3951 3003 3984 ι

293 4046 414 4100 ⁸τωρ
455 4029 514 4080 ἐν
581 4024 843 4093 σάλπιγγι
910 4023 1152 4088 σαλπιεῖ,
1195 4022 1292 4077 καὶ
1335 4021 1664 4093 πορεύσεται
1708 4024 1765 4075 ἐν
1809 4022 1957 4097 σάλῳ
1991 4023 2220 4095 ἀπειλῆς
2273 4024 2460 4079 αὐτοῦ.
2520 4022 2727 4096 Κύριος
2785 4026 3181 4099 παντοκράτωρ
3243 4028 3574 4101 ὑπερασπιεῖ

293 4123 500 4181 αὐτῶν.
534 4140 556 4174 ι

369 4215 482 4273 Καί
510 4213 1147 4283 καταισχυνθήσονται
1196 4211 1487 4267 ἀναϐάται
1530 4212 1753 4273 ἳππων,
1788 4211 1886 4265 καί

296 4307 650 4375 κατισχύσω
676 4306 784 4361 τὸν
824 4301 994 4360 οἷκον
1031 4304 1243 4370 Ἰούδα,
1277 4305 1376 4358 καὶ
1422 4305 1533 4359 τὸν
1564 4302 1733 4359 οἷκον
1769 4308 1887 4359 Ἰω-

2066 4211 2230 4266 Vens.
2258 4209 2309 4265 6.
2343 4210 2411 4263 Et
2463 4211 2856 4280 confundantur
2920 4230 3219 4268 ascensores
3300 4232 3569 4284 equorum,

1996 4302 2168 4376 749
2197 4315 2243 4357 et
2272 4303 2584 4372 confortabo
2610 4304 2822 4357 domum
2851 4304 3017 4369 Juda,
3044 4316 3092 4359 et
3121 4308 3334 4360 domum
3372 4307 3570 4377 Ioseph

296 4399 437 4469 σὴφ
483 4397 679 4462 σώσω,
729 4397 825 4452 καί
860 4395 1135 4451 κατοικιῶ
1182 4396 1425 4463 αὐτοὺς,
1475 4397 1565 4450 ὅτι
1602 4396 1889 4466 ἠγάπηκα

1994 4397 2227 4461 salvabo,
2297 4405 2349 4451 et
2410 4396 2651 4451 habitare
2716 4396 2912 4465 [nciam
2982 4416 3091 4463 eos,
3181 4401 3306 4469 quia
3390 4402 3563 4455 delexi

296 4492 548 4557 αὐτούς.

369 4584 490 4638 ΞΘ.
544 4582 682 4637 Φασί
724 4582 791 4653 δὴ
839 4583 1002 4634 πάλιν
1050 4582 1100 4634 οἱ
1150 4584 1261 4644 τοῖς
1308 4580 1614 4644 Ἰουδαϊκοῖς
1659 4597 1886 4649 συναγο-

300 4677 553 4750 ρεύοντες
585 4676 941 4747 διηγήμασιν,
973 4675 1054 4727 ὅτι
1087 4674 1602 4745 συγκεκροτημένης
1625 4676 1725 4745 τῆς
1746 4672 1885 4744 πρὸς

298 4768 573 4839 Ἕλληνας
623 4767 822 4837 μάχης,
857 4766 906 4818 οἱ
944 4765 1040 4835 μὲν
1079 4764 1304 4818 ἐκείνων
1353 4765 1539 4827 ἱππεῖς
1577 4763 1883 4828 διολώλασι,

299 4857 681 4930 κεκρατήκασι
713 4874 779 4925 γε
825 4856 933 4927 μὴν
970 4857 1019 4910 οἱ
1053 4856 1111 4923 ἐξ
1149 4856 1378 4925 αἵματος
1416 4854 1657 4926 Ἰσραὴλ,
1688 4855 1764 4917 ὼς
1787 4872 1889 4908 κα-

299 4952 550 5023 τοικῆσαι
575 4950 675 5022 τὴν
725 4949 908 5020 χώραν
950 4948 1167 5012 αὐτοὺς,
1204 4948 1364 5018 δῆλον
1399 4947 1454 4999 δὲ
1486 4948 1568 5000 ὅτι
1611 4947 1712 5016 τὴν
1750 4949 1885 5000 Ἰου-

300 5042 480 5108 δαίαν,
530 5042 729 5107 παντὸς
774 5040 1095 5113 ἐλευθέρους
1135 5040 1414 5111 δείματος,
1451 5041 1545 5094 καὶ
1585 5040 1797 5104 οὐδενὸς
1830 5041 1893 5094 τὸ

303 5136 567 5204 παράπαν
609 5133 1041 5199 ἀποικισθέντος,
1081 5134 1248 5203 ἤγουν
1282 5132 1629 5203 αἰχμαλώτου
1663 5149 1891 5206 γεγενη-

307 5225 490 5294 μένου.
535 5225 723 5297 Ἡμεῖς
750 5226 809 5279 δὲ
836 5228 947 5289 τοῖς
990 5224 1231 5297 πρώτοις
1264 5225 1670 5296 συμϐαίνουσάν
1703 5241 1763 5277 τε
1796 5225 1891 5278 καὶ

302 5318 540 5390 ἀδελφὴν
577 5320 849 5374 ποιεῖσθαι
894 5319 1287 5384 σπουδάζοντες
1326 5317 1426 5390 τὴν
1452 5318 1561 5372 τῶν
1602 5318 1890 5389 νοημάτων

299 5409 578 5474 ἀπόδοσιν,
606 5412 883 5476 ἀναϐάτας
914 5411 1097 5466 ῖππων
1123 5412 1252 5474 τοὺς
1275 5412 1772 5483 κατῃσχυμμένους
1792 5412 1891 5481 οὐχ

299 5500 525 5572 ἐτέρους
547 5499 686 5557 εἷναί
716 5520 927 5573 φαμεν,
960 5503 993 5573 ἦ
1030 5503 1158 5567 τοὺς
1179 5503 1287 5557 τῶν
1319 5502 1650 5574 Ἑλληνικῶν
1683 5503 1888 5573 δογμά-

296 5610 410 5647 των
435 5597 866 5667 προεστηκότας,
901 5597 994 5651 καὶ
1028 5596 1245 5666 ἀπάτης
1285 5596 1383 5663 τῆς
1408 5594 1698 5666 θεομισοῦς
1723 5596 1890 5667 ὑπερ-

1990 4502 2098 4541 808.

2064 4575 2251 4632 LXIX.
2284 4578 2612 4634 Asseverant
2638 4596 2853 4635 rursum
2883 4580 3122 4638 Judaieis
3168 4586 3570 4643 narrationibus

1990 4670 2418 4739 patrocinantes,
2472 4685 2649 4741 pugna
2724 4687 2845 4725 cum
2902 4671 3107 4730 Grzeeis
3163 4675 3319 4743 inita,
3354 4677 3568 4732 illormu

1989 4761 2202 4830 equites
2257 4761 2503 4830 periisse,
2547 4763 2745 4818 vicisse
2798 4764 3091 4831 lsraelitas,
3182 4778 3240 4822 ut
3294 4772 3567 4840 regionem

1990 4868 2167 4918 suam,
2198 4852 2439 4909 Judaaam
2470 4870 2681 4926 nempe,
2707 4856 3015 4912 habitarent
3042 4861 3190 4915 omni
3229 4870 3436 4917 terrore
3472 4878 3567 4916 va-

1989 4944 2100 5010 cui,
2135 4945 2350 4999 nemine
2369 4948 2860 5011 omninoabducto,
2890 4964 2985 5003 seu
3041 4954 3255 5021 captivo
3296 4952 3460 5010 facto.
3500 4958 3570 5010 At

1995 5052 2095 5092 nos
2126 5038 2398 5106 prioribus
2422 5043 2861 5110 convenientem,
2890 5056 2943 5099 et
2988 5060 3300 5117 germanam
3332 5042 3569 5116 explica-

1997 5133 2197 5187 tionem
2223 5149 2482 5189 sensuum
2514 5136 2709 5193 aﬂ'errc
2744 5139 3045 5204 studentes,
3070 5155 3387 5196 ascensores
3402 5156 3571 5210 equo-

1992 5238 2111 5278 rum
2160 5226 2416 5281 eonfusos
2461 5243 2566 5282 non
2629 5229 2763 5285 alios
2828 5246 2951 5285 esse
2997 5232 3376 5286 contendimus
3407 5248 3568 5300 quam

1990 5314 2630 5388 Grmcorumdogmatum
2654 5321 2935 5390 pra'sides,
2962 5329 3017 5376 et
3075 5321 3407 5377 seductionis
3459 5321 3569 5376 Deo

1988 5421 2170 5461 exosa:
2200 5419 2653 5478 propugnatores,
2676 5412 2873 5481 quibus
2900 5412 3188 5480 prostratis
3211 5412 3341 5469 vicit
3377 5411 3568 5478 Judas,

1987 5507 2042 5553 et
2079 5499 2287 5554 salvata
2319 5511 2405 5555 est
2425 5515 2640 5571 quoque
2674 5504 2868 5559 domus
2933 5504 3156 5574 Joseph.
3219 5505 3570 5577 Siguihcatur

1988 5602 2166 5649 autem
2204 5608 2302 5664 per
2324 5594 2440 5649 haec
2473 5593 2802 5651 lsraeliticus
2849 5597 3091 5667 sanguis,
3146 5607 3200 5653 et
3226 5612 3416 5669 genus,
3452 5597 3568 5652 sive

297 5685 483 5741 ama:
514 5688 792 5753 είωθότας,
839 5684 915 5743 ὧν
971 5688 1433 5760 κατερραγμένων
1477 5688 1819 5759 κεκράτηκεν
1861 5688 1889 5739 ὁ

1994 5686 2399 5755 iustiticatorum
2432 5686 2488 5741 in
2543 5686 2762 5744 Christo
2822 5688 3128 5759 multitudo,
3184 5691 3237 5746 in
3288 5690 3469 5747 animo
3511 5697 3573 5747 et

366 5862 412 5897 "
434 5861 537 5921 Job
572 5880 622 5932 ν,
658 5863 713 5919 9.
794 5864 991 5922 "Luc.
1027 5881 1081 5931 ι,
1120 5864 1206 5919 19.
1284 5865 1329 5897 ³⁸
1350 5862 1393 5920 ιι
1424 5864 1602 5922 Mach.
1640 5879 1713 5930 vt,
1744 5868 1797 5919 7.

1885 5864 1941 5937 ,³⁷
1965 5862 2198 5921 Zachar.
2236 5878 2313 5929 Ix,
2344 5862 2429 5931 l3,
2464 5865 2550 5920 H.
