4072 6370
445 352 542 408 171

1425 341 1484 396 S.
1528 337 1798 398 CYRlLU
1841 333 2307 392 ALEXANDRI'NI
2349 327 2664 389 ARCIIIEP.

3566 325 3682 385 ’ΠΩ

440 447 582 517 piam
637 456 750 497 eos.
798 460 814 493 ι
880 439 1182 494 Excitatum
1245 445 1328 489 est
1375 437 1516 489 enim
1581 435 1737 488 nobis
1793 433 2009 500 signum

2121 430 2176 481 ix
2218 427 2310 481 τοῦ
2358 427 2602 496 γίνεσθαι
2652 421 2949 493 πεφυκότος
2999 423 3207 494 δέχεται
3253 425 3352 495 τὴν
3403 423 3680 494 ὁμοίωσιν.

441 550 692 606 magnum
731 543 785 588 et
820 533 1052 602 insigne,
1079 545 1208 586 crux
1223 527 1551 593 ‘Salvatoris,
1569 527 1817 597 perquod
1833 525 2004 578 etiam

2115 540 2131 570 ι
2159 519 2395 590 Σημανῶ
2435 518 2566 589 γὰρ,
2599 518 2793 587 φησιν,
2836 517 3053 578 αὐτοῖς,
3090 517 3182 568 καὶ
3238 515 3545 584 εἰσδέξομαι
3582 516 3680 568 αύ-

441 605 650 695 accepti
689 622 960 678 evasimus
992 620 1100 675 Deo
1128 629 1183 673 et
1230 617 1399 672 Patri.
1433 616 1702 672 Praeterea
1743 614 2004 682 redempti

2121 607 2251 670 τούς.
2277 627 2296 659 ι
2341 608 2670 677 Ἐγήγερται
2699 607 2809 677 γὰρ
2837 607 3059 675 σημεῖον
3086 607 3217 674 ἡμῖν
3255 605 3398 674 μέγα
3438 605 3538 656 καὶ
3567 605 3685 656 ἐπι-

439 731 649 780 sumus,
688 715 825 770 etin
853 710 1256 767 multitudinem
1285 709 1608 762 immensam
1647 705 2002 767 excrevimus,

440 806 534 877 qui
579 803 926 860 credidimus.
959 798 1098 866 Qu‘ia
1144 813 1276 854 vero
1321 797 1539 868 adjecit,
1584 814 1604 848 ι
1635 796 1704 851 Et
1731 796 2009 852 seminabo

437 913 533 953 eos
564 897 618 951 in
661 893 892 965 populis.
931 901 987 947 et
1033 891 1190 960 longe
1238 889 1502 945 distantes
1536 889 1604 944 ab
1633 888 1739 942 illis
1766 887 2007 951 venient,

439 996 496 1041 et
533 983 960 1040 recordabuntur
995 980 1127 1045 mei,
1159 997 1179 1030 ι
1217 993 1434 1033 rursum
1467 977 1595 1032 illud
1623 978 1870 1039 dicimus,
1911 991 2010 1030 nec

440 1076 496 1132 id
537 1091 568 1130 a
607 1089 772 1140 scopo
810 1072 1153 1133 aberrantes,
1192 1068 1416 1122 multum
1447 1069 1587 1122 enim
1618 1065 2012 1136 probabilitatis

439 1165 623 1220 habet.
651 1161 812 1232 752
834 1161 996 1228 Quasi
1022 1158 1357 1214 disseminati
1384 1166 1509 1212 sunt
1533 1158 1586 1211 in
1629 1157 1812 1211 multis
1839 1156 2012 1225 genti-

442 1257 546 1310 bus
580 1263 634 1310 et
665 1254 716 1307 in
746 1252 892 1307 omni
934 1251 1161 1320 regione
1208 1257 1372 1317 atque
1402 1248 1536 1303 urbe
1567 1248 1731 1302 divini
1761 1246 2009 1315 discipuli

441 1355 498 1400 et
529 1342 800 1412 Evangelii
829 1354 1128 1410 praecones,
1151 1338 1552 1406 ell'eceruntque
1580 1347 1639 1392 ut
1666 1336 2010 1392 remotissimi

439 1452 471 1491 a
497 1434 633 1500 Deo,
673 1441 896 1503 propter
933 1430 1312 1500 interpositum
1353 1436 1634 1499 peccatum
1665 1438 1721 1483 et
1749 1443 2008 1492 errorem,

443 1530 859 1587 recordarentur
921 1526 1112 1596 ipsius,
1155 1532 1210 1580 et
1255 1524 1627 1578 universorum
1678 1518 2011 1574 Salvatorem

443 1638 508 1680 ac
542 1629 971 1694 procreatorem,
1002 1618 1250 1689 quamvis
1274 1615 1564 1684 aliquando
1588 1623 1891 1667 creaturam
1915 1623 2013 1678 pro

441 1713 665 1769 numine
695 1709 1014 1773 coluissent,
1043 1717 1099 1763 et
1122 1708 1242 1762 ideo
1271 1705 1510 1760 amicitia
1538 1703 1632 1758 Dei
1665 1701 2008 1762 excidissent,

2109 701 2273 771 φανές
2310 701 2338 751 6
2371 698 2465 751 τοῦ
2505 700 2755 770 Σωτῆρος
2786 697 3035 768 σταυρὸς,
3068 697 3136 751 δι’
3161 691 3220 752 οὗ
3254 696 3349 750 καὶ
3380 692 3686 767 γεγόναμεν

2107 790 2285 846 δεκτοὶ
2321 791 2398 860 τῷ
2434 789 2553 860 Θεῷ
2593 789 2688 843 καὶ
2722 789 2916 861 Πατρί.
2946 789 3058 843 Καὶ
3088 789 3193 860 μὴν
3225 789 3318 842 καὶ
3351 787 3686 858 ἐκλελυτρώο

2113 883 2270 952 μεθα,
2298 883 2392 936 καὶ
2419 884 2498 946 είς
2531 881 2742 951 πληθὺν
2777 880 3083 952 ἀμέτρητον
3120 879 3491 950 ἐξεδράμομεν
3513 879 3563 932 οἱ
3593 896 3690 932 πε-

2113 975 2480 1040 πιστευκότες.
2514 973 2730 1044 Ἐπειδὴ
2752 974 2808 1026 δέ
2834 973 3192 1043 προσέθηκεν,
3218 973 3298 1025 ὅτι
3329 991 3345 1024 ι
3371 971 3481 1024 Καὶ
3505 963 3689 1040 σπερῶ

2111 1067 2308 1128 αὐτοὺς
2345 1069 2403 1118 ἐν
2438 1065 2617 1128 λαοῖς,
2649 1065 2745 1118 καὶ
2773 1066 2822 1117 οἱ
2862 1065 3075 1134 μακρὰν
3115 1063 3208 1116 ἀπ’
3256 1063 3435 1115 αὐτῶν
3463 1059 3649 1132 ἥξουσι
3672 1102 3686 1123 ,

2112 1157 2205 1210 καὶ
2237 1155 2634 1226 μνησθήσονται
2665 1172 2789 1226 μου,
2811 1174 2829 1207 ι
2863 1154 3025 1208 πάλιν
3049 1153 3222 1208 ἐκεῖνό
3245 1170 3445 1224 φαμεν,
3474 1152 3567 1205 καὶ
3591 1153 3690 1204 οὐκ

2111 1248 2220 1301 ἀπὸ
2261 1246 2485 1301 σκοποῦ·
2520 1247 2656 1300 πολὺ
2686 1246 2795 1316 γὰρ
2841 1245 2952 1316 ἔχει
2992 1245 3052 1298 τὸ
3079 1245 3224 1309 είκδς
3256 1247 3284 1298 6
3322 1244 3498 1313 λόγος.
3540 1245 3689 1296 Κατ-

2117 1339 2438 1412 εσπάρησαν
2492 1340 2602 1410 γὰρ
2661 1339 2850 1410 ὥσπερ
2905 1340 2963 1391 ἐν
3011 1338 3222 1401 πολλοῖς
3273 1337 3449 1389 ἔθνεσι
3495 1338 3587 1389 καὶ
3634 1338 3689 1389 ἐν

2112 1434 2296 1504 ἁπάσῃ
2341 1433 2398 1486 δὲ
2457 1433 2612 1504 χώρᾳ
2667 1433 2796 1487 καὶο
2817 1433 2967 1485 πόλει
3021 1434 3070 1485 oi
3106 1432 3382 1484 θεσπέσιοι
3454 1428 3690 1501 μαθηταὶ

2113 1525 2206 1577 καὶ
2238 1524 2346 1578 τῶν
2381 1524 2541 1579 θείων
2586 1523 2933 1592 Εὑαγγελίων
2973 1524 3242 1593 κήρυκες,
3280 1520 3530 1583 καὶτοὺς
3561 1520 3693 1572 ἀπο-

2112 1615 2259 1668 τάτω
2285 1614 2576 1683 γεγονότας
2605 1613 2739 1667 Θεοῦ
2767 1613 2854 1666 διὰ
2883 1613 2981 1683 τὴν
3021 1611 3468 1682 μεσολαϐήσασαν
3510 1609 3693 1679 ἁμαρ-

2114 1703 2234 1757 τίαν
2261 1720 2321 1756 τε
2351 1704 2444 1757 καὶ
2477 1703 2684 1774 πλάνην
2715 1702 3016 1773 μνησθῆναί
3045 1714 3104 1754 τε
3129 1701 3313 1765 αὑτοῦ,
3343 1701 3438 1754 καὶ
3464 1700 3544 1762 είς
3570 1698 3696 1753 νοῦν

437 1805 624 1862 animo
664 1771 1176 1872 complecterentur.
1223 1799 1411 1868 Itaque
1442 1796 1658 1850 divinus
1687 1792 1888 1847 Paulus
1918 1807 2012 1859 per

2121 1795 2259 1848 ἐλεῖν
2298 1795 2716 1865 παρεσκεύασαν
2753 1795 2844 1849 τὸν
2877 1795 2987 1848 τῶν
3032 1794 3168 1847 ὅλων
3207 1792 3438 1863 Σωτῆρα
3471 1791 3566 1844 καὶ
3597 1806 3692 1860 γε·

442 1897 616 1967 ipsum
675 1903 895 1950 vocatos
944 1893 999 1947 in
1052 1891 1382 1962 agnitionem
1431 1887 1636 1944 Christi
1686 1885 1966 1954 alloquens
1997 1924 2012 1945 ,

448 1987 649 2043 «Nunc
683 1995 863 2041 autem
911 1999 1030 2050 vos,
1087 1982 1282 2052 inquit,
1329 1980 1422 2050 qui
1473 1978 1764 2049 aliquando
1805 1977 2014 2046 procdl,

443 2078 571 2134 facti
613 2077 744 2132 estis
785 2091 953 2146 prope
975 2075 1041 2129 “.
1073 2093 1092 2127 ι
1121 2073 1350 2128 Venient
1391 2073 1557 2143 igitur
1599 2083 1866 2125 memores
1899 2068 2012 2122 Dei.

441 2163 559 2220 Non
585 2163 846 2219 dissimile
876 2163 1127 2232 quiddam
1163 2161 1320 2215 nobis
1359 2161 1553 2215 beatus
1583 2159 1841 2229 propheta
1865 2156 2016 2211 Jere—

344 2279 346 2281 ν
444 2257 584 2312 mias
611 2255 870 2318 insinuat,
899 2252 1042 2306 velut
1073 2250 1324 2306 lsraelem
1357 2250 1639 2318 alloquens
1667 2268 1679 2304 :
1718 2268 1736 2300 ι
1764 2249 1863 2316 Qui
1894 2263 2016 2316 pro-

445 2346 532 2401 cul
573 2344 707 2400 estis
737 2343 1097 2399 recordamini
1129 2341 1368 2407 Domini,
1396 2351 1450 2394 et
1475 2339 1781 2395 Jerusalem
1828 2354 2018 2393 ascen-

445 2439 538 2492 dat
570 2437 621 2491 in
671 2449 764 2490 cor
810 2444 1047 2489 vestrum
1066 2434 1132 2487 ⁵⁷.
1163 2452 1182 2484 ι
1211 2432 1363 2497 Quod
1397 2431 1441 2486 si
1482 2433 1704 2487 omnino
1757 2431 1893 2501 ejus.
1926 2431 2015 2501 qui

445 2537 529 2584 est
566 2535 754 2581 natura
808 2526 966 2588 Deus,
1013 2538 1281 2579 memores
1325 2522 1544 2588 fuerint,
1594 2531 1744 2587 tunc,
1783 2531 1912 2577 tunc
1951 2523 2017 2575 ad

443 2600 724 2690 spirituale
748 2618 916 2672 robur
948 2625 1126 2670 tantos
1172 2629 1493 2685 progressus
1524 2615 1816 2678 habebunt,
1860 2623 1918 2668 ut
1965 2622 2020 2666 et

445 2711 586 2766 ﬁlios
629 2716 908 2780 generent,
948 2715 1003 2762 et
1031 2706 1373 2762 sermonibus
1417 2705 1634 2776 pietatis
1664 2719 1794 2761 suos
1822 2705 2020 2760 liberos

445 2801 744 2866 cnutriant,
775 2810 828 2856 et
861 2800 914 2854 in
957 2800 1062 2854 hoc
1089 2799 1204 2869 ipso
1237 2796 1556 2868 glorientur.
1584 2796 1786 2851 Scribit
1816 2805 1869 2852 et
1893 2797 2020 2850 hea-

450 2907 536 2951 tus
570 2893 767 2949 Paulus
796 2909 892 2963 per
923 2893 1097 2963 ipsum
1149 2890 1415 2958 educatis,
1455 2899 1509 2944 et
1538 2891 1590 2944 in
1630 2890 1809 2943 virum
1841 2889 2019 2957 perfe-

445 2998 591 3043 ctum
634 2993 796 3057 atque
851 2985 905 3040 in
953 2991 1168 3037 aetatem
1217 2980 1565 3050 plenitudinis
1610 2979 1808 3036 Christi
1849 2980 2018 3033 addu-

2117 1887 2467 1959 νεσιουργδν,
2508 1887 2688 1941 καίτοι
2738 1888 2903 1940 πάλαι
2951 1889 3016 1958 τῇ
3071 1885 3245 1939 κτίσει
3281 1884 3341 1938 τὸ
3392 1883 3556 1946 σέϐας
3597 1882 3693 1936 ἀν-

2117 1979 2386 2043 άπτοντας
2405 2018 2420 2043 ,
2464 1979 2720 2052 ταύτῃτοι
2750 1978 2846 2032 καὶ
2881 1979 2979 2049 τῆς
3024 1977 3160 2048 πρὸς
3185 1976 3316 2029 Θεὸν
3367 1975 3693 2046 οἰκειότητος

2117 2071 2602 2142 ἐκπεφοιτηκότας.
2633 2071 2744 2125 Kal.
2777 2071 2909 2140 γοῦν
2940 2072 2969 2122 6
3012 2069 3298 2133 θεσπέσιος
3334 2067 3547 2131 Παῦλος
3583 2070 3696 2128 τοῖς

2117 2165 2184 2217 δι’
2226 2163 2391 2217 αὑτοῦ
2435 2163 2792 2234 κεκλημένοις
2849 2164 2929 2225 είς
2966 2161 3260 2228 ἐπίγνωσιν
3320 2159 3414 2212 τοῦ
3459 2157 3692 2232 Χριστοῦ

2118 2254 2496 2326 προσεφώνει,
2527 2255 2727 2324 λέγων·
2765 2273 2785 2304 ‹
2813 2254 2950 2307 Νυνὶ
2979 2253 3035 2306 δέ
3066 2253 3243 2323 ὑμεῖς,
3288 2252 3343 2304 οἵ
3385 2267 3514 2304 ποτε
3547 2249 3696 2312 ὅντες

2123 2347 2356 2417 μακρὰν,
2380 2345 2672 2416 ἐγενήθητε
2704 2343 2888 2412 ἐγγύς.
2914 2363 2930 2394 ι
2956 2342 3186 2408 ’Ἡξουσι
3215 2340 3280 2413 δὴ
3306 2335 3400 2394 οὖν
3433 2338 3696 2410 μνησθέν-

2118 2455 2211 2500 τες
2244 2436 2336 2490 τοῦ
2369 2437 2525 2491 Θεοῦ.
2557 2435 2746 2490 Καίτοι
2776 2434 3017 2488 τοιοῦτον
3051 2435 3181 2504 ἡμῖν
3210 2435 3238 2486 ὁ
3272 2431 3538 2504 μακάριος
3572 2447 3699 2501 προ-

2129 2530 2305 2599 φήτης
2344 2528 2612 2598 Ἱερεμίας
2659 2529 3063 2590 ὑπαινίττεται,
3114 2525 3289 2593 λέγων
3331 2524 3404 2586 ὡς
3447 2523 3580 2593 πρός
3631 2539 3694 2588 γε

2121 2619 2211 2671 τὸν
2249 2617 2501 2688 Ἰσραὴλ·
2541 2635 2557 2668 ι
2590 2619 2653 2671 Οἱ
2708 2617 3000 2689 μακρόθεν,
3042 2614 3314 2687 μνήσθητε
3343 2631 3438 2666 του
3466 2613 3694 2684 Κυρίου,

2121 2709 2213 2762 καὶ
2252 2709 2608 2780 Ἰερουσαλὴμ
2652 2709 2905 2780 ἀναϐήτω
2935 2709 2995 2761 ἐν
3029 2711 3096 2778 τῇ
3139 2706 3334 2779 καρδίᾳ
3377 2704 3551 2776 ὑμῶν.
3575 2722 3595 2755 ι
3634 2703 3697 2755 ΕΞ

2120 2798 2176 2850 δὲ
2207 2798 2270 2868 δὴ
2317 2800 2570 2868 μνησεῖεν
2605 2798 2679 2867 (Ι)
2721 2799 2856 2861 ὅλως
2887 2796 2982 2851 τοῦ
3017 2796 3160 2852 κατὰ
3191 2796 3348 2865 φύσιν
3377 2795 3533 2858 Θεοῦ,
3576 2794 3697 2847 τότε

2120 2889 2205 2961 δὴ,
2229 2893 2348 2942 τότε
2374 2891 2470 2943 καὶ
2498 2891 2874 2960 πνευματικῆς
2895 2891 3196 2962 εὐρωστίας
3225 2887 3535 2959 βαδιοῦνται
3563 2887 3699 2959 πρὸς

2121 2980 2302 3047 τοῦτο,
2333 2980 2472 3034 ὥστε
2517 2983 2612 3035 καὶ
2641 2983 2851 3046 τέκνων
2898 2983 3094 3046 αὐτοὺς
3124 2981 3377 3050 γενέσθαι
3424 2979 3696 3049 πατέρας,

445 3079 549 3134 ctis
589 3076 657 3144 “,
695 3076 807 3146 jam
858 3071 1097 3145 quidem,
1140 3070 1428 3146 [Gaudium
1472 3080 1527 3126 et
1562 3085 1760 3126 corona
1799 3085 1914 3126 mea
1951 3070 2020 3144 δ’]

2129 3073 2220 3126 καὶ
2239 3075 2353 3136 τοῖς
2380 3074 2458 3137 εἰς
2486 3073 2767 3128 εὐσέϐειαν
2790 3075 2970 3144 λόγοις
2993 3074 3254 3146 ἐκθρέψαι
3280 3073 3347 3127 τὰ
3377 3073 3483 3126 ῐδια
3511 3073 3696 3135 τέκνα,

443 3171 577 3241 iam,
634 3187 652 3220 ι
686 3168 791 3223 Per
843 3176 1080 3223 vestram
1129 3165 1505 3236 gloriationem
1544 3179 1704 3234 quam
1744 3165 1917 3220 habeo
1969 3165 2021 3217 in

2129 3169 2224 3220 καὶ
2257 3169 2343 3220 ἐπ’
2365 3167 2514 3238 αὐτῷ
2547 3167 2612 3240 δὴ
2649 3167 2825 3239 τούτῳ
2858 3168 3236 3239 σεμνύνεσθαι.
3270 3167 3476 3238 Γράφει
3505 3165 3562 3218 δέ
3596 3183 3699 3218 που

444 3263 664 3319 Christo
691 3259 819 3316 Jesu
843 3260 923 3314 '°:
955 3277 974 3309 ι
999 3289 1069 3299 -
1089 3275 1108 3310 ι
1137 3257 1347 3312 Corona
1377 3257 1521 3312 enim
1547 3271 1734 3312 senum
1767 3255 1858 3309 lilii
1888 3255 2022 3310 lilio-

447 3370 608 3420 rum,
654 3362 715 3408 ut
761 3353 1024 3422 scriptum
1078 3349 1226 3405 est"
1275 3367 1288 3403 :
1337 3348 1506 3418 gloria
1559 3356 1739 3402 autem
1788 3345 2018 3402 ﬁliorum

445 3455 631 3516 patres
664 3444 924 3514 ipsorum.
958 3461 976 3494 ι

3051 3259 3064 3280 1
3096 3259 3150 3280 ...9
3164 3257 3251 3280 --ῗῗ

2128 3259 2222 3309 καὶ
2249 3257 2276 3308 ό
2303 3256 2588 3322 θεσπέσιος
2618 3259 2828 3322 Παῦλος
2855 3261 2970 3322 τοῖς
2998 3258 3064 3311 δι’
3092 3257 3253 3312 αὐτοῦ
3281 3257 3698 3329 τεθραμμένοις,

2127 3349 2220 3402 καὶ
2251 3351 2329 3412 εἰς
2368 3349 2537 3420 ἄνδρα
2567 3351 2770 3404 τέλειον
2804 3351 3200 3420 ἀναϐεϐηκόσι,
3251 3352 3344 3405 καὶ⁷
3380 3353 3458 3413 εἰς
3507 3349 3702 3420 μέτρον

2126 3440 2338 3510 ἡλικίας
2368 3442 2562 3512 ἥκουσι
2586 3442 2684 3513 τῆς
2707 3443 2764 3495 ἐν
2793 3442 3034 3514 Χριστῷ,
3064 3442 3194 3496 ποτέ
3229 3443 3348 3513 μὲν,
3376 3459 3395 3494 ι
3424 3440 3583 3512 Χαρὰ
3610 3441 3704 3494 καὶ

451 3540 713 3610 στέφανός
744 3555 882 3610 μουο
917 3558 935 3590 ι
973 3539 1103 3592 ποτὲ
1135 3538 1192 3592 δέ
1227 3537 1409 3602 πάλιν,
1449 3558 1466 3587 ει
1500 3537 1586 3608 Νὴ
1626 3536 1724 3608 τὴν
1772 3535 2048 3608 ἡμετέραν
2085 3538 2352 3610 καύχησιν
2401 3542 2467 3611 ἦν
2505 3540 2613 3611 ἔχω
2665 3542 2721 3594 ἐν
2760 3539 2981 3610 Χριστῷ
3020 3535 3227 3608 Ἰησοῦ*
3254 3554 3360 3587 ›-
3390 3553 3408 3586 ι
3435 3534 3704 3603 Στέφανος

448 3630 558 3704 γὰρ
585 3629 850 3702 γερόντων
891 3628 1055 3683 τέκνα
1083 3629 1308 3696 τέκνων,
1338 3628 1480 3682 κατὰ
1506 3628 1566 3682 τὸ
1606 3627 2017 3700 γεγραμμένον⁸
2060 3628 2322 3702 καύχημα
2349 3631 2404 3684 δὲ
2468 3633 2693 3696 τέκνων,
2733 3632 2966 3702 πατέρες
2994 3629 3190 3684 αὐτῶν.
3216 3646 3233 3678 ι

523 3720 686 3774 Vens.
717 3718 804 3773 IO.
849 3718 914 3772 Et
943 3727 1240 3772 convertam
1268 3733 1353 3772 eos
1383 3718 1446 3772 de
1462 3727 1601 3771 terra
1624 3717 1864 3788 .‘Egypti,
1889 3728 1934 3772 et
1957 3717 2020 3771 de

451 3813 682 3882 Assyriis
713 3811 995 3878 suscipiam
1041 3809 1186 3876 illos,
1215 3819 1262 3863 et
1309 3811 1362 3862 in
1400 3808 1730 3875 Galaadiu'n,
1761 3819 1808 3864 et
1837 3812 1890 3863 in
1929 3805 2021 3865 Li-

453 3907 648 3958 banum
697 3900 1030 3956 introducam
1070 3915 1157 3953 eos
1182 3941 1197 3968 ,
1238 3909 1284 3953 et
1337 3916 1437 3954 non
1482 3900 1804 3971 relinquetur
1848 3917 1912 3955 ea:
1949 3902 2023 3954 eis

452 3996 613 4053 ullus.

525 4090 764 4149 LXXIII.
813 4090 1039 4159 Quando
1068 4089 1564 4146 Nabuchodonosor
1593 4088 1831 4146 Iudaeam
1861 4092 2026 4145 armis

2199 3722 2308 3776 Kal
2339 3723 2700 3792 ἀποστρέψω
2740 3722 2961 3788 αὐτοὺς
2998 3722 3065 3775 ἐκ
3102 3719 3214 3791 γῆς
3241 3721 3563 3790 Αἰγύπτου,
3605 3719 3703 3771 καὶ

2127 3816 2197 3880 ἐξ
2251 3818 2574 3886 Ἀσσυρίων
2626 3816 2966 3886 εἰσδέξομαι
3017 3815 3256 3881 αὐτοὺς.
3311 3812 3410 3867 καὶ
3463 3814 3550 3877 είς
3591 3810 3706 3872 τὴν

2131 3910 2512 3974 Γαλααδῖτιν,
2537 3911 2634 3963 καί
2669 3911 2756 3976 εἷς
2791 3910 2896 3962 τὸν
2921 3909 3178 3962 Λίϐανον
3206 3906 3426 3970 εἰσάξω
3461 3903 3700 3969 αὐτοὺς,

2131 4002 2228 4056 καὶ
2263 4003 2336 4055 οὐ
2359 4001 2445 4071 μὴ
2479 4002 2817 4072 ὑπολειφθῇ
2848 4001 2917 4066 ἐξ
2946 4001 3142 4055 αὐτῶν
3170 4001 3387 4065 οὐδείς.

2205 4095 2324 4148 Ol".
2367 4096 2493 4147 Ὅτε
2537 4095 2633 4166 τὴν
2668 4095 2922 4150 Ἰουδαίαν
2957 4091 3066 4148 εἷλε
3120 4094 3217 4164 μὲν
3263 4092 3405 4146 κατὰ
3453 4091 3649 4163 κράτος
3675 4089 3705 4140 6

454 4184 781 4256 subiugavit,
807 4182 1344 4252 sacratissimumque
1368 4181 1644 4250 templum,
1673 4193 1726 4236 et
1759 4183 1870 4252 ipsa
1901 4184 2021 4236 urbs

2132 4187 2637 4259 Ναϐουχοδονόσωρ,
2684 4189 3005 4260 ἐμπέπρητο
3058 4187 3114 4239 δὲ
3156 4186 3250 4241 καὶ
3295 4189 3322 4240 6
3379 4185 3520 4249 θεῖος
3573 4185 3704 4248 νεὼς

457 4274 827 4346 Hierosolyma
863 4270 1235 4339 conﬂagravit,
1272 4281 1397 4326 tunc
1443 4281 1498 4325 et
1542 4271 1827 4326 universus
1864 4271 2021 4327 Israel

2136 4280 2273 4334 αὑτά
2304 4297 2365 4333 τε
2397 4280 2466 4334 τὰ
2497 4280 2860 4350 Ἰεροσόλυμα,
2895 4279 3016 4332 τότε
3054 4279 3146 4334 καὶ
3184 4279 3329 4341 ἆπας
3368 4275 3706 4330 τεταλαιπω-

456 4375 543 4422 est
599 4365 888 4420 alllictatus
924 4364 992 4416 ".
1066 4362 1169 4416 Alii
1227 4363 1492 4432 siquidem
1551 4363 1602 4417 in
1673 4365 1927 4435 Assyrios
1976 4375 2021 4419 et

2133 4387 2296 4441 ρηκεν
2337 4373 2366 4424 6
2401 4371 2635 4441 Ἰσραήλ.
2680 4372 2743 4423 Ol
2801 4371 2898 4440 μὲν
2963 4371 3070 4442 γὰρ
3116 4370 3194 4433 είς
3231 4366 3551 4439 Ἀσσυρίους
3611 4367 3704 4419 καὶ

457 4456 643 4514 Medos
669 4455 864 4525 captivi
900 4463 1024 4509 sunt
1051 4454 1266 4509 abducti
1301 4471 1316 4508 :
1348 4453 1463 4521 alii,
1496 4456 1584 4524 qui
1616 4469 1803 4510 eorum
1840 4457 2021 4511 crude-

2129 4461 2345 4531 Μήδους
2378 4462 2711 4532 αἰχμάλωτοι
2752 4463 3033 4530 γεγονότες
3083 4459 3513 4530 ἀπεκομίζοντο·
3557 4457 3608 4510 οἱ
3646 4457 3704 4509 δὲ

458 4550 667 4604 lilatcm
701 4547 933 4602 evadere
987 4554 1040 4602 et
1066 4544 1302 4617 ell‘ugere
1331 4556 1640 4617 potuerunt,
1676 4549 1950 4614 timentes,
1975 4559 2021 4604 el

2130 4553 2228 4622 τῆς
2253 4553 2475 4606 ἐκείνων
2513 4553 2793 4624 ὠμότητος
2820 4554 2924 4621 ἔξω
2968 4553 3271 4622 γεγονότες,
3304 4552 3396 4605 καὶ
3423 4551 3704 4620 διαφυγεῖν

456 4640 679 4713 paribus
724 4638 986 4708 implicari
1029 4640 1288 4694 aerumnis
1333 4639 1640 4703 horrentes,
1673 4641 1817 4695 ultro
1855 4657 1914 4696 se
1962 4643 2021 4696 ad

2132 4643 2468 4714 ἰσχύσαντες,
2497 4645 2725 4710 δεδιότες
2781 4647 2873 4698 καὶ
2907 4644 3326 4716 παραιτούμενοι
3356 4641 3414 4695 τὸ
3444 4639 3706 4695 ἐναλῶναι

459 4730 741 4802 Εεγριῑοε
784 4729 1154 4796 contulerunt,
1199 4730 1587 4800 servitutisque
1631 4733 1768 4802 apud
1821 4746 1918 4788 eos
1943 4733 2031 4802 ju-

459 4834 586 4892 gum
633 4819 954 4875 necessitate
994 4819 1259 4890 compulsi
1305 4821 1608 4875 subierunt.
1659 4822 1842 4892 Itaque
1885 4834 2033 4893 post-

460 4925 625 4980 quam
673 4923 767 4964 eos
821 4922 1278 4982 congregaturum
1334 4911 1572 4981 undique
1619 4915 1890 4984 pollicitus
1928 4927 2031 4980 est,

460 5001 709 5057 meminit
761 5011 817 5057 et
860 5001 1099 5058 locorum
1157 5003 1210 5057 in
1261 5017 1396 5072 quos
1457 5004 1670 5060 abducti
1740 5017 1867 5061 sunt
1899 5027 1911 5061 :
1943 5009 2032 5062 alii

462 5093 658 5164 captivi
689 5093 841 5159 facti,
873 5104 931 5149 ut
952 5094 1058 5149 dixi
1082 5113 1096 5160 ;
1123 5095 1214 5150 alii
1254 5096 1614 5152 intolerandis
1645 5100 1946 5154 terroribus
1971 5104 2035 5155 ad

464 5199 526 5240 ea
559 5199 678 5255 qua:
703 5184 952 5240 nolebant
985 5185 1326 5253 exsequenda
1355 5188 1550 5240 adacti.

604 5531 1007 5620 Ephes;_tt,ul§.
1098 5536 1140 5568 “
1193 5535 1391 5620 legem.
1424 5555 1495 5607 LI,
1525 5542 1614 5598 50.
1673 5546 1956 5620 -“Ephes.
1999 5569 2069 5619 tv,
2105 5556 2192 5610 l3.

469 5617 602 5667 xvn,
624 5603 690 5657 νϐ.
784 5605 830 5634 ³’
855 5603 917 5660 IV
943 5605 1071 5674 Reg.
1103 5623 1226 5672 xxv,
1260 5608 1292 5662 8
1321 5625 1473 5684 seqq.

539 5760 617 5833 (Ι)
642 5759 782 5834 Lego
811 5761 1213 5834 διαμνησθεῖεν.

2133 4739 2245 4798 τοῖς
2280 4737 2435 4799 ἴσοις,
2461 4737 2748 4808 αὐτόμολοί
2781 4755 2839 4790 τε
2875 4737 3010 4808 πρὸς
3035 4734 3362 4804 Αἰγυπτίους
3395 4734 3580 4805 ᾔεσαν,
3614 4734 3707 4786 καὶ

2139 4828 2236 4896 τῆς
2283 4827 2370 4879 ὑπ’
2413 4829 2640 4892 ἐκείνοις
2683 4829 2904 4898 θητείας
2942 4830 3032 4882 τὸν
3074 4827 3371 4898 ἀϐούλητον
3407 4825 3525 4896 μέν,
3569 4823 3707 4896 πλὴν

2139 4880 2492 4986 ὲέϋάνάγκης
2541 4880 3472 4989 ἐπέρῤιμμένονῗ*ὑποδεδραμήκασι
3512 4880 3706 4982 ’ζυγόίμ
3761 4880 3774 5012 ι

2139 5009 2348 5062 Οὐκοῦν
2397 5011 2689 5083 ἐπειδήπερ
2740 5012 3081 5080 συναγείρειν
3130 5009 3327 5070 αὐτοὺς
3377 5005 3711 5076 πανταχόθεν
3765 5005 3774 5071 ξ

2141 5100 2529 5170 ἐπηγγέλλετο,
2575 5103 2944 5174 διαμέμνηται
2995 5102 3090 5156 καὶ
3130 5102 3312 5154 τόπων
3356 5100 3436 5162 είς
3483 5099 3574 5161 οὓς
3616 5100 3710 5151 καὶ

2134 5189 2609 5262 ἀπεκομίσθησαν·
2643 5193 2690 5246 oi
2751 5193 2868 5264 μὲν,
2911 5193 3242 5264 αἰχμάλωτοι
3291 5190 3602 5260 γεγονότες,
3633 5190 3710 5252 ὡς

2132 5281 2292 5352 ἔφην,
2319 5285 2368 5335 οἱ
2394 5283 2450 5337 δὲ
2477 5285 2769 5356 ἀφορήτοις
2796 5285 3011 5355 δείμασι
3047 5285 3180 5355 πρὸς
3208 5283 3277 5336 τὰ
3309 5282 3456 5353 παρὰ
3485 5281 3710 5351 γνώμην

2132 5373 2316 5436 αὐτοῖς
2347 5374 2759 5444 συνωθούμενοι.

2305 5558 2346 5590 ⁵⁹
2370 5556 2600 5628 Philipp.
2637 5559 2790 5627 tv,l.
2873 5560 3095 5617 "Rom.
3158 5572 3248 5625 xv,
3309 5555 3396 5610 I7.
3475 5551 3711 5608 "Prou.
