4072 6370
275 394 386 452 175

1105 396 1660 456 COMMENTARIUS
1697 398 1762 452 IN
1798 399 2200 457 ZACHARIAM
2242 400 2681 459 PROPHETAM.

3435 405 3538 462 ιιι

363 507 581 578 Ἐπειδὴ
605 506 663 561 δὲ
686 508 787 578 τῆς
822 513 1196 580 πνευματικῆς
1233 513 1524 583 ἑρμηνείας
1553 516 1860 583 μεταποιεῖ.

2037 515 2195 587 753
2216 515 2352 584 Quia
2384 532 2512 572 vero
2539 516 2878 587 spiritualem
2909 514 3409 586 interpretationem
3443 515 3538 571 Dei

283 599 407 652 σθαι
450 600 647 669 πρέπει
694 603 808 664 τοῖς
870 602 950 655 ὃτι
1005 602 1241 671 μάλιστα
1297 603 1710 672 φιλοθεωτάτοις
1768 606 1863 658 καὶ

279 693 704 762 πνευματικοῖς,
746 693 946 763 φαμὲν,
976 696 1058 747 ὃτι
1090 696 1189 762 τῆς
1218 694 1326 748 τῶν
1367 696 1616 766 ἀοράτων
1655 695 1862 767 ἐχθρῶν

277 778 494 852 χώρας,
538 780 656 852 ἤτοι
696 784 879 853 χειρὸς
918 783 1160 850 ἐξέλκειν
1207 786 1400 848 αὐτοὺς
1434 785 1858 854 ἐπαγγέλλεται,

281 873 376 926 καὶ
417 873 619 937 παντὸς
666 875 765 944 μὲν
804 874 1057 946 δείματος
1098 875 1452 947 ἐλευθεροῦν·
1487 877 1860 947 αἰχμαλώτους

276 964 339 1016 δὲ
369 964 548 1029 ὄντας,
587 967 684 1018 καὶ
709 960 820 1019 οἷον
852 966 1188 1038 ὑφ’έτέρους
1219 970 1529 1036 κειμένους,
1576 971 1859 1039 μονονουχὶ

282 1053 379 1107 καὶ
415 1055 765 1126 άναμορφοῦν
799 1058 878 1121 είς
908 1056 1241 1128 ἐλευθερίαν.
1285 1060 1354 1111 Ἢ
1394 1060 1489 1112 καὶ
1522 1060 1643 1112 καθ’
1675 1061 1860 1132 ἕτερον

280 1145 503 1214 τρόπον,
537 1147 832 1217 σκοτισμοῦ
881 1152 973 1202 καὶ
1019 1148 1332 1220 συγχύσεως
1377 1149 1859 1220 ἀπαλλαγήσεσθαί

282 1253 483 1306 φησιν’
517 1238 790 1307 Αἴγυπτος
846 1239 945 1310 μὲν
979 1240 1087 1308 γὰρ
1119 1239 1465 1310 σκοτισμὸς,
1509 1240 1763 1294 Βαϐυλὼν
1805 1241 1860 1294 δὲ

280 1329 587 1398 σύγχυσις
609 1329 994 1402 ἑρμηνεύεται.
1032 1331 1337 1402 Ἀδιαφορεῐ
1375 1332 1428 1384 δὲ
1476 1333 1791 1398 πλειστάκις
1830 1334 1858 1383 ὁ

280 1418 476 1488 λόγος,
527 1420 840 1492 ’Δσσυρίους
891 1439 950 1474 τε
998 1424 1092 1476 καὶ
1142 1423 1515 1486 Βαϐυλωνίους
1574 1426 1653 1488 είς
1708 1424 1859 1488 ἔθνος

282 1510 771 1582 καταλογιζόμενος
835 1513 931 1576 ἓν,
984 1513 1073 1568 διά
1118 1531 1199 1568 τοι
1246 1515 1306 1568 τὸ
1373 1515 1462 1583 ὑφ’
1509 1515 1592 1567 ἑνὶ
1647 1515 1857 1568 κεῖσθαι

283 1603 574 1674 σκήπτρῳ,
605 1603 701 1656 καὶ
733 1603 863 1673 μίαν
903 1603 990 1657 ἐπ’
1031 1605 1227 1669 αὐτοὺς
1267 1605 1525 1674 τετάχθαι
1570 1606 1668 1678 τὴν
1701 1608 1858 1677 βασι-

278 1693 451 1748 λείαν.
501 1694 958 1767 Λελυτρωμένους
1003 1695 1067 1768 δὴ
1121 1693 1214 1750 οὖν
1262 1699 1327 1751 ἐκ
1367 1699 1466 1769 τῆς
1510 1698 1618 1751 τῶν
1671 1699 1859 1752 πλεον-

278 1785 583 1840 εκτούντων
607 1787 810 1859 χειρὸς,
832 1792 1132 1860 είσκομιεῖν
1157 1791 1554 1860 ἐπαγγέλλεται
1577 1793 1656 1856 είς
1680 1810 1736 1846 τε
1759 1795 1858 1862 τὴν

1969 608 2374 664 amantissimos
2403 617 2457 664 et
2497 608 2808 676 spirituales
2849 620 3133 677 capessere
3180 621 3393 678 aequum
3430 615 3539 674 est,

1969 699 2202 755 dicimus
2233 716 2355 754 eum
2399 700 2719 768 promittere
2754 715 2812 778 se
2848 699 2913 753 de
2954 699 3199 768 regione,
3227 697 3344 752 sive
3375 711 3539 753 manu

1971 790 2202 847 hostium
2251 791 2715 860 inaspectabilium
2767 805 2860 846 eos
2908 799 3242 859 erepturum,
3287 797 3343 844 et
3391 789 3537 844 omni

1969 881 2259 937 formidine
2290 884 2595 938 soluturum
2627 900 2641 936 :
2675 883 2919 952 captivos
2953 893 3132 936 autem
3156 890 3214 936 et
3239 880 3386 935 velut
3415 880 3540 933 aliis

1968 974 2310 1044 subjacentes
2347 975 2500 1045 quasi
2553 975 2608 1029 iu
2651 973 2954 1028 libertatem
3002 971 3538 1027 transformaturum.

1965 1064 2074 1120 Aut
2100 1067 2262 1120 etiam
2299 1065 2593 1120 secundum
2636 1066 2797 1118 aliam
2835 1064 3267 1134 intelligentiam,
3300 1061 3538 1117 tenebris

1967 1167 2021 1210 et
2057 1156 2375 1212 confusione
2422 1157 2708 1212 liberatum
2740 1156 2806 1212 iri
2851 1156 2985 1211 dicit
3015 1174 3029 1210 :
3062 1154 3351 1226 IEgyputm
3389 1153 3537 1208 enim

1966 1249 2222 1312 tenebras,
2279 1247 2603 1319 Babylonem
2650 1248 3009 1316 confusionem
3063 1249 3312 1302 reddunt.
3341 1243 3541 1316 Saepis-

1967 1339 2102 1394 sime
2126 1348 2304 1395 autem
2333 1341 2452 1394 sine
2471 1340 2784 1396 discrimine
2812 1340 3025 1411 Assyrii
3051 1350 3108 1394 et
3135 1338 3409 1410 Babylonii
3443 1349 3541 1408 pro

1968 1447 2070 1483 una
2105 1441 2268 1501 gente
2312 1440 2661 1502 usurpautur,
2683 1434 2827 1502 quod
2862 1433 2952 1486 uni
3003 1441 3222 1499 sceptro
3251 1430 3450 1486 subditi
3484 1437 3541 1484 et

1966 1525 2068 1578 sub
2121 1539 2227 1578 uno
2266 1540 2433 1595 regno
2472 1535 2672 1579 essent.
2725 1524 3007 1579 Liberatos
3052 1523 3220 1594 igitur
3275 1524 3342 1577 de
3378 1537 3538 1577 manu

1967 1616 2382 1680 dominantium,
2421 1623 2479 1669 et
2530 1615 2583 1669 in
2633 1615 2944 1670 Galaaditin
2994 1614 3144 1685 (pars
3183 1612 3282 1668 fuit
3316 1611 3537 1676 Iudaeae,

1966 1701 2239 1757 fructuum
2291 1705 2470 1759 omnis
2533 1706 2750 1774 generis
2808 1704 3166 1777 feracissima)
3218 1713 3272 1758 et
3319 1704 3541 1773 insuper

1969 1797 2019 1846 in
2043 1793 2304 1850 Libanum
2336 1796 2766 1850 introducturum
2790 1797 3057 1866 spondet;
3086 1809 3141 1851 et
3172 1796 3260 1850 hic
3284 1811 3436 1850 mons
3457 1801 3542 1850 est

278 1874 604 1929 Γαλααδῐτιν
665 1877 866 1948 (μοῖρα
919 1878 976 1931 δὲ
1027 1878 1166 1948 αῦτη
1217 1881 1319 1950 τῆς
1373 1882 1640 1936 Ἰουδαίων
1694 1883 1863 1952 γῆςὴ

1968 1888 2157 1956 ingens
2203 1897 2261 1940 et
2311 1888 2568 1955 speciosis
2604 1888 2834 1942 refertus
2865 1887 3170 1950 arboribus,
3219 1885 3271 1940 in
3312 1883 3542 1939 conlini-

279 1968 696 2039 παμφορωτάτη
744 1970 838 2024 καὶ
868 1969 1180 2043 εὖκαρπος)
1226 1972 1320 2025 καὶ
1365 1973 1472 2043 μὴν
1521 1975 1615 2027 καὶ
1648 1975 1727 2037 είς
1770 1973 1860 2026 τὸν

275 2058 531 2125 Λίὸανον,
577 2059 670 2113 καὶ
711 2058 870 2114 τοῦτο
914 2060 1041 2132 ὅρος
1093 2060 1313 2128 εὗξυλόν
1345 2082 1404 2116 τε
1450 2065 1546 2118 καὶ
1588 2066 1730 2135 μέγα
1762 2067 1862 2136 τῆς

290 2146 566 2201 Ἰουδαίων
603 2165 662 2201 τε
701 2150 795 2202 καὶ
826 2151 1091 2205 Φοινίκων
1130 2154 1233 2223 γῆς
1263 2154 1323 2206 ἐν
1369 2153 1640 2224 μεθορίοις
1673 2155 1860 2226 κείμε·

276 2253 391 2291 νον.
452 2239 785 2308 Σημαίνεται
831 2240 888 2294 δὲ
940 2241 1008 2294 δι’
1050 2243 1251 2313 ἀμφοῖν
1298 2246 1496 2308 ἐκεῖνο,
1537 2245 1688 2312 οἶμαί
1736 2264 1858 2300 που.

289 2329 636 2397 ’Λπαλλάξας
672 2332 781 2402 γὰρ
815 2333 963 2403 ἡμᾶς
995 2335 1023 2387 ό
1056 2335 1260 2406 Κύριος
1292 2337 1448 2407 ὴμῶν
1488 2337 1695 2407 Ἰησοῦς
1727 2341 1861 2410 Χρι-

278 2421 406 2485 στὸς
441 2423 517 2485 ὼς
547 2422 608 2487 ἐξ
639 2423 920 2492 Αἰγύπτου
971 2426 1064 2478 καὶ
1098 2426 1418 2498 Ἀσσυρίων,
1449 2430 1717 2492 τουτέστι,
1761 2431 1862 2499 τῆς

273 2515 390 2569 τῶν
417 2516 936 2586 αἰχμαλωτισάντων
989 2519 1324 2588 πλεονεξίας,
1361 2522 1588 2592 πονηροὶ
1632 2522 1690 2575 δὲ
1717 2515 1860 2575 οὗτοι

275 2609 376 2662 καὶ
435 2607 737 2680 ἀκάθαρτοι
795 2610 1079 2681 δαίμονες,
1123 2613 1504 2684 εἰσκεκόμικεν
1555 2611 1752 2684 οἷάπερ
1783 2618 1862 2678 είς

273 2701 382 2772 γῆν
403 2700 624 2766 εῠξυλόν
649 2719 708 2754 τε
737 2704 832 2756 καὶ
879 2701 1268 2776 λιπαρωτάτην
1296 2705 1396 2776 τὴν
1430 2706 1774 2778 Ἐκκλησίαν,
1803 2709 1862 2760 ἐν

279 2787 314 2864 ᾖ
343 2792 510 2856 πολὺς
541 2793 638 2862 μέν
683 2794 805 2846 λίαν
835 2795 865 2846 ό
901 2794 1011 2848 τῶν
1044 2795 1474 2866 εὐδοκιμούντων
1501 2796 1735 2869 καρπὸς,
1762 2799 1862 2852 οὐκ

273 2885 634 2957 εὐαρίθμητοι
661 2885 718 2939 δὲ
749 2885 860 2939 τῶν
889 2886 1062 2956 ἁγίων
1089 2888 1343 2957 κεφαλαὶ,
1371 2888 1508 2959 ὑψοῦ
1537 2906 1596 2943 τε
1627 2891 1861 2961 ῄρμέναι

273 2977 346 3030 δι’
368 2976 590 3047 ἀρετὴν,
621 2979 715 3032 καὶ
739 2972 851 3032 οἷον
875 2979 937 3046 μὲν
959 2979 1110 3044 τάξει
1133 2980 1326 3052 κέδρου
1354 2982 1738 3055 άνατεθηλυίαι
1760 2986 1858 3052 (1),

274 3069 375 3122 καὶ
406 3069 534 3139 περὶ
571 3068 750 3122 αὐτῶν
789 3068 1021 3139 λέγοιτο,
1049 3072 1143 3125 καὶ
1177 3071 1381 3142 σφόδρα
1413 3073 1662 3142 εἰκότως,
1686 3075 1748 3128 τὸ
1773 3075 1862 3128 διά

273 3163 465 3233 φωνῆς
512 3163 606 3216 τοῦ
654 3163 846 3227 Δαϐὶδ,
897 3165 1033 3235 πρὸς
1074 3165 1164 3216 τὸν
1208 3164 1317 3216 τῶν
1361 3165 1497 3217 ὅλων
1535 3165 1698 3217 Θεόν·
1743 3186 1761 3216 ί
1789 3166 1860 3219 At

1967 1981 2064 2032 bus
2089 1975 2400 2032 Judaaorum
2441 1993 2506 2032 ac
2546 1977 2865 2033 Phoenicum
2911 1977 3067 2032 situs.
3100 1975 3202 2030 Per
3250 1985 3539 2046 utrumque

1964 2082 2124 2136 porro
2159 2066 2310 2130 illud,
2346 2069 2556 2135 opinor,
2586 2067 2938 2131 signiﬁcatur.
2981 2066 3117 2122 Cum
3155 2081 3253 2122 nos
3275 2066 3538 2121 Dominus

1964 2171 2147 2213 noster
2167 2157 2330 2215 Jesus
2361 2157 2611 2215 Christus
2642 2169 2895 2230 tanquam
2924 2175 2989 2216 ex
3017 2158 3252 2230 Egypto
3289 2167 3345 2213 et
3374 2161 3540 2229 Assy-

1965 2250 2062 2305 riis
2092 2249 2395 2318 liherasset,
2424 2251 2524 2306 lmc
2549 2261 2655 2316 est,
2701 2266 2770 2306 ex
2795 2261 3060 2321 potestate
3087 2266 3274 2306 eorum
3307 2264 3538 2319 quormn

1962 2343 2156 2413 captivi
2197 2358 2444 2408 eramus,
2481 2355 2612 2412 puta
2646 2343 3006 2414 malignorum
3034 2353 3091 2398 et
3133 2342 3536 2398 imntundorum

1963 2437 2287 2501 daemonum,
2329 2452 2426 2492 ceu
2462 2437 2514 2490 in
2549 2446 2752 2491 terram
2800 2449 3139 2500 nemorosam
3174 2443 3231 2491 et
3267 2432 3541 2504 opimissi-

1964 2545 2128 2594 niam,
2188 2531 2243 2583 in
2305 2529 2601 2584 Ecclesiam
2647 2528 2971 2593 introduxit,
3020 2529 3073 2583 in
3120 2542 3226 2598 qua
3278 2525 3538 2582 uberrimi

1964 2632 2328 2689 spectatorum
2362 2622 2641 2676 hominum
2675 2621 2884 2676 fructus
2913 2631 2970 2676 et
2999 2617 3413 2674 innumerabilia
3443 2634 3537 2673 ca-

1962 2715 2070 2782 pita
2096 2723 2426 2776 sanctorum,
2467 2730 2563 2783 per
2591 2715 2845 2768 virtutem
2883 2715 2937 2768 in
2973 2713 3193 2784 fastigio
3217 2713 3536 2774 locatorum,

1962 2814 2016 2857 et
2059 2805 2231 2859 instar
2284 2807 2571 2861 cedrorum
2623 2806 2676 2860 in
2725 2806 2892 2859 altum
2938 2803 3425 2866 elilorescentium,
3471 2803 3539 2855 de

1962 2897 2164 2967 quibus
2202 2897 2484 2952 verissime
2526 2896 2652 2952 illud
2692 2895 2914 2951 Davidis
2959 2899 3026 2950 ad
3068 2895 3233 2948 Deum
3267 2894 3540 2948 universo.

1963 3004 2080 3040 rum
2127 2987 2416 3056 protuleris
2446 3003 2460 3041 :
2495 3006 2513 3038 ι
2542 2986 2700 3042 Cedri
2742 2983 2929 3042 Libani
2973 3001 3108 3055 quas
3134 2985 3384 3054 plantasti
3410 2984 3477 3035 ³⁸.
3510 3002 3530 3033 s

1965 3079 2054 3132 Dei
2087 3082 2230 3134 enim
2280 3083 2669 3150 agriculturam
2704 3079 2756 3133 in
2789 3078 2893 3134 ﬁde
2919 3077 3248 3148 justiﬁcatos
3279 3090 3538 3146 espresse

1964 3172 2122 3223 etiam
2163 3173 2376 3226 divinus
2400 3171 2598 3226 Paulus
2623 3172 2926 3225 nominavit
2946 3172 3015 3226 “.

273 3253 457 3323 κέδροι
494 3251 586 3304 τοῦ
613 3252 867 3317 Λιϐάνου,
907 3252 974 3316 ἃς
1032 3251 1351 3321 ἐφύτευσας.
1386 3275 1405 3304 ο
1451 3251 1583 3305 Θεοῦ
1622 3252 1730 3324 γὰρ
1778 3253 2041 3328 γεώργιον
2080 3263 2205 3326 τοὺς
2248 3263 2307 3314 ἐν
2355 3261 2533 3315 πίστει
2565 3261 3014 3332 δεδικαιωμένους
3058 3261 3306 3332 ὠνόμαζε
3352 3260 3538 3331 σαφῶς

270 3347 370 3399 καὶ
398 3347 426 3398 ό
459 3346 741 3409 θεσπέσιος
783 3345 1010 3409 Παῦλος.

344 3443 457 3496 Καὶ
487 3441 896 3496 διελεύσονται
927 3443 997 3495 ἐν
1035 3444 1316 3511 θαλάσσῃ
1353 3444 1562 3512 στενῇ,
1601 3445 1701 3498 καί
1746 3462 1859 3499 πα·
1886 3461 1929 3516 c

276 3533 569 3599 τάξουσιν
590 3534 662 3587 ἐν
689 3532 970 3603 θαλάσσῃ
1005 3534 1260 3603 κύματα,
1287 3535 1384 3588 καί
1416 3534 1855 3604 ξηρανθήσεται

273 3627 476 3684 πάντα
504 3627 576 3680 τὰ
597 3625 760 3693 ,βάθη
794 3624 912 3680 τῶν
937 3625 1238 3695 ποταμῶν,
1271 3628 1369 3680 καὶ
1396 3629 1855 3697 ἀφαιρεθήσεται

273 3717 447 3774 πᾶσα
483 3719 649 3787 ὕϐρις
685 3720 1034 3788 Ἀσσυρίων,
1073 3719 1170 3774 καὶ
1208 3719 1523 3788 σκῆπτρον
1553 3723 1854 3790 Αἰγύπτου

273 3814 805 3880 περιαιρεθήσεται,
843 3810 942 3865 καί
975 3812 1325 3880 κατισχύσω
1370 3812 1591 3877 αὐτοὺς
1628 3812 1696 3865 ὲν
1734 3815 1851 3866 Κυ-

258 3907 378 3973 ρίῳ
409 3904 530 3970 Θεῷ
561 3903 780 3967 αὐτῶν,
827 3905 926 3958 καί
954 3904 1025 3956 ἐν
1064 3903 1144 3969 τῷ
1176 3904 1418 3973 ὀνόματι
1454 3905 1638 3959 αὑτοῦ
1677 3923 1853 3959 κατα-

266 3998 703 4067 καυχήσονται,
746 3997 906 4068 λέγει
939 4001 1170 4066 Κύριος.

342 4092 458 4144 0.1’.
513 4091 598 4154 Ὦς
631 4089 691 4155 ἐξ
736 4090 1050 4161 ὁμοιότητος
1078 4089 1188 4143 τῶν
1220 4093 1335 4153 τοῖς
1365 4089 1740 4162 ἀρχαιοτέροις
1768 4091 1850 4143 δε.

263 4183 600 4253 δωρημένων
626 4185 739 4245 τοῖς
765 4185 843 4247 είς
883 4183 1116 4254 Χριστὸν
1155 4181 1470 4237 πιστεύουσι
1499 4182 1598 4252 τῆς
1625 4185 1849 4236 ἐπικου-

272 4275 396 4346 ρίας
437 4276 470 4346 ἡ
517 4274 829 4344 ὑπόσχεσις.
865 4275 1076 4344 ’Ὠσπερ
1105 4275 1213 4345 γὰρ
1237 4275 1337 4344 τὴν
1375 4275 1641 4346 Ἐρυθρὰν
1683 4274 1848 4328 διεϐι-

265 4365 446 4436 6άσθη
480 4365 756 4420 θάλασσαν
783 4368 812 4421 ὁ
851 4365 1089 4437 Ἰσραὴλ,
1119 4366 1226 4420 τῶν
1255 4368 1314 4420 ἐν
1350 4367 1488 4438 αὐτῇ
1518 4382 1848 4434 κατευμεγε-

264 4456 442 4524 θήσας
477 4458 757 4527 κυμάτων,
797 4458 977 4528 ἐπάγη
1023 4458 1130 4528 γὰρ
1167 4458 1298 4510 ὡσεὶ
1326 4459 1504 4526 τεῖχος
1535 4456 1603 4510 τὰ
1646 4457 1844 4518 ὕδατα,

264 4547 403 4600 Θεοῦ
431 4548 493 4601 τὸ
525 4549 713 4618 χρῆμα
744 4549 1059 4619 παραδόξως
1105 4539 1486 4621 περαίνοντος,
1520 4548 1613 4602 καὶ
1657 4549 1846 4619 ὥσπερ

264 4640 390 4692 ποδὶ
428 4639 739 4693 διεὸίϐασαν
777 4639 868 4693 τὸν
913 4639 1210 4711 Ἰορδάνηνθ
1253 4638 1418 4702 οὕτω,
1451 4641 1635 4709 φησιν,
1676 4641 1725 4692 οἱ
1758 4639 1845 4692 διὰ

263 4733 511 4795 Μωσέως
564 4732 891 4802 κεκλημένοι
939 4733 1074 4803 πρὸς
1117 4732 1410 4800 ἐπίγνωσιν
1456 4731 1550 4784 τοῦ
1583 4731 1840 4801 Χριστοῦ,

263 4822 360 4874 καὶ
383 4823 502 4884 ταῖς
532 4820 640 4875 τῶν
671 4822 840 4890 ἁγίων
867 4821 1179 4875 ἀποστόλων
1215 4821 1622 4892 μυσταγωγίαις
1647 4824 1841 4875 ἀνασε-

266 4913 571 4981 σωσμένοι,
612 4912 1100 4982 διαπεραιώσονται
1140 4914 1239 4984 μὲν
1284 4907 1374 4967 οἷά
1408 4931 1528 4966 τινα
1568 4913 1841 4978 θάλασσαν

263 5005 473 5076 ἀγρίως
502 5006 1013 5073 κατακυμαίνουσαν
1039 5005 1132 5058 τοῦ
1164 5006 1427 5078 παρόντος
1459 5006 1574 5076 βίου
1599 5007 1689 5060 τὸν
1717 5007 1842 5060 κλύ-

261 5094 426 5158 δωνα,
456 5099 550 5149 καὶ⁵
581 5093 784 5165 τύρϐης
819 5094 924 5160 ἔξω
947 5097 1228 5163 γεγονότες
1267 5097 1561 5168 κοσμικῆς,
1605 5097 1838 5166 σχολαίοι

259 5185 585 5258 λατρεύουσι
611 5186 690 5258 τῷ
719 5188 859 5242 κατὰ
889 5187 1050 5256 φύσιν
1087 5189 1199 5240 δντι
1237 5187 1376 5258 Θεῷ.
1397 5189 1756 5258 Διαΰήσονται
1782 5189 1838 5242 δέ

262 5279 358 5332 καί
389 5281 758 5348 πειρασμοὺς,
801 5272 888 5333 οἷά
918 5297 1068 5343 τινας
1106 5281 1385 5350 ποταμοὺς
1417 5279 1840 5347 ἐπικλύζοντας,

257 5370 334 5430 ὡς
363 5370 449 5421 ἐπ’
476 5368 626 5438 αὐτῷ
649 5369 713 5440 δὴ
741 5369 914 5440 τούτῳ
940 5369 1224 5440 χαίροντας
1259 5369 1467 5436 λέγειν·
1510 5388 1527 5418 ι
1555 5369 1618 5422 Εἰ
1663 5367 1736 5438 μὴ
1761 5371 1841 5421 ὅτι

261 5460 464 5531 Κύριος
497 5456 564 5530 ἦν
609 5462 665 5512 ἐν
692 5463 860 5531 ἡμῖν,
907 5462 1118 5514 εἰπάτω
1161 5460 1226 5531 δὴ
1280 5460 1523 5530 Ἰσραὴλ,
1557 5461 1606 5511 εἰ
1649 5457 1724 5530 μὴ
1762 5460 1842 5512 ὅτι

2015 3443 2199 3510 ,νειιεη
2235 3445 2323 3511 ll,
2370 3445 2456 3498 12.
2501 3445 2570 3498 Et
2605 3446 2995 3514 pertransibunt
3024 3445 3078 3500 in
3114 3463 3248 3502 mari
3283 3463 3532 3520 angusto,

1957 3551 2005 3595 cl
2043 3541 2328 3609 percutiant
2370 3539 2425 3590 in
2473 3539 2611 3591 mari
2639 3539 2852 3607 ﬂuctus,
2896 3547 2944 3592 et
2993 3538 3332 3594 siccabuntur
3355 3542 3536 3596 omnia

1956 3627 2222 3695 profunda
2267 3627 2569 3696 ﬂuuiorum,
2633 3635 2682 3680 et
2727 3626 3000 3694 auferetur
3063 3629 3232 3682 omnis
3288 3633 3538 3698 superbia

1956 3719 2318 3788 Assyriorum,
2374 3732 2418 3772 et
2456 3729 2717 3787 sceptrum
2765 3718 2990 3790 rEgypti
3036 3721 3268 3783 tolletur,
3313 3732 3364 3777 et
3409 3742 3534 3780 con-

1957 3809 2164 3876 fortabo
2205 3826 2293 3863 eos
2321 3810 2376 3862 in
2426 3808 2649 3862 Domino
2695 3808 2800 3862 Deo
2850 3811 3104 3878 ipsorum,
3150 3824 3198 3867 et
3228 3814 3279 3866 in
3325 3819 3534 3872 nomine

1951 3901 2064 3969 ejus
2088 3901 2481 3970 gloriabuntur,
2516 3903 2640 3955 dicit
2675 3901 2952 3957 Dominus.

2024 4079 2258 4137 LXXIV.
2301 4081 2464 4136 Juxta
2507 4096 2570 4135 ea
2615 4097 2734 4151 quae
2780 4082 2976 4138 donata
3028 4096 3150 4140 sunt
3214 4091 3528 4158 veteribus,

1952 4172 2304 4228 similitudine
2329 4173 2560 4242 quadam
2596 4174 2856 4228 auxilium
2891 4175 2945 4229 in
2975 4175 3253 4233 Christum
3303 4183 3531 4237 creden-

1953 4264 2094 4319 tibus
2138 4265 2493 4333 promittitur.
2537 4263 3001 4329 Quemadmodum
3051 4268 3196 4323 enim
3245 4274 3528 4328 traductus

1949 4367 2031 4411 est
2055 4372 2149 4424 per
2173 4371 2322 4411 mare
2359 4356 2602 4412 Rubrum
2634 4356 2816 4426 Israel,
2850 4367 2904 4413 et
2931 4358 3182 4417 ﬂuctibus
3208 4363 3327 4433 ejus
3357 4363 3529 4435 impe-

1951 4452 2121 4513 ravit,
2184 4451 2462 4520 instarque
2516 4450 2654 4505 muri
2711 4466 2866 4522 aqua:
2916 4454 3233 4521 riguerunt,
3297 4454 3410 4516 Deo
3473 4459 3525 4513 id

1949 4543 2269 4598 mirabiliter
2320 4554 2515 4613 agente
2536 4545 2619 4611 '5;
2679 4555 2751 4610 et,
2793 4544 2933 4600 sicut
2978 4545 3141 4619 754
3183 4548 3330 4604 sicco
3386 4550 3525 4621 pede

1944 4636 2236 4691 Jordanem
2296 4637 2694 4692 transierunt"
2735 4656 2751 4694 :
2787 4639 2882 4703 ita,
2936 4639 3128 4708 inquit,
3175 4653 3272 4710 per
3337 4639 3520 4698 Mosen

1945 4729 2122 4782 vocati
2145 4729 2212 4782 ad
2243 4728 2576 4800 agnitionem
2605 4728 2834 4794 Christi,
2869 4740 2924 4785 et
2953 4741 3265 4787 sanctorum
3305 4743 3524 4803 aposto-

1873 4803 2120 4875 Dlorum
2180 4822 2356 4876 sacris
2418 4821 2846 4877 institutionibus
2906 4822 3138 4878 salutem
3196 4825 3517 4890 consecuti,

1948 4911 2100 4977 quasi
2145 4925 2292 4964 mare
2323 4911 2591 4981 quoddam
2625 4911 2931 4967 turbinibus
2971 4923 3024 4967 et
3060 4913 3312 4982 procellis
3350 4915 3520 4987 agita-

1952 5011 2084 5062 tum,
2118 4999 2398 5068 prasentis
2419 5002 2544 5054 vita:
2571 4999 2765 5056 ﬂuctus
2791 5003 3183 5072 transmittent,
3206 5014 3260 5058 et
3286 5005 3516 5060 tumultu

1942 5094 2213 5148 mundano
2237 5093 2495 5160 expediti,
2538 5093 2690 5148 vacui
2720 5095 2958 5151 servient
2991 5096 3042 5152 ei
3075 5097 3165 5168 qui
3210 5106 3294 5152 est
3323 5108 3514 5154 natura

1942 5186 2101 5239 Deus.
2133 5182 2464 5238 Transibunt
2509 5185 2636 5240 item
2687 5189 3013 5243 tentationes
3048 5189 3211 5244 veluti
3249 5188 3514 5259 quosdam

1942 5275 2134 5331 ﬂuvios
2160 5275 2506 5342 inundantes,
2539 5285 2600 5330 ut
2647 5277 2752 5333 hoc
2801 5278 2920 5348 ipso
2949 5279 3245 5346 gaudentes
3281 5279 3510 5336 dicant:

1949 5364 2107 5421 «Nisi
2162 5365 2288 5436 quia
2338 5367 2599 5422 Dominus
2655 5379 2774 5423 erat
2821 5370 2872 5424 in
2930 5370 3127 5436 nobis,
3177 5371 3322 5427 dicat
3368 5386 3514 5426 nunc

1946 5458 2141 5523 Israel;
2195 5459 2298 5513 nisi
2344 5461 2469 5529 quia
2499 5457 2760 5518 Dominus
2789 5470 2907 5518 erat
2952 5462 3005 5517 in
3049 5461 3226 5532 nobis,
3261 5461 3388 5520 dum
3422 5461 3514 5519 in-

292 5639 341 5672 “
367 5637 513 5693 Psal.
552 5639 786 5706 ClllLiG.
864 5642 908 5674 “
933 5641 951 5695 I
978 5639 1102 5696 Cor.
1133 5657 1214 5707 ιιι,
1243 5639 1296 5694 9.
1383 5639 1428 5670 ”
1453 5639 1621 5694 Exod.
1657 5652 1768 5702 xiv,
1797 5637 1863 5691 i5
1898 5652 2052 5705 seqq.
2131 5637 2177 5667 "
2203 5638 2363 5694 Josue
2391 5655 2470 5706 tu,
2505 5642 2520 5693 l
2561 5657 2709 5730 seqq.

328 5823 570 5897 (l),Erat
598 5823 951 5896 ἀνατεθηλας,
989 5823 1130 5893 quod
1163 5836 1266 5878 non
1301 5821 1655 5891 respondebat
1687 5818 1968 5891 participio
1997 5819 2342 5890 przeccdenti.
