4072 6370
474 400 575 455 175

1473 402 1531 457 S.
1572 400 1847 455 CYRIIJJ
1887 390 2351 456 ALEXANDRINI
2391 399 2710 456 ARCIIIEP.

3620 385 3629 395 ο

3619 399 3722 454 I76

471 528 758 587 surgerent
794 518 1042 575 homines
1086 528 1273 573 contra
1316 532 1434 585 nos,
1484 518 1711 575 forsitan
1767 521 1918 575 vivos
1950 521 2041 576 de-

2145 520 2348 592 Κύριος
2386 516 2454 589 ἦν
2500 536 2558 573 εν
2598 521 2753 590 ἡμῖν,
2795 522 2851 572 ἐν
2884 519 2961 590 τῷ
3000 520 3365 588 ἐπαναστῆναι
3400 518 3723 589 ἀνθρώπους
3788 586 3793 589 _

470 612 761 683 glutissent
809 626 929 666 nos.
990 612 1125 666 Dum
1183 614 1517 667 irasceretur
1558 612 1709 668 furor
1744 628 1931 669 eorum
1985 614 2039 669 in

471 718 591 769 nos,
651 702 877 758 forsitan
932 719 1069 772 aqua
1121 704 1491 760 absorbuisset
1545 719 1663 760 nos.
1722 703 2039 760 Torrentem

471 797 823 867 pertransivit
871 799 1057 851 anima
1106 806 1288 851 nostra
1318 837 1332 860 ,
1381 795 1610 850 forsitan
1657 797 2042 865 pertransisset

470 890 651 944 anima
680 898 866 945 nostra
889 904 1083 959 aquam
1120 888 1510 944 intolerabilem
1537 889 1602 944 ".
1635 907 1655 940 ι
1685 888 2041 955 Quemadmo-

469 982 597 1035 dum
622 996 803 1051 porro,
834 981 1029 1049 inquit,
1063 982 1313 1050 captivus
1341 980 1518 1035 factus
1554 980 1739 1046 Israel,
1772 989 1939 1050 atque
1972 981 2041 1034 ad

466 1074 720 1145 Assyrios
753 1082 809 1128 et
857 1072 1039 1129 Medos
1091 1074 1389 1136 abductus,
1438 1072 1653 1127 illorum
1700 1072 2037 1128 insolentiam

467 1167 583 1222 sive
612 1166 945 1221 dominatum
985 1163 1192 1235 en‘ugit,
1238 1165 1329 1234 qui
1370 1179 1493 1218 eum
1532 1178 1785 1234 premere
1828 1178 2041 1231 semper

466 1260 741 1330 armisque
799 1259 1072 1314 lacessere
1124 1266 1521 1312 consueverant
1571 1275 1586 1312 :
1629 1258 1818 1312 eodem
1881 1258 2039 1312 modo

464 1349 678 1405 liberati
740 1365 838 1419 per
893 1348 1167 1404 Christum
1230 1348 1602 1417 prmralebunt
1650 1349 1881 1403 inimicis
1939 1349 2039 1403 sub

464 1450 743 1512 aspectum
777 1442 1120 1496 venientibus
1147 1448 1202 1494 et
1238 1454 1346 1494 non
1376 1439 1737 1502 venientibus,
1768 1448 1823 1494 et
1853 1441 1944 1509 qui
1973 1440 2038 1493 ad

464 1533 781 1587 servitutem
815 1533 1060 1588 nolentes
1087 1533 1395 1603 adigebant,
1424 1543 1482 1589 'et
1506 1540 1565 1587 ut
1586 1532 1826 1601 captivos
1854 1532 2042 1586 vincu-

463 1625 532 1681 lis
578 1639 609 1679 e
648 1625 811 1680 stulta
868 1640 1054 1680 eorum
1102 1625 1379 1679 voluntate
1422 1625 1654 1695 sumptis
1692 1624 2036 1679 coercebant.

463 1716 571 1773 Sed
620 1726 675 1773 et
715 1717 801 1771 his
845 1717 1233 1785 prmvalebunt,
1283 1730 1579 1786 eorumque
1626 1715 1929 1785 superbiam
1984 1724 2040 1770 et

2145 612 2229 680 ἐφ’
2252 612 2418 683 ἡμᾶς,
2448 613 2555 682 ἄρα
2581 611 2787 676 ζῶντας
2816 611 2881 664 ἂν
2911 613 3169 664 κατέπιον
3200 614 3369 683 ἡμᾶς.
3411 612 3497 664 Ἐν
3526 630 3603 683 τῳ
3631 614 3721 685 ὀρ-

2144 701 2397 771 γισθῆναι
2426 701 2515 754 τὸν
2546 700 2716 772 θυμὸν
2741 702 2919 755 αὐτῶν
2945 702 3030 768 ἐφ’
3057 704 3225 773 ἡμᾶς,
3250 702 3356 773 ἄρα
3382 701 3444 756 τὸ
3472 702 3617 774 ὓδωρ
3652 705 3719 759 ἂν

2143 796 2523 848 κατεπόντισεν
2544 797 2711 865 ἡμᾶς.
2738 794 3050 866 Χείμαρρον
3071 795 3282 866 διῆλθεν
3306 799 3339 866 ὴ
3365 797 3509 869 ψυχὴ
3535 801 3568 869 ἡ
3578 798 3714 869 μῶν,

2143 884 2249 953 ἄρα
2273 882 2486 953 διῆλθεν
2512 885 2543 953 ἡ
2569 884 2714 955 ψυχὴ
2749 884 2904 955 ἡμῶν
2933 885 2993 937 τὸ
3024 884 3168 956 ὕδωρ
3194 886 3255 938 τὸ
3281 888 3668 943 ἀνυπόστατον.
3694 910 3712 940 ι

2145 976 2351 1046 Ὥσπερ
2385 977 2475 1039 δὲ,
2520 977 2705 1047 φησὶν,
2755 978 3095 1048 αἰχμάλωτος
3131 979 3370 1048 γεγονὼς
3413 983 3443 1033 ὁ
3478 983 3715 1054 Ἰσραὴλ,

2142 1070 2237 1122 καὶ
2269 1071 2351 1132 εἰς
2403 1069 2717 1139 Ἀσσυρίους
2748 1087 2805 1123 τε
2853 1072 2945 1123 καὶ
2986 1072 3207 1141 Μήδους
3249 1073 3714 1145 ἀπενηνεγμένος,

2139 1162 2323 1233 διέδρα
2372 1160 2471 1224 τὰς
2526 1162 2746 1215 ἐκείνων
2804 1162 2990 1235 ὕϐρεις
3052 1164 3168 1234 ἦτοι
3238 1164 3577 1233 πλεονεξίας,
3631 1169 3719 1220 ἀεὶ

2143 1255 2551 1325 προσκειμένων
2580 1255 2675 1307 καὶ
2732 1254 2987 1324 πολεμεῖν
3026 1256 3295 1309 εἰωθότων
3328 1258 3543 1320 αὐτοῖς’
3575 1263 3716 1314 κατὰ

2138 1344 2230 1396 τὸν
2262 1344 2375 1397 ἴσον
2420 1346 2640 1416 τρόπον,
2689 1346 2873 1415 φησιν,
2920 1347 2970 1397 οἱ
3004 1346 3400 1418 λελυτρωμένοι
3446 1348 3535 1401 διὰ
3578 1351 3714 1421 Χρι-

2142 1435 2292 1501 στοῦ,
2329 1438 2609 1508 κρείττους
2640 1436 2854 1490 ἔσονται
2893 1438 3001 1491 τῶν
3019 1439 3251 1510 ἐχθρῶν,
3284 1439 3494 1510 ὁρατῶν
3526 1440 3715 1511 δηλονι

2139 1527 2221 1579 ότι
2267 1527 2361 1581 καὶ
2424 1529 2690 1599 ἀοράτων,
2733 1529 2783 1582 οἱ
2847 1532 3127 1602 μονονουχὶ
3188 1531 3284 1584 καὶ
3332 1531 3718 1598 κατεϐιὰζονυ

2140 1619 2275 1690 πρὸς
2299 1618 2593 1689 ἀϐούλητον
2634 1619 2880 1673 δουλείαν
2922 1622 3138 1686 αὐτοὺς,
3172 1625 3264 1676 καὶ
3295 1617 3408 1675 οἷον
3437 1624 3714 1694 αἰχμαλώ-

2138 1726 2266 1773 τους
2310 1710 2601 1778 γεγονότας
2643 1712 2741 1782 τῆς
2788 1712 2845 1778 ἐξ
2903 1713 3040 1775 ἰδίας
3100 1714 3416 1783 σκαιότητος
3471 1719 3717 1787 συνεῖχον

378 1834 381 1839 ~
462 1809 885 1864 dominationem
921 1806 1203 1877 effugient,
1235 1807 1342 1862 Deo
1370 1808 1733 1872 confortante,
1767 1807 1819 1861 in
1850 1821 1956 1876 quo
1982 1814 2035 1859 et

2140 1803 2371 1873 δεσμοῖς.
2411 1803 2568 1856 Ἀλλὰ
2593 1803 2689 1857 καὶ
2716 1804 2921 1858 τούτων
2944 1805 3156 1860 ἔσονται
3187 1807 3484 1877 κρείττους,
3525 1808 3714 1880 ὕϐρεις

460 1899 854 1971 gloriabuntur.
904 1897 1187 1955 Placemus
1219 1902 1363 1954 enim
1411 1901 1568 1954 nobis
1608 1903 1659 1954 in
1698 1899 1937 1964 Christo,
1980 1911 2035 1954 et.

459 1992 639 2062 ipsum
668 1992 833 2048 robur
870 2004 1117 2049 nostrum
1159 1991 1428 2055 ducimus,
1466 2002 1520 2045 et
1555 1992 1671 2057 ipso
1700 1990 1942 2057 nitimur,
1981 2000 2035 2045 et

461 2093 628 2140 totam
661 2084 788 2141 vitae
821 2096 1021 2141 nostrai
1047 2101 1196 2157 spem
1233 2085 1285 2138 in
1316 2099 1381 2139 eo
1414 2084 1714 2155 deligimus.
1741 2081 1857 2137 Non
1889 2082 2032 2137 enim

458 2177 686 2245 legatus,
740 2193 845 2232 non
888 2177 1127 2247 angelus,
1175 2177 1271 2232 sed
1329 2176 1444 2246 ipse
1493 2176 1752 2231 Dominus
1807 2174 2036 2229 salvavit

458 2284 555 2323 nos
578 2270 658 2335 ⁸⁸;
691 2277 747 2323 et
774 2277 834 2322 ut
863 2268 995 2322 dicit
1032 2267 1222 2320 beatus
1267 2263 1595 2329 Psalmicen,
1634 2283 1653 2316 ι
1684 2265 1825 2320 Deus
1849 2275 2035 2319 noster

458 2359 727 2430 refugium
780 2370 835 2414 et
883 2361 1095 2421 virtus,
1154 2358 1441 2412 auxiliator
1499 2357 1551 2411 in
1599 2356 2033 2411 tribulationibus

456 2468 579 2524 quae
617 2453 937 2508 invenerunt
960 2467 1060 2507 nos
1095 2450 1255 2506 nimis
1274 2450 1341 2504 ⁸³.
1372 2468 1392 2502 ο

1096 2768 1248 2827 CAP.
1292 2767 1384 2822 XI.

526 2909 689 2964 Vens.
733 2908 783 2969 l.
814 2905 870 2960 2.
912 2904 1095 2973 Aperi,
1134 2902 1358 2967 Libane,
1409 2911 1585 2968 portas
1625 2910 1767 2963 luas,
1807 2908 1855 2952 et
1892 2914 2034 2951 com-

455 3004 575 3055 edat
600 3000 738 3070 ignis
768 2998 951 3051 redros
977 3005 1117 3048 tuas.
1153 2990 1328 3046 Ululet
1366 2993 1545 3061 pinus,
1572 2991 1697 3059 quia
1730 2989 1916 3041 cecidit
1951 3003 2034 3040 ce-

454 3096 607 3157 drus,
638 3090 761 3161 quia
807 3089 1133 3142 vehementer
1168 3084 1347 3138 miseri
1395 3082 1526 3152 facti
1574 3090 1698 3135 sunt
1730 3081 2024 3147 optimates.

456 3181 696 3246 Utulate,
719 3194 942 3251 quercus
968 3176 1320 3241 Basanitidis,
1350 3174 1476 3245 quia
1509 3174 1745 3227 succisus
1760 3182 1834 3226 est
1866 3171 2032 3224 saltus
2061 3215 2104 3272 Ο

453 3274 700 3329 consitus.

527 3450 741 3509 LXXV.
780 3453 1056 3507 Dictorum
1105 3447 1558 3519 signiﬁcationem
1604 3459 1749 3499 nunc
1789 3444 1855 3499 ad
1903 3443 2035 3499 alios

460 3547 727 3617 quosdam
760 3558 952 3599 sensus
991 3543 1386 3598 accommodat.
1418 3539 1552 3592 Nam
1582 3553 1703 3591 cum
1731 3537 1874 3606 quod
1906 3538 2036 3591 satis

458 3648 564 3705 est,
597 3650 653 3694 et
682 3637 959 3709 aptissime
984 3644 1257 3690 narrasset
1294 3635 1359 3689 de
1392 3633 1675 3687 vocatione
1716 3630 1951 3700 gentium
1983 3629 2034 3682 in

458 3731 677 3787 Christo
718 3744 813 3801 per
858 3728 1041 3793 ﬁdem,
1092 3726 1330 3781 futuram
1381 3739 1544 3795 super
1580 3738 1647 3779 eo
1690 3720 2038 3776 incredulita-

460 3835 569 3879 tem
619 3822 1012 3887 Israelitarum,
1041 3818 1203 3890 755
1240 3829 1483 3888 tempore
1528 3832 1636 3886 quo
1683 3816 1847 3870 homo
1897 3814 2037 3867 inter

458 3931 561 3971 nos
588 3914 689 3970 fuit
718 3914 992 3979 videlicet,
1018 3913 1325 3967 luculenter
1360 3909 1720 3981 praenuntiat,
1748 3916 1802 3963 et
1835 3908 1937 3961 hac
1972 3907 2037 3960 de

459 4024 625 4064 causa
671 4006 1065 4062 incendendum
1116 4003 1377 4074 templum
1422 4003 1618 4072 ipsum,
1662 4010 1828 4069 atque
1871 4000 2035 4053 etiam

464 4100 914 4170 Hierosolymam,
965 4106 1023 4153 et
1070 4097 1291 4164 insuper
1327 4094 1653 4163 subigendas
1693 4094 1835 4161 ipsas
1876 4093 2037 4146 urbes

461 4194 651 4259 Israel,
699 4205 755 4247 et
797 4206 919 4247 cum
956 4190 1085 4261 ipsis
1118 4188 1312 4244 incolis
1345 4189 1632 4258 perituras.
1692 4184 1816 4239 Haec
1858 4194 2035 4238 autem

462 4300 558 4355 per
599 4298 793 4338 manus
821 4281 1192 4337 Romanorum
1238 4286 1449 4347 patrata
1489 4284 1634 4341 sunt,
1667 4274 1953 4342 aliquando
1983 4272 2036 4326 in

460 4377 701 4432 Iudaeam
764 4373 1099 4443 Vespasiano
1131 4382 1184 4427 et
1215 4369 1341 4424 Tito
1369 4384 1518 4423 arma
1562 4366 1927 4421 moventibus.
1967 4364 2039 4418 Et

462 4476 629 4531 est,ut
648 4472 1352 4536 apparet,supervacaneum
1374 4460 1677 4515 minutatim
1694 4456 1899 4526 singula
1918 4469 2037 4524 per-

2134 1912 2194 1947 τε
2231 1894 2331 1959 τὰς
2371 1895 2500 1966 παρ’
2536 1897 2760 1950 ἐκείνων
2809 1897 3186 1967 διαφεύξονται
3225 1901 3319 1953 καὶ
3365 1901 3712 1969 πλεονεξίας,

2135 1987 2269 2041 Θεοῦ
2319 1987 2738 2059 κατισχύοντος,
2787 1990 2872 2058 ἐφ’
2913 1985 2957 2057 ᾧ
2989 1992 3083 2044 καὶ
3118 1995 3504 2064 καυχήσονται.
3553 1995 3715 2063 Μέγα.

2134 2077 2241 2147 γὰρ
2273 2080 2580 2149 φρονοῦμεν
2607 2080 2699 2134 ἐπὶ
2724 2081 2963 2152 Χριστῷ,
2994 2083 3087 2135 καὶ
3114 2084 3275 2137 αὐτὸν
3304 2085 3457 2154 ἰσχὺν
3486 2086 3716 2157 πεποιή-

2137 2168 2309 2237 μεθα,
2343 2168 2437 2222 καὶ
2465 2171 2550 2221 ἐπ’
2590 2169 2740 2240 αὐτῷ
2772 2170 3216 2243 τεθαρρήκαμεν,
3244 2174 3340 2226 καὶ
3375 2173 3471 2242 τῆς
3503 2174 3713 2229 ἑαυτῶν

2135 2257 2281 2327 ζωῆς
2307 2258 2435 2322 ὅλας
2464 2259 2657 2330 ἔχομεν
2680 2262 2778 2325 τὰς
2810 2260 3052 2325 ἐλπίδας.
3077 2263 3153 2315 Οὐ
3182 2262 3293 2333 γὰρ
3321 2261 3580 2332 πρέσϐυς,
3613 2263 3713 2317 οὐκ

2133 2347 2381 2415 ἄγγελος,
2425 2350 2538 2402 ἀλλ’
2578 2351 2738 2413 αὐτὸς
2770 2353 2799 2403 ὁ
2837 2352 3040 2423 Κύριος
3080 2353 3286 2406 ἔσωσεν
3329 2355 3507 2423 ἡμᾶς’
3552 2348 3712 2426 καὶῇ

2135 2456 2298 2510 φησιν
2323 2442 2352 2493 ὁ
2391 2442 2661 2513 μακάριος
2680 2444 3003 2514 Ψαλμῳδὺς,
3036 2463 3053 2495 ι
3096 2445 3320 2515 ’0,Θεὸς
3349 2446 3503 2515 ἡμῶν
3542 2463 3713 2501 καταη

2136 2534 2305 2604 φυγὴ,
2335 2536 2428 2587 καὶ
2453 2533 2700 2606 δύναμις,
2734 2536 2926 2608 βοηθὸς
2952 2539 3009 2590 ἐν
3039 2537 3247 2607 θλίψεσι
3275 2541 3395 2601 ταῖς
3422 2539 3712 2608 εὑρούσαις

2136 2626 2281 2694 ἡμᾶς
2318 2625 2545 2697 σφόδρα.

2723 2764 2973 2820 ΚΕΦΛΛ.
3024 2765 3125 2819 IA'.

2205 2900 2533 2967 Διάνοιξον,
2584 2904 2615 2955 ὁ
2649 2903 2925 2968 Λίϐανος,
2976 2913 3084 2969 τας
3128 2904 3310 2971 θύρας
3358 2919 3494 2968 σου,
3534 2920 3715 2956 κατα-

2131 2992 2365 3061 φαγέτω
2402 2994 2521 3061 πῦρ
2567 2996 2675 3056 τὰς
2707 2992 2960 3061 κέδρους
3012 3007 3149 3047 σου.
3201 2994 3571 3059 Ὀλολυξάτω
3619 2995 3716 3046 πί-

2134 3103 2264 3151 τυς,
2306 3083 2456 3138 διότι
2505 3084 2777 3138 πέπτωκε
2816 3084 3043 3153 κέδρος,
3098 3086 3189 3139 ὅτι
3231 3086 3505 3156 μεγάλως
3549 3104 3716 3156 μεγι-

2135 3175 2358 3243 στᾶνες
2396 3177 2913 3246 ἐταλαιπώρησαν.
2967 3180 3344 3247 Ὀλολύξατε,
3398 3180 3569 3249 δρύες
3607 3180 3717 3248 τῆς

2136 3267 2552 3334 Βασανίτιδος,
2601 3269 2691 3322 ὅτι
2732 3272 3123 3339 κατεσπάσθη
3176 3276 3209 3326 ό
3240 3272 3464 3341 δρυμὸς
3497 3274 3529 3325 ό
3562 3274 3714 3341 σύμ-

2136 3378 2343 3429 purae.

2208 3454 2327 3509 (ιε’.
2370 3453 2673 3523 Μεθίστησι
2727 3454 2820 3508 νῦν
2870 3455 2954 3524 ἐφ’
3000 3456 3203 3526 ἐτέρων
3257 3456 3379 3508 τινὰ
3429 3457 3717 3527 νοημάτων

2136 3540 2254 3599 ὁδὸν
2280 3545 2386 3598 τῶν
2410 3545 2717 3616 λεγομένων
2746 3546 2841 3617 τὴν
2866 3547 3116 3620 δήλωσιν.
3157 3549 3508 3621 Ἀποχρῶσαν
3535 3552 3591 3605 δέ
3616 3553 3715 3624 τὴν

2138 3639 2414 3709 ἀφήγησιν
2442 3634 2501 3691 εὖ
2536 3638 2681 3709 μάλα
2706 3640 3076 3710 πεποιημένος
3103 3642 3203 3711 τὴν
3232 3642 3359 3711 περί
3389 3659 3452 3711 γε
3484 3644 3585 3714 τῆς
3608 3643 3717 3696 τῶν

2138 3729 2308 3782 ἐθνῶν
2357 3730 2597 3801 κλήσεως
2651 3730 2751 3800 τῆς
2802 3733 2859 3784 ἐν
2898 3732 3117 3803 Χριστῷ
3169 3733 3258 3787 διὰ
3302 3736 3568 3798 πίστεως,
3620 3736 3715 3806 τὴν

2139 3821 2403 3893 ἐσομένην
2432 3823 2521 3874 ἐπ’
2552 3822 2700 3893 αύτῷ
2730 3823 3076 3877 δυσπείθειαν
3109 3824 3217 3877 τῶν
3240 3824 3300 3889 ἐξ
3335 3825 3549 3897 Ἰσραὴλ
3573 3828 3716 3880 κατὰ

2138 3914 2230 3966 τὸν
2270 3913 2369 3979 τῆς
2439 3913 2903 3985 ἐνανθρωπήσεως
2948 3915 3189 3986 δηλονότι
3240 3917 3455 3988 καιρὸν,
3504 3934 3717 3989 προαφ-

2140 4008 2356 4075 ηγεῖται
2389 4007 2596 4075 σαφῶς,
2637 4008 2731 4060 καὶ
2759 4009 2840 4061 ὅτι
2862 4008 3065 4078 ταύτης
3080 4009 3244 4063 ἓνεκα
3259 4010 3359 4081 τῆς
3386 4010 3565 4074 αἰτίας
3594 4029 3717 4065 κατα

2139 4096 2521 4167 ἐμπρησθῆναι
2556 4098 2639 4150 δεῖ
2669 4098 2758 4153 τὸν
2786 4099 2912 4152 ναὸν
2942 4101 3103 4153 αὐτὸν
3124 4141 3139 4165 ,
3181 4102 3274 4154 καὶ
3306 4103 3488 4173 μέντοι
3513 4104 3582 4157 τὰ
3622 4105 3716 4156 ἰε-

2143 4188 2440 4260 ροσόλυμα,
2470 4190 2812 4260 προσαλῶναι
2837 4191 2895 4243 δὲ
2931 4192 3025 4244 xa‘t
3052 4192 3220 4255 αὑτὰς
3246 4192 3341 4245 τοῦ
3375 4193 3588 4265 Ἰσραὴλ
3616 4195 3715 4258 τὰς

2141 4277 2345 4344 πόλεις,
2373 4279 2469 4331 καὶ
2497 4278 2883 4331 συνδιολεῖσθαι
2910 4282 3022 4341 τοῖς
3064 4280 3362 4333 ἐνοικοῦσιν
3395 4283 3581 4345 αὑτάς.
3616 4284 3717 4336 [Ιὲ-

2141 4387 2382 4441 πρακται
2419 4370 2477 4423 δὲ
2504 4369 2672 4422 ταῦτα
2704 4370 2793 4423 διὰ
2823 4371 3002 4442 χειρὸς
3030 4370 3139 4425 τῶν
3175 4373 3480 4443 Ῥωμαίων,
3515 4392 3711 4445 στρατ-

2141 4464 2418 4534 ηγούντων
2462 4463 2603 4517 κατὰ
2648 4464 2839 4535 καιρὸν
2877 4465 3284 4519 Οὐεσπασιανοῦ
3317 4483 3377 4519 τε
3406 4469 3497 4520 καὶ
3528 4468 3711 4521 Τίτου.

463 4576 704 4625 censere,
733 4575 852 4629 qua:
889 4556 1197 4611 Juda’orum
1231 4556 1477 4620 urbibus,
1511 4552 1624 4607 sive
1656 4551 1887 4620 populis,
1912 4563 2037 4619 pro-

2143 4556 2255 4610 Ka‘t
2289 4555 2560 4625 περιττὸν,
2589 4553 2665 4618 ὡς
2696 4554 2890 4619 ἔοικεν,
2921 4557 3246 4627 ἀφηγεῖσθαι
3274 4557 3483 4621 λεπτῶς
3508 4558 3715 4611 ἕκαστα

462 4663 583 4721 pter
616 4648 1092 4704 debacchationem
1125 4647 1176 4699 in
1227 4645 1500 4700 Christum
1550 4649 1867 4704 evenerunt,
1913 4656 2036 4696 cum

464 4740 769 4797 volentibus
794 4736 1013 4806 Iosephi
1052 4736 1334 4791 historiam
1380 4733 1562 4805 legere
1594 4732 1776 4798 liceat,
1810 4742 1864 4786 et
1914 4732 2039 4787 inde

464 4846 585 4900 qua
625 4830 848 4885 libuerit
890 4829 1098 4897 singula
1151 4836 1402 4881 accurate
1432 4840 1778 4896 cognoscere.
1824 4823 2041 4878 Transit

466 4923 630 4992 igitur
660 4922 727 4975 ad
770 4934 865 4974 eos
893 4920 982 4987 qui
1016 4928 1173 4972 erant
1219 4920 1285 4972 de
1332 4918 1590 4988 sanguine
1630 4914 1817 4970 Israel.
1861 4918 1926 4970 Et
1955 4917 2043 4969 Li-

468 5017 609 5067 bano
632 4996 850 5083 quidem
890 5018 1168 5080 comparat
1195 5007 1434 5063 Iudaeam
1465 5026 1479 5062 :
1509 5009 1904 5078 quamobrem?
1948 5005 2043 5062 Est

470 5105 617 5161 enim
656 5082 898 5158 Libanus
961 5118 1117 5157 mons
1168 5104 1381 5158 decoris
1448 5102 1730 5158 arboribus
1786 5109 1840 5155 et
1892 5101 2042 5156 silvis

469 5182 811 5252 densissimis
838 5196 1182 5264 conspicuus.
1220 5192 1528 5250 Judazorum
1557 5205 1737 5250 autem
1767 5195 1912 5265 regio
1945 5208 2043 5263 po-

471 5284 819 5355 pulosissima
848 5325 864 5349 ,
895 5292 951 5338 et
982 5283 1473 5338 innumerabilibus
1510 5284 1702 5337 incolis
1736 5282 2039 5353 frequentis

472 5379 631 5444 sima,
671 5386 726 5433 et
762 5378 918 5448 quasi
961 5379 1152 5433 cedros
1185 5384 1276 5431 aut
1323 5377 1482 5445 pinus
1517 5377 1948 5446 procerissimas,
1989 5386 2043 5430 et

472 5466 594 5521 aliis
634 5470 804 5538 magis
843 5468 1114 5531 visendas,
1167 5467 1497 5532 sacerdotes,
1548 5468 1788 5537 inquam,
1831 5479 1885 5522 et
1930 5470 2041 5522 suis

473 5559 808 5625 temporibus
839 5574 904 5612 ex
931 5558 1072 5612 tribu
1101 5556 1242 5613 Juda
1286 5569 1597 5628 regnantes,
1643 5570 1697 5613 et
1721 5560 1811 5629 qui
1847 5560 2047 5629 princi-

470 5657 629 5720 patus
675 5651 1007 5705 ornamentis
1054 5650 1392 5715 eminentes,
1443 5660 1551 5705 tota
1596 5652 1873 5721 provincia
1929 5652 2039 5704 nori

2136 4645 2244 4699 τῶν
2272 4644 2694 4716 συμϐεϐηκότων
2724 4649 2841 4708 ταῖς
2874 4646 2981 4699 τῶν
3016 4648 3281 4701 Ἰουδαίων
3315 4649 3551 4712 πόλεσιν,
3598 4651 3713 4719 ’ήτοι

2135 4737 2350 4808 δήμοις,
2377 4737 2478 4807 τῆς
2522 4740 2603 4800 είς
2645 4738 2878 4809 Χριστὸν
2913 4739 3074 4792 ’ἑνεκα
3106 4741 3416 4811 παροινίας·
3451 4738 3570 4804 ἐξὸν
3602 4744 3715 4805 τοῖς

2137 4829 2379 4882 ἐθέλουσι
2404 4833 2514 4893 τοῖς
2550 4830 2814 4901 Ἰωσήπου
2846 4832 3272 4902 συγγράμμασιν
3295 4833 3557 4901 ἐντυχεῖν,
3587 4832 3717 4885 ἁνα-

2143 4920 2334 4991 μαθεῖν
2367 4937 2427 4973 τε
2458 4922 2664 4989 σαφῶς,
2708 4922 2849 4993 ἅπερ
2881 4921 2946 4975 ἂν
2978 4922 3179 4975 ἕλοιντο
3205 4922 3434 4985 λεπτῶς.
3470 4924 3714 4975 Μετακο-
3753 4940 3757 4951 ν

2153 5011 2296 5081 μίξει
2322 5010 2389 5080 δὴ
2416 5005 2507 5062 οὖν
2530 5012 2622 5064 τὸν
2659 5011 2814 5079 λόγον
2854 5012 2943 5063 ἐπὶ
2973 5013 3099 5073 τοὺς
3124 5008 3183 5074 ἐξ
3213 5010 3443 5080 αἵματος
3478 5012 3715 5081 Ἰσραήλ.

2150 5103 2259 5154 Καὶ
2289 5099 2507 5172 Λιϐάνῳ
2537 5102 2636 5171 μὲν
2664 5102 2982 5173 παρεικάζει
3009 5102 3106 5172 τὴν
3141 5103 3417 5166 Ἰουδαίαν,
3444 5104 3531 5156 διὰ
3561 5105 3720 5157 ποίαν

2152 5195 2363 5261 αἰτίαν;
2412 5195 2646 5261 Εὒξυλον
2678 5195 2774 5264 μὲν
2817 5195 2925 5263 γὰρ
2958 5194 3084 5265 ὅρος
3109 5198 3137 5248 ὁ
3168 5195 3425 5259 Λίϐανος,
3466 5197 3560 5248 καὶ
3595 5197 3723 5268 δρυ-

2148 5290 2267 5359 μοῖς
2318 5288 2658 5357 ἀμφιλαφέσι
2705 5287 3039 5356 κατάκομον.
3085 5287 3620 5361 Πολυανθρωποτάτη
3663 5290 3719 5341 δὲ

2144 5380 2238 5433 καὶ
2268 5381 2300 5449 ἡ
2334 5379 2441 5432 τῶν
2476 5379 2745 5432 Ἰουδαίων
2788 5378 2975 5451 χώρα,
3021 5381 3113 5432 καὶ
3154 5379 3388 5451 ἀριθμοῦ
3438 5381 3720 5451 κρείττονα

2144 5472 2242 5542 τὴν
2273 5470 2385 5525 τῶν
2431 5472 2780 5525 ἐνοικούντων
2832 5472 3030 5542 ἔχουσα
3076 5473 3306 5543 πληθὺν,
3353 5474 3447 5528 καὶ
3485 5471 3599 5528 οἷον
3633 5476 3722 5526 κέ-

2144 5562 2303 5634 δρους
2333 5563 2367 5633 ἢ
2425 5563 2583 5627 πίτυς
2613 5565 3048 5636 εύμηκεστάτας,
3075 5564 3202 5629 τοὺς
3229 5565 3337 5619 τῶν
3366 5565 3539 5620 ἄλλων
3568 5581 3723 5635 περι-

2150 5654 2545 5726 φανεστέρους,
2592 5657 2774 5726 ἱερέας
2819 5658 2879 5710 τέ
2920 5660 3071 5728 φημι
3120 5660 3214 5713 καὶ
3261 5659 3387 5722 τοὺς
3436 5661 3499 5710 ὲκ
3550 5656 3722 5725 φυλῆς

536 5829 590 5864 ⁸⁷
616 5830 761 5887 Psal.
791 5832 1113 5900 cxxttt,l-5.
1192 5834 1239 5867 ⁸⁸
1259 5833 1423 5891 Hebr.
1457 5849 1516 5899 ιι,
1548 5832 1634 5889 16.
1713 5832 1917 5889 "Psal.
1946 5848 2067 5903 xu,
2091 5833 2141 5888 l.
