  <div class='ocr_page' id='page_1' title='image "/cluster/home/n/w/nwhite01/storage/ocr_20150623/72/nnc1.0046980300/094.png"; bbox 0 0 4072 6370; ppageno 0'>
   <div class='ocr_carea' id='block_1_1' title="bbox 385 502 486 555">
    <p class='ocr_par' dir='ltr' id='par_1_1' title="bbox 385 502 486 555">
     <span class='ocr_line' id='line_1_1' title="bbox 385 502 486 555; baseline -0.02 0"><span class='ocrx_word' id='word_1_1' title='bbox 385 502 486 555; x_wconf 69' lang='grc'>177</span> 
     </span>
    </p>
   </div>
   <div class='ocr_carea' id='block_1_2' title="bbox 1200 480 2787 561">
    <p class='ocr_par' dir='ltr' id='par_1_2' title="bbox 1200 480 2787 561">
     <span class='ocr_line' id='line_1_2' title="bbox 1200 480 2787 561; baseline 0.002 -6"><span class='ocrx_word' id='word_1_2' title='bbox 1200 480 1856 558; x_wconf 72' lang='grc' dir='ltr'>ςοιιιιεΝτΑιιιυδίΝ</span> <span class='ocrx_word' id='word_1_3' title='bbox 1899 500 2305 559; x_wconf 77' lang='lat' dir='ltr'>ZACHARIAM</span> <span class='ocrx_word' id='word_1_4' title='bbox 2346 502 2787 561; x_wconf 65' lang='lat' dir='ltr'><strong>recensum.</strong></span> 
     </span>
    </p>
   </div>
   <div class='ocr_carea' id='block_1_3' title="bbox 3532 508 3627 563">
    <p class='ocr_par' dir='ltr' id='par_1_3' title="bbox 3532 508 3627 563">
     <span class='ocr_line' id='line_1_3' title="bbox 3532 508 3627 563; baseline -0.021 0"><span class='ocrx_word' id='word_1_5' title='bbox 3532 508 3627 563; x_wconf 69' lang='grc'>178</span> 
     </span>
    </p>
   </div>
   <div class='ocr_carea' id='block_1_4' title="bbox 395 615 1995 691">
    <p class='ocr_par' dir='ltr' id='par_1_4' title="bbox 395 615 1995 688">
     <span class='ocr_line' id='line_1_4' title="bbox 395 615 1995 688; baseline 0.001 -20"><span class='ocrx_word' id='word_1_6' title='bbox 395 616 563 669; x_wconf 86' lang='grc' dir='ltr'>Ἰούδα</span> <span class='ocrx_word' id='word_1_7' title='bbox 595 615 733 669; x_wconf 89' lang='grc' dir='ltr'>κατά</span> <span class='ocrx_word' id='word_1_8' title='bbox 767 616 993 688; x_wconf 79' lang='grc' dir='ltr'>καιροὺς</span> <span class='ocrx_word' id='word_1_9' title='bbox 1029 616 1430 686; x_wconf 84' lang='grc' dir='ltr'>βασιλεύοντας,</span> <span class='ocrx_word' id='word_1_10' title='bbox 1463 617 1512 671; x_wconf 81' lang='grc' dir='ltr'>οἳ</span> <span class='ocrx_word' id='word_1_11' title='bbox 1559 618 1653 670; x_wconf 73' lang='grc' dir='ltr'>καὶ</span> <span class='ocrx_word' id='word_1_12' title='bbox 1694 617 1793 686; x_wconf 85' lang='grc' dir='ltr'>τῆς</span> <span class='ocrx_word' id='word_1_13' title='bbox 1832 619 1960 686; x_wconf 83' lang='grc' dir='ltr'>ἡγε-</span> <span class='ocrx_word' id='word_1_14' title='bbox 1993 674 1995 683; x_wconf 39' lang='grc' dir='ltr'>ι</span> 
     </span>
    </p>
   </div>
   <div class='ocr_carea' id='block_1_5' title="bbox 2081 615 3608 691">
    <p class='ocr_par' dir='ltr' id='par_1_5' title="bbox 2081 620 3608 691">
     <span class='ocr_line' id='line_1_5' title="bbox 2081 620 3608 691; baseline 0.002 -17"><span class='ocrx_word' id='word_1_15' title='bbox 2081 630 2241 687; x_wconf 65' lang='lat' dir='ltr'><strong>erant,</strong></span> <span class='ocrx_word' id='word_1_16' title='bbox 2274 621 2601 690; x_wconf 90' lang='lat' dir='ltr'><strong>sublimique</strong></span> <span class='ocrx_word' id='word_1_17' title='bbox 2625 623 2795 691; x_wconf 82' lang='lat' dir='ltr'><strong>gloria</strong></span> <span class='ocrx_word' id='word_1_18' title='bbox 2835 620 3116 687; x_wconf 83' lang='lat' dir='ltr'><strong>ﬂorebant,</strong></span> <span class='ocrx_word' id='word_1_19' title='bbox 3149 620 3449 677; x_wconf 85' lang='lat' dir='ltr'><strong>continens.</strong></span> <span class='ocrx_word' id='word_1_20' title='bbox 3478 620 3608 677; x_wconf 82' lang='lat' dir='ltr'><strong>Post</strong></span> 
     </span>
    </p>
   </div>
   <div class='ocr_carea' id='block_1_6' title="bbox 386 711 1963 789">
    <p class='ocr_par' dir='ltr' id='par_1_6' title="bbox 386 711 1963 789">
     <span class='ocr_line' id='line_1_6' title="bbox 386 711 1963 789; baseline -0.001 -23"><span class='ocrx_word' id='word_1_21' title='bbox 386 714 573 789; x_wconf 83' lang='grc' dir='ltr'>μονίας</span> <span class='ocrx_word' id='word_1_22' title='bbox 619 712 933 781; x_wconf 73' lang='grc' dir='ltr'>αὐχήμασιν</span> <span class='ocrx_word' id='word_1_23' title='bbox 998 712 1529 782; x_wconf 82' lang='grc' dir='ltr'>ὑπερανεστηκότες,</span> <span class='ocrx_word' id='word_1_24' title='bbox 1586 711 1853 781; x_wconf 79' lang='grc' dir='ltr'>γνώριμοι</span> <span class='ocrx_word' id='word_1_25' title='bbox 1904 729 1963 765; x_wconf 85' lang='grc' dir='ltr'>τε</span> 
     </span>
    </p>
   </div>
   <div class='ocr_carea' id='block_1_7' title="bbox 381 802 1965 876">
    <p class='ocr_par' dir='ltr' id='par_1_7' title="bbox 381 802 1965 876">
     <span class='ocr_line' id='line_1_7' title="bbox 381 802 1965 876; baseline -0.001 -19"><span class='ocrx_word' id='word_1_26' title='bbox 381 802 521 875; x_wconf 74' lang='grc' dir='ltr'>ἦσαν</span> <span class='ocrx_word' id='word_1_27' title='bbox 549 806 662 865; x_wconf 88' lang='grc' dir='ltr'>τοῖς</span> <span class='ocrx_word' id='word_1_28' title='bbox 706 803 807 856; x_wconf 84' lang='grc' dir='ltr'>ἀνὰ</span> <span class='ocrx_word' id='word_1_29' title='bbox 837 805 1015 857; x_wconf 78' lang='grc' dir='ltr'>πᾶσαν</span> <span class='ocrx_word' id='word_1_30' title='bbox 1054 805 1153 873; x_wconf 82' lang='grc' dir='ltr'>τὴν</span> <span class='ocrx_word' id='word_1_31' title='bbox 1196 804 1401 875; x_wconf 84' lang='grc' dir='ltr'>χώραν,</span> <span class='ocrx_word' id='word_1_32' title='bbox 1453 802 1589 873; x_wconf 61' lang='grc' dir='ltr'>ὑψοῦ</span> <span class='ocrx_word' id='word_1_33' title='bbox 1622 821 1681 857; x_wconf 85' lang='grc' dir='ltr'>τε</span> <span class='ocrx_word' id='word_1_34' title='bbox 1716 804 1965 876; x_wconf 68' lang='grc' dir='ltr'>Ιῂρμένην</span> 
     </span>
    </p>
   </div>
   <div class='ocr_carea' id='block_1_8' title="bbox 384 896 1967 967">
    <p class='ocr_par' dir='ltr' id='par_1_8' title="bbox 384 896 1967 967">
     <span class='ocr_line' id='line_1_8' title="bbox 384 896 1967 967; baseline 0.001 -19"><span class='ocrx_word' id='word_1_35' title='bbox 384 897 540 967; x_wconf 68' lang='grc' dir='ltr'>ἔσχον</span> <span class='ocrx_word' id='word_1_36' title='bbox 564 896 660 966; x_wconf 84' lang='grc' dir='ltr'>τὴν</span> <span class='ocrx_word' id='word_1_37' title='bbox 685 896 862 962; x_wconf 82' lang='grc' dir='ltr'>δόξαν.</span> <span class='ocrx_word' id='word_1_38' title='bbox 903 896 1120 966; x_wconf 78' lang='grc' dir='ltr'>Ἐπειδὴ</span> <span class='ocrx_word' id='word_1_39' title='bbox 1148 896 1204 949; x_wconf 80' lang='grc' dir='ltr'>δὲ</span> <span class='ocrx_word' id='word_1_40' title='bbox 1234 896 1689 967; x_wconf 78' lang='grc' dir='ltr'>δεδυσσεὸήκασιν</span> <span class='ocrx_word' id='word_1_41' title='bbox 1719 898 1799 960; x_wconf 87' lang='grc' dir='ltr'>είς</span> <span class='ocrx_word' id='word_1_42' title='bbox 1837 898 1967 967; x_wconf 87' lang='grc' dir='ltr'>Χρι-</span> 
     </span>
    </p>
   </div>
   <div class='ocr_carea' id='block_1_9' title="bbox 387 985 1967 1059">
    <p class='ocr_par' dir='ltr' id='par_1_9' title="bbox 387 985 1967 1059">
     <span class='ocr_line' id='line_1_9' title="bbox 387 985 1967 1059; baseline 0 -17"><span class='ocrx_word' id='word_1_43' title='bbox 387 990 539 1042; x_wconf 75' lang='grc' dir='ltr'>στόνο</span> <span class='ocrx_word' id='word_1_44' title='bbox 569 1008 587 1041; x_wconf 79' lang='grc' dir='ltr'>ι</span> <span class='ocrx_word' id='word_1_45' title='bbox 616 985 798 1059; x_wconf 83' lang='grc' dir='ltr'>Ἦραν</span> <span class='ocrx_word' id='word_1_46' title='bbox 822 990 929 1057; x_wconf 79' lang='grc' dir='ltr'>γὰρ</span> <span class='ocrx_word' id='word_1_47' title='bbox 952 989 1051 1059; x_wconf 85' lang='grc' dir='ltr'>τὴν</span> <span class='ocrx_word' id='word_1_48' title='bbox 1080 989 1262 1041; x_wconf 79' lang='grc' dir='ltr'>κλεῖδα</span> <span class='ocrx_word' id='word_1_49' title='bbox 1291 990 1389 1058; x_wconf 77' lang='grc' dir='ltr'>τῆς</span> <span class='ocrx_word' id='word_1_50' title='bbox 1418 989 1693 1057; x_wconf 83' lang='grc' dir='ltr'>γνώσεως,</span> <span class='ocrx_word' id='word_1_51' title='bbox 1726 990 1819 1044; x_wconf 81' lang='grc' dir='ltr'>καὶ</span> <span class='ocrx_word' id='word_1_52' title='bbox 1842 988 1967 1042; x_wconf 77' lang='grc' dir='ltr'>οὔτε</span> 
     </span>
    </p>
   </div>
   <div class='ocr_carea' id='block_1_10' title="bbox 384 1079 1967 1151">
    <p class='ocr_par' dir='ltr' id='par_1_10' title="bbox 384 1079 1967 1151">
     <span class='ocr_line' id='line_1_10' title="bbox 384 1079 1967 1151; baseline 0.001 -16"><span class='ocrx_word' id='word_1_53' title='bbox 384 1082 539 1135; x_wconf 86' lang='grc' dir='ltr'>αὑτοί</span> <span class='ocrx_word' id='word_1_54' title='bbox 600 1081 881 1150; x_wconf 77' lang='grc' dir='ltr'>εἰσῆλθον,</span> <span class='ocrx_word' id='word_1_55' title='bbox 930 1079 1055 1133; x_wconf 74' lang='grc' dir='ltr'>οὔτε</span> <span class='ocrx_word' id='word_1_56' title='bbox 1104 1082 1230 1143; x_wconf 80' lang='grc' dir='ltr'>τοὺς</span> <span class='ocrx_word' id='word_1_57' title='bbox 1277 1081 1692 1151; x_wconf 80' lang='grc' dir='ltr'>εἰσερχομένους</span> <span class='ocrx_word' id='word_1_58' title='bbox 1745 1082 1967 1151; x_wconf 80' lang='grc' dir='ltr'>ἀφῆκαν</span> 
     </span>
    </p>
   </div>
   <div class='ocr_carea' id='block_1_11' title="bbox 385 1170 1967 1242">
    <p class='ocr_par' dir='ltr' id='par_1_11' title="bbox 385 1170 1967 1242">
     <span class='ocr_line' id='line_1_11' title="bbox 385 1170 1967 1242; baseline 0.003 -19"><span class='ocrx_word' id='word_1_59' title='bbox 385 1170 664 1233; x_wconf 73' lang='grc' dir='ltr'>εἰσελθεῖν,</span> <span class='ocrx_word' id='word_1_60' title='bbox 690 1191 708 1221; x_wconf 76' lang='grc' dir='ltr'>ι</span> <span class='ocrx_word' id='word_1_61' title='bbox 744 1172 838 1225; x_wconf 82' lang='grc' dir='ltr'>καὶ</span> <span class='ocrx_word' id='word_1_62' title='bbox 876 1172 1183 1223; x_wconf 82' lang='grc' dir='ltr'>τελευταῖον</span> <span class='ocrx_word' id='word_1_63' title='bbox 1222 1172 1597 1242; x_wconf 69' lang='grc' dir='ltr'>ἐσταύρωσαν,</span> <span class='ocrx_word' id='word_1_64' title='bbox 1644 1172 1825 1226; x_wconf 87' lang='grc' dir='ltr'>καίτοι</span> <span class='ocrx_word' id='word_1_65' title='bbox 1872 1174 1967 1227; x_wconf 78' lang='grc' dir='ltr'>καὶ</span> 
     </span>
    </p>
   </div>
   <div class='ocr_carea' id='block_1_12' title="bbox 384 1263 1967 1336">
    <p class='ocr_par' dir='ltr' id='par_1_12' title="bbox 384 1263 1967 1336">
     <span class='ocr_line' id='line_1_12' title="bbox 384 1263 1967 1336; baseline 0 -18"><span class='ocrx_word' id='word_1_66' title='bbox 384 1264 756 1332; x_wconf 70' lang='grc' dir='ltr'>ἐπεγνωκότες</span> <span class='ocrx_word' id='word_1_67' title='bbox 780 1265 859 1317; x_wconf 77' lang='grc' dir='ltr'>ὅτι</span> <span class='ocrx_word' id='word_1_68' title='bbox 892 1263 1052 1327; x_wconf 82' lang='grc' dir='ltr'>αὑτός</span> <span class='ocrx_word' id='word_1_69' title='bbox 1079 1266 1225 1317; x_wconf 81' lang='grc' dir='ltr'>ἐστιν</span> <span class='ocrx_word' id='word_1_70' title='bbox 1250 1266 1278 1317; x_wconf 99' lang='lat'>6</span> <span class='ocrx_word' id='word_1_71' title='bbox 1314 1264 1647 1336; x_wconf 82' lang='grc' dir='ltr'>κληρονόμος</span> <span class='ocrx_word' id='word_1_72' title='bbox 1665 1281 1679 1295; x_wconf 76' lang='grc' dir='ltr'>ο</span> <span class='ocrx_word' id='word_1_73' title='bbox 1710 1265 1967 1336; x_wconf 81' lang='grc' dir='ltr'>ταύτῃτοι</span> 
     </span>
    </p>
   </div>
   <div class='ocr_carea' id='block_1_13' title="bbox 386 1355 1967 1427">
    <p class='ocr_par' dir='ltr' id='par_1_13' title="bbox 386 1355 1967 1427">
     <span class='ocr_line' id='line_1_13' title="bbox 386 1355 1967 1427; baseline 0.003 -18"><span class='ocrx_word' id='word_1_74' title='bbox 386 1355 610 1420; x_wconf 79' lang='grc' dir='ltr'>δικαίως</span> <span class='ocrx_word' id='word_1_75' title='bbox 648 1358 816 1426; x_wconf 80' lang='grc' dir='ltr'>ἄρδην</span> <span class='ocrx_word' id='word_1_76' title='bbox 856 1356 1194 1409; x_wconf 79' lang='grc' dir='ltr'>ἀπολώλασιν</span> <span class='ocrx_word' id='word_1_77' title='bbox 1239 1356 1427 1418; x_wconf 80' lang='grc' dir='ltr'>οίκοις¹</span> <span class='ocrx_word' id='word_1_78' title='bbox 1454 1374 1513 1410; x_wconf 83' lang='grc' dir='ltr'>τε</span> <span class='ocrx_word' id='word_1_79' title='bbox 1546 1357 1681 1427; x_wconf 80' lang='grc' dir='ltr'>ὁμοῦ</span> <span class='ocrx_word' id='word_1_80' title='bbox 1725 1359 1819 1412; x_wconf 73' lang='grc' dir='ltr'>καὶ</span> <span class='ocrx_word' id='word_1_81' title='bbox 1870 1360 1967 1414; x_wconf 87' lang='grc' dir='ltr'>πό-</span> 
     </span>
    </p>
   </div>
   <div class='ocr_carea' id='block_1_14' title="bbox 386 1448 1967 1520">
    <p class='ocr_par' dir='ltr' id='par_1_14' title="bbox 386 1448 1967 1520">
     <span class='ocr_line' id='line_1_14' title="bbox 386 1448 1967 1520; baseline 0.004 -19"><span class='ocrx_word' id='word_1_82' title='bbox 386 1448 536 1511; x_wconf 87' lang='grc' dir='ltr'>λεσι,</span> <span class='ocrx_word' id='word_1_83' title='bbox 574 1448 665 1501; x_wconf 79' lang='grc' dir='ltr'>καὶ</span> <span class='ocrx_word' id='word_1_84' title='bbox 692 1448 984 1516; x_wconf 82' lang='grc' dir='ltr'>φιλτάτοις.</span> <span class='ocrx_word' id='word_1_85' title='bbox 1027 1448 1234 1503; x_wconf 81' lang='grc' dir='ltr'>Ούκοῦν</span> <span class='ocrx_word' id='word_1_86' title='bbox 1267 1451 1681 1520; x_wconf 80' lang='grc' dir='ltr'>αἰνιγματωδῶς</span> <span class='ocrx_word' id='word_1_87' title='bbox 1734 1452 1967 1507; x_wconf 81' lang='grc' dir='ltr'>Λίϐανον</span> 
     </span>
    </p>
   </div>
   <div class='ocr_carea' id='block_1_15' title="bbox 388 1540 1966 1616">
    <p class='ocr_par' dir='ltr' id='par_1_15' title="bbox 388 1540 1966 1616">
     <span class='ocr_line' id='line_1_15' title="bbox 388 1540 1966 1616; baseline 0.004 -25"><span class='ocrx_word' id='word_1_88' title='bbox 388 1540 508 1609; x_wconf 76' lang='grc' dir='ltr'>μὲν,</span> <span class='ocrx_word' id='word_1_89' title='bbox 536 1540 611 1603; x_wconf 86' lang='grc' dir='ltr'>ὠς</span> <span class='ocrx_word' id='word_1_90' title='bbox 652 1540 811 1610; x_wconf 66' lang='grc' dir='ltr'>ἔφην,</span> <span class='ocrx_word' id='word_1_91' title='bbox 853 1543 952 1609; x_wconf 78' lang='grc' dir='ltr'>τὴν</span> <span class='ocrx_word' id='word_1_92' title='bbox 992 1541 1252 1596; x_wconf 80' lang='grc' dir='ltr'>Ἰουδαίαν</span> <span class='ocrx_word' id='word_1_93' title='bbox 1291 1542 1577 1607; x_wconf 79' lang='grc' dir='ltr'>ἀποκαλεῖ,</span> <span class='ocrx_word' id='word_1_94' title='bbox 1630 1544 1869 1616; x_wconf 75' lang='grc' dir='ltr'>δένδροις</span> <span class='ocrx_word' id='word_1_95' title='bbox 1909 1546 1966 1598; x_wconf 85' lang='grc' dir='ltr'>δὲ</span> 
     </span>
    </p>
   </div>
   <div class='ocr_carea' id='block_1_16' title="bbox 383 1632 1964 1707">
    <p class='ocr_par' dir='ltr' id='par_1_16' title="bbox 383 1632 1964 1707">
     <span class='ocr_line' id='line_1_16' title="bbox 383 1632 1964 1707; baseline 0.004 -23"><span class='ocrx_word' id='word_1_96' title='bbox 383 1635 493 1693; x_wconf 81' lang='grc' dir='ltr'>τοῖς</span> <span class='ocrx_word' id='word_1_97' title='bbox 531 1632 961 1702; x_wconf 81' lang='grc' dir='ltr'>εὐμηκεστάτοις</span> <span class='ocrx_word' id='word_1_98' title='bbox 1005 1632 1334 1702; x_wconf 78' lang='grc' dir='ltr'>παρεικάζει</span> <span class='ocrx_word' id='word_1_99' title='bbox 1364 1636 1488 1698; x_wconf 77' lang='grc' dir='ltr'>τοὺς</span> <span class='ocrx_word' id='word_1_100' title='bbox 1519 1636 1576 1689; x_wconf 82' lang='grc' dir='ltr'>ὲν</span> <span class='ocrx_word' id='word_1_101' title='bbox 1606 1637 1745 1707; x_wconf 75' lang='grc' dir='ltr'>αὐτῇ</span> <span class='ocrx_word' id='word_1_102' title='bbox 1792 1636 1964 1707; x_wconf 83' lang='grc' dir='ltr'>προῦ-</span> 
     </span>
    </p>
   </div>
   <div class='ocr_carea' id='block_1_17' title="bbox 385 1725 1966 1799">
    <p class='ocr_par' dir='ltr' id='par_1_17' title="bbox 385 1725 1966 1799">
     <span class='ocr_line' id='line_1_17' title="bbox 385 1725 1966 1799; baseline 0.004 -22"><span class='ocrx_word' id='word_1_103' title='bbox 385 1742 600 1795; x_wconf 85' lang='grc' dir='ltr'>χοντας,</span> <span class='ocrx_word' id='word_1_104' title='bbox 632 1726 707 1790; x_wconf 87' lang='grc' dir='ltr'>ὼς</span> <span class='ocrx_word' id='word_1_105' title='bbox 734 1725 844 1780; x_wconf 82' lang='grc' dir='ltr'>τῶν</span> <span class='ocrx_word' id='word_1_106' title='bbox 882 1727 1056 1781; x_wconf 81' lang='grc' dir='ltr'>ἄλλων</span> <span class='ocrx_word' id='word_1_107' title='bbox 1097 1727 1512 1799; x_wconf 83' lang='grc' dir='ltr'>ὑπερῃρμένους</span> <span class='ocrx_word' id='word_1_108' title='bbox 1547 1728 1641 1783; x_wconf 78' lang='grc' dir='ltr'>καὶ</span> <span class='ocrx_word' id='word_1_109' title='bbox 1684 1729 1817 1783; x_wconf 82' lang='grc' dir='ltr'>πολὺ</span> <span class='ocrx_word' id='word_1_110' title='bbox 1846 1729 1966 1784; x_wconf 83' lang='grc' dir='ltr'>λίαν</span> 
     </span>
    </p>
   </div>
   <div class='ocr_carea' id='block_1_18' title="bbox 386 1804 1967 1893">
    <p class='ocr_par' dir='ltr' id='par_1_18' title="bbox 386 1804 1967 1893">
     <span class='ocr_line' id='line_1_18' title="bbox 386 1804 1967 1893; baseline 0.003 -24"><span class='ocrx_word' id='word_1_111' title='bbox 386 1818 821 1891; x_wconf 72' lang='grc' dir='ltr'>ὑπερφέροντας,</span> <span class='ocrx_word' id='word_1_112' title='bbox 840 1820 923 1873; x_wconf 86' lang='grc' dir='ltr'>ὃτι</span> <span class='ocrx_word' id='word_1_113' title='bbox 949 1820 1005 1872; x_wconf 85' lang='grc' dir='ltr'>δὲ</span> <span class='ocrx_word' id='word_1_114' title='bbox 1032 1819 1255 1890; x_wconf 79' lang='grc' dir='ltr'>ἔμελλεν</span> <span class='ocrx_word' id='word_1_115' title='bbox 1280 1804 1491 1874; x_wconf 16' lang='grc' dir='ltr'>γάλῶναί</span> <span class='ocrx_word' id='word_1_116' title='bbox 1517 1839 1577 1874; x_wconf 87' lang='grc' dir='ltr'>τε</span> <span class='ocrx_word' id='word_1_117' title='bbox 1607 1822 1807 1893; x_wconf 79' lang='grc' dir='ltr'>ῥᾳδίως</span> <span class='ocrx_word' id='word_1_118' title='bbox 1827 1862 1841 1884; x_wconf 89' lang='grc'>.</span> <span class='ocrx_word' id='word_1_119' title='bbox 1874 1823 1967 1877; x_wconf 76' lang='grc' dir='ltr'>καὶ</span> 
     </span>
    </p>
   </div>
   <div class='ocr_carea' id='block_1_19' title="bbox 384 1909 1965 1983">
    <p class='ocr_par' dir='ltr' id='par_1_19' title="bbox 384 1909 1965 1983">
     <span class='ocr_line' id='line_1_19' title="bbox 384 1909 1965 1983; baseline 0.004 -22"><span class='ocrx_word' id='word_1_120' title='bbox 384 1909 461 1972; x_wconf 83' lang='grc' dir='ltr'>ὡς</span> <span class='ocrx_word' id='word_1_121' title='bbox 491 1910 739 1963; x_wconf 77' lang='grc' dir='ltr'>ἀπώλετο</span> <span class='ocrx_word' id='word_1_122' title='bbox 769 1911 918 1974; x_wconf 81' lang='grc' dir='ltr'>πόλις</span> <span class='ocrx_word' id='word_1_123' title='bbox 946 1912 1287 1981; x_wconf 72' lang='grc' dir='ltr'>εἰσχεόμενον</span> <span class='ocrx_word' id='word_1_124' title='bbox 1318 1913 1417 1982; x_wconf 85' lang='grc' dir='ltr'>μὲν</span> <span class='ocrx_word' id='word_1_125' title='bbox 1448 1914 1850 1983; x_wconf 81' lang='grc' dir='ltr'>παραδέξασθαι</span> <span class='ocrx_word' id='word_1_126' title='bbox 1874 1916 1965 1968; x_wconf 77' lang='grc' dir='ltr'>τὸν</span> 
     </span>
    </p>
   </div>
   <div class='ocr_carea' id='block_1_20' title="bbox 384 2093 1963 2167">
    <p class='ocr_par' dir='ltr' id='par_1_20' title="bbox 384 2093 1963 2167">
     <span class='ocr_line' id='line_1_20' title="bbox 384 2093 1963 2167; baseline 0.004 -22"><span class='ocrx_word' id='word_1_127' title='bbox 384 2093 501 2145; x_wconf 79' lang='grc' dir='ltr'>ανεὶ</span> <span class='ocrx_word' id='word_1_128' title='bbox 531 2093 624 2146; x_wconf 77' lang='grc' dir='ltr'>καὶ</span> <span class='ocrx_word' id='word_1_129' title='bbox 651 2093 855 2164; x_wconf 82' lang='grc' dir='ltr'>δρυμὸς</span> <span class='ocrx_word' id='word_1_130' title='bbox 883 2094 1265 2165; x_wconf 79' lang='grc' dir='ltr'>ὲπενεχθείσης</span> <span class='ocrx_word' id='word_1_131' title='bbox 1294 2096 1511 2165; x_wconf 80' lang='grc' dir='ltr'>φλογὸς,</span> <span class='ocrx_word' id='word_1_132' title='bbox 1541 2115 1749 2166; x_wconf 83' lang='grc' dir='ltr'>καταση</span> <span class='ocrx_word' id='word_1_133' title='bbox 1760 2098 1963 2167; x_wconf 86' lang='grc' dir='ltr'>μαίνει,</span> 
     </span>
    </p>
   </div>
   <div class='ocr_carea' id='block_1_21' title="bbox 386 2178 1969 2257">
    <p class='ocr_par' dir='ltr' id='par_1_21' title="bbox 386 2178 1969 2257">
     <span class='ocr_line' id='line_1_21' title="bbox 386 2178 1969 2257; baseline 0.006 -24"><span class='ocrx_word' id='word_1_134' title='bbox 386 2178 588 2247; x_wconf 75' lang='grc' dir='ltr'>λέγων·</span> <span class='ocrx_word' id='word_1_135' title='bbox 627 2199 645 2231; x_wconf 81' lang='lat' dir='ltr'>t</span> <span class='ocrx_word' id='word_1_136' title='bbox 677 2181 969 2245; x_wconf 79' lang='grc' dir='ltr'>Διάνοιξον,</span> <span class='ocrx_word' id='word_1_137' title='bbox 1013 2184 1042 2235; x_wconf 90' lang='grc' dir='ltr'>ὁ</span> <span class='ocrx_word' id='word_1_138' title='bbox 1080 2183 1333 2248; x_wconf 76' lang='grc' dir='ltr'>Λίϐανος,</span> <span class='ocrx_word' id='word_1_139' title='bbox 1384 2186 1481 2248; x_wconf 80' lang='grc' dir='ltr'>τὰς</span> <span class='ocrx_word' id='word_1_140' title='bbox 1524 2186 1693 2257; x_wconf 87' lang='grc' dir='ltr'>θύρας</span> <span class='ocrx_word' id='word_1_141' title='bbox 1726 2204 1841 2249; x_wconf 86' lang='grc' dir='ltr'>σου,</span> <span class='ocrx_word' id='word_1_142' title='bbox 1874 2190 1969 2242; x_wconf 81' lang='grc' dir='ltr'>καὶ</span> 
     </span>
    </p>
   </div>
   <div class='ocr_carea' id='block_1_22' title="bbox 387 2273 1968 2348">
    <p class='ocr_par' dir='ltr' id='par_1_22' title="bbox 387 2273 1968 2348">
     <span class='ocr_line' id='line_1_22' title="bbox 387 2273 1968 2348; baseline 0.006 -25"><span class='ocrx_word' id='word_1_143' title='bbox 387 2273 753 2341; x_wconf 84' lang='grc' dir='ltr'>καταφαγέτω</span> <span class='ocrx_word' id='word_1_144' title='bbox 782 2274 891 2345; x_wconf 79' lang='grc' dir='ltr'>πῦρ</span> <span class='ocrx_word' id='word_1_145' title='bbox 906 2275 1003 2338; x_wconf 76' lang='grc' dir='ltr'>τὰς</span> <span class='ocrx_word' id='word_1_146' title='bbox 1033 2275 1254 2347; x_wconf 79' lang='grc' dir='ltr'>κέδρους</span> <span class='ocrx_word' id='word_1_147' title='bbox 1283 2294 1395 2331; x_wconf 91' lang='grc' dir='ltr'>σου.</span> <span class='ocrx_word' id='word_1_148' title='bbox 1425 2278 1755 2345; x_wconf 80' lang='grc' dir='ltr'>Ὀλολυξάτω</span> <span class='ocrx_word' id='word_1_149' title='bbox 1784 2282 1968 2348; x_wconf 80' lang='grc' dir='ltr'>πίτυς,</span> 
     </span>
    </p>
   </div>
   <div class='ocr_carea' id='block_1_23' title="bbox 386 2363 1973 2443">
    <p class='ocr_par' dir='ltr' id='par_1_23' title="bbox 386 2363 1973 2443">
     <span class='ocr_line' id='line_1_23' title="bbox 386 2363 1973 2443; baseline 0.008 -28"><span class='ocrx_word' id='word_1_150' title='bbox 386 2363 519 2416; x_wconf 82' lang='grc' dir='ltr'>διότι</span> <span class='ocrx_word' id='word_1_151' title='bbox 551 2364 808 2418; x_wconf 86' lang='grc' dir='ltr'>πέπτωκε</span> <span class='ocrx_word' id='word_1_152' title='bbox 847 2365 1055 2435; x_wconf 80' lang='grc' dir='ltr'>κέδρος.</span> <span class='ocrx_word' id='word_1_153' title='bbox 1084 2386 1101 2418; x_wconf 79' lang='grc' dir='ltr'>ι</span> <span class='ocrx_word' id='word_1_154' title='bbox 1139 2367 1249 2419; x_wconf 72' lang='grc' dir='ltr'>Καὶ</span> <span class='ocrx_word' id='word_1_155' title='bbox 1287 2370 1475 2435; x_wconf 83' lang='grc' dir='ltr'>γέγονε</span> <span class='ocrx_word' id='word_1_156' title='bbox 1508 2370 1606 2441; x_wconf 86' lang='grc' dir='ltr'>μὲν</span> <span class='ocrx_word' id='word_1_157' title='bbox 1632 2374 1695 2424; x_wconf 84' lang='grc' dir='ltr'>ὲκ</span> <span class='ocrx_word' id='word_1_158' title='bbox 1737 2390 1973 2443; x_wconf 55' lang='grc' dir='ltr'>μεταφορ</span> 
     </span>
    </p>
   </div>
   <div class='ocr_carea' id='block_1_24' title="bbox 390 2455 1973 2530">
    <p class='ocr_par' dir='ltr' id='par_1_24' title="bbox 390 2455 1973 2530">
     <span class='ocr_line' id='line_1_24' title="bbox 390 2455 1973 2530; baseline 0.004 -23"><span class='ocrx_word' id='word_1_159' title='bbox 390 2456 491 2529; x_wconf 67' lang='grc' dir='ltr'>ρᾶς</span> <span class='ocrx_word' id='word_1_160' title='bbox 520 2458 547 2508; x_wconf 94' lang='lat'>6</span> <span class='ocrx_word' id='word_1_161' title='bbox 574 2455 751 2524; x_wconf 88' lang='grc' dir='ltr'>λόγος.</span> <span class='ocrx_word' id='word_1_162' title='bbox 792 2456 1095 2526; x_wconf 86' lang='grc' dir='ltr'>Ὀνομάσας</span> <span class='ocrx_word' id='word_1_163' title='bbox 1129 2457 1237 2528; x_wconf 80' lang='grc' dir='ltr'>γὰρ</span> <span class='ocrx_word' id='word_1_164' title='bbox 1264 2458 1513 2524; x_wconf 78' lang='grc' dir='ltr'>Λίϐανον,</span> <span class='ocrx_word' id='word_1_165' title='bbox 1540 2460 1705 2530; x_wconf 81' lang='grc' dir='ltr'>ἡγουν</span> <span class='ocrx_word' id='word_1_166' title='bbox 1734 2462 1849 2530; x_wconf 82' lang='grc' dir='ltr'>ὄρει</span> <span class='ocrx_word' id='word_1_167' title='bbox 1874 2462 1973 2530; x_wconf 84' lang='grc' dir='ltr'>τὴν</span> 
     </span>
    </p>
   </div>
   <div class='ocr_carea' id='block_1_25' title="bbox 387 2544 1973 2618">
    <p class='ocr_par' dir='ltr' id='par_1_25' title="bbox 387 2544 1973 2618">
     <span class='ocr_line' id='line_1_25' title="bbox 387 2544 1973 2618; baseline 0.006 -22"><span class='ocrx_word' id='word_1_168' title='bbox 387 2544 498 2599; x_wconf 81' lang='grc' dir='ltr'>τῶν</span> <span class='ocrx_word' id='word_1_169' title='bbox 533 2545 798 2597; x_wconf 73' lang='grc' dir='ltr'>Ἰουδαίων</span> <span class='ocrx_word' id='word_1_170' title='bbox 829 2547 1011 2615; x_wconf 82' lang='grc' dir='ltr'>χώραν</span> <span class='ocrx_word' id='word_1_171' title='bbox 1040 2547 1367 2615; x_wconf 78' lang='grc' dir='ltr'>ἀπεικάσας,</span> <span class='ocrx_word' id='word_1_172' title='bbox 1392 2549 1703 2618; x_wconf 84' lang='grc' dir='ltr'>ἀναγκαίως</span> <span class='ocrx_word' id='word_1_173' title='bbox 1735 2553 1885 2605; x_wconf 78' lang='grc' dir='ltr'>πίτυϊ</span> <span class='ocrx_word' id='word_1_174' title='bbox 1915 2570 1973 2606; x_wconf 87' lang='grc' dir='ltr'>τε</span> 
     </span>
    </p>
   </div>
   <div class='ocr_carea' id='block_1_26' title="bbox 390 2636 1977 2716">
    <p class='ocr_par' dir='ltr' id='par_1_26' title="bbox 390 2636 1977 2716">
     <span class='ocr_line' id='line_1_26' title="bbox 390 2636 1977 2716; baseline 0.006 -28"><span class='ocrx_word' id='word_1_175' title='bbox 390 2638 485 2689; x_wconf 76' lang='grc' dir='ltr'>καὶ</span> <span class='ocrx_word' id='word_1_176' title='bbox 510 2636 667 2708; x_wconf 79' lang='grc' dir='ltr'>δρυσὶ</span> <span class='ocrx_word' id='word_1_177' title='bbox 692 2638 1016 2707; x_wconf 78' lang='grc' dir='ltr'>παρεικάζει</span> <span class='ocrx_word' id='word_1_178' title='bbox 1042 2640 1168 2701; x_wconf 75' lang='grc' dir='ltr'>τοὺς</span> <span class='ocrx_word' id='word_1_179' title='bbox 1200 2641 1256 2691; x_wconf 81' lang='grc' dir='ltr'>ὲν</span> <span class='ocrx_word' id='word_1_180' title='bbox 1286 2642 1445 2711; x_wconf 77' lang='grc' dir='ltr'>αὐτῇ.</span> <span class='ocrx_word' id='word_1_181' title='bbox 1474 2642 1597 2697; x_wconf 88' lang='grc' dir='ltr'>Ὅτι</span> <span class='ocrx_word' id='word_1_182' title='bbox 1631 2643 1688 2696; x_wconf 85' lang='grc' dir='ltr'>δὲ</span> <span class='ocrx_word' id='word_1_183' title='bbox 1728 2646 1859 2716; x_wconf 78' lang='grc' dir='ltr'>περὶ</span> <span class='ocrx_word' id='word_1_184' title='bbox 1884 2646 1977 2697; x_wconf 88' lang='grc' dir='ltr'>άν-</span> 
     </span>
    </p>
   </div>
   <div class='ocr_carea' id='block_1_27' title="bbox 392 2726 1979 2806">
    <p class='ocr_par' dir='ltr' id='par_1_27' title="bbox 392 2726 1979 2806">
     <span class='ocr_line' id='line_1_27' title="bbox 392 2726 1979 2806; baseline 0.007 -28"><span class='ocrx_word' id='word_1_185' title='bbox 392 2726 623 2796; x_wconf 85' lang='grc' dir='ltr'>θρώπων</span> <span class='ocrx_word' id='word_1_186' title='bbox 650 2730 678 2780; x_wconf 92' lang='lat'>6</span> <span class='ocrx_word' id='word_1_187' title='bbox 714 2728 898 2795; x_wconf 88' lang='grc' dir='ltr'>λόγος,</span> <span class='ocrx_word' id='word_1_188' title='bbox 946 2729 1326 2801; x_wconf 83' lang='grc' dir='ltr'>ἀταλαίπωρον</span> <span class='ocrx_word' id='word_1_189' title='bbox 1374 2732 1524 2786; x_wconf 83' lang='grc' dir='ltr'>ἰδεῖν.</span> <span class='ocrx_word' id='word_1_190' title='bbox 1560 2735 1703 2803; x_wconf 83' lang='grc' dir='ltr'>Ἔφη</span> <span class='ocrx_word' id='word_1_191' title='bbox 1739 2734 1849 2806; x_wconf 82' lang='grc' dir='ltr'>γάρ</span> <span class='ocrx_word' id='word_1_192' title='bbox 1890 2736 1979 2788; x_wconf 80' lang='grc' dir='ltr'>εὐ-</span> 
     </span>
    </p>
   </div>
   <div class='ocr_carea' id='block_1_28' title="bbox 392 2818 1979 2895">
    <p class='ocr_par' dir='ltr' id='par_1_28' title="bbox 392 2818 1979 2895">
     <span class='ocr_line' id='line_1_28' title="bbox 392 2818 1979 2895; baseline 0.006 -24"><span class='ocrx_word' id='word_1_193' title='bbox 392 2818 523 2884; x_wconf 70' lang='grc' dir='ltr'>θὺς,</span> <span class='ocrx_word' id='word_1_194' title='bbox 571 2820 653 2872; x_wconf 80' lang='grc' dir='ltr'>ὅτι</span> <span class='ocrx_word' id='word_1_195' title='bbox 707 2821 956 2889; x_wconf 83' lang='grc' dir='ltr'>μεγάλως</span> <span class='ocrx_word' id='word_1_196' title='bbox 997 2824 1323 2890; x_wconf 82' lang='grc' dir='ltr'>μεγιστᾶνες</span> <span class='ocrx_word' id='word_1_197' title='bbox 1359 2823 1828 2895; x_wconf 73' lang='grc' dir='ltr'>ἐταλαιπώρησαν.</span> <span class='ocrx_word' id='word_1_198' title='bbox 1868 2828 1979 2880; x_wconf 72' lang='grc' dir='ltr'>Καὶ</span> 
     </span>
    </p>
   </div>
   <div class='ocr_carea' id='block_1_29' title="bbox 392 2910 1981 2989">
    <p class='ocr_par' dir='ltr' id='par_1_29' title="bbox 392 2910 1981 2989">
     <span class='ocr_line' id='line_1_29' title="bbox 392 2910 1981 2989; baseline 0.004 -24"><span class='ocrx_word' id='word_1_199' title='bbox 392 2912 475 2975; x_wconf 82' lang='grc' dir='ltr'>τίς</span> <span class='ocrx_word' id='word_1_200' title='bbox 499 2910 564 2965; x_wconf 84' lang='grc' dir='ltr'>ἂν</span> <span class='ocrx_word' id='word_1_201' title='bbox 600 2914 772 2966; x_wconf 89' lang='grc' dir='ltr'>νοοῖτο</span> <span class='ocrx_word' id='word_1_202' title='bbox 814 2913 913 2983; x_wconf 81' lang='grc' dir='ltr'>τῆς</span> <span class='ocrx_word' id='word_1_203' title='bbox 938 2914 1318 2985; x_wconf 84' lang='grc' dir='ltr'>ταλαιπωρίας</span> <span class='ocrx_word' id='word_1_204' title='bbox 1347 2916 1376 2968; x_wconf 86' lang='grc' dir='ltr'>ό</span> <span class='ocrx_word' id='word_1_205' title='bbox 1409 2916 1629 2986; x_wconf 83' lang='grc' dir='ltr'>τρόπος,</span> <span class='ocrx_word' id='word_1_206' title='bbox 1665 2918 1981 2989; x_wconf 80' lang='grc' dir='ltr'>παρέδειξεν</span> 
     </span>
    </p>
   </div>
   <div class='ocr_carea' id='block_1_30' title="bbox 393 3002 1982 3074">
    <p class='ocr_par' dir='ltr' id='par_1_30' title="bbox 393 3002 1982 3074">
     <span class='ocr_line' id='line_1_30' title="bbox 393 3002 1982 3074; baseline 0.004 -17"><span class='ocrx_word' id='word_1_207' title='bbox 393 3002 580 3066; x_wconf 75' lang='grc' dir='ltr'>εἰπὼν,</span> <span class='ocrx_word' id='word_1_208' title='bbox 603 3004 677 3073; x_wconf 79' lang='grc' dir='ltr'>πῆ</span> <span class='ocrx_word' id='word_1_209' title='bbox 709 3005 827 3074; x_wconf 78' lang='grc' dir='ltr'>μὲν,</span> <span class='ocrx_word' id='word_1_210' title='bbox 850 3007 932 3058; x_wconf 83' lang='grc' dir='ltr'>ὅτι</span> <span class='ocrx_word' id='word_1_211' title='bbox 960 3024 977 3056; x_wconf 77' lang='grc' dir='ltr'>ι</span> <span class='ocrx_word' id='word_1_212' title='bbox 1002 3006 1333 3071; x_wconf 76' lang='grc' dir='ltr'>Ὀλολυξάτω</span> <span class='ocrx_word' id='word_1_213' title='bbox 1359 3007 1536 3072; x_wconf 87' lang='grc' dir='ltr'>πίτυς,</span> <span class='ocrx_word' id='word_1_214' title='bbox 1562 3008 1695 3060; x_wconf 85' lang='grc' dir='ltr'>διότι</span> <span class='ocrx_word' id='word_1_215' title='bbox 1723 3009 1982 3064; x_wconf 84' lang='grc' dir='ltr'>πέπτωκε</span> 
     </span>
    </p>
   </div>
   <div class='ocr_carea' id='block_1_31' title="bbox 396 3095 1985 3172">
    <p class='ocr_par' dir='ltr' id='par_1_31' title="bbox 396 3095 1985 3172">
     <span class='ocr_line' id='line_1_31' title="bbox 396 3095 1985 3172; baseline 0.006 -25"><span class='ocrx_word' id='word_1_216' title='bbox 396 3095 638 3165; x_wconf 75' lang='grc' dir='ltr'>κέδρος.»</span> <span class='ocrx_word' id='word_1_217' title='bbox 668 3097 1062 3169; x_wconf 82' lang='grc' dir='ltr'>Καταδῃούσης</span> <span class='ocrx_word' id='word_1_218' title='bbox 1091 3099 1199 3170; x_wconf 72' lang='grc' dir='ltr'>γὰρ</span> <span class='ocrx_word' id='word_1_219' title='bbox 1229 3098 1328 3168; x_wconf 81' lang='grc' dir='ltr'>τῆς</span> <span class='ocrx_word' id='word_1_220' title='bbox 1362 3100 1649 3170; x_wconf 84' lang='grc' dir='ltr'>Ῥωμαίων</span> <span class='ocrx_word' id='word_1_221' title='bbox 1678 3102 1860 3172; x_wconf 81' lang='grc' dir='ltr'>χειρὸς</span> <span class='ocrx_word' id='word_1_222' title='bbox 1886 3102 1985 3164; x_wconf 82' lang='grc' dir='ltr'>τὰς</span> 
     </span>
    </p>
   </div>
   <div class='ocr_carea' id='block_1_32' title="bbox 396 3193 1987 3265">
    <p class='ocr_par' dir='ltr' id='par_1_32' title="bbox 396 3193 1987 3265">
     <span class='ocr_line' id='line_1_32' title="bbox 396 3193 1987 3265; baseline 0.003 -20"><span class='ocrx_word' id='word_1_223' title='bbox 396 3194 455 3245; x_wconf 74' lang='grc' dir='ltr'>ἐν</span> <span class='ocrx_word' id='word_1_224' title='bbox 486 3195 551 3263; x_wconf 82' lang='grc' dir='ltr'>τῇ</span> <span class='ocrx_word' id='word_1_225' title='bbox 589 3193 817 3263; x_wconf 80' lang='grc' dir='ltr'>Ἰουδαία</span> <span class='ocrx_word' id='word_1_226' title='bbox 857 3194 1070 3259; x_wconf 87' lang='grc' dir='ltr'>πόλεις,</span> <span class='ocrx_word' id='word_1_227' title='bbox 1121 3193 1401 3245; x_wconf 78' lang='grc' dir='ltr'>συνέϐαινε</span> <span class='ocrx_word' id='word_1_228' title='bbox 1446 3194 1568 3248; x_wconf 83' lang='grc' dir='ltr'>καθ’</span> <span class='ocrx_word' id='word_1_229' title='bbox 1599 3196 1817 3265; x_wconf 78' lang='grc' dir='ltr'>ἡμέραν</span> <span class='ocrx_word' id='word_1_230' title='bbox 1860 3197 1987 3259; x_wconf 83' lang='grc' dir='ltr'>τοὺς</span> 
     </span>
    </p>
   </div>
   <div class='ocr_carea' id='block_1_33' title="bbox 396 3284 1987 3357">
    <p class='ocr_par' dir='ltr' id='par_1_33' title="bbox 396 3284 1987 3357">
     <span class='ocr_line' id='line_1_33' title="bbox 396 3284 1987 3357; baseline 0.004 -22"><span class='ocrx_word' id='word_1_231' title='bbox 396 3285 456 3336; x_wconf 77' lang='grc' dir='ltr'>ὲν</span> <span class='ocrx_word' id='word_1_232' title='bbox 488 3285 678 3348; x_wconf 84' lang='grc' dir='ltr'>αὐταῖς</span> <span class='ocrx_word' id='word_1_233' title='bbox 729 3284 1048 3345; x_wconf 75' lang='grc' dir='ltr'>ἁλίσκεσθαι</span> <span class='ocrx_word' id='word_1_234' title='bbox 1082 3284 1387 3355; x_wconf 84' lang='grc' dir='ltr'>λαμπρούς.</span> <span class='ocrx_word' id='word_1_235' title='bbox 1430 3286 1492 3338; x_wconf 93' lang='grc' dir='ltr'>Οί</span> <span class='ocrx_word' id='word_1_236' title='bbox 1529 3286 1584 3338; x_wconf 78' lang='grc' dir='ltr'>δὲ</span> <span class='ocrx_word' id='word_1_237' title='bbox 1632 3290 1797 3357; x_wconf 85' lang='grc' dir='ltr'>μήπω</span> <span class='ocrx_word' id='word_1_238' title='bbox 1828 3288 1987 3342; x_wconf 82' lang='grc' dir='ltr'>τοῦτο</span> 
     </span>
    </p>
   </div>
   <div class='ocr_carea' id='block_1_34' title="bbox 399 3375 1981 3448">
    <p class='ocr_par' dir='ltr' id='par_1_34' title="bbox 399 3375 1981 3448">
     <span class='ocr_line' id='line_1_34' title="bbox 399 3375 1981 3448; baseline 0.003 -20"><span class='ocrx_word' id='word_1_239' title='bbox 399 3375 746 3441; x_wconf 79' lang='grc' dir='ltr'>πεπονθότες,</span> <span class='ocrx_word' id='word_1_240' title='bbox 778 3376 1221 3448; x_wconf 87' lang='grc' dir='ltr'>κατωλοφύροντο</span> <span class='ocrx_word' id='word_1_241' title='bbox 1252 3378 1379 3440; x_wconf 83' lang='grc' dir='ltr'>τοὺς</span> <span class='ocrx_word' id='word_1_242' title='bbox 1404 3377 1733 3443; x_wconf 77' lang='grc' dir='ltr'>ἑαλωκότας,</span> <span class='ocrx_word' id='word_1_243' title='bbox 1765 3379 1857 3432; x_wconf 82' lang='grc' dir='ltr'>καὶ</span> <span class='ocrx_word' id='word_1_244' title='bbox 1890 3380 1981 3433; x_wconf 85' lang='grc' dir='ltr'>τὸν</span> 
     </span>
    </p>
   </div>
   <div class='ocr_carea' id='block_1_35' title="bbox 399 3468 1981 3541">
    <p class='ocr_par' dir='ltr' id='par_1_35' title="bbox 399 3468 1981 3541">
     <span class='ocr_line' id='line_1_35' title="bbox 399 3468 1981 3541; baseline 0.004 -22"><span class='ocrx_word' id='word_1_245' title='bbox 399 3468 492 3519; x_wconf 78' lang='grc' dir='ltr'>ἐπί</span> <span class='ocrx_word' id='word_1_246' title='bbox 523 3468 587 3536; x_wconf 88' lang='grc' dir='ltr'>γέ</span> <span class='ocrx_word' id='word_1_247' title='bbox 622 3484 803 3537; x_wconf 82' lang='grc' dir='ltr'>σφισιν</span> <span class='ocrx_word' id='word_1_248' title='bbox 844 3469 1027 3531; x_wconf 77' lang='grc' dir='ltr'>αὐτοῖς</span> <span class='ocrx_word' id='word_1_249' title='bbox 1066 3468 1397 3538; x_wconf 86' lang='grc' dir='ltr'>είσεδέχοντο</span> <span class='ocrx_word' id='word_1_250' title='bbox 1438 3468 1657 3539; x_wconf 83' lang='grc' dir='ltr'>θρῆνον,</span> <span class='ocrx_word' id='word_1_251' title='bbox 1689 3470 1889 3541; x_wconf 83' lang='grc' dir='ltr'>ἄθυμοι</span> <span class='ocrx_word' id='word_1_252' title='bbox 1923 3471 1981 3525; x_wconf 83' lang='grc' dir='ltr'>δὲ</span> 
     </span>
    </p>
   </div>
   <div class='ocr_carea' id='block_1_36' title="bbox 398 3555 1981 3631">
    <p class='ocr_par' dir='ltr' id='par_1_36' title="bbox 398 3555 1981 3631">
     <span class='ocr_line' id='line_1_36' title="bbox 398 3555 1981 3631; baseline 0.002 -19"><span class='ocrx_word' id='word_1_253' title='bbox 398 3555 538 3629; x_wconf 74' lang='grc' dir='ltr'>ἦσαν</span> <span class='ocrx_word' id='word_1_254' title='bbox 566 3560 661 3613; x_wconf 78' lang='grc' dir='ltr'>καὶ</span> <span class='ocrx_word' id='word_1_255' title='bbox 694 3560 984 3631; x_wconf 81' lang='grc' dir='ltr'>περιδεεῖς,</span> <span class='ocrx_word' id='word_1_256' title='bbox 1028 3561 1104 3624; x_wconf 80' lang='grc' dir='ltr'>ὡς</span> <span class='ocrx_word' id='word_1_257' title='bbox 1136 3561 1332 3614; x_wconf 77' lang='grc' dir='ltr'>αὐτίκα</span> <span class='ocrx_word' id='word_1_258' title='bbox 1362 3559 1425 3631; x_wconf 86' lang='grc' dir='ltr'>δὴ</span> <span class='ocrx_word' id='word_1_259' title='bbox 1477 3559 1620 3631; x_wconf 84' lang='grc' dir='ltr'>μάλα</span> <span class='ocrx_word' id='word_1_260' title='bbox 1657 3561 1818 3615; x_wconf 84' lang='grc' dir='ltr'>τοῦτο</span> <span class='ocrx_word' id='word_1_261' title='bbox 1849 3563 1981 3615; x_wconf 78' lang='grc' dir='ltr'>αὐτὸ</span> 
     </span>
    </p>
   </div>
   <div class='ocr_carea' id='block_1_37' title="bbox 401 3644 1983 3719">
    <p class='ocr_par' dir='ltr' id='par_1_37' title="bbox 401 3644 1983 3719">
     <span class='ocr_line' id='line_1_37' title="bbox 401 3644 1983 3719; baseline 0.001 -18"><span class='ocrx_word' id='word_1_262' title='bbox 401 3649 713 3719; x_wconf 78' lang='grc' dir='ltr'>πεισόμενοι</span> <span class='ocrx_word' id='word_1_263' title='bbox 740 3648 837 3702; x_wconf 56' lang='grc' dir='ltr'>καί⁵</span> <span class='ocrx_word' id='word_1_264' title='bbox 861 3648 1034 3702; x_wconf 81' lang='grc' dir='ltr'>αὐτοί.</span> <span class='ocrx_word' id='word_1_265' title='bbox 1062 3649 1232 3702; x_wconf 85' lang='grc' dir='ltr'>Τοῦτο</span> <span class='ocrx_word' id='word_1_266' title='bbox 1258 3644 1413 3719; x_wconf 71' lang='grc' dir='ltr'>οἶμαι</span> <span class='ocrx_word' id='word_1_267' title='bbox 1448 3646 1749 3718; x_wconf 80' lang='grc' dir='ltr'>δηλοῦντὸ,</span> <span class='ocrx_word' id='word_1_268' title='bbox 1780 3667 1798 3699; x_wconf 73' lang='grc' dir='ltr'>ι</span> <span class='ocrx_word' id='word_1_269' title='bbox 1838 3648 1983 3702; x_wconf 86' lang='grc' dir='ltr'>Ὀλο-</span> 
     </span>
    </p>
   </div>
   <div class='ocr_carea' id='block_1_38' title="bbox 402 3739 1983 3813">
    <p class='ocr_par' dir='ltr' id='par_1_38' title="bbox 402 3739 1983 3813">
     <span class='ocr_line' id='line_1_38' title="bbox 402 3739 1983 3813; baseline -0.001 -19"><span class='ocrx_word' id='word_1_270' title='bbox 402 3741 613 3808; x_wconf 78' lang='grc' dir='ltr'>λυξάτω</span> <span class='ocrx_word' id='word_1_271' title='bbox 653 3742 841 3805; x_wconf 80' lang='grc' dir='ltr'>πίτυς,</span> <span class='ocrx_word' id='word_1_272' title='bbox 870 3742 950 3794; x_wconf 85' lang='grc' dir='ltr'>ὅτι</span> <span class='ocrx_word' id='word_1_273' title='bbox 986 3741 1244 3795; x_wconf 84' lang='grc' dir='ltr'>πέπτωκε</span> <span class='ocrx_word' id='word_1_274' title='bbox 1277 3741 1530 3811; x_wconf 74' lang='grc' dir='ltr'>κέδρος.»</span> <span class='ocrx_word' id='word_1_275' title='bbox 1562 3739 1738 3810; x_wconf 89' lang='grc' dir='ltr'>Δρύας</span> <span class='ocrx_word' id='word_1_276' title='bbox 1776 3757 1840 3809; x_wconf 88' lang='grc' dir='ltr'>γε</span> <span class='ocrx_word' id='word_1_277' title='bbox 1877 3740 1983 3813; x_wconf 77' lang='grc' dir='ltr'>μὴν</span> 
     </span>
    </p>
   </div>
   <div class='ocr_carea' id='block_1_39' title="bbox 403 3832 1986 3903">
    <p class='ocr_par' dir='ltr' id='par_1_39' title="bbox 403 3832 1986 3903">
     <span class='ocr_line' id='line_1_39' title="bbox 403 3832 1986 3903; baseline 0 -18"><span class='ocrx_word' id='word_1_278' title='bbox 403 3833 754 3895; x_wconf 81' lang='grc' dir='ltr'>Βασανίτιδος</span> <span class='ocrx_word' id='word_1_279' title='bbox 804 3834 945 3903; x_wconf 86' lang='grc' dir='ltr'>τάχα</span> <span class='ocrx_word' id='word_1_280' title='bbox 998 3850 1103 3886; x_wconf 86' lang='grc' dir='ltr'>που</span> <span class='ocrx_word' id='word_1_281' title='bbox 1151 3834 1279 3896; x_wconf 82' lang='grc' dir='ltr'>τοὺς</span> <span class='ocrx_word' id='word_1_282' title='bbox 1325 3834 1383 3886; x_wconf 81' lang='grc' dir='ltr'>ἐν</span> <span class='ocrx_word' id='word_1_283' title='bbox 1438 3834 1549 3895; x_wconf 85' lang='grc' dir='ltr'>τοῖς</span> <span class='ocrx_word' id='word_1_284' title='bbox 1592 3832 1986 3903; x_wconf 86' lang='grc' dir='ltr'>Ἰεροσολύμοις</span> 
     </span>
    </p>
   </div>
   <div class='ocr_carea' id='block_1_40' title="bbox 403 3925 1985 3996">
    <p class='ocr_par' dir='ltr' id='par_1_40' title="bbox 403 3925 1985 3996">
     <span class='ocr_line' id='line_1_40' title="bbox 403 3925 1985 3996; baseline -0.001 -18"><span class='ocrx_word' id='word_1_285' title='bbox 403 3926 687 3979; x_wconf 85' lang='grc' dir='ltr'>ἀποκαλεῖ.</span> <span class='ocrx_word' id='word_1_286' title='bbox 713 3927 1003 3988; x_wconf 85' lang='grc' dir='ltr'>Βασανῖτις</span> <span class='ocrx_word' id='word_1_287' title='bbox 1026 3928 1123 3996; x_wconf 84' lang='grc' dir='ltr'>μὲν</span> <span class='ocrx_word' id='word_1_288' title='bbox 1154 3926 1262 3996; x_wconf 83' lang='grc' dir='ltr'>γὰρ</span> <span class='ocrx_word' id='word_1_289' title='bbox 1286 3925 1484 3996; x_wconf 87' lang='grc' dir='ltr'>χωρίον</span> <span class='ocrx_word' id='word_1_290' title='bbox 1505 3925 1653 3977; x_wconf 72' lang='grc' dir='ltr'>ἐστὶν</span> <span class='ocrx_word' id='word_1_291' title='bbox 1678 3927 1734 3977; x_wconf 83' lang='grc' dir='ltr'>ὲν</span> <span class='ocrx_word' id='word_1_292' title='bbox 1760 3927 1824 3994; x_wconf 80' lang='grc' dir='ltr'>τῇ</span> <span class='ocrx_word' id='word_1_293' title='bbox 1864 3926 1985 3977; x_wconf 84' lang='grc' dir='ltr'>Ἰου-</span> 
     </span>
    </p>
   </div>
   <div class='ocr_carea' id='block_1_41' title="bbox 402 4016 1986 4090">
    <p class='ocr_par' dir='ltr' id='par_1_41' title="bbox 402 4016 1986 4090">
     <span class='ocr_line' id='line_1_41' title="bbox 402 4016 1986 4090; baseline -0.001 -19"><span class='ocrx_word' id='word_1_294' title='bbox 402 4019 547 4090; x_wconf 80' lang='grc' dir='ltr'>δαίᾳ,</span> <span class='ocrx_word' id='word_1_295' title='bbox 572 4017 791 4086; x_wconf 75' lang='grc' dir='ltr'>εὔγειόν,</span> <span class='ocrx_word' id='word_1_296' title='bbox 810 4036 873 4071; x_wconf 88' lang='grc' dir='ltr'>τε</span> <span class='ocrx_word' id='word_1_297' title='bbox 900 4019 991 4071; x_wconf 86' lang='grc' dir='ltr'>καὶ</span> <span class='ocrx_word' id='word_1_298' title='bbox 1030 4018 1490 4089; x_wconf 86' lang='grc' dir='ltr'>παμφορώτατον,</span> <span class='ocrx_word' id='word_1_299' title='bbox 1522 4018 1617 4071; x_wconf 79' lang='grc' dir='ltr'>καὶ</span> <span class='ocrx_word' id='word_1_300' title='bbox 1656 4016 1835 4087; x_wconf 69' lang='grc' dir='ltr'>ὑψηλά</span> <span class='ocrx_word' id='word_1_301' title='bbox 1866 4016 1986 4069; x_wconf 88' lang='grc' dir='ltr'>λίαν</span> 
     </span>
    </p>
   </div>
   <div class='ocr_carea' id='block_1_42' title="bbox 406 4104 1986 4181">
    <p class='ocr_par' dir='ltr' id='par_1_42' title="bbox 406 4104 1986 4181">
     <span class='ocr_line' id='line_1_42' title="bbox 406 4104 1986 4181; baseline -0.001 -20"><span class='ocrx_word' id='word_1_302' title='bbox 406 4109 668 4179; x_wconf 75' lang='grc' dir='ltr'>ἐκτρέφον</span> <span class='ocrx_word' id='word_1_303' title='bbox 704 4108 773 4161; x_wconf 76' lang='grc' dir='ltr'>τὰ</span> <span class='ocrx_word' id='word_1_304' title='bbox 805 4109 1017 4181; x_wconf 87' lang='grc' dir='ltr'>δένδρα.</span> <span class='ocrx_word' id='word_1_305' title='bbox 1056 4109 1274 4179; x_wconf 83' lang='grc' dir='ltr'>Ἐπειδὴ</span> <span class='ocrx_word' id='word_1_306' title='bbox 1306 4108 1363 4161; x_wconf 79' lang='grc' dir='ltr'>δὲ</span> <span class='ocrx_word' id='word_1_307' title='bbox 1392 4107 1501 4161; x_wconf 82' lang='grc' dir='ltr'>τῶν</span> <span class='ocrx_word' id='word_1_308' title='bbox 1534 4108 1708 4162; x_wconf 85' lang='grc' dir='ltr'>ἄλλων</span> <span class='ocrx_word' id='word_1_309' title='bbox 1750 4104 1891 4179; x_wconf 75' lang='grc' dir='ltr'>ἦσαν</span> <span class='ocrx_word' id='word_1_310' title='bbox 1928 4109 1986 4160; x_wconf 82' lang='grc' dir='ltr'>ὲν</span> 
     </span>
    </p>
   </div>
   <div class='ocr_carea' id='block_1_43' title="bbox 406 4202 1986 4273">
    <p class='ocr_par' dir='ltr' id='par_1_43' title="bbox 406 4202 1986 4273">
     <span class='ocr_line' id='line_1_43' title="bbox 406 4202 1986 4273; baseline 0.001 -20"><span class='ocrx_word' id='word_1_311' title='bbox 406 4204 517 4265; x_wconf 81' lang='grc' dir='ltr'>τοῖς</span> <span class='ocrx_word' id='word_1_312' title='bbox 551 4202 811 4273; x_wconf 85' lang='grc' dir='ltr'>Ἰεροσολύ</span> <span class='ocrx_word' id='word_1_313' title='bbox 821 4220 941 4272; x_wconf 86' lang='grc' dir='ltr'>μοις</span> <span class='ocrx_word' id='word_1_314' title='bbox 970 4202 1244 4273; x_wconf 83' lang='grc' dir='ltr'>ἀμείνους,</span> <span class='ocrx_word' id='word_1_315' title='bbox 1275 4202 1454 4272; x_wconf 77' lang='grc' dir='ltr'>ἱερέας</span> <span class='ocrx_word' id='word_1_316' title='bbox 1482 4202 1539 4255; x_wconf 83' lang='grc' dir='ltr'>δέ</span> <span class='ocrx_word' id='word_1_317' title='bbox 1566 4219 1708 4272; x_wconf 82' lang='grc' dir='ltr'>φημι</span> <span class='ocrx_word' id='word_1_318' title='bbox 1741 4202 1835 4255; x_wconf 74' lang='grc' dir='ltr'>κα).</span> <span class='ocrx_word' id='word_1_319' title='bbox 1862 4202 1986 4265; x_wconf 79' lang='grc' dir='ltr'>τοὺς</span> 
     </span>
    </p>
   </div>
   <div class='ocr_carea' id='block_1_44' title="bbox 408 4291 1988 4363">
    <p class='ocr_par' dir='ltr' id='par_1_44' title="bbox 408 4291 1988 4363">
     <span class='ocr_line' id='line_1_44' title="bbox 408 4291 1988 4363; baseline -0.001 -19"><span class='ocrx_word' id='word_1_320' title='bbox 408 4291 513 4344; x_wconf 80' lang='grc' dir='ltr'>τῶν</span> <span class='ocrx_word' id='word_1_321' title='bbox 541 4292 684 4345; x_wconf 85' lang='grc' dir='ltr'>λαῶν</span> <span class='ocrx_word' id='word_1_322' title='bbox 713 4292 1069 4363; x_wconf 77' lang='grc' dir='ltr'>ἡγουμένους,</span> <span class='ocrx_word' id='word_1_323' title='bbox 1099 4292 1441 4354; x_wconf 87' lang='grc' dir='ltr'>Βασανίτιδος</span> <span class='ocrx_word' id='word_1_324' title='bbox 1470 4292 1663 4355; x_wconf 82' lang='grc' dir='ltr'>αὐτοὺς</span> <span class='ocrx_word' id='word_1_325' title='bbox 1687 4291 1988 4344; x_wconf 83' lang='grc' dir='ltr'>ἀπεκάλεσε</span> 
     </span>
    </p>
   </div>
   <div class='ocr_carea' id='block_1_45' title="bbox 408 4382 1989 4455">
    <p class='ocr_par' dir='ltr' id='par_1_45' title="bbox 408 4382 1989 4455">
     <span class='ocr_line' id='line_1_45' title="bbox 408 4382 1989 4455; baseline -0.001 -19"><span class='ocrx_word' id='word_1_326' title='bbox 408 4384 576 4454; x_wconf 85' lang='grc' dir='ltr'>δρύας</span> <span class='ocrx_word' id='word_1_327' title='bbox 596 4424 610 4447; x_wconf 91' lang='grc'>,</span> <span class='ocrx_word' id='word_1_328' title='bbox 651 4386 701 4437; x_wconf 82' lang='grc' dir='ltr'>οἳ</span> <span class='ocrx_word' id='word_1_329' title='bbox 741 4386 805 4454; x_wconf 83' lang='grc' dir='ltr'>δὴ</span> <span class='ocrx_word' id='word_1_330' title='bbox 839 4385 935 4437; x_wconf 73' lang='grc' dir='ltr'>καὶ</span> <span class='ocrx_word' id='word_1_331' title='bbox 967 4384 1366 4455; x_wconf 83' lang='grc' dir='ltr'>τεθρηνήκασιν</span> <span class='ocrx_word' id='word_1_332' title='bbox 1396 4383 1642 4448; x_wconf 76' lang='grc' dir='ltr'>εἰκότως,</span> <span class='ocrx_word' id='word_1_333' title='bbox 1691 4382 1781 4436; x_wconf 87' lang='grc' dir='ltr'>διά</span> <span class='ocrx_word' id='word_1_334' title='bbox 1812 4399 1893 4435; x_wconf 88' lang='grc' dir='ltr'>τοι</span> <span class='ocrx_word' id='word_1_335' title='bbox 1926 4383 1989 4434; x_wconf 88' lang='grc' dir='ltr'>τὸ</span> 
     </span>
    </p>
   </div>
   <div class='ocr_carea' id='block_1_46' title="bbox 410 4471 1991 4543">
    <p class='ocr_par' dir='ltr' id='par_1_46' title="bbox 410 4471 1991 4543">
     <span class='ocr_line' id='line_1_46' title="bbox 410 4471 1991 4543; baseline 0.003 -21"><span class='ocrx_word' id='word_1_336' title='bbox 410 4471 860 4542; x_wconf 78' lang='grc' dir='ltr'>κατασπασθῆναι</span> <span class='ocrx_word' id='word_1_337' title='bbox 894 4472 985 4526; x_wconf 74' lang='grc' dir='ltr'>τὸν</span> <span class='ocrx_word' id='word_1_338' title='bbox 1016 4472 1218 4543; x_wconf 68' lang='grc' dir='ltr'>δρυμὸν</span> <span class='ocrx_word' id='word_1_339' title='bbox 1251 4473 1342 4525; x_wconf 85' lang='grc' dir='ltr'>τὸν</span> <span class='ocrx_word' id='word_1_340' title='bbox 1383 4472 1684 4542; x_wconf 87' lang='grc' dir='ltr'>σύμφυτον.</span> <span class='ocrx_word' id='word_1_341' title='bbox 1723 4472 1991 4543; x_wconf 82' lang='grc' dir='ltr'>Ἐμάνθα-</span> 
     </span>
    </p>
   </div>
   <div class='ocr_carea' id='block_1_47' title="bbox 410 4549 1990 4636">
    <p class='ocr_par' dir='ltr' id='par_1_47' title="bbox 410 4549 1990 4636">
     <span class='ocr_line' id='line_1_47' title="bbox 410 4549 1990 4636; baseline 0.001 -19"><span class='ocrx_word' id='word_1_342' title='bbox 410 4581 498 4617; x_wconf 85' lang='grc' dir='ltr'>νον</span> <span class='ocrx_word' id='word_1_343' title='bbox 528 4564 634 4635; x_wconf 79' lang='grc' dir='ltr'>γάρ</span> <span class='ocrx_word' id='word_1_344' title='bbox 661 4566 742 4618; x_wconf 88' lang='grc' dir='ltr'>ὄτι</span> <span class='ocrx_word' id='word_1_345' title='bbox 766 4564 874 4618; x_wconf 84' lang='grc' dir='ltr'>τῶν</span> <span class='ocrx_word' id='word_1_346' title='bbox 900 4549 1003 4621; x_wconf 81' lang='grc' dir='ltr'>ἀνά</span> <span class='ocrx_word' id='word_1_347' title='bbox 1031 4566 1210 4617; x_wconf 79' lang='grc' dir='ltr'>πᾶσαν</span> <span class='ocrx_word' id='word_1_348' title='bbox 1232 4563 1329 4635; x_wconf 81' lang='grc' dir='ltr'>τὴν</span> <span class='ocrx_word' id='word_1_349' title='bbox 1357 4562 1538 4635; x_wconf 85' lang='grc' dir='ltr'>χώραν</span> <span class='ocrx_word' id='word_1_350' title='bbox 1564 4557 1652 4621; x_wconf 74' lang='grc' dir='ltr'>οἷά</span> <span class='ocrx_word' id='word_1_351' title='bbox 1678 4581 1760 4627; x_wconf 82' lang='grc' dir='ltr'>τις</span> <span class='ocrx_word' id='word_1_352' title='bbox 1788 4564 1990 4636; x_wconf 84' lang='grc' dir='ltr'>δρυμὸς</span> 
     </span>
    </p>
   </div>
   <div class='ocr_carea' id='block_1_48' title="bbox 411 4650 1988 4729">
    <p class='ocr_par' dir='ltr' id='par_1_48' title="bbox 411 4650 1988 4729">
     <span class='ocr_line' id='line_1_48' title="bbox 411 4650 1988 4729; baseline 0.001 -22"><span class='ocrx_word' id='word_1_353' title='bbox 411 4655 448 4723; x_wconf 78' lang='grc' dir='ltr'>ἡ</span> <span class='ocrx_word' id='word_1_354' title='bbox 489 4654 695 4724; x_wconf 71' lang='grc' dir='ltr'>πληθὺς</span> <span class='ocrx_word' id='word_1_355' title='bbox 723 4654 1106 4725; x_wconf 81' lang='grc' dir='ltr'>δεδαπάνηται,</span> <span class='ocrx_word' id='word_1_356' title='bbox 1147 4650 1258 4715; x_wconf 76' lang='grc' dir='ltr'>οἷον</span> <span class='ocrx_word' id='word_1_357' title='bbox 1294 4655 1577 4709; x_wconf 87' lang='grc' dir='ltr'>πελέκεσιν</span> <span class='ocrx_word' id='word_1_358' title='bbox 1608 4656 1988 4729; x_wconf 85' lang='grc' dir='ltr'>ὲκκοπτομένη</span> 
     </span>
    </p>
   </div>
   <div class='ocr_carea' id='block_1_49' title="bbox 2067 712 3628 784">
    <p class='ocr_par' dir='ltr' id='par_1_49' title="bbox 2067 712 3628 784">
     <span class='ocr_line' id='line_1_49' title="bbox 2067 712 3628 784; baseline 0.002 -19"><span class='ocrx_word' id='word_1_359' title='bbox 2067 728 2229 781; x_wconf 85' lang='lat' dir='ltr'><strong>quam</strong></span> <span class='ocrx_word' id='word_1_360' title='bbox 2262 722 2443 768; x_wconf 86' lang='lat' dir='ltr'><strong>autem</strong></span> <span class='ocrx_word' id='word_1_361' title='bbox 2468 713 2741 767; x_wconf 80' lang='lat' dir='ltr'>Christum</span> <span class='ocrx_word' id='word_1_362' title='bbox 2767 714 2932 784; x_wconf 82' lang='lat' dir='ltr'>impie</span> <span class='ocrx_word' id='word_1_363' title='bbox 2954 714 3257 768; x_wconf 84' lang='lat' dir='ltr'><strong>habuerunt</strong></span> <span class='ocrx_word' id='word_1_364' title='bbox 3281 730 3296 767; x_wconf 90' lang='lat'><strong>:</strong></span> <span class='ocrx_word' id='word_1_365' title='bbox 3318 730 3339 765; x_wconf 74' lang='grc' dir='ltr'>ι</span> <span class='ocrx_word' id='word_1_366' title='bbox 3375 712 3628 768; x_wconf 80' lang='lat' dir='ltr'><strong>Tulerun&#39;</strong></span> 
     </span>
    </p>
   </div>
   <div class='ocr_carea' id='block_1_50' title="bbox 2066 804 3625 875">
    <p class='ocr_par' dir='ltr' id='par_1_50' title="bbox 2066 804 3625 875">
     <span class='ocr_line' id='line_1_50' title="bbox 2066 804 3625 875; baseline -0.003 -17"><span class='ocrx_word' id='word_1_367' title='bbox 2066 806 2210 858; x_wconf 90' lang='lat' dir='ltr'><strong>enim</strong></span> <span class='ocrx_word' id='word_1_368' title='bbox 2262 805 2471 861; x_wconf 81' lang='lat' dir='ltr'>clavem</span> <span class='ocrx_word' id='word_1_369' title='bbox 2523 804 2785 870; x_wconf 69' lang='lat' dir='ltr'><strong>scientiae,</strong></span> <span class='ocrx_word' id='word_1_370' title='bbox 2834 814 2889 859; x_wconf 91' lang='lat' dir='ltr'>et</span> <span class='ocrx_word' id='word_1_371' title='bbox 2940 820 3113 875; x_wconf 85' lang='lat' dir='ltr'><strong>neque</strong></span> <span class='ocrx_word' id='word_1_372' title='bbox 3153 805 3255 874; x_wconf 85' lang='lat' dir='ltr'>ipsi</span> <span class='ocrx_word' id='word_1_373' title='bbox 3289 804 3625 860; x_wconf 87' lang='lat' dir='ltr'><strong>introierunt.</strong></span> 
     </span>
    </p>
   </div>
   <div class='ocr_carea' id='block_1_51' title="bbox 2066 896 3629 967">
    <p class='ocr_par' dir='ltr' id='par_1_51' title="bbox 2066 896 3629 967">
     <span class='ocr_line' id='line_1_51' title="bbox 2066 896 3629 967; baseline 0.001 -19"><span class='ocrx_word' id='word_1_374' title='bbox 2066 911 2241 965; x_wconf 86' lang='lat' dir='ltr'><strong>neque</strong></span> <span class='ocrx_word' id='word_1_375' title='bbox 2270 897 2475 965; x_wconf 76' lang='lat' dir='ltr'><strong>ingredi</strong></span> <span class='ocrx_word' id='word_1_376' title='bbox 2511 898 2752 951; x_wconf 85' lang='lat' dir='ltr'><strong>volentes</strong></span> <span class='ocrx_word' id='word_1_377' title='bbox 2788 897 3153 967; x_wconf 71' lang='lat' dir='ltr'>permiserunt</span> <span class='ocrx_word' id='word_1_378' title='bbox 3176 898 3243 963; x_wconf 73' lang='lat'>‘°,</span> <span class='ocrx_word' id='word_1_379' title='bbox 3275 916 3295 948; x_wconf 73' lang='grc' dir='ltr'>ι</span> <span class='ocrx_word' id='word_1_380' title='bbox 3329 907 3385 953; x_wconf 90' lang='lat' dir='ltr'>et</span> <span class='ocrx_word' id='word_1_381' title='bbox 3414 896 3629 950; x_wconf 76' lang='lat' dir='ltr'><strong>tandem</strong></span> 
     </span>
    </p>
   </div>
   <div class='ocr_carea' id='block_1_52' title="bbox 2065 988 3630 1058">
    <p class='ocr_par' dir='ltr' id='par_1_52' title="bbox 2065 988 3630 1058">
     <span class='ocr_line' id='line_1_52' title="bbox 2065 988 3630 1058; baseline -0.001 -18"><span class='ocrx_word' id='word_1_382' title='bbox 2065 988 2491 1054; x_wconf 78' lang='lat' dir='ltr'><strong>cruciﬁxernnt,</strong></span> <span class='ocrx_word' id='word_1_383' title='bbox 2554 990 2806 1058; x_wconf 84' lang='lat' dir='ltr'>quamvis</span> <span class='ocrx_word' id='word_1_384' title='bbox 2862 990 3069 1043; x_wconf 90' lang='lat' dir='ltr'><strong>scirent</strong></span> <span class='ocrx_word' id='word_1_385' title='bbox 3126 988 3301 1058; x_wconf 89' lang='lat' dir='ltr'><strong>ipsum</strong></span> <span class='ocrx_word' id='word_1_386' title='bbox 3361 988 3630 1043; x_wconf 64' lang='lat' dir='ltr'><strong>baeredeni</strong></span> 
     </span>
    </p>
   </div>
   <div class='ocr_carea' id='block_1_53' title="bbox 2064 1080 3614 1150">
    <p class='ocr_par' dir='ltr' id='par_1_53' title="bbox 2064 1080 3614 1150">
     <span class='ocr_line' id='line_1_53' title="bbox 2064 1080 3614 1150; baseline -0.001 -16"><span class='ocrx_word' id='word_1_387' title='bbox 2064 1095 2187 1135; x_wconf 90' lang='lat' dir='ltr'><strong>esse</strong></span> <span class='ocrx_word' id='word_1_388' title='bbox 2210 1080 2293 1150; x_wconf 68' lang='lat'>“;</span> <span class='ocrx_word' id='word_1_389' title='bbox 2330 1082 2530 1136; x_wconf 90' lang='lat' dir='ltr'><strong>idcirco</strong></span> <span class='ocrx_word' id='word_1_390' title='bbox 2557 1081 2680 1149; x_wconf 87' lang='lat' dir='ltr'><strong>jure</strong></span> <span class='ocrx_word' id='word_1_391' title='bbox 2721 1081 2961 1135; x_wconf 78' lang='lat' dir='ltr'><strong>funditus</strong></span> <span class='ocrx_word' id='word_1_392' title='bbox 2987 1096 3109 1135; x_wconf 90' lang='lat' dir='ltr'>cum</span> <span class='ocrx_word' id='word_1_393' title='bbox 3146 1081 3420 1143; x_wconf 77' lang='lat' dir='ltr'>domibus,</span> <span class='ocrx_word' id='word_1_394' title='bbox 3452 1090 3509 1135; x_wconf 89' lang='lat' dir='ltr'>et</span> <span class='ocrx_word' id='word_1_395' title='bbox 3545 1094 3614 1134; x_wconf 87' lang='lat' dir='ltr'>ur</span> 
     </span>
    </p>
   </div>
   <div class='ocr_carea' id='block_1_54' title="bbox 2066 1171 3633 1243">
    <p class='ocr_par' dir='ltr' id='par_1_54' title="bbox 2066 1171 3633 1243">
     <span class='ocr_line' id='line_1_54' title="bbox 2066 1171 3633 1243; baseline -0.002 -16"><span class='ocrx_word' id='word_1_396' title='bbox 2066 1173 2248 1239; x_wconf 90' lang='lat' dir='ltr'><strong>bibus,</strong></span> <span class='ocrx_word' id='word_1_397' title='bbox 2282 1183 2338 1226; x_wconf 92' lang='lat' dir='ltr'>et</span> <span class='ocrx_word' id='word_1_398' title='bbox 2378 1174 2637 1230; x_wconf 77' lang='lat' dir='ltr'>uxoribus</span> <span class='ocrx_word' id='word_1_399' title='bbox 2675 1184 2839 1243; x_wconf 90' lang='lat' dir='ltr'><strong>atque</strong></span> <span class='ocrx_word' id='word_1_400' title='bbox 2874 1174 3061 1228; x_wconf 86' lang='lat' dir='ltr'><strong>liberis</strong></span> <span class='ocrx_word' id='word_1_401' title='bbox 3089 1173 3429 1227; x_wconf 85' lang='lat' dir='ltr'><strong>interierunt.</strong></span> <span class='ocrx_word' id='word_1_402' title='bbox 3459 1171 3633 1238; x_wconf 68' lang='lat' dir='ltr'><strong>Quare</strong></span> 
     </span>
    </p>
   </div>
   <div class='ocr_carea' id='block_1_55' title="bbox 2066 1263 3616 1337">
    <p class='ocr_par' dir='ltr' id='par_1_55' title="bbox 2066 1263 3616 1337">
     <span class='ocr_line' id='line_1_55' title="bbox 2066 1263 3616 1337; baseline -0.004 -16"><span class='ocrx_word' id='word_1_403' title='bbox 2066 1267 2166 1322; x_wconf 89' lang='lat' dir='ltr'>sub</span> <span class='ocrx_word' id='word_1_404' title='bbox 2194 1267 2479 1337; x_wconf 68' lang='lat' dir='ltr'><strong>aenigmate</strong></span> <span class='ocrx_word' id='word_1_405' title='bbox 2502 1266 2690 1322; x_wconf 82' lang='lat' dir='ltr'><strong>Libani</strong></span> <span class='ocrx_word' id='word_1_406' title='bbox 2722 1267 2939 1321; x_wconf 89' lang='lat' dir='ltr'><strong>nomine</strong></span> <span class='ocrx_word' id='word_1_407' title='bbox 2961 1263 3225 1329; x_wconf 65' lang='lat' dir='ltr'><strong>Judaeum,</strong></span> <span class='ocrx_word' id='word_1_408' title='bbox 3261 1274 3319 1318; x_wconf 88' lang='lat' dir='ltr'>ut</span> <span class='ocrx_word' id='word_1_409' title='bbox 3342 1264 3473 1325; x_wconf 76' lang='lat' dir='ltr'><strong>disi,</strong></span> <span class='ocrx_word' id='word_1_410' title='bbox 3509 1278 3616 1319; x_wconf 83' lang='lat' dir='ltr'>nun</span> 
     </span>
    </p>
   </div>
   <div class='ocr_carea' id='block_1_56' title="bbox 2066 1355 3635 1428">
    <p class='ocr_par' dir='ltr' id='par_1_56' title="bbox 2066 1355 3635 1428">
     <span class='ocr_line' id='line_1_56' title="bbox 2066 1355 3635 1428; baseline -0.003 -15"><span class='ocrx_word' id='word_1_411' title='bbox 2066 1367 2228 1428; x_wconf 83' lang='lat' dir='ltr'><strong>cupat</strong></span> <span class='ocrx_word' id='word_1_412' title='bbox 2258 1379 2271 1414; x_wconf 87' lang='lat'><strong>:</strong></span> <span class='ocrx_word' id='word_1_413' title='bbox 2304 1374 2427 1414; x_wconf 91' lang='lat' dir='ltr'>cum</span> <span class='ocrx_word' id='word_1_414' title='bbox 2458 1358 2743 1414; x_wconf 81' lang='lat' dir='ltr'><strong>arboribus</strong></span> <span class='ocrx_word' id='word_1_415' title='bbox 2781 1366 2962 1412; x_wconf 87' lang='lat' dir='ltr'><strong>autem</strong></span> <span class='ocrx_word' id='word_1_416' title='bbox 2999 1355 3318 1412; x_wconf 82' lang='lat' dir='ltr'><strong>celsissimis</strong></span> <span class='ocrx_word' id='word_1_417' title='bbox 3364 1355 3635 1425; x_wconf 86' lang='lat' dir='ltr'><strong>primores</strong></span> 
     </span>
    </p>
   </div>
   <div class='ocr_carea' id='block_1_57' title="bbox 2065 1448 3640 1521">
    <p class='ocr_par' dir='ltr' id='par_1_57' title="bbox 2065 1448 3640 1521">
     <span class='ocr_line' id='line_1_57' title="bbox 2065 1448 3640 1521; baseline -0.003 -16"><span class='ocrx_word' id='word_1_418' title='bbox 2065 1459 2122 1505; x_wconf 86' lang='lat' dir='ltr'>et</span> <span class='ocrx_word' id='word_1_419' title='bbox 2151 1465 2403 1521; x_wconf 85' lang='lat' dir='ltr'><strong>proceres</strong></span> <span class='ocrx_word' id='word_1_420' title='bbox 2429 1450 2548 1521; x_wconf 78' lang='lat' dir='ltr'><strong>ejus</strong></span> <span class='ocrx_word' id='word_1_421' title='bbox 2580 1449 2811 1516; x_wconf 78' lang='lat' dir='ltr'><strong>confert,</strong></span> <span class='ocrx_word' id='word_1_422' title='bbox 2841 1458 2900 1505; x_wconf 84' lang='lat' dir='ltr'>ut</span> <span class='ocrx_word' id='word_1_423' title='bbox 2951 1449 3162 1504; x_wconf 70' lang='lat' dir='ltr'><strong>caeteris</strong></span> <span class='ocrx_word' id='word_1_424' title='bbox 3202 1448 3545 1505; x_wconf 88' lang='lat' dir='ltr'><strong>sublimiores</strong></span> <span class='ocrx_word' id='word_1_425' title='bbox 3583 1456 3640 1502; x_wconf 85' lang='lat' dir='ltr'>et</span> 
     </span>
    </p>
   </div>
   <div class='ocr_carea' id='block_1_58' title="bbox 2067 1535 3637 1610">
    <p class='ocr_par' dir='ltr' id='par_1_58' title="bbox 2067 1535 3637 1610">
     <span class='ocr_line' id='line_1_58' title="bbox 2067 1535 3637 1610; baseline -0.002 -15"><span class='ocrx_word' id='word_1_426' title='bbox 2067 1556 2325 1610; x_wconf 82' lang='lat' dir='ltr'><strong>perquam</strong></span> <span class='ocrx_word' id='word_1_427' title='bbox 2351 1542 2670 1596; x_wconf 85' lang='lat' dir='ltr'><strong>eminentes.</strong></span> <span class='ocrx_word' id='word_1_428' title='bbox 2695 1540 3000 1595; x_wconf 86' lang='lat' dir='ltr'><strong>Perituram</strong></span> <span class='ocrx_word' id='word_1_429' title='bbox 3025 1549 3208 1593; x_wconf 88' lang='lat' dir='ltr'><strong>autem</strong></span> <span class='ocrx_word' id='word_1_430' title='bbox 3232 1538 3424 1591; x_wconf 87' lang='lat' dir='ltr'><strong>urbem</strong></span> <span class='ocrx_word' id='word_1_431' title='bbox 3454 1535 3637 1600; x_wconf 80' lang='lat' dir='ltr'><strong>facile.</strong></span> 
     </span>
    </p>
   </div>
   <div class='ocr_carea' id='block_1_59' title="bbox 2068 1627 3725 1698">
    <p class='ocr_par' dir='ltr' id='par_1_59' title="bbox 2068 1627 3725 1698">
     <span class='ocr_line' id='line_1_59' title="bbox 2068 1627 3725 1698; baseline -0.002 -15"><span class='ocrx_word' id='word_1_432' title='bbox 2068 1630 2310 1683; x_wconf 83' lang='lat' dir='ltr'><strong>utetiam</strong></span> <span class='ocrx_word' id='word_1_433' title='bbox 2342 1630 2522 1697; x_wconf 89' lang='lat' dir='ltr'><strong>periit,</strong></span> <span class='ocrx_word' id='word_1_434' title='bbox 2563 1629 2933 1685; x_wconf 80' lang='lat' dir='ltr'><strong>inluudentem</strong></span> <span class='ocrx_word' id='word_1_435' title='bbox 2975 1644 3033 1683; x_wconf 91' lang='lat' dir='ltr'>se</span> <span class='ocrx_word' id='word_1_436' title='bbox 3070 1628 3412 1697; x_wconf 84' lang='lat' dir='ltr'><strong>suscipiendo</strong></span> <span class='ocrx_word' id='word_1_437' title='bbox 3441 1627 3640 1680; x_wconf 78' lang='lat' dir='ltr'><strong>Roma-</strong></span> <span class='ocrx_word' id='word_1_438' title='bbox 3716 1658 3725 1698; x_wconf 48' lang='grc' dir='ltr'>ξ</span> 
     </span>
    </p>
   </div>
   <div class='ocr_carea' id='block_1_60' title="bbox 2068 1706 3729 1790">
    <p class='ocr_par' dir='ltr' id='par_1_60' title="bbox 2068 1706 3729 1790">
     <span class='ocr_line' id='line_1_60' title="bbox 2068 1706 3729 1790; baseline -0.004 -13"><span class='ocrx_word' id='word_1_439' title='bbox 2068 1738 2260 1777; x_wconf 92' lang='lat' dir='ltr'><strong>norum</strong></span> <span class='ocrx_word' id='word_1_440' title='bbox 2303 1723 2639 1787; x_wconf 79' lang='lat' dir='ltr'><strong>exercitum,</strong></span> <span class='ocrx_word' id='word_1_441' title='bbox 2697 1730 2859 1790; x_wconf 87' lang='lat' dir='ltr'><strong>atque</strong></span> <span class='ocrx_word' id='word_1_442' title='bbox 2907 1721 2984 1774; x_wconf 86' lang='lat' dir='ltr'>ita</span> <span class='ocrx_word' id='word_1_443' title='bbox 3032 1720 3202 1773; x_wconf 89' lang='lat' dir='ltr'><strong>instar</strong></span> <span class='ocrx_word' id='word_1_444' title='bbox 3248 1718 3396 1773; x_wconf 73' lang='lat' dir='ltr'><strong>silvae</strong></span> <span class='ocrx_word' id='word_1_445' title='bbox 3439 1717 3640 1787; x_wconf 86' lang='lat' dir='ltr'><strong>injecta</strong></span> 
     </span>
    </p>
   </div>
   <div class='ocr_carea' id='block_1_61' title="bbox 2068 1803 3730 1879">
    <p class='ocr_par' dir='ltr' id='par_1_61' title="bbox 2068 1803 3730 1879">
     <span class='ocr_line' id='line_1_61' title="bbox 2068 1803 3730 1879; baseline -0.002 -13"><span class='ocrx_word' id='word_1_446' title='bbox 2068 1813 2282 1867; x_wconf 80' lang='lat' dir='ltr'><strong>ﬂamma</strong></span> <span class='ocrx_word' id='word_1_447' title='bbox 2309 1814 2734 1868; x_wconf 88' lang='lat' dir='ltr'><strong>consumendam</strong></span> <span class='ocrx_word' id='word_1_448' title='bbox 2762 1812 3030 1879; x_wconf 81' lang='lat' dir='ltr'><strong>signiﬁcat</strong></span> <span class='ocrx_word' id='word_1_449' title='bbox 3052 1824 3175 1864; x_wconf 91' lang='lat' dir='ltr'>cum</span> <span class='ocrx_word' id='word_1_450' title='bbox 3201 1808 3331 1861; x_wconf 85' lang='lat' dir='ltr'><strong>dicit</strong></span> <span class='ocrx_word' id='word_1_451' title='bbox 3360 1826 3373 1861; x_wconf 73' lang='grc' dir='ltr'>ε</span> <span class='ocrx_word' id='word_1_452' title='bbox 3409 1826 3428 1857; x_wconf 73' lang='grc' dir='ltr'>ι</span> <span class='ocrx_word' id='word_1_453' title='bbox 3454 1807 3637 1876; x_wconf 81' lang='lat' dir='ltr'><strong>Aperi,</strong></span> <span class='ocrx_word' id='word_1_454' title='bbox 3715 1803 3730 1863; x_wconf 65' lang='grc' dir='ltr'>ἐ</span> 
     </span>
    </p>
   </div>
   <div class='ocr_carea' id='block_1_62' title="bbox 2070 1901 3728 1977">
    <p class='ocr_par' dir='ltr' id='par_1_62' title="bbox 2070 1901 3728 1977">
     <span class='ocr_line' id='line_1_62' title="bbox 2070 1901 3728 1977; baseline -0.004 -19"><span class='ocrx_word' id='word_1_455' title='bbox 2070 1904 2294 1969; x_wconf 80' lang='lat' dir='ltr'><strong>Libane,</strong></span> <span class='ocrx_word' id='word_1_456' title='bbox 2322 1917 2507 1973; x_wconf 87' lang='lat' dir='ltr'><strong>portas</strong></span> <span class='ocrx_word' id='word_1_457' title='bbox 2555 1916 2696 1967; x_wconf 87' lang='lat' dir='ltr'><strong>tuas,</strong></span> <span class='ocrx_word' id='word_1_458' title='bbox 2733 1914 2785 1957; x_wconf 87' lang='lat' dir='ltr'>et</span> <span class='ocrx_word' id='word_1_459' title='bbox 2814 1904 3063 1957; x_wconf 82' lang='lat' dir='ltr'><strong>comedat</strong></span> <span class='ocrx_word' id='word_1_460' title='bbox 3107 1902 3245 1971; x_wconf 86' lang='lat' dir='ltr'><strong>ignis</strong></span> <span class='ocrx_word' id='word_1_461' title='bbox 3277 1901 3468 1953; x_wconf 85' lang='lat' dir='ltr'><strong>cedrus</strong></span> <span class='ocrx_word' id='word_1_462' title='bbox 3500 1910 3639 1953; x_wconf 86' lang='lat' dir='ltr'><strong>tuas.</strong></span> <span class='ocrx_word' id='word_1_463' title='bbox 3710 1933 3728 1977; x_wconf 48' lang='grc' dir='ltr'><strong><em>ε</em></strong></span> 
     </span>
    </p>
   </div>
   <div class='ocr_carea' id='block_1_63' title="bbox 384 1988 1995 2075">
    <p class='ocr_par' dir='ltr' id='par_1_63' title="bbox 384 2001 1972 2075">
     <span class='ocr_line' id='line_1_63' title="bbox 384 2001 1972 2075; baseline 0.004 -21"><span class='ocrx_word' id='word_1_464' title='bbox 384 2002 492 2055; x_wconf 82' lang='grc' dir='ltr'>τῶν</span> <span class='ocrx_word' id='word_1_465' title='bbox 524 2001 808 2072; x_wconf 84' lang='grc' dir='ltr'>Ῥωμαίων</span> <span class='ocrx_word' id='word_1_466' title='bbox 844 2004 1094 2074; x_wconf 80' lang='grc' dir='ltr'>στρατὸν,</span> <span class='ocrx_word' id='word_1_467' title='bbox 1127 2004 1502 2075; x_wconf 76' lang='grc' dir='ltr'>δαπανηθῆναι</span> <span class='ocrx_word' id='word_1_468' title='bbox 1549 2023 1607 2059; x_wconf 91' lang='grc' dir='ltr'>τε</span> <span class='ocrx_word' id='word_1_469' title='bbox 1642 2006 1834 2071; x_wconf 77' lang='grc' dir='ltr'>ούτως,</span> <span class='ocrx_word' id='word_1_470' title='bbox 1865 2007 1972 2060; x_wconf 81' lang='grc' dir='ltr'>ὠσ-</span> 
     </span>
    </p>
   </div>
   <div class='ocr_carea' id='block_1_64' title="bbox 2081 1988 3731 2075">
    <p class='ocr_par' dir='ltr' id='par_1_64' title="bbox 2081 1988 3731 2066">
     <span class='ocr_line' id='line_1_64' title="bbox 2081 1988 3731 2066; baseline -0.008 -13"><span class='ocrx_word' id='word_1_471' title='bbox 2081 1996 2256 2053; x_wconf 87' lang='lat' dir='ltr'><strong>Ululet</strong></span> <span class='ocrx_word' id='word_1_472' title='bbox 2298 1998 2477 2065; x_wconf 85' lang='lat' dir='ltr'><strong>pinus.</strong></span> <span class='ocrx_word' id='word_1_473' title='bbox 2524 1998 2647 2066; x_wconf 88' lang='lat' dir='ltr'><strong>quia</strong></span> <span class='ocrx_word' id='word_1_474' title='bbox 2692 1995 2889 2050; x_wconf 86' lang='lat' dir='ltr'><strong>cecidit</strong></span> <span class='ocrx_word' id='word_1_475' title='bbox 2936 1994 3150 2049; x_wconf 88' lang='lat' dir='ltr'><strong>cedrus.</strong></span> <span class='ocrx_word' id='word_1_476' title='bbox 3182 2011 3202 2043; x_wconf 76' lang='grc' dir='ltr'>ι</span> <span class='ocrx_word' id='word_1_477' title='bbox 3245 1991 3642 2060; x_wconf 75' lang='grc' dir='ltr'>Μθιοριιοτίοιιε</span> <span class='ocrx_word' id='word_1_478' title='bbox 3714 1988 3731 2040; x_wconf 67' lang='lat' dir='ltr'>L-</span> 
     </span>
    </p>
   </div>
   <div class='ocr_carea' id='block_1_65' title="bbox 2069 2081 3732 2153">
    <p class='ocr_par' dir='ltr' id='par_1_65' title="bbox 2069 2081 3732 2153">
     <span class='ocr_line' id='line_1_65' title="bbox 2069 2081 3732 2153; baseline -0.003 -10"><span class='ocrx_word' id='word_1_479' title='bbox 2069 2098 2156 2143; x_wconf 89' lang='lat' dir='ltr'>est</span> <span class='ocrx_word' id='word_1_480' title='bbox 2200 2103 2400 2143; x_wconf 89' lang='lat' dir='ltr'><strong>sermo.</strong></span> <span class='ocrx_word' id='word_1_481' title='bbox 2452 2087 2586 2143; x_wconf 83' lang='lat' dir='ltr'>Nam</span> <span class='ocrx_word' id='word_1_482' title='bbox 2641 2101 2763 2141; x_wconf 90' lang='lat' dir='ltr'>cum</span> <span class='ocrx_word' id='word_1_483' title='bbox 2818 2084 3083 2140; x_wconf 86' lang='lat' dir='ltr'><strong>Libanum</strong></span> <span class='ocrx_word' id='word_1_484' title='bbox 3125 2083 3472 2153; x_wconf 81' lang='lat' dir='ltr'><strong>appellasset,</strong></span> <span class='ocrx_word' id='word_1_485' title='bbox 3528 2081 3643 2136; x_wconf 91' lang='lat' dir='ltr'><strong>sive</strong></span> <span class='ocrx_word' id='word_1_486' title='bbox 3714 2098 3732 2138; x_wconf 58' lang='grc' dir='ltr'><strong>ἢ</strong></span> 
     </span>
    </p>
   </div>
   <div class='ocr_carea' id='block_1_66' title="bbox 2072 2172 3644 2248">
    <p class='ocr_par' dir='ltr' id='par_1_66' title="bbox 2072 2172 3644 2248">
     <span class='ocr_line' id='line_1_66' title="bbox 2072 2172 3644 2248; baseline -0.006 -13"><span class='ocrx_word' id='word_1_487' title='bbox 2072 2183 2239 2235; x_wconf 90' lang='lat' dir='ltr'><strong>monti</strong></span> <span class='ocrx_word' id='word_1_488' title='bbox 2264 2179 2572 2237; x_wconf 61' lang='lat' dir='ltr'><strong>intimorum</strong></span> <span class='ocrx_word' id='word_1_489' title='bbox 2607 2178 2878 2248; x_wconf 79' lang='lat' dir='ltr'><strong>regionem</strong></span> <span class='ocrx_word' id='word_1_490' title='bbox 2907 2183 3300 2246; x_wconf 80' lang='lat' dir='ltr'><strong>comparasset,</strong></span> <span class='ocrx_word' id='word_1_491' title='bbox 3330 2172 3644 2228; x_wconf 85' lang='lat' dir='ltr'><strong>necessario</strong></span> 
     </span>
    </p>
   </div>
   <div class='ocr_carea' id='block_1_67' title="bbox 2073 2262 3647 2341">
    <p class='ocr_par' dir='ltr' id='par_1_67' title="bbox 2073 2262 3647 2341">
     <span class='ocr_line' id='line_1_67' title="bbox 2073 2262 3647 2341; baseline -0.006 -17"><span class='ocrx_word' id='word_1_492' title='bbox 2073 2271 2222 2340; x_wconf 91' lang='lat' dir='ltr'><strong>pinui</strong></span> <span class='ocrx_word' id='word_1_493' title='bbox 2271 2281 2327 2325; x_wconf 90' lang='lat' dir='ltr'>et</span> <span class='ocrx_word' id='word_1_494' title='bbox 2363 2270 2670 2341; x_wconf 87' lang='lat' dir='ltr'><strong>quercubus</strong></span> <span class='ocrx_word' id='word_1_495' title='bbox 2728 2268 2846 2336; x_wconf 81' lang='lat' dir='ltr'><strong>ejus</strong></span> <span class='ocrx_word' id='word_1_496' title='bbox 2888 2267 3089 2323; x_wconf 85' lang='lat' dir='ltr'><strong>incolas</strong></span> <span class='ocrx_word' id='word_1_497' title='bbox 3130 2266 3333 2320; x_wconf 82' lang='lat' dir='ltr'><strong>similes</strong></span> <span class='ocrx_word' id='word_1_498' title='bbox 3373 2264 3523 2318; x_wconf 81' lang='lat' dir='ltr'><strong>iacit.</strong></span> <span class='ocrx_word' id='word_1_499' title='bbox 3570 2262 3647 2315; x_wconf 81' lang='lat' dir='ltr'><strong>De</strong></span> 
     </span>
    </p>
   </div>
   <div class='ocr_carea' id='block_1_68' title="bbox 2074 2353 3648 2427">
    <p class='ocr_par' dir='ltr' id='par_1_68' title="bbox 2074 2353 3648 2427">
     <span class='ocr_line' id='line_1_68' title="bbox 2074 2353 3648 2427; baseline -0.006 -11"><span class='ocrx_word' id='word_1_500' title='bbox 2074 2362 2383 2416; x_wconf 89' lang='lat' dir='ltr'><strong>hominibus</strong></span> <span class='ocrx_word' id='word_1_501' title='bbox 2422 2370 2601 2414; x_wconf 88' lang='lat' dir='ltr'><strong>autem</strong></span> <span class='ocrx_word' id='word_1_502' title='bbox 2634 2360 2797 2417; x_wconf 80' lang='lat' dir='ltr'><strong>verba</strong></span> <span class='ocrx_word' id='word_1_503' title='bbox 2839 2359 2977 2421; x_wconf 84' lang='lat' dir='ltr'><strong>lleri,</strong></span> <span class='ocrx_word' id='word_1_504' title='bbox 3029 2358 3158 2413; x_wconf 90' lang='lat' dir='ltr'><strong>nihil</strong></span> <span class='ocrx_word' id='word_1_505' title='bbox 3204 2356 3404 2427; x_wconf 74' lang='lat' dir='ltr'><strong>negotii</strong></span> <span class='ocrx_word' id='word_1_506' title='bbox 3450 2364 3537 2410; x_wconf 88' lang='lat' dir='ltr'>est</span> <span class='ocrx_word' id='word_1_507' title='bbox 3568 2353 3648 2407; x_wconf 82' lang='lat' dir='ltr'><strong>vi-</strong></span> 
     </span>
    </p>
   </div>
   <div class='ocr_carea' id='block_1_69' title="bbox 2074 2450 3647 2521">
    <p class='ocr_par' dir='ltr' id='par_1_69' title="bbox 2074 2450 3647 2521">
     <span class='ocr_line' id='line_1_69' title="bbox 2074 2450 3647 2521; baseline -0.004 -13"><span class='ocrx_word' id='word_1_508' title='bbox 2074 2454 2221 2509; x_wconf 87' lang='lat' dir='ltr'><strong>dere.</strong></span> <span class='ocrx_word' id='word_1_509' title='bbox 2250 2452 2369 2506; x_wconf 78' lang='lat' dir='ltr'>Mox</span> <span class='ocrx_word' id='word_1_510' title='bbox 2413 2455 2556 2507; x_wconf 88' lang='lat' dir='ltr'><strong>enim</strong></span> <span class='ocrx_word' id='word_1_511' title='bbox 2587 2453 2683 2515; x_wconf 88' lang='lat' dir='ltr'><strong>ait,</strong></span> <span class='ocrx_word' id='word_1_512' title='bbox 2742 2460 3022 2520; x_wconf 83' lang='lat' dir='ltr'><strong>magnates</strong></span> <span class='ocrx_word' id='word_1_513' title='bbox 3053 2454 3311 2521; x_wconf 87' lang='lat' dir='ltr'><strong>majorem</strong></span> <span class='ocrx_word' id='word_1_514' title='bbox 3342 2450 3393 2503; x_wconf 88' lang='lat' dir='ltr'>iu</span> <span class='ocrx_word' id='word_1_515' title='bbox 3431 2450 3647 2503; x_wconf 90' lang='lat' dir='ltr'><strong>modum</strong></span> 
     </span>
    </p>
   </div>
   <div class='ocr_carea' id='block_1_70' title="bbox 2078 2540 3649 2612">
    <p class='ocr_par' dir='ltr' id='par_1_70' title="bbox 2078 2540 3649 2612">
     <span class='ocr_line' id='line_1_70' title="bbox 2078 2540 3649 2612; baseline -0.003 -15"><span class='ocrx_word' id='word_1_516' title='bbox 2078 2545 2249 2599; x_wconf 80' lang='lat' dir='ltr'><strong>factos</strong></span> <span class='ocrx_word' id='word_1_517' title='bbox 2294 2561 2415 2598; x_wconf 81' lang='lat' dir='ltr'><strong>esse</strong></span> <span class='ocrx_word' id='word_1_518' title='bbox 2458 2545 2701 2598; x_wconf 87' lang='lat' dir='ltr'><strong>miseros.</strong></span> <span class='ocrx_word' id='word_1_519' title='bbox 2759 2542 2869 2597; x_wconf 87' lang='lat' dir='ltr'><strong>Hoc</strong></span> <span class='ocrx_word' id='word_1_520' title='bbox 2915 2558 3082 2612; x_wconf 85' lang='lat' dir='ltr'><strong>genus</strong></span> <span class='ocrx_word' id='word_1_521' title='bbox 3129 2543 3363 2597; x_wconf 67' lang='lat' dir='ltr'><strong>miseriae</strong></span> <span class='ocrx_word' id='word_1_522' title='bbox 3410 2540 3649 2595; x_wconf 85' lang='lat' dir='ltr'><strong>ostendit</strong></span> 
     </span>
    </p>
   </div>
   <div class='ocr_carea' id='block_1_71' title="bbox 2077 2633 3651 2705">
    <p class='ocr_par' dir='ltr' id='par_1_71' title="bbox 2077 2633 3651 2705">
     <span class='ocr_line' id='line_1_71' title="bbox 2077 2633 3651 2705; baseline -0.002 -18"><span class='ocrx_word' id='word_1_523' title='bbox 2077 2635 2257 2705; x_wconf 85' lang='lat' dir='ltr'><strong>aliquo</strong></span> <span class='ocrx_word' id='word_1_524' title='bbox 2292 2636 2471 2697; x_wconf 90' lang='lat' dir='ltr'><strong>modo,</strong></span> <span class='ocrx_word' id='word_1_525' title='bbox 2511 2634 2802 2700; x_wconf 85' lang='lat' dir='ltr'><strong>subjiciens</strong></span> <span class='ocrx_word' id='word_1_526' title='bbox 2830 2652 2843 2686; x_wconf 90' lang='lat'>:</span> <span class='ocrx_word' id='word_1_527' title='bbox 2878 2650 2896 2684; x_wconf 77' lang='grc' dir='ltr'>ι</span> <span class='ocrx_word' id='word_1_528' title='bbox 2930 2633 3111 2690; x_wconf 90' lang='lat' dir='ltr'><strong>Ululet</strong></span> <span class='ocrx_word' id='word_1_529' title='bbox 3142 2636 3321 2701; x_wconf 86' lang='lat' dir='ltr'><strong>pinus,</strong></span> <span class='ocrx_word' id='word_1_530' title='bbox 3354 2633 3479 2697; x_wconf 88' lang='lat' dir='ltr'><strong>quia</strong></span> <span class='ocrx_word' id='word_1_531' title='bbox 3506 2633 3651 2685; x_wconf 80' lang='lat' dir='ltr'><strong>ceci—</strong></span> 
     </span>
    </p>
   </div>
   <div class='ocr_carea' id='block_1_72' title="bbox 2078 2722 3648 2795">
    <p class='ocr_par' dir='ltr' id='par_1_72' title="bbox 2078 2722 3648 2795">
     <span class='ocr_line' id='line_1_72' title="bbox 2078 2722 3648 2795; baseline -0.004 -13"><span class='ocrx_word' id='word_1_532' title='bbox 2078 2730 2161 2783; x_wconf 89' lang='lat' dir='ltr'>dit</span> <span class='ocrx_word' id='word_1_533' title='bbox 2200 2729 2414 2783; x_wconf 82' lang='lat' dir='ltr'><strong>cedrus.</strong></span> <span class='ocrx_word' id='word_1_534' title='bbox 2449 2746 2466 2777; x_wconf 76' lang='grc'><strong>»</strong></span> <span class='ocrx_word' id='word_1_535' title='bbox 2524 2729 2774 2783; x_wconf 78' lang='lat' dir='ltr'><strong>Exercitu</strong></span> <span class='ocrx_word' id='word_1_536' title='bbox 2818 2728 2963 2780; x_wconf 86' lang='lat' dir='ltr'><strong>enim</strong></span> <span class='ocrx_word' id='word_1_537' title='bbox 3008 2725 3251 2780; x_wconf 78' lang='lat' dir='ltr'><strong>Romano</strong></span> <span class='ocrx_word' id='word_1_538' title='bbox 3290 2722 3454 2795; x_wconf 78' lang='grc'>756</span> <span class='ocrx_word' id='word_1_539' title='bbox 3485 2723 3648 2777; x_wconf 90' lang='lat' dir='ltr'><strong>urbes</strong></span> 
     </span>
    </p>
   </div>
   <div class='ocr_carea' id='block_1_73' title="bbox 2079 2816 3653 2889">
    <p class='ocr_par' dir='ltr' id='par_1_73' title="bbox 2079 2816 3653 2889">
     <span class='ocr_line' id='line_1_73' title="bbox 2079 2816 3653 2889; baseline -0.004 -14"><span class='ocrx_word' id='word_1_540' title='bbox 2079 2820 2278 2877; x_wconf 75' lang='lat' dir='ltr'><strong>.Indma:</strong></span> <span class='ocrx_word' id='word_1_541' title='bbox 2309 2820 2644 2884; x_wconf 86' lang='lat' dir='ltr'><strong>devastante,</strong></span> <span class='ocrx_word' id='word_1_542' title='bbox 2694 2820 2932 2889; x_wconf 88' lang='lat' dir='ltr'><strong>quotidie</strong></span> <span class='ocrx_word' id='word_1_543' title='bbox 2968 2834 3155 2873; x_wconf 87' lang='lat' dir='ltr'><strong>earum</strong></span> <span class='ocrx_word' id='word_1_544' title='bbox 3200 2818 3470 2886; x_wconf 87' lang='lat' dir='ltr'><strong>principes</strong></span> <span class='ocrx_word' id='word_1_545' title='bbox 3506 2816 3653 2869; x_wconf 89' lang='lat' dir='ltr'><strong>cives</strong></span> 
     </span>
    </p>
   </div>
   <div class='ocr_carea' id='block_1_74' title="bbox 2081 2909 3653 2983">
    <p class='ocr_par' dir='ltr' id='par_1_74' title="bbox 2081 2909 3653 2983">
     <span class='ocr_line' id='line_1_74' title="bbox 2081 2909 3653 2983; baseline -0.004 -16"><span class='ocrx_word' id='word_1_546' title='bbox 2081 2914 2453 2983; x_wconf 84' lang='lat' dir='ltr'><strong>capiebantur.</strong></span> <span class='ocrx_word' id='word_1_547' title='bbox 2498 2912 2700 2978; x_wconf 85' lang='lat' dir='ltr'><strong>Quibus</strong></span> <span class='ocrx_word' id='word_1_548' title='bbox 2753 2921 2932 2967; x_wconf 90' lang='lat' dir='ltr'><strong>autem</strong></span> <span class='ocrx_word' id='word_1_549' title='bbox 2978 2927 3039 2965; x_wconf 90' lang='lat' dir='ltr'>ea</span> <span class='ocrx_word' id='word_1_550' title='bbox 3091 2910 3370 2965; x_wconf 83' lang='lat' dir='ltr'><strong>calamitas</strong></span> <span class='ocrx_word' id='word_1_551' title='bbox 3414 2909 3653 2964; x_wconf 87' lang='lat' dir='ltr'><strong>nondum</strong></span> 
     </span>
    </p>
   </div>
   <div class='ocr_carea' id='block_1_75' title="bbox 2084 3002 3655 3073">
    <p class='ocr_par' dir='ltr' id='par_1_75' title="bbox 2084 3002 3655 3073">
     <span class='ocr_line' id='line_1_75' title="bbox 2084 3002 3655 3073; baseline -0.004 -13"><span class='ocrx_word' id='word_1_552' title='bbox 2084 3012 2339 3060; x_wconf 80' lang='lat' dir='ltr'><strong>evenerat</strong></span> <span class='ocrx_word' id='word_1_553' title='bbox 2365 3047 2379 3071; x_wconf 93' lang='lat'>,</span> <span class='ocrx_word' id='word_1_554' title='bbox 2422 3016 2605 3073; x_wconf 87' lang='lat' dir='ltr'><strong>captos</strong></span> <span class='ocrx_word' id='word_1_555' title='bbox 2652 3016 2708 3061; x_wconf 89' lang='lat' dir='ltr'>et</span> <span class='ocrx_word' id='word_1_556' title='bbox 2750 3005 3073 3073; x_wconf 81' lang='lat' dir='ltr'><strong>semetipsos</strong></span> <span class='ocrx_word' id='word_1_557' title='bbox 3115 3003 3366 3057; x_wconf 86' lang='lat' dir='ltr'><strong>lamentis</strong></span> <span class='ocrx_word' id='word_1_558' title='bbox 3393 3013 3446 3054; x_wconf 90' lang='lat' dir='ltr'>et</span> <span class='ocrx_word' id='word_1_559' title='bbox 3474 3002 3655 3070; x_wconf 78' lang='lat' dir='ltr'><strong>lacry-</strong></span> 
     </span>
    </p>
   </div>
   <div class='ocr_carea' id='block_1_76' title="bbox 2086 3098 3657 3168">
    <p class='ocr_par' dir='ltr' id='par_1_76' title="bbox 2086 3098 3657 3168">
     <span class='ocr_line' id='line_1_76' title="bbox 2086 3098 3657 3168; baseline -0.006 -12"><span class='ocrx_word' id='word_1_560' title='bbox 2086 3098 2188 3157; x_wconf 74' lang='lat' dir='ltr'>mis</span> <span class='ocrx_word' id='word_1_561' title='bbox 2229 3100 2716 3168; x_wconf 84' lang='lat' dir='ltr'><strong>prosequebantur,</strong></span> <span class='ocrx_word' id='word_1_562' title='bbox 2752 3108 3016 3168; x_wconf 86' lang='lat' dir='ltr'><strong>erantque</strong></span> <span class='ocrx_word' id='word_1_563' title='bbox 3052 3098 3105 3152; x_wconf 87' lang='lat' dir='ltr'>in</span> <span class='ocrx_word' id='word_1_564' title='bbox 3143 3110 3381 3151; x_wconf 73' lang='lat' dir='ltr'><strong>maerore</strong></span> <span class='ocrx_word' id='word_1_565' title='bbox 3414 3103 3470 3149; x_wconf 92' lang='lat' dir='ltr'>et</span> <span class='ocrx_word' id='word_1_566' title='bbox 3508 3102 3657 3148; x_wconf 90' lang='lat' dir='ltr'><strong>metu</strong></span> 
     </span>
    </p>
   </div>
   <div class='ocr_carea' id='block_1_77' title="bbox 2088 3185 3659 3261">
    <p class='ocr_par' dir='ltr' id='par_1_77' title="bbox 2088 3185 3659 3261">
     <span class='ocr_line' id='line_1_77' title="bbox 2088 3185 3659 3261; baseline -0.002 -19"><span class='ocrx_word' id='word_1_567' title='bbox 2088 3205 2305 3261; x_wconf 70' lang='lat' dir='ltr'><strong>magno,</strong></span> <span class='ocrx_word' id='word_1_568' title='bbox 2345 3201 2404 3243; x_wconf 94' lang='lat' dir='ltr'>ut</span> <span class='ocrx_word' id='word_1_569' title='bbox 2447 3190 2767 3245; x_wconf 82' lang='lat' dir='ltr'><strong>brevissimo</strong></span> <span class='ocrx_word' id='word_1_570' title='bbox 2797 3199 2919 3258; x_wconf 89' lang='lat' dir='ltr'><strong>post</strong></span> <span class='ocrx_word' id='word_1_571' title='bbox 2972 3199 3213 3258; x_wconf 89' lang='lat' dir='ltr'><strong>tempore</strong></span> <span class='ocrx_word' id='word_1_572' title='bbox 3263 3188 3406 3241; x_wconf 83' lang='lat' dir='ltr'><strong>idem</strong></span> <span class='ocrx_word' id='word_1_573' title='bbox 3448 3195 3504 3241; x_wconf 90' lang='lat' dir='ltr'>et</span> <span class='ocrx_word' id='word_1_574' title='bbox 3554 3185 3659 3255; x_wconf 84' lang='lat' dir='ltr'><strong>ipsi</strong></span> 
     </span>
    </p>
   </div>
   <div class='ocr_carea' id='block_1_78' title="bbox 2089 3278 3657 3353">
    <p class='ocr_par' dir='ltr' id='par_1_78' title="bbox 2089 3278 3657 3353">
     <span class='ocr_line' id='line_1_78' title="bbox 2089 3278 3657 3353; baseline -0.004 -16"><span class='ocrx_word' id='word_1_575' title='bbox 2089 3283 2423 3353; x_wconf 85' lang='lat' dir='ltr'><strong>perpessuri.</strong></span> <span class='ocrx_word' id='word_1_576' title='bbox 2476 3280 2587 3337; x_wconf 86' lang='lat' dir='ltr'><strong>lloc</strong></span> <span class='ocrx_word' id='word_1_577' title='bbox 2635 3282 2737 3337; x_wconf 87' lang='lat' dir='ltr'><strong>sibi</strong></span> <span class='ocrx_word' id='word_1_578' title='bbox 2775 3282 2911 3336; x_wconf 81' lang='lat' dir='ltr'><strong>velle</strong></span> <span class='ocrx_word' id='word_1_579' title='bbox 2950 3283 3165 3351; x_wconf 87' lang='lat' dir='ltr'><strong>opinor,</strong></span> <span class='ocrx_word' id='word_1_580' title='bbox 3217 3300 3233 3331; x_wconf 80' lang='grc' dir='ltr'>ι</span> <span class='ocrx_word' id='word_1_581' title='bbox 3267 3278 3446 3334; x_wconf 89' lang='lat' dir='ltr'><strong>Ululet</strong></span> <span class='ocrx_word' id='word_1_582' title='bbox 3477 3281 3657 3348; x_wconf 86' lang='lat' dir='ltr'><strong>pinus,</strong></span> 
     </span>
    </p>
   </div>
   <div class='ocr_carea' id='block_1_79' title="bbox 2012 3357 3665 3445">
    <p class='ocr_par' dir='ltr' id='par_1_79' title="bbox 2012 3357 3665 3445">
     <span class='ocr_line' id='line_1_79' title="bbox 2012 3357 3665 3445; baseline -0.002 -17"><span class='ocrx_word' id='word_1_583' title='bbox 2012 3357 2060 3422; x_wconf 69' lang='grc' dir='ltr'>(ἶ.</span> <span class='ocrx_word' id='word_1_584' title='bbox 2088 3376 2214 3445; x_wconf 82' lang='lat' dir='ltr'><strong>quia</strong></span> <span class='ocrx_word' id='word_1_585' title='bbox 2259 3377 2453 3432; x_wconf 77' lang='lat' dir='ltr'><strong>cecidit</strong></span> <span class='ocrx_word' id='word_1_586' title='bbox 2497 3377 2712 3431; x_wconf 86' lang='lat' dir='ltr'><strong>cedrus.</strong></span> <span class='ocrx_word' id='word_1_587' title='bbox 2746 3396 2763 3428; x_wconf 78' lang='grc' dir='ltr'>ι</span> <span class='ocrx_word' id='word_1_588' title='bbox 2818 3375 3060 3441; x_wconf 88' lang='lat' dir='ltr'><strong>Quercus</strong></span> <span class='ocrx_word' id='word_1_589' title='bbox 3104 3384 3282 3428; x_wconf 88' lang='lat' dir='ltr'><strong>autem</strong></span> <span class='ocrx_word' id='word_1_590' title='bbox 3338 3369 3665 3425; x_wconf 83' lang='lat' dir='ltr'><strong>Basanitidis</strong></span> 
     </span>
    </p>
   </div>
   <div class='ocr_carea' id='block_1_80' title="bbox 2090 3464 3663 3540">
    <p class='ocr_par' dir='ltr' id='par_1_80' title="bbox 2090 3464 3663 3540">
     <span class='ocr_line' id='line_1_80' title="bbox 2090 3464 3663 3540; baseline -0.003 -20"><span class='ocrx_word' id='word_1_591' title='bbox 2090 3467 2612 3540; x_wconf 85' lang='lat' dir='ltr'><strong>Hierosolymitanos</strong></span> <span class='ocrx_word' id='word_1_592' title='bbox 2647 3468 2875 3523; x_wconf 84' lang='lat' dir='ltr'><strong>forsitan</strong></span> <span class='ocrx_word' id='word_1_593' title='bbox 2909 3477 3085 3523; x_wconf 84' lang='lat' dir='ltr'><strong>vocat.</strong></span> <span class='ocrx_word' id='word_1_594' title='bbox 3116 3466 3386 3520; x_wconf 82' lang='lat' dir='ltr'><strong>Basanitis</strong></span> <span class='ocrx_word' id='word_1_595' title='bbox 3406 3464 3551 3518; x_wconf 91' lang='lat' dir='ltr'><strong>enim</strong></span> <span class='ocrx_word' id='word_1_596' title='bbox 3575 3470 3663 3517; x_wconf 84' lang='lat' dir='ltr'>est</span> 
     </span>
    </p>
   </div>
   <div class='ocr_carea' id='block_1_81' title="bbox 2090 3554 3666 3630">
    <p class='ocr_par' dir='ltr' id='par_1_81' title="bbox 2090 3554 3666 3630">
     <span class='ocr_line' id='line_1_81' title="bbox 2090 3554 3666 3630; baseline -0.005 -16"><span class='ocrx_word' id='word_1_597' title='bbox 2090 3562 2399 3630; x_wconf 68' lang='lat' dir='ltr'><strong>regiuncula</strong></span> <span class='ocrx_word' id='word_1_598' title='bbox 2430 3562 2481 3614; x_wconf 90' lang='lat' dir='ltr'>in</span> <span class='ocrx_word' id='word_1_599' title='bbox 2508 3560 2716 3625; x_wconf 64' lang='lat' dir='ltr'><strong>Iudaea,</strong></span> <span class='ocrx_word' id='word_1_600' title='bbox 2747 3561 2909 3621; x_wconf 90' lang='lat' dir='ltr'><strong>ubere</strong></span> <span class='ocrx_word' id='word_1_601' title='bbox 2938 3559 3113 3630; x_wconf 78' lang='lat' dir='ltr'><strong>gleba,</strong></span> <span class='ocrx_word' id='word_1_602' title='bbox 3146 3568 3200 3611; x_wconf 89' lang='lat' dir='ltr'>et</span> <span class='ocrx_word' id='word_1_603' title='bbox 3221 3554 3581 3617; x_wconf 81' lang='lat' dir='ltr'><strong>fertilissima,</strong></span> <span class='ocrx_word' id='word_1_604' title='bbox 3608 3561 3666 3607; x_wconf 86' lang='lat' dir='ltr'>et</span> 
     </span>
    </p>
   </div>
   <div class='ocr_carea' id='block_1_82' title="bbox 2090 3646 3666 3720">
    <p class='ocr_par' dir='ltr' id='par_1_82' title="bbox 2090 3646 3666 3720">
     <span class='ocr_line' id='line_1_82' title="bbox 2090 3646 3666 3720; baseline -0.004 -13"><span class='ocrx_word' id='word_1_605' title='bbox 2090 3655 2379 3710; x_wconf 85' lang='lat' dir='ltr'><strong>admodum</strong></span> <span class='ocrx_word' id='word_1_606' title='bbox 2417 3656 2553 3711; x_wconf 86' lang='lat' dir='ltr'><strong>altas</strong></span> <span class='ocrx_word' id='word_1_607' title='bbox 2587 3658 2823 3710; x_wconf 91' lang='lat' dir='ltr'><strong>educens</strong></span> <span class='ocrx_word' id='word_1_608' title='bbox 2853 3654 3095 3709; x_wconf 86' lang='lat' dir='ltr'><strong>arbores.</strong></span> <span class='ocrx_word' id='word_1_609' title='bbox 3132 3653 3199 3706; x_wconf 89' lang='lat' dir='ltr'><strong>Et</strong></span> <span class='ocrx_word' id='word_1_610' title='bbox 3230 3652 3485 3720; x_wconf 87' lang='lat' dir='ltr'><strong>quoniam</strong></span> <span class='ocrx_word' id='word_1_611' title='bbox 3538 3646 3666 3702; x_wconf 80' lang='lat' dir='ltr'><strong>Hie-</strong></span> 
     </span>
    </p>
   </div>
   <div class='ocr_carea' id='block_1_83' title="bbox 2090 3740 3665 3817">
    <p class='ocr_par' dir='ltr' id='par_1_83' title="bbox 2090 3740 3665 3817">
     <span class='ocr_line' id='line_1_83' title="bbox 2090 3740 3665 3817; baseline -0.006 -16"><span class='ocrx_word' id='word_1_612' title='bbox 2090 3748 2380 3816; x_wconf 82' lang='lat' dir='ltr'><strong>rosolymis</strong></span> <span class='ocrx_word' id='word_1_613' title='bbox 2434 3748 2656 3817; x_wconf 88' lang='lat' dir='ltr'><strong>reliquis</strong></span> <span class='ocrx_word' id='word_1_614' title='bbox 2715 3758 2873 3803; x_wconf 87' lang='lat' dir='ltr'><strong>erant</strong></span> <span class='ocrx_word' id='word_1_615' title='bbox 2934 3747 3264 3809; x_wconf 90' lang='lat' dir='ltr'><strong>nobiliores,</strong></span> <span class='ocrx_word' id='word_1_616' title='bbox 3322 3740 3665 3802; x_wconf 83' lang='lat' dir='ltr'><strong>sacerdotes,</strong></span> 
     </span>
    </p>
   </div>
   <div class='ocr_carea' id='block_1_84' title="bbox 2092 3834 3668 3905">
    <p class='ocr_par' dir='ltr' id='par_1_84' title="bbox 2092 3834 3668 3905">
     <span class='ocr_line' id='line_1_84' title="bbox 2092 3834 3668 3905; baseline -0.004 -16"><span class='ocrx_word' id='word_1_617' title='bbox 2092 3834 2333 3902; x_wconf 87' lang='lat' dir='ltr'><strong>inquam,</strong></span> <span class='ocrx_word' id='word_1_618' title='bbox 2358 3845 2412 3893; x_wconf 86' lang='lat' dir='ltr'>et</span> <span class='ocrx_word' id='word_1_619' title='bbox 2453 3837 2629 3905; x_wconf 86' lang='lat' dir='ltr'><strong>populi</strong></span> <span class='ocrx_word' id='word_1_620' title='bbox 2664 3847 2923 3899; x_wconf 84' lang='lat' dir='ltr'><strong>rectores,</strong></span> <span class='ocrx_word' id='word_1_621' title='bbox 2956 3834 3283 3889; x_wconf 84' lang='lat' dir='ltr'><strong>Basanitidis</strong></span> <span class='ocrx_word' id='word_1_622' title='bbox 3309 3844 3547 3900; x_wconf 86' lang='lat' dir='ltr'><strong>quercus</strong></span> <span class='ocrx_word' id='word_1_623' title='bbox 3574 3843 3668 3883; x_wconf 88' lang='lat' dir='ltr'>eos</span> 
     </span>
    </p>
   </div>
   <div class='ocr_carea' id='block_1_85' title="bbox 2094 3921 3668 3997">
    <p class='ocr_par' dir='ltr' id='par_1_85' title="bbox 2094 3921 3668 3997">
     <span class='ocr_line' id='line_1_85' title="bbox 2094 3921 3668 3997; baseline -0.006 -16"><span class='ocrx_word' id='word_1_624' title='bbox 2094 3928 2416 3992; x_wconf 78' lang='lat' dir='ltr'><strong>nominavit,</strong></span> <span class='ocrx_word' id='word_1_625' title='bbox 2446 3931 2537 3997; x_wconf 89' lang='lat' dir='ltr'>qni</span> <span class='ocrx_word' id='word_1_626' title='bbox 2565 3944 2696 3984; x_wconf 88' lang='lat' dir='ltr'><strong>sane</strong></span> <span class='ocrx_word' id='word_1_627' title='bbox 2730 3939 2947 3997; x_wconf 89' lang='lat' dir='ltr'><strong>propter</strong></span> <span class='ocrx_word' id='word_1_628' title='bbox 2976 3926 3242 3981; x_wconf 90' lang='lat' dir='ltr'><strong>consitum</strong></span> <span class='ocrx_word' id='word_1_629' title='bbox 3266 3924 3461 3978; x_wconf 86' lang='lat' dir='ltr'><strong>saltum</strong></span> <span class='ocrx_word' id='word_1_630' title='bbox 3493 3921 3668 3975; x_wconf 89' lang='lat' dir='ltr'><strong>succi-</strong></span> 
     </span>
    </p>
   </div>
   <div class='ocr_carea' id='block_1_86' title="bbox 2095 4011 3669 4088">
    <p class='ocr_par' dir='ltr' id='par_1_86' title="bbox 2095 4011 3669 4088">
     <span class='ocr_line' id='line_1_86' title="bbox 2095 4011 3669 4088; baseline -0.008 -13"><span class='ocrx_word' id='word_1_631' title='bbox 2095 4035 2212 4075; x_wconf 88' lang='lat' dir='ltr'>sum</span> <span class='ocrx_word' id='word_1_632' title='bbox 2252 4035 2357 4074; x_wconf 85' lang='lat' dir='ltr'>non</span> <span class='ocrx_word' id='word_1_633' title='bbox 2404 4020 2674 4075; x_wconf 89' lang='lat' dir='ltr'><strong>immerito</strong></span> <span class='ocrx_word' id='word_1_634' title='bbox 2708 4021 2998 4088; x_wconf 87' lang='lat' dir='ltr'><strong>ejularunt.</strong></span> <span class='ocrx_word' id='word_1_635' title='bbox 3047 4016 3461 4086; x_wconf 82' lang='lat' dir='ltr'><strong>Cognoscebant</strong></span> <span class='ocrx_word' id='word_1_636' title='bbox 3501 4011 3669 4081; x_wconf 87' lang='lat' dir='ltr'><strong>siqui-</strong></span> 
     </span>
    </p>
   </div>
   <div class='ocr_carea' id='block_1_87' title="bbox 2096 4101 3668 4181">
    <p class='ocr_par' dir='ltr' id='par_1_87' title="bbox 2096 4101 3668 4181">
     <span class='ocr_line' id='line_1_87' title="bbox 2096 4101 3668 4181; baseline -0.008 -17"><span class='ocrx_word' id='word_1_637' title='bbox 2096 4110 2220 4166; x_wconf 87' lang='lat' dir='ltr'>dem</span> <span class='ocrx_word' id='word_1_638' title='bbox 2267 4110 2663 4166; x_wconf 86' lang='lat' dir='ltr'><strong>multitudinem</strong></span> <span class='ocrx_word' id='word_1_639' title='bbox 2699 4126 2797 4181; x_wconf 91' lang='lat' dir='ltr'>per</span> <span class='ocrx_word' id='word_1_640' title='bbox 2831 4118 2996 4165; x_wconf 90' lang='lat' dir='ltr'><strong>totam</strong></span> <span class='ocrx_word' id='word_1_641' title='bbox 3023 4107 3300 4178; x_wconf 76' lang='lat' dir='ltr'><strong>regionem</strong></span> <span class='ocrx_word' id='word_1_642' title='bbox 3341 4101 3483 4158; x_wconf 88' lang='lat' dir='ltr'><strong>haud</strong></span> <span class='ocrx_word' id='word_1_643' title='bbox 3509 4113 3668 4156; x_wconf 87' lang='lat' dir='ltr'><strong>secus</strong></span> 
     </span>
    </p>
   </div>
   <div class='ocr_carea' id='block_1_88' title="bbox 2095 4190 3671 4273">
    <p class='ocr_par' dir='ltr' id='par_1_88' title="bbox 2095 4190 3671 4273">
     <span class='ocr_line' id='line_1_88' title="bbox 2095 4190 3671 4273; baseline -0.008 -16"><span class='ocrx_word' id='word_1_644' title='bbox 2095 4218 2258 4273; x_wconf 86' lang='lat' dir='ltr'><strong>quam</strong></span> <span class='ocrx_word' id='word_1_645' title='bbox 2318 4202 2513 4257; x_wconf 89' lang='lat' dir='ltr'><strong>saltum</strong></span> <span class='ocrx_word' id='word_1_646' title='bbox 2563 4202 2899 4271; x_wconf 85' lang='lat' dir='ltr'><strong>absumptam</strong></span> <span class='ocrx_word' id='word_1_647' title='bbox 2948 4214 3111 4266; x_wconf 86' lang='lat' dir='ltr'><strong>esse,</strong></span> <span class='ocrx_word' id='word_1_648' title='bbox 3162 4198 3398 4253; x_wconf 90' lang='lat' dir='ltr'><strong>hostium</strong></span> <span class='ocrx_word' id='word_1_649' title='bbox 3446 4190 3671 4247; x_wconf 88' lang='lat' dir='ltr'><strong>immani</strong></span> 
     </span>
    </p>
   </div>
   <div class='ocr_carea' id='block_1_89' title="bbox 2098 4280 3743 4364">
    <p class='ocr_par' dir='ltr' id='par_1_89' title="bbox 2098 4280 3743 4364">
     <span class='ocr_line' id='line_1_89' title="bbox 2098 4280 3743 4364; baseline -0.009 -15"><span class='ocrx_word' id='word_1_650' title='bbox 2098 4295 2397 4364; x_wconf 90' lang='lat' dir='ltr'><strong>irruptione</strong></span> <span class='ocrx_word' id='word_1_651' title='bbox 2440 4295 2605 4350; x_wconf 84' lang='lat' dir='ltr'><strong>veluti</strong></span> <span class='ocrx_word' id='word_1_652' title='bbox 2641 4296 2922 4350; x_wconf 87' lang='lat' dir='ltr'><strong>securibus</strong></span> <span class='ocrx_word' id='word_1_653' title='bbox 2965 4292 3227 4348; x_wconf 80' lang='lat' dir='ltr'><strong>excisam.</strong></span> <span class='ocrx_word' id='word_1_654' title='bbox 3257 4287 3536 4343; x_wconf 86' lang='lat' dir='ltr'><strong>Consitum</strong></span> <span class='ocrx_word' id='word_1_655' title='bbox 3570 4297 3671 4336; x_wconf 89' lang='lat' dir='ltr'><strong>au-</strong></span> <span class='ocrx_word' id='word_1_656' title='bbox 3720 4280 3743 4345; x_wconf 59' lang='grc' dir='ltr'>ς’</span> 
     </span>
    </p>
   </div>
   <div class='ocr_carea' id='block_1_90' title="bbox 2100 4375 3729 4456">
    <p class='ocr_par' dir='ltr' id='par_1_90' title="bbox 2100 4375 3729 4456">
     <span class='ocr_line' id='line_1_90' title="bbox 2100 4375 3729 4456; baseline -0.009 -14"><span class='ocrx_word' id='word_1_657' title='bbox 2100 4394 2207 4442; x_wconf 82' lang='lat' dir='ltr'>tem</span> <span class='ocrx_word' id='word_1_658' title='bbox 2237 4387 2457 4454; x_wconf 90' lang='lat' dir='ltr'><strong>saltum,</strong></span> <span class='ocrx_word' id='word_1_659' title='bbox 2504 4403 2664 4456; x_wconf 89' lang='lat' dir='ltr'><strong>quem</strong></span> <span class='ocrx_word' id='word_1_660' title='bbox 2705 4395 2760 4441; x_wconf 87' lang='lat' dir='ltr'>et</span> <span class='ocrx_word' id='word_1_661' title='bbox 2812 4386 3084 4441; x_wconf 90' lang='lat' dir='ltr'><strong>succisum</strong></span> <span class='ocrx_word' id='word_1_662' title='bbox 3124 4383 3275 4445; x_wconf 84' lang='lat' dir='ltr'><strong>dicit,</strong></span> <span class='ocrx_word' id='word_1_663' title='bbox 3322 4375 3675 4434; x_wconf 82' lang='lat' dir='ltr'><strong>nihilominus</strong></span> <span class='ocrx_word' id='word_1_664' title='bbox 3728 4408 3729 4411; x_wconf 60' lang='grc' dir='ltr'>η</span> 
     </span>
    </p>
   </div>
   <div class='ocr_carea' id='block_1_91' title="bbox 2099 4466 3675 4549">
    <p class='ocr_par' dir='ltr' id='par_1_91' title="bbox 2099 4466 3675 4549">
     <span class='ocr_line' id='line_1_91' title="bbox 2099 4466 3675 4549; baseline -0.009 -15"><span class='ocrx_word' id='word_1_665' title='bbox 2099 4488 2153 4534; x_wconf 92' lang='lat' dir='ltr'>et</span> <span class='ocrx_word' id='word_1_666' title='bbox 2182 4479 2356 4549; x_wconf 86' lang='lat' dir='ltr'><strong>ipsum</strong></span> <span class='ocrx_word' id='word_1_667' title='bbox 2404 4479 2596 4549; x_wconf 78' lang='lat' dir='ltr'><strong>vulgus</strong></span> <span class='ocrx_word' id='word_1_668' title='bbox 2648 4476 3190 4547; x_wconf 82' lang='lat' dir='ltr'><strong>llierosolymitanum</strong></span> <span class='ocrx_word' id='word_1_669' title='bbox 3242 4472 3500 4540; x_wconf 85' lang='lat' dir='ltr'><strong>intellige,</strong></span> <span class='ocrx_word' id='word_1_670' title='bbox 3532 4466 3675 4537; x_wconf 91' lang='lat' dir='ltr'><strong>quod</strong></span> 
     </span>
    </p>
   </div>
   <div class='ocr_carea' id='block_1_92' title="bbox 2097 4561 3679 4637">
    <p class='ocr_par' dir='ltr' id='par_1_92' title="bbox 2097 4561 3679 4637">
     <span class='ocr_line' id='line_1_92' title="bbox 2097 4561 3679 4637; baseline -0.007 -15"><span class='ocrx_word' id='word_1_671' title='bbox 2097 4569 2242 4623; x_wconf 77' lang='lat' dir='ltr'><strong>fame</strong></span> <span class='ocrx_word' id='word_1_672' title='bbox 2298 4578 2352 4622; x_wconf 88' lang='lat' dir='ltr'>et</span> <span class='ocrx_word' id='word_1_673' title='bbox 2388 4570 2529 4623; x_wconf 89' lang='lat' dir='ltr'><strong>bello</strong></span> <span class='ocrx_word' id='word_1_674' title='bbox 2560 4569 2743 4637; x_wconf 83' lang='lat' dir='ltr'><strong>periit,</strong></span> <span class='ocrx_word' id='word_1_675' title='bbox 2783 4568 3121 4623; x_wconf 89' lang='lat' dir='ltr'><strong>ululantibus</strong></span> <span class='ocrx_word' id='word_1_676' title='bbox 3165 4578 3330 4633; x_wconf 85' lang='lat' dir='ltr'><strong>super</strong></span> <span class='ocrx_word' id='word_1_677' title='bbox 3366 4561 3483 4631; x_wconf 86' lang='lat' dir='ltr'><strong>ipso</strong></span> <span class='ocrx_word' id='word_1_678' title='bbox 3511 4571 3679 4628; x_wconf 88' lang='lat' dir='ltr'><strong>quer-</strong></span> 
     </span>
    </p>
   </div>
   <div class='ocr_carea' id='block_1_93' title="bbox 2099 4656 3318 4727">
    <p class='ocr_par' dir='ltr' id='par_1_93' title="bbox 2099 4656 3318 4727">
     <span class='ocr_line' id='line_1_93' title="bbox 2099 4656 3318 4727; baseline -0.007 -12"><span class='ocrx_word' id='word_1_679' title='bbox 2099 4663 2271 4715; x_wconf 77' lang='lat' dir='ltr'><strong>cubus</strong></span> <span class='ocrx_word' id='word_1_680' title='bbox 2298 4659 2642 4725; x_wconf 83' lang='lat' dir='ltr'><strong>Basanitidis,</strong></span> <span class='ocrx_word' id='word_1_681' title='bbox 2682 4659 2784 4713; x_wconf 90' lang='lat' dir='ltr'>hoc</span> <span class='ocrx_word' id='word_1_682' title='bbox 2816 4668 2922 4724; x_wconf 90' lang='lat' dir='ltr'><strong>est,</strong></span> <span class='ocrx_word' id='word_1_683' title='bbox 2969 4656 3318 4727; x_wconf 81' lang='lat' dir='ltr'><strong>primoribus.</strong></span> 
     </span>
    </p>
   </div>
   <div class='ocr_carea' id='block_1_94' title="bbox 410 4736 3677 4822">
    <p class='ocr_par' dir='ltr' id='par_1_94' title="bbox 410 4736 3677 4822">
     <span class='ocr_line' id='line_1_94' title="bbox 410 4736 3677 4822; baseline -0.003 -22"><span class='ocrx_word' id='word_1_684' title='bbox 410 4749 529 4810; x_wconf 81' lang='grc' dir='ltr'>ταῖς</span> <span class='ocrx_word' id='word_1_685' title='bbox 560 4746 669 4800; x_wconf 84' lang='grc' dir='ltr'>τῶν</span> <span class='ocrx_word' id='word_1_686' title='bbox 718 4747 1097 4819; x_wconf 78' lang='grc' dir='ltr'>πολεμούντων</span> <span class='ocrx_word' id='word_1_687' title='bbox 1159 4747 1379 4818; x_wconf 87' lang='grc' dir='ltr'>ἀγρίαις</span> <span class='ocrx_word' id='word_1_688' title='bbox 1424 4746 1700 4817; x_wconf 82' lang='grc' dir='ltr'>ἐμϐολαῖς.</span> <span class='ocrx_word' id='word_1_689' title='bbox 1734 4747 2020 4819; x_wconf 83' lang='grc' dir='ltr'>Σύμφυτον</span> <span class='ocrx_word' id='word_1_690' title='bbox 2056 4749 2117 4803; x_wconf 72' lang='grc' dir='ltr'>δὲ</span> <span class='ocrx_word' id='word_1_691' title='bbox 2171 4750 2397 4822; x_wconf 81' lang='grc' dir='ltr'>δρυμὸν,</span> <span class='ocrx_word' id='word_1_692' title='bbox 2419 4751 2477 4804; x_wconf 85' lang='grc' dir='ltr'>ὃν</span> <span class='ocrx_word' id='word_1_693' title='bbox 2511 4749 2575 4821; x_wconf 81' lang='grc' dir='ltr'>δὴ</span> <span class='ocrx_word' id='word_1_694' title='bbox 2603 4751 2696 4805; x_wconf 83' lang='grc' dir='ltr'>καὶ</span> <span class='ocrx_word' id='word_1_695' title='bbox 2722 4749 3096 4804; x_wconf 85' lang='grc' dir='ltr'>κατεσπάσθαι</span> <span class='ocrx_word' id='word_1_696' title='bbox 3124 4742 3491 4818; x_wconf 76' lang='grc' dir='ltr'>φησὶν,οὺδὶν</span> <span class='ocrx_word' id='word_1_697' title='bbox 3515 4736 3677 4811; x_wconf 85' lang='grc' dir='ltr'>ἧττον</span> 
     </span>
    </p>
   </div>
   <div class='ocr_carea' id='block_1_95' title="bbox 414 4833 3678 4914">
    <p class='ocr_par' dir='ltr' id='par_1_95' title="bbox 414 4833 3678 4914">
     <span class='ocr_line' id='line_1_95' title="bbox 414 4833 3678 4914; baseline -0.002 -23"><span class='ocrx_word' id='word_1_698' title='bbox 414 4840 623 4907; x_wconf 81' lang='grc' dir='ltr'>νοήσεις</span> <span class='ocrx_word' id='word_1_699' title='bbox 664 4840 759 4892; x_wconf 74' lang='grc' dir='ltr'>καὶ</span> <span class='ocrx_word' id='word_1_700' title='bbox 787 4840 956 4909; x_wconf 73' lang='grc' dir='ltr'>αὐτὴν</span> <span class='ocrx_word' id='word_1_701' title='bbox 984 4840 1083 4910; x_wconf 82' lang='grc' dir='ltr'>τὴν</span> <span class='ocrx_word' id='word_1_702' title='bbox 1106 4838 1165 4891; x_wconf 82' lang='grc' dir='ltr'>ὲν</span> <span class='ocrx_word' id='word_1_703' title='bbox 1200 4838 1591 4910; x_wconf 84' lang='grc' dir='ltr'>Ἱεροσολύμοις</span> <span class='ocrx_word' id='word_1_704' title='bbox 1624 4838 1865 4907; x_wconf 87' lang='grc' dir='ltr'>πληθύν·</span> <span class='ocrx_word' id='word_1_705' title='bbox 1910 4840 2054 4911; x_wconf 83' lang='grc' dir='ltr'>λιμῷ</span> <span class='ocrx_word' id='word_1_706' title='bbox 2090 4859 2150 4895; x_wconf 89' lang='grc' dir='ltr'>τε</span> <span class='ocrx_word' id='word_1_707' title='bbox 2190 4843 2299 4914; x_wconf 80' lang='grc' dir='ltr'>γὰρ</span> <span class='ocrx_word' id='word_1_708' title='bbox 2337 4845 2430 4896; x_wconf 78' lang='grc' dir='ltr'>καὶ</span> <span class='ocrx_word' id='word_1_709' title='bbox 2468 4842 2699 4913; x_wconf 78' lang='grc' dir='ltr'>πολέμῳ</span> <span class='ocrx_word' id='word_1_710' title='bbox 2724 4840 3060 4907; x_wconf 83' lang='grc' dir='ltr'>διολώλασιν,</span> <span class='ocrx_word' id='word_1_711' title='bbox 3104 4833 3538 4901; x_wconf 78' lang='grc' dir='ltr'>ὲπολολυζάντων</span> <span class='ocrx_word' id='word_1_712' title='bbox 3577 4833 3678 4885; x_wconf 83' lang='grc' dir='ltr'>αὐ·-</span> 
     </span>
    </p>
   </div>
   <div class='ocr_carea' id='block_1_96' title="bbox 416 4929 2176 5003">
    <p class='ocr_par' dir='ltr' id='par_1_96' title="bbox 416 4929 2176 5003">
     <span class='ocr_line' id='line_1_96' title="bbox 416 4929 2176 5003; baseline 0.005 -21"><span class='ocrx_word' id='word_1_713' title='bbox 416 4932 525 4992; x_wconf 84' lang='grc' dir='ltr'>τοίς</span> <span class='ocrx_word' id='word_1_714' title='bbox 548 4929 655 4983; x_wconf 84' lang='grc' dir='ltr'>τῶν</span> <span class='ocrx_word' id='word_1_715' title='bbox 680 4930 780 5000; x_wconf 83' lang='grc' dir='ltr'>τῆς</span> <span class='ocrx_word' id='word_1_716' title='bbox 810 4930 1154 4993; x_wconf 86' lang='grc' dir='ltr'>Βασανίτιδος</span> <span class='ocrx_word' id='word_1_717' title='bbox 1182 4929 1379 5001; x_wconf 84' lang='grc' dir='ltr'>δρυῶν,</span> <span class='ocrx_word' id='word_1_718' title='bbox 1404 4933 1671 4993; x_wconf 82' lang='grc' dir='ltr'>τουτέστι,</span> <span class='ocrx_word' id='word_1_719' title='bbox 1700 4932 1808 4983; x_wconf 86' lang='grc' dir='ltr'>τῶν</span> <span class='ocrx_word' id='word_1_720' title='bbox 1836 4934 2176 5003; x_wconf 88' lang='grc' dir='ltr'>ἡγουμένων.</span> 
     </span>
    </p>
   </div>
   <div class='ocr_carea' id='block_1_97' title="bbox 486 5020 1995 5098">
    <p class='ocr_par' dir='ltr' id='par_1_97' title="bbox 486 5020 1995 5090">
     <span class='ocr_line' id='line_1_97' title="bbox 486 5020 1995 5090; baseline -0.001 -14"><span class='ocrx_word' id='word_1_721' title='bbox 486 5022 659 5089; x_wconf 71' lang='grc' dir='ltr'>Φωνὴ</span> <span class='ocrx_word' id='word_1_722' title='bbox 717 5022 1100 5089; x_wconf 77' lang='grc' dir='ltr'>θρηνούντων</span> <span class='ocrx_word' id='word_1_723' title='bbox 1151 5021 1468 5090; x_wconf 76' lang='grc' dir='ltr'>ποιμένων,</span> <span class='ocrx_word' id='word_1_724' title='bbox 1514 5020 1606 5074; x_wconf 80' lang='grc' dir='ltr'>ὅτι</span> <span class='ocrx_word' id='word_1_725' title='bbox 1644 5023 1995 5076; x_wconf 69' lang='grc' dir='ltr'>τεταλαιπώ-</span> 
     </span>
    </p>
   </div>
   <div class='ocr_carea' id='block_1_98' title="bbox 2081 5020 3687 5098">
    <p class='ocr_par' dir='ltr' id='par_1_98' title="bbox 2178 5020 3687 5095">
     <span class='ocr_line' id='line_1_98' title="bbox 2178 5020 3687 5095; baseline -0.006 -16"><span class='ocrx_word' id='word_1_726' title='bbox 2178 5026 2340 5082; x_wconf 71' lang='lat' dir='ltr'><strong>Vens.</strong></span> <span class='ocrx_word' id='word_1_727' title='bbox 2383 5027 2436 5082; x_wconf 80' lang='lat'><strong>5.</strong></span> <span class='ocrx_word' id='word_1_728' title='bbox 2487 5026 2601 5080; x_wconf 65' lang='grc' dir='ltr'>νοις</span> <span class='ocrx_word' id='word_1_729' title='bbox 2630 5023 2943 5095; x_wconf 79' lang='lat' dir='ltr'><strong>ejulantium</strong></span> <span class='ocrx_word' id='word_1_730' title='bbox 2979 5032 3274 5093; x_wconf 80' lang='lat' dir='ltr'><strong>pastorum,</strong></span> <span class='ocrx_word' id='word_1_731' title='bbox 3303 5020 3553 5089; x_wconf 66' lang='lat' dir='ltr'><strong>quoidam</strong></span> <span class='ocrx_word' id='word_1_732' title='bbox 3582 5020 3687 5072; x_wconf 83' lang='lat' dir='ltr'><strong>nti-</strong></span> 
     </span>
    </p>
   </div>
   <div class='ocr_carea' id='block_1_99' title="bbox 411 5111 1999 5187">
    <p class='ocr_par' dir='ltr' id='par_1_99' title="bbox 411 5111 1999 5187">
     <span class='ocr_line' id='line_1_99' title="bbox 411 5111 1999 5187; baseline -0.003 -17"><span class='ocrx_word' id='word_1_733' title='bbox 411 5134 599 5187; x_wconf 79' lang='grc' dir='ltr'>ρηκεν</span> <span class='ocrx_word' id='word_1_734' title='bbox 635 5116 672 5183; x_wconf 73' lang='grc' dir='ltr'>ἡ</span> <span class='ocrx_word' id='word_1_735' title='bbox 712 5115 1103 5183; x_wconf 60' lang='grc' dir='ltr'>μεγαλοσύνη</span> <span class='ocrx_word' id='word_1_736' title='bbox 1170 5111 1389 5168; x_wconf 77' lang='grc' dir='ltr'>αὐτῶν.</span> <span class='ocrx_word' id='word_1_737' title='bbox 1433 5112 1605 5180; x_wconf 71' lang='grc' dir='ltr'>Φωνὴ</span> <span class='ocrx_word' id='word_1_738' title='bbox 1645 5112 1999 5181; x_wconf 59' lang='grc' dir='ltr'>ἀρυομένων</span> 
     </span>
    </p>
   </div>
   <div class='ocr_carea' id='block_1_100' title="bbox 416 5203 2001 5273">
    <p class='ocr_par' dir='ltr' id='par_1_100' title="bbox 416 5203 2001 5273">
     <span class='ocr_line' id='line_1_100' title="bbox 416 5203 2001 5273; baseline -0.004 -11"><span class='ocrx_word' id='word_1_739' title='bbox 416 5211 703 5272; x_wconf 63' lang='grc' dir='ltr'>⁵ἰδόντων,</span> <span class='ocrx_word' id='word_1_740' title='bbox 748 5205 836 5259; x_wconf 88' lang='grc' dir='ltr'>ὅτι</span> <span class='ocrx_word' id='word_1_741' title='bbox 880 5205 1362 5272; x_wconf 71' lang='grc' dir='ltr'>τεταλαιπωρηκε</span> <span class='ocrx_word' id='word_1_742' title='bbox 1414 5204 1479 5259; x_wconf 78' lang='grc' dir='ltr'>τὸ</span> <span class='ocrx_word' id='word_1_743' title='bbox 1524 5203 1807 5273; x_wconf 70' lang='grc' dir='ltr'>φρύαγμα</span> <span class='ocrx_word' id='word_1_744' title='bbox 1862 5203 2001 5271; x_wconf 82' lang='grc' dir='ltr'>Ἰορ-</span> 
     </span>
    </p>
   </div>
   <div class='ocr_carea' id='block_1_101' title="bbox 418 5299 627 5353">
    <p class='ocr_par' dir='ltr' id='par_1_101' title="bbox 418 5299 627 5353">
     <span class='ocr_line' id='line_1_101' title="bbox 418 5299 627 5353; baseline 0.005 -1"><span class='ocrx_word' id='word_1_745' title='bbox 418 5299 627 5353; x_wconf 82' lang='grc' dir='ltr'>δάνου.</span> 
     </span>
    </p>
   </div>
   <div class='ocr_carea' id='block_1_102' title="bbox 492 5382 2005 5463">
    <p class='ocr_par' dir='ltr' id='par_1_102' title="bbox 492 5382 2005 5463">
     <span class='ocr_line' id='line_1_102' title="bbox 492 5382 2005 5463; baseline -0.001 -20"><span class='ocrx_word' id='word_1_746' title='bbox 492 5394 629 5458; x_wconf 74' lang='grc' dir='ltr'>οςν.</span> <span class='ocrx_word' id='word_1_747' title='bbox 673 5392 1113 5463; x_wconf 84' lang='grc' dir='ltr'>Ἐμφανεστέραν</span> <span class='ocrx_word' id='word_1_748' title='bbox 1138 5390 1346 5453; x_wconf 80' lang='grc' dir='ltr'>τούτοις</span> <span class='ocrx_word' id='word_1_749' title='bbox 1363 5382 1436 5443; x_wconf 81' lang='grc' dir='ltr'>ὧν</span> <span class='ocrx_word' id='word_1_750' title='bbox 1456 5389 1593 5461; x_wconf 76' lang='grc' dir='ltr'>ἔφην</span> <span class='ocrx_word' id='word_1_751' title='bbox 1613 5388 1815 5461; x_wconf 86' lang='grc' dir='ltr'>ἀρτίως</span> <span class='ocrx_word' id='word_1_752' title='bbox 1838 5391 2005 5442; x_wconf 80' lang='grc' dir='ltr'>ποιεῖ·</span> 
     </span>
    </p>
   </div>
   <div class='ocr_carea' id='block_1_103' title="bbox 421 5481 2001 5554">
    <p class='ocr_par' dir='ltr' id='par_1_103' title="bbox 421 5481 2001 5554">
     <span class='ocr_line' id='line_1_103' title="bbox 421 5481 2001 5554; baseline -0.001 -18"><span class='ocrx_word' id='word_1_753' title='bbox 421 5502 511 5536; x_wconf 88' lang='grc' dir='ltr'>ται</span> <span class='ocrx_word' id='word_1_754' title='bbox 541 5484 639 5553; x_wconf 81' lang='grc' dir='ltr'>τὴν</span> <span class='ocrx_word' id='word_1_755' title='bbox 663 5483 911 5554; x_wconf 81' lang='grc' dir='ltr'>δήλωσιν.</span> <span class='ocrx_word' id='word_1_756' title='bbox 940 5484 1019 5537; x_wconf 83' lang='grc' dir='ltr'>Ού</span> <span class='ocrx_word' id='word_1_757' title='bbox 1051 5483 1156 5554; x_wconf 84' lang='grc' dir='ltr'>γάρ</span> <span class='ocrx_word' id='word_1_758' title='bbox 1183 5482 1263 5535; x_wconf 72' lang='grc' dir='ltr'>ἔτι</span> <span class='ocrx_word' id='word_1_759' title='bbox 1294 5482 1452 5535; x_wconf 87' lang='grc' dir='ltr'>πίτυν</span> <span class='ocrx_word' id='word_1_760' title='bbox 1480 5482 1512 5553; x_wconf 86' lang='grc' dir='ltr'>ἦ</span> <span class='ocrx_word' id='word_1_761' title='bbox 1562 5481 1692 5551; x_wconf 81' lang='grc' dir='ltr'>δρῦν</span> <span class='ocrx_word' id='word_1_762' title='bbox 1725 5482 2001 5554; x_wconf 78' lang='grc' dir='ltr'>ὀνομάζει,</span> 
     </span>
    </p>
   </div>
   <div class='ocr_carea' id='block_1_104' title="bbox 424 5574 2001 5647">
    <p class='ocr_par' dir='ltr' id='par_1_104' title="bbox 424 5574 2001 5647">
     <span class='ocr_line' id='line_1_104' title="bbox 424 5574 2001 5647; baseline -0.002 -17"><span class='ocrx_word' id='word_1_763' title='bbox 424 5575 894 5647; x_wconf 82' lang='grc' dir='ltr'>άπημφιεσμένως</span> <span class='ocrx_word' id='word_1_764' title='bbox 936 5575 991 5627; x_wconf 77' lang='grc' dir='ltr'>δὲ</span> <span class='ocrx_word' id='word_1_765' title='bbox 1036 5576 1159 5637; x_wconf 73' lang='grc' dir='ltr'>τοὺς</span> <span class='ocrx_word' id='word_1_766' title='bbox 1205 5574 1314 5627; x_wconf 83' lang='grc' dir='ltr'>τῶν</span> <span class='ocrx_word' id='word_1_767' title='bbox 1352 5574 1658 5627; x_wconf 79' lang='grc' dir='ltr'>Ἰουδαϊκῶν</span> <span class='ocrx_word' id='word_1_768' title='bbox 1706 5576 2001 5645; x_wconf 82' lang='grc' dir='ltr'>ταγμάτων</span> 
     </span>
    </p>
   </div>
   <div class='ocr_carea' id='block_1_105' title="bbox 435 5666 2004 5740">
    <p class='ocr_par' dir='ltr' id='par_1_105' title="bbox 435 5666 2004 5740">
     <span class='ocr_line' id='line_1_105' title="bbox 435 5666 2004 5740; baseline 0 -17"><span class='ocrx_word' id='word_1_769' title='bbox 435 5670 689 5740; x_wconf 86' lang='grc' dir='ltr'>σημαίνει</span> <span class='ocrx_word' id='word_1_770' title='bbox 720 5667 1054 5738; x_wconf 73' lang='grc' dir='ltr'>καθηγητὰς,</span> <span class='ocrx_word' id='word_1_771' title='bbox 1081 5666 1173 5730; x_wconf 80' lang='grc' dir='ltr'>οὓς</span> <span class='ocrx_word' id='word_1_772' title='bbox 1207 5668 1299 5720; x_wconf 70' lang='grc' dir='ltr'>καὶ</span> <span class='ocrx_word' id='word_1_773' title='bbox 1331 5666 1687 5737; x_wconf 86' lang='grc' dir='ltr'>όλοφύρεσθαί</span> <span class='ocrx_word' id='word_1_774' title='bbox 1730 5685 1881 5738; x_wconf 84' lang='grc' dir='ltr'>φησι,</span> <span class='ocrx_word' id='word_1_775' title='bbox 1911 5671 2004 5723; x_wconf 77' lang='grc' dir='ltr'>καὶ</span> 
     </span>
    </p>
   </div>
   <div class='ocr_carea' id='block_1_106' title="bbox 435 5757 2006 5830">
    <p class='ocr_par' dir='ltr' id='par_1_106' title="bbox 435 5757 2006 5830">
     <span class='ocr_line' id='line_1_106' title="bbox 435 5757 2006 5830; baseline -0.004 -15"><span class='ocrx_word' id='word_1_776' title='bbox 435 5758 541 5815; x_wconf 69' lang='grc' dir='ltr'>οἷον</span> <span class='ocrx_word' id='word_1_777' title='bbox 579 5760 758 5830; x_wconf 70' lang='grc' dir='ltr'>φωνὰς</span> <span class='ocrx_word' id='word_1_778' title='bbox 792 5760 1018 5822; x_wconf 74' lang='grc' dir='ltr'>ἀνιέναι,</span> <span class='ocrx_word' id='word_1_779' title='bbox 1063 5757 1527 5826; x_wconf 62' lang='grc' dir='ltr'>κατοιμιῖλζοντας,</span> <span class='ocrx_word' id='word_1_780' title='bbox 1560 5760 1641 5811; x_wconf 78' lang='grc' dir='ltr'>ὅτι</span> <span class='ocrx_word' id='word_1_781' title='bbox 1672 5759 2006 5813; x_wconf 70' lang='grc' dir='ltr'>τεταλαιπω-</span> 
     </span>
    </p>
   </div>
   <div class='ocr_carea' id='block_1_107' title="bbox 504 5932 1690 6003">
    <p class='ocr_par' dir='ltr' id='par_1_107' title="bbox 504 5932 1690 6003">
     <span class='ocr_line' id='line_1_107' title="bbox 504 5932 1690 6003; baseline -0.008 -11"><span class='ocrx_word' id='word_1_782' title='bbox 504 5942 545 5971; x_wconf 85' lang='grc'>⁶⁰</span> <span class='ocrx_word' id='word_1_783' title='bbox 573 5940 698 5999; x_wconf 79' lang='lat' dir='ltr'><strong>Luc.</strong></span> <span class='ocrx_word' id='word_1_784' title='bbox 738 5954 810 6003; x_wconf 71' lang='grc' dir='ltr'>λι,</span> <span class='ocrx_word' id='word_1_785' title='bbox 846 5935 935 5991; x_wconf 67' lang='lat'>3&#39;3.</span> <span class='ocrx_word' id='word_1_786' title='bbox 1016 5934 1052 5965; x_wconf 80' lang='grc'>⁶¹</span> <span class='ocrx_word' id='word_1_787' title='bbox 1082 5932 1269 5986; x_wconf 75' lang='lat' dir='ltr'><strong>Matth.</strong></span> <span class='ocrx_word' id='word_1_788' title='bbox 1303 5948 1411 5999; x_wconf 70' lang='lat' dir='ltr'><strong>ut,</strong></span> <span class='ocrx_word' id='word_1_789' title='bbox 1450 5932 1517 5987; x_wconf 70' lang='lat'>53</span> <span class='ocrx_word' id='word_1_790' title='bbox 1545 5948 1690 6002; x_wconf 67' lang='lat' dir='ltr'><strong>st‘qq.</strong></span> 
     </span>
    </p>
   </div>
   <div class='ocr_carea' id='block_1_108' title="bbox 2102 5112 3681 5188">
    <p class='ocr_par' dir='ltr' id='par_1_108' title="bbox 2102 5112 3681 5188">
     <span class='ocr_line' id='line_1_108' title="bbox 2102 5112 3681 5188; baseline -0.006 -14"><span class='ocrx_word' id='word_1_791' title='bbox 2102 5135 2221 5174; x_wconf 75' lang='lat' dir='ltr'><strong>sera</strong></span> <span class='ocrx_word' id='word_1_792' title='bbox 2252 5120 2394 5188; x_wconf 84' lang='lat' dir='ltr'><strong>facta</strong></span> <span class='ocrx_word' id='word_1_793' title='bbox 2430 5129 2503 5173; x_wconf 79' lang='lat' dir='ltr'>est</span> <span class='ocrx_word' id='word_1_794' title='bbox 2537 5117 2924 5188; x_wconf 77' lang='lat' dir='ltr'><strong>magniﬁcentia</strong></span> <span class='ocrx_word' id='word_1_795' title='bbox 2954 5132 3154 5169; x_wconf 81' lang='lat' dir='ltr'><strong>eorum.</strong></span> <span class='ocrx_word' id='word_1_796' title='bbox 3205 5112 3321 5166; x_wconf 72' lang='lat' dir='ltr'>Vox</span> <span class='ocrx_word' id='word_1_797' title='bbox 3358 5112 3681 5180; x_wconf 74' lang='lat' dir='ltr'><strong>rugientium</strong></span> 
     </span>
    </p>
   </div>
   <div class='ocr_carea' id='block_1_109' title="bbox 2103 5204 3678 5281">
    <p class='ocr_par' dir='ltr' id='par_1_109' title="bbox 2103 5204 3678 5281">
     <span class='ocr_line' id='line_1_109' title="bbox 2103 5204 3678 5281; baseline -0.006 -17"><span class='ocrx_word' id='word_1_798' title='bbox 2103 5211 2329 5274; x_wconf 82' lang='lat' dir='ltr'><strong>leonum,</strong></span> <span class='ocrx_word' id='word_1_799' title='bbox 2362 5212 2612 5281; x_wconf 85' lang='lat' dir='ltr'><strong>quoniam</strong></span> <span class='ocrx_word' id='word_1_800' title='bbox 2644 5213 2801 5264; x_wconf 81' lang='lat' dir='ltr'><strong>miser</strong></span> <span class='ocrx_word' id='word_1_801' title='bbox 2831 5209 3004 5277; x_wconf 82' lang='lat' dir='ltr'><strong>factus</strong></span> <span class='ocrx_word' id='word_1_802' title='bbox 3029 5217 3103 5261; x_wconf 79' lang='lat' dir='ltr'>est</span> <span class='ocrx_word' id='word_1_803' title='bbox 3131 5206 3372 5275; x_wconf 75' lang='lat' dir='ltr'><strong>fremitus</strong></span> <span class='ocrx_word' id='word_1_804' title='bbox 3400 5204 3678 5258; x_wconf 75' lang='lat' dir='ltr'><strong>Iordanis.</strong></span> 
     </span>
    </p>
   </div>
   <div class='ocr_carea' id='block_1_110' title="bbox 2178 5378 3685 5448">
    <p class='ocr_par' dir='ltr' id='par_1_110' title="bbox 2178 5378 3685 5448">
     <span class='ocr_line' id='line_1_110' title="bbox 2178 5378 3685 5448; baseline -0.002 -13"><span class='ocrx_word' id='word_1_805' title='bbox 2178 5380 2414 5436; x_wconf 73' lang='lat' dir='ltr'>LXXVI.</span> <span class='ocrx_word' id='word_1_806' title='bbox 2478 5381 2570 5436; x_wconf 84' lang='lat' dir='ltr'><strong>llis</strong></span> <span class='ocrx_word' id='word_1_807' title='bbox 2635 5381 2819 5437; x_wconf 83' lang='lat' dir='ltr'><strong>verbis</strong></span> <span class='ocrx_word' id='word_1_808' title='bbox 2882 5381 3206 5436; x_wconf 86' lang='lat' dir='ltr'><strong>luculentius</strong></span> <span class='ocrx_word' id='word_1_809' title='bbox 3262 5394 3326 5433; x_wconf 86' lang='lat' dir='ltr'>ea</span> <span class='ocrx_word' id='word_1_810' title='bbox 3388 5393 3509 5448; x_wconf 65' lang='lat' dir='ltr'><strong>qua</strong></span> <span class='ocrx_word' id='word_1_811' title='bbox 3576 5378 3685 5433; x_wconf 82' lang='lat' dir='ltr'><strong>disi</strong></span> 
     </span>
    </p>
   </div>
   <div class='ocr_carea' id='block_1_111' title="bbox 2106 5474 3687 5544">
    <p class='ocr_par' dir='ltr' id='par_1_111' title="bbox 2106 5474 3687 5544">
     <span class='ocr_line' id='line_1_111' title="bbox 2106 5474 3687 5544; baseline -0.002 -17"><span class='ocrx_word' id='word_1_812' title='bbox 2106 5475 2378 5542; x_wconf 80' lang='lat' dir='ltr'><strong>explanat.</strong></span> <span class='ocrx_word' id='word_1_813' title='bbox 2426 5474 2542 5529; x_wconf 89' lang='lat' dir='ltr'>Non</span> <span class='ocrx_word' id='word_1_814' title='bbox 2578 5475 2719 5530; x_wconf 88' lang='lat' dir='ltr'><strong>enim</strong></span> <span class='ocrx_word' id='word_1_815' title='bbox 2765 5476 2995 5544; x_wconf 87' lang='lat' dir='ltr'><strong>amplius</strong></span> <span class='ocrx_word' id='word_1_816' title='bbox 3036 5474 3220 5543; x_wconf 89' lang='lat' dir='ltr'><strong>pinum</strong></span> <span class='ocrx_word' id='word_1_817' title='bbox 3285 5483 3379 5527; x_wconf 85' lang='lat' dir='ltr'>aut</span> <span class='ocrx_word' id='word_1_818' title='bbox 3425 5487 3687 5541; x_wconf 88' lang='lat' dir='ltr'><strong>quercum</strong></span> 
     </span>
    </p>
   </div>
   <div class='ocr_carea' id='block_1_112' title="bbox 2110 5564 3687 5637">
    <p class='ocr_par' dir='ltr' id='par_1_112' title="bbox 2110 5564 3687 5637">
     <span class='ocr_line' id='line_1_112' title="bbox 2110 5564 3687 5637; baseline -0.003 -15"><span class='ocrx_word' id='word_1_819' title='bbox 2110 5578 2403 5637; x_wconf 86' lang='lat' dir='ltr'><strong>nuncupat,</strong></span> <span class='ocrx_word' id='word_1_820' title='bbox 2436 5569 2529 5622; x_wconf 89' lang='lat' dir='ltr'>scd</span> <span class='ocrx_word' id='word_1_821' title='bbox 2566 5570 2704 5623; x_wconf 86' lang='lat' dir='ltr'><strong>unde</strong></span> <span class='ocrx_word' id='word_1_822' title='bbox 2727 5567 3077 5623; x_wconf 83' lang='lat' dir='ltr'><strong>Judaicorum</strong></span> <span class='ocrx_word' id='word_1_823' title='bbox 3108 5565 3359 5621; x_wconf 89' lang='lat' dir='ltr'><strong>ordinum</strong></span> <span class='ocrx_word' id='word_1_824' title='bbox 3411 5564 3687 5635; x_wconf 86' lang='lat' dir='ltr'><strong>principes</strong></span> 
     </span>
    </p>
   </div>
   <div class='ocr_carea' id='block_1_113' title="bbox 2111 5660 3687 5733">
    <p class='ocr_par' dir='ltr' id='par_1_113' title="bbox 2111 5660 3687 5733">
     <span class='ocr_line' id='line_1_113' title="bbox 2111 5660 3687 5733; baseline -0.003 -17"><span class='ocrx_word' id='word_1_825' title='bbox 2111 5677 2174 5716; x_wconf 86' lang='lat' dir='ltr'>ac</span> <span class='ocrx_word' id='word_1_826' title='bbox 2226 5663 2393 5717; x_wconf 91' lang='lat' dir='ltr'><strong>duces</strong></span> <span class='ocrx_word' id='word_1_827' title='bbox 2440 5661 2732 5733; x_wconf 71' lang='lat' dir='ltr'><strong>signiticet,</strong></span> <span class='ocrx_word' id='word_1_828' title='bbox 2782 5677 2918 5733; x_wconf 83' lang='lat' dir='ltr'><strong>quos</strong></span> <span class='ocrx_word' id='word_1_829' title='bbox 2962 5672 3016 5715; x_wconf 87' lang='lat' dir='ltr'>et</span> <span class='ocrx_word' id='word_1_830' title='bbox 3064 5660 3292 5731; x_wconf 83' lang='lat' dir='ltr'><strong>ejulare,</strong></span> <span class='ocrx_word' id='word_1_831' title='bbox 3340 5670 3395 5716; x_wconf 92' lang='lat' dir='ltr'>et</span> <span class='ocrx_word' id='word_1_832' title='bbox 3430 5670 3687 5729; x_wconf 84' lang='lat' dir='ltr'><strong>tanquam</strong></span> 
     </span>
    </p>
   </div>
   <div class='ocr_carea' id='block_1_114' title="bbox 2118 5752 3687 5825">
    <p class='ocr_par' dir='ltr' id='par_1_114' title="bbox 2118 5752 3687 5825">
     <span class='ocr_line' id='line_1_114' title="bbox 2118 5752 3687 5825; baseline -0.002 -18"><span class='ocrx_word' id='word_1_833' title='bbox 2118 5772 2275 5813; x_wconf 75' lang='lat' dir='ltr'><strong>\‘Uccs</strong></span> <span class='ocrx_word' id='word_1_834' title='bbox 2333 5758 2619 5821; x_wconf 83' lang='lat' dir='ltr'><strong>emittere,</strong></span> <span class='ocrx_word' id='word_1_835' title='bbox 2686 5772 2752 5811; x_wconf 88' lang='lat' dir='ltr'>ac</span> <span class='ocrx_word' id='word_1_836' title='bbox 2824 5755 3106 5811; x_wconf 83' lang='lat' dir='ltr'><strong>lamentari</strong></span> <span class='ocrx_word' id='word_1_837' title='bbox 3162 5763 3381 5825; x_wconf 87' lang='lat' dir='ltr'><strong>propter</strong></span> <span class='ocrx_word' id='word_1_838' title='bbox 3432 5752 3687 5808; x_wconf 84' lang='lat' dir='ltr'><strong>alllietam</strong></span> 
     </span>
    </p>
   </div>
   <div class='ocr_carea' id='block_1_115' title="bbox 3716 4548 3731 4589">
    <p class='ocr_par' dir='ltr' id='par_1_115' title="bbox 3716 4548 3731 4589">
     <span class='ocr_line' id='line_1_115' title="bbox 3716 4548 3731 4589; baseline 0 0"><span class='ocrx_word' id='word_1_839' title='bbox 3716 4548 3731 4589; x_wconf 81' lang='lat' dir='ltr'>l</span> 
     </span>
    </p>
   </div>
   <div class='ocr_carea' id='block_1_116' title="bbox 3731 4608 3747 4637">
    <p class='ocr_par' dir='ltr' id='par_1_116' title="bbox 3731 4608 3747 4637">
     <span class='ocr_line' id='line_1_116' title="bbox 3731 4608 3747 4637; baseline 0 0"><span class='ocrx_word' id='word_1_840' title='bbox 3731 4608 3747 4637; x_wconf 72' lang='grc' dir='ltr'>δ</span> 
     </span>
    </p>
   </div>
  </div>
