4072 6370
473 479 575 534 {'79

1500 468 1560 523 ε.
1605 463 1884 521 CYRILLI
1925 421 2408 516 ALEXANDRlNl‘
2437 456 2758 516 ARClllEP.

3629 446 3733 503 180

472 598 714 665 ipsorum
768 589 1225 662 magniﬁcentiam
1258 595 1506 642 testatur.
1547 585 1700 642 Facti
1734 594 1858 642 sunt
1899 582 2042 637 enim

2165 599 2315 651 >1;st
2357 583 2390 651 ἡ
2435 575 2779 651 μεγαλοσύνη
2814 569 3011 626 αὐτῶν.
3052 567 3312 633 Γεγόνασι
3355 562 3468 665 γὰρ
3495 563 3729 665 circ-.90},

475 685 814 742 miserabiles
856 694 913 739 et
944 682 1162 752 abiecti,
1198 681 1494 750 miserique
1515 690 1568 735 et
1602 677 2041 749 despicatissimi,

473 778 722 848 quamvis
758 777 889 833 olim
927 775 1224 831 honoribus
1253 773 1712 829 circumﬂuerent.
1751 768 2043 840 Postquam

475 870 619 923 enim
663 876 1028 938 apparuerunt
1055 875 1300 935 pastores
1335 880 1430 935 per
1461 864 1760 928 Christum,
1825 862 1929 916 hoc
1963 869 2047 915 est

475 961 642 1016 divini
672 960 945 1030 discipuli,
978 962 1172 1014 merito
1202 958 1458 1012 falsorum
1484 969 1760 1028 pastorum
1795 955 2045 1026 magniﬁ-

477 1052 658 1108 centia
699 1052 918 1107 redacta
964 1059 1046 1105 est
1093 1051 1160 1104 ad
1216 1050 1512 1104 miseriam.
1557 1048 1860 1104 Accusabat
1902 1049 2045 1100 enim

476 1155 576 1197 eos
622 1141 801 1210 gregis
858 1140 1118 1196 Dominus
1176 1155 1271 1210 per
1328 1140 1618 1209 prophetas
1663 1149 1916 1203 sanctos,
1973 1137 2046 1191 ita

478 1234 706 1303 loquens
733 1251 746 1287 :
787 1251 806 1284 ι
837 1231 884 1289 Ο
913 1241 1156 1302 pastores
1190 1233 1560 1302 dispergentes
1591 1242 1646 1284 et
1675 1230 2049 1300 disperdeutes

479 1341 609 1382 oves
637 1340 852 1396 pascuae
893 1340 1078 1380 eorum
1101 1326 1168 1380 ".
1203 1345 1223 1378 ι
1259 1326 1326 1379 Ει
1363 1325 1559 1379 iterum
1595 1343 1608 1378 :
1642 1341 1661 1376 ι
1694 1322 1829 1390 Quia
1870 1333 2051 1392 pasto-

480 1433 570 1472 res
613 1417 775 1473 stulte
826 1428 1076 1488 egerunt,
1127 1429 1183 1472 et
1228 1417 1512 1472 Dominum
1564 1431 1665 1471 non
1696 1417 2047 1484 quaesierunt,

483 1518 705 1576 propter
737 1507 841 1563 hoc
878 1523 984 1562 non
1019 1508 1284 1563 intellexit
1315 1507 1491 1562 omnis
1518 1520 1669 1575 grex,
1701 1515 1754 1561 et
1779 1507 2053 1576 dispersus

483 1607 570 1650 est
592 1597 658 1651 ⁸³.
699 1616 720 1650 ›
776 1597 1048 1653 Promittit
1111 1606 1292 1652 autem
1346 1596 1693 1652 credentibus
1753 1595 1806 1648 in
1875 1596 2048 1661 ipsum

483 1705 771 1759 germanos
812 1700 1061 1759 pastores
1104 1693 1376 1756 daturum,
1424 1689 1501 1743 sic
1535 1703 1747 1742 rursum
1775 1687 1936 1757 757
1972 1687 2054 1741 di-

485 1797 615 1838 cens
656 1800 670 1838 :
703 1802 720 1835 ι
755 1781 824 1836 Ει
864 1783 1112 1837 inducam
1160 1798 1254 1837 vos
1301 1783 1353 1836 in
1404 1780 1570 1846 Sion,
1628 1788 1684 1836 et
1725 1780 1862 1834 dabo
1908 1779 2056 1834 vobis

483 1882 728 1944 pastores
754 1874 1046 1929 secundum
1074 1890 1168 1929 cor
1195 1889 1394 1939 meum,
1425 1881 1480 1926 et
1510 1881 1729 1939 pasccnt
1752 1885 1855 1926 vos
1870 1883 2053 1941 pasto-

485 1981 578 2022 res
602 1981 725 2022 cum
762 1967 989 2022 scientia
1012 1965 1078 2020 ⁸⁸.
1115 1985 1134 2019 ι
1177 1967 1403 2033 Quinam
1433 1966 1556 2019 isti?
1583 1965 1757 2019 Divini
1784 1964 2054 2032 discipuli,

485 2067 542 2112 et
585 2057 948 2114 Ecclesiarum
998 2059 1112 2114 suis
1168 2058 1370 2127 quique
1417 2057 1748 2126 temporibus
1802 2056 2058 2127 praesides

487 2158 652 2220 atque
698 2158 960 2214 rectores,
1015 2168 1033 2200 ι
1065 2157 1213 2205 recte
1256 2157 1558 2204 tractantes
1596 2149 1816 2203 verbum
1862 2146 2060 2200 verita-

488 2245 560 2298 tis
578 2242 647 2306 ⁸⁸,
679 2261 698 2294 ι
748 2251 803 2296 et
836 2243 929 2310 qui
981 2241 1160 2295 sciant
1203 2241 1506 2311 subjectum
1573 2240 1674 2295 sibi
1719 2253 1937 2310 gregem
1991 2239 2057 2292 ad

488 2335 737 2404 quamvis
792 2333 1076 2396 utilitatem
1137 2332 1471 2401 spiritualem
1531 2332 1814 2386 deducere.
1876 2328 2059 2397 Itaque

487 2425 761 2481 iamentati
784 2435 909 2480 sunt
932 2425 1048 2479 falsi
1073 2434 1336 2492 pastores,
1367 2425 1489 2493 quia
1514 2425 1566 2478 in
1594 2423 1865 2478 miseriam
1897 2423 2062 2477 vertit

486 2534 674 2574 eorum
719 2518 1148 2593 magnificentia,
1191 2517 1240 2570 id
1281 2517 1422 2586 quod
1462 2516 1616 2571 nobis
1653 2525 1708 2571 et
1751 2515 1856 2570 alio
1903 2516 2059 2571 modo

487 2612 782 2682 signiﬁcat,
806 2610 1127 2678 adiungens:
1149 2628 1170 2661 ι
1193 2609 1302 2663 Vox
1325 2608 1648 2678 rugientium
1675 2607 1916 2672 leonum,
1933 2609 2057 2675 quia

485 2703 656 2759 miser
708 2702 883 2757 factus
928 2711 1011 2756 est
1065 2700 1312 2756 i'emitus
1353 2698 1625 2754 Iordanis.
1660 2717 1679 2751 ι
1735 2697 1869 2754 Vere
1913 2698 2058 2754 enim

485 2793 695 2864 rugitus
729 2802 814 2849 est
858 2792 1072 2848 leonum
1117 2807 1242 2856 vox,
1288 2805 1450 2860 quam
1497 2791 1688 2853 edunt,
1721 2799 1942 2859 propter
1988 2791 2062 2844 l‘a-

486 2899 652 2949 mem,
680 2891 735 2938 et
759 2884 880 2954 quia
918 2884 1040 2940 cibo
1063 2891 1250 2939 carent
1286 2882 1586 2952 plorantes.
1617 2880 1684 2936 Et
1716 2882 1782 2936 de
1813 2881 2060 2938 leonibus

485 2979 650 3034 etiam
682 2978 865 3033 divina
898 2975 1180 3046 Scriptura
1222 2977 1300 3031 sic
1340 2973 1601 3044 loquitur.
1635 2975 1908 3044 Comperti
1937 2987 2062 3031 sunt

486 3071 653 3142 igitur
697 3069 1043 3125 Judaicorum
1073 3069 1326 3123 ordinum
1361 3068 1632 3138 principes
1659 3078 1718 3123 ut
1747 3069 1926 3124 leones
1971 3085 2061 3123 ru-

486 3162 718 3234 gientes,
745 3162 1049 3217 esurientes
1104 3170 1157 3215 et
1181 3162 1476 3232 plorantes,
1503 3164 1643 3231 quod
1673 3177 1776 3215 non
1802 3162 2062 3217 haberent

2151 675 2244 727 ml
2282 669 2730 745 κατερριμμένοι,
2755 662 2974 721 ἐλεεινοί
3001 678 3058 715 τε
3094 659 3187 714 καὶ
3217 655 3570 728 ἀτιμώτατοι,
3605 655 3731 708 καί-

2149 783 2230 818 τοι
2276 765 2444 818 πάλαι
2497 757 2973 835 περιφανεστέραν
3032 754 3246 824 ἔχοντες
3290 751 3469 815 δόξαν.
3512 749 3734 817 Ἐπειδὴ

2152 857 2260 928 γὰρ
2295 855 2681 926 ἀνεδείχθησαν
2725 852 2775 905 οί
2818 849 2907 903 διὰ
2949 843 3189 916 Χριστοῦ
3240 840 3532 913 ποιμένες,
3576 855 3731 894 τουτο

2153 950 2322 1014 ἐστιν,
2350 950 2400 1000 oi
2439 945 2714 1000 Θεσπέσιον.
2760 941 3029 1014 μαθηται,
3072 934 3553 1004 τεταλαιπώρηκεν
3587 930 3728 984 εἰκό-

2151 1059 2258 1106 τως
2288 1043 2321 1112 ἡ
2357 1040 2464 1094 τῶν
2494 1035 2932 1110 ψευδοποιμένων
2981 1029 3342 1103 μεγαλοσύνη.
3382 1027 3598 1098 ᾘτιᾶτο
3632 1024 3732 1095 μὲν

2153 1135 2262 1204 γὰρ
2301 1133 2497 1194 αὐτοὺς
2528 1133 2556 1182 ὁ
2583 1130 2684 1200 τῆς
2714 1127 2920 1196 ἀγέλης
2948 1124 3224 1190 Δεσπότης
3244 1163 3258 1183 ,
3305 1119 3394 1174 διὰ
3436 1116 3731 1189 προφητῶν

2155 1225 2326 1293 ἁγίων
2365 1221 2506 1275 οὓτω
2538 1220 2742 1288 λέγων·
2784 1238 2802 1270 ‹
2828 1214 2900 1269 Ὦ
2931 1217 2980 1269 οἱ
3012 1213 3288 1282 ,ποιμένες
3339 1210 3389 1263 οἱ
3419 1207 3734 1277 διασκορπι-

2153 1317 2337 1382 ζοντες
2381 1316 2477 1369 καὶ
2517 1311 2850 1375 ἀπολλύντες
2891 1309 2960 1363 τὰ
2997 1307 3240 1378 πρόϐατα
3281 1304 3380 1374 τῆς
3421 1301 3592 1372 νομῆς
3637 1300 3735 1353 αὒ-

2151 1410 2280 1463 τῶν.
2305 1429 2324 1461 ι
2361 1409 2472 1462 Ka‘t
2506 1406 2667 1461 πάλιν
2688 1423 2700 1434 ·
2738 1424 2756 1456 ι
2791 1405 2914 1456 Ὅτι
2944 1403 2995 1454 οἱ
3025 1399 3282 1468 ποιμένες
3308 1392 3731 1465 ἠφρονεύσαντο,

2155 1501 2248 1554 καὶ
2285 1500 2377 1552 τὸν
2409 1497 2609 1569 Κύριον
2637 1498 2737 1550 οὐκ
2769 1495 3042 1565 ἐζήτησαν
3062 1509 3075 1522 ο
3110 1491 3197 1544 διὰ
3229 1489 3383 1544 τοῦτο
3411 1488 3510 1540 οὐκ
3545 1485 3734 1555 ἐνόησε

2155 1595 2304 1647 πᾶσα
2335 1596 2368 1664 ἡ
2403 1593 2572 1662 νομὴ,
2613 1592 2706 1644 καὶ
2747 1587 3156 1658 διεσκορπίσθη.
3182 1604 3200 1634 ι
3244 1579 3640 1652 Ἑπηγγέλλετο
3678 1576 3736 1630 δὲ

2155 1691 2266 1751 τοῖς
2295 1689 2372 1749 είς
2415 1685 2579 1739 αὑτὸν
2616 1682 2930 1736 πιστεύουσι
2979 1679 3105 1742 τοὺς
3149 1675 3400 1746 γνησίους
3437 1667 3756 1734 ἀναδείξειν

2158 1780 2436 1850 ποιμένας,
2464 1777 2607 1831 οὕτω
2639 1775 2800 1829 πάλιν
2829 1771 3018 1826 εἰπών·
3058 1791 3075 1822 ι
3105 1770 3214 1823 Καὶ
3246 1766 3444 1830 εἰσάξω
3480 1765 3623 1832 ὑμᾶς
3656 1762 3736 1825 είς

2159 1870 2317 1934 Σιὼν,
2365 1869 2460 1924 καὶ
2505 1868 2659 1922 δώσω
2695 1867 2825 1936 ὑμῖν
2870 1862 3130 1933 ποιμένας
3177 1858 3319 1913 κατὰ
3364 1858 3462 1926 τὴν
3512 1851 3739 1924 καρδίαν

2164 1981 2286 2035 μου,
2328 1962 2422 2016 καὶ
2465 1957 2821 2030 ποιμανοῦσιν
2856 1956 2998 2024 ὑμᾶς
3043 1951 3420 2022 ποιμαίνοντες
3459 1944 3573 2016 μετ’
3614 1945 3738 1996 ὲπι-

2161 2034 2394 2126 στήμης.
2422 2073 2440 2105 ι
2475 2052 2629 2114 Τίνες
2659 2049 2716 2102 δὲ
2747 2042 2914 2112 οὗτος
2950 2047 3011 2098 Οἱ
3045 2042 3323 2097 θεσπέσιοι
3355 2036 3617 2110 μαθηταὶ,
3644 2034 3739 2126 καὶ

2159 2149 2207 2200 oi
2249 2125 2356 2197 τῶν
2411 2141 2744 2210 Ἐκκλησιῶν
2782 2139 2925 2193 κατὰ
2969 2135 3196 2208 καιροὺς
3245 2130 3559 2204 ἡγούμενοι,
3598 2144 3616 2177 ι
3647 2125 3739 2178 τὸν

2159 2241 2258 2309 τῆς
2307 2235 2562 2306 ἀληθείας
2613 2228 3036 2305 όρθοτομοῦντες
3083 2227 3259 2296 λόγον,
3287 2243 3304 2276 δ
3359 2224 3453 2276 καὶ
3499 2221 3579 2282 είς
3631 2217 3740 2270 πᾶν

2159 2331 2336 2384 ὁτιοῦν
2381 2328 2488 2382 τῶν
2521 2326 2820 2380 τελούντων
2852 2325 2930 2386 εἰς
2965 2322 3148 2390 ὄνησιν
3194 2318 3290 2388 τὴν
3341 2310 3738 2384 πνευματικὴν,

2159 2424 2516 2494 ἀποκομίζειν
2542 2421 2738 2482 εἰδότες
2764 2420 2832 2472 τὰ
2860 2417 2965 2471 ὑπὸ
2995 2417 3152 2486 χεῖρα
3181 2410 3495 2482 θρέμματα.
3531 2399 3740 2456 Οὐκοῦν

2160 2518 2557 2590 τεθρηνήκασιν
2586 2515 2640 2566 oi
2671 2511 3118 2582 ψευδοποίμενες,
3146 2506 3228 2558 ὅτι
3258 2495 3742 2567 τεταλαιπώρηκεν

2161 2612 2194 2679 ἠ
2229 2606 2570 2678 μεγαλοσύνη
2609 2603 2788 2659 αὐτῶν
2816 2620 2829 2633 ο
2881 2599 3134 2672 σημαίνει
3184 2596 3240 2649 δὲ
3283 2593 3440 2648 τοῦτο
3481 2590 3574 2644 καὶ
3619 2585 3740 2640 καθ’

2159 2703 2345 2771 ἕτερον
2390 2701 2593 2771 τρόπον
2625 2700 2776 2768 ἡμῖν,
2824 2696 3099 2764 ἐπιφέρων
3123 2709 3136 2721 ·
3177 2709 3195 2740 ι
3223 2687 3377 2752 Φωνὴ
3412 2680 3760 2755 ὠρυομένων

2160 2794 2406 2858 λεόντων,
2433 2794 2514 2846 ὅτι
2541 2787 2991 2859 τεταλαιπώρηκε
3023 2785 3082 2838 τὸ
3114 2781 3381 2854 φρύαγμα
3411 2775 3508 2830 τοῦ
3546 2773 3762 2842 Ἰορδά-

2162 2901 2272 2938 νου.
2301 2903 2320 2936 ι
2357 2882 2625 2953 Ὠρυγμὸς
2657 2880 2756 2951 μὲν
2788 2879 2897 2948 γάρ
2926 2879 3040 2929 ἐστι
3069 2873 3276 2944 κυρίως
3306 2871 3338 2939 ἡ
3365 2867 3476 2921 τῶν
3513 2865 3746 2953 λεόντων

2163 2973 2349 3044 φωνὴ,
2390 2952 2456 3043 ἢν
2505 2971 2570 3025 ἂν
2607 2973 2862 3034 ποιοῖντο,
2906 2965 3197 3026 κλαίοντες
3233 2960 3322 3013 ἐπὶ
3369 2955 3512 3026 λιμῷ
3543 2970 3603 3006 τε
3652 2952 3762 3006 καὶ.

2163 3043 2368 3136 ἀσιτίᾳ.
2417 3065 2642 3134 Δέχεται
2680 3063 2735 3114 δὲ
2783 3060 2941 3113 τοῦτο
2986 3059 3080 3110 καὶ
3126 3057 3219 3107 ἐπὶ
3271 3051 3497 3104 λεόντων
3537 3049 3570 3118 ἡ
3625 3043 3746 3098 θεία

2164 3160 2376 3230 Γραφή.
2441 3153 2854 3225 Κατεφωρῶντο
2909 3150 3087 3203 τοίνυν
3160 3147 3209 3199 οἱ
3265 3143 3373 3197 τῶν
3429 3137 3762 3194 ἰουδαῖκῶνη

485 3271 520 3311 a
574 3256 790 3327 populis
834 3254 1170 3318 oblationes,
1232 3255 1500 3320 decimas,
1553 3255 1861 3326 primitias,
1918 3257 2060 3310 dona

2165 3248 2562 3322 προεστηκότες
2587 3245 2884 3314 ταγμάτων
2913 3242 2988 3304 ὡς
3023 3239 3235 3300 λέοντες
3263 3234 3585 3307 ὠρυόμενοι,
3627 3244 3746 3281 πεισ-

485 3347 628 3418 grati
658 3345 845 3400 animi.
875 3345 1170 3415 Postquam
1210 3345 1355 3400 enim
1391 3361 1607 3418 gregem
1643 3348 1964 3414 amiserunt,
1999 3351 2065 3404 de

486 3445 686 3493 caetero
715 3435 924 3501 fenore,
947 3437 1088 3508 quod
1118 3451 1185 3492 ex
1230 3451 1296 3493 eo
1328 3437 1637 3508 capiebant,
1681 3440 1912 3496 recreati
1958 3455 2063 3494 non

486 3536 634 3583 sunt.

557 3711 713 3778 Quod
755 3710 800 3766 si
845 3711 966 3781 quis
1008 3721 1262 3776 censeat,
1303 3711 1468 3767 etiam
1510 3711 1678 3767 instar
1717 3712 1931 3768 leonum
1979 3728 2066 3765 ru-

486 3803 652 3874 giisse
685 3811 875 3860 contra
913 3803 1188 3860 Christum
1228 3803 1451 3860 Scribas
1487 3814 1541 3860 et
1580 3803 1882 3861 Pharisazos
1918 3807 1936 3876 (
1957 3805 2069 3860 cla-

487 3894 710 3953 mabant
737 3896 883 3952 enim
915 3895 970 3950 in
1002 3899 1201 3964 ipsum,
1233 3905 1290 3952 et
1321 3911 1477 3952 voces
1505 3912 1572 3951 ex
1602 3896 1728 3952 odio
1755 3907 1810 3952 et
1841 3897 2065 3960 invidia,

485 3998 542 4045 et
564 4003 713 4045 mera
739 3988 948 4045 insania
973 3989 1263 4055 iaciebant,
1291 3987 1695 4045 Samaritanum
1717 3990 1783 4058 ⁸⁸,
1808 3999 1864 4045 et
1887 3991 2068 4046 ebrio~

487 4095 630 4146 sum,
643 4089 697 4136 et
711 4096 778 4135 ex
795 4079 1150 4136 fornicatione
1168 4090 1350 4135 natum
1363 4081 1407 4113 ⁸⁷
1421 4081 1768 4147 allirmantes,
1783 4090 1874 4136 et-t
1896 4082 2066 4147 Tolle,

487 4171 644 4239 tolle,
683 4171 1018 4243 cruciﬁge“,
1068 4191 1093 4225 ι-
1125 4172 1430 4244 dicentes),
1473 4173 1838 4231 verisimiliter
1872 4176 2070 4230 sentiet

486 4263 652 4319 etiam
692 4261 802 4318 hic.
838 4261 1228 4318 Verumtamen
1267 4264 1515 4332 quamvis
1557 4277 1720 4334 super
1755 4280 1820 4322 eo
1863 4267 2068 4334 rugitus

486 4351 753 4418 dederint,
781 4351 910 4408 facti
943 4363 1068 4409 sunt
1102 4354 1288 4409 miseri
1323 4369 1428 4409 non
1466 4355 1833 4424 mediocriter,
1871 4377 1890 4409 ‹
1932 4357 2068 4425 Quia

485 4446 655 4500 miser
688 4445 863 4502 factus
885 4455 968 4500 est
991 4444 1238 4502 fremitus
1271 4447 1543 4504 Jordanis.
1569 4466 1594 4500 ι
1627 4449 1778 4516 Quod
1812 4450 1938 4520 quid
1965 4450 2066 4506 sibi

485 4538 635 4602 velit,
660 4536 836 4593 dicam
859 4552 1094 4610 quoque.
1122 4538 1439 4594 Praeterﬂuit
1461 4540 1712 4597 Jordanis
1738 4541 2066 4599 Hierichun-

2169 3319 2366 3405 νῶντές
2393 3319 2454 3393 τε
2479 3339 2580 3393 καὶ·
2603 3336 2910 3398 κλαίοντες,
2941 3333 3031 3386 διά
3061 3347 3145 3383 τοι
3171 3329 3232 3382 τὸ
3267 3325 3340 3399 μὴ
3374 3325 3518 3394 ἔχειν
3553 3319 3649 3383 τὰς
3682 3321 3765 3371 ὲκ⁹

2167 3438 2277 3492 τῶν
2305 3435 2448 3488 λαῶν
2478 3429 2878 3504 καρποφορίας,
2908 3427 3159 3489 δεκάτας,
3205 3417 3480 3491 ἀπαρχὰς,
3526 3413 3759 3504 εὐχαριι

2171 3529 2390 3600 στήρια.
2431 3501 2648 3592 Ἐπειδὴ
2681 3521 2789 3591 γὰρ
2823 3519 2923 3588 τῆς
2949 3515 3150 3584 ἀγέλης
3182 3507 3619 3569 ὲκπεπτὼκασιν,
3649 3501 3748 3554 οὐκ

2170 3622 2248 3675 ἔτι
2277 3622 2390 3682 τοῖς
2417 3615 2475 3682 ἐξ
2504 3616 2670 3684 αὐτῆς
2701 3607 3167 3682 κατηυφραίνοντο
3194 3603 3392 3665 τόκοις.

2241 3712 2303 3766 El
2331 3711 2390 3764 δὲ
2415 3709 2476 3779 δή
2504 3725 2588 3770 τις
2625 3704 2790 3757 οἴοιτο
2829 3701 2922 3756 καὶ
2963 3700 3039 3764 ὡς
3081 3700 3138 3751 ὲν
3171 3696 3320 3760 τάξει
3350 3693 3579 3745 λεόντων
3620 3703 3749 3741 κατ-

2171 3800 2444 3874 ωρύεσθαι
2480 3797 2574 3850 τοῦ
2613 3792 3008 3866 Χριστοῦ-τοὺς
3045 3787 3397 3860 Γραμματεῖς
3428 3799 3485 3834 τε
3522 3780 3614 3834 καὶ
3643 3779 3748 3830 Φα-

2177 3892 2421 3967 ρισαίους
2459 3886 3010 3961 (κατεκεκράγεισαν
3055 3880 3166 3952 γὰρ
3207 3877 3398 3941 αὑτοῦ,
3433 3877 3525 3929 καὶ
3559 3874 3766 3967 τὰς-ὲκ

2173 3963 2368 4056 φθόνου
2401 3986 2493 4038 καὶ
2533 3981 2830 4053 βασκανίας
2859 3979 2953 4032 καὶ
2979 3975 3223 4047 ἀκράτου
3254 3971 3448 4043 μανίας
3487 3963 3748 4035 κατηφίε-

2176 4099 2276 4135 σαν
2305 4079 2512 4149 φωνὰς,
2550 4073 2897 4146 Σαμαρείτην
2946 4071 3216 4139 λέγοντες,
3256 4063 3486 4137 μέθυσον
3534 4063 3748 4149 ἀποκα-

2173 4146 2390 4233 λοῦντες
2417 4167 2512 4221 καὶ
2547 4167 2623 4217 ἐκ
2636 4162 2896 4234 πορνείας
2924 4157 3347 4230 γεγεννημένον,
3382 4155 3500 4217 καὶ,
3539 4171 3556 4203 ι
3593 4146 3748 4222 Δῐρε,

2174 4257 2318 4333 αἶρε,
2349 4257 2581 4329 σταύρου
2611 4254 2770 4309 αὑτὸν
2789 4293 2804 4320 ,
2847 4272 2864 4303 ι
2898 4247 3191 4322 [βοῶντες]
3212 4247 3230 4317 )
3255 4289 3270 4313 ,
3299 4245 3369 4300 τὰ
3400 4244 3587 4298 εἰκότα
3620 4257 3766 4312 φροι

2174 4354 2328 4423 νήσει
2358 4350 2451 4404 καὶ
2479 4339 2653 4408 οὗτος.
2686 4342 2831 4413 Πλὴν
2852 4343 2912 4394 εί·
2931 4343 3024 4395 καὶ
3056 4333 3393 4412 ἐπωρύοντο,
3416 4334 3758 4389 τεταλαιπω-

2179 4446 2408 4517 ρήκασιν
2467 4443 2528 4494 οὐ
2600 4437 2870 4510 μετρίως,
2932 4455 2961 4490 ι
2993 4435 3117 4488 Ὅτι
3179 4426 3631 4500 τεταλαιπώρηκε
3693 4423 3758 4476 τὺ

2177 4536 2444 4608 φρύαγμα
2490 4532 2583 4587 τοῦ
2631 4531 2915 4605 Ἰορδάνου.
2953 4549 2971 4582 ›
3023 4528 3134 4582 Καὶ
3177 4525 3229 4579 τί
3274 4523 3338 4594 δὴ
3379 4519 3552 4574 τοῦτό
3582 4522 3750 4608 ἐστιν,

487 4640 620 4692 tem,
648 4629 854 4685 circum
883 4644 1044 4700 quem
1077 4645 1268 4700 magna
1300 4631 1381 4686 vis
1412 4632 1623 4687 leonum
1659 4632 1985 4690 horrendum
2015 4635 2060 4691 in

2177 4607 2287 4702 ἐρῶ
2319 4626 2498 4681 πάλιν.
2548 4625 2833 4697 Παραρῤεἰ
2865 4624 2963 4694 μὲν
2998 4622 3026 4674 ὁ
3063 4616 3333 4690 ἰορδάνης
3374 4614 3474 4684 τὴν
3519 4607 3750 4702 Ἰεριχιὶξ,

485 4718 708 4775 modum
751 4722 1110 4792 rugientium,
1152 4733 1208 4778 et
1251 4726 1466 4778 accolas
1510 4724 1813 4780 incredibili
1863 4739 2072 4784 terrore

485 4813 939 4869 concutiendum.
968 4813 1130 4870 Tales
1155 4823 1313 4870 erant
1345 4815 1585 4872 moribus
1613 4816 1817 4873 Scribat
1848 4827 1902 4873 et
1931 4817 2072 4873 Pha-

489 4901 654 4966 risati,
687 4909 878 4956 contra
909 4902 1150 4974 plebeios
1179 4913 1234 4959 et
1266 4907 1543 4977 gregarios
1576 4908 1870 4978 rugientes,
1907 4917 1963 4965 et
1992 4918 2074 4965 tc—

489 4993 709 5049 nuiores
736 4996 994 5064 potentiae
1019 5010 1131 5051 suae
1157 4998 1429 5055 terriculis
1455 5008 1888 5057 consternantes.
1919 5021 1939 5054 ι
1972 5003 2070 5059 Ye-

487 5099 610 5140 rum
641 5087 806 5140 miser
831 5085 1005 5141 factus
1031 5095 1117 5142 est
1143 5089 1359 5144 leonum
1389 5096 1585 5146 terror.
1620 5112 1638 5143 ι
1675 5090 1789 5148 Hoc
1814 5102 1896 5150 est
1925 5098 2071 5164 quod

487 5178 596 5245 ait,
636 5194 655 5228 ι
698 5176 946 5233 fremitus
975 5175 1247 5235 Iordanis.
1291 5198 1310 5233 ι
1345 5181 1427 5237 Ac
1458 5181 1706 5239 fremitus
1742 5185 1958 5255 quidem
1991 5195 2075 5244 est

489 5283 556 5322 ex
585 5281 844 5338 equorum
875 5277 931 5324 ct
961 5269 1228 5326 mulorum
1266 5275 1488 5330 naribus
1523 5289 1644 5330 cum
1678 5276 1842 5333 feroci
1878 5280 2072 5351 spiritu

489 5355 723 5414 emissus
756 5360 1002 5427 sonitus;
1041 5361 1135 5417 sed
1171 5361 1334 5418 etiam
1366 5364 1420 5420 in
1455 5365 1523 5422 iis
1556 5367 1754 5423 dicitur
1785 5369 1878 5439 qui
1913 5371 1980 5426 de
2013 5386 2073 5427 se

492 5449 749 5517 praeiere
793 5451 1057 5509 sentiunt.
1101 5453 1238 5511 Hinc
1285 5456 1498 5512 divinus
1545 5458 1712 5514 David
1760 5461 1826 5516 de
1871 5462 1936 5517 iis
1983 5463 2073 5532 qui

563 5630 830 5689 "Jerem.
859 5647 1014 5702 χχιιι,
1042 5636 1096 5691 1.
1170 5635 1217 5666 ⁸³
1237 5634 1440 5694 Jerem.
1473 5655 1527 5703 ιι,
1559 5639 1645 5693 21.

487 5717 568 5770 at,
613 5703 698 5759 19.
777 5705 823 5736 ⁸⁸
845 5705 1002 5762 Joan.
1035 5721 1154 5772 xu,
1187 5706 1274 5761 l5.

561 5885 642 5961 (1)
676 5887 772 5945 Ed.
809 5888 972 5959 Aub.,
1005 5890 1280 5961 δείγμασι,
1324 5891 1664 5946 documentis.
1703 5889 1856 5946 Eutr.

1727 5639 1771 5672 εδ
1801 5638 2001 5699 Jerem.
2034 5658 2114 5709 ιιι,
2157 5642 2242 5698 13.
2322 5642 2364 5674 ⁸⁸
2400 5639 2442 5696 ll
2473 5641 2612 5698 Tim.
2650 5653 2710 5705 ιι,
2757 5638 2837 5694 l5.

2178 4699 2418 4774 πλεῖστοι
2449 4718 2506 4772 δὲ
2540 4718 2654 4772 ὅσοι
2685 4717 2816 4788 περὶ
2858 4713 3021 4770 αὑτὸν
3050 4711 3099 4765 οἱ
3137 4709 3376 4770 λέοντες,
3411 4699 3755 4772 καταδρυχό-

2179 4813 2328 4885 μενοί
2397 4830 2456 4866 τε
2515 4811 2741 4875 δεινῶς,
2805 4809 2901 4862 καὶ
2954 4806 3226 4876 ἀφόρητον
3283 4801 3395 4862 τοῖς
3453 4792 3754 4849 ἐνοικοῦσιν

2175 4907 2413 4970 ἐνιέντες
2447 4905 2507 4958 τὸ
2535 4904 2719 4975 δεῖμα.
2749 4899 2992 4954 Τοιοῦτοι
3019 4896 3077 4950 δὲ
3104 4892 3244 4965 ἦσαν
3277 4893 3404 4954 τοὺς
3433 4887 3670 4960 τρόπους
3704 4886 3753 4937 οἱ

2174 5000 2528 5073 Γραμματεῖς
2568 4995 2662 5049 καὶ
2705 4995 2751 5047 οἱ
2799 4991 3102 5063 Φαρισαῖοι,
3140 5004 3246 5040 των
3275 4981 3544 5052 ἀγελαίων
3589 4993 3758 5073 κατα-

2177 5069 2524 5166 ϐρυχόμενοι,
2550 5088 2777 5148 καὶτοῖς
2808 5085 2874 5137 ὲκ
2904 5083 3006 5153 τῆς
3031 5069 3756 5166 ὲξουσίαςκαταπτοοῦντες

2425 5180 2501 5253 (1)
2527 5179 2654 5241 τοὺς
2696 5172 3141 5244 ἀσθενεστέρους.
3176 5188 3196 5220 ι
3234 5165 3397 5221 Ἀλλὰ
3422 5159 3762 5255 τεταλαιπω-

2179 5251 2346 5347 ρηκεν
2379 5276 2408 5328 ό
2435 5251 2542 5327 τῶν
2589 5268 2816 5323 λεόντων
2851 5264 3038 5336 φόϐος.
3073 5280 3092 5315 ›
3131 5259 3303 5315 Τοῦτο
3345 5255 3403 5310 δὲ
3445 5251 3585 5308 εἷναί
3624 5267 3758 5347 φησι

2189 5387 2206 5419 ι
2235 5343 2303 5420 Ea
2341 5363 2607 5437 φρύαγμα
2660 5358 2755 5414 τοῦ
2795 5356 3084 5430 Ἰορδάνου.
3126 5375 3145 5404 ο
3183 5352 3296 5407 Καὶ
3343 5346 3612 5421 φρύαγμα

2183 5429 2403 5526 ἔστιν
2449 5429 2632 5508 ἵππων
2678 5469 2738 5504 τε
2788 5429 2885 5504 και
2927 5446 3164 5520 ἡμιόνων
3204 5441 3293 5496 διὰ
3329 5438 3622 5510 μυκτήρων
3653 5429 3760 5503 ἠχὴ

2917 5638 2960 5668 ⁶⁶
2991 5634 3147 5690 Joan.
3177 5646 3294 5697 vm,
3326 5627 3414 5684 18.
3492 5626 3533 5656 ⁸⁷
3565 5618 3760 5677 Matth.
