4072 6370
522 385 612 442 181
1357 382 1918 446 COMMENTARIUS
1945 391 2010 446 IN
2054 391 2456 451 ZACHARIAM
2497 397 2938 458 PROPHETAM.

3651 398 3757 456 18!

520 501 812 574 καθιεμένη
857 519 916 556 τε
959 503 1269 575 καὶιάγρίῳ
1297 507 1578 577 φυσήματι
1609 507 2072 562 συνεκπίπτουσα·

2184 513 2234 567 in
2278 515 2552 572 Christum
2584 525 2710 570 sunt
2741 515 3052 573 debaccliati
3093 533 3106 570 :
3150 533 3168 567 ι
3209 516 3386 583 Quare
3425 516 3759 584 tremuerunt

517 594 849 665 λαμϐάνεται
878 594 932 648 δὲ
957 594 1053 648 καὶ
1081 595 1173 648 ἐπὶ
1199 595 1294 648 τού
1327 597 1923 668 μεγαλοφρονεῖν,”Εφη
1951 598 2082 667 γοῦν

516 689 541 740 ὁ
574 687 861 750 Θεσπέσιος
890 686 1055 740 Δαῦὶδ
1084 687 1214 759 περὶ
1241 687 1348 739 τῶν
1376 690 1455 752 εἰς
1487 689 1720 758 Χριστὸν
1751 707 2080 761 πεπαρῳνη-

514 779 706 832 κὸτων·
734 777 882 832 (Ἵνα
911 777 964 831 τί
993 777 1272 848 ἐφρύαξαν
1299 778 1449 849 ἔθνη,
1479 781 1572 832 καὶ
1596 781 1714 832 λαοὶ
1745 779 2082 850 ἐμελέτησαν

513 870 700 935 καινάς
737 888 756 921 ι
798 870 966 923 Ὅταν
1006 865 1098 924 οὖν
1147 869 1412 941 φρύαγμα
1459 871 1552 924 τού
1605 871 1867 940 Ἰορδάνου
1914 872 2080 944 λέγῃ,

511 962 725 1030 νοήσεις
756 960 816 1014 τὸ
845 961 1118 1032 φρόνημα,
1155 962 1248 1014 καὶ
1276 964 1396 1032 οὐχὶ
1423 964 1641 1026 πάντως
1674 962 1769 1016 τοῦ
1811 963 2078 1034 ποταμοῦ,

507 1052 646 1106 ἀλλά
671 1053 780 1106 τῶν
812 1055 939 1124 περ)⁸
969 1056 1131 1110 αὑτὸν
1178 1056 1407 1110 λεόντων
1428 1071 1442 1085 ο
1482 1054 1590 1109 ἀπὸ
1612 1054 1720 1126 γὰρ
1748 1054 1930 1109 τόπων
1971 1055 2081 1108 ἐσθ’

507 1147 597 1199 ὅτε
624 1146 695 1200 τὰ
725 1150 782 1200 ἐν
814 1148 998 1212 αὐτοῖς
1030 1150 1375 1220 σημαίνεται.

585 1237 730 1292 Τάδε
768 1237 928 1308 λέγει
962 1240 1177 1308 Κύριος
1228 1237 1649 1307 παντοκράτωρ
1672 1254 1686 1268 ·
1734 1239 2083 1308 Ποιμαίνετε

506 1327 581 1382 τὰ
611 1329 876 1397 πρόϐατα
906 1327 1015 1397 τῆς
1043 1328 1288 1399 σφαγῆς
1311 1369 1325 1393 ,
1377 1328 1414 1384 ἃ
1447 1330 1503 1383 οἱ
1548 1327 1911 1397 κτησάμενοι
1947 1347 2083 1385 κατ-

504 1419 784 1490 έσφαζον,
817 1421 915 1475 καὶ
950 1423 1023 1475 οὺ
1062 1421 1460 1491 μετεμέλοντο
1482 1459 1496 1483 ,
1529 1421 1629 1474 καὶ
1650 1423 1704 1474 οἱ
1739 1420 2084 1488 πωλοῦντες

504 1510 677 1574 αὐτὰ,
699 1511 944 1580 ἔλεγον·
976 1510 1320 1579 Εὐλογητὸς
1345 1510 1576 1578 Κύριος,
1605 1509 1706 1563 καὶ
1739 1511 2084 1576 πεπλουτή-

505 1616 720 1668 καμεν,
749 1600 848 1653 καὶ
891 1602 945 1654 oi
979 1598 1259 1669 ποιμένες
1291 1597 1489 1652 αὐτῶν
1520 1597 1632 1651 οὐκ
1681 1595 1958 1665 ἔπασχον
1986 1598 2084 1650 οὺ-

502 1690 609 1744 δὲν
638 1691 732 1744 ἐπ’
760 1691 986 1757 αὐτοῖς.

571 1785 689 1837 OZ'.
730 1783 873 1852 Πρὸς
916 1784 1114 1848 αὐτοὺς
1150 1787 1178 1837 ό
1222 1784 1378 1852 λόγος
1405 1785 1532 1848 τοὺς
1578 1785 1909 1858 θρηνοῦντας
1960 1805 2079 1839 ποι-

499 1875 692 1945 μένας,
724 1877 818 1928 καὶ
863 1877 922 1928 ἐν
963 1876 1117 1942 τάξει
1168 1876 1397 1930 λεόντων
1440 1877 1820 1948 ὠρυομένους,
1866 1873 1946 1942 οἷς
1980 1879 2074 1932 καὶ
2111 1849 2152 1908 Β

499 1967 718 2038 ἐφίησιν
775 1966 856 2021 ἔτι
897 1966 966 2020 τά
1015 1968 1115 2038 τῆς
1163 1972 1378 2041 σφαγῆς
1425 1970 1750 2040 κατανέμειν
1805 1970 2072 2041 πρόϐατα,

499 2058 674 2112 καίτοι
703 2059 1173 2130 κατημελημένως
1213 2058 1353 2126 λίαν,
1387 2059 1464 2123 ὡς
1508 2063 1976 2135 πιπρασκομένοις
2011 2076 2072 2112 τε

500 2151 593 2202 καὶ
631 2149 990 2220 σφαζομένοις
1028 2149 1150 2220 μηδ’
1184 2151 1306 2204 ὅσον
1331 2153 1503 2204 εἰπεῖν
1533 2151 1841 2221 ἐπαλγῆσαι
1873 2151 2068 2223 βραχύ.

500 2240 712 2310 Ὥσπερ
747 2240 855 2310 γὰρ
898 2241 946 2293 οἱ
994 2240 1103 2292 τῶν
1144 2241 1418 2310 ποιμένων
1447 2241 1942 2314 ἀνεπιεικέστεροι,
1978 2244 2073 2296 καὶ

497 2332 632 2403 πρὸς
680 2332 818 2403 μόνα
866 2331 1154 2402 βλέποντες
1193 2333 1261 2386 τά
1290 2350 1439 2402 σφισι
1474 2333 1596 2386 καθ’
1647 2333 1866 2405 ἡδονὴν,
1901 2335 2073 2406 μικρά

497 2421 878 2492 φροντίζοντες
911 2423 1109 2493 κομιδῇ
1141 2423 1247 2475 ’τοῦ
1281 2424 1378 2492 τῆς
1421 2423 1626 2495 ἀγέλης
1666 2426 1936 2478 Δεσπότου
1958 2466 1972 2489 ,
2004 2427 2072 2481 τὰ

499 2513 597 2584 μὲν
631 2514 926 2584 σφάζουσιν
966 2515 1244 2586 ἀνηλεῶς,
1293 2515 1394 2578 τὰς
1441 2515 1625 2588 Θηρῶν
1674 2518 1898 2587 ἐφόδους
1935 2520 2070 2572 ἁπο-

497 2605 842 2676 μιμούμενοι,
874 2605 911 2660 ἀ
941 2606 998 2660 δὲ
1021 2607 1117 2659 καὶ
1155 2605 1578 2678 πιπράσκουσιν,
1606 2608 1781 2671 οὐδὲν,
1809 2608 1884 2671 ὡς
1909 2607 2066 2679 ἔφην,

492 2697 857 2766 ὲπαλγοῦντες
879 2698 1034 2762 ὅλως,
1054 2697 1312 2766 ἐπιγαννύ
1321 2715 1472 2768 μενοι
1498 2699 1555 2751 δὲ
1573 2701 1686 2762 τοῖς
1707 2699 1817 2752 τῶν
1845 2699 1910 2767 λη
1919 2699 2068 2769 μμά-

493 2803 601 2840 των
635 2787 1076 2853 ἐκτοπωτὰτοις,
1110 2789 1205 2841 καὶ
1243 2789 1585 2861 φιλοκερδίας
1627 2790 1727 2860 τῆς
1766 2789 1938 2852 οὕτως
1983 2791 2068 2842 αίτο

494 2881 664 2952 σχρᾶς
693 2878 998 2951 ἡττώμενοι
1017 2896 1032 2910 ·
1067 2879 1211 2934 κατά
1242 2879 1334 2934 τὸν
1371 2883 1504 2946 ἴσον,
1535 2876 1711 2951 οἶμαι,
1739 2882 1940 2952 τρόπον
1974 2882 2068 2940 καὶ

493 2974 542 3024 οι
579 2971 686 3024 τῶν
721 2970 1029 3025 Ἰουδαϊκῶν
1056 2971 1351 3042 ἡγούμενοι
1388 2971 1597 3042 δήμων,
1629 2972 1860 3026 τῶνὺπ’
1887 2973 2070 3036 αὐτοῖς

493 3065 759 3136 ποιμνίων
787 3065 1141 3135 ἠφειδηκότες
1164 3065 1340 3118 ἁλοῖεν
1370 3065 1457 3130 ἂν,
1489 3065 1584 3118 καὶ
1615 3064 1938 3133 ἀδρύνοντες
1971 3067 2069 3135 μὲν

500 3157 584 3211 τὸν
617 3157 826 3213 ἑαυτῶν
849 3156 1101 3222 πλοῦτον,
1130 3155 1552 3228 κατευρύνοντες
1577 3157 1634 3214 δὲ
1667 3157 1871 3229 ῶσπερ,
1889 3158 2066 3229 ἀπλή-

494 3267 606 3320 an?
654 3250 796 3320 χειρὶ
823 3248 891 3302 τὰ
926 3247 1204 3318 βαλάντια.
1236 3249 1346 3302 Καὶ
1373 3247 1504 3317 γοῦν
1533 3248 1772 3318 ἔφασκεν
1801 3251 1829 3303 ό
1858 3250 2068 3321 Σωτὴρ,

494 3338 765 3402 τοιούτους
799 3339 962 3403 ὄντας
994 3339 1266 3410 ἐλέγχων·
1314 3357 1333 3391 ι
1366 3339 1506 3394 Οὐαὶ
1540 3339 1692 3410 ὑμῖν,
1717 3340 2071 3412 Γραμματεῖς

494 3433 589 3484 καὶ
652 3433 934 3502 Φαρισαῖοι
1008 3431 1342 3503 ὑποκριταὶ,
1396 3432 1480 3485 ὅτι.
1549 3432 1946 3486 ἀποδεκατοῦτε
2010 3432 2070 3487 τὸ

499 3523 783 3594 ἡδύοσμον,
820 3525 917 3578 καὶ
953 3523 1015 3577 τὸ
1044 3523 1263 3594 ἄνηθον,
1313 3523 1408 3580 καὶ
1456 3523 1518 3576 τὸ
1560 3523 1806 3594 κύμινον,
1843 3527 1936 3578 καὶ
1961 3527 2067 3596 ἁφ-

495 3617 666 3684 ήκατε
701 3615 768 3668 τὰ
803 3613 1079 3684 βαρύτερα
1112 3614 1214 3669 τοῦ,
1251 3614 1440 3684 νόμου,
1476 3613 1574 3684 τὴν
1620 3615 1820 3686 κρίσιν,
1871 3617 1965 3668 καὶ
2008 3615 2069 3668 τό

493 3705 658 3770 ἕλεος,
695 3706 788 3758 καὶ
815 3704 911 3776 τὴν
940 3705 1141 3758 πίστιν.
1178 3723 1224 3758 ι..
1249 3704 1705 3776 Ἰσχνολογοῦντες
1737 3706 1846 3776 γὰρ
1873 3705 2064 3771 οὕτως,

493 3795 566 3859 ὡς
591 3796 687 3848 καὶ
728 3794 1026 3866 μέχρι,τῶν
1051 3795 1455 3848 εὐτελεστάτων
1488 3797 1598 3857 τοῖς
1629 3795 1702 3866 μὴ
1729 3796 2067 3866 προσάγουσι

500 3886 590 3949 τὰς
615 3886 849 3948 δεκάτας
879 3886 1018 3943 κατὰ
1045 3887 1211 3956 νόμον
1249 3887 1509 3957 ἐπιτιμᾷν
1534 3926 1549 3950 ,
1585 3885 1692 3939 τῶν
1724 3886 2065 3958 βαρυτέρων,

493 3979 611 4046 ἦτοι
643 3978 752 4030 τῶν
789 3977 1228 4050 ἀναγκαιοτέρων
1262 3978 1355 4031 καὶ
1382 3976 1678 4030 λυσιτελῶν
1715 3979 1798 4031 ὅτι
1835 3977 2067 4049 μάλιστα

493 4055 878 4140 θεσπισμάτων
907 4069 1098 4122 οὐδένα
1125 4068 1402 4132 παντελῶς
1436 4068 1719 4122 ἐποιοῦντο
1753 4069 2064 4138 λόγον.”υτι

491 4161 550 4214 δὲ
586 4155 1008 4232 ἦσανποιμένες
1041 4161 1143 4213 οὐκ
1178 4161 1372 4230 ἀγαθοὶ
1396 4205 1413 4226 ,
1448 4161 1647 4230 μᾶλλον
1674 4161 1730 4213 δὲ
1761 4162 1899 4232 πρὸς
1933 4163 2069 4230 μόνα

495 4251 785 4321 βλέποντες
835 4251 1040 4322 κέρδη,
1084 4255 1340 4323 σαφηνιεῖ
1384 4253 1560 4321 λέγων
1605 4255 1698 4308 καὶ
1745 4253 1835 4307 διὰ
1884 4253 2069 4323 φωνῆς

505 4343 762 4414 Ἰεςεχιήλ
782 4360 794 4372 ·
831 4339 928 4395 «Ὦ
950 4343 1001 4395 οἱ
1035 4344 1290 4414 ποιμένες
1324 4344 1560 4414 Ἰσραὴλ,
1596 4345 1671 4415 μὴ
1701 4344 1986 4414 βόσκουσιν
2017 4345 2066 4396 οἱ

494 4436 754 4507 ποιμένες
783 4436 1047 4501 ἐαυτούς;
1076 4437 1151 4488 Οὐ
1185 4436 1254 4490 τὰ
1279 4437 1528 4506 πρόϐατα
1556 4436 1840 4505 βόσκουσιν
1864 4439 1912 4490 οξ
1948 4454 2068 4490 ποι-

497 4530 692 4599 μένες;
733 4530 864 4583 Ἰδοὺ
907 4530 968 4582 τὸ
994 4529 1136 4595 γάλα
1170 4529 1503 4596 κατεσθίετε,
1541 4531 1636 4586 καὶ
1666 4529 1734 4583 τὰ
1765 4530 1887 4601 ἔρια
1915 4547 2072 4600 περι-

493 4621 781 4683 ϐάλλεσθε,
828 4621 923 4674 καὶ
961 4621 1021 4673 τὸ
1066 4621 1212 4691 παχὺ
1249 4621 1504 4688 σφάξετε,
1557 4621 1650 4674 καὶ
1699 4620 2070 4690 τὰπρόὸατά

496 4732 597 4784 μου
641 4715 700 4766 οὐ
748 4714 990 4784 βόσκετε.
1017 4732 1034 4764 ι
1066 4744 1130 4752 -—
1159 4730 1177 4763 ι
1203 4711 1588 4766 Καταόόσκετε
1615 4713 1814 4775 τοίνυν,
1832 4713 2072 4784 φησὶ,τὰ

492 4805 741 4876 πρόϐατα
766 4809 866 4876 τῆς
901 4804 1137 4874 σφαγῆς,
1171 4824 1187 4854 ι
1223 4804 1518 4867 τουτέστινς
1555 4804 1587 4874 ἢ
1619 4803 1687 4857 τὰ
1709 4804 1832 4856 ὅσον
1858 4804 2070 4857 οὐδέπω

490 4899 860 4969 τεθνηξόμενα
905 4902 970 4971 τῇ
1026 4899 1314 4967 Ῥωμαίων
1365 4897 1542 4968 χειρί·
1592 4897 1759 4967 ἤγουν
1808 4896 1843 4950 ἆ
1911 4897 2068 4967 ὑμεῖς

493 4993 650 5044 αὐτοὶ
701 4990 956 5061 σφάζετε,
1006 4990 1181 5042 καίτοι
1209 4988 1360 5050 τάξιν
1403 4988 1689 5058 ἐπέχοντες
1731 4987 1828 5058 τὴν
1873 4990 2068 5059 ποιμέ-

494 5101 620 5136 νων.
652 5085 727 5136 Οὐ
748 5084 858 5154 γάρ
885 5099 988 5134 που
1023 5082 1285 5152 πάρεστιν
1313 5081 1342 5132 ὁ
1371 5079 1580 5150 καιρὸς,
1613 5079 1733 5133 καθ’
1761 5080 1818 5132 ὃν
1846 5079 2068 5150 ἥξουσιν

495 5177 574 5239 είς
603 5176 836 5246 σφαγήν.
874 5174 1030 5229 Μετά
1059 5174 1173 5251 γάρ
1211 5189 1294 5226 τοι
1324 5173 1424 5244 τὴν
1452 5171 1546 5225 τοῦ
1583 5172 1833 5244 Σωτῆρος
1876 5172 2067 5243 ἐπιδη-

499 5265 627 5335 μίαν
671 5268 783 5329 τοῖς
831 5263 937 5318 τῶν
979 5263 1267 5336 Ῥωμαίων
1325 5262 1528 5331 ξίφεσιν
1574 5265 1608 5332 ἡ
1651 5262 1758 5315 τῶν
1799 5262 2067 5316 Ἰουδαίων

496 5357 708 5427 πληθὺς
731 5357 1132 5427 δεδαπάνηται,
1171 5356 1347 5410 καίτοι
1381 5354 1501 5408 λίαν
1533 5356 1618 5408 ἐπ’
1661 5356 1844 5417 αὐτοῖς
1888 5353 2069 5419 ἀνεξι-

499 5450 837 5518 κακήσαντος
864 5447 958 5501 τοῦ
983 5447 1271 5502 Θεοῦ.”οτι
1296 5447 1353 5500 δέ
1375 5447 1482 5501 τῶν
1512 5446 1788 5516 ποιμένων
1812 5444 2084 5514 γεγόνασι·

503 5540 698 5610 κλῆρος
742 5540 790 5591 οἱ
821 5539 925 5591 ὑπὸ
962 5541 1118 5610 χεῖρα
1166 5538 1288 5592 λαοὶ
1313 5581 1325 5603 ,
1362 5538 1668 5603 κατέδειξεν
1714 5535 1904 5591 εἰπών·
1947 5556 1964 5589 t
2001 5537 2068 5589 Ἃ

500 5636 548 5685 οἱ
600 5631 930 5702 κτησάμενοι
977 5631 1334 5702 κατέσφαζον,
1383 5631 1474 5684 καὶ
1520 5633 1575 5684 οὐ
1625 5628 2006 5700 κατεμέλοντο.
2043 5647 2061 5680 ι

574 5816 618 5847 "
653 5812 790 5870 Psal.
822 5829 877 5880 ιι,
918 5813 962 5868 l.

1041 5816 1082 5847 7°
1128 5813 1315 5872 Matth.
1345 5829 1501 5881 χχιιι,
1527 5814 1616 5869 ἓὸ.
1693 5816 1732 5847 ⁷⁸
1779 5814 1974 5872 Ειοςιι.
2009 5813 2272 5879 xxx1v,‘2.

2182 611 2387 670 gentes,
2419 615 2473 659 et
2507 606 2684 675 pepuli
2721 605 2963 661 meditati
2999 616 3124 661 sunt
3160 605 3338 660 inania
3359 605 3445 660 "1
3481 625 3499 659 ι
3533 605 3758 680 Quando

2183 696 2348 765 igitur
2387 697 2519 752 dicit
2564 698 2838 753 fremitum
2881 696 3166 762 Iordanis,
3215 698 3456 768 intellige
3497 697 3758 767 spiritus,

2183 802 2289 840 non
2317 787 2500 857 utique
2525 787 2779 852 ﬂuminis,
2807 788 2900 843 sed
2929 788 3141 844 leonum
3168 790 3259 860 qui
3285 789 3438 860 juxta
3468 789 3752 844 inveniun-

2187 887 2271 932 tur
2301 896 2314 932 :
2347 893 2376 932 a
2409 879 2543 934 locis
2577 879 2720 934 enim
2757 894 3140 949 nonnunquam
3178 895 3299 951 qua:
3332 880 3388 935 in
3423 878 3491 936 iis
3523 888 3647 936 sunt
3676 879 3754 936 si-

2182 969 2271 1038 gni
2280 968 2524 1024 licenter.

2254 1232 2419 1303 758
2459 1231 2620 1288 Vsus.
2661 1233 2726 1298 4,.
2759 1233 2812 1287 5.
2859 1233 2996 1288 Haec.
3037 1236 3161 1289 dicit
3212 1235 3468 1292 Dominus
3515 1240 3754 1302 omnipo-

2183 1333 2294 1377 tens
2329 1339 2348 1377 :
2383 1323 2589 1378 Pascite
2620 1340 2736 1379 oves
2770 1325 3070 1389 occisionis,
3105 1342 3237 1396 quas
3272 1328 3359 1398 qui
3395 1329 3754 1398 possederunt,

2184 1416 2598 1485 interﬁciebant,
2631 1427 2681 1472 et
2725 1435 2829 1472 non
2874 1419 3094 1490 agebant
3137 1422 3535 1490 penitentiam,
3573 1431 3624 1477 et
3665 1424 3757 1493 qui

2185 1507 2467 1562 vendebant
2512 1525 2632 1575 eas,
2671 1509 2911 1565 dicebant
2954 1524 2976 1564 :
3022 1511 3337 1567 Benedictus
3378 1512 3666 1582 Dominus,
3705 1522 3756 1569 et

2185 1597 2370 1652 divites
2413 1600 2543 1668 facti
2582 1615 2796 1665 sumus,
2835 1609 2884 1655 et
2925 1610 3160 1669 pastores
3206 1618 3390 1656 earum
3433 1619 3538 1657 non
3585 1605 3754 1674 patie-

2185 1689 2374 1743 bantur
2398 1690 2684 1759 quidquam
2711 1707 2866 1760 super
2888 1692 2985 1746 eis.

2256 1780 2511 1839 LXXVII.
2551 1783 2633 1838 Ad
2666 1785 2880 1840 eosdem
2915 1793 3160 1854 pastores
3195 1785 3555 1844 lamentantes
3584 1797 3640 1844 et
3671 1789 3756 1844 in-

2180 1881 2294 1927 star
2327 1873 2538 1928 leonum
2579 1875 2854 1945 rugientes
2890 1890 3071 1930 sermo
3108 1875 3382 1943 dirigitur,
3420 1877 3618 1948 quibus
3657 1881 3752 1933 ad-

2179 1964 2286 2018 huc
2311 1965 2573 2031 permittit
2601 1979 2822 2032 pascere
2845 1978 2976 2020 oves
3006 1965 3316 2031 occisionis,
3343 1969 3556 2024 tametsi
3583 1969 3753 2040 negli-

2179 2053 2510 2123 gentissime,
2549 2062 2608 2108 ut
2652 2055 2741 2124 qui
2779 2053 3013 2110 venditis
3053 2064 3111 2110 et
3149 2056 3348 2112 occisis
3391 2056 3499 2114 illis
3543 2074 3643 2117 nec
3684 2061 3752 2115 ad

2179 2152 2506 2197 momentum
2543 2145 2802 2215 temporis
2835 2145 3052 2215 quidem
3087 2145 3352 2202 dolerent.
3386 2148 3751 2216 Quemadmo-

2177 2232 2306 2288 dum
2344 2234 2488 2288 enim
2529 2245 2777 2304 pastores
2815 2236 3137 2307 iniquiures,
3171 2247 3228 2293 et
3268 2238 3415 2295 solas
3449 2239 3748 2311 voluptates

2177 2339 2304 2380 suas
2339 2334 2760 2394 spectantes,.et
2795 2328 2971 2399 gregis
3010 2329 3296 2384 Dominum
3342 2345 3442 2386 nec
3482 2331 3578 2386 hili
3615 2346 3749 2402 pen-

2175 2415 2386 2484 dentes,
2421 2418 2556 2474 alias
2591 2434 2719 2475 oves
2751 2420 3043 2476 crudeliter
3075 2432 3334 2488 mactant,
3372 2422 3610 2479 ferarum
3647 2423 3749 2478 im-

2175 2519 2333 2581 petus
2356 2510 2657 2574 imitantes,
2680 2511 2815 2566 alias
2834 2512 3092 2577 vendunt,
3117 2515 3250 2568 nihil
3274 2515 3508 2584 penitus,
3531 2524 3592 2571 ut
3614 2515 3748 2582 dixi,

2175 2617 2360 2657 earum
2387 2603 2560 2657 vicem
2589 2602 2854 2669 dolentes,
2885 2605 2978 2660 sed
3009 2607 3424 2677 improbissimis
3453 2607 3750 2676 quaestibus

2176 2696 2488 2767 gaudentes,
2528 2707 2584 2751 et
2619 2696 2899 2766 cupiditati
2940 2699 3075 2753 adeo
3118 2699 3291 2767 turpis
3334 2696 3468 2753 lucri
3509 2714 3752 2755 succum—

2174 2784 2364 2840 bentes
2387 2802 2402 2840 :
2427 2785 2616 2840 eodem
2644 2785 2805 2842 modo
2829 2794 2883 2841 et
2909 2787 3088 2857 populi
3116 2787 3328 2844 Judaici
3358 2787 3751 2857 gubernatores

2173 2891 2362 2948 greges
2409 2891 2538 2932 suos
2581 2876 2720 2931 male
2763 2891 2988 2932 curasse
3030 2879 3248 2945 videas,
3296 2887 3351 2934 et
3396 2893 3754 2956 exaggerasse

2175 2982 2304 3022 suas
2349 2967 2585 3032 divitias,
2634 2977 2689 3022 et
2729 2967 2876 3022 velut
2916 2968 3223 3039 inexplebili
3269 2984 3433 3025 manu
3477 2970 3751 3041 marsupia

2177 3057 2469 3126 ingerendo
2499 3056 2777 3114 dilatasse.
2807 3057 3070 3126 Quocirca
3104 3060 3283 3114 aiebat
3313 3060 3582 3127 Salvator,
3614 3061 3751 3118 tales

2176 3149 2574 3220 reprehendens
2607 3163 2623 3204 :
2663 3167 2682 3201 ι
2720 3150 2812 3206 Vas
2843 3151 3019 3229 vobis,
3052 3150 3256 3208 Scriba:
3285 3161 3339 3210 et
3367 3153 3626 3210 Pharisaei
3657 3154 3752 3225 hy-

2175 3241 2416 3310 pocritae,
2463 3240 2589 3310 quia
2633 3241 2915 3297 decimatis
2963 3251 3225 3308 mentam,
3270 3252 3327 3299 et
3373 3245 3652 3312 anethum,
3696 3256 3754 3300 et

2176 3329 2445 3400 cyminum
2468 3369 2482 3393 ,
2517 3339 2571 3385 et
2612 3331 2859 3402 graviora
2900 3331 3034 3402 legis
3073 3332 3358 3401 omittitis,
3389 3333 3653 3404 judicium
3694 3345 3751 3392 et

2178 3422 2602 3478 misericordiam
2624 3465 2638 3490 ,
2671 3431 2726 3479 et
2761 3423 2920 3479 ﬁdem
2941 3425 3013 3481 ὀ.
3051 3443 3070 3476 ι
3105 3423 3242 3481 Tam
3275 3425 3451 3484 exacti
3484 3427 3628 3487 enim
3651 3469 3667 3495 ,
3697 3435 3752 3484 et

2175 3516 2422 3570 minutim
2459 3516 2698 3572 rationes
2732 3514 3126 3583 subducentes,
3163 3527 3223 3572 ut
3256 3517 3420 3575 etiam
3443 3533 3638 3578 rerum
3674 3519 3750 3573 vi-

2175 3605 2503 3662 lissimarum
2553 3608 2790 3664 decimas
2836 3609 3320 3681 secundum.legis
3367 3613 3742 3683 praescriptum

2176 3712 2281 3751 non
2317 3696 2602 3754 offerentes
2639 3697 3017 3769 increparent,
3077 3701 3386 3769 graviorum
3430 3704 3545 3758 sive
3578 3704 3750 3774 magis

2175 3790 2602 3844 necessariorum
2647 3800 2702 3846 et
2755 3791 3164 3848 utilissimorum
3194 3795 3596 3852 .mandatorum
3650 3795 3745 3850 Dei

2175 3880 2374 3936 nullam
2415 3884 2636 3938 omnino
2679 3899 2866 3938 curam
2905 3885 3288 3954 suscipiebant.
3331 3885 3524 3950 Fuisse
3565 3895 3744 3948 autem

2175 3981 2419 4042 pastores
2447 3990 2558 4030 non
2583 3976 2771 4039 bonos,
2798 3976 2903 4030 sed.
2923 3984 3126 4032 tantum
3156 3975 3304 4035 lucra
3333 3992 3426 4032 sua
3454 3987 3745 4043 sectantes,

2175 4064 2408 4119 declarat
2436 4068 2599 4121 etiam
2631 4083 2724 4137 per
2750 4065 3111 4131 Ezechieletn,
3146 4068 3229 4123 bis
3259 4068 3436 4123 verbis
3466 4087 3480 4124 :
3520 4086 3538 4119 ι
3574 4068 3618 4124 0
3650 4084 3746 4139 pa-

2175 4166 2348 4212 stores
2398 4157 2589 4225 lsrael,
2643 4174 2768 4212 unm
2822 4168 3047 4228 pascunt
3098 4170 3344 4230 pastores
3390 4159 3751 4230 semetipsos?

2173 4247 2360 4304 Nonne
2392 4258 2636 4314 pastores
2663 4264 2883 4320 pascere
2908 4248 3084 4306 solent
3113 4251 3280 4306 oves?
3303 4249 3450 4312 Ecce
3486 4251 3569 4306 lac
3599 4264 3749 4322 com-

2176 4342 2354 4407 editis,
2386 4351 2440 4396 et
2469 4343 2604 4399 lanis
2631 4344 2940 4414 operimini,
2969 4356 3023 4400 et
3050 4346 3193 4416 quod
3221 4360 3463 4402 crassum
3493 4354 3577 4402 est
3605 4347 3751 4402 occi-

2175 4434 2334 4500 ditis,
2367 4443 2421 4490 et
2451 4450 2580 4491 oves
2615 4451 2762 4492 meas
2799 4438 3253 4509 nonpascitis“.
3293 4457 3313 4490 ι
3354 4437 3535 4510 lnquit
3563 4452 3696 4510 ergo
3733 4457 3747 4492 :

2103 4567 2148 4626 υ
2181 4546 2199 4579 ι
2232 4528 2444 4586 Pascite
2469 4529 2932 4594 ovesoccisionis,
2965 4549 2984 4583 ι
3018 4531 3120 4586 hoc
3143 4537 3252 4598 est,
3277 4541 3370 4586 aut
3388 4544 3519 4589 mox
3548 4529 3748 4586 Roma-

2177 4637 2368 4676 norum
2398 4639 2558 4677 manu
2586 4624 2909 4689 morituras,
2936 4633 3028 4678 aut
3054 4638 3192 4698 quas
3223 4623 3442 4692 ipsimet
3469 4624 3715 4680 occiditis
3733 4665 3749 4686 ,

2174 4716 2420 4786 quamvis
2443 4725 2715 4786 pastorum
2741 4716 2931 4770 ordine
2953 4725 3004 4769 et
3035 4715 3152 4769 loco
3174 4714 3312 4770 sitis.
3332 4713 3579 4770 Nondum
3602 4716 3746 4770 enim

2175 4807 2329 4864 adest
2352 4818 2560 4876 tempus
2580 4822 2686 4877 quo
2704 4806 3112 4878 jugulabuntur.
3131 4805 3260 4862 Post
3278 4807 3567 4863 adventum
3590 4822 3747 4861 nam-

2174 4913 2279 4966 que
2306 4898 2623 4964 Salvatoris,
2651 4910 2706 4953 et
2733 4900 3045 4954 diuturnam
3079 4897 3171 4952 Dei
3201 4912 3329 4969 erga
3360 4897 3479 4952 illos
3509 4897 3744 4953 toleran-

2178 4990 2328 5055 tiam,
2357 4989 2719 5046 Romanorum
2749 4992 2942 5063 gladiis
2965 4991 3272 5048 Iudaeorum
3303 4990 3586 5045 multitudo
3613 4985 3764 5044 con?

2176 5091 2385 5148 sumpta
2419 5090 2523 5135 est.
2552 5079 2836 5136 Pastorum
2871 5092 3048 5136 autem
3083 5092 3283 5135 sortem
3321 5081 3515 5134 factam
3551 5078 3746 5147 quibus

2176 5181 2444 5240 praeerant
2471 5173 2695 5244 populos
2723 5173 2796 5229 ita
2828 5175 2985 5230 docet
3021 5193 3033 5227 :
3071 5173 3235 5245 759
3267 5191 3286 5224 ι
3324 5173 3468 5239 Quas
3494 5173 3586 5240 qui
3620 5187 3746 5241 pos-

2175 5263 2464 5328 sederunt,
2497 5263 2927 5328 interiiciebant,
2967 5273 3022 5320 et
3062 5279 3166 5319 non
3209 5264 3439 5335 agebant
3479 5263 3750 5335 paeniten-

2177 5353 2326 5408 tiam.
2365 5373 2383 5405 ι
2417 5354 2568 5410 Sicut
2599 5357 2742 5412 enim
2776 5355 3110 5412 Dominicam
3149 5365 3330 5412 mente
3363 5354 3743 5426 aspectabiletn

2178 5447 2410 5514 vineam,
2441 5446 2714 5514 lsraelem,
2747 5449 2990 5520 inquam,
3017 5450 3130 5505 sive
3162 5448 3431 5505 hominem
3457 5445 3618 5508 Juda,
3656 5462 3744 5500 re—

2177 5554 2305 5596 cens
2345 5539 2634 5610 plantatam
2658 5542 2702 5572 "
2742 5551 2797 5596 et
2836 5541 3125 5606 dilectam,
3161 5555 3312 5596 suam
3354 5549 3556 5596 sortem
3599 5537 3744 5593 fece-

2182 5641 2307 5688 runt
2361 5650 2374 5685 :
2424 5631 2498 5686 ita
2557 5643 2610 5686 ct
2666 5648 2852 5704 greges
2909 5635 3302 5703 quodammodo
3354 5632 3744 5706 possederunt,

2435 5813 2477 5844 "
2519 5811 2617 5868 lsa.
2646 5827 2692 5879 ι’,
2737 5812 2792 5870 7.
2859 5873 2862 5876 ,
