4072 6370
358 447 463 503 183

1339 442 1398 497 S.
1441 442 1716 499 CYRILLI
1754 440 2227 498 ALEXANDRINI
2269 445 2584 501 ARCHIEP.

3505 453 3602 506 134

357 572 707 635 decerpentes
751 574 938 616 eorum
982 559 1224 620 fructus,
1268 569 1326 612 et
1364 573 1478 612 rem
1523 573 1676 613 suam
1719 571 1928 628 semper

2047 560 2273 627 ’Ὠσπερ
2298 559 2406 630 γὰρ
2441 559 2756 612 δεσποτικὸν
2797 560 2925 612 ὄντα
2950 560 3045 612 τὸν
3071 577 3257 630 νοητον
3283 563 3611 632 ἀμπελῶνα,

357 658 770 729 ampliﬁcantes,
804 650 1215 718 volentibusque
1249 651 1492 718 rapinam
1526 651 1921 720 permittentes.

356 753 500 822 Ergo
527 750 616 819 qui
648 744 1002 817 possederunt
1030 742 1350 798 occidebant
1380 761 1393 795 :
1423 743 1716 798 vendentes
1745 751 1924 798 autem

357 842 607 896 dicebant
645 855 658 890 :
704 855 723 888 ε
771 837 1093 891 Benedictus
1136 834 1424 897 Dominus,
1466 844 1522 887 et
1561 835 1758 889 divites
1800 835 1923 890 facti

356 945 563 988 sumus.
613 945 634 981 ι
681 927 914 983 Possunt
963 927 1016 981 Ιιὶ
1062 925 1288 992 intelligi
1325 923 1559 993 judices,
1600 924 1922 994 judiciormu

358 1021 719 1091 integritatem
753 1027 1155 1088 cauponantes,
1190 1025 1244 1070 et
1276 1016 1429 1084 quasi
1467 1015 1648 1070 valere
1675 1015 1927 1082 jubeutes

358 1115 529 1185 legem
561 1113 743 1178 Musis,
771 1110 1019 1179 quamvis
1049 1119 1234 1178 aperte
1261 1111 1406 1162 dicat
1441 1127 1454 1162 :
1493 1126 1514 1158 ι
1548 1107 1664 1162 Non
1695 1109 1926 1176 accipies

357 1219 644 1276 personam
679 1202 731 1256 in
761 1201 992 1272 judicio,
1020 1200 1142 1269 quia
1165 1198 1428 1266 judicium
1457 1199 1549 1253 Dei
1577 1199 1745 1253 est".
1781 1217 1800 1250 ι
1830 1197 1926 1253 Ju-

357 1295 590 1352 cundum
645 1293 790 1348 enim
819 1301 875 1347 et
903 1291 1137 1345 amicum
1169 1298 1287 1343 erat
1317 1289 1422 1342 illis
1449 1289 1681 1343 vendere
1710 1290 1762 1343 in
1793 1305 1924 1343 una-

359 1401 572 1456 quaque
594 1400 756 1440 causa
775 1383 1037 1450 judicium
1063 1383 1127 1436 iis
1150 1381 1242 1450 qui
1265 1395 1448 1435 emere
1466 1379 1682 1434 vellent.
1705 1381 1759 1434 Id
1782 1379 1924 1448 quod

358 1478 528 1533 etiam
559 1491 628 1532 ex
659 1475 883 1531 vocibus
915 1485 1226 1530 sanctorum
1261 1472 1478 1542 planum
1517 1472 1628 1526 lict.
1663 1473 1751 1526 Ait
1781 1474 1924 1526 enim

359 1569 580 1638 quidam
607 1578 919 1623 sanctorum
939 1568 1322 1635 praphetarurn
1342 1564 1408 1618 de
1423 1562 1722 1628 Jerusalem
1749 1581 1762 1616 :
1796 1582 1815 1614 ‹
1829 1563 1927 1616 Du-

356 1675 450 1721 ces
469 1663 586 1734 ejus
614 1675 738 1718 cum
762 1660 1074 1716 muneribus
1097 1658 1414 1728 judicabant
1439 1658 1506 1712 ".
1538 1677 1558 1709 ι
1587 1658 1807 1713 Divinus
1829 1673 1932 1712 ειυς

354 1765 464 1810 tem
487 1753 738 1810 Habacuc
761 1754 1143 1823 prOpemodum
1165 1749 1487 1805 vociferatur
1505 1759 1691 1805 contra
1721 1751 1922 1804 Deum:

359 1863 382 1897 ι
432 1841 744 1914 Usquequo,
783 1843 1030 1906 Domine,
1069 1841 1338 1907 clamabo,
1378 1849 1435 1897 et
1476 1855 1582 1895 non
1629 1842 1926 1895 exaudies?

354 1935 693 1991 vociferabor
710 1935 778 1989 ad
803 1945 852 1988 te
873 1938 980 1988 vim
1003 1934 1229 2003 patiens,
1255 1943 1308 1988 et
1328 1949 1436 1990 non
1458 1933 1729 1988 salvabis?
1748 1933 1926 2000 Quare

353 2027 637 2083 ostendisti
675 2026 806 2081 mihi
846 2026 1057 2082 labores
1086 2035 1142 2082 et
1175 2025 1406 2091 dolores,
1438 2026 1621 2080 videre
1651 2026 1925 2080 miseriam

352 2128 408 2173 et
435 2120 806 2189 impietatem?
828 2118 904 2172 Ex
932 2119 1160 2172 adverso
1182 2119 1286 2172 mei
1312 2117 1515 2171 factum
1537 2125 1620 2171 est
1641 2115 1926 2184 judicium,

351 2217 408 2262 et
433 2207 596 2278 judex
626 2207 842 2278 accipit.
875 2203 1167 2274 Propterea
1199 2205 1456 2274 dissipata
1485 2215 1569 2259 est
1596 2205 1702 2270 lex,
1732 2215 1785 2259 et
1815 2221 1920 2258 non

351 2299 637 2354 deducitur
669 2301 722 2352 in
763 2298 924 2352 finem
955 2297 1239 2366 judicium,
1273 2298 1399 2367 quia
1436 2298 1633 2366 impius
1669 2299 1928 2368 opprimit

349 2388 573 2460 justum.
621 2388 846 2459 Propter
891 2389 994 2444 hoc
1045 2389 1352 2459 egredietur
1394 2389 1658 2459 judicium
1709 2405 1928 2459 perver-

351 2495 472 2538 sum
493 2479 564 2537 ".
599 2500 620 2533 ι
651 2480 1011 2549 Quamobrem
1041 2497 1106 2536 ex
1139 2481 1352 2548 injustis
1383 2483 1681 2550 quaestibus
1710 2483 1929 2538 divitias

351 2586 764 2646 congregantes,
805 2583 856 2628 et
892 2573 1157 2641 justitiam
1200 2583 1598 2643 pervertentes,
1637 2584 1693 2628 et
1725 2575 1932 2644 judicia.

349 2667 406 2722 in
449 2665 687 2733 qualibet
729 2679 894 2720 causa
935 2665 1111 2732 pretio
1153 2665 1496 2730 addicentes,
1537 2680 1658 2719 esse
1702 2677 1928 2734 possunt

349 2759 561 2830 iudices
590 2757 714 2828 ipsi,
739 2767 798 2809 ut
828 2757 986 2812 modo
1015 2756 1148 2820 dixi,
1175 2756 1268 2825 qui
1298 2756 1521 2810 dicunt:
1554 2774 1572 2807 ι
1603 2755 1930 2813 Benedictus

348 2849 633 2914 Dominus,
660 2858 716 2905 et
745 2849 938 2902 divites
971 2848 1099 2902 facti
1130 2861 1339 2902 sumus.
1373 2865 1393 2899 ι
1425 2844 1480 2899 In
1511 2863 1618 2916 quo
1651 2858 1709 2901 ut
1740 2863 1928 2902 amen-

351 2940 548 2996 tissimi
582 2950 638 2995 et
682 2939 1030 2994 audacissimi
1073 2937 1394 3009 reprehendi
1434 2949 1654 3008 queant.
1697 2939 1930 3010 Fingunt

352 3033 500 3088 enim
535 3043 593 3087 se
625 3032 945 3086 benedicere
977 3029 1115 3096 Deo,
1154 3031 1378 3099 perinde
1411 3045 1474 3086 ac
1507 3029 1553 3085 si
1591 3031 1758 3100 ipsius
1792 3047 1925 3086 cono

347 3138 507 3179 cessu
541 3121 701 3178 liceat
734 3137 799 3176 ex
833 3121 1211 3190 iniquitatibus
1244 3120 1518 3190 colligere,
1554 3131 1608 3176 et
1640 3138 1670 3176 e
1703 3125 1925 3193 sangui-

347 3215 511 3271 nibus
544 3215 830 3270 ditescere.
862 3213 1025 3282 Atqui
1060 3228 1129 3267 ex
1161 3229 1292 3268 vero
1325 3214 1502 3268 ollicio
1530 3214 1732 3283 judicia
1769 3228 1927 3270 exer-
1955 3249 1996 3306 ϐ

347 3315 533 3365 centes
563 3305 693 3361 Illud
727 3305 1020 3376 prmstabat
1053 3304 1234 3360 dicere
1270 3325 1282 3359 :
1321 3323 1342 3356 ι
1381 3303 1704 3360 Benedictus
1745 3307 1924 3363 Domi—

348 3407 478 3464 nus,
517 3415 536 3448 ι
578 3395 830 3451 Illustrati
868 3395 1282 3464 divinorumque
1321 3397 1698 3450 mandatorum
1735 3397 1942 3455 sinceri.

348 3492 727 3548 observatores
747 3489 1006 3556 comperti
1031 3503 1239 3547 sumus,
1253 3487 1456 3554 justam
1482 3487 1533 3540 in
1557 3491 1747 3556 quavis
1768 3504 1930 3542 causa

349 3580 674 3636 sententiam
713 3579 1150 3649 pronuntiantes.
1189 3575 1288 3632 Est
1352 3578 1515 3648 igitur
1549 3579 1704 3633 dolus
1747 3590 1801 3633 et
1839 3581 1932 3633 de—

349 3672 516 3726 decus
550 3669 828 3739 speciosus
859 3681 1059 3732 sermo,
1095 3666 1196 3720 nisi
1232 3665 1495 3720 faciamus
1531 3681 1650 3738 qua:
1683 3665 1938 3734 placeant

346 3759 482 3816 Deo.

1955 1903 1999 1958 Β

2027 651 2171 721 φημὶ
2192 651 2255 721 δὴ
2289 651 2381 704 τὸν
2420 650 2657 722 Ἰσραὴλ,
2691 652 2808 721 ἦτοι
2842 652 2934 704 τὸν
2969 651 3254 722 ἄνθρωπον
3289 653 3384 706 τοῦ
3411 655 3602 718 Ἰούδα,

2024 745 2086 796 τὸ
2127 744 2404 812 νεόφυτον,
2433 743 2495 795 τὸ
2522 743 2900 812 ἠγαπημένον,
2952 743 3083 796 ῐδιον
3114 745 3438 816 ἐποιήσαντο
3477 746 3606 817 κλῆ-

2028 850 2142 905 ρον·
2183 834 2324 888 οὕτω
2357 834 2450 888 καὶ
2491 835 2559 887 τά
2598 834 2824 903 ποίμνια
2859 837 3142 904 μονονουχὶ
3175 837 3603 906 κατεκτήσαντο,

2024 927 2349 998 δρεπόμενοι
2393 927 2490 997 μὲν
2523 927 2650 990 τοὺς
2681 927 2890 980 ἑαυτῶν
2929 929 3196 997 καρποὺς,
3230 929 3324 980 καὶ
3357 931 3442 982 ἀεί
3479 946 3597 993 πως

2025 1020 2083 1073 ἐν
2109 1019 2467 1090 πλεονασμοῖς
2491 1019 2583 1072 τὸν
2613 1019 2824 1073 ἑαυτῶν
2863 1019 3144 1084 ποιοῦντες
3175 1021 3400 1092 κλῆρον,
3427 1020 3605 1076 ἀνιέν-

2025 1128 2115 1174 τες
2161 1111 2220 1171 δὲ
2267 1113 2380 1174 τοῖς
2420 1110 2696 1165 ἐθέλουσιν
2745 1110 3076 1183 διαρπαγήν.
3114 1113 3337 1181 ,Οὐκοῦν
3391 1115 3439 1166 οἱ
3507 1115 3607 1184 μὲν

2026 1204 2358 1273 κτησάμενοι
2407 1202 2782 1272 κατέσφαζον
2834 1205 2884 1256 οἱ
2929 1203 2988 1256 δὲ
3030 1202 3340 1267 πωλοῦντες
3383 1203 3602 1272 ἔλεγονο

2033 1313 2050 1344 ι
2087 1293 2390 1364 Εὐλογητὸς
2413 1294 2640 1365 Κύριος,
2671 1296 2765 1349 καὶ
2795 1295 3277 1367 πεπλουτήκαμεν.
3307 1314 3325 1345 ι
3347 1294 3622 1367 Νοηθεῖεν.

2026 1388 2070 1440 δ’
2101 1388 2168 1440 ἂν
2193 1389 2287 1441 καὶ
2323 1381 2474 1442 οὗτοι
2515 1389 2722 1459 κριταὶ,
2776 1388 2872 1457 τὴν
2903 1391 2960 1441 ἐν
2991 1392 3108 1451 τοῖς
3152 1389 3422 1460 κρίμασιν
3450 1388 3610 1458 ὀρθό-

2026 1494 2166 1547 τητα
2211 1476 2656 1548 καπηλεύοντες,
2709 1477 2868 1546 μόνον
2911 1477 2968 1530 δὲ
3015 1478 3138 1548 οὐχὶ
3191 1480 3285 1531 καὶ
3332 1477 3608 1549 ἐρρῶσθαι

2027 1568 2336 1640 φράσαντες
2382 1568 2460 1639 τῷ
2502 1567 2589 1621 διὰ
2639 1569 2884 1633 Μωσέως
2934 1570 3120 1638 νόμῳ,
3171 1570 3348 1622 καίτοι
3394 1569 3609 1638 λέγοντι

2027 1658 2214 1727 σαφῶς
2235 1675 2251 1690 ο
2290 1676 2308 1709 ι
2336 1659 2412 1712 Οὐ
2436 1659 2580 1730 λήψῃ
2607 1659 2900 1729 πρόσωπον
2928 1660 2986 1712 ὲν
3020 1660 3230 1728 κρίσει,
3255 1660 3338 1712 ὃτι
3365 1660 3397 1728 ἡ
3427 1659 3609 1728 κρίσις

2025 1751 2120 1804 τοῦ
2163 1751 2298 1804 Θεοῦ
2336 1752 2503 1812 ἐστιν.
2535 1771 2554 1803 ι
2590 1748 2698 1804 Ἦν
2728 1754 2837 1823 γὰρ
2881 1753 3066 1814 αὐτοῖς
3096 1749 3192 1820 ἡδύ
3225 1767 3284 1802 τε
3317 1751 3413 1803 κει)⁵
3457 1749 3610 1818 φίλον

2025 1842 2086 1894 τὸ
2128 1841 2470 1896 καταπωλεῖν
2494 1845 2606 1906 τοῖς
2650 1841 2893 1894 ἐθέλουσι
2933 1842 3032 1912 τὴν
3061 1843 3146 1910 ἐφ’
3185 1841 3401 1910 ἑκάστῳ
3434 1841 3610 1908 πράγ-

2031 1951 2159 2004 ματι
2215 1935 2418 2006 κρίσιν.
2455 1935 2565 1988 Καὶ
2607 1933 2768 1987 τοῦτο
2816 1933 2978 1988 πάλιν
3008 1935 3139 2004 ἡμῖν
3174 1932 3406 2006 ἐναργὲς
3454 1931 3608 1985 ἔσται

2027 2026 2116 2078 διὰ
2143 2027 2329 2096 φωνῆς
2364 2027 2555 2095 ἁγίων.
2588 2029 2733 2097 Ἔφη
2757 2028 2872 2097 μὲν,
2889 2027 2998 2097 γάρ
3021 2038 3104 2089 τις
3128 2025 3236 2079 τῶν
3268 2026 3439 2094 ἁγίων
3473 2040 3610 2094 προ-

2028 2116 2213 2186 φητῶν
2240 2117 2370 2187 περὶ
2399 2117 2499 2187 τῆς
2533 2118 2891 2188 Ἰερουσαλήμ
2913 2136 2925 2147 ·
2969 2135 2994 2172 ‹,
3015 2118 3078 2168 Οί
3104 2116 3401 2186 ἡγούμενοι
3433 2115 3607 2184 αὐτῆς

2033 2210 2178 2278 μετὰ,
2202 2208 2388 2280 δώρων
2430 2209 2672 2280 ἔκρινον.
2708 2229 2728 2261 ι
2771 2210 2830 2261 '0
2875 2209 2933 2262 δέ
2974 2226 3038 2277 γε
3089 2209 3376 2270 θεσπέσιος
3418 2206 3610 2260 Ἀὁόα-

2030 2302 2173 2371 κοίιμ
2207 2302 2489 2371 μονονουχὶ
2537 2301 2924 2370 κατακέκραγε
2970 2300 3128 2363 Θεοῦ,
3182 2299 3376 2368 λέγων·
3415 2316 3433 2348 ‹
3465 2299 3612 2359 Ἕως

2027 2395 2206 2458 τίνος,
2242 2393 2450 2462 Κύριε,
2485 2394 2859 2464 κεκράξομαι,
2908 2393 3004 2446 καὶ
3049 2393 3110 2444 οὐ
3154 2391 3228 2461 μὴ
3277 2390 3626 2460 εἰσακούσῃ,

2034 2487 2298 2556 βοήσομαι
2353 2486 2490 2556 πρὸς
2517 2487 2575 2538 σὲ
2608 2485 2986 2556 ἀδικούμενος,
3021 2484 3118 2538 καὶ
3143 2484 3203 2535 οὐ
3237 2483 3434 2545 σώσεις
3455 2499 3469 2547 ;
3494 2483 3610 2534 Ἵνα

2028 2575 2081 2626 τί
2119 2592 2208 2645 μοι
2233 2574 2440 2639 ἔδειξας
2484 2575 2687 2638 κόπους
2723 2576 2817 2628 καὶ
2844 2575 3059 2638 πόνους,
3089 2573 3402 2626 ἐπιϐλέπειν
3427 2571 3612 2626 ταλαι-

2031 2668 2243 2738 πωρίαν
2276 2668 2371 2721 καὶ
2408 2668 2710 2734 άσέὅειανς
2747 2667 3088 2733 Ἑξεναντίας
3121 2683 3223 2735 μου
3273 2664 3462 2732 γέγονε
3491 2662 3610 2732 κρί-

2033 2775 2136 2820 σις,
2169 2759 2262 2810 καὶ
2289 2760 2318 2810 ὁ
2351 2758 2542 2826 κριτὴς
2574 2758 2861 2828 λαμϐάνει.
2910 2758 3007 2812 Διὰ
3035 2757 3192 2820 τοῦτο
3234 2755 3610 2809 διεσκέδασται

2030 2852 2229 2920 νόμος,
2272 2853 2368 2904 καὶ
2414 2852 2476 2904 οὐ
2529 2851 2839 2919 διεξάγεται
2887 2853 2967 2914 είς
3013 2851 3163 2914 τέλος
3213 2852 3408 2919 κρῖμα,
3457 2849 3539 2900 ὅτι
3582 2849 3612 2899 ὁ

2033 2941 2236 3010 ᾁσεὸὴς
2271 2941 2730 2994 καταδυναστεύει
2766 2941 2856 2994 τὸν
2899 2941 3125 2995 δίκαιον.
3159 2941 3383 2994 Ἕνεκεν
3419 2939 3609 2992 τούτου

2031 3032 2374 3095 ἐξελεύσεται
2403 3033 2464 3086 τὸ
2497 3036 2674 3104 κρῖμα
2699 3033 3194 3103 διεστραμμένον.»
3235 3029 3443 3084 Οὐκοῦν
3472 3030 3522 3080 οί
3552 3028 3610 3094 ἐξ

2033 3124 2238 3189 ἀδίκων
2267 3124 2572 3196 λημμάτων
2619 3126 3030 3197 συναγείροντες
3062 3123 3310 3189 πλοῦτον,
3345 3122 3438 3176 καὶ
3471 3140 3610 3192 παρ-

2031 3215 2349 3280 ευθύνοντες
2380 3217 2479 3287 μὲν
2508 3217 2568 3270 τὸ
2597 3217 2824 3282 δίκαιον,
2862 3217 3311 3278 καταπωλοῦντες
3339 3215 3395 3268 δὲ
3419 3215 3611 3284 ὥσπερ

2033 3305 2132 3369 τάς
2159 3307 2244 3374 ἐφ’
2273 3307 2500 3377 ἑκάστῳ.
2523 3310 2809 3378 πράγματι
2838 3310 3070 3378 κρίσεις,
3095 3304 3202 3360 εἷεν
3236 3307 3301 3360 ἂν
3329 3308 3376 3358 oi
3401 3305 3607 3376 κριταὶ.

2039 3397 2291 3467 καθάπερ
2319 3398 2456 3468 ἔφην
2483 3399 2706 3470 ἀρτίως,
2738 3400 2909 3453 αὐτοί·
2941 3400 3035 3452 καί
3067 3413 3250 3467 φασιν·
3278 3395 3610 3465 «Εὐλογητὸς

2039 3487 2282 3558 Κύριος,
2331 3489 2424 3541 καὶ
2462 3488 2939 3559 πεπλουτήκαμεν.
2994 3506 3014 3538 ι
3059 3483 3475 3539 Ἀνούστατοιδὲ
3518 3483 3624 3535 καὶ.

2037 3571 2521 3649 παραϐολώτατοι’
2551 3582 2644 3633 καὶ
2681 3581 2839 3633 τοῦτο
2876 3580 3128 3648 λέγοντες
3153 3578 3520 3646 ὲξελέγχοιντο
3542 3572 3610 3626 ἂν

2035 3671 2276 3733 εἰκότως.
2333 3673 2419 3734 Ὠς
2458 3673 2566 3744 γὰρ
2615 3674 2748 3726 Θεοῦ
2779 3673 3012 3734 διδόντος
3058 3670 3131 3737 ἐξ,Δ
3161 3667 3386 3722 ἀδικιῶν
3423 3663 3611 3716 συλλέ-

2034 3779 2174 3830 γειν.
2216 3765 2310 3819 καὶ
2342 3763 2402 3828 ἐξ
2445 3766 2692 3836 αἱμάτων
2742 3765 3014 3829 πλουτεῖν,
3051 3748 3294 3828 εὐλογεῖν
3335 3756 3612 3812 ὑποπλάτ-

347 3871 556 3909 τονται.
600 3853 740 3907 Ἀλλ’
771 3849 838 3925 ἦν
871 3855 1094 3925 ἄμεινον
1138 3853 1316 3906 ἐκεῖνο
1361 3851 1574 3920 λέγειν,
1609 3851 1671 3904 τὸ
1745 3852 1949 3922 κρίνειν
1987 3855 2162 3926 ὀρθῶς
2242 3860 2668 3928 ἐκτετιμηκότες
2691 3876 2707 3891 ο
2742 3877 2760 3909 ι
2800 3856 3104 3924 Εὐλογητὸς
3139 3853 3342 3924 Κύριος
3367 3870 3379 3881 ·
3415 3871 3434 3902 ›
3471 3850 3610 3918 λαμ-

353 3948 486 4018 προὶ¹
526 3945 636 4018 γὰρ
683 3947 1142 4016 ἀναδεδείγμεθα,
1176 3945 1269 3998 καὶ
1333 3945 1440 3997 τῶν
1465 3944 1624 3998 θείων
1697 3942 2084 4015 θεσπισμάτων
2160 3949 2373 4019 γνήσιοι
2417 3951 2679 4020 φύλακες,
2728 3949 2892 4022 ὀρθὴν
2935 3949 3021 4017 ἐφ’
3071 3949 3286 4029 ἑκάστῳ
3322 3945 3610 4014 πράγματι

348 4042 450 4113 τὴν
495 4042 678 4112 ψῆφον
717 4042 1061 4113 ἐκφέροντες..
1144 4040 1354 4112 Ἀπάτη
1402 4035 1467 4108 δὴ
1511 4035 1604 4092 οῦν
1648 4041 1681 4110 ἡ
1731 4039 2090 4115 χρηστολογία
2159 4044 2253 4102 καὶ
2305 4042 2517 4113 μῶμος,
2561 4045 2609 4096 εί
2669 4043 2744 4113 μὴ
2813 4041 3108 4112 πράττοιτο
3169 4041 3306 4112 πρὸς
3347 4035 3504 4104 ἡμῶν
3540 4031 3610 4084 τὰ

349 4133 436 4204 ἐφ’
459 4125 540 4198 οἷς
565 4133 631 4186 ἂν
655 4132 845 4204 ἡσθείη
873 4131 1024 4196 Θεὸς.

427 4229 588 4287 Vsus.
623 4226 690 4292 6,
731 4227 782 4280 '7.
820 4226 1045 4297 PrOpter
1076 4227 1170 4280 hoc
1211 4242 1314 4280 non
1353 4242 1566 4294 parcam
1601 4224 1741 4278 ultra
1777 4241 1932 4292 super

347 4317 645 4373 habitantes
680 4327 906 4381 terram,
938 4317 1064 4369 dicit
1098 4316 1373 4370 Dominus.
1405 4316 1472 4370 Et
1509 4331 1622 4369 ecce
1653 4332 1746 4384 ego
1775 4317 1928 4368 trado

351 4409 610 4474 homines,
653 4424 1074 4478 unumquemque
1121 4409 1176 4461 in
1220 4423 1408 4462 manus
1454 4409 1679 4476 proximi
1730 4409 1834 4473 sui,
1879 4418 1926 4460 et

350 4514 770 4569 unumquemque
807 4499 862 4551 in
897 4513 1085 4551 manus
1121 4498 1284 4568 760
1321 4499 1452 4567 regis
1487 4498 1622 4567 ejus.
1659 4496 1728 4553 Et
1759 4498 1931 4551 conci-

349 4593 473 4646 dent
501 4603 715 4653 terram,
741 4599 788 4643 et
817 4605 918 4643 non
944 4603 1127 4643 eruam
1151 4595 1214 4642 de
1241 4606 1400 4642 manu
1422 4605 1620 4657 eorum,
1646 4601 1691 4643 et
1716 4605 1929 4660 pascam

354 4701 470 4740 oves
501 4684 777 4737 occisionis
806 4682 862 4735 in
889 4679 1258 4736 Chananitide.

419 4856 706 4915 LXXVIII.
747 4860 980 4915 Minatur
1009 4859 1264 4931 gregibus
1289 4859 1512 4913 exitium
1543 4860 1772 4914 simul...
1803 4861 1938 4929 quia.

354 4955 605 5024 quamvis
638 4954 827 5008 liceret
857 4955 937 5009 eis
969 4955 1070 5008 sub
1104 4953 1300 5007 summi
1337 4953 1707 5007 universorum
1745 4963 1929 5022 pasto-

355 5048 468 5112 ris,
514 5046 716 5102 Christi
758 5055 923 5116 puta,
970 5045 1192 5099 tutelam
1238 5043 1531 5112 confugere
1573 5053 1628 5098 et
1667 5043 1771 5100 sub
1812 5045 1929 5113 ipso

352 5153 495 5201 esse,
522 5137 826 5190 maluerunt
856 5144 1034 5190 tamen
1063 5137 1114 5188 in
1146 5134 1303 5190 (idem
1331 5133 1696 5188 occidentium
1724 5143 1779 5188 et
1802 5149 1928 5188 ven-

353 5231 597 5285 dentium
629 5230 824 5283 inscite
855 5243 976 5282 seso
1005 5229 1235 5283 tradere.
1265 5225 1444 5280 Induit
1473 5225 1617 5280 enim
1651 5225 1924 5280 hominem

351 5320 688 5390 unigenitum
725 5320 818 5374 Dei
848 5318 1079 5374 Verbum
1112 5337 1125 5371 :
1162 5333 1226 5370 ac
1259 5327 1521 5388 praeterea
1556 5331 1662 5372 non
1697 5317 1926 5371 obscure

353 5411 520 5473 dixit,
555 5419 665 5464 tum
698 5425 884 5464 eorum
918 5409 1218 5472 inscitiam,
1256 5418 1364 5461 tum
1399 5421 1552 5462 suam
1589 5408 1641 5461 iu
1679 5417 1927 5477 suscepta

354 5517 453 5573 pro
479 5502 634 5556 nobis
655 5501 959 5558 meonomia
984 5501 1392 5571 germauitatem
1418 5500 1747 5554 ostendens:
1775 5519 1791 5548 ι
1818 5499 1928 5570 Ego

418 5684 468 5714 "
489 5683 646 5738 Deut.
673 5701 712 5747 ι,
751 5684 835 5738 17.

911 5685 956 5719 ⁷⁸
1000 5687 1157 5742 Mich.
1190 5703 1270 5752 ιιι,
1302 5688 1383 5740 II.
1460 5687 1504 5718 ⁷³
1535 5687 1734 5742 Habac.
1764 5701 1802 5751 I,
1847 5685 1956 5740 I-I.

2106 4221 2235 4278 OH’.
2273 4219 2373 4273 Διὰ
2417 4217 2592 4271 τοῦτο
2633 4219 2706 4271 οὐ
2745 4216 3027 4285 φείσομαι
3059 4216 3169 4269 οὐκ
3202 4216 3292 4277 ἔτι
3323 4217 3420 4270 ἐπί
3466 4218 3607 4284 τοὺς

2034 4308 2466 4373 κατοικοῦντας
2488 4307 2602 4375 τὴν
2618 4305 2754 4376 γῆν,
2772 4305 2934 4376 λέγει
2951 4307 3189 4373 Κύριος.
3215 4308 3325 4361 Καὶ
3343 4308 3474 4362 ιὸοὺ
3495 4309 3610 4377 ἐγὼ

2034 4398 2400 4469 παραδίδωμι
2427 4397 2567 4462 τοὺς
2608 4393 2977 4462 ἀνθρώπους,
3008 4393 3272 4448 ἕκαστον
3295 4397 3382 4460 εἰς
3408 4395 3612 4464 χεῷας

2035 4493 2141 4547 τοῦ
2173 4491 2440 4558 πλησίον
2478 4488 2695 4552 αὐτοῦ,
2729 4487 2826 4540 καὶ
2851 4487 3112 4540 ἕκαστον
3145 4489 3230 4552 είς
3273 4487 3474 4554 χεῖρας
3501 4471 3624 4550 βαέ,

2036 4585 2252 4648 σιλέως
2285 4582 2490 4636 αὑτοῦ.
2526 4579 2638 4633 Καὶ
2659 4582 3077 4648 κατακόψουρί
3100 4579 3214 4645 τὴν
3239 4579 3385 4647 γῆν,
3411 4580 3506 4633 καὶ
3537 4583 3609 4631 οὐ

2035 4672 2114 4740 μὴ
2150 4670 2439 4739 ἐξέλωμαι
2477 4670 2546 4723 ἐκ
2585 4668 2785 4739 χειρὸς
2827 4670 3048 4733 αὐτῶν,
3093 4669 3191 4722 καὶ
3231 4669 3499 4738 ποιμανῶ
3539 4670 3609 4722 τὰ

2037 4764 2299 4830 πρόόατα
2327 4761 2439 4829 τῆς
2460 4759 2700 4830 σφαγῆς
2722 4763 2810 4825 εἰς
2837 4759 2951 4826 τὴν
2983 4757 3304 4812 Χανανῖτιν

2117 4853 2356 4907 Ἀπειλεῖ
2395 4857 2510 4918 τοῖς
2558 4855 2830 4924 ποιμνίοις
2895 4852 3115 4923 δλεθρόν
3153 4869 3210 4904 τε
3238 4851 3372 4921 ὁμοῦ
3411 4851 3604 4918 (I).....

2033 4945 2115 4997 ὅτι
2150 4944 2323 4996 καίτοι
2365 4944 2527 5014 μετὸν
2554 4945 2736 5006 αὐτοῖς
2771 4945 2871 5014 τὴν
2909 4943 3004 4996 τοῦ
3035 4943 3252 4995 πάντων
3287 4941 3609 5012 ἀρχιποίμε-

2033 5053 2143 5100 νος,
2194 5037 2338 5106 φημί
2381 5035 2446 5107 δὴ
2496 5036 2770 5108 Χριστοῦ,
2821 5035 2978 5106 χεῖρά
3019 5052 3078 5086 τε
3127 5034 3460 5104 ὑποδραμεῖν
3517 5034 3610 5086 καὶ

2035 5129 2124 5180 ὑπ’
2144 5127 2294 5198 αὐτῷ
2309 5127 2581 5197 γενέσθαι,
2604 5127 2802 5197 μᾶλλον
2833 5127 3357 5196 προσκεχωρήκασιν
3378 5124 3609 5194 ἀμαθῶς

2031 5222 2143 5283 τοῖς
2194 5220 2603 5289 κατασφάζουσί
2649 5237 2707 5272 τε
2769 5220 2861 5272 καὶ
2916 5216 3329 5271 καταπωλοῦσιν
3390 5215 3610 5279 αὐτούς.

2033 5313 2228 5381 Γέγονε
2274 5311 2372 5382 μὲν
2425 5312 2532 5382 γάρ
2575 5311 2864 5381 ἄνθρωπος
2909 5313 2937 5363 ὀ
2989 5309 3286 5380 μονογενὴς
3337 5308 3430 5362 τοῦ
3474 5307 3625 5362 Θεοῦ⁴

2033 5404 2225 5472 Λόγος,
2265 5404 2358 5456 καὶ
2384 5404 2448 5472 δὴ
2483 5406 2581 5456 καὶ
2605 5403 2841 5472 ἔφασκεν
2872 5402 3142 5473 ἐναργῶς,
3175 5403 3274 5472 τήν
3301 5419 3358 5454 τε
3385 5401 3607 5454 ἐκείνων

1978 5488 1992 5502 ’
2035 5497 2332 5568 σκαιότητα
2364 5498 2742 5560 καταδεικνὺς,
2778 5498 2872 5550 καὶ
2899 5501 2995 5566 τῆς
3029 5497 3116 5565 ἐφ’
3143 5498 3272 5566 ἡμῖν
3297 5492 3609 5562 οἰκονομίας

427 5864 504 5940 (l)
539 5866 711 5923 Etiam
743 5868 844 5924 hoc
876 5869 992 5925 Ioco
1022 5884 1233 5938 parum,
1263 5877 1350 5921 aut
1387 5866 1520 5921 nihil
1557 5863 1891 5921 desideratur
1932 5864 1998 5917 ad
2031 5856 2378 5919 sententiam.
2413 5859 2700 5929 Inlerpres.
