4072 6370
380 461 491 519 {85

1188 454 1743 514 COMMENTARIUS
1779 454 1845 509 1N
1890 456 2295 513 ZACHARIAM
2336 455 2781 513 PROPIIETAM.

3538 464 3641 518 186

376 581 440 634 τὸ
462 579 684 649 γνήσιον
703 593 715 606 ·
755 595 775 629 ι
796 574 938 644 Ἐγώ
970 578 1089 645 είμι
1114 577 1142 628 ό
1173 574 1376 646 ποιμὴν
1398 578 1427 629 ό
1451 575 1636 639 καλός.
1664 594 1683 625 ι
1714 576 1959 629 Ἰουδαῖοι

2062 593 2180 649 sum
2215 587 2401 645 pastor
2428 578 2601 631 bonus
2622 576 2690 629 ".
2731 595 2750 627 ι
2784 575 3035 631 infelices
3084 587 3264 632 autem
3291 576 3459 632 Judaei
3494 595 3639 633 mer-

377 670 435 726 δὲ
462 670 512 724 οἱ
536 670 783 733 τάλανες,
812 668 986 722 καίτοι
1014 667 1124 722 τῶν
1156 667 1443 738 μισθωτῶν
1480 669 1754 738 ποιμένων
1792 684 1955 721 κατα-

380 763 578 832 ϐοῆσαι
605 759 744 824 δέον,
773 758 933 813 τοῦτο
972 760 1070 830 μὲν
1100 760 1162 815 οὐ
1191 759 1505 831 δεδράκασι,
1535 759 1628 812 τὸν
1665 759 1723 812 δὲ
1751 758 1958 827 ἀγαθὸν

381 854 634 926 ποιμένα,
676 853 768 907 τὸν
815 852 1171 923 ἀντάλλαγμα
1216 852 1319 922 τῆς
1362 852 1620 905 ἁπάντων
1669 849 1815 921 ζωῆς
1858 851 1958 921 τὴν

380 947 576 1004 ἑαυτοῦ
603 946 821 1000 τιθέντα
851 944 1050 1016 ψυχὴν,
1089 944 1232 998 κατὰ
1268 944 1495 1015 μυρίους
1524 944 1682 1006 ὅσους
1703 942 1960 1013 ,λελυπή-

381 1056 508 1094 κασι
552 1038 805 1113 τρόπους,
873 1036 1285 1101 καταλεύοντες,
1334 1034 1704 1099 ὀνειδίζοντες,
1758 1036 1853 1088 καὶ
1897 1037 1960 1089 τὸ

379 1130 717 1193 τελευταῖον,
750 1127 1032 1182 ἀπύλωτον
1059 1129 1145 1180 ἐπ’
1174 1125 1324 1197 αὐτῷ
1361 1125 1730 1193 διανοίγοντες
1761 1124 1954 1195 στόμα.

382 1221 844 1291 Κατακεκράγασι
884 1218 1001 1290 ,γὰρ
1044 1218 1181 1289 ὁμοῦ
1224 1221 1339 1282 τοῖς
1386 1219 1538 1284 ἰδίοις
1582 1219 1953 1291 καθηγηταῖς,

380 1311 626 1379 λέγοντες
658 1311 738 1382 τῷ
770 1311 984 1380 Πιλάτῳ
1002 1325 1015 1340 ·
1038 1329 1058 1361 ι
1077 1304 1209 1381 Αἶρε
1231 1352 1246 1376 ,
1280 1305 1402 1381 αἶρε
1422 1350 1437 1374 ,
1477 1311 1711 1383 σταύρου
1739 1312 1952 1375 αὐτὸν,ι

381 1406 477 1469 καὶ
519 1404 653 1463 αὐτὸ
689 1405 746 1458 δὲ
793 1404 854 1456 τὸ
891 1403 1096 1457 δίκαιον
1126 1399 1265 1475 αἷμα
1304 1408 1424 1468 ταῖς
1469 1405 1620 1473 σφῶν
1648 1404 1828 1459 αὐτῶν
1857 1406 1959 1457 ὲπ-

380 1495 678 1565 ηντλήκασι
700 1496 984 1564 κεφαλαῖς.
1005 1497 1286 1563 Ἕφασκον
1306 1495 1412 1566 γὰρ
1445 1497 1606 1550 πάλιν
1625 1514 1641 1529 ’
1671 1517 1689 1548 ι
1719 1498 1792 1549 Τὸ
1820 1490 1959 1567 αἷμα

380 1587 544 1641 αὑτοῦ
564 1589 649 1658 ἐφ’
667 1591 813 1659 ἡμᾶς
836 1589 929 1641 καὶ
954 1588 1048 1640 ἐπὶ
1066 1589 1136 1641 τὰ
1150 1588 1314 1642 τέκνα
1338 1588 1514 1659 ἡμῶν.
1530 1608 1627 1641 ›-
1645 1609 1663 1640 ι
1685 1589 1784 1643 Διά
1803 1589 1962 1642 τοῦτο

378 1680 581 1745 τοίνυν,
610 1681 795 1750 φησιν,
825 1679 1006 1733 οὐκέτι
1038 1680 1297 1749 φείσομαι
1336 1680 1429 1733 ἐπὶ
1468 1682 1596 1744 τοὺς
1636 1681 1958 1735 κατοικοῦνέ

378 1788 478 1835 τας
505 1772 605 1842 τὴν
635 1772 758 1841 γῆν.
800 1790 818 1821 ι
870 1771 944 1822 Οὐ
995 1771 1105 1841 γὰρ
1139 1769 1219 1824 ἔτι
1249 1770 1466 1840 φειδοῦς
1508 1773 1767 1841 ἠξίωνται
1807 1771 1960 1843 παρὰ

379 1863 547 1917 Θεοῦο
586 1861 827 1916 δέδονται
874 1862 932 1920 δὲ
981 1862 1180 1932 μᾶλλον
1226 1862 1461 1926 ἕκαστος
1504 1865 1584 1926 είς
1631 1868 1821 1935 χεῖρας
1861 1864 1954 1917 τοῦ

2062 671 2309 725 cenarios
2339 678 2398 722 ut
2429 669 2731 723 debuerunt
2765 684 2869 720 non
2897 677 3224 723 accusarunt
3253 689 3267 723 :
3299 677 3510 735 contra,
3541 670 3640 723 bo-

2060 776 2186 815 num
2227 770 2516 829 pastorem,
2560 762 2649 830 qui
2696 761 2932 814 animam
2975 776 3127 816 suam
3172 775 3271 830 pro
3307 760 3487 815 ovium
3533 761 3641 817 vita

2061 854 2241 921 posuit
2262 853 2328 918 ⁷⁷,
2365 852 2508 906 mille
2542 851 2716 906 modis
2752 852 3047 919 violarunt,
3086 852 3405 922 lapidantes,
3439 867 3643 921 expro-

2058 948 2280 1002 brantes
2301 986 2317 1011 ,
2349 953 2404 1000 et
2443 955 2717 1015 postremo
2756 945 3041 1015 impudens
3076 960 3140 1000 os
3171 948 3430 1001 adversus
3464 947 3651 1014 ipsum

2061 1038 2393 1105 aperientes.
2428 1036 2602 1092 Simul
2642 1037 2786 1091 enim
2827 1052 2951 1091 cum
2989 1037 3323 1105 primoribus
3355 1038 3471 1092 suis
3503 1043 3643 1106 apud

2059 1128 2290 1183 Pilatum
2333 1128 2439 1184 alte
2477 1131 2780 1185 clamarunt
2821 1148 2835 1183 :
2886 1148 2906 1180 ι
2953 1130 3130 1194 Tolle,
3183 1129 3340 1194 tolle,
3386 1133 3644 1202 crucilige

2059 1235 2181 1275 eum
2203 1220 2272 1286 ⁷⁸,
2303 1241 2322 1272 ι
2352 1232 2405 1276 et
2437 1221 2614 1291 ipsum
2647 1237 2863 1277 sacrum
2898 1222 3216 1293 sanguinem
3249 1223 3302 1278 in
3337 1224 3514 1291 capita
3544 1238 3649 1280 sua

2060 1314 2378 1368 hauserunt.
2404 1310 2494 1368 Sic
2517 1314 2662 1368 enim
2689 1328 2900 1368 rursum
2927 1315 3146 1368 aiebant
3175 1332 3189 1368 :
3222 1335 3243 1366 ι
3275 1314 3505 1386 Sanguis
3527 1316 3653 1385 eius.

2059 1419 2224 1473 super
2273 1419 2402 1468 nos,
2457 1415 2515 1460 et
2548 1420 2711 1473 super
2741 1404 2878 1460 ﬁlios
2911 1414 3127 1463 nostros
3148 1407 3225 1473 τ’.
3258 1425 3277 1459 ι
3315 1407 3519 1462 idcirco
3559 1409 3644 1461 in-

2061 1497 2175 1567 quit
2210 1516 2224 1551 :
2263 1515 2282 1547 ι
2323 1496 2551 1565 Propter
2579 1497 2684 1552 hoc
2720 1513 2830 1552 non
2865 1513 3085 1567 parcam
3124 1500 3262 1552 ultra
3299 1514 3461 1568 super
3492 1499 3646 1553 babi-

2063 1598 2238 1643 tantes
2282 1598 2506 1643 terram.
2553 1608 2573 1641 ›
2613 1588 2729 1643 Non
2775 1589 2920 1644 enim
2964 1589 3197 1659 amplius
3232 1591 3391 1646 venia
3435 1591 3642 1661 dignat’

2061 1689 2187 1735 sunt
2212 1695 2243 1733 a
2272 1681 2401 1745 Deo,
2428 1683 2522 1735 sed
2548 1679 2730 1735 traditi
2760 1681 2938 1749 potius
2961 1682 3335 1751 unusquisque
3361 1681 3417 1736 in
3449 1698 3645 1736 manus

2062 1770 2291 1840 proximi
2331 1771 2414 1825 sui
2439 1811 2454 1836 ,
2486 1781 2542 1825 et
2579 1770 2630 1824 in
2676 1785 2867 1824 manus
2909 1771 3051 1840 regis
3085 1773 3201 1826 sive
3235 1773 3499 1842 principis
3537 1774 3641 1827 sui.

2064 1862 2410 1917 Sustulerunt
2432 1864 2583 1918 enim
2610 1863 2664 1917 iu
2688 1878 2904 1918 crucem
2930 1863 3337 1918 Emmanuelem
3355 1904 3371 1930 ,
3396 1873 3451 1919 et
3475 1865 3647 1920 inter—

380 1953 607 2023 πλησίον
636 1951 824 2013 αὐτοῦ,
855 1953 949 2005 καὶ
992 1954 1073 2015 είς
1104 1954 1297 2023 χεῖρας
1329 1951 1614 2022 βασιλέως,
1659 1954 1826 2024 ἤγουν
1857 1952 1957 2023 ἄρ-

2059 1952 2295 2009 tectores
2324 1954 2556 2018 Domini,
2581 1971 2646 2010 ac
2671 1955 2811 2025 pleni
2841 1954 2990 2010 omni
3018 1955 3298 2026 impietate
3324 1966 3640 2012 evaserunt.

378 2059 563 2115 κοντος
607 2042 792 2098 αὑτοῦ.
834 2041 1245 2112 Ἐσταυρώκασι
1298 2045 1395 2113 μὲν
1444 2042 1554 2114 γὰρ
1600 2042 1691 2095 τὸν
1740 2044 1959 2114 Ἐμμα-

377 2137 562 2203 νουὴλ,
590 2137 686 2189 καὶ
735 2135 993 2205 γεγόνασι
1019 2137 1394 2207 Κυριοκτόνοι,
1428 2133 1650 2207 ἔμπλεῴ
1680 2153 1739 2188 τε
1773 2135 1958 2205 πάσης

378 2229 742 2299 ἀνοσιότητος.
775 2227 922 2298 Πλὴν
952 2227 1137 2282 ὲκαλει
1169 2226 1302 2290 θεὸς
1333 2229 1413 2290 εἰς
1460 2232 1825 2296 μετάγνωσιν,
1859 2228 1958 2280 καὶ

295 2352 303 2361 -
376 2323 477 2376 οὐκ
500 2321 663 2384 εὐθὺς
694 2317 933 2373 ἐπετίθει
963 2320 1031 2372 τὰ
1062 2320 1119 2385 ἐξ
1149 2319 1340 2391 ὀργῆς.
1370 2318 1708 2390 Τριακοστοῦ
1750 2318 1807 2372 δὲ
1855 2318 1956 2389 ἤδη

379 2414 768 2486 παρῳχηκότος
794 2412 967 2476 ἔτους,
995 2411 1133 2482 μετά
1160 2411 1252 2465 τὸν
1286 2410 1382 2464 τοῦ
1413 2410 1665 2483 Σωτῆρος
1704 2410 1956 2480 σταυρὸν,

377 2506 713 2575 ἀπεφοίτησε
755 2505 853 2575 μὲν
884 2505 1077 2575 εἰρήνη
1114 2503 1214 2573 τῆς
1254 2502 1525 2556 Ἰουδαίων
1557 2501 1765 2573 χώρας,
1797 2501 1959 2555 πόλε-

381 2615 471 2668 μοι
506 2596 563 2651 δὲ
592 2592 735 2670 ἦσαν
765 2595 1063 2667 πανταχοῦ,
1087 2594 1294 2658 πόλεως
1319 2596 1413 2648 ἐπὶ
1442 2595 1597 2648 πόλιν
1631 2594 1835 2665 ἰούσης,
1864 2594 1959 2647 καὶ

377 2692 489 2746 τῶν
511 2693 570 2745 ὲν
597 2692 803 2764 ἑκάστῃ
835 2691 1203 2763 τεμνομένων,
1225 2690 1304 2752 εἰς
1335 2688 1757 2769 διαφορὰςηκαὶ
1791 2703 1959 2757 μαχο-

380 2784 556 2855 μένων
583 2783 854 2855 ἀλλήλοις,
881 2783 957 2847 ὡς
988 2785 1043 2836 ὲν
1075 2783 1174 2855 ἴσῳ
1204 2782 1492 2853 φαίνεσθαι
1520 2766 1676 2853 κακῷ
1706 2780 1777 2834 τὰ
1802 2779 1956 2851 παρὰ

381 2877 530 2944 σφῶν
582 2875 762 2929 αὐτῶν
815 2878 928 2939 τοῖς
984 2877 1049 2929 ἐκ
1110 2877 1205 2930 τοῦ
1260 2876 1497 2940 πολέμου
1563 2873 1957 2944 συμϐεϐηκόσι.

378 2967 769 3036 Κεκρατήκασι
792 2966 899 3037 γὰρ
925 2965 1027 3036 τῆς
1062 2965 1331 3019 Ἰουδαίων
1355 2964 1537 3035 χώρας
1568 2966 1616 3016 oi
1643 2963 1958 3034 ἀνδρειότα-

377 3074 459 3109 τοι
501 3058 609 3110 τῶν
643 3058 931 3129 Ῥωμαίων
976 3060 1303 3132 στρατηγοὶ,
1361 3059 1455 3113 καὶ
1504 3059 1688 3121 αὐτοῖς
1732 3057 1959 3128 ἀνδράσι

376 3151 870 3222 κατεμπιπρῶντες
923 3151 1147 3217 πόλεις,
1191 3153 1307 3214 τοῖς
1344 3151 1447 3221 τῆς
1493 3149 1742 3213 δουλείας
1785 3149 1957 3220 αὐτὴν

377 3240 649 3296 ὑπέθεσαν
672 3242 880 3312 ζυγοῖς.
911 3245 973 3297 Oi
1002 3244 1059 3296 δέ
1086 3259 1151 3312 γε
1174 3244 1457 3311 διαφυγεῖν
1489 3241 1827 3312 ἰσχύσαντες,
1856 3241 1958 3306 τὰς
1985 3280 2028 3338 C

375 3334 484 3388 τῶν
515 3334 683 3388 ἐθνῶν
713 3337 1068 3406 κατῳκήκασι
1092 3335 1292 3408 χώρας,
1323 3335 1351 3388 ὃ
1378 3336 1470 3388 καὶ
1495 3335 1654 3406 μέχρι
1687 3335 1781 3387 νῦν
1806 3334 1955 3387 ἐστιν

381 3429 528 3483 ἰδεῖν.
562 3429 671 3481 Καὶ
699 3427 865 3482 τοῦτο
885 3424 1038 3500 οἶμαι
1077 3428 1291 3500 δηλοῦν,
1316 3428 1445 3481 ὅταν
1468 3427 1602 3498 λέγῃ
1627 3445 1639 3458 ⁸
1666 3427 1957 3497 «Ποιμανῶ

375 3522 446 3576 τὰ
470 3521 715 3593 πρόϐατα
737 3522 838 3593 τῆς
858 3523 1073 3593 σφαγῆς
1096 3523 1174 3585 είς
1203 3521 1301 3592 τὴν
1315 3522 1628 3587 Χανανῖτιν,
1644 3521 1953 3584 τουτέστιν,

377 3616 459 3678 εἰς
485 3613 585 3685 τὴν
612 3600 938 3669 Χαναναίων
970 3614 1153 3686 χώραν
1182 3632 1242 3667 τε
1275 3614 1369 3669 καὶ
1405 3615 1531 3686 γῆν.
1575 3614 1873 3668 Χαναναῖοι
1899 3613 1956 3667 δὲ

374 3708 445 3759 τὰ
477 3706 599 3779 ἔθνη
622 3744 637 3768 ,
671 3707 800 3779 παρ’
831 3703 912 3770 οἷς
956 3707 1027 3761 τὰ
1056 3707 1306 3777 πρόϐατα
1350 3708 1451 3778 τῆς
1493 3708 1710 3779 σφαγῆς
1744 3707 1839 3762 καὶ
1876 3708 1957 3770 είς

374 3796 535 3870 δεῦρό
560 3815 678 3863 πως
708 3797 787 3852 ἔτι
839 3799 989 3872 παρὰ
1019 3797 1154 3852 Θεοῦ
1188 3801 1569 3868 ποιμαίνονται
1597 3839 1612 3864 ,
1650 3799 1818 3870 ἡγουν
1866 3798 1956 3851 δο-

377 3888 535 3942 κοῦσι
568 3891 970 3961 ποιμαίνεσθαι.
1000 3890 1242 3963 Τηροῦσι
1280 3890 1388 3961 γὰρ
1421 3889 1502 3944 ἐτι
1531 3890 1622 3944 τόν
1657 3907 1781 3943 τινα
1811 3887 1955 3942 κατὰ

2058 2046 2426 2101 Nihilominus
2462 2046 2603 2102 Deus
2634 2047 2701 2102 ad
2735 2046 3111 2117 pwnitentiam
3142 2062 3238 2103 eos
3269 2051 3506 2115 vocavit,
3539 2064 3642 2104 nec

2058 2137 2203 2192 illico
2222 2138 2489 2208 supplicio
2508 2146 2593 2192 est
2612 2148 2950 2208 persecutus.
2968 2138 3275 2194 Tricesimo
3293 2150 3475 2195 autem
3497 2155 3643 2195 anno

2055 2229 2168 2299 jam
2199 2228 2382 2299 elapso
2417 2236 2537 2298 post
2567 2239 2747 2285 actum
2784 2231 2836 2284 in
2872 2246 3090 2285 crucem
3127 2229 3464 2287 Salvatorem
3487 2271 3504 2297 ,
3541 2247 3648 2301 pax

2057 2320 2295 2377 Judaeam
2342 2321 2601 2387 deseruit,
2652 2322 2805 2376 bellis
2849 2321 3166 2392 ﬂagrantem
3212 2323 3472 2393 undique,
3519 2326 3645 2378 dum

2059 2413 2189 2467 urbs
2223 2413 2410 2466 urbem
2444 2412 2669 2480 invadit,
2702 2413 2831 2466 dum
2864 2413 3011 2468 cives
3043 2414 3244 2482 ubique
3276 2414 3331 2468 in
3368 2414 3646 2469 contraria

2057 2505 2234 2558 studia
2270 2505 2617 2569 scinduntur,
2658 2514 2716 2559 et
2754 2504 2908 2559 bellis
2945 2505 3222 2561 intestinis
3260 2505 3545 2573 dimicant,
3589 2517 3651 2561 ut

2059 2594 2290 2648 invicem
2322 2596 2500 2648 damni
2532 2603 2761 2660 tantum,
2794 2606 3054 2665 quantum
3092 2598 3159 2652 ab
3188 2598 3437 2653 hostibus
3461 2607 3647 2652 exter-

2060 2687 2144 2741 nis
2176 2687 2505 2756 acciperenl.
2540 2686 2913 2759 Subjugarunt
2944 2692 3089 2744 enim
3122 2689 3433 2745 Iudaeorum
3476 2693 3650 2762 regio—

2061 2795 2182 2836 nem
2230 2780 2597 2836 Bomanorum
2643 2783 2808 2837 duces
2853 2782 3161 2848 fortissimi,
3197 2793 3253 2839 et
3293 2783 3486 2838 incolis
3525 2799 3650 2838 cum

2060 2872 2288 2926 urbibus
2321 2871 2569 2926 incendio
2603 2871 2823 2935 deditis,
2855 2871 3134 2926 servitutis
3164 2885 3284 2925 eam
3309 2871 3440 2940 jugo
3464 2868 3649 2936 subje-

2059 2973 2270 3019 cerunt.
2298 2965 2395 3018 Ast
2423 2964 2620 3034 quibus
2653 2962 2794 3031 fugae
2823 2978 2884 3018 se
2915 2962 3110 3016 obtulit
3136 2962 3371 3027 occasio,
3404 2963 3648 3032 gentium

2061 3055 2365 3125 provincias
2397 3054 2775 3119 incoluerunt,
2809 3055 2951 3121 quod
2984 3061 3039 3106 et
3067 3051 3229 3105 hodie
3255 3052 3524 3104 videmus.
3551 3049 3648 3103 At-

2059 3164 2166 3217 quc
2202 3148 2340 3210 hoc,
2374 3146 2588 3214 opinor,
2624 3144 2773 3212 vult,
2807 3159 2931 3198 cum
2971 3145 3100 3198 dicit
3137 3163 3151 3197 :
3196 3161 3214 3193 ι
3257 3141 3484 3197 Pascam
3519 3156 3651 3197 oves

2059 3240 2348 3295 occisionis
2373 3240 2425 3293 in
2452 3238 2835 3304 Chananitide,
2869 3257 2889 3289 ι
2921 3238 2972 3292 id
2998 3248 3082 3293 est
3136 3238 3190 3291 in
3217 3237 3647 3291 Cbauanaeorutn

2061 3331 2279 3400 regione
2321 3345 2387 3386 ac
2426 3341 2594 3384 terra.
2635 3329 2923 3385 Cbananaei
2964 3344 3098 3399 gens
3139 3338 3256 3394 est,
3301 3328 3442 3399 apud
3486 3343 3650 3397 quam

2059 3438 2191 3478 oves
2220 3423 2514 3479 occisionis
2549 3423 2616 3477 ad
2654 3424 2799 3477 hunc
2832 3439 3005 3493 usque
3034 3423 3174 3478 diem
3209 3438 3240 3477 a
3275 3423 3382 3478 Deo
3413 3437 3649 3492 pascuu—

2059 3527 2169 3582 tur,
2204 3525 2298 3570 aut
2331 3517 2581 3571 videntur
2615 3515 2809 3571 saltem
2851 3517 3020 3586 pasci.
3065 3516 3223 3587 761
3269 3515 3460 3569 Adhuc
3502 3514 3651 3569 enim

2058 3609 2316 3664 nonnulla
2345 3608 2644 3664 secundum
2675 3609 2846 3679 legem
2874 3619 3119 3674 servant,
3150 3623 3249 3663 nec
3277 3609 3485 3677 priscos
3510 3608 3650 3661 ritus

2056 3701 2124 3756 ad
2164 3717 2329 3755 unum
2370 3710 2673 3756 cernuntur
2711 3700 2995 3769 abiecisse.
3042 3701 3228 3770 Itaque
3274 3714 3495 3755 carnem
3535 3699 3648 3753 cir-

2064 3792 2401 3857 cumcidunt,
2424 3802 2480 3846 et
2502 3791 2801 3847 Sabbatum
2825 3800 3012 3863 agunt,
3037 3801 3092 3847 et
3115 3791 3221 3845 alia
3247 3792 3470 3862 insuper
3492 3791 3647 3846 cordi

2064 3885 2287 3939 habent.
2323 3883 2389 3938 Et
2433 3884 2536 3938 hoc
2575 3891 2694 3938 erat
2737 3898 2932 3954 nempe
2971 3898 3000 3937 a
3044 3884 3157 3938 Deo
3200 3898 3295 3952 per
3327 3883 3650 3954 prophetam

375 3980 561 4052 νόμον,
589 3983 683 4036 καὶ
702 3983 801 4052 οὐχ
825 3982 1130 4053 ὁλοτρόπως
1156 3980 1264 4035 τῶν
1290 3981 1533 4054 ἀρχαίων
1561 3978 1952 4050 κατημεληκό-

2059 3979 2260 4032 dictum
2290 3995 2303 4030 :
2336 3995 2356 4028 ι
2391 3976 2456 4031 Et
2482 3991 2578 4031 ero
2604 3976 2711 4030 illis
2740 3976 2791 4031 in
2823 3976 3312 4032 sanctiﬁcatiouem
3342 3990 3564 4044 parvam
3592 3974 3647 4030 in

374 4090 471 4137 τας
494 4074 632 4129 ἐθῶν
655 4074 862 4127 κατίδοι
892 4092 977 4137 τις
1009 4074 1095 4128 ἄν.
1124 4073 1233 4127 Καὶ
1255 4073 1385 4143 γοῦν
1409 4073 1828 4144 περιτέμνονται
1851 4071 1950 4142 τὴν

2059 4069 2366 4140 regionibus
2392 4083 2500 4138 quo
2529 4068 2907 4139 ingredientur
2933 4067 3065 4121 illuc
3090 4066 3159 4119 ⁸⁰.
3195 4086 3214 4119 ι
3248 4065 3441 4120 Civilia
3468 4076 3649 4121 autem

376 4164 586 4234 σάρκα,
642 4166 738 4219 καὶ
787 4166 1206 4230 σαϐϐατίζουσι,
1268 4166 1363 4219 καὶ
1406 4165 1574 4236 ’ἐτερα
1620 4164 1758 4219 ἄττα
1815 4163 1953 4234 πρὸς

2059 4163 2188 4220 bella
2217 4179 2314 4235 per
2338 4173 2506 4219 totam
2535 4161 2800 4228 Judazam,
2826 4171 2881 4219 et
2910 4162 2963 4217 iu
2998 4164 3132 4219 urbe
3159 4162 3404 4232 qualibet
3434 4161 3647 4231 perspi-

373 4255 584 4321 τούτοις
611 4258 706 4311 καὶ
734 4258 1016 4329 φροντίδος
1047 4257 1258 4324 ἀξιοῦσι
1299 4259 1393 4311 καὶ
1426 4257 1608 4327 λόγου.
1648 4256 1758 4310 Καὶ
1789 4254 1951 4309 τοῦτο

2059 4272 2152 4311 cue
2181 4257 2630 4312 commemoravit
2656 4254 2957 4325 Iosephus,
2987 4256 3068 4309 vir
3090 4255 3352 4325 eloquens
3379 4263 3436 4310 et
3461 4255 3648 4310 erudi-

372 4343 440 4418 ἦν
473 4349 582 4419 ἄρα
604 4348 665 4402 τὸ
691 4349 780 4402 διὰ
808 4349 991 4418 φωνῆς
1029 4350 1310 4420 προφήτου
1342 4348 1492 4422 παρὰ
1518 4348 1654 4403 Θεοῦ
1683 4347 1948 4419 λελεγμέ-

2059 4359 2158 4412 tus,
2188 4349 2279 4417 qui
2307 4346 2614 4402 .ludteorum
2647 4347 2988 4403 calamitates
3018 4347 3220 4418 tragice
3248 4346 3562 4414 descripsit.

374 4458 494 4494 νον·
547 4459 569 4492 r
602 4441 713 4497 Καὶ
756 4440 951 4511 ἔσομαι
999 4439 1181 4503 αὐτοῖς
1225 4442 1304 4505 εἰς
1356 4441 1606 4512 ἁγίασμα
1649 4440 1845 4512 μικρὸν
1885 4441 1943 4492 ἐν
1981 4442 2102 4504 ταῖς
2135 4437 2381 4511 χώραις,
2410 4431 2474 4492 οὗ
2517 4438 2613 4492 ὲὰν
2697 4439 3011 4495 εἰσέλθωσιν
3075 4442 3211 4494 ἐκεῖ.
3248 4459 3267 4492 ι
3322 4439 3462 4504 Τοὺς
3489 4439 3547 4494 δέ
3585 4458 3652 4508 γε

372 4535 476 4589 ἀνὰ
505 4537 685 4588 πᾶσαν
723 4534 822 4606 τὴν
863 4533 1142 4599 Ἰουδαίαν,
1175 4535 1269 4588 καὶ
1313 4532 1497 4605 μέντοι
1537 4538 1636 4608 τὴν
1676 4534 2034 4607 Ἰερουσαλὴμ
2096 4536 2393 4607 ἐμφυλίους
2435 4534 2730 4606 πολέμους,
2765 4536 2862 4590 καὶ
2926 4538 3053 4601 τοὺς
3120 4537 3179 4590 ἐν
3209 4537 3416 4610 ἑκάστῃ
3472 4535 3646 4601 πόλει,

374 4629 561 4699 σαφῶς
623 4629 1003 4698 ἀναγέγραφεν
1061 4630 1090 4685 ὁ
1159 4629 1257 4693 τὰς
1325 4632 1598 4685 Ἰουδαίων
1653 4630 1948 4705 τραγῳδῶν
1990 4633 2314 4704 συμφορὰς,
2387 4631 2698 4705 Ἰὼσηππος
2728 4628 2885 4698 οὗτος
2950 4629 3043 4706 ἦν,
3069 4633 3209 4705 ἀνὴρ
3250 4634 3533 4704 ἐλλόγιμος
3557 4634 3651 4687 καί⁸

375 4724 561 4793 σοφός.

443 4819 552 4873 Καὶ
592 4818 863 4890 λήψομαι
903 4819 1139 4892 ἐμαυτῷ
1187 4820 1300 4877 δύο
1332 4823 1635 4891 ῥάϐδους,
1676 4823 1794 4892 τὴν
1833 4822 1953 4893 μὲν
1986 4829 2027 4882 D

366 4911 513 4979 μίαν
545 4912 809 4967 ἐκάλεσα
843 4913 1099 4980 Κάλνῑος,
1145 4914 1243 4969 καὶ
1282 4915 1397 4983 τὴν
1436 4915 1649 4984 ἑτέραν
1686 4914 1954 4971 ἐκάλεσα

371 5004 419 5053 Σ
421 5002 723 5070 χοίνισμιι,
753 5003 852 5057 καί
886 5004 1155 5074 ποιμανῶ
1179 5006 1249 5059 τὰ
1278 5007 1564 5074 πρόόατα.

442 5092 561 5147 06'.
603 5095 760 5147 Κατὰ
792 5095 1017 5160 πολλοὺς
1063 5099 1196 5167 ἡμῖν
1232 5097 1466 5169 τρόπους
1498 5098 1649 5170 παρὰ
1678 5101 1800 5163 ταῖς
1835 5099 1953 5153 θεο-

371 5184 655 5250 πνεύστοις
688 5187 933 5258 Γραφαῖς
962 5190 999 5257 ἡ
1023 5189 1247 5257 ῥάϐδος
1276 5193 1501 5245 νοεῖται.
1540 5191 1679 5245 Ποτὲ
1711 5192 1811 5261 μὲν
1837 5192 1947 5263 γὰρ

372 5276 624 5347 σημαίνει
654 5280 751 5349 τὴν
780 5281 1077 5351 βασιλείαν,
1099 5283 1174 5346 ὡς
1196 5284 1324 5336 ὅταν
1354 5284 1581 5355 λέγηται
1605 5284 1683 5356 τῷ
1704 5286 1946 5357 Χριστῴ-

376 5383 393 5413 ι
419 5365 636 5430 Ῥἀϐδος
674 5368 989 5440 εὐθύτητος,
1016 5372 1049 5440 ή
1103 5371 1297 5442 ῥάϐδος
1329 5372 1427 5443 τῆς
1461 5372 1743 5443 βασιλείας
1770 5392 1888 5429 σου.
1924 5395 1942 5427 ι

369 5456 504 5508 Ποτὲ
537 5455 596 5508 δὲ
628 5456 802 5527 ἰσχὺν,
846 5459 920 5520 ὡς
948 5458 1005 5511 ἔν
1049 5476 1113 5529 γε
1144 5461 1222 5532 τῷ
1261 5461 1428 5531 φάναι
1450 5478 1462 5491 ·
1499 5482 1515 5514 ι
1538 5464 1759 5519 Ῥόιϐδον
1787 5465 1950 5519 δυνά-

371 5565 517 5616 μεως
545 5548 895 5614 ὲξαποστελεῖ
928 5568 1009 5604 σοι
1038 5552 1238 5623 Κύριος
1267 5554 1331 5607 ἐκ
1373 5554 1531 5611 Σιών.
1565 5576 1583 5608 ι
1630 5557 1944 5628 Ἐκλαμϐόιο

367 5657 518 5693 νεται
550 5640 608 5693 δὲ
641 5642 734 5693 καὶ
758 5642 997 5708 παιδεία,
1032 5645 1125 5697 καὶ
1152 5647 1431 5717 ἐπιστήμη
1458 5648 1570 5702 ἐσθ’
1596 5650 1684 5703 ὅτε
1715 5667 1945 5720 ποιμαν-

2161 4819 2225 4875 Ει
2273 4836 2546 4875 assumam
2599 4819 2730 4873 mihi
2784 4820 2921 4873 duas
2972 4822 3173 4890 virgas,
3234 4837 3393 4874 unam
3468 4824 3648 4877 vocavi

2060 4912 2330 4980 Decorent,
2359 4923 2407 4966 et
2436 4912 2865 4967 alteramvocavi
2919 4911 3270 4979 Funiculum,
3326 4925 3373 4969 et
3434 4931 3657 4984 pascam

2060 5023 2199 5060 ουεδ.

2129 5097 2367 5153 LXXIX.
2409 5096 2466 5151 In
2510 5097 2710 5152 divinis
2770 5097 3070 5168 Scripturis
3130 5099 3334 5152 variam
3373 5098 3650 5153 notionem

2060 5191 2224 5246 habet
2276 5191 2594 5247 vocabulum
2655 5192 2822 5263 uirga.
2864 5191 3172 5260 Aliquando
3213 5191 3358 5245 enim
3417 5207 3651 5262 regnum

2055 5284 2345 5353 signititat,
2377 5294 2434 5337 ut
2465 5300 2587 5338 cum
2615 5284 2835 5339 Christo
2868 5284 3102 5338 dicitur:
3133 5302 3150 5333 ι
3185 5281 3346 5352 Virga
3387 5282 3648 5339 directio-

2052 5376 2134 5430 nis
2183 5376 2329 5447 virga
2372 5377 2517 5447 regni
2549 5379 2624 5431 tui
2654 5378 2756 5432 ⁸⁸.»
2806 5378 3111 5448 Aliquando
3151 5380 3318 5433 robur
3358 5394 3452 5434 seu
3480 5379 3659 5446 vires,

2053 5478 2110 5522 ut
2140 5468 2210 5522 ibi
2239 5485 2288 5520 ει
2325 5466 2544 5539 Virgam
2573 5470 2786 5525 virtutis
2814 5472 3027 5526 emittet
3057 5469 3320 5525 Dominus
3337 5486 3403 5527 ex
3421 5471 3551 5526 Sion
3575 5473 3645 5526 “.

2053 5561 2358 5630 Exponitur
2387 5562 2513 5615 item
2551 5578 2938 5631 nonnunquam
2978 5563 3269 5628 institutio,
3308 5572 3362 5617 et
3404 5564 3640 5620 scientia

2053 5652 2353 5724 pastoritia.
2388 5650 2573 5722 itaque
2602 5654 2817 5708 rursu’m
2851 5669 2983 5709 voce
3015 5655 3291 5724 pr0phette
3329 5652 3471 5710 Filio
3508 5655 3650 5710 dici—

440 5843 486 5935 ξ
519 5841 675 5935 Ιρτιιι.
710 5847 878 5935 xuii.
956 5849 997 5880 ⁷⁷
1030 5849 1102 5906 ibi
1127 5852 1158 5905 l.
1197 5851 1276 5906 13.
1354 5853 1398 5885 ’⁸
1430 5852 1585 5909 Joau.
1610 5870 1719 5921 xix,
1761 5855 1839 5911 Ιὸ.
1918 5857 1961 5890 τ’

2059 5861 2184 5918 mh.
2222 5875 2387 5927 mn,
2421 5858 2509 5913 2:3.
2590 5858 2633 5889 ⁸⁰
2664 5854 2859 5916 Ezccb.
2900 5859 3069 5927 v.16.
3148 5862 3192 5893 ’“
3226 5861 3369 5918 Psal.
3404 5878 3548 5935 mv,
3588 5862 3650 5923 7.

374 5912 417 5945 ³³
446 5913 585 5980 Bal.
618 5930 729 5984 Cn,
762 5918 815 5973 ‘2.
