4072 6370
432 447 533 502 18-7

1454 453 1513 511 3'.
1554 455 1833 513 CY'RILLI
1868 457 2341 516 ALEXANDRINI
2375 455 2697 515 AﬂCﬂlEP.’

3575 447 3678 505 188

424 572 512 617 tur
536 579 559 616 :.
590 578 613 614 ο
637 560 801 616 Pasce
838 561 1088 630 papulum
1115 570 1260 618 tuum
1295 580 1348 619 ιιι
1384 566 1532 639 virga
1557 571 1623 625 ⁸³.
1644 591 1662 623 ι
1728 572 1994 628 Caeterum

2100 577 2245 645 τική.
2275 575 2500 647 Εἴρηται
2538 572 2668 643 γοῦν
2705 568 2863 624 πάλιν
2891 566 2980 620 διὰ
3004 564 3183 635 φωνῆς
3225 563 3502 634 προφήτου
3534 561 3675 633 πρὸς

418 655 477 709 in
521 654 699 709 verbis
731 653 995 720 recitatis,
1024 656 1190 724 virgae
1219 660 1405 715 modos
1438 664 1729 730 pastoralis
1755 668 1996 721 scientiae

420 745 803 816 geminumque
832 759 1002 815 genus
1057 746 1342 806 laudabilis
1405 752 1758 813 institutionis
1791 757 1996 829 signiﬁ—

419 846 577 892 cant..
612 836 855 891 Assnmit
904 847 1086 893 autem
1129 840 1308 912 virgas
1346 862 1365 894 ι
1424 855 1611 913 pastor
1650 848 1842 913 bonus,
1900 851 1993 919 qui

418 930 570 999 ponit
592 932 830 984 animam
862 945 1014 985 suam
1043 947 1141 1001 pro
1166 936 1410 1002 ovibus,»
1444 937 1495 991 id
1527 949 1612 994 est
1635 941 1906 1005 Christus,
1937 953 1994 998 ut

418 1021 474 1076 in
505 1020 637 1089 ipsis
658 1030 845 1091 pascat
879 1036 1007 1077 oves
1035 1038 1183 1079 suas.
1210 1026 1348 1081 Olim
1401 1031 1544 1083 enim
1594 1029 1614 1101 (
1658 1040 1785 1101 puta
1840 1043 1994 1088 ante-

417 1128 578 1182 quam
618 1113 853 1169 hominis
880 1124 1069 1171 natura
1098 1131 1160 1171 se
1196 1120 1457 1192 vestiret)
1490 1165 1505 1189 ,
1535 1136 1656 1177 eum
1682 1132 1826 1180 esset
1852 1126 1992 1182 Deus

415 1214 472 1261 ct
510 1204 799 1275 legislator,
831 1208 1033 1263 ex.Deo
1062 1208 1234 1277 Λόγος
1270 1209 1785 1281 Verbumpascehat
1815 1215 1991 1272 Israe-

415 1297 543 1361 lem,
578 1296 743 1353 veluti
777 1313 881 1352 una
912 1300 1060 1369 virga
1091 1300 1245 1371 legali
1292 1303 1628 1362 institutione
1667 1316 1846 1363 utens.
1900 1309 1992 1365 Sic

414 1386 557 1442 enim
590 1402 687 1457 per
717 1390 1033 1457 prophetam
1065 1406 1187 1444 eum
1215 1392 1412 1449 alicubi
1442 1395 1736 1466 alloquitur
1767 1414 1781 1452 :
1816 1418 1834 1451 ι
1880 1401 1991 1470 Ego

414 1477 700 1546 pascebam
728 1488 779 1534 te
809 1479 862 1532 in
895 1479 1184 1537 solitudine
1210 1482 1310 1537 ⁸⁸.»
1374 1485 1477 1540 Ast
1535 1498 1820 1557 postquam
1890 1508 1998 1545 nos

417 1565 517 1621 stri
566 1567 757 1623 similis
798 1566 977 1624 factus
1022 1578 1106 1626 est
1157 1571 1319 1628 homo
1361 1574 1429 1640 “,
1472 1576 1606 1632 duas
1652 1579 1834 1649 virgas
1903 1598 1993 1634 as-

415 1659 662 1727 sumpsit.
695 1658 875 1714 Pascit
900 1662 1069 1725 enim,
1106 1671 1163 1715 ut
1186 1663 1677 1735 adoratoressuos,
1705 1685 1800 1738 per
1831 1670 2001 1726 [idem

415 1750 667 1805 nimirum
704 1751 1032 1821 justiﬁcatos
1062 1762 1118 1809 et
1156 1756 1539 1815 sanctiﬁcatos.
1586 1760 1638 1814 in
1675 1763 1865 1831 spiritu
1914 1764 1991 1819 le-

413 1840 620 1913 galibus
646 1843 807 1899 simul
829 1856 887 1900 et
916 1845 1245 1915 evangelicis
1263 1850 1570 1919 praeceptis,
1601 1867 1706 1907 non
1735 1855 1800 1909 ad
1827 1857 1990 1911 boves

2099 667 2191 721 τὸν
2220 667 2347 720 Υίόν
2368 682 2381 695 ·
2420 686 2437 717 ι
2475 664 2739 734 Ποίμαινε
2769 660 2896 714 λαόν
2938 675 3033 711 σου
3071 658 3128 710 ὲν
3160 655 3359 726 ῥάϐδῳ.
3395 674 3413 705 ι
3454 654 3592 711 Ἀλλ’
3615 654 3679 708 ιν

2100 775 2165 827 γε
2182 759 2295 820 τοῖς
2318 755 2732 827 προειρημένοις
2768 750 3117 823 σημαίνουσιν
3135 748 3201 800 αἱ
3232 745 3415 817 ῥάϐδοι
3440 744 3677 816 τρόπους

2103 850 2232 919 ἡμῖν
2261 848 2585 917 ποιμενικῆς
2629 844 2959 912 ἐπιστήμης,
3003 839 3099 893 καὶ
3133 837 3308 891 διττὸν
3330 835 3674 897 παιδεύσεως

2099 936 2258 1002 εἶδος,
2288 937 2427 991 κατά
2464 953 2527 1004 γε
2556 935 2619 988 τὸ
2660 934 2979 1004 ἀμωμήτως
3019 926 3408 1000 ἔχεινδοκοῦν.
3449 927 3671 996 Δέχεται

2097 1029 2153 1084 δὲ
2178 1028 2277 1092 τὰς
2309 1028 2537 1100 ῥάϐδους
2570 1045 2588 1079 ι
2635 1027 2664 1078 ὁ
2696 1026 2899 1095 ποιμὴν
2922 1025 2950 1077 ὁ
2975 1021 3159 1086 καλὸς,
3182 1022 3218 1075 ηὸ
3241 1019 3340 1090 τὴν
3375 1017 3553 1090 ψυχὴν
3578 1017 3675 1071 αὖ·

2096 1117 2334 1181 τοῦηθεὶς
2362 1116 2501 1188 ὑπὲρ
2529 1114 2638 1168 τῶν
2680 1113 2988 1185 προϐάτων,
3029 1131 3045 1162 ι
3099 1108 3365 1171 τουτέστι,
3413 1106 3668 1179 Χριστὸς,

2099 1208 2186 1262 ἵνα
2218 1209 2277 1261 ὲν
2310 1207 2501 1270 αὑταῖς
2537 1203 2923 1275 καταποιμάνῃ
2952 1203 3022 1255 τὰ
3056 1201 3164 1254 ἴδια
3200 1199 3466 1271 πρόϐατα.
3494 1197 3672 1251 Πάλαι

2101 1300 2198 1370 μὲν
2229 1299 2336 1370 γὰρ
2365 1297 2651 1361 (τουτέστι,
2687 1296 2784 1350 καὶ
2821 1294 2929 1366 πρὸ
2947 1294 3058 1347 τῶν
3084 1297 3185 1365 τῆς
3208 1292 3675 1363 ἐνανθρωπήσεως

2098 1390 2326 1461 χρόνων)
2352 1388 2483 1452 Θεὸς
2505 1386 2601 1453 ὢν,
2636 1387 2730 1441 καὶ
2761 1384 3092 1455 νομοθέτης,
3121 1385 3157 1437 ὁ.
3190 1385 3265 1438 ἐκ
3294 1381 3671 1453 ΘεοῦρΠατρὸς

2097 1481 2271 1547 Λόγος
2314 1479 2615 1534 κατέϐοσκε
2665 1478 2757 1530 τὸν
2819 1476 3069 1546 Ἰσραὴλ,
3129 1475 3309 1529 οίονεὶ-
3343 1475 3525 1546 ῥάϐδῳ
3573 1475 3674 1545 μιᾷ

2096 1570 2397 1642 χρώμενος,
2430 1570 2498 1640 τῇ
2529 1567 2669 1621 κατὰ
2694 1568 2856 1638 νόμον
2888 1565 3123 1637 παιδείᾳ.
3139 1566 3284 1635 Ἔφη
3317 1564 3425 1635 γάρ
3451 1580 3554 1617 που
3582 1563 3672 1616 διὰ

2097 1663 2374 1735 προφήτου
2402 1662 2587 1731 φωνῆς
2620 1661 2755 1731 πρὸς
2799 1661 2983 1714 αὑτόντ
3017 1678 3034 1710 ι
3078 1658 3217 1726 Ἐγὼ
3254 1657 3572 1727 ὲποίμαινόν
3612 1672 3670 1710 σε

2096 1758 2154 1810 ὲν
2184 1758 2248 1826 τῇ
2277 1756 2488 1826 ἐρήμῳ.
2525 1773 2544 1805 ι
2592 1752 2810 1823 Ἐπειδὴ
2845 1751 2900 1804 δὲ
2922 1749 3265 1820 γέγονελκαθ’
3291 1751 3437 1820 ἡμᾶς
3463 1748 3673 1821 ἄνθρω-

2097 1865 2220 1912 πος,
2266 1846 2362 1900 δύο
2403 1845 2617 1916 δέχεται
2667 1844 2917 1917 ῥάϐδους.
2968 1842 3279 1912 Κατανέμει
3327 1842 3437 1912 γὰρ
3483 1842 3681 1914 ὥσπερ

415 1933 766 1991 immolandos
800 1937 1100 2007 impellens,
1131 1955 1303 2010 neque
1320 1950 1387 1996 ut.
1417 1943 1786 2001 oblationibus
1808 1963 1994 2004 secun-

2098 1940 2222 2002 τοὺς
2268 1936 2429 2001 ἰδίους
2461 1935 2865 2008 προσκυνητᾶς,
2895 1935 3022 1998 τοὺς
3044 1933 3134 1988 διὰ
3164 1933 3401 1998 πίστεως
3428 1932 3675 2005 δηλονότι

413 2027 538 2080 ilum
566 2027 738 2098 legem
771 2030 1083 2085 Studeamus
1117 2047 1215 2088 nos
1262 2033 1491 2102 docens,
1509 2036 1603 2092 sed
1655 2036 1853 2106 iubens
1897 2055 1994 2108 po-

412 2119 540 2185 tius,
567 2119 645 2174 uti
677 2119 884 2176 cultnm
914 2122 967 2176 in
995 2123 1188 2192 spiritu
1214 2132 1471 2195 tanquam
1503 2128 1843 2185 incruentum
1906 2148 2001 2187 sa-

411 2209 675 2266 criﬁcium
700 2210 1055 2268 celebremus.
1081 2212 1354 2270 Conversa
1386 2227 1477 2272 est.
1512 2219 1656 2273 enim
1704 2231 1760 2276 et
1818 2234 2001 2277 muta-

411 2308 468 2354 ta
508 2302 785 2357 umbrain
827 2305 1155 2360 veritatem:
1189 2315 1244 2361 et
1286 2322 1405 2377 quae
1437 2308 1490 2362 in
1546 2311 1715 2380 tignra
1762 2313 1994 2377 fiebant,

413 2392 806 2460 characterem,
825 2402 877 2450 et
905 2394 1131 2449 formam
1153 2395 1430 2466 elegantia:
1459 2401 1620 2471 762
1643 2400 1994 2466 Christianm.

411 2491 466 2534 et
495 2482 820 2550 evangelicae
879 2484 1002 2539 vitae
1064 2484 1375 2540 induerunt.
1440 2488 1669 2545 Nomina
1734 2503 2007 2561 prazterea.

411 2568 577 2637 virgis
610 2578 754 2636 sunt,
782 2572 869 2624 uni
902 2573 1116 2640 quidem
1151 2571 1321 2627 Decor
1336 2590 1454 2644 quae
1478 2586 1559 2632 est
1585 2578 1993 2637 Testamentum

412 2658 642 2728 Novum,
708 2661 992 2732 pulchrum
1030 2670 1086 2716 el.
1129 2663 1488 2721 admiratione
1551 2668 1799 2740 dignum,
1848 2672 2004 2741 quod.

411 2754 528 2824 ipse
563 2749 729 2809 Filius
758 2756 969 2809 locutus
1002 2762 1122 2822 est,
1159 2775 1179 2809 ι
1209 2757 1498 2827 Speciosus
1527 2776 1634 2829 prtt:
1659 2760 1782 2817 ﬁliis
1813 2763 1992 2817 homi-

411 2860 540 2899 num
562 2845 605 2877 ⁸⁷
636 2862 652 2913 ;
697 2865 719 2896 ι
759 2846 915 2901 alteri
937 2846 1251 2914 Funiculus,
1293 2850 1343 2906 id
1370 2860 1477 2916 est,
1511 2866 1657 2922 pars,
1688 2863 1747 2907 ut
1792 2854 1993 2910 intelli-

410 2950 601 3008 gamus
637 2935 807 3005 legem
830 2937 1041 2992 solitam
1068 2939 1282 2995 erudire
1310 2952 1616 3010 separatum
1674 2944 1786 2999 Deo
1843 2944 1992 2999 funi-

410 3026 612 3082 culum.
675 3026 950 3097 Scriptum
997 3036 1081 3084 est
1127 3031 1321 3085 enim:
1369 3050 1388 3083 ι
1439 3032 1666 3099 Quando
1724 3036 2006 3091 dividebat.

410 3120 724 3177 Altissimus
756 3130 966 3192 gentes,
993 3133 1051 3177 ut
1084 3122 1419 3193 dispergeret
1447 3125 1585 3180 lilios
1611 3126 1819 3193 Adam,
1863 3143 1993 3183 con-

411 3214 586 3267 stituit
615 3213 872 3269 terminos
910 3214 1149 3284 gentium
1171 3215 1321 3285 juxta
1350 3232 1631 3272 numerum
1662 3222 1983 3290 angelorum

415 3305 603 3370 Dei,et
629 3304 735 3359 fuit
760 3319 886 3372 pars
924 3304 1133 3360 Domini
1166 3307 1393 3376 populus
1439 3308 1557 3377 ejus
1595 3309 1789 3374 Iacob.
1847 3311 1990 3366 fnni-
2021 3295 2063 3352 (ἶ

410 3397 566 3453 culus
601 3397 935 3453 haereditatis
964 3397 1081 3466 ejus
1110 3396 1294 3453 Israel.
1329 3418 1349 3453 ι
1386 3399 1549 3456 llisce
1579 3402 1742 3473 igitur
1769 3405 1979 3460 duabus

412 3489 578 3560 virgis
623 3504 846 3560 magnus
879 3500 1155 3558 pastorum
1188 3491 1440 3560 princeps
1468 3506 1596 3547 oves
1644 3508 1769 3547 suas
1802 3506 1988 3562 pastu-

414 3598 533 3636 rum
565 3582 917 3652 spondet;et
963 3596 1093 3636 vero
1145 3583 1453 3652 spopondit.
1485 3580 1542 3637 In
1590 3599 1750 3638 unam
1795 3586 1992 3656 quippe

413 3673 622 3729 caulam
646 3673 736 3743 qui
763 3688 828 3728 ex
866 3671 1053 3740 Israel,
1084 3682 1140 3728 et
1171 3673 1261 3743 qui
1298 3690 1364 3728 ex
1392 3673 1640 3744 gentibus
1672 3686 1827 3731 erant
1861 3692 1990 3730 con-

412 3766 586 3832 duxit,
620 3774 676 3822 et
718 3765 824 3821 illis
880 3765 1105 3837 legalem
1157 3766 1635 3838 evangelicamque
1678 3768 1982 3822 doctrinam

414 3857 470 3912 in
504 3858 891 3912 nutrimentum
938 3857 1180 3926 apponit,
1229 3868 1283 3913 et
1338 3858 1495 3928 quasi
1547 3860 1836 3928 quamdam
1876 3859 1988 3928 spi-

415 3952 660 4008 ritualem
682 3952 905 4008 herbam
937 3951 1215 4007 fruendam
1243 3954 1635 4024 suppeditat,et
1659 3953 1863 4009 all‘atim
1898 3967 2003 4008 eos.

415 4046 647 4114 sagittal.

2094 2029 2567 2101 δεδικαιωμένους,
2593 2028 2692 2082 καὶ⁵
2722 2027 3089 2098 ἠγιασμένους
3124 2030 3182 2081 ὲν
3212 2026 3506 2097 πνεύματι,
3524 2044 3689 2097 νομια

2096 2125 2211 2186 κοῖς
2263 2140 2323 2175 τε
2359 2127 2473 2192 ἅμα
2507 2122 2599 2174 καὶ
2637 2120 3011 2189 εὐαγγελικοῖς
3046 2119 3427 2191 θεσπίσμασιν,
3454 2120 3515 2172 οὐ
3553 2119 3678 2189 βου-ι

2095 2214 2274 2268 θυτεῖν
2305 2213 2636 2277 ἀναπείθων,
2668 2211 2794 2266 οὔτε
2828 2213 2936 2283 μὴν
2962 2214 3085 2276 ταῖς
3132 2213 3273 2265 κατὰ
3300 2211 3462 2283 νόμον
3502 2228 3675 2282 προσ-

2095 2311 2340 2379 αγωγαῖς
2374 2308 2735 2382 προσκεῖσθαι
2769 2308 3067 2362 διδάσκων·
3102 2306 3375 2361 ποιεῖσθαι
3396 2307 3450 2360 δὲ
3474 2305 3693 2377 μᾶλλονκ

2095 2398 2482 2473 προστεταχὼς
2513 2400 2612 2469 τῆς
2647 2400 2705 2452 ἐν
2739 2399 3012 2469 πνεύματι
3041 2398 3298 2468 λατρείας
3318 2399 3416 2470 τὴν
3443 2396 3681 2468 δύναμιν

2095 2493 2175 2554 εἰς
2197 2489 2539 2561 ἀναιμάκτου
2569 2488 2766 2553 θυσίας
2794 2487 3019 2558 τρόπον.
3051 2486 3447 2541 Μετατέθειται
3488 2485 3598 2557 γὰρ
3636 2486 3687 2553 ἡ.

2097 2582 2225 2637 σκιὰ
2270 2581 2406 2653 πρὸς
2458 2580 2747 2653 ἀλήθειαν,
2806 2580 2902 2633 καὶ
2958 2580 3434 2652 μτακεχάρακται
3484 2579 3554 2633 τὰ
3616 2580 3683 2633 έν

2093 2675 2283 2738 τύποις
2313 2676 2390 2738 είς
2417 2674 2740 2744 ἀστειότητα
2793 2672 3065 2735 πολιτείας
3094 2674 3194 2744 τῆς
3237 2673 3297 2726 έν
3341 2669 3566 2742 Χριστῷ
3610 2687 3693 2724 τε-

2094 2766 2189 2819 καὶ
2226 2764 2609 2835 εὐαγγελικῆς.
2656 2744 2925 2834 Ὀνόματα
2962 2763 3018 2816 δὲ
3044 2763 3138 2816 καὶ
3168 2764 3292 2827 ταῖς
3320 2761 3558 2833 ῥάϐδοις,
3578 2817 3584 2820 ς
3604 2762 3689 2836 τῆς

2096 2858 2198 2929 μὲν
2237 2859 2336 2929 μιᾷ
2360 2856 2591 2923 Κάλλος,
2626 2856 2749 2927 ἣτις
2792 2855 2910 2909 ἐστὶ
2958 2853 3203 2926 Διαθήκη
3243 2854 3377 2920 Νέα,
3410 2854 3561 2925 καλὴ.
3580 2855 3676 2908 καὶ

2095 2948 2548 3020 ἀξιοθαύμαστος,
2569 2947 2635 3018 ἣν
2661 2946 2823 3012 αὐτὸς
2854 2947 3151 3018 λελάληκεν
3178 2948 3207 2999 ὁ
3232 2946 3382 3013 Υίδς,
3419 2965 3439 2998 ι
3461 2945 3691 3017 Ὠραϊος.

2094 3041 2279 3096 κάλλει
2324 3041 2476 3111 παρὰ
2513 3040 2639 3103 τοὺς
2667 3040 2816 3103 υἱοὺς
2846 3039 2957 3093 τῶν
3004 3038 3332 3109 ἀνθρώπω-κο
3361 3057 3379 3090 ι
3403 3038 3439 3108 ἦ
3468 3054 3532 3107 γε
3568 3036 3693 3108 μὴν

2095 3134 2257 3205 ἑτέρα
2304 3134 2620 3204 Σχοίνισμα,
2653 3132 2900 3186 τουτέστι
2949 3134 3138 3203 μερὶς,
3189 3132 3277 3186 ἵνα
3319 3130 3531 3199 νοῶμεν
3584 3130 3680 3184 τὸν

2096 3226 2281 3295 νόμον,
2304 3225 2364 3278 τὸ
2395 3224 2687 3296 ἀφορισθέν
2714 3222 2791 3294 τῷ
2830 3222 2950 3295 Θεῷ
2980 3222 3267 3294 σχοίνισμα
3310 3222 3699 3290 παιδαγωγεῖν.

2097 3315 2345 3371 εἰωθότα.
2376 3316 2689 3385 Γέγραπται
2714 3314 2854 3387 γάρ’
2895 3316 3059 3368 (Ὅτε
3089 3312 3396 3385 διεμέριζεν
3413 3312 3675 3383 ’Ύψιστος

2097 3407 2260 3478 ἔθνη,
2311 3407 2387 3470 ὡς
2432 3406 2737 3477 διέσπειρεν
2801 3407 2948 3470 υἱοὺς
3007 3406 3219 3477 Ἀδὰμ,
3263 3404 3489 3476 ἔστησεν
3550 3405 3695 3476 ὅρια.

2097 3495 2267 3549 ἐθνῶν
2332 3495 2475 3550 κατὰ
2523 3495 2757 3566 ἀριθμὸν
2803 3496 3053 3565 ἀγγέλων
3098 3495 3259 3563 Θεοῦ,
3307 3496 3400 3550 καὶ
3440 3494 3674 3567 ἐγενήθη

2100 3588 2258 3658 μερὶς
2287 3587 2491 3659 Κυρίου
2541 3588 2669 3653 λαὸς
2698 3588 2882 3642 αὑτοῦ,
2905 3586 3120 3653 Ἰακὼϐ,
3156 3589 3445 3660 σχοίνισμα
3475 3588 3698 3660 κληροο.

2097 3678 2290 3746 νομίας
2337 3677 2502 3729 αὑτοῦ
2544 3676 2785 3748 Ἰσραήλ.
2825 3696 2843 3728 ι
2888 3676 3131 3742 Ταύταις
3176 3677 3240 3751 δὴ
3273 3674 3369 3733 οὖν
3396 3680 3516 3743 ταῖς
3553 3677 3676 3732 δυσὶ

2099 3769 2315 3842 ῥάϐδοις
2341 3770 2371 3822 ὁ
2401 3767 2573 3840 μέγας
2596 3769 2932 3840 ἀρχιποίμην
2970 3770 3374 3841 κατανεμήσειν
3400 3767 3701 3839 ὲ.παγγέλ-.

2096 3860 2247 3915 λεται
2280 3860 2348 3913 τὰ
2376 3858 2541 3912 αὐτοῦ
2573 3859 2970 3929 πρόϐατα,.κα“ι
3000 3859 3239 3933 ἀτρεκὴς
3270 3862 3300 3915 ὁ
3323 3858 3501 3928 λόγος.
3542 3859 3676 3910 Συν-

2097 3952 2318 4024 εκόμισε
2347 3951 2455 4022 γὰρ
2487 3952 2567 4014 είς
2598 3950 2728 4021 μίαν
2760 3951 2930 4021 αὐλὴν
2958 3949 3084 4016 τούς
3114 3968 3171 4004 τε
3211 3950 3272 4015 ἐξ
3314 3949 3548 4022 Ἰσραὴλ,
3579 3949 3675 4002 καὶ

2100 4044 2283 4115 μέντοι
2310 4043 2435 4106 τοὺς
2468 4043 2528 4109 ἐξ
2578 4038 2769 4103 ἐθνῶν,
2798 4043 3029 4113 νομικήν
3066 4060 3127 4096 τε
3169 4042 3287 4112 ἅμα
3320 4043 3413 4095 καὶ
3441 4041 3674 4108 εὐαγγε-

414 4139 573 4210 λικὴν
612 4139 892 4200 παίδευσιν
930 4139 1112 4202 αὐτοῖς
1141 4138 1458 4211 παρατιθεὶς
1492 4142 1571 4203 εἰς
1615 4138 1818 4211 τροφὴν
1839 4182 1852 4206 ,
1893 4137 1989 4191 καὶ
2025 4131 2115 4191 οἷὰ
2175 4154 2295 4191 τινα
2359 4137 2496 4189 πόαν
2528 4135 2905 4206 πνευματικὴν
2934 4133 3184 4207 χορηγῶν
3206 4136 3287 4198 είς
3309 4131 3547 4204 μέθεξιν,
3583 4135 3677 4190 καὶ⁸

414 4230 785 4285 καταπιαίνων
827 4230 1115 4294 πλουσίως.

490 4323 648 4378 Vens.
681 4323 714 4376 8
741 4362 757 4388 ,
809 4326 860 4377 υ.
925 4322 995 4375 Et
1057 4321 1297 4391 auferam
1331 4331 1434 4377 tres
1475 4333 1708 4392 pastores
1742 4323 1795 4375 in
1830 4336 2001 4374 meme

416 4432 541 4480 uno,
572 4424 621 4468 et
650 4413 958 4482 gravabitur
1011 4413 1191 4466 anima
1255 4429 1370 4467 mea
1409 4429 1567 4481 super
1628 4429 1734 4467 eos.
1784 4411 1997 4465 Etenim

2179 4309 2290 4365 Kal
2326 4307 2520 4377 ἐξαρῶ
2566 4307 2708 4375 τοὺς
2744 4307 2902 4377 τρεῖς
2940 4308 3227 4379 ποιμένας
3267 4310 3337 4366 ἐν
3374 4315 3525 4384 μηνί
3559 4318 3676 4387 ἑνί,

2104 4403 2203 4457 καὶ
2227 4401 2680 4472 βαρυνθήσεται
2718 4401 2757 4469 ἡ
2796 4400 2965 4470 ψυχή
3003 4419 3122 4470 μου
3157 4402 3250 4457 ἐπ’
3280 4406 3524 4474 αὐτούς.
3562 4412 3674 4465 Καὶ

413 4507 604 4561 anima:
633 4521 811 4560 eorum
880 4505 1150 4576 rugiebant
1196 4521 1352 4573 super
1392 4520 1489 4558 me.
1531 4503 1596 4557 Et
1659 4505 1810 4558 dixi:
1870 4503 1992 4557 Non

2099 4494 2211 4565 γὰρ
2258 4497 2318 4548 αἱ
2358 4493 2547 4562 ψυχαὶ
2610 4490 2810 4546 αὐτῶν
2865 4492 3205 4562 ἐπωρύοντο
3253 4495 3347 4549 ἐπ’
3391 4498 3513 4569 ἐμέ.
3565 4503 3674 4556 Καὶ

413 4614 628 4669 pascam
665 4614 773 4652 vos.
801 4596 953 4662 Quod
985 4597 1208 4649 moritur
1233 4596 1512 4660 moriatur,
1534 4604 1585 4649 et
1644 4597 1784 4665 quod
1811 4595 1992 4664 deﬁcit

414 4694 708 4763 deﬁciat,et
729 4693 930 4762 reliqua
960 4690 1227 4757 devorent,
1261 4691 1615 4760 unusquisque
1646 4705 1827 4744 carnes
1868 4706 1993 4756 pro-

414 4801 541 4839 .‘Cllﬂl
569 4800 672 4840 sua.

485 4960 699 5016 LXXX.
727 4960 896 5017 Dante
929 4961 1073 5016 enim
1106 4975 1166 5017 se
1188 4960 1300 5032 jam
1349 4961 1399 5015 in
1455 4971 1804 5031 conspectum
1863 4975 1992 5014 vero

414 5064 471 5109 et
496 5053 639 5110 bono
664 5063 905 5125 pastore,
951 5054 1326 5125 aaqnissimum
1357 5063 1476 5109 erat
1533 5054 1742 5124 utique,
1799 5052 1908 5107 imo
1938 5060 1991 5105 et

418 5145 785 5200 necessarium
820 5144 1190 5200 mercenarios
1240 5155 1294 5197 et
1324 5143 1487 5197 falsos
1532 5151 1778 5212 pastores
1810 5157 1989 5197 remo-

2100 4586 2273 4643 εἶπαι
2313 4591 2396 4642 Οὐ
2440 4585 2711 4657 ποιμανῶ
2752 4587 2927 4655 ὑμᾶς.
2976 4586 3052 4641 Τὸ
3099 4588 3493 4659 ἀποθνῆσκον
3528 4593 3676 4648 ἀπο-

2101 4680 2439 4750 θνησκέτω,
2480 4679 2577 4734 καὶ
2614 4681 2682 4733 τὸ
2715 4678 3002 4733 ἐκλεῖπον
3045 4678 3436 4750 ἐκλιπανέτω,
3475 4684 3576 4737 καὶ
3601 4685 3675 4740 τὰ

2101 4773 2438 4829 κατάλοιπα
2464 4770 2945 4829 κατεσθιέτωσαν
2964 4814 2979 4837 ,
3008 4771 3267 4840 ἕκαστος
3298 4775 3405 4841 τὰς
3440 4777 3675 4844 σάρκας

2100 4867 2207 4921 τοῦ
2236 4867 2504 4933 πλησίον
2524 4864 2730 4920 αὐτοῦ.

2162 4961 2242 5013 II’.
2285 4956 2719 5028 Ἀναδειχθέντος
2757 4958 2865 5027 γὰρ
2914 4956 3016 5027 ἤδη
3047 4956 3158 5010 ’τοῦ
3190 4955 3444 5029 ἀληθινοῦ
3480 4975 3538 5011 τε
3581 4959 3697 5015 καὶ.

2090 5048 2295 5118 ἀγαθοῦ
2347 5049 2624 5120 ποιμένος,
2666 5044 2733 5120 ἦν
2762 5048 2935 5118 δήπου
2972 5049 3065 5102 καὶ
3100 5048 3245 5121 μάλα
3276 5051 3445 5115 εἰκὸς,
3474 5052 3675 5122 μᾶλλον

2088 5140 2145 5193 δὲ
2190 5141 2289 5213 ἤδη
2335 5140 2432 5194 καὶ
2474 5141 2794 5209 ἀναγκαῖον,
2846 5141 2912 5194 ὲκ
2962 5140 3128 5212 μέσου
3181 5141 3438 5210 γενέσθαι
3488 5142 3675 5198 λοιπὸν

417 5237 553 5301 νει-ἰ,
580 5236 683 5292 hoc
705 5244 808 5303 est,
850 5235 1159 5292 Judmorum
1196 5235 1495 5292 secundum
1527 5235 1703 5306 legem
1750 5235 1913 5290 duces
1938 5243 1993 5288 et

2098 5233 2216 5295 τοὺς
2250 5231 2554 5301 μισθωτοὺς
2599 5230 2689 5284 και
2723 5228 3153 5302 ψευδοποίμενας
3173 5272 3187 5296 ,
3217 5232 3491 5301 τουτέστι,
3547 5236 3677 5300 τοὺς

418 5327 737 5396 magistros:
765 5342 997 5397 quorum
1025 5327 1115 5381 alii
1155 5326 1476 5383 occidebant
1505 5340 1656 5391 oves,
1712 5341 1811 5381 nec
1863 5342 1990 5394 age-

418 5417 547 5472 bant
574 5419 975 5488 paenitentiam:
1003 5420 1093 5476 alii
1110 5435 1205 5475 eas
1230 5419 1524 5474 vendentes
1536 5417 1788 5473 dicebant
1811 5436 1824 5472 :
1850 5436 1869 5470 ι
1889 5416 1988 5471 Bc-

421 5507 665 5564 nedictus
730 5508 1006 5578 Dominus,
1045 5520 1100 5566 et
1133 5511 1246 5578 iam
1287 5510 1480 5566 divites
1533 5508 1664 5566 facti
1715 5524 1922 5566 sumus.
1966 5528 1983 5558 ι

417 5597 539 5653 Jam
579 5614 708 5659 vero
732 5617 865 5674 quos
890 5603 1106 5661 nomine
1137 5604 1295 5660 trium
1326 5614 1607 5676 pastorum
1638 5602 1901 5676 appellet,
1936 5610 1989 5657 ct

476 5768 481 5775 “
516 5801 540 5874 3
568 5799 725 5860 Miclt.
761 5820 856 5874 m,
896 5807 977 5863 ιι.
1056 5808 1097 5839 αό
1130 5805 1285 5864 tuan.
1320 5823 1369 5873 κν
1406 5807 1488 5863 15-

423 5870 566 5941 8,9.

1568 5808 1612 5840 ⁸⁵
1646 5806 1783 5865 Osce
1812 5822 1925 5871 xm,
1970 5805 2019 5860 ὅ,

2097 5321 2204 5375 τῶν
2240 5320 2508 5375 Ἰουδαίων
2558 5320 2701 5374 κατὰ
2746 5322 2911 5391 νόμον
2957 5319 3276 5393 καθηγητὰς
3298 5338 3313 5355 °
3356 5317 3433 5378 ὧν
3480 5325 3531 5378 οἱ
3577 5325 3679 5396 μὲν

2100 5411 2441 5482 κατέσφαζον
2469 5411 2538 5466 τὰ
2570 5410 2839 5481 πρόϐατα,
2881 5411 2975 5465 καὶ
3002 5412 3064 5465 οὐ
3094 5414 3489 5484 μετεμέλοντο⁶
3533 5416 3583 5468 οί
3620 5414 3700 5475 δὲ,

2096 5508 2160 5577 δὴ
2188 5504 2492 5569 πωλοῦντες
2516 5503 2657 5557 αὐτὰ
2686 5503 2900 5573 ἔλεγοψ
2943 5524 2962 5557 ‹
2984 5503 3290 5578 Εὐλογητὸς
3325 5506 3549 5579 Κύριος,
3583 5507 3698 5561 atati.

2099 5597 2574 5670 πεπλουτήκαμεν.
2610 5616 2627 5652 ι
2665 5591 2797 5652 Εἶτα
2840 5596 2891 5649 τί
2934 5596 2996 5669 δή
3034 5616 3163 5653 ποτε
3198 5600 3289 5654 καὶ
3317 5600 3449 5672 φαίη
3488 5616 3571 5663 τις
3612 5599 3694 5654 ἂν.

2099 5805 2142 5836 ³⁸
2175 5801 2405 5874 Philipp.
2446 5818 2507 5873 tt,
2537 5803 2589 5858 7.
2671 5805 2714 5837 ⁸⁷
2747 5802 2892 5862 Psal.
2924 5818 3066 5871 thv,
3101 5801 3154 5857 3.
3234 5802 3287 5877 ⁸⁸,
3304 5801 3462 5858 Deut.
3500 5812 3673 5864 xxxii,
