4072 6370
525 452 631 512 139

523 570 797 642 ποιμένας
835 572 1033 637 αὖτοὺς
1084 574 1341 644 ὀνομάζει
1384 581 1532 649 τρεῖς
1558 622 1573 642 ,

517 845 726 899 πίστιν.
760 841 931 918 Οἶμαι
975 848 1039 920 δὴ
1066 847 1180 915 οὖν,
1215 851 1298 904 ὅτι
1336 857 1485 924 τρεῖς
1514 854 1770 927 ὀνομάζει
1806 860 2095 929 ποιμένας,

518 937 648 1002 τούς
672 955 731 992 τε
759 941 900 994 κατὰ
922 942 1085 1012 νόμον
1117 944 1515 1015 ίερατεύοντας,
1546 948 1642 1002 καὶ
1671 951 1799 1016 τοὺς
1821 953 2097 1024 τεταγμέ-

519 1044 645 1094 νους
694 1032 886 1102 κριτὰς
927 1034 1019 1087 τοῦ
1071 1035 1232 1090 λαοῦ·
1285 1039 1381 1092 καὶ
1433 1042 1658 1110 προσέτι
1707 1044 1915 1109 τούτοις
1969 1048 2097 1110 τοὺς

1344 458 1895 522 COMMENTARlUS
1935 463 2003 521 IN
2048 464 2448 525 ZACIIARIAM
2488 468 2929 534 PBOPllETAM.

3680 481 3784 538 190

1628 579 1749 634 τίνα
1797 580 1854 634 δὲ
1901 583 2096 653 τρόπον

2205 601 2443 656 quonam
2481 589 2640 644 modo
2669 591 3009 657 auferantur,
3035 602 3093 647 ut
3114 594 3265 660 dicit,
3304 573 3795 668 mense~uno,.aget

521 661 851 734 ἐξαίρονται,
881 663 1024 718 καθά
1049 681 1236 737 φησιν,
1268 669 1325 720 ὲν
1356 670 1487 740 μηνὶ
1522 671 1625 735 ἐνὶ,
1659 673 1793 744 φέρε
1832 674 1896 745 δὴ
1927 675 2099 745 λέγω--

525 770 645 825 μεν,
673 752 744 808 τὰ
770 757 836 808 ὲκ
878 756 986 810 τῶν
1017 758 1177 829 ἱερῶν
1210 758 1559 832 Γραμμάτων
1590 765 1987 835 παρατιθέντες
2018 770 2100 833 είς

2204 680 2271 735 ad
2306 679 2466 736 fidem
2492 683 2880 741 conciliandam
2918 688 3052 743 locis
3073 702 3103 743 e
3133 704 3290 743 sacra
3325 687 3604 759 Scriptura
3654 703 3784 759 pro-

2202 771 2325 827 latis
2350 773 2701 831 disseramus.
2735 775 3002 833 Existimo
3036 779 3200 851 igitur
3228 788 3338 835 tres
3384 788 3633 850 pastores
3688 795 3787 836 no-

2200 866 2396 921 minari
2424 882 2441 922 :
2465 878 2521 923 et
2547 869 2850 925 sacerdotio
2881 871 3161 942 fungentes
3186 872 3479 928 secundum
3512 872 3701 945 legem,
3727 884 3785 929 et

2194 954 2407 1025 ju-lices
2433 959 2612 1029 populi
2639 962 2988 1025 constitutos,
3020 971 3075 1018 et
3122 974 3321 1036 praeter
3357 964 3456 1018 bos
3501 977 3782 1019 sacrarum

2199 1048 2524 1103 Litterarum
2560 1053 2900 1121 interpretes,
2928 1064 3019 1107 aut
3044 1054 3219 1125 legum
3251 1056 3454 1124 peritos
3485 1071 3500 1120 ;
3527 1054 3579 1109 bi
3610 1056 3783 1123 siqui-

518 1129 1170 1195 γραμματοεισαγωγεῖς,
1220 1129 1339 1199 ἦτοι
1370 1132 1497 1195 τοὺς
1537 1133 1828 1203 νομικούςο
1874 1136 2096 1191 κατέδο-

2197 1142 2323 1196 dem
2354 1142 2603 1198 lsraelem
2649 1147 2960 1215 pascebant.
2996 1146 3064 1200 Et
3090 1147 3310 1217 quidem
3353 1147 3443 1216 qui
3495 1148 3782 1203 sacerdotii

520 1229 651 1267 σκον
687 1214 796 1286 γὰρ
834 1210 976 1270 οὗτοι
1015 1216 1107 1271 τὸν
1149 1220 1388 1293 Ἰσραήλ.
1425 1223 1537 1277 Καὶ
1571 1227 1618 1277 oi
1654 1226 1753 1294 μὲν
1795 1227 2095 1298 ἱερωσύνης

518 1304 732 1376 ἔχοντες
755 1306 934 1372 δόξαν,
970 1309 1034 1363 ἐκ
1061 1310 1230 1381 μόνης
1261 1307 1401 1383 ἦσαν
1439 1315 1539 1385 τῆς
1572 1316 1751 1386 φυλῆς
1788 1316 1957 1381 Λευῖ,
1998 1321 2095 1373 καὶ

516 1397 648 1469 περὶ
679 1397 857 1451 αὐτῶν
885 1398 988 1471 ἔφη
1020 1401 1308 1473 Μαλαχίας
1329 1420 1343 1436 ⁸
1378 1423 1396 1457 ι
1433 1406 1601 1477 Χείλη
1637 1408 1826 1480 ἱερέως
1856 1411 2093 1479 φυλάξε-

512 1504 602 1544 ται
658 1489 860 1561 κρίσιν,
912 1494 1008 1546 καὶ
1055 1493 1218 1566 νόμον
1266 1495 1659 1570 ἐκζητήσωσιν
1715 1504 1781 1555 ἐκ
1825 1503 2093 1575 στόματος

512 1579 701 1635 αὐτοῦ.
725 1600 744 1633 ι
777 1582 842 1635 Οἱ
872 1581 929 1636 δὲ
961 1583 1025 1655 δὴ
1052 1584 1306 1656 λαχόντες
1334 1587 1427 1642 τοῦ
1456 1590 1664 1661 κρίνειν
1692 1591 1791 1663 τὴν
1817 1593 2090 1663 ἐξουσίαν,

511 1673 803 1729 ἀπόλεκτοι
850 1675 950 1747 μὲν
987 1678 1081 1730 καὶ
1119 1679 1275 1733 αὐτοὶ
1298 1720 1313 1744 ,
1364 1680 1503 1753 πλὴν
1548 1684 1612 1736 ὲκ
1662 1685 1843 1754 πάσης
1884 1686 2089 1739 ἀνεδεί-

511 1781 704 1820 κνυντο
732 1767 925 1840 φυλῆς.
944 1766 1101 1823 Κατὰ
1132 1770 1223 1824 τὸν
1253 1771 1366 1824 ἴσον
1399 1773 1476 1837 δὲ,
1504 1769 1681 1845 οἶμαι,
1700 1776 1899 1848 τρόπον
1925 1777 2019 1831 καὶ
2040 1780 2091 1831 οἱ

511 1868 1152 1933 γραμματοεισαγωγεῖς,
1185 1866 1374 1937 ἤγουν,
1402 1866 1654 1940 καθάπερ
1690 1869 1828 1940 ἔφην
1862 1870 2085 1939 ἀρτίως,

2196 1234 2429 1291 honores
2459 1238 2738 1305 gerebant,
2770 1253 2833 1292 ex
2865 1238 2978 1294 sola
3011 1240 3152 1293 tribu
3198 1238 3325 1294 Levi
3379 1254 3550 1309 genus
3611 1238 3783 1295 duce-

2196 1324 2346 1388 bant,
2373 1340 2436 1379 ac
2465 1325 2533 1381 de
2563 1327 2628 1381 iis
2669 1327 2870 1382 dictum
2895 1339 2978 1383 est
3019 1344 3049 1382 a
3076 1326 3334 1383 Malachia
3363 1344 3376 1382 :
3401 1346 3420 1381 ι
3463 1327 3632 1384 Labia
3692 1345 3783 1385 sa-

2195 1418 2431 1474 cerdotis
2460 1420 2769 1474 custodieut
2797 1420 3104 1486 scientiam,
3124 1430 3178 1475 et
3210 1422 3382 1491 legem
3411 1421 3691 1491 requirent
3710 1435 3779 1476 ex

2192 1523 2284 1563 ore
2316 1509 2435 1578 ejus
2465 1510 2534 1564 ⁸⁹.
2565 1528 2585 1562 ι
2608 1511 2710 1577 Qui
2738 1522 2919 1567 autem
2951 1512 3227 1582 iudicandi
3270 1522 3608 1584 potestatem
3637 1514 3781 1569 obti-

2192 1602 2410 1667 nebant,
2430 1601 2530 1671 ipsi
2557 1617 2772 1673 quoque
2803 1603 3239 1672 delecti,verum
3303 1620 3374 1661 ex
3434 1606 3583 1661 omni
3634 1606 3777 1661 tribu

2191 1693 2529 1750 creabantur.
2553 1696 2632 1750 Ad
2668 1699 2916 1752 eumdem
2938 1696 3153 1752 modum
3220 1713 3498 1754 sacrarum
3550 1696 3781 1753 Littera-

2191 1806 2309 1844 rum
2347 1792 2687 1862 interpretes,
2728 1792 2861 1858 sive,
2891 1802 2951 1847 ut
2978 1794 3145 1848 modo
3178 1792 3314 1858 dixi,
3346 1791 3517 1864 763
3549 1790 3775 1861 legispew

2192 1882 2306 1951 riti,
2338 1885 2430 1954 qui
2457 1882 2731 1951 iudicibus
2757 1899 2974 1956 semper
2998 1884 3329 1950 assidentes,
3367 1884 3419 1938 in
3449 1895 3765 1953 unaquaqut

508 1954 558 2008 οἱ
597 1955 831 2025 νομικοὶ,
853 1959 967 2021 τοῖς
991 1959 1072 2022 είς
1094 1958 1153 2013 τὸ
1178 1960 1386 2031 κρίνειν
1414 1962 1769 2031 τεταγμένοις
1805 1963 1893 2017 ἀεὶ
1919 1981 2089 2035 προσ-

2189 1943 2546 2031 οσιιεένετδε
2596 1976 2731 2048 legis
2772 1976 2840 2031 ad
2878 1943 3366 2031 .conllrmationern
3410 1943 3772 2029 adduc-ebant.

507 2046 851 2119 εδρεύοντες,
887 2050 982 2103 καὶ
1008 2048 1078 2104 τὰ
1110 2051 1204 2105 τοῦ
1234 2053 1399 2123 νόμου
1439 2054 1747 2125 γράμματα
1779 2056 2087 2128 παρακομί-

507 2141 691 2206 ζοντες
719 2141 801 2205 εἰς
824 2140 1100 2207 ἀπόδειξιν
1126 2145 1225 2215 τὴν
1255 2146 1342 2214 ἐφ’
1370 2146 1587 2217 ἑκάστῳ
1626 2147 1932 2220 πράγματι.
1956 2149 2083 2203 Ὅτι

509 2231 606 2302 μὲν
633 2227 747 2296 οὖν,
778 2232 853 2297 ὡς
875 2232 1031 2305 ἔφην,
1061 2235 1170 2288 τῶν
1202 2236 1363 2291 θείων
1395 2237 1709 2310 μυστηρίων
1726 2241 1781 2292 oi
1811 2242 2085 2312 ἱερουργοὶ

503 2322 569 2374 ἐκ
590 2319 760 2393 μόνης
777 2316 920 2393 ἦσαν
947 2323 1049 2392 τῆς
1071 2324 1165 2377 τοῦ
1195 2324 1325 2378 Λευῒ
1354 2325 1548 2397 φυλῆς,
1576 2326 1790 2393 οὐδενὸς
1816 2330 1883 2382 ἂν
1910 2330 2084 2384 δέοιτο

502 2414 642 2486 πρὸς
684 2414 958 2482 ἀπόδειξιν
990 2416 1169 2485 λόγου.
1202 2418 1322 2470 Ὅτι
1358 2418 1415 2471 δὲ
1440 2419 1504 2471 ὲκ
1531 2419 1714 2490 πάσης
1744 2420 1918 2492 φυλῆς
1946 2422 2079 2476 ἀπό-

502 2505 685 2560 λεκτοι
718 2508 767 2560 οί
812 2507 1107 2578 κρίνοντες,
1159 2508 1235 2573 ὼς
1287 2510 1639 2581 νομομαθεῖς.
1691 2511 2078 2583 ἐλαμϐάνοντο,

502 2599 909 2673 πληροφορήσει
980 2601 1154 2671 λέγων
1205 2604 1235 2655 ὀ
1291 2605 1563 2676 μακάριος
1623 2607 1829 2677 Μωσῆς
1894 2608 1951 2662 ἐν
2002 2608 2082 2679 τῷ

498 2694 903 2766 Δευτερονομίῳ
965 2699 1081 2760 τοῖς
1145 2700 1283 2762 υἱοῖς
1338 2699 1584 2770 Ἰσραήλ·
1663 2718 1682 2751 ι
1715 2700 1926 2771 Κριτὰς
1987 2703 2084 2755 καὶ

498 2792 1132 2858 γραμματοεισαγωγεῖς
1180 2792 1551 2862 καταστήσεις
1579 2792 1760 2863 ἑαυτῷ
1789 2795 1847 2847 ὲν
1877 2794 2082 2858 πάσαις

496 2883 618 2943 ταῖς
651 2880 839 2934 πόλεσι
884 2899 1002 2948 σου,
1031 2878 1121 2947 αἷς
1166 2882 1371 2954 Κύριος
1414 2887 1443 2939 ὁ
1476 2883 1609 2951 Θεός
1652 2903 1746 2939 σου
1776 2887 1960 2941 δίδωσί
1997 2905 2080 2942 σοι

497 2972 642 3028 κατά
670 2971 864 3043 φυλὰς,
899 2973 996 3027 καὶ
1026 2974 1271 3045 κρινοῦσι
1303 2975 1395 3028 τὸν
1440 2974 1567 3030 λαὸν
1616 2977 1799 3048 κρίσιν
1837 2976 2077 3032 δικαίαν.

496 3065 609 3119 οὐκ
635 3064 943 3121 ἑκκλινοῠσι
975 3067 1176 3138 κρίσιν,
1210 3068 1312 3121 οὐκ
1340 3067 1733 3137 ὲπιγνώσονται
1763 3071 2075 3142 πρόσωπον,

494 3159 617 3213 οὐδὲ
645 3160 929 3232 λήψονται·
958 3160 1025 3214 τὰ
1058 3160 1167 3232 γὰρ
1199 3160 1348 3232 δῶρα
1379 3161 1738 3231 ἐκτυφλοῦσιν
1765 3163 2077 3237 ὀφθαλμοὺς

2189 2066 2465 2122 ΙΕηίειι-ος
2501 2067 2667 2138 igitur
2699 2083 2889 2125 saeros
2920 2068 3232 2122 divinorum
3282 2066 3669 2137 mysteriorum
3708 2079 3772 2119 ex

2190 2160 2304 2217 sola
2333 2160 2473 2215 tribu
2501 2160 2630 2216 Levi
2660 2163 2948 2232 prodiisse,
2997 2161 3375 2215 demonstrare
3400 2156 3533 2213 nihil
3562 2156 3774 2210 attinet.

2187 2254 2265 2309 Ex
2296 2254 2545 2309 onmibus
2568 2263 2747 2310 autem
2777 2253 3022 2309 tribubus
3046 2253 3277 2308 selectos
3324 2251 3493 2307 fuisse
3547 2249 3774 2314 iudices.

2187 2355 2247 2400 ut
2278 2346 2449 2400 etiam
2474 2346 2606 2415 legis
2631 2360 2850 2414 gnaros,
2872 2344 3086 2399 docebit
3113 2343 3271 2415 plane
3295 2342 3472 2398 Moses
3500 2342 3553 2397 in
3581 2341 3779 2396 Dente-

2191 2439 2460 2503 ronomio,
2490 2438 2560 2493 ita
2589 2439 2772 2492 dicens
2812 2437 2936 2492 (iliis
2966 2434 3133 2492 Israel
3161 2455 3174 2490 :
3208 2454 3227 2488 ι
3251 2434 3472 2491 Iudices
3498 2444 3551 2489 et
3606 2434 3778 2506 magi-

2183 2537 2327 2583 stros
2357 2529 2656 2584 constitues
2685 2527 2782 2583 tibi
2818 2528 2868 2581 in
2905 2527 3156 2581 omnibus
3192 2525 3423 2581 urbibus
3461 2524 3591 2590 tuis,
3637 2537 3777 2594 quas

2186 2621 2445 2677 Dominus
2480 2619 2619 2676 Deus
2650 2629 2774 2675 tuus
2806 2620 2897 2674 dat
2948 2619 3039 2674 tibi
3081 2634 3178 2689 per
3233 2618 3424 2683 tribus,
3461 2625 3516 2672 et
3564 2615 3776 2687 judica-

2188 2715 2323 2770 bunt
2353 2714 2607 2785 populum
2631 2713 2893 2784 judicium
2916 2714 3141 2785 justum.
3174 2711 3288 2766 Non
3316 2708 3665 2767 declinabunt
3684 2708 3774 2779 jnv

2187 2805 2384 2859 dicium
2414 2802 2642 2871 justum,
2675 2818 2785 2857 non
2837 2810 3165 2873 cognoscent
3221 2814 3533 2871 personam,
3599 2812 3776 2865 neque

2186 2895 2452 2963 accipient
2476 2908 2745 2949 munera:
2787 2909 2909 2947 nam
2978 2907 3201 2948 munera
3270 2898 3543 2945 excaecant
3587 2887 3776 2943 oculos

2186 2988 2487 3056 sapientum
2521 3028 2536 3052 ,
2579 2995 2634 3040 et
2703 2986 2896 3041 tollunt
2958 2986 3124 3039 verba
3174 2987 3446 3052 justorum
3465 2982 3533 3035 '°.
3580 2998 3599 3032 δ
3633 2978 3771 3034 Tres

2184 3078 2352 3149 igitur
2386 3089 2631 3149 pastores
2669 3087 2796 3134 sunt
2819 3078 3150 3141 sacerdotes,
3183 3084 3239 3131 et
3266 3073 3493 3144 iudices,
3526 3081 3579 3128 et
3600 3071 3773 3142 legum

498 3248 698 3317 σοφῶν,
732 3250 828 3302 καὶ
854 3248 1059 3321 ἐξαίρει
1085 3248 1281 3319 λόγους
1306 3249 1550 3304 δικαίων.
1593 3270 1612 3303 ι
1643 3252 1808 3324 Τρεῖς
1870 3251 1963 3308 οὖν
2027 3255 2137 3329 ἄρα
2202 3260 2481 3331 ποιμένες,
2527 3263 2691 3333 ἱερεῖς
2738 3279 2799 3315 τε
2840 3262 2934 3315 καὶ
2980 3260 3168 3332 κριταὶ
3240 3260 3336 3314 καὶ
3380 3259 3490 3314 τῶν
3529 3256 3773 3329 νομικῶν

494 3343 839 3417 γραμμάτων
865 3345 1249 3416 ἐπιστήμονες,
1285 3346 1566 3400 τουτέστιν
1591 3347 1639 3400 οἱ
1666 3350 1902 3420 νομικοί.

564 3439 885 3510 Εὐρήσομεν
913 3438 971 3492 δὲ
997 3438 1092 3492 καὶ
1122 3437 1287 3492 αὑτὸν
1315 3437 1407 3493 τὸν
1438 3438 1643 3511 Κύριον
1670 3443 1704 3513 ἠ
1714 3442 1832 3513 μῶν
1868 3443 2077 3515 Ἰησοῦν

2249 3442 2434 3499 Palam
2497 3454 2760 3514 porroest
2823 3454 2877 3501 et
2936 3444 3226 3499 Dominum
3295 3455 3540 3498 nostrum
3582 3442 3769 3500 Jesum

495 3531 583 3586 τὸν
612 3531 848 3604 Χριστὸν
896 3530 1250 3597 ταλανίζοντα
1286 3532 1634 3605 διηρημένως
1660 3534 1991 3606 Φαρισαίους
2020 3554 2083 3590 τε

495 3623 591 3679 καὶ
620 3623 976 3696 Γραμματεῖς
1004 3624 1097 3677 καὶ
1128 3625 1664 3695 νομικούς.”Εφασκε
1698 3627 1837 3699 γάρ’
1894 3646 1912 3679 ι
1946 3628 2085 3682 Οὐαὶ

493 3718 645 3787 ὑμῖν,
674 3715 1029 3788 Γραμματεῖς
1055 3717 1148 3770 καὶ
1180 3718 1483 3789 Φαρισαῖοι.
1518 3739 1535 3771 ι
1571 3719 1757 3773 Ταῦτα
1784 3719 1840 3773 δὲ
1864 3719 2083 3789 λέγοντι

493 3809 856 3881 προσηπήντα
885 3824 971 3871 τις
1000 3807 1147 3878 αὐτῷ
1172 3806 1281 3861 τῶν
1325 3808 1586 3880 νομικῶν,
1613 3810 1787 3879 λέγων
1806 3829 1820 3842 ·
1873 3830 1890 3862 ι
1924 3810 2082 3865 Διδά-

492 3899 683 3965 σκαλε,
716 3898 889 3953 ταῦτα
913 3899 1088 3970 λέγων
1120 3901 1215 3954 καὶ
1239 3901 1387 3971 ἡμᾶς
1425 3899 1689 3971 ὑϐρίζεις.
1752 3902 1809 3954 Ὁ
1849 3901 1905 3955 δὲ
1935 3894 2078 3967 εἷπε,

490 3992 662 4066 φησί·
711 3993 820 4046 Καὶ
875 3994 1005 4063 ὑμῖν
1058 3994 1170 4058 τοῖς
1215 3994 1461 4063 νομικοῖς
1488 3994 1648 4059 Οὐαὶ,
1684 3994 1765 4048 ὅτι
1794 3993 2081 4066 φορτίζετε

486 4089 603 4152 τοῖς
648 4084 958 4158 ἀνθρώποις
1009 4087 1203 4158 φορτία
1245 4086 1650 4154 δυσϐάστακτα,
1684 4090 1777 4142 καὶ
1811 4090 1965 4143 αὐτοὶ
1998 4092 2082 4144 ἐνὶ

486 4178 597 4236 τῶν
640 4178 919 4233 δακτύλων
970 4178 1126 4250 ὑμῶν
1169 4178 1231 4232 οὐ
1276 4179 1620 4251 προσψαύετε
1646 4181 1852 4247 αὐτοῖς.
1891 4203 1909 4235 ι
1945 4177 2078 4236 Οἶδα

490 4270 590 4341 μὲν
621 4264 713 4325 οὖν
738 4271 821 4325 ὅτι
850 4270 945 4324 καὶ
972 4271 1020 4323 οἱ
1053 4269 1434 4341 βασιλεύοντες
1459 4272 1602 4327 κατὰ
1628 4276 1853 4346 καιροὺς
1876 4277 1934 4328 ὲν
1962 4278 2077 4340 τοῖς

498 4362 891 4436 Ἰεροσολύμοις
922 4365 987 4417 ὲκ
1010 4362 1108 4434 τῆς
1145 4363 1313 4418 Ἰούδα
1337 4366 1511 4437 φυλῆς
1536 4366 1689 4433 τάξιν
1718 4367 2074 4440 άπεπλήρουν

485 4455 763 4528 ποιμένων
790 4458 905 4519 τοῖς
945 4454 1050 4509 ὑπὸ
1081 4458 1239 4528 χεῖρα
1267 4456 1435 4522 λαοῖς.
1452 4458 1670 4532 Ἐπειδὴ
1695 4460 1752 4514 δὲ
1781 4460 2072 4533 γεννηθέν-

485 4566 578 4614 τος
613 4547 851 4622 Χριστοῦ
874 4549 935 4602 τὸ
955 4548 1066 4602 τῶν
1087 4548 1352 4620 βασιλέων
1372 4542 1678 4606 ἐκλελοίπει
1696 4553 1873 4622 γένος,
1904 4554 2072 4625 ἧγουν

485 4640 783 4712 ὲκὸἑϐλητο
825 4642 923 4714 τῆς
968 4642 1263 4713 ἡγεμονίας
1312 4639 1510 4715 (ἦρχον
1542 4646 1652 4717 γὰρ
1676 4644 1776 4716 τῆς
1810 4646 2066 4712 Ἰουδαίας

482 4733 740 4806 τηνικάδε
776 4733 1022 4806 Ἡρώδης
1042 4750 1103 4787 τε
1118 4734 1479 4808 Ἀντιπάτρου
1502 4740 1632 4801 παῖς
1646 4738 2064 4811 Ἀσκαλωνίτης,

2189 3534 2463 3593 Christum
2495 3537 2805 3608 deplorassc
2846 3537 3104 3592 distincte
3133 3535 3439 3591 Pharisaros
3458 3547 3514 3591 et
3549 3535 3772 3593 Scriba:

2186 3637 2241 3683 et
2263 3627 2623 3697 legisperitos.
2657 3626 2749 3681 Sic
2778 3641 3009 3697 namque
3030 3628 3104 3681 ait
3135 3644 3147 3680 :
3190 3644 3207 3677 ι
3228 3626 3322 3682 Va:
3352 3626 3522 3693 vobis,
3565 3625 3771 3681 Scriba:

2187 3731 2241 3776 et
2287 3720 2545 3775 Pharisaei
2574 3720 2641 3774 ἰ.
2680 3739 2700 3771 ι
2743 3720 2868 3776 Ιιιεο
2897 3720 3164 3776 dicentem
3200 3720 3419 3790 quidam
3468 3720 3552 3774 bis
3587 3720 3770 3776 verbis

2187 3812 2551 3885 interpellavit
2583 3833 2597 3870 :
2626 3833 2645 3865 ι
2686 3812 2968 3885 Magister,
3004 3815 3120 3867 haec
3152 3812 3343 3867 dicens
3396 3813 3559 3867 etiam
3612 3812 3769 3867 nobis

2186 3902 2436 3973 iniuriam
2468 3902 2617 3958 facis.
2652 3904 2722 3957 At
2768 3903 2854 3958 ille
2898 3904 3010 3965 ait,
3037 3902 3215 3973 inquit
3256 3922 3269 3956 :
3305 3899 3370 3956 Et
3410 3903 3561 3958 vobis
3608 3901 3769 3972 legis-

2184 3994 2373 4064 peritis
2396 4010 2493 4062 ναι,
2521 3996 2648 4066 quia
2674 3995 2914 4051 oneratis
2945 3995 3192 4050 homines
3210 3995 3469 4050 oneribus
3499 4009 3619 4066 qua:
3645 4010 3769 4064 por-

2184 4095 2302 4143 tare
2329 4100 2436 4142 non
2479 4095 2725 4156 possunt,
2751 4095 2805 4140 et
2834 4086 2933 4154 ipsi
2961 4100 3068 4139 uno
3089 4084 3259 4155 digito
3286 4096 3470 4139 vestro
3501 4098 3609 4139 non
3642 4095 3764 4140 tan-

2180 4180 2308 4249 gitis
2333 4194 2398 4236 ea
2432 4181 2534 4236 ".t
2569 4177 2688 4236 Non
2745 4194 2831 4234 me
2878 4177 3018 4247 fugit
3053 4178 3211 4233 etiam
3273 4177 3566 4248 aliquando
3612 4192 3769 4249 reges

2179 4270 2572 4344 Hierosolymis
2596 4270 2663 4326 de
2691 4271 2833 4325 tribu
2875 4267 3012 4324 Juda
3038 4267 3282 4333 subiecto
3325 4267 3522 4340 populo
3576 4276 3765 4338 pasto—

2178 4380 2298 4420 rum
2327 4378 2521 4419 munus
2554 4361 2869 4433 praestitisse
2890 4361 2957 4414 ”.
2988 4362 3058 4415 At
3090 4370 3380 4431 postquam
3434 4359 3652 4417 Christo
3674 4375 3769 4416 na-

2176 4468 2430 4528 to,genus
2458 4469 2645 4525 regqu
2678 4451 2898 4519 defecit,
2926 4467 3022 4508 seu
3045 4452 3357 4523 principatu
3412 4451 3646 4523 ejectum
3681 4463 3765 4509 est

2175 4550 2522 4623 (regnabant
2550 4548 2692 4604 enim
2718 4557 2846 4602 tunc
2880 4547 2933 4601 in
2952 4544 3138 4602 Judtea
3194 4545 3437 4605 Herodes
3492 4548 3762 4618 Antipatri

2173 4645 2312 4699 ﬁlius
2337 4642 2743 4705 Asealonita,et
2766 4637 2993 4695 Pontius
3033 4638 3285 4712 Pilatus),
3316 4640 3383 4696 de
3435 4640 3576 4695 tribu
3622 4638 3762 4695 Juda

2171 4748 2328 4803 reges
2364 4732 2540 4788 nullos
2569 4732 2931 4786 nominamus.
2959 4730 3235 4787 Defeelsse
3265 4731 3412 4785 enim
3437 4730 3558 4787 illos
3592 4730 3759 4787 Chri-

482 4802 579 4880 καὶ
607 4826 831 4893 Πόντιος
846 4802 1089 4892 *Πιλάτος
1109 4827 1149 4895 ),
1182 4802 1555 4900 σεσιγήκαμεν
1607 4831 1921 4900 ἀναγκαίως
1946 4802 2070 4897 τούς

2184 4802 2262 4882 sto
2289 4827 2342 4880 in
2367 4827 2540 4879 lucem
2600 4825 2763 4889 edito,
2793 4832 3001 4879 certum
3062 4834 3149 4879 est
3178 4838 3211 4878 e
3249 4823 3553 4894 Scriptura.
3589 4840 3611 4875 ι
3640 4821 3757 4879 Non

484 4921 549 4973 ἐκ
592 4917 694 4989 τῆς
733 4918 899 4973 Ἰούδα
930 4919 1253 4992 φυλῆς.”οτι
1289 4921 1398 4993 γάρ
1436 4922 1844 4977 ὲκλελοίπεισαν
1879 4941 2070 4997 γεννη-

486 5011 669 5075 θέντος
682 5010 942 5083 Χριστοῦ,
968 5012 1454 5086 πληροφορήσειτδ
1483 5017 1889 5089 γεγραμμένον*
1907 5037 1926 5069 ι
1954 5019 2068 5072 Οὐκ

483 5102 725 5173 ὶκλείψει
757 5102 942 5176 ἄρχων
969 5104 1028 5171 ἔξ
1062 5104 1252 5172 Ἰούδα,
1283 5107 1380 5160 καὶ
1405 5108 1709 5180 ἡγούμενος
1737 5110 1803 5163 ὲκ
1827 5109 1935 5164 τῶν
1961 5129 2066 5183 μη-

483 5193 596 5268 ρῶν
630 5195 817 5261 αὺτοῢ,
846 5197 952 5257 ἕως
992 5195 1059 5251 ἂν
1104 5197 1236 5273 ἔλθῃ
1277 5199 1347 5253 τὰ
1390 5199 1729 5272 ἀποκείμενα
1756 5201 1926 5273 αὐτῷ,
1968 5203 2061 5257 καὶ

480 5283 643 5350 αὐτὸς
666 5285 962 5358 προσδοκία
992 5285 1181 5343 ἐθνῶν.
1217 5306 1235 5338 ι
1268 5287 1479 5342 Οὐκοῦν
1503 5288 1803 5360 ἐπειδήπερ
1837 5290 2057 5358 ἁφόκτο,

416 5432 422 5437 ,
482 5378 576 5432 καὶ
612 5379 908 5451 γεγέννητο
935 5379 1123 5433 λοιπὸν
1153 5381 1195 5452 ἡ
1222 5379 1329 5434 τῶν
1356 5380 1526 5434 ἐθνῶν
1555 5381 1873 5453 προσδοκία,
1905 5400 2059 5436 τουτ-

481 5468 596 5521 έστι
646 5468 908 5540 Χριστὸς,
966 5488 985 5521 ι
1014 5469 1325 5525 ἐκλέλοιπεν
1399 5471 1712 5541 ἀναγκαίως
1767 5470 1955 5545 ἄρχων
2001 5473 2060 5541 ἐξ

494 5559 684 5627 Ἰούδα,
719 5562 814 5615 καὶ
844 5560 1147 5633 ἡγούμενος
1175 5564 1239 5617 ὲκ
1272 5563 1379 5618 τῶν
1409 5565 1602 5637 μηρῶν
1629 5565 1814 5619 αὑτοῦ.
1847 5586 1865 5618 ι
1895 5567 2058 5638 Τρεῖς

479 5654 534 5707 δὲ
564 5648 678 5719 οὖν,
706 5653 782 5718 ὡς
814 5653 968 5727 ἔφην,
1004 5654 1281 5726 ποιμένες,
1314 5656 1481 5728 ἱερεῖς
1516 5674 1576 5711 τε
1602 5658 1697 5711 καὶ
1728 5658 1931 5732 κριταὶ,
1962 5659 2056 5713 καὶ

2176 4918 2387 4974 deficiet
2419 4918 2670 4989 princeps
2690 4930 2755 4971 ex
2778 4915 2942 4985 Juda,
2970 4927 3027 4973 et
3056 4916 3166 4971 dux
3204 4916 3271 4971 de
3297 4915 3594 4971 femoribus
3616 4913 3754 4984 ejus,

2175 5012 2344 5067 donec
2378 5010 2597 5066 veniant
2630 5009 2865 5078 reposita
2891 5010 2967 5073 ei,
2993 5020 3049 5065 et
3081 5009 3197 5079 ipse
3229 5010 3569 5078 exspectatio
3623 5023 3757 5078 gen-

2174 5105 2306 5158 tiutn
2344 5103 2445 5157 ".t
2483 5102 2747 5170 Quocirca
2778 5113 3065 5175 postquam
3123 5103 3364 5165 advenit,
3397 5112 3449 5157 et
3479 5111 3606 5155 nata
3670 5112 3757 5157 est

2168 5196 2235 5252 de
2265 5205 2461 5251 caetero
2482 5199 2816 5265 exspectatio
2848 5195 3110 5266 gentium,
3147 5194 3198 5249 id
3229 5202 3313 5249 est
3341 5192 3613 5258 Christus,
3652 5207 3751 5247 ne-

2167 5287 2404 5341 cessario
2433 5304 2455 5339 ι
2497 5289 2748 5357 princeps
2782 5301 2848 5341 ex
2882 5284 3042 5351 Iuda,
3071 5295 3125 5340 et
3158 5284 3269 5339 dux
3329 5298 3395 5339 ex
3453 5284 3751 5339 femoribus

2169 5377 2285 5448 ejus
2323 5379 2539 5436 defecit.
2569 5399 2586 5429 ι
2622 5380 2757 5435 Tres
2787 5380 2970 5451 itaque
2998 5376 3483 5449 pastores,utdixi,
3504 5377 3636 5433 sunt
3660 5390 3750 5433 sa-

2168 5472 2432 5538 cerdotes,
2445 5470 2680 5540 judiees,
2711 5471 2840 5542 legis
2867 5472 3135 5536 doctores,
3161 5469 3251 5540 qui
3288 5479 3343 5524 et
3386 5470 3748 5539 principatum

2167 5579 2346 5628 suum,
2378 5564 2493 5619 sive
2540 5564 2783 5617 ordinem
2835 5571 2891 5618 et
2942 5563 3118 5618 locum
3154 5578 3329 5631 usque
3388 5560 3455 5616 ad
3498 5570 3739 5629 tempora

2166 5655 2425 5712 adventus
2455 5656 2657 5711 Christi
2689 5663 2997 5711 tenuerunt.
3039 5654 3102 5710 lli
3156 5669 3371 5710 summo
3408 5654 3535 5725 jure
3589 5654 3742 5709 anfe-

514 5829 559 5861 ⁸³
593 5819 821 5907 .‘lls'ilaeu.
866 5852 924 5902 ll,
949 5835 1001 5893 7.
1081 5838 1126 5869 ’°
1165 5839 1317 5896 Deut.
1352 5854 1471 5905 xvt,
1504 5838 1589 5905 l8,
1626 5838 1702 5895 l9.
1782 5839 1823 5871 ’ί
1853 5837 1983 5896 Luc.
2024 5854 2096 5905 ιι,

2184 5840 2215 5893 ἱ.
2294 5837 2336 5871 θ’
2365 5834 2497 5894 ibid.
2536 5834 2621 5904 43,
2662 5834 2743 5889 l6.
2820 5835 2865 5869 ’³
2892 5835 2955 5893 lV’
2988 5834 3117 5907 Reg.
3148 5853 3303 5907 xxi-1,
3505 5836 3551 5869 ”
3614 5894 3619 5901 ,

480 5915 626 5971 nix,
667 5904 753 5960 10.
