4120 6376
372 450 472 508 191

1373 440 1432 497 S.
1473 438 1746 496 CYRILLI
1784 431 2263 492 ΑιΕχΑΝῡιιιΝι
2303 428 2624 487 Αιιοιιιιενι.

3544 428 3662 497 i394

371 572 589 628 runtur,
615 562 669 616 in
699 575 885 615 mense
907 573 1035 612 uno.
1057 557 1324 626 Quoniam
1350 558 1495 613 enim
1522 566 1800 612 auctorem
1829 554 1952 607 vitae

2059 547 2519 619 νομοδιδάσκαλοι,
2570 546 2620 600 οἳ
2668 547 2764 600 καὶ
2801 546 3182 616 μεμενήκασιν
3232 546 3290 596 ὲν
3329 543 3451 609 ταῖς
3486 544 3660 611 ίδίαις.

371 652 768 709 interfecerunt
796 650 864 715 ³⁸,
904 648 1112 704 idcirco
1143 648 1290 703 velut
1311 649 1682 713 demetuntur,
1719 644 1884 718 ῚΒᾼ
1903 654 1959 700 et

372 746 525 815 quasi
561 745 617 799 in
647 758 834 798 mense
862 756 991 806 uno,
1032 755 1141 811 quo
1168 754 1353 796 necem
1397 755 1499 810 pro
1532 740 1687 795 nohis
1747 740 1960 794 Etnma-

370 838 498 894 nuel
519 834 793 892 sustinuit.
830 833 1089 899 Quamvis
1125 833 1269 889 enim
1300 831 1550 887 lsraelem
1579 830 1960 886 administrare

369 936 791 1000 perseverarunt
825 927 990 981 etiam
1014 936 1135 996 post
1170 925 1509 980 Salvatorem
1540 924 1595 978 in
1621 938 1785 978 cruce
1812 921 1960 977 solli-

370 1034 524 1083 xum,
561 1032 746 1073 rerum
770 1016 1013 1071 omnium
1047 1015 1294 1084 principe
1337 1016 1445 1071 Deo
1501 1013 1623 1068 illos
1669 1012 1955 1080 tolerante,

370 1118 429 1164 et
457 1109 770 1171 miserante,
826 1113 882 1161 et
915 1105 982 1158 ad
1024 1105 1399 1172 paenitentiam
1441 1104 1740 1158 invitante:
1779 1111 1955 1156 tamen

369 1201 516 1271 quod
542 1200 609 1254 ad
638 1198 962 1253 sententiam
991 1196 1082 1250 Dei
1116 1212 1279 1265 super
1309 1197 1411 1251 hoc
1441 1196 1707 1265 prolatam
1740 1195 1953 1260 attinet,

370 1292 560 1346 eodem
589 1300 832 1358 tempore
859 1304 969 1358 quo
998 1289 1377 1343 universorum
1405 1288 1742 1342 Salvatorem
1772 1302 1836 1340 ac
1868 1287 1957 1341 Li-

368 1380 678 1436 beratorem
717 1380 772 1434 in
802 1394 1018 1434 crucem
1052 1388 1298 1448 egerunt,
1323 1378 1531 1433 ablatos
1565 1393 1687 1433 esse
1737 1392 1955 1432 asseve-

371 1485 576 1526 ramus.
603 1471 779 1526 Ablati
817 1482 944 1526 sunt
981 1470 1145 1540 igitur
1181 1470 1234 1524 in
1280 1484 1467 1524 mense
1506 1483 1636 1523 uno.
1661 1471 1740 1524 Ac
1760 1468 1830 1523 de
1863 1484 1956 1535 pa-

370 1562 612 1618 storibus
646 1563 862 1632 quidem
894 1562 1180 1617 hactenus.
1235 1559 1508 1614 Jndicinm
1563 1570 1741 1616 autem
1793 1576 1958 1629 super

372 1657 490 1725 ipso
519 1672 682 1729 grege
697 1664 781 1711 est
811 1672 827 1712 :
855 1675 874 1706 ι
904 1653 1019 1709 Non
1039 1670 1258 1721 pascam
1293 1669 1417 1709 vos:
1449 1672 1468 1706 ι
1492 1665 1566 1719 et,
1592 1654 1861 1710 Devorare
1890 1670 1955 1712 ac

372 1743 628 1798 mordere
655 1744 883 1798 invicem
918 1743 962 1797 si
992 1741 1413 1801 velint.Etenim
1431 1741 1561 1801 nihil
1585 1737 1798 1811 penitus
1831 1758 1955 1811 par-

370 1838 566 1902 cendo,
599 1844 654 1889 et
682 1837 815 1903 ipsa:
832 1848 962 1889 oves
989 1834 1130 1888 inter
1153 1849 1211 1889 se
1237 1835 1590 1898 devorarunt,
1637 1843 1693 1887 et
1721 1834 1955 1901 diripere

2061 640 2279 710 ἀρχαῖς,
2308 639 2478 709 ἦγουν
2510 638 2663 703 τάξει
2692 653 2753 691 τε
2780 636 2877 689 καὶ
2907 635 3084 707 τόπῳ,
3115 637 3210 690 καὶ
3241 636 3405 707 μέχρι
3437 638 3648 709 καιρῶν

2057 729 2167 783 τῶν
2209 730 2309 800 τῆς
2355 729 2671 802 ἐπιδημίας.
2708 722 2869 782 Οὗτοι
2899 727 3225 798 ὲξαίρονται,
3256 729 3352 781 καὶ
3399 728 3544 799 μάλα
3567 730 3647 784 δι-

2059 821 2250 885 καίως,
2283 823 2341 873 ἐν
2383 822 2513 893 μηνὶ
2546 821 2623 891 τῷ
2653 818 2994 890 ὲνί.Ἐπειδὴ
3038 818 3149 891 γὰρ
3196 820 3526 876 ἀπεκτόνασι
3558 823 3650 878 τὸν

2057 912 2302 983 ἀρχηγὸν
2344 912 2443 982 τῆς
2477 913 2646 981 ζωῆς,
2677 909 2937 983 ταύτῃτοι
2983 908 3078 962 καὶ
3121 909 3526 980 ἀποκείρονται,
3558 913 3652 967 καὶ

2058 1004 2133 1066 ὡς
2181 1004 2240 1057 ὲν
2288 1002 2419 1074 μηνὶ
2448 1002 2527 1072 τῷ
2557 1002 2661 1065 ἑνὶ,
2698 999 2820 1055 καθ’
2852 999 2911 1053 ὃν
2948 1000 3048 1070 τὴν
3083 1000 3223 1071 ὑπὲρ
3257 1001 3414 1072 ἡμῶν
3440 1002 3646 1071 ὑπομε-

2061 1098 2266 1168 μένηκε
2314 1094 2530 1166 σφαγὴν
2560 1096 2589 1148 ό
2626 1095 3001 1165 Ἐμμανουήλ.
3030 1095 3093 1147 Εἰ
3134 1093 3249 1165 γάρ
3282 1094 3379 1147 καὶ
3410 1097 3673 1164 μεμενήηη

2058 1206 2187 1243 κασι
2228 1189 2555 1253 διοικοῦντες
2601 1188 2681 1242 ἔτι
2728 1188 2820 1242 τὸν
2863 1187 3101 1258 Ἰσραὴλ⁷
3127 1186 3223 1240 καὶ
3276 1186 3414 1257 μετὰ
3443 1186 3532 1239 τὸν
3557 1187 3650 1240 τοῦ

2057 1282 2310 1353 Σωτῆρος
2343 1282 2596 1352 σταυρὸν,
2631 1279 3084 1347 ἀνεξικακοῦντος
3142 1279 3237 1333 καὶ
3282 1276 3691 1381 ὲποικτείρον-

2054 1393 2146 1439 τος
2167 1376 2365 1439 αὐτοὺς
2383 1374 2478 1428 τοῦ
2508 1374 2726 1427 πάντων
2753 1373 3085 1443 κρατοῦντος
3114 1372 3274 1436 Θεοῦ,
3306 1371 3404 1426 καὶ
3431 1370 3691 1456 καλοῦν-

2054 1482 2145 1529 τος
2167 1465 2248 1528 είς
2268 1463 2614 1535 μετάγνωσιν
2634 1480 2648 1493 ·
2677 1462 2793 1516 ἀλλ’
2824 1464 2950 1517 ὅσον
2976 1463 3102 1533 ἥκει
3130 1464 3304 1516 εἰπεῖν
3330 1462 3412 1525 είς
3437 1462 3537 1532 τὴν
3561 1461 3653 1514 ὲπὶ

2053 1555 2229 1627 τούτῳ
2277 1556 2459 1627 ψῆφον
2508 1554 2886 1627 γεγενημένην
2932 1555 3087 1626 παρὰ
3132 1553 3291 1619 Θεοῦ,
3346 1552 3651 1629 ὲξῃρῆσθαί

2055 1666 2238 1720 φαμεν
2282 1650 2483 1713 αὐτοὺς
2515 1651 2638 1702 κατ’
2674 1650 2883 1702 ἐκεῖνον
2932 1648 3024 1702 τὸν
3076 1649 3287 1719 καιρὸν,
3320 1645 3442 1700 καθ’
3468 1645 3549 1709 ὃν,
3576 1646 3652 1710 ὡς

2054 1740 2209 1811 ἔφην.
2238 1738 2460 1811 σταυρῷ
2488 1738 2910 1810 παραδεδώκασι
2958 1739 3049 1791 τὸν
3099 1738 3208 1791 τῶν
3249 1738 3386 1790 ὅλων
3421 1737 3651 1807 Σωτῆρα

2054 1833 2149 1885 καὶ
2185 1832 2508 1902 Λυτρωτήν.
2527 1830 2855 1902 Ἐξῄρηνται
2882 1828 3175 1901 τοιγαροῦν
3199 1830 3258 1882 ὲν
3291 1829 3422 1899 μηνὶ
3444 1828 3523 1899 τῷ
3544 1828 3644 1883 ἑνί.

369 1926 676 1981 volentibus
704 1926 756 1979 in
785 1928 1019 1994 praedam
1041 1925 1437 1993 paratissimam
1471 1923 1611 1980 data:
1639 1936 1786 1979 sunt.
1810 1923 1955 1979 Dixit

2059 1926 2167 1979 Καὶ
2203 1924 2275 1977 τά
2310 1925 2409 1995 μὲν
2436 1924 2544 1978 τῶν
2573 1923 2847 1995 ποιμένων
2880 1924 2939 1977 ἐν
2966 1922 3197 1985 τούτοις.
3234 1921 3308 1975 Τὸ
3352 1921 3410 1975 δέ
3452 1938 3516 1990 γε
3546 1921 3647 1975 ἐπ’

370 2032 556 2089 porro,
578 2028 778 2073 etsane
805 2019 1007 2088 optime
1029 2019 1095 2073 de
1125 2016 1295 2072 tribus
1325 2014 1655 2085 pastoribus.
1682 2025 1738 2072 et
1762 2016 1953 2073 iisdem

366 2109 595 2165 sublatis
624 2110 675 2162 in
702 2124 886 2164 mense
910 2123 1015 2163 uno
1047 2125 1060 2161 :
1102 2128 1120 2160 ι
1150 2108 1479 2165 Gravabitur
1500 2108 1679 2162 anima
1711 2123 1829 2163 mea
1860 2123 1955 2162 su—

362 2216 467 2271 per
494 2202 659 2271 ipsos,
696 2220 715 2252 ι
745 2202 847 2258 hoc
881 2212 983 2266 est,
1012 2215 1177 2271 grave
1200 2202 1282 2256 eis
1307 2200 1628 2270 supplicium
1654 2200 1951 2270 iniungunt,

368 2295 624 2363 quoniam
686 2313 703 2345 ι
741 2294 804 2347 Et
835 2293 1030 2347 animae
1056 2307 1243 2348 eorum
1285 2293 1569 2362 rngiebant
1597 2307 1758 2362 super
1789 2308 1897 2350 me.
1928 2312 1947 2346 ι

366 2381 514 2438 Nihil
544 2383 688 2441 enim
726 2382 795 2437 ab
827 2382 1153 2436 immanibus
1184 2380 1377 2437 belluis
1411 2381 1744 2449 differentes,
1763 2384 1949 2452 saepis-

365 2474 505 2529 sime
527 2473 579 2527 in
609 2472 881 2528 Christum
922 2470 1224 2534 irruebant,
1259 2471 1584 2540 tandemque
1608 2468 1786 2524 Pilato
1825 2486 1948 2524 eum

367 2565 655 2629 sistebant,
729 2560 1120 2617 vociferantes:
1188 2579 1209 2611 ι
1267 2559 1438 2625 Tolle,
1504 2559 1653 2625 tolle,
1696 2560 1952 2627 crncitigc

366 2670 490 2709 eum
522 2653 587 2708 ".
625 2672 644 2705 ι
682 2650 850 2719 Hujus
878 2651 953 2707 rei
984 2660 1039 2705 et
1068 2665 1164 2721 per
1198 2648 1493 2705 Jercmiam
1524 2650 1598 2705 ita
1660 2650 1907 2709 meminit
1937 2668 1952 2704 :

372 2765 392 2796 ι
422 2745 688 2813 Dereliqui
710 2744 929 2799 domum
955 2744 1341 2810 meam,dimisi
1362 2743 1730 2799 lucreditatem
1760 2758 1957 2808 meam,

367 2834 493 2893 dedi
521 2835 776 2893 dilectam
815 2831 1061 2891 animam
1097 2835 1361 2890 meamin
1394 2850 1586 2891 manus
1612 2834 1958 2891 inimicorum

365 2928 502 2997 eius.
546 2928 714 2983 Facta
789 2937 875 2982 est
916 2928 1047 2982 mihi
1095 2929 1387 2984 haereditas
1466 2944 1587 2984 mea
1645 2938 1705 2983 ut
1771 2928 1956 2985 leo-in

366 3021 500 3076 silva
535 3059 551 3083 ,
609 3019 757 3075 dedit
796 3027 983 3075 contra
1013 3034 1099 3075 me
1147 3034 1336 3075 vocem
1387 3035 1545 3080 suam
1581 3061 1595 3086 ,
1633 3021 1836 3076 idcirco
1859 3022 1949 3076 odi

367 3128 487 3165 eam
514 3112 582 3166 θ’.
617 3131 638 3165 ι

2056 2017 2241 2079 αὐτοῖς
2269 2020 2381 2080 τοῖς
2405 2015 2689 2087 θρέμμασι
2710 2017 2906 2088 κρῖμα,
2921 2014 3003 2077 τὸ,
3025 2033 3043 2066 ι
3065 2015 3139 2069 Οὐ
3161 2014 3412 2085 ποιμανῶ
3434 2013 3599 2084 ὑμᾶς,
3620 2032 3640 2066 ι

2056 2107 2150 2161 καὶ
2181 2107 2263 2172 τὸ,
2294 2108 2466 2178 Εἴπερ
2497 2106 2706 2161 ἕλοιντο
2735 2105 3048 2160 κατεσθίειν
3076 2122 3137 2158 τε
3163 2107 3261 2160 καὶ
3291 2105 3664 2166 καταδάκνειν,

2054 2199 2282 2269 ἄλληλα.
2318 2199 2427 2252 Καὶ
2474 2200 2582 2270 γάρ
2632 2199 2853 2269 ἁπάσης
2881 2198 3005 2268 δίχα
3042 2197 3257 2267 φειδοῦς
3294 2197 3435 2253 αὑτά
3461 2214 3522 2251 τε
3552 2197 3648 2253 άλ-

2052 2290 2190 2362 ληλα
2240 2289 2654 2361 κατεδηδόκασι,
2691 2291 2788 2343 καὶ
2831 2290 2945 2352 τοῖς
2989 2286 3311 2359 διαρπάζειν
3374 2286 3661 2343 ἐθέλουσινι

2056 2381 2383 2452 ὲτοιμοτάτη
2413 2380 2657 2435 δέδονται
2703 2378 3018 2451 θήρα.Ἔφη
3050 2378 3107 2433 δὲ
3138 2378 3223 2450 δὴ,
3254 2379 3349 2432 καὶ
3399 2378 3545 2450 μάλα
3578 2380 3650 2434 εί-

2058 2473 2251 2538 κότως,
2281 2475 2410 2545 περὶ
2435 2472 2545 2526 τῶν
2573 2471 2743 2544 τριῶν
2787 2459 3084 2541 ποιμένων,
3117 2471 3226 2525 τῶν
3254 2472 3344 2525 καὶ
3374 2471 3647 2543 ἐξῃρημέ-

2057 2584 2163 2621 νων
2190 2567 2249 2619 ὲν
2286 2564 2416 2637 μηνὶ
2443 2566 2547 2629 ἑνὶ,
2576 2564 2656 2618 ὅτι
2687 2582 2705 2615 ι
2738 2562 3207 2635 Βαρυνθήσεταιή
3242 2561 3388 2634 ψυχή
3418 2579 3516 2633 μου
3550 2562 3665 2615 ἐπί

2056 2658 2306 2720 αὑτοῦς,›
2330 2656 2600 2719 τουτέστι,
2633 2655 2859 2726 βαρεῖαν
2890 2656 3075 2718 αὐτοῖς
3109 2654 3312 2708 ἐποίσω
3343 2652 3442 2724 τὴν
3468 2653 3661 2723 δίκην,

2056 2746 2137 2799 ὅτι
2162 2763 2182 2797 ι
2207 2746 2318 2799 Καὶ⁵
2343 2747 2398 2799 αἱ
2424 2745 2595 2816 ψυχαὶ
2618 2743 2799 2798 αὐτῶν
2821 2742 3137 2813 ὲπωρύοντο
3158 2744 3243 2796 ἐπ’
3260 2745 3382 2815 ὲμέ.
3407 2763 3426 2797 ι
3453 2742 3648 2814 Θηρῶν

2056 2838 2165 2909 γάρ
2199 2839 2412 2910 ἀγρίων
2445 2837 2798 2908 διαφέροντες
2848 2834 3021 2897 οὐδὲν,
3051 2834 3335 2907 ἐπεπήδων
3387 2850 3450 2889 τε
3499 2832 3661 2887 πλειο.

2060 2928 2252 2992 στάκις
2293 2927 2536 2999 Χριστῷ,
2567 2927 2662 2981 καὶ
2705 2926 3066 2991 τελευτῶντες
3095 2927 3313 2998 Πιλάτῳ
3350 2924 3647 2998 προσῆγον,

2057 3023 2309 3093 λέγοντες
2328 3040 2342 3055 ο
2384 3040 2403 3075 ι
2431 3016 2586 3094 Αἶρε,
2615 3017 2762 3093 αἶρε,
2790 3021 3026 3094 σταύρου
3077 3021 3259 3075 αὐτόν.
3292 3039 3311 3071 ι
3358 3018 3659 3089 Μέμνηται

2064 3113 2120 3170 δὲ
2148 3115 2341 3169 τούτου
2374 3115 2469 3168 καὶ
2500 3115 2589 3168 διὰ
2625 3112 2810 3185 φωνῆς
2852 3112 3145 3185 Ἱερεμίου,
3169 3112 3374 3181 λέγων’
3410 3128 3429 3161 ι
3453 3110 3648 3176 Ἐγκα-

376 3205 659 3260 εαλέλοιπα
706 3205 799 3260 τὸν
849 3201 999 3259 οἶκόν
1045 3224 1170 3279 μου,
1203 3207 1395 3278 ἀφῆκα
1438 3206 1542 3278 τὴν
1616 3208 1987 3281 κληρονομίαν
2028 3227 2152 3281 μου,
2221 3211 2398 3266 ἔδωκα
2440 3211 2539 3287 τὴν
2572 3208 3144 3283 ἠγαπημένην,ψυχήν
3191 3225 3292 3280 μου
3333 3208 3415 3271 εἰς
3459 3207 3648 3276 χεῖρας

367 3298 577 3372 ἐχθρῶν
609 3299 1083 3370 αὐτῆς.Ἐγενήθη
1128 3302 1162 3370 ἡ
1192 3298 1525 3370 κληρονομία
1598 3317 1699 3371 μου
1734 3302 1877 3372 ἐμοὶ,
1915 3302 1990 3365 ὡς
2028 3302 2166 3365 λέων
2231 3306 2289 3359 ἐν
2333 3302 2549 3376 δρυμῷ,
2579 3302 2781 3357 ἔδωκεν
2821 3303 2908 3357 ἐπ’
2938 3304 3039 3375 ἐμὲ
3078 3305 3177 3374 τὴν
3227 3299 3409 3371 φωνὴν
3454 3297 3661 3367 αὐτῆς,

367 3392 456 3446 διὰ
486 3390 644 3445 τοῦτο
668 3391 908 3462 ἐμίσησα
947 3393 1142 3463 αὐτήν.
1171 3411 1192 3445 ι

439 3483 605 3538 Vsus.
640 3482 726 3546 10,
763 3482 849 3537 ll.
885 3480 953 3535 Et
995 3500 1267 3539 assumant
1313 3486 1518 3555 virgam
1590 3502 1760 3540 meam
1829 3486 1945 3556 pul-

2127 3475 2237 3531 Kal
2265 3472 2538 3545 λήψομαι
2568 3473 2684 3543 τὴν
2718 3471 2944 3543 ῥάϐδον
2968 3492 3088 3545 you
3131 3474 3247 3544 τὴν
3278 3476 3498 3546 καλὴν,
3537 3477 3651 3533 καὶ.

369 3576 578 3639 chrum,
602 3586 650 3630 et
683 3576 962 3646 projiciam
999 3592 1137 3642 ιαιιι,
1193 3586 1250 3630 ut
1296 3578 1545 3648 dissipent
1593 3588 1957 3634 testamentum

369 3683 541 3721 meum
565 3670 703 3737 quod
731 3668 966 3737 disposui
1001 3669 1069 3721 ad
1099 3686 1276 3723 ontnes
1304 3669 1525 3739 populos
1563 3668 1824 3725 terrw.Et
1846 3673 1959 3725 dis-

368 3759 628 3827 sipabitur
682 3758 737 3811 in
796 3757 882 3810 die
948 3756 1093 3823 illa,
1150 3768 1199 3812 et
1256 3768 1535 3829 agnoscent
1615 3757 1953 3823 Chananwi,

372 3865 487 3902 oves
553 3865 671 3919 qua
747 3849 1017 3904 observant
1107 3867 1226 3917 me,
1266 3852 1391 3922 quia
1458 3852 1669 3907 verbum
1743 3850 1960 3907 Domini

370 3949 448 3994 est
455 3977 470 3991 .

441 4028 678 4085 LXXXI.
713 4029 936 4103 Virgam
988 4033 1278 4101 pulchram
1332 4043 1492 4091 vocat
1562 4035 1959 4092 inStitutionem

373 4138 472 4192 per
495 4126 885 4196 mystagOgiam
941 4127 1309 4196 evangelicam
1351 4127 1680 4184 excellenter
1732 4129 1958 4184 decora-

373 4224 503 4280 tam,
520 4213 675 4283 juxta
725 4217 870 4287 quod
940 4216 1283 4287 intelligitur,
1336 4234 1443 4274 non
1493 4220 1669 4275 oculis
1708 4221 1959 4299 sentitur.

370 4305 525 4374 Quod
569 4317 752 4363 autem
797 4324 857 4365 se
885 4308 1253 4380 proiecturum
1294 4326 1453 4377 eam,
1483 4322 1540 4368 et
1574 4321 1958 4368 testamentum

372 4399 758 4468 dissipaturum
797 4412 1066 4467 autumat,
1106 4403 1400 4458 verisimile
1437 4413 1524 4459 est
1583 4403 1959 4472 subindicare,

372 4508 481 4547 non
510 4493 653 4561 quod
697 4492 747 4547 id
769 4493 1090 4549 dimissurus
1114 4495 1207 4561 sit,
1238 4505 1293 4551 et
1311 4497 1548 4551 solutum
1583 4498 1961 4566 dissipaturns,

371 4581 487 4636 sive
515 4590 573 4635 ut
602 4580 792 4637 inutile
817 4581 1253 4653 oblitteraturus;
1274 4585 1606 4655 neutiquam.
1637 4586 1769 4642 Illud
1785 4586 1964 4656 potius

375 4672 785 4743 intelligendum
829 4673 1082 4732 dixerim.
1131 4675 1384 4734 Pastores
1441 4693 1864 4749 nonnunquam,
1916 4679 1962 4734 si

374 4764 516 4820 forte
541 4779 698 4821 ovem
734 4768 1046 4837 quampiam
1089 4784 1119 4824 a
1146 4786 1309 4841 grege
1329 4771 1637 4833 aberrasse,
1657 4781 1713 4825 ct
1743 4771 1810 4826 ab
1839 4771 1962 4826 aliis

2058 3568 2374 3637 ἀπορρίψω
2405 3564 2618 3633 αὐτὴν,
2659 3565 2766 3620 τοῦ
2789 3565 3187 3621 διασκεδάσαι
3213 3567 3327 3636 τὴν
3348 3567 3643 3638 διαθήκην

2054 3678 2195 3732 μου,
2223 3657 2304 3726 ἣν
2333 3657 2612 3727 διεθέμην
2636 3657 2786 3725 πρὸς
2828 3657 3061 3724 πάντας
3113 3660 3256 3725 τοὺς
3303 3659 3496 3728 λαοὺς
3538 3661 3651 3732 τῆς

2061 3754 2192 3824 γῆς.
2227 3755 2337 3808 Καὶ
2370 3750 2956 3820 διασκεδασθήσεται
2986 3752 3056 3805 ἐν
3087 3750 3164 3821 τῇ
3204 3753 3395 3822 ἡμέρᾳ
3419 3736 3656 3827 ἐκείνῃ,

2061 3847 2162 3901 καὶ
2192 3845 2528 3918 γνώσονται
2550 3847 2605 3899 οἱ
2638 3843 2988 3908 Χαναναῖοι,
3029 3842 3103 3898 τὰ
3138 3846 3407 3914 πρόϐατα
3436 3846 3509 3901 τὰ
3535 3864 3651 3917 φυ-

2059 3940 2414 4009 λασσόμενά
2436 3956 2559 4008 μοι,
2586 3938 2736 3992 διότι
2763 3938 2946 4006 λόγος
2976 3936 3197 4005 Κυρίου
3226 3937 3381 3993 ἐστι.

2134 4031 2261 4083 IIA'.
2315 4030 2537 4084 'Pa't660v
2589 4028 2688 4100 μὲν
2731 4026 2988 4098 ὀνομάζει
3040 4028 3213 4099 καλὴν
3271 4028 3370 4100 τὴν
3411 4029 3501 4085 διὰ
3550 4029 3650 4100 τῆς

2062 4121 2426 4191 εὐαγγελικῆς
2473 4120 2862 4192 μυσταγωγίας
2907 4120 3213 4187 παίδευσιν,
3250 4122 3349 4192 τὴν
3376 4121 3651 4194 ἐξαίρετον

2062 4215 2120 4266 ἐν
2144 4212 2431 4285 ὡραϊσμῷ,
2456 4211 2614 4281 δῆλον
2652 4211 2711 4274 δὲ
2758 4211 2842 4263 ὅτι
2888 4210 2967 4282 τῷ
3013 4211 3207 4282 νοητῷ.
3236 4212 3311 4265 Τὸ
3338 4213 3396 4266 δὲ
3445 4213 3510 4286 δὴ
3555 4216 3651 4268 καὶ

2061 4304 2387 4376 ἀπορρῖψαι,
2419 4303 2515 4357 καὶ
2556 4302 2918 4357 διασκευάσαι
2944 4302 3121 4371 λέγειν
3167 4302 3360 4374 αὐτὴν,
3392 4303 3661 4374 ὑπεμφή-,

2063 4411 2205 4448 νειεν
2242 4394 2327 4460 ἂν,
2360 4393 2502 4448 κατὰ
2545 4393 2608 4447 τὸ
2640 4394 2807 4460 εἰκὸς,
2837 4394 2936 4466 οὐχ
2980 4396 3061 4448 ὅτι
3109 4395 3203 4449 καὶ
3243 4396 3663 4469 ἀποπέμψεταιλ

2063 4484 2161 4539 καὶ
2207 4486 2479 4557 σκορπιεῖ,
2520 4485 2816 4556 παραλύων
2844 4486 3034 4558 αὐτὴν,
3064 4488 3233 4557 ἦγουν
3272 4488 3347 4551 ὡς
3376 4488 3661 4562 ἄχρηστον.

2064 4576 2362 4645 ἀφανίζων,
2394 4577 2591 4632 πολλοῦ
2640 4595 2704 4647 γε
2754 4579 2851 4633 καὶ
2901 4578 3002 4634 δεῖ.
3043 4580 3214 4650 Φαίην
3260 4580 3306 4634 δ’
3335 4581 3403 4635 ἂν
3448 4581 3664 4653 μᾶλλον.

2064 4671 2240 4723 ἐκεῖνο
2259 4669 2458 4740 χρῆναι
2489 4672 2649 4725 νοεῖν.
2680 4671 2744 4725 Oi
2772 4671 3030 4743 ποιμένες
3062 4672 3173 4726 ἐσθ’
3199 4672 3323 4745 ὃτει
3353 4673 3403 4726 εί
3444 4674 3507 4743 δή
3542 4690 3647 4728 που

2066 4762 2351 4818 θεάσαιντο
2370 4764 2479 4818 τῶν
2510 4765 2797 4839 προϐάτων
2824 4768 2945 4821 τινὰ
2963 4768 3066 4838 τῆς
3085 4767 3284 4838 ἀγέλης
3313 4770 3650 4841 ἀποσκιρτή-

373 4854 793 4910 semotissimam
821 4859 1236 4927 conspexerint,
1269 4869 1379 4913 tum
1434 4861 1655 4916 omnino
1711 4860 1916 4930 virgam
1942 4899 1956 4925 ,

2065 4875 2255 4923 σαντα,
2285 4858 2551 4928 γεγονότα
2578 4876 2639 4912 τε
2669 4859 2779 4914 τῶν
2805 4858 2988 4922 ἄλλων
3014 4860 3090 4922 ὡς
3124 4859 3400 4924 ἀποτάτω,
3434 4860 3556 4914 τότε
3579 4859 3646 4932 δὴ

375 4944 538 5017 765
568 4961 663 5001 seu
699 4947 892 5015 pedum
931 4949 1301 5018 projicientes,
1331 4964 1450 5004 eam
1487 4951 1552 5003 ad
1588 4951 1724 5005 alias
1760 4966 1956 5020 aggre-

374 5038 491 5106 gari
516 5038 869 5108 compellunt.
910 5038 1180 5110 Pr0pheta
1209 5040 1373 5113 igitur
1407 5043 1701 5110 pastoritiae
1732 5057 1959 5098 consue-

378 5130 550 5185 tudini
586 5131 977 5187 convenienter
1021 5131 1232 5188 locntus
1277 5144 1380 5195 est.
1419 5135 1718 5204 projectum
1745 5136 1810 5189 iri
1845 5135 1956 5190 vir-

375 5237 497 5291 gam
527 5222 734 5292 dicens,
769 5224 954 5293 utique
984 5223 1036 5277 in
1061 5234 1249 5293 gentes
1281 5243 1295 5279 :
1322 5224 1426 5279 illae
1494 5226 1639 5279 enim
1694 5237 1852 5282 erant
1892 5228 1961 5281 de

375 5313 894 5383 qnibusApostolus,
928 5333 947 5367 ι
984 5315 1075 5384 qui
1099 5315 1257 5385 longe
1284 5316 1363 5369 ⁸⁸.
1397 5336 1415 5368 ι
1438 5314 1825 5372 Verumtamen
1879 5316 1961 5371 fa-

378 5403 452 5455 cti
482 5412 610 5457 sunt
634 5420 799 5474 prope
818 5420 916 5476 per
955 5407 1137 5460 tidem.
1190 5405 1281 5461 Sic
1330 5418 1509 5462 autem
1571 5408 1959 5477 projiciendam

381 5493 516 5548 dicit
547 5482 774 5565 virgam,
806 5506 863 5550 ut
891 5507 1002 5551 toto
1041 5507 1308 5551 terrarum
1354 5499 1488 5554 orbe
1522 5499 1812 5570 dissipata,
1846 5501 1963 5556 sive

383 5595 443 5638 ιιι
476 5600 655 5640 sermo
712 5586 780 5643 de
844 5589 1085 5653 Christo,
1155 5605 1249 5645 seu
1290 5593 1598 5661 przedicatio
1647 5594 1960 5662 evangelica

380 5677 581 5747 ubique
608 5678 890 5733 distributa
939 5692 992 5735 et
1021 5683 1217 5736 dill'usa
1246 5685 1509 5740 videatur.
1541 5683 1717 5757 lnqnit
1767 5688 1910 5740 enim
1945 5705 1958 5741 :

448 5852 497 5889 "
534 5852 651 5910 Act.
684 5871 763 5921 ιιι,
806 5856 886 5912 lii.
965 5860 1008 5892 ’³⁵
1042 5859 1200 5917 Juan.
1233 5877 1344 5931 XIX,
1382 5863 1464 5919 l5.
1538 5866 1582 5897 ’⁷
1615 5862 1811 5923 Jcrctn.
1844 5880 1938 5934 xu,

2059 5865 2100 5920 Β.
2180 5867 2223 5901 ³⁸
2254 5865 2452 5938 Ephes.
2482 5882 2542 5935 ἰ,
2578 5867 2660 5923 l5.

2066 4952 2284 5015 πάντως
2330 4953 2418 5006 ἐπ’
2454 4951 2592 5006 αὐτὰ
2642 4953 2742 5022 τὴν
2788 4953 2982 5025 ῥάϐδον
3014 4954 3206 5017 ἱέντες,
3250 4953 3647 5024 μετασοσοῦσιν

2065 5044 2226 5109 εὐθὺς
2266 5043 2346 5109 εἷς
2382 5062 2446 5114 γε
2491 5045 2555 5098 τὸ
2597 5043 2816 5098 ἑλέσθαι
2863 5044 2975 5097 δεῖν
3024 5043 3488 5112 συναγελάζεσθαι
3532 5048 3649 5108 τοῖς

2066 5137 2264 5201 ἄλλοις.
2306 5138 2591 5209 Τετήρηκε
2617 5135 2799 5195 τοίνυν
2830 5135 2931 5207 τῆς
2966 5136 3309 5207 προφητείας
3340 5139 3369 5191 ό
3396 5137 3553 5206 λόγος
3579 5142 3647 5209 τῇ

2065 5227 2176 5281 τῶν
2213 5226 2482 5298 ποιμνίων
2522 5228 2805 5300 ἐπιστήμῃ
2830 5226 2893 5279 τὸ
2922 5225 3134 5292 εἰωθὸς,
3166 5227 3661 5301 άπορῥιφήσεσθαιγ

2064 5322 2164 5390 τὴν
2213 5321 2405 5390 ῥάϐδον
2434 5320 2629 5388 λέγων,
2658 5319 2813 5389 δῆλον
2856 5318 2914 5371 δὲ
2956 5320 3037 5372 ὄτι
3078 5321 3191 5383 τοῖς
3221 5319 3451 5374 ἔθνεσιν.
3486 5322 3649 5375 Αὐτοὶ

2068 5414 2177 5483 γὰρ
2208 5412 2346 5482 ἦσαν
2399 5431 2417 5463 ι
2445 5413 2494 5465 οἱ
2537 5411 2775 5482 μακράν.
2805 5431 2824 5463 ι
2861 5411 3007 5483 Πλὴν
3034 5411 3323 5481 γεγόνασιν
3353 5413 3523 5481 ἐγγὺς
3560 5411 3650 5465 διὰ

2067 5504 2165 5573 τῆς
2215 5504 2467 5567 πίστεως.
2507 5502 3005 5575 Ἀπορῥιφήσεσθαι
3054 5503 3112 5558 δέ
3160 5521 3322 5575 φησιν
3365 5503 3511 5557 οὕτω
3550 5502 3649 5573 τὴν

2071 5594 2283 5665 ῥάϐδον,
2315 5593 2391 5658 ὡς
2436 5596 2541 5650 ἀνά
2577 5598 2759 5651 πᾶσαν
2789 5596 2961 5669 αὐτὴν
2996 5595 3358 5664 σκεδασθῆναι
3391 5595 3486 5666 τὴν
3520 5593 3644 5664 γῆν,

2069 5688 2236 5756 ἤγουν
2263 5687 2678 5758 διανεμηθῆναι,
2705 5688 2797 5743 καὶ
2823 5688 3179 5760 ἐσκορπίσθαι
3203 5687 3377 5744 δοκεῖν
3401 5685 3649 5758 πανταχῆ
