4120 6376
487 371 586 426 193

1295 363 1849 420 COMMENTARIUS
1895 363 1956 417 IN
2000 349 2405 419 ZACllARlAM
2444 352 2901 421 PROPHETAM.

3654 363 3758 418 ιοι

483 488 572 540 τὸν
598 484 728 556 περὶ
760 483 995 554 Χριστοῦ
1026 482 1206 550 λόγον,
1233 482 1351 551 ῆτοι
1377 482 1437 533 τὸ
1457 483 1730 552 ,κήρυγμα
1755 481 1815 534 τὸ
1843 482 2070 549 εὐαγγε-

2181 500 2199 534 ι
2240 483 2601 552 Dissipabitur
2633 485 2685 536 in
2717 486 2804 537 die
2840 485 2985 549 illa,»
3014 485 3114 538 hoc
3140 483 3350 549 est,iilo
3379 490 3620 552 tempore
3648 497 3754 550 quo

482 576 650 628 λικόν.
712 593 729 624 ι
759 572 1193 642 Σκεδασθήσεται
1241 572 1372 641 γὰρ,
1417 573 1612 641 φησὶν,
1662 574 1720 623 ὲν
1768 574 1834 642 τῇ
1887 572 2070 642 ἡμέρᾳ

482 666 688 738 ἐκείνῃ,
722 683 741 716 ι
789 663 1054 728 τουτέστι,
1087 665 1208 717 κατ’
1242 665 1448 716 ἐκεῖνον
1482 664 1574 716 τὸν
1606 663 1816 734 καιρὸν,
1859 664 1979 716 καθ’
2010 664 2071 716 δν

483 759 550 812 ἂν
578 758 827 828 πατήσας
854 755 947 810 τοῦ
981 755 1210 810 Θανάτου
1233 756 1295 808 τὸ
1318 757 1518 826 κράτος
1542 755 1787 826 ἁναόιῴη
1813 755 2064 828 Χριστὸς,

484 852 610 922 είπῃ
631 868 689 903 τε
709 853 825 914 τοῖς
853 849 1205 912 ἀποστόλοις*
1239 868 1258 899 ι
1291 848 1654 920 Πορευθέντες
1689 846 2068 917 μαθητεύσατε

483 943 660 996 πάντα
692 942 759 996 τὰ
788 941 936 1012 ἔθνη,
965 939 1316 1011 βαπτίζοντες
1344 941 1542 1002 αὑτοὺς
1567 942 1648 1002 είς
1683 939 1742 992 τὸ
1778 939 1948 1008 ὄνομα
1970 937 2067 991 τοῦ

483 1035 715 1103 Πατρὸς,
746 1034 842 1087 καὶ
882 1033 976 1086 τοῦ
1015 1031 1166 1094 Υἱοῦ,
1204 1033 1299 1084 καὶ
1344 1031 1440 1084 τοῦ
1487 1032 1644 1099 ἁγίου
1678 1032 2013 1100 Πνεύματος.
2042 1049 2061 1080 ι

481 1126 616 1178 Τότε
645 1126 753 1196 γὰρ
780 1125 884 1178 ἀνὰ
910 1127 1091 1178 πᾶσαν
1124 1123 1221 1190 τὴν
1259 1124 1350 1176 ὑπ’
1378 1123 1607 1193 οὐρανὸν
1633 1126 1660 1176 ὁ
1687 1121 1781 1175 τοῦ
1816 1123 2068 1192 Σωτῆρος

481 1217 637 1288 ἡμῶν
668 1215 1057 1284 διαπεφοίτηκε
1101 1215 1258 1283 λόγος
1278 1231 1291 1244 ⁸
1327 1215 1422 1268 καὶ
1469 1215 1704 1285 ἀτρεκὲς
1736 1215 1910 1266 εἰπεῖν
1939 1216 2068 1283 περὶ

479 1310 589 1362 τῶν
624 1309 794 1378 ἁγίων
827 1309 1168 1362 ἀποστόλων⁸
1218 1327 1237 1358 ι
1268 1308 1362 1370 Εἰς
1387 1308 1566 1360 πᾶσαν
1585 1306 1684 1378 τὴν
1711 1307 1814 1376 γῆν
1842 1304 2067 1376 ἐξῆλθεν

478 1403 510 1454 ὁ
534 1400 770 1470 φθόγγος
806 1400 1004 1463 αὐτῶν,
1042 1401 1137 1452 καὶ
1169 1401 1249 1462 είς
1275 1400 1344 1452 τὰ
1374 1399 1586 1470 πέρατα
1616 1399 1715 1468 τῆς
1743 1399 2068 1468 οἰκουμένης

480 1492 549 1545 τὰ
583 1494 804 1566 ῥήματα
833 1491 1034 1546 αὐτῶν.
1069 1491 1220 1544 »Ὅτι
1245 1490 1302 1543 δὲ
1327 1491 1427 1544 οὑκ
1457 1491 1717 1561 ἀνόνητον
1749 1491 1862 1551 τοῖς
1889 1488 2066 1541 ἔθνεσι

479 1587 542 1640 τὸ
569 1585 934 1657 ἀπορριφῆναί
971 1601 1031 1637 τε
1070 1584 1164 1636 καὶ
1192 1583 1648 1653 διασκεδασθῆναι
1679 1581 1784 1635 ἀνὰ
1811 1581 1910 1653 τὴν
1938 1582 2064 1651 γῆν,

480 1679 646 1747 ἤγουν
683 1676 1076 1747 διανεμηθῆναι
1131 1677 1228 1730 καὶ
1259 1678 1316 1730 ἐν
1347 1678 1468 1738 ταῖς
1513 1674 1692 1728 αὑτῶν
1723 1674 1932 1745 χώραις
1966 1675 2066 1742 τὴν

483 1769 676 1839 ῥάϐδον
702 1769 799 1840 τὴν
826 1769 1018 1837 καλὴν,
1042 1769 1160 1840 ἦτοι
1189 1768 1290 1839 τὴν
1311 1767 1607 1838 Διαθήκην,
1630 1767 1698 1837 ἢν
1723 1767 1906 1818 οὐκέτι
1931 1766 2067 1835 πρὸς

485 1861 643 1930 μόνον
667 1862 759 1914 τὸν
799 1860 1032 1932 Ἰσραὴλ,
1069 1859 1272 1913 διέθετο
1294 1859 1351 1913 δὲ
1389 1859 1589 1930 μᾶλλον
1628 1859 1766 1929 πρὸς
1793 1858 1969 1911 πάντα
1999 1858 2069 1910 τὰ

482 1952 629 2024 ἔθνη,
660 1952 1113 2025 καταθρήσαιμεν
1147 1952 1238 2017 ἂν,
1281 1953 1378 2004 καὶ
1411 1951 1532 2004 λίαν
1567 1952 1824 2021 ἀμογητὶ.
1853 1951 1944 2003 τὸν
1968 1952 2068 2021 τῆς

419 2020 426 2036 Ι
479 2020 816 2116 προιρητείας
838 2020 1110 2107 συνιέντες
1133 2044 1292 2112 λόγον
1313 2057 1326 2070 ·
1356 2063 1374 2094 ι
1398 2020 1702 2096 Γνώσονται
1725 2043 1853 2114 γὰρ,
1877 2020 2064 2112 φησὶν,

479 2137 532 2189 oi
577 2137 872 2190 Χαναναῖοι
915 2135 991 2188 τὰ
1036 2135 1442 2204 φυλασσόμενα,
1474 2133 1608 2186 διότι
1651 2133 1810 2201 λόγος
1861 2133 2065 2203 Κυρίου

480 2229 618 2284 ἐστί.
649 2249 668 2282 ι
705 2228 1051 2288 Χαναναίους
1083 2228 1181 2299 μὲν
1222 2229 1329 2300 γὰρ
1363 2229 1433 2281 τὰ
1461 2227 1588 2298 ἔθνη
1617 2227 1772 2298 φησί.
1802 2226 2066 2296 Νοηθεῖεν

479 2323 522 2374 δ’
549 2321 616 2376 ἂν
645 2314 791 2376 οὗτοι
819 2320 1066 2392 πρόϐατα
1093 2322 1161 2375 τὰ
1194 2320 1576 2390 φυλασσόμενα
1598 2319 1676 2390 τῷ
1695 2318 1936 2390 Χριστῷ.
1963 2319 2066 2371 Τε-

478 2415 744 2486 τήρηνται
797 2414 904 2484 γάρ
950 2411 1130 2482 αὑτῷ·
1164 2414 1258 2466 καὶ
1298 2413 1406 2481 γάρ
1449 2431 1468 2462 ι
1498 2413 1645 2464 ἐστιν
1692 2411 1852 2474 αὐτὸς
1890 2413 1922 2481 ἡ
1959 2410 2066 2464 τῶν

479 2503 649 2558 ἐθνῶν
676 2504 992 2576 προσδοκία.
1032 2522 1050 2554 ι
1092 2503 1313 2573 Ἐπειδὴ
1349 2504 1406 2556 δὲ
1444 2502 1853 2572 κατεσκεδάσθη
1885 2502 1979 2554 καὶ
2008 2503 2066 2554 ἐν

477 2600 598 2661 ταῖς
645 2596 822 2651 αὐτῶν
854 2597 1060 2668 χώραις
1106 2598 1139 2667 ἡ
1179 2596 1318 2666 πρὸς
1363 2596 1574 2658 πάντας
1614 2596 1871 2667 διαθήκη,
1902 2612 2066 2647 πεπι-

481 2685 768 2741 στεύκασιν
797 2706 814 2738 ι
842 2688 922 2740 ὄτι
945 2687 1098 2756 λόγος
1125 2689 1339 2758 Κυρίου.
1357 2688 1493 2740 ἐστί.
1526 2707 1544 2738 ι
1573 2687 1934 2758 Διατιθέμεθα
1957 2688 2066 2759 γὰρ

479 2783 527 2833 el
561 2781 621 2845 ἐξ
650 2780 818 2834 ὲθνῶν
851 2780 1177 2850 κεκλημένοι
1208 2779 1296 2832 διὰ
1329 2781 1431 2850 τῆς
1459 2780 1716 2842 πίστεως,
1747 2780 1830 2832 ὅτι
1863 2780 2067 2851 Κύριος

477 2874 571 2936 ὢν,
611 2875 704 2928 καὶ
746 2876 812 2927 ἐκ
863 2873 998 2926 Θεοῦ
1051 2872 1191 2926 κατὰ
1236 2872 1399 2940 φύσιν
1436 2872 1833 2942 γεγεννημένος
1872 2888 1933 2924 τε
1973 2873 2069 2924 καὶ

479 2964 741 3034 ὑπάρχων
765 2966 793 3017 ὁ
816 2963 1114 3034 μονογενὴς
1141 2966 1235 3014 τοῦ
1261 2961 1397 3014 Θεοῦ
1424 2962 1619 3030 Λόγος,
1638 2961 1800 3024 αὑτὸς
1821 2963 1967 3031 ἡμᾶς
1989 2961 2069 3013 δι’

479 3054 675 3107 ἑαυτοῦ
701 3054 828 3117 τοῦς
867 3054 1046 3116 θείους
1079 3069 1139 3105 τε
1187 3053 1282 3106 καὶ
1309 3051 1700 3119 εὑαγγελικοὺς
1735 3049 2068 3120 προσπεφώ-

2173 575 2710 630 couculcatoauortis
2743 579 2969 644 imperio
3007 578 3056 629 iu
3096 578 3259 630 vitam
3290 577 3541 630 Christus
3581 577 3755 630 redie-

2174 669 2264 729 rit,
2295 668 2741 737 mandaveritque
2769 671 3026 737 apostolis
3061 687 3074 722 :
3114 687 3133 720 ι
3177 669 3380 722 Euntes
3413 668 3600 722 docete
3631 683 3752 722 om—

2172 773 2271 812 nes
2303 768 2511 828 gentes,
2546 761 2889 828 baptizantes
2915 778 3009 816 eas
3049 762 3103 815 in
3171 762 3391 815 nomine
3453 759 3654 824 Patris,
3699 769 3756 813 et

2173 851 2317 914 Filii,
2346 861 2399 903 et
2438 851 2673 918 Spiritus
2707 855 2966 908 sancti”.
3005 873 3023 906 ›
3065 853 3216 908 Tunc
3264 854 3406 908 enim
3441 861 3610 906 letum
3656 853 3756 904 sub

2171 941 2284 994 sole
2321 944 2576 994 mundum
2620 957 2800 998 sermo
2831 943 3128 998 Salvatoris
3157 945 3324 996 nostri
3365 943 3604 1012 pervasit
3636 960 3652 1007 ;
3702 950 3757 995 et

2173 1043 2227 1087 ttt
2263 1048 2449 1086 verum
2479 1034 2546 1086 de
2582 1035 2783 1088 Silht‘JiS
2814 1037 3071 1104 apostolis
3103 1037 3375 1091 dicamus:
3404 1055 3422 1086 ‹
3460 1035 3516 1089 ln
3539 1050 3753 1088 omnem

2173 1135 2371 1177 terram
2405 1126 2575 1178 exivit
2608 1141 2776 1179 sonus
2816 1144 3024 1192 eorum,
3056 1137 3110 1182 et
3139 1128 3189 1180 in
3229 1144 3418 1181 omnes
3449 1130 3580 1182 lines
3606 1127 3755 1181 orbis

2172 1224 2329 1268 terra:
2355 1215 2516 1267 verba
2555 1229 2743 1268 eorum
2779 1217 2850 1268 ί.»
2898 1217 3014 1270 Νοιι
3049 1225 3227 1270 autem
3253 1219 3368 1271 sine
3389 1219 3627 1287 gentium
3647 1215 3754 1270 fru-

2170 1316 2282 1371 ctu,
2313 1305 2607 1375 projectam
2641 1317 2696 1359 et
2741 1323 2838 1376 per
2873 1317 3072 1362 terram
3128 1310 3463 1377 dissipatam,
3513 1309 3628 1362 sive
3661 1323 3756 1377 per

2169 1411 2353 1450 earum
2385 1400 2633 1466 regiones
2668 1399 3013 1454 distributam
3043 1416 3164 1454 esse
3219 1403 3426 1469 virgam
3471 1401 3752 1470 pulchram

2169 1490 2284 1543 sive
2301 1488 2729 1556 Testamentum,
2748 1495 2890 1561 quod
2921 1510 3024 1546 non
3052 1494 3281 1562 amplius
3295 1495 3544 1548 adsolum
3563 1493 3750 1558 Israel,

2169 1583 2263 1634 sed
2292 1580 2360 1634 ad
2397 1595 2587 1634 omnes
2621 1593 2809 1650 gentes
2855 1585 3032 1652 potius
3063 1586 3347 1654 disposuit,
3367 1586 3513 1640 nullo
3540 1587 3754 1656 negotio

2169 1687 2236 1725 ex
2278 1671 2636 1742 intelligentia
2680 1675 2967 1729 verborum
3031 1679 3308 1746 propheta:
3345 1679 3751 1747 perspiciemus.

2169 1763 2258 1816 Ait
2287 1763 2431 1817 enim
2463 1780 2477 1816 :
2515 1782 2533 1813 r
2573 1762 2641 1816 Et
2670 1778 2996 1832 cognoscent
3020 1768 3310 1822 Chunanaei
3339 1784 3470 1822 oves
3497 1785 3615 1837 qua:
3645 1770 3749 1824 ob-

2099 1838 2141 1892 Β
2170 1864 2388 1908 servant
2418 1872 2523 1921 me,
2552 1858 2678 1926 qttia
2714 1858 2949 1928 .verburn
2987 1859 3193 1914 Domini
3218 1870 3320 1914 est.
3355 1880 3373 1912 ι
3415 1860 3754 1916 Ειιοιιειηωοσ

2167 1947 2311 2000 enim
2342 1959 2500 2001 vocat
2528 1959 2738 2016 gentes.
2773 1951 2950 2019 Atque
2987 1953 3038 2005 hi
3073 1964 3300 2022 possunt
3355 1954 3577 2019 intelligi
3619 1969 3750 2009 oves

2168 2038 2441 2093 Christum
2501 2042 2869 2096 observantes.
2932 2042 3303 2098 Observarunt
3355 2047 3498 2099 enim
3551 2047 3749 2111 illum;

2168 2133 2368 2185 etenim
2418 2152 2436 2182 ι
2469 2134 2580 2201 ipse
2615 2146 2700 2190 est
2731 2137 3068 2204 exspectatio
3097 2139 3423 2206 gentium’.»
3460 2138 3750 2208 Postquam

2169 2235 2348 2279 autem
2376 2226 2697 2297 dissipatura
2734 2241 2818 2282 est
2845 2230 3010 2283 etiam
3069 2230 3127 2285 in
3179 2245 3370 2285 eorum
3442 2233 3752 2302 regionibus

2171 2326 2555 2373 testamentum
2591 2321 2656 2373 ad
2695 2336 2903 2385 omnes,
2927 2322 3274 2376 crediderunt
3302 2341 3320 2373 ι
3352 2324 3476 2393 quia
3526 2324 3750 2378 verbum

2168 2410 2380 2466 Domini
2421 2423 2558 2466 est.»
2601 2412 2882 2467 Sensimus
2911 2415 3054 2468 enim
3093 2417 3234 2483 apud
3263 2418 3476 2469 animos
3510 2432 3574 2470 ex
3621 2433 3752 2486 gen-

2172 2505 2316 2559 tibus
2346 2507 2519 2560 voeati
2549 2521 2642 2574 per
2673 2507 2858 2570 Iidem,
2901 2507 3184 2561 Dominum
3235 2523 3391 2573 esse,
3426 2519 3480 2562 et
3525 2524 3587 2562 ex
3644 2509 3753 2563 Deo

2170 2599 2464 2652 secundum
2497 2611 2744 2652 naturam
2779 2609 2986 2665 natum,
3032 2609 3088 2654 et
3123 2601 3456 2669 unigenitum
3490 2599 3582 2654 Dei
3613 2601 3751 2655 Ver-

2170 2687 2294 2741 bum
2323 2688 2498 2756 ipsum
2558 2705 2654 2757 per
2709 2689 2926 2744 divinos
2981 2701 3036 2744 et
3088 2692 3424 2761 evangelicos
3474 2708 3753 2747 sermones

2169 2793 2296 2832 suos
2321 2793 2419 2832 nos
2444 2779 2756 2834 allocutum.
2783 2781 2963 2846 Quare
3001 2781 3176 2850 ipsum
3208 2783 3572 2846 adoravimus,
3592 2785 3752 2852 eique

2169 2868 2458 2932 servimus,
2493 2869 2666 2922 veteri
2701 2869 2791 2921 illo
2825 2881 2880 2922 et
2918 2871 3147 2937 inglorio
3171 2887 3361 2926 errore
3391 2874 3672 2936 derelicto,
3699 2883 3754 2928 et

2171 2958 2420 3014 allectum
2465 2961 2532 3014 ad
2576 2962 2773 3015 multos
2831 2963 2964 3015 deos
2995 2963 3250 3017 colendos
3287 2965 3526 3020 deducti.
3581 2965 3756 3034 Atque

2169 3049 2273 3104 hoc
2331 3063 2433 3114 est,
2459 3053 2602 3119 quod
2651 3066 2746 3106 ore
2799 3053 3020 3108 Davidis
3080 3055 3154 3108 illi
3208 3057 3456 3110 canitur:
3495 3075 3513 3108 ‹
3554 3056 3756 3112 Omnes

478 3161 609 3215 νηκε
641 3143 852 3212 λόγους.
887 3144 1158 3214 Ταύτῃτοι
1201 3142 1730 3212 προσκεκυνήκαμεν
1771 3139 1940 3210 αὐτῷ,
1970 3142 2066 3194 καὶ

2170 3150 2356 3210 gentes
2382 3158 2519 3212 quas
2550 3142 2728 3198 fecisti
2759 3145 3001 3208 venient,
3030 3154 3084 3200 et
3119 3145 3423 3201 adorabunt
3458 3163 3643 3201 coram
3678 3160 3751 3212 te,

477 3235 625 3304 αὐτῷ
672 3234 1028 3306 λατρεύομεν,
1060 3234 1158 3304 τὴν
1205 3232 1439 3302 ἀρχαίαν
1485 3232 1702 3303 ἐκείνην
1755 3233 1847 3284 καὶ
1893 3231 2066 3286 ἀκλεᾶ

2174 3235 2398 3289 Domine
2424 3234 2621 3289 ³.-Ιη
2659 3235 2876 3290 nomine
2915 3235 3197 3291 enimJesu
3218 3238 3594 3293 Christiomne
3614 3256 3754 3308 genu

481 3325 736 3395 μεθέντες
763 3324 996 3394 ἀπάτην,
1015 3324 1110 3378 καὶ
1137 3323 1234 3393 τὴν
1265 3321 1527 3376 πολύθεον
1548 3321 1661 3387 ἕξιν
1686 3322 2066 3394 μεταδεδιδαγ-

2170 3325 2437 3391 ﬂectetur,
2470 3327 2771 3382 cmlestium
2797 3367 2814 3390 ,
2845 3331 3186 3383 terrestrium
3216 3341 3272 3384 et
3306 3332 3640 3386 infernorum
3659 3371 3676 3395 ,
3702 3342 3758 3387 et

481 3417 648 3487 μένοι.
692 3419 801 3470 Καὶ
845 3417 1005 3469 τοῦτο
1063 3411 1131 3488 ἦν
1174 3416 1283 3486 ἄρα
1328 3415 1390 3468 τὸ
1437 3415 1526 3470 διὰ
1558 3417 1742 3487 φωνῆς
1773 3416 1869 3469 τοῦ
1901 3416 2071 3470 Δαϐὶδ

2170 3422 2347 3475 omnis
2381 3421 2560 3490 lingua
2587 3420 2896 3487 confitetur,
2917 3422 3042 3491 quia
3058 3423 3316 3478 Dominus
3327 3423 3356 3477 J
3363 3439 3487 3480 esus
3507 3423 3757 3479 Christus

479 3511 614 3583 πρὸς
635 3512 797 3565 αὑτὸν
819 3510 1153 3582 ὑμνούμενον
1179 3525 1192 3539 ⁸
1232 3529 1249 3561 ι
1278 3509 1463 3563 Πάντα
1497 3510 1566 3563 τὰ
1597 3508 1724 3580 ἔθνη
1755 3509 1854 3563 ὅσα
1878 3509 2068 3579 ἐποίη-

2173 3508 2224 3560 in
2261 3507 2430 3576 gloria
2460 3518 2544 3562 est
2573 3508 2666 3562 Dei
2699 3508 2877 3563 Patris
2903 3510 2946 3567 ⁸.
2984 3527 3003 3561 ι

479 3629 596 3676 σας,
633 3609 845 3682 ἥξουσι,
876 3611 970 3664 καὶ
1013 3610 1484 3681 προσκυνήσουσιν
1551 3609 1782 3663 ἐνώπιόν
1829 3627 1944 3673 σου,
1977 3609 2174 3680 Κύριε.
2207 3636 2279 3648 -
2330 3608 2419 3662 Ἐν
2448 3609 2558 3679 γὰρ
2580 3609 2659 3680 τῷ
2718 3609 2943 3680 ὀνόματι
2988 3611 3163 3682 Ἰησοῦ
3231 3611 3468 3681 Χριστοῦ
3498 3610 3607 3664 πᾶν
3626 3610 3755 3679 γόνυ

477 3703 704 3774 κάμψει,
732 3704 1090 3772 ἐπουρανίων,
1120 3704 1213 3756 καὶ
1238 3702 1519 3770 ἐπιγείων,
1543 3705 1638 3755 καὶ
1666 3700 2057 3772 καταχθονίων,
2099 3701 2194 3755 καὶ
2225 3702 2374 3754 πᾶσα
2437 3700 2660 3768 γλῶσσα
2691 3703 3163 3775 ἐξομολογήσεται,
3223 3705 3303 3756 ὅτι
3328 3688 3534 3774 Κῗριος
3548 3705 3757 3776 Ἰησοῦς

474 3795 728 3868 Χριστὸς,
757 3796 837 3857 είς
863 3793 1020 3858 δόξαν
1053 3795 1187 3847 Θεοῦ
1221 3796 1456 3866 Πατρός.
1491 3813 1512 3847 ι

542 3888 654 3943 Καὶ
686 3887 798 3958 ἐρῶ
822 3889 972 3957 πρὸς
996 3890 1220 3954 αὐτούς
1238 3905 1252 3919 ·
1283 3892 1349 3942 Ei
1381 3887 1572 3942 καλὸν
1599 3886 1858 3940 ἐνώπιον
1887 3887 2056 3956 ὑμῶν

474 3980 627 4044 ἐστι,
655 3978 792 4033 δότε
824 3981 1166 4049 στήσαντες
1197 3981 1302 4034 τὸν
1328 3981 1552 4049 μισθόν
1569 3995 1709 4048 μου,
1736 3979 1775 4046 ἣ
1801 3979 2056 4032 ἀπείποι·

473 4071 602 4123 σθε.
632 4069 742 4124 Καὶ
776 4068 1051 4137 ἔστησαν
1083 4072 1191 4124 τὸν
1210 4071 1434 4140 μισθόν
1454 4085 1574 4137 μου
1615 4067 1932 4136 τριάκοντα
1955 4069 2058 4136 ἀρ-

475 4159 714 4231 γυροῦς.
749 4163 857 4217 Καὶ
879 4163 1009 4216 εἷπε
1034 4163 1250 4230 Κύριος
1281 4161 1432 4229 πρός
1447 4177 1526 4228 με
1548 4175 1564 4190 ο
1606 4157 1797 4225 Κάθες
1834 4159 2059 4225 αὐτοὺς

2167 4162 2385 4231 triginta
2470 4169 2765 4230 argenteas.

2237 3885 2399 3956 166
2435 3882 2592 3938 Vens.
2635 3885 2722 3948 12,
2755 3885 2841 3939 15.
2865 3884 2934 3938 Et
2959 3885 3130 3939 dicam
3153 3886 3222 3939 ad
3247 3902 3333 3941 eos
3355 3903 3375 3941 .'
3401 3886 3464 3942 Si
3487 3888 3676 3944 bonum
3700 3893 3755 3946 in

2165 3984 2442 4043 conspectu
2516 3985 2684 4028 uestro
2757 3985 2870 4036 est,
2937 3976 3062 4030 date
3119 3986 3408 4032 statuentes
3468 3983 3754 4036 mercedem

2165 4085 2354 4131 nteant,
2402 4077 2497 4121 aut
2536 4069 2808 4138 quiescite.
2837 4066 2907 4122 Et
2953 4078 3251 4123 statuerunt
3275 4073 3560 4125 mercedem
3584 4089 3753 4128 meam

2860 4158 2930 4212 Et
2995 4160 3129 4213 dixit
3188 4160 3445 4215 Dominus
3505 4163 3576 4216 ad
3632 4181 3755 4221 me:

473 4257 562 4320 εις
585 4254 654 4308 τὸ
679 4255 1105 4324 χωνευτήριον,
1125 4254 1222 4308 καὶ
1239 4253 1541 4322 σκέψομαι
1561 4254 1610 4305 εί
1631 4251 1880 4321 δόκιμον
1903 4253 2056 4315 ἐστι,

2167 4251 2376 4320 Depone
2415 4269 2502 4306 eos
2542 4254 2599 4306 in
2644 4253 3041 4321 rouﬂatorium,
3081 4260 3131 4305 et
3165 4253 3368 4314 videbo.
3408 4255 3455 4307 si
3475 4255 3752 4320 probatum

474 4344 549 4398 ὃν
573 4346 797 4414 τρόπον
825 4347 1236 4416 ἐδοκιμάσθην
1261 4346 1414 4412 ὑπὲρ
1451 4344 1669 4398 αὐτῶν.
1701 4342 1808 4397 Καὶ
1841 4343 2062 4397 ἔλαϐον

2167 4354 2241 4399 est
2267 4387 2283 4411 ,
2335 4346 2472 4399 sicut
2530 4344 2785 4412 probatus
2825 4361 2943 4397 sum
2985 4360 3142 4414 super
3179 4346 3273 4399 eis.
3316 4344 3387 4399 Et
3435 4349 3608 4413 accepi
3651 4352 3754 4402 tri-

472 4438 614 4503 τοὺς
650 4438 969 4508 τριάκοντα
1011 4438 1330 4508 ἀργυροῦς,
1360 4438 1458 4490 καί
1507 4437 1797 4490 ἐνέϐαλον
1837 4436 2060 4501 αὐτοὺς

2167 4438 2311 4505 ginta
2351 4446 2720 4506 argenteos,et
2768 4438 2889 4490 misi
2945 4452 3031 4490 eos
3076 4437 3131 4489 in
3173 4437 3386 4490 domum
3434 4436 3672 4502 Domini,
3697 4442 3752 4493 iu

472 4534 560 4596 εις
585 4531 692 4584 τὸν
720 4528 890 4585 οἶκον
921 4531 1146 4599 Κυρίου
1171 4531 1258 4595 είς
1289 4529 1357 4582 τὸ
1386 4529 1809 4614 χωνευτήριοοᾴ.

542 4621 670 4678 HB’.
713 4621 811 4676 Διὰ
838 4621 948 4675 τῶν
974 4618 1349 4689 εὑαγγελικῶν
1379 4618 1791 4687 θεσπισμάτων,
1820 4617 1938 4687 ῆτοι
1971 4615 2059 4668 διὰ

469 4717 568 4786 τῆς
596 4715 793 4786 ῥάϐδου
823 4714 922 4784 τῆς
977 4713 1172 4783 καλῆς,
1203 4711 1452 4764 τουτέστι
1479 4711 1576 4780 τῆς
1609 4709 1890 4779 ὲξαιρέτου
1930 4725 2059 4762 παι-

2164 4528 2554 4588 con/latorium.

2234 4615 2498 4670 LXXXII.
2525 4615 2631 4670 Per
2680 4615 2996 4683 evangelica
3029 4617 3272 4681 oracula,
3315 4617 3431 4671 sive
3487 4632 3583 4686 per
3643 4620 3754 4672 vir-

2162 4722 2286 4777 gam
2355 4709 2640 4771 decoram,
2707 4709 2812 4763 hoc
2855 4717 2942 4762 est
2985 4723 3096 4781 per.
3162 4709 3416 4763 eximiam
3463 4710 3753 4764 institutio.

401 4851 408 4858 .
468 4806 635 4870 δείας,
661 4807 761 4877 τῆς
809 4807 946 4876 μετὰ
992 4803 1194 4876 σαρκὸς
1238 4801 1551 4872 οἰκονομίας
1594 4800 1689 4854 τοῦ
1718 4800 2058 4868 Μονογενοῦς

2167 4813 2306 4862 nem,
2343 4799 2661 4854 oeconomiae
2695 4814 2816 4853 cum
2865 4814 3033 4854 carne
3086 4798 3363 4868 Unigeniti
3426 4802 3744 4868 mysteriqu

470 4897 883 4966 πεπαιδεύμεθα
925 4897 987 4950 τὸ
1040 4897 1358 4967 μυστήριον.
1421 4892 1762 4964 Ἀκηκόαμεν
1805 4892 1913 4964 γὰρ
1960 4891 2055 4944 καὶ

2167 4891 2466 4948 didicimus.
2490 4892 2808 4947 Audivinms
2824 4894 2969 4946 enim
3000 4902 3054 4946 et
3077 4892 3432 4956 credidimus,
3461 4893 3602 4962 quod
3625 4907 3748 4946 cum

470 4986 938 5057 πεπιστεύκαμεν,
976 4987 1058 5039 ὅτι
1104 4985 1235 5049 Θεὸς
1282 4984 1380 5049 ὣν,
1417 4983 1490 5046 ὼς
1535 4982 1692 5052 ἔφην,
1725 4983 1754 5034 ὁ
1800 4984 1864 5036 ὲκ
1918 4981 2052 5036 Θεοῦ

2167 4995 2307 5037 esset
2338 4985 2498 5049 Deus,
2528 4985 2745 5049 uttlixi,
2776 5001 2843 5040 ex
2887 4986 2997 5040 Deo
3051 4985 3215 5040 Patre
3273 4984 3514 5040 Verbum
3571 4983 3748 5040 tactus

469 5079 684 5150 Πατρός
734 5079 925 5147 Λόγος,
970 5078 1164 5147 γέγονε
1217 5075 1397 5148 σὰρξ,
1448 5094 1467 5127 ‹
1495 5075 1592 5130 καὶ
1641 5076 1949 5145 ἐσκήνωσεν
1995 5076 2054 5127 ἐν

2167 5075 2232 5129 sit
2253 5089 2404 5140 caro,
2432 5093 2452 5128 ι
2473 5085 2529 5130 et
2560 5076 2884 5133 habitaverit
2922 5079 2977 5134 in
3016 5079 3174 5133 nobis
3199 5080 3241 5140 ⁵,
3283 5096 3302 5129 ι
3331 5077 3650 5148 veneritque
3693 5082 3747 5132 in

470 5173 620 5242 ἡμῖν,
651 5189 670 5224 ι
710 5170 965 5226 καθίκετο
1011 5186 1071 5222 τε
1115 5170 1174 5222 ὲν
1206 5167 1393 5223 δούλου
1449 5171 1652 5240 μορφῇ,
1702 5168 1962 5240 ὑπάρχων
1996 5171 2054 5222 ἐν

2167 5167 2334 5222 l'orma
2359 5170 2521 5234 servi,
2543 5171 2635 5239 qui
2665 5180 2749 5226 est
2781 5171 2832 5226 in
2855 5170 3027 5226 forma
3051 5181 3106 5226 et
3128 5170 3438 5240 aequalitate
3454 5167 3744 5232 Genitoris,

473 5265 652 5336 μορφῇ
686 5265 781 5318 καὶ
813 5263 1016 5334 ἰσότητι
1047 5262 1141 5317 τοῦ
1195 5262 1604 5332 γεγεννηκότος,
1641 5279 1661 5312 ι
1697 5261 1921 5329 γέγονεν
1948 5262 2052 5314 ὑπ-

2167 5278 2186 5312 ι
2225 5269 2280 5316 et
2318 5260 2496 5318 factus
2531 5263 2606 5317 sit
2637 5264 2898 5319 obediens
2943 5279 3114 5335 usque
3138 5265 3204 5318 ad
3237 5270 3486 5327 mortem,
3514 5271 3745 5316 mortem

467 5359 631 5427 ήκοος
657 5356 818 5428 μέχρι
841 5356 1100 5418 θανάτου,
1131 5354 1363 5408 θανάτου
1392 5353 1450 5407 δὲ
1474 5351 1704 5423 σταυροῦ
1721 5369 1736 5384 ·
1773 5352 1866 5406 καὶ
1891 5351 2052 5405 πλού-

2167 5366 2342 5411 autem
2381 5355 2563 5410 crucis
2585 5355 2606 5387 ‘
2640 5373 2654 5421 ;
2683 5365 2886 5411 etcum
2922 5355 3075 5410 dives
3101 5361 3268 5417 esset,
3301 5351 3480 5407 factus
3521 5351 3592 5405 sit
3619 5366 3744 5422 ege-

467 5465 582 5513 σιος
631 5447 1064 5519 ὣν,ὲπτὼχευσε
1110 5447 1178 5500 δι’
1209 5448 1378 5518 ἡμᾶς,
1427 5445 1514 5498 ἵνα
1561 5446 1722 5514 ἡμεῖς
1775 5447 1841 5515 τῇ
1887 5445 2050 5498 αὑτοῦ

2167 5465 2281 5513 nus,
2307 5458 2368 5503 ut
2397 5465 2495 5503 nos
2557 5447 2675 5517 ejus
2702 5449 2880 5516 inopia
2905 5449 3202 5502 rlitaremur
3234 5447 3310 5501 ’.ι
3341 5444 3554 5498 Exemit
3598 5445 3742 5499 enim

466 5541 714 5613 πτωχείᾳ
741 5542 1154 5614 πλουτήσωμεν.
1191 5559 1209 5592 ι
1231 5538 1496 5604 Ἔξείλετο
1517 5539 1627 5610 γὰρ
1652 5540 1798 5609 ἡμᾶς
1821 5538 1930 5593 τῶν
1956 5539 2046 5592 τοῦ

2167 5556 2256 5597 nos
2305 5556 2336 5596 e
2365 5540 2598 5596 vinculis
2623 5541 2838 5604 mortis,
2874 5539 3124 5595 liberavit
3149 5553 3180 5592 a
3214 5544 3461 5607 peccato,
3489 5535 3631 5591 filios
3651 5534 3742 5590 Dei

538 5725 586 5760 θ’
617 5723 810 5778 Matth.
841 5731 1033 5784 xxvnt.
1065 5724 1154 5786 19.
1179 5723 1270 5777 20.
1358 5723 1395 5794 Α¹
1424 5720 1567 5778 Psal.
1592 5737 1768 5794 _xvtu,
1797 5722 1850 5776 5.
1952 5723 2142 5794 εαξη.
2171 5742 2319 5794 mar,
2353 5725 2442 5781 10.
2523 5725 2543 5757 ³
2572 5723 2714 5794 Psal.
2754 5738 2954 5786 Lxxxv,
2983 5722 3036 5779 l.
3116 5723 3132 5754 ⁸
3158 5720 3391 5792 Philipp.
3421 5735 3480 5786 tt,
3511 5717 3597 5786 10,
3639 5715 3728 5774 id.

469 5797 489 5828 '
517 5795 673 5852 Joan.
711 5811 746 5859 l,
775 5795 861 5850 14.
940 5797 960 5827 ⁸
991 5794 1224 5865 Philipp.
1254 5809 1316 5860 ιι,
1347 5791 1461 5848 6-8.
1508 5794 1557 5880 -τ
1592 5791 1633 5847 ll
1673 5793 1801 5849 Cor.
1831 5807 1948 5859 vnt,
1977 5793 2030 5853 9.
2306 5789 2313 5794 ’
2681 5789 2690 5804 ’
