4120 6376
406 369 510 427 195

1431 367 1494 422 S.
1535 364 1808 422 CYlilLLl
1847 363 2319 420 ALEXANDRlNl
2360 366 2679 422 ARCIHEP.

3563 371 3666 426 196

401 488 652 554 reddidit,
679 496 731 543 et
757 489 884 558 quid
919 503 1021 542 non
1053 489 1314 542 bonorum
1349 489 1562 542 tandem
1600 489 1752 543 nobis
1807 491 1957 544 donat

2083 488 2313 542 θανάτου
2336 488 2574 559 δεσμῶν,
2595 488 2900 561 ἀπήλλαξεν
2923 490 3217 561 ἁμαρτίας,
3247 491 3395 555 υἱοὺς
3417 489 3662 562 ἀπέφηνε

396 580 512 634 vit?
539 580 898 651 Cognovimus
938 589 1195 649 prmterea
1229 595 1324 635 nos
1379 591 1586 648 emptos
1637 597 1776 645 esse,
1815 599 1833 631 ι
1872 597 1979 635 non

398 672 845 741 corruptibilibus
929 686 1062 725 auro
1107 672 1187 724 vel
1241 682 1512 740 argento,
1593 678 1688 726 sed
1744 673 1980 740 pretioso

397 763 660 832 sanguine
699 763 853 833 quasi
917 765 1038 834 agni
1089 763 1500 818 incontaminati
1550 775 1602 819 et
1646 765 1975 819 immaculati

396 855 595 910 Cluisti
620 855 663 921 ⁸,
689 874 708 907 ›
736 865 897 925 atquc
933 857 1002 912 ita
1040 856 1230 911 deinde
1259 859 1418 910 vitam
1449 868 1684 913 nostrain
1706 859 1753 912 ei
1783 859 1978 913 debere

395 948 684 1012 cmpimus.
720 965 739 998 ι
785 949 838 1002 Si
897 950 1038 1002 enim
1089 965 1226 1003 unus
1270 965 1368 1018 pro
1425 952 1675 1005 omnibus
1734 962 1977 1006 mortuus

394 1039 659 1108 e5t,'ergo
687 1053 876 1094 omnes
900 1039 977 1093 illi
1012 1042 1206 1094 mortui
1244 1052 1388 1107 sunt,
1413 1062 1429 1092 ι
1465 1044 1655 1106 etiam
1693 1060 1795 1097 non
1823 1045 1976 1098 nobis

393 1131 526 1199 ipsis
562 1133 745 1187 vivere
787 1133 1065 1197 debemus,
1091 1134 1134 1187 si
1160 1146 1301 1190 recte
1351 1137 1740 1190 ratiocinamur
1768 1178 1782 1201 ,
1825 1156 1844 1190 ι
1878 1139 1972 1192 sed

390 1225 438 1279 ei
469 1225 560 1296 qui
599 1240 697 1295 pro
738 1227 894 1280 nobis
943 1238 1189 1282 mortuus
1250 1238 1350 1293 est,
1411 1239 1462 1283 et
1521 1230 1896 1283 resurrexit'.
1949 1248 1968 1281 ι

389 1313 571 1384 Quare
596 1317 769 1386 inquit
796 1336 807 1370 :
845 1337 862 1367 ι
890 1317 950 1372 Si
987 1321 1185 1373 bonum
1217 1330 1298 1374 est
1323 1321 1374 1372 iu
1406 1331 1700 1390 conspectu
1735 1330 1966 1384 vestro,»

390 1409 578 1479 utique
615 1409 933 1464 oeconomiae
965 1411 1146 1464 carnis
1201 1414 1541 1481 mysterium,
1570 1414 1611 1466 si
1655 1428 1749 1482 per
1796 1414 1967 1482 ipsum

385 1501 575 1556 salvati
626 1502 778 1566 estis,
824 1509 879 1555 et
919 1503 1054 1555 bene
1103 1502 1257 1556 vobis
1280 1512 1383 1565 est,
1433 1513 1488 1556 et
1517 1503 1848 1571 cognovistis
1885 1518 1970 1556 me

386 1590 726 1648 Salvatorem
753 1607 815 1646 ac
842 1591 1279 1662 Redemptorem,
1313 1603 1362 1648 et
1397 1608 1492 1661 pro
1563 1595 1802 1648 omnium
1855 1596 1964 1649 vita
1995 1627 1999 1630 -

383 1693 680 1748 mortuum,
728 1700 747 1734 ι
785 1681 916 1735 Date
952 1691 1308 1746 statuentes,»
1346 1684 1447 1738 hoc
1502 1694 1605 1750 est,
1649 1685 1966 1739 deﬁnientes

351 1773 731 1827 «mercedem
786 1787 982 1837 meam,
1041 1781 1133 1824 aut
1194 1774 1477 1841 quiescite.
1513 1792 1531 1825 ι
1582 1773 1962 1828 Verumtamen

2084 580 2251 635 Θεοῦ⁸
2313 581 2406 634 καὶ
2459 581 2512 633 τί
2562 580 2670 652 γάρ
2714 582 2834 651 οὐχὶ
2885 581 3182 652 δεδώρηται
3239 583 3348 634 τῶν
3398 583 3658 650 ἀγαθῶνς

2094 671 2444 742 Ἐγνώκαμεν
2469 673 2523 725 δὲ
2555 673 2690 741 πρὸς
2719 671 2949 735 τούτοις,
2983 673 3064 725 ὅτι
3113 674 3208 726 καὶ
3248 673 3414 742 τιμῆς
3455 675 3661 744 ἠγορά-

2043 821 2047 826 ,
2083 765 2277 835 σμεθα,
2314 784 2332 815 ι
2363 765 2422 817 οὐ
2456 764 2735 835 φθαρτοῖς,
2767 765 3037 834 ἀργυρίῳ,
3083 765 3116 835 ἢ
3155 765 3395 836 χρυσίῳ·
3418 766 3553 819 ἀλλὰ
3575 783 3658 818 τι-

2083 862 2190 931 μίῳ
2226 861 2418 930 αἵματι
2450 861 2524 923 ὡς
2554 860 2749 930 ἀμνοῦ,
2787 861 2880 912 καὶ
2912 859 3140 911 ἀσπίλου
3167 858 3426 931 Χριστοῦ·
3457 879 3474 910 ι
3516 859 3659 914 οὕτω

2077 970 2135 1005 τε
2165 953 2349 1005 λοιπὸν
2377 953 2525 1020 αὑτῷ
2555 953 2652 1023 τὴν
2680 953 2884 1004 οἰκείαν
2917 951 3322 1020 ὲπωφλήσαμεν
3349 950 3512 1022 ζωήν.
3544 969 3562 1002 ι
3595 949 3658 1004 Εἰ

2077 1046 2186 1117 γάρ
2226 1041 2308 1108 εἷς
2342 1046 2480 1116 ὑπὲρ
2516 1046 2731 1099 πάντων
2763 1044 3052 1106 ἀπέθανεν,
3085 1044 3194 1114 ἄρα
3237 1046 3284 1097 οἱ
3333 1043 3534 1108 πάντες
3559 1043 3661 1097 ἀπ-

2076 1136 2264 1188 έθανον
2297 1135 2466 1206 αὐτῷ,
2501 1155 2518 1186 ι
2552 1136 2649 1188 καὶ
2684 1136 2781 1206 ζῇν
2810 1135 3096 1206 ὀφείλομεν
3137 1137 3350 1198 ἑαυτοῖς
3378 1136 3476 1206 μὲν
3529 1137 3658 1189 οὐκ·

2075 1229 2176 1290 ἐτι,
2208 1229 2351 1280 κατά
2397 1245 2462 1296 γε
2505 1227 2596 1280 τὸν
2642 1227 2824 1280 εἰκότα
2877 1227 2972 1280 καλ⁵
3018 1225 3194 1297 ὀρθῶς
3237 1226 3428 1297 ἔχοντα
3477 1226 3653 1294 λόγον,

2079 1338 2097 1369 ι
2131 1319 2328 1388 μᾶλλον
2380 1320 2437 1371 δὲ
2479 1319 2556 1390 τῷ
2605 1321 2742 1390 ὑπὲρ
2792 1319 2950 1390 ἡμῶν
2980 1320 3326 1377 ἀποθανόντι.
3361 1320 3455 1373 καὶ
3503 1322 3658 1388 ἐγερ-

2072 1410 2235 1464 θέντι.
2275 1411 2579 1484 [Ταύτῃτοί
2610 1429 2775 1482 φησιν
2797 1429 2809 1440 ’
2831 1431 2849 1462 ι
2885 1412 2944 1464 ΕΞ
2975 1411 3136 1466 καλὸν
3167 1411 3398 1464 ἐνώπιον
3433 1412 3644 1483 ὑμῶν,ι

2069 1501 2230 1570 δῆλον
2259 1503 2314 1556 δὲ
2342 1503 2403 1556 τὸ
2433 1504 2535 1572 τῆς
2573 1505 2708 1574 μετὰ
2753 1504 2954 1574 σαρκὸς
2979 1504 3290 1573 οἰκονομίας
3330 1506 3649 1576 μυστήριον,

2069 1596 2118 1646 εἰ
2150 1594 2390 1647 σέσωσθε
2436 1595 2502 1648 δι’
2536 1595 2722 1661 αὐτοῦ,
2751 1595 2845 1648 καὶ
2881 1597 3201 1666 πεπράχατε
3237 1596 3448 1663 δεξιῶς,
3481 1596 3651 1664 ἐγνώ-

2069 1703 2200 1738 κατε
2231 1686 2288 1739 δέ
2318 1705 2386 1755 με
2415 1686 2643 1757 Σωτῆρα
2669 1687 2764 1739 καὶ
2793 1686 3106 1758 Λυτρωτὴν,
3139 1688 3233 1742 καὶ
3263 1687 3354 1740 τὸν
3385 1687 3522 1760 ὑπὲρ
3549 1686 3650 1758 τῆς

2068 1779 2286 1832 πάντων
2311 1779 2456 1851 ζωῆς
2487 1779 2791 1834 ἀνατλάντα
2816 1780 3064 1843 θάνατον,
3096 1799 3114 1831 ι
3139 1781 3268 1834 Δότε
3293 1781 3639 1850 στήσαντες,ι

382 1864 520 1933 grati
553 1863 770 1918 fuerunt
798 1861 889 1932 qui
919 1878 982 1917 ex
1007 1862 1258 1933 gentibus
1286 1864 1531 1918 conversi
1568 1871 1710 1918 sunt.
1746 1863 1957 1918 Statue-

2065 1869 2360 1935 τουτέστιν,
2380 1871 2682 1942 ὁρίσαντες,
2714 1889 2732 1922 ι
2754 1871 2843 1924 τὸν
2872 1871 3060 1940 μισθόν
3084 1889 3205 1939 μου,
3226 1872 3257 1942 ἢ
3281 1870 3602 1924 ἀπείπασθε.
3619 1889 3639 1921 ›

378 1965 504 2010 runt
531 1956 672 2011 enim
707 1956 1032 2020 mercedem,
1077 1955 1223 2008 nullo
1253 1955 1467 2024 quidem
1492 1956 1648 2010 modo
1676 1955 1985 2024 aequalem,‘

379 2047 472 2102 sed
504 2048 900 2118 quadamtenus
929 2061 1138 2116 aequam
1170 2047 1449 2102 beneﬁciis
1503 2049 1569 2102 ab
1608 2062 1673 2102 eo
1705 2049 1957 2118 acceptis.

378 2139 842 2206 Quemadmodum
885 2141 1028 2196 enim
1059 2140 1172 2208 ipse
1194 2155 1291 2208 pro
1339 2141 1492 2196 nobis
1533 2151 1781 2196 mortuus
1830 2153 1958 2208 εει,

376 2230 450 2283 ita
473 2241 527 2284 et
557 2247 653 2284 nos
685 2233 897 2286 animas
929 2233 1210 2302 posuimus
1252 2248 1351 2304 pro
1375 2234 1690 2289 sinceritate
1746 2243 1802 2289 et
1831 2235 1959 2290 cha-

377 2324 539 2378 ritate
590 2337 715 2394 erga
750 2325 962 2394 ipsum;
994 2334 1330 2396 possuntque
1366 2327 1548 2382 dicere
1577 2330 1749 2382 sancti
1810 2343 1958 2384 mar-

379 2425 529 2484 tyres
572 2430 587 2466 :
627 2432 646 2466 ι
687 2416 817 2484 Quis
866 2431 964 2471 nos
1011 2418 1285 2487 separabit
1334 2435 1361 2473 a
1399 2418 1664 2474 cbaritate
1707 2420 1958 2476 Christi?

374 2505 676 2562 Tribulatio
701 2548 718 2575 ,
753 2524 819 2562 an
841 2510 1086 2578 angustia
1116 2548 1131 2573 ,
1166 2524 1232 2563 an
1260 2508 1451 2579 fames,
1489 2527 1556 2566 an
1607 2514 1912 2580 persecutio
1938 2555 1952 2577 ,

374 2614 442 2651 an
476 2598 688 2654 nuditas
717 2639 733 2664 ,
768 2613 834 2653 an
867 2599 1166 2669 periculum
1193 2641 1208 2664 ,
1244 2616 1310 2656 an
1357 2603 1567 2671 gladius
1600 2603 1642 2633 ¹⁰
1675 2603 1698 2656 ‘I
1733 2622 1751 2654 ι
1814 2604 1954 2658 Nihil

371 2692 517 2745 enim
551 2691 603 2745 in
675 2693 877 2746 sanctis
921 2691 1090 2746 animi
1158 2692 1526 2748 fortitudinem
1578 2694 1724 2748 vicit.
1771 2695 1954 2763 Itaque

371 2783 572 2838 Christi
611 2785 888 2838 nobiscum
914 2785 1212 2840 similitudo
1244 2786 1648 2855 quodammodo
1704 2786 1954 2840 subindi-

370 2886 548 2938 catur,
581 2876 707 2930 dum
742 2876 959 2941 dicitur,
989 2877 1146 2932 datos
1205 2891 1326 2932 esse
1377 2879 1428 2931 in
1484 2877 1786 2933 mercedem
1836 2878 1952 2948 ejus

371 2969 592 3039 triginta
632 2978 936 3038 argenteos.
975 2969 1228 3024 Proditor
1254 2970 1422 3035 enim,
1445 2978 1500 3024 et
1531 2986 1656 3025 vere
1709 2970 1950 3023 omnium

370 3062 604 3118 maxime
628 3064 996 3118 exsecrandus
1046 3079 1110 3117 ac
1146 3064 1254 3118 Deo
1287 3079 1486 3119 exosus
1526 3061 1690 3117 Judas
1718 3102 1733 3128 ,
1788 3064 1950 3134 767

367 3155 589 3226 triginta
626 3155 863 3210 denariis
895 3156 1155 3224 acceptis,
1205 3156 1481 3211 Christum
1510 3155 1797 3210 homicidis
1840 3167 1952 3208 tra-

367 3245 522 3310 didit,
566 3255 621 3300 et
654 3255 932 3299 auctorem
974 3245 1168 3299 salutis
1211 3255 1407 3299 nostra:
1436 3246 1681 3300 scelestis
1719 3247 1954 3299 homini-
1979 3259 2021 3315 ο

367 3338 468 3390 bus
499 3337 851 3391 venumdedit
881 3337 945 3389 ¹¹.
969 3337 1130 3390 Allati
1158 3345 1285 3390 sunt
1326 3346 1504 3390 autem
1530 3353 1558 3389 a
1591 3337 1842 3407 gentibus
1898 3339 1950 3392 in

368 3429 667 3483 mercedem
690 3426 806 3495 ejus
822 3430 1040 3498 triginta
1065 3428 1419 3498 argentei,qui
1443 3412 1948 3499 etiam,Deojuben-

379 3531 454 3585 te,
489 3521 540 3574 in
579 3519 950 3575 conﬂatorium
983 3519 1345 3588 deponuntur,
1379 3520 1540 3573 etiam
1598 3529 1758 3585 atque
1789 3521 1950 3574 etiam

365 3613 654 3683 probandi,
691 3613 834 3667 sicut
874 3621 927 3666 et
954 3612 1068 3681 ipse
1104 3611 1356 3666 Christus
1387 3627 1485 3681 pro
1518 3611 1672 3665 nobis
1696 3612 1952 3680 probatus

365 3713 466 3760 est.
491 3703 607 3759 Non
630 3703 772 3759 enim
802 3704 918 3758 sine
946 3703 1295 3772 inquisitione
1327 3703 1466 3771 apud
1514 3703 1679 3756 Deum
1708 3703 1948 3756 omnium

365 3797 627 3853 scientem
659 3795 829 3850 abibit
860 3794 993 3850 ﬁdes
1040 3804 1266 3850 nostra:
1300 3807 1477 3862 neque
1527 3795 1663 3847 citra
1723 3808 1948 3847 examen

365 3889 512 3954 vitae,
532 3889 624 3942 sed
659 3888 801 3941 sicut
825 3895 910 3941 est
942 3888 1082 3956 apud
1128 3888 1341 3940 beatum
1374 3885 1596 3940 Paulum
1633 3903 1647 3940 :
1700 3905 1718 3938 ι
1747 3886 1951 3942 Unius-

371 3979 636 4049 cujusque
663 3993 799 4046 opus
823 3977 982 4048 quale
1002 3979 1092 4046 sit,
1115 3978 1254 4048 ignis
1269 3978 1517 4047 probabit
1545 3979 1608 4030 ²².
1630 3996 1648 4030 ι
1677 3976 1947 4048 Scriptum

364 4080 447 4126 est
479 4081 657 4125 autem
695 4072 761 4126 de
793 4071 1049 4126 Christo:
1087 4090 1104 4122 ι
1133 4072 1402 4137 Quoniam
1444 4073 1625 4125 statim
1669 4074 1852 4126 veniet
1895 4077 1946 4125 in

366 4163 624 4231 templum
664 4177 822 4218 suum
859 4177 1018 4232 quem
1048 4177 1144 4215 vos
1179 4162 1443 4230 quaeritis,
1479 4173 1529 4214 et
1561 4162 1796 4230 Angelus
1857 4175 1949 4216 te-

363 4252 616 4306 stamenti
648 4267 805 4322 quem
833 4267 928 4306 vos
952 4252 1130 4305 vultis.
1169 4251 1308 4305 Ecce
1346 4254 1508 4317 venit,
1539 4253 1947 4307 dicitDomiuus

363 4344 730 4414 omnipotens,
768 4352 822 4396 et
850 4344 972 4411 quis
1003 4344 1293 4397 sustinebit
1322 4342 1463 4397 diem
1497 4346 1750 4399 introitus
1785 4344 1948 4411 ejus?

363 4435 470 4489 Aut
492 4433 613 4503 quis
645 4433 1013 4488 sustinebitin
1052 4434 1257 4486 visione
1285 4434 1446 4500 eius?
1501 4434 1636 4500 Quia
1693 4436 1809 4504 ipse
1859 4437 1944 4488 in-

364 4525 607 4596 greditur
636 4527 788 4594 quasi
819 4526 958 4596 ignis
981 4525 1303 4590 conﬂatorii,
1337 4536 1395 4581 ut
1432 4527 1593 4582 herba
1621 4529 1940 4593 lavantium,

2066 1962 2213 2032 Πλὴν
2246 1962 2590 2033 εὐγνώμονες
2621 1964 2670 2016 οἰ
2701 1963 2760 2028 ἐξ
2791 1962 3268 2034 ὲθνῶν.Ἔστησαν
3293 1964 3401 2034 γὰρ
3427 1963 3517 2016 τὸν
3553 1981 3645 2034 μι-

2065 2049 2191 2102 σθὸν
2221 2051 2621 2122 παρισούμενον
2651 2051 2750 2121 μὲν
2781 2052 3032 2122 οὐδαμῶς
3051 2069 3064 2082 ·
3095 2054 3310 2106 ἐοικότα
3335 2054 3392 2107 δέ
3415 2071 3531 2115 πως
3560 2047 3642 2118 οἷς

2063 2142 2378 2212 ἐσχήκαμεν
2416 2143 2546 2214 παρ’
2577 2141 2980 2212 αὑτοῦ.Ὧσπερ
3031 2141 3137 2215 γὰρ
3187 2142 3458 2196 ἀπέθανεν
3502 2145 3640 2214 ὑπὲρ

2062 2232 2240 2302 ἡμῶν,
2259 2231 2400 2285 οὕτω
2422 2234 2515 2286 καὶ
2541 2234 2704 2303 ἡμεῖς
2726 2232 2945 2292 τεθείκα
2953 2251 3051 2303 μεν
3073 2234 3170 2298 τὰς
3185 2233 3364 2304 ψυχάς
3385 2234 3520 2305 ὑπὲρ
3543 2235 3642 2302 τῆς

2063 2326 2142 2387 είς
2186 2324 2349 2377 αὑτὸν
2399 2324 2752 2394 γνησιότητος
2795 2325 2889 2376 καὶ
2941 2324 3201 2396 ἀγάπης·
3244 2325 3444 2394 πρέποι
3491 2325 3537 2378 δ’
3574 2326 3641 2379 ἂν

2059 2415 2238 2482 λέγειν
2270 2417 2383 2478 τοῖς
2415 2415 2588 2482 ἁγίοις
2619 2416 2852 2484 μάρτυσι
2878 2433 2891 2447 ·
2931 2435 2948 2466 ι
2983 2416 3080 2495 Τίς
3107 2417 3256 2488 ἡμᾶς
3284 2417 3506 2487 χωρίσει
3532 2416 3640 2470 ἀπὸ

2059 2505 2156 2576 τῆς
2191 2505 2412 2575 ἀγάπης
2447 2504 2540 2557 τοῦ
2581 2505 2857 2575 Χριστοῦ;
2905 2505 3114 2575 Θλίψις,
3146 2507 3178 2576 ἦ
3217 2506 3566 2577 στενοχωρία,
3602 2508 3636 2576 ἢ

2057 2596 2233 2666 λιμὸς,
2269 2596 2301 2667 ἢ
2337 2595 2653 2667 διωγμὸς,ἣ
2688 2596 3041 2666 γυμνότης,ἢ
3080 2597 3342 2662 κίνδυνος,
3374 2597 3406 2667 ἣ
3440 2599 3639 2668 μάχαι-

2060 2705 2160 2759 ρα;
2191 2708 2209 2740 ›
2261 2686 2530 2758 Νενίκηκε
2558 2688 2664 2758 γὰρ
2699 2690 2851 2741 οὐδὲν
2879 2689 2987 2740 τῶν
3025 2690 3195 2757 ἁγίων
3227 2689 3325 2760 τὴν
3352 2689 3636 2758 εὐψυχίαν.

2056 2777 2267 2832 Οὐκοῦν
2292 2780 2325 2850 ἡ
2351 2778 2458 2831 τῶν
2489 2779 2640 2850 παρὰ
2672 2779 2909 2849 Χριστοῦ
2944 2781 3024 2844 εἰς
3048 2783 3193 2851 ἡμᾶς
3221 2782 3476 2852 ὁμοιότης
3505 2783 3638 2835 ὑποο

2055 2871 2304 2939 φαίνεταί
2346 2888 2466 2932 πως
2521 2871 2608 2925 διὰ
2647 2871 2744 2923 τοῦ
2791 2872 3037 2924 δεδόσθαι
3088 2872 3268 2940 λέγειν
3319 2875 3399 2938 εἰς
3449 2871 3640 2943 μισθὸν

2055 2961 2220 3015 αὑτοῦ
2272 2963 2568 3033 τριάκοντα
2617 2963 3015 3034 ἁργυρίους.’0
3054 2963 3152 3032 μὲν
3196 2964 3303 3036 γὰρ
3349 2964 3636 3036 προδότης,

2055 3053 2148 3106 καὶ
2195 3052 2599 3124 βδελυρώτατος
2645 3052 2864 3122 άληθῶς
2889 3094 2903 3118 ,
2956 3055 3050 3107 καὶ
3094 3055 3352 3125 θεομισὴς
3394 3056 3592 3120 Ἰούδας
3621 3099 3637 3123 ,

2053 3142 2345 3212 τριάκοντα
2397 3141 2628 3213 δηνάρια
2673 3142 2851 3194 λαϐὼν
2878 3182 2892 3207 ,
2951 3143 3232 3214 προῦδωκε
3275 3149 3386 3208 τοῖς
3438 3147 3638 3216 φονῶσι

2055 3233 2313 3303 Χριστὸν,
2353 3234 2447 3286 καὶ
2475 3233 2567 3286 τὸν
2596 3233 2694 3303 τῆς
2725 3235 3000 3305 σωτηρίας
3023 3236 3184 3306 ἡμῶν
3213 3237 3640 3309 καταπέπρακεν

2055 3325 2296 3395 ἀρχηγόν
2343 3328 2454 3387 τοῖς
2500 3325 2818 3395 ἁλιτηρίοις.
2855 3327 3374 3398 Προσεκομίσθησαν
3401 3329 3458 3382 δὲ
3489 3331 3638 3402 παρά

2054 3416 2161 3468 τῶν
2191 3416 2360 3469 ἐθνῶν
2391 3419 2470 3479 εἰς
2503 3417 2696 3486 μισθὸν
2723 3416 2890 3470 αὐτοῦ
2938 3420 3230 3489 τριάκοντα
3269 3421 3550 3492 ἀργύριοι,
3585 3423 3636 3474 οἶ

2055 3511 2148 3562 καὶ
2192 3511 2472 3564 καθίενται
2503 3510 2639 3564 Θεοῦ
2679 3512 3108 3582 προστάττοντος
3138 3514 3218 3576 εἰς
3265 3512 3328 3566 τὸ
3360 3515 3636 3586 χωνευτή-

2055 3618 2190 3671 ριον,
2219 3597 2276 3656 εὖ
2331 3601 2473 3672 μάλα
2519 3603 2962 3674 δοκιμαζόμενοι,
3014 3603 3198 3669 καθὼς
3253 3606 3348 3659 καὶ
3401 3606 3562 3668 αὐτὸς
3607 3607 3636 3657 ὁ

2053 3694 2287 3765 Χριστὸς
2334 3695 2666 3765 ἐδοκιμάσθη
2719 3695 2860 3766 ὑπὲρ
2910 3697 3288 3766 ἡμῶν.”Ἐσται
3323 3697 3433 3767 γὰρ
3479 3697 3636 3769 ήμῶν

2052 3786 2153 3837 οὐκ
2181 3785 2448 3856 ἀζήτητος
2476 3788 2508 3856 ὴ
2533 3786 2718 3851 πίστις
2747 3787 2899 3858 παρά
2921 3804 2983 3855 γε
3013 3786 3090 3856 τῷ
3113 3788 3289 3840 πάντα
3313 3787 3472 3841 εἰδότι
3493 3787 3630 3858 θεῷ·
3703 3799 3710 3806 ·

2051 3878 2176 3931 οὔτε
2225 3879 2331 3950 μὴν
2360 3879 2720 3941 ἀϐασάνιστος
2749 3881 2778 3932 ό
2804 3879 2948 3949 βίος’
2981 3878 3097 3932 ἀλλ’
3197 3895 3362 3948 φησιν
3387 3881 3416 3932 ό
3451 3880 3631 3950 μακά-

2055 3986 2168 4040 ριος
2201 3967 2434 4032 Παῦλος,
2470 3988 2489 4020 ‹
2513 3969 2777 4022 Ἐκάστου
2806 3969 2868 4022 τὸ
2892 3969 3052 4042 ἔργον
3076 3971 3258 4023 ὁποῖόν
3287 3970 3496 4033 ὲστι,τὸ
3521 3969 3634 4041 πῦρ

2049 4059 2355 4129 δοκιμάσει.
2387 4078 2406 4111 ›
2459 4059 2776 4131 Γέγραπται
2826 4059 2883 4112 δὲ
2930 4061 3027 4114 καὶ
3071 4060 3199 4130 περὶ
3246 4058 3505 4130 Χριστοῦ,
3551 4060 3632 4112 ὃτι

2057 4169 2075 4200 ι
2100 4149 2386 4221 Ἐξαίφνης
2413 4149 2533 4220 ἥξει
2561 4151 2641 4213 εἰς
2662 4151 2750 4202 τὸν
2772 4151 2898 4203 ναὸν
2920 4150 3106 4211 αὐτοῦ,
3135 4151 3195 4204 ὃν
3219 4151 3375 4220 ὑμεῖς
3397 4150 3629 4223 ζητεῖτε,

2049 4244 2144 4294 καὶ
2192 4244 2221 4294 ό
2264 4241 2499 4311 ἐγγελος
2541 4243 2642 4312 τῆς
2674 4241 2958 4314 διαθήκης,
2992 4243 3050 4296 ὃν
3093 4245 3250 4314 ὑμεῖς
3281 4243 3631 4298 θέλετε.Ἰδοὺ

2048 4333 2288 4404 ἔρχεται,
2311 4332 2679 4404 λέγειΚύριος
2705 4335 3122 4404 παντοκράτωρ,
3141 4336 3234 4388 καὶ
3263 4336 3346 4399 τίς
3372 4336 3634 4407 ὑπομενεῖ

2047 4429 2266 4501 ἡμέραν
2309 4426 2513 4479 εἰσόδου
2562 4425 2763 4490 αύτοῦ;
2802 4427 2873 4479 Ἢ
2916 4427 3003 4489 τίς
3047 4427 3410 4498 ὑποστήσεται
3460 4430 3519 4481 ἐν
3563 4431 3627 4498 τῇ

2046 4519 2283 4590 ὀπτασίᾳ
2331 4518 2538 4584 abeat");
2585 4520 2734 4572 Διότι
2780 4521 2943 4582 αὐτὸς
2974 4519 3352 4590 εἰσπορεύεται
3398 4520 3474 4584 ὡς
3518 4520 3630 4591 πῦρ

365 4626 421 4670 et
447 4615 658 4672 sedebit
684 4617 926 4670 conﬂans
967 4626 1020 4669 et
1055 4619 1356 4672 cmundans
1390 4629 1443 4672 ut
1469 4629 1774 4690 argentum,
1809 4629 1947 4674 etut

2060 4610 2440 4681 χωνευτηρίου,
2474 4610 2552 4673 ὡς
2598 4610 2704 4664 πόα
2740 4611 3070 4671 πλυνόντων,
3098 4611 3192 4664 καὶ
3223 4610 3490 4664 καθιεῖται
3519 4628 3629 4680 χω-

367 4724 558 4761 aurum
583 4709 682 4762 ¹³.›
710 4706 898 4762 Psallit
923 4709 1210 4762 etdivinus
1237 4708 1402 4763 David
1430 4712 1480 4764 in
1513 4726 1739 4780 persona
1758 4711 1944 4779 cujus-

364 4801 448 4854 vis
482 4800 533 4852 in
558 4797 832 4854 Christum
863 4800 1158 4861 credentis,
1205 4810 1254 4855 et
1301 4800 1591 4870 Evangelia
1624 4803 1946 4856 convenien-

368 4900 449 4943 ter
473 4889 654 4942 vivere
687 4890 992 4958 cupientis:
1033 4909 1051 4940 ι
1086 4889 1261 4944 Proba
1305 4904 1408 4954 me,
1437 4891 1683 4955 Domine,
1708 4899 1762 4946 et
1796 4901 1942 4945 tenta

367 4995 473 5044 me,
501 4996 597 5034 ure
631 4995 790 5035 renes
804 4995 955 5035 meos
997 4991 1051 5034 et
1080 4996 1176 5035 cor
1207 4997 1382 5036 meum
1404 4982 1502 5035 η.»
1527 4982 1788 5037 Caeterum
1816 4997 1946 5036 con-

366 5071 635 5126 ﬂatorium
669 5074 720 5125 in
751 5073 910 5127 domo
940 5072 1150 5128 Domini
1173 5089 1293 5129 esse
1320 5074 1574 5144 propheta
1634 5075 1786 5129 dicit.
1838 5076 1944 5130 Ec-

367 5161 528 5216 clesia
561 5161 702 5214 enim
734 5161 936 5217 Christi
960 5164 1218 5236 cnjusque
1241 5181 1420 5221 mores
1471 5175 1524 5219 et
1579 5166 1943 5222 sinceritatem

369 5250 672 5306 dilectionis
693 5267 822 5322 erga
868 5251 1144 5308 Christum
1179 5255 1516 5325 explorat,et
1561 5255 1940 5311 discretionem

368 5343 574 5397 habens
626 5345 912 5413 spirituum
954 5347 1018 5409 ",
1052 5347 1217 5414 probe
1254 5348 1420 5410 novit,
1473 5349 1592 5416 quis
1639 5350 1689 5403 in
1739 5348 1941 5418 Spiritu

369 5443 562 5487 sancto
593 5433 844 5504 loquatur
873 5437 1157 5490 Dominum
1186 5435 1370 5492 Jesum
1405 5439 1710 5502 nominans,
1743 5450 1799 5491 et
1819 5440 1942 5506 quis

369 5525 421 5578 in
468 5522 748 5580 Beelzean
804 5527 979 5596 ipsum
1026 5529 1312 5584 anathema
1366 5529 1541 5593 dicat,
1578 5539 1631 5582 et
1695 5529 1785 5597 qui
1835 5531 1945 5582 sint

443 5729 505 5780 'I
544 5729 684 5789 Pelr.
720 5747 753 5793 ι,
792 5733 876 5794 18,
917 5735 999 5787 l9.
1113 5736 1131 5766 ⁹
1159 5734 1350 5786 “Cor.
1386 5750 1434 5788 ν.
1474 5733 1557 5796 Η,
1601 5734 1677 5787 15.

374 5798 417 5831 ’³
443 5801 667 5856 Malach.
714 5819 792 5868 ιιι,
830 5807 939 5859 1-3.
1019 5805 1062 5836 ⁸⁸
1102 5804 1242 5858 Psal.
1282 5820 1405 5869 xxv,
1434 5806 1483 5856 ‘2.

1761 5735 1802 5763 ’θ
1837 5733 1991 5786 Rom.

1569 5807 1607 5834 ⁸⁵
1645 5808 1658 5856 l
1697 5805 1821 5857 Cor.
1860 5822 1960 5871 xu,
2010 5807 2090 5858 l0.

2052 4703 2244 4763 νεύων,
2273 4703 2366 4756 καὶ
2409 4703 2720 4773 καθαρίζων
2766 4704 2840 4767 ὡς
2890 4703 2951 4755 τὸ
2994 4703 3277 4774 ἀργύριον,
3311 4704 3405 4756 καὶ
3447 4703 3522 4766 ὠς
3570 4702 3630 4754 τὸ

2051 4795 2292 4864 χρυσίον.
2320 4812 2339 4844 ›
2373 4794 2582 4847 Ψάλλει
2608 4795 2664 4846 δέ
2697 4812 2798 4848 που
2829 4796 2923 4848 καὶ
2952 4796 2980 4845 ό
3017 4794 3302 4857 θεσπέσιος
3334 4793 3520 4854 Δαδὶδ,
3554 4795 3630 4857 ὡς

2053 4891 2115 4939 ἐκ
2157 4886 2452 4957 προσώπου
2495 4889 2694 4950 παντὸς
2722 4887 2814 4940 τοῦ
2849 4887 3234 4951 πιστεύσαντος
3271 4889 3347 4951 εἰς
3376 4887 3628 4958 Χριστὸν,

2053 4979 2146 5031 καὶ
2197 4978 2297 5050 ζῇν
2340 4978 2613 5042 ἐθέλοντος
2662 4979 3060 5047 εὐαγγελικῶς·
3120 4998 3138 5029 ι
3170 4977 3473 5047 Δοκίμασόν
3520 4994 3628 5046 με,

2055 5070 2250 5142 Κύριε,
2279 5072 2370 5125 καὶ
2398 5069 2665 5140 πείρασόν
2703 5087 2792 5139 με,
2820 5071 3072 5140 πύρωσον
3105 5071 3229 5132 τοὺς
3250 5068 3481 5139 νεφρούς
3528 5086 3629 5137 μου

2054 5163 2149 5216 καὶ
2182 5163 2278 5234 τὴν
2308 5163 2537 5232 καρδίαν
2570 5179 2691 5232 μου.
2724 5180 2742 5210 ι
2783 5161 2927 5230 Πλὴν
2965 5161 3045 5213 ὅτι
3090 5160 3150 5213 τὸ
3183 5162 3546 5232 χωνευτήριον
3574 5163 3631 5214 ὲν

2050 5255 2185 5325 οίκῳ
2230 5255 2457 5326 Κυρίου,
2491 5256 2655 5324 φησὶν
2703 5255 2731 5306 ό
2782 5254 3087 5324 προφήτης.
3119 5253 3414 5324 Δοκιμάζει
3462 5252 3631 5325 γὰρή

2065 5347 2361 5416 Ἐκκλησία
2389 5346 2626 5417 Χριστοῦ
2659 5346 2750 5398 τὸν
2775 5345 3005 5398 ἑκάστου
3039 5347 3262 5416 τρόπον,
3293 5347 3386 5400 καὶ
3424 5345 3524 5416 τῆς
3553 5349 3633 5408 εἰς

2052 5439 2286 5510 Χριστὸν
2329 5439 2548 5508 ἀγάπης
2597 5439 2657 5491 τὸ
2701 5439 2945 5508 γνήσιον,
2978 5438 3072 5492 καὶ
3101 5438 3401 5508 διακρίσεις
3436 5437 3631 5506 ἔχουσα

2054 5531 2401 5600 πνευμάτων,
2437 5527 2574 5582 οἶδεν
2621 5529 2882 5598 ἀκριϐῶς,
2913 5530 2995 5593 τίς
3032 5530 3129 5600 μὲν
3166 5531 3306 5600 ἁγίῳ
3353 5530 3629 5599 Πνεύματι

3119 5739 3169 5808 ¹²η
3201 5734 3220 5786 1
3251 5733 3373 5790 Cor.
3407 5749 3487 5798 ιιι,
3534 5729 3618 5783 l3-

2045 5749 2161 5798 vm,
2200 5735 2289 5787 '55.
2409 5737 2460 5807 ’⁸,
2491 5735 2702 5790 Μίιιιίι.”
2731 5752 2881 5798 xxvr,
2952 5735 3038 5792 15.
