4120 6376
373 391 496 450 ⁵197

1207 382 1762 442 COMMENTARIUS
1801 385 1865 441 IN
1892 382 2315 442 'ZACIIARIAM
2358 380 2803 446 PROPIIETAM.

3554 398 3658 454 198

389 511 559 574 λαλεῖ,
591 507 793 578 Κύριον
842 504 1120 576 ὀνομάζων
1167 504 1403 574 Ἰησοῦνο
1454 506 1539 567 τίς
1579 505 1635 558 δὲ
1676 505 1740 575 δὴ
1776 505 1871 558 καὶ
1904 506 1962 557 ἐν
1992 561 1993 564 η

2075 505 2178 559 veri
2210 507 2524 562 adoratores
2554 511 2625 574 “,
2664 509 2823 578 etqui
2859 523 3072 562 rursum
3086 508 3224 580 'lltpl,
3249 524 3298 565 m
3322 511 3658 570 vestimentis

391 598 738 664 Βεελζεὸοὺλ,
770 596 1016 666 ἀνάθεμα
1040 595 1216 664 λέγων
1249 595 1450 660 αύτόνξ⁹
1485 597 1578 650 καὶ
1618 597 1762 658 τίνες
1796 596 1895 666 μὲν
1927 597 1977 648 οἱ

389 690 634 762 ἀληθινοὶ
680 689 1076 762 προσκυνηταὶ,
1106 687 1251 748 τίνες
1283 687 1341 740 δὲ
1385 683 1454 741 αὖ
1513 689 1561 740 oi
1607 687 1682 751 ὡς
1715 687 1980 758 ἐνδύμασι

390 781 679 849 προϐάτων
708 780 845 850 πρὸς
871 779 1019 849 ἡμᾶς
1051 777 1338 847 ἐρχόμενοι
1370 776 1543 830 λύκοι.

459 871 572 927 Kal
611 870 914 940 ἀπέρῤιψα
962 869 1079 936 τὴν
1112 868 1342 936 ῥάϐδον
1390 868 1507 938 τὴν
1540 867 1854 937 δευτέραν,
1907 870 1974 923 τὸ

390 964 742 1031 Σχοὶνισμα,
786 961 894 1014 τοῦ
928 957 1326 1014 διασκεδάσαι
1358 958 1476 1028 τὴν
1505 959 1800 1028 διαθήκην
1831 961 1976 1014 ἀνα.

383 1057 579 1124 μέσον
610 1053 716 1107 τοῦ
753 1051 969 1114 Ἰούδα,
998 1051 1098 1104 καί
1128 1050 1442 1120 ἀναμέσον
1469 1052 1576 1106 τοῦ
1613 1053 1884 1119 Ἰσραήλ.

461 1145 587 1198 ΠΡ.
639 1143 892 1206 Ῥάὸδους
921 1141 1025 1212 ἔφη
1054 1142 1148 1194 δύο
1172 1143 1438 1213 λήψεσθαι
1467 1144 1723 1215 Χριστὸν,
1741 1145 1891 1197 ὀὕτω
1914 1163 1972 1198 τε

389 1231 788 1302 κατανεμήσειν
815 1231 872 1283 ὲν
901 1231 1092 1294 αὐταῖς
1128 1231 1196 1286 τὰ
1225 1233 1397 1285 οἰκεῖα
1437 1232 1708 1304 πρόϐατα,
1735 1234 1890 1304 δῆλον
1915 1234 1970 1286 δὲ

387 1326 469 1377 ὅτι
497 1323 603 1377 τῶν
631 1323 720 1377 διὰ
754 1321 992 1385 πίστεως
1037 1323 1390 1394 κεκλημένων
1418 1325 1518 1394 τὴν
1545 1326 1708 1394 ἁγίαν
1735 1325 1967 1395 πληθύν.

387 1417 501 1470 Καὶ
532 1416 723 1486 ῥάϐδον
765 1416 864 1486 μὲν
899 1412 1038 1469 εἷναι
1077 1415 1177 1487 τὴν
1221 1415 1392 1488 καλὴν
1425 1417 1685 1489 ἐλέγομεν
1711 1419 1810 1490 τὴν
1842 1436 1969 1472 παι-

386 1508 553 1573 δείαν,
601 1508 721 1579 ἦτοι
747 1506 807 1560 τὸ
845 1507 1104 1579 κήρυγμα
1134 1506 1198 1560 τὸ
1227 1508 1601 1578 εύαγγελικὺν,
1633 1511 1734 1580 τήν
1763 1527 1824 1578 γε
1861 1511 1968 1582 μὴν

387 1599 579 1672 ἑτέραν
634 1600 731 1668 τὴν
787 1599 1028 1652 Παλαιὰν
1075 1600 1383 1670 Διαθήκην,
1429 1602 1710 1667 τουτέστι,
1745 1603 1845 1673 τὴν
1891 1603 1968 1672 τῷ

399 1687 616 1759 Ἰσραὴλ
651 1687 896 1742 δοθεῖσαν
921 1691 999 1752 εἰς
1029 1687 1298 1760 βοήθειαν,
1333 1691 1473 1745 κατὰ
1501 1691 1599 1762 τὴν
1627 1692 1720 1745 τοῦ
1753 1696 1964 1765 προφή-

385 1798 478 1834 του
518 1781 721 1852 φωνήν.
761 1799 779 1832 ι
809 1780 992 1850 Νόμον
1029 1781 1158 1850 γὰρ,
1198 1783 1380 1852 φησὶν,
1411 1785 1490 1844 εἰς
1525 1782 1777 1854 βοήθειαν
1803 1784 1966 1838 δέδω-

2079 598 2260 651 ovium
2293 601 2359 652 ad
2399 615 2496 654 nos
2519 602 2800 654 venientes
2835 600 2898 654 ⁸⁷.

2153 863 2220 918 Ει
2245 864 2413 933 abjeci
2445 863 2639 934 virgam
2679 879 2846 917 meam
2894 864 3178 919 secundam
3213 881 3331 934 qua:
3364 863 3660 935 appellatur

2078 951 2398 1017 Funiculus,
2430 964 2484 1006 ut
2543 954 2854 1023 dissiparem
2884 965 3246 1008 testamentum
3280 957 3414 1010 inter
3458 954 3656 1010 ludam

2075 1051 2125 1096 et
2147 1039 2340 1095 Israel.

2144 1131 2431 1189 LXXXIII.
2488 1133 2633 1189 Duas
2687 1134 2868 1204 virgas
2911 1120 3189 1190 Christum
3251 1143 3656 1203 assumpturum

2072 1225 2336 1290 narravit,
2368 1234 2529 1294 atque
2597 1223 2670 1277 ita
2734 1223 2785 1277 in
2838 1223 2956 1292 ipso
3015 1237 3143 1277 oves
3183 1237 3307 1276 suas
3355 1232 3657 1290 pasturum,

2073 1312 2217 1368 haud
2252 1313 2472 1367 dubium
2515 1315 2643 1380 quin
2691 1328 2787 1383 per
2835 1313 2994 1367 Iidem
3047 1323 3360 1366 vocatorum
3413 1321 3657 1366 sanctam

2072 1393 2491 1458 multitudinem.
2523 1404 2813 1474 Etvirgam
2841 1405 3054 1472 quidem
3109 1405 3390 1473 pulchram
3441 1403 3659 1458 diceba-

2072 1509 2193 1550 mus
2223 1509 2344 1549 esse
2374 1495 2696 1560 doctrinam,
2727 1510 2820 1548 seu
2882 1495 3321 1564 prazdicationem
3379 1493 3658 1564 evangelio

2071 1598 2228 1638 eam:
2273 1584 2498 1638 alteram
2559 1585 2726 1640 Vetus
2789 1584 3218 1649 Testamentum,
3267 1600 3465 1655 nempe
3515 1587 3656 1656 quod

2070 1666 2255 1730 Israeli
2279 1678 2465 1730 datum
2491 1687 2576 1732 est
2601 1678 2652 1731 in
2684 1679 2939 1732 auxilium
2961 1678 3109 1747 juxta
3130 1678 3402 1748 propheta:
3447 1692 3656 1732 vocem.

2069 1764 2251 1834 Inquit
2277 1765 2420 1818 enim
2455 1783 2468 1818 :
2510 1785 2528 1817 ι
2552 1766 2750 1838 Legem
2783 1769 2833 1822 in
2862 1768 3192 1837 adjutorium
3237 1767 3472 1822 dedit".
3499 1785 3518 1819 ι
3555 1766 3660 1838 Igi-

388 1891 506 1927 κεν.
539 1891 557 1924 ›
586 1873 711 1926 Ὅτι
757 1872 936 1926 τοίνυν
981 1873 1101 1943 οὐχὶ
1135 1873 1199 1942 δὴ
1234 1873 1414 1943 μόνοις
1450 1875 1561 1938 τοῖς
1597 1875 1972 1944 εὐαγγελικοῖς

2078 1864 2164 1908 tur
2226 1855 2462 1924 gentium
2531 1857 2928 1912 multitudinem
2968 1874 3072 1913 non
3147 1866 3353 1911 tantum
3411 1857 3658 1912 doctrina

386 1963 750 2035 παιδεύμασιν
790 1966 824 2035 ἡ
871 1964 978 2018 τῶν
1030 1965 1198 2017 ἐθνῶν
1245 1965 1441 2036 ἔμελλε
1495 1967 1970 2036 παιδαγωγεῖσθαι

345 2042 356 2120 ξ
387 2056 616 2126 πληθὺς,
645 2055 782 2109 άλλά
809 2054 919 2126 γὰρ
956 2057 1052 2109 καὶ
1097 2057 1286 2121 αὐταῖς
1323 2060 1441 2120 ταῖς
1475 2058 1643 2112 πάλαι
1673 2076 1733 2112 τε
1761 2059 1858 2112 καί⁸
1885 2059 1973 2114 διὰ

386 2147 630 2211 Μωσέως
658 2146 927 2210 δοθείσαις
958 2147 1218 2210 ἐντολαῖς,
1255 2147 1770 2220 μεταπλαττομένης
1789 2149 1976 2219 δηλον-

385 2240 467 2293 ότι
516 2240 618 2310 τῆς
653 2241 710 2292 ἐν
741 2239 893 2310 νόμῳ
935 2240 1094 2302 σκιᾶς
1135 2241 1216 2302 εἰς
1267 2240 1548 2311 ἀλήθειαν,
1579 2241 1674 2293 καὶ
1726 2241 1815 2294 διὰ
1866 2241 1973 2295 τῶν

385 2332 768 2403 προκειμένων
817 2334 950 2402 ἡμῖν
999 2332 1319 2402 καθίστησιν
1361 2334 1609 2404 ἐναργές,
1643 2335 1752 2387 Καὶ
1785 2333 1974 2404 ὥσπερ

383 2423 758 2496 ἀπορριφῆναι
804 2425 902 2476 καί⁵
933 2423 1295 2493 σκεδασθῆναι
1322 2425 1421 2484 τὴν
1446 2425 1614 2494 καλὴν
1649 2424 1749 2493 ἔφη
1779 2424 1974 2494 ῥάϐδον

385 2516 676 2588 (διεσπάρη
707 2516 816 2587 γὰρ
849 2515 1038 2587 ὥσπερ
1061 2517 1119 2570 ἐν
1139 2517 1258 2580 ταῖς
1287 2516 1396 2569 τῶν
1427 2516 1750 2569 Χαναναίων
1769 2515 1975 2586 χώραις

382 2609 418 2677 ὴ
456 2605 788 2677 εύαγγελικὴ
823 2606 1127 2671 παίδευσις,
1171 2607 1584 2678 περιενεχθεῖσα
1617 2607 1856 2677 δηλονότι
1886 2608 1974 2661 διὰ

385 2693 492 2746 τῶν
527 2693 696 2762 ἁγίων
732 2694 1110 2764 ἀποστόλων),
1155 2695 1298 2749 οὕτω
1343 2696 1435 2748 καὶ
1480 2697 1704 2766 ήέτέρα
1753 2696 1970 2766 ῥάϐδος,

383 2795 506 2855 ητοι
536 2783 839 2848 παίδευσις,
861 2784 1126 2849 τουτέστι,
1142 2785 1200 2838 τὸ
1217 2785 1531 2856 Σχοίνισμα,
1552 2787 1718 2856 ἤγουν
1740 2789 1768 2840 6
1789 2788 1971 2857 νόμος,

385 2874 416 2926 6
440 2874 499 2927 ἐν
521 2873 672 2942 τάξει
695 2873 962 2946 διαθήκης
1001 2875 1154 2946 παρὰ
1191 2875 1326 2929 Θεοῦ
1365 2876 1544 2939 τεθεὶς
1571 2877 1846 2947 άναμέσον
1874 2876 1971 2930 τοῦ

402 2965 589 3031 Ἰούδα,
617 2966 713 3018 καὶ
754 2966 1025 3035 ἀναμέσον
1070 2965 1165 3019 τοῦ
1204 2966 1439 3037 Ἰσραὴλ,
1467 2967 1736 3030 τουτέστι,
1774 2969 1974 3032 παντὸς

387 3059 481 3114 τοῦ
511 3060 701 3128 γένους
727 3058 820 3111 τοῦ
845 3056 906 3123 ἐξ
933 3059 1151 3129 Ἰσραήλ
1170 3075 1184 3088 ·
1225 3058 1428 3111 Ἰούδαν
1458 3059 1554 3130 μὲν
1582 3059 1691 3130 γὰρ
1719 3059 1973 3131 ὀνομάζει

387 3151 486 3213 τὰς
557 3150 615 3204 ἐν
681 3152 795 3214 τοῖς
851 3149 1248 3221 Ἰεροσολύμοις
1301 3149 1394 3202 δύο
1437 3149 1647 3218 φυλάς,
1692 3151 1863 3220 αὑτήν
1913 3168 1973 3206 τε

385 3243 482 3315 τὴν
507 3241 677 3296 Ἰούδα
704 3241 847 3311 φημὶ
892 3241 986 3293 καὶ
1021 3240 1300 3309 Βενιαμὶν,
1317 3237 1532 3310 Ἰσραὴλ
1564 3239 1620 3292 δὲ
1654 3239 1752 3302 τὰς
1780 3240 1973 3310 ἐτέρας

386 3334 539 3399 δέκα,
567 3333 665 3396 τὰς
690 3334 748 3385 ἐν
771 3335 836 3404 τῇ
865 3331 1147 3402 Σαμαρείᾳ
1168 3330 1518 3401 διακειμένας
1540 3329 1676 3402 ὁμοῦ
1702 3330 1782 3400 τῷ
1809 3331 1873 3383 Ἰε
1884 3348 1973 3400 ρο-

388 3425 552 3497 ὁοάμ.
587 3425 804 3480 Δέδοται
841 3423 906 3496 δὴ
939 3419 1031 3477 οὖν
1063 3425 1177 3487 τοῖς
1213 3425 1277 3476 ἐκ
1306 3423 1544 3494 Χαναὰμ
1579 3423 1672 3476 καὶ
1717 3425 1745 3475 6
1787 3422 1970 3493 νόμος,

391 3510 914 3582 μυσταγωγούμενος
973 3512 1102 3581 γὰρ,
1154 3511 1230 3574 ὡς
1275 3510 1433 3581 ἔφην,
1480 3515 1725 3582 νομικοῖς
1780 3528 1840 3564 τε
1880 3513 1974 3565 καὶ

389 3601 763 3672 εύαγγελικοῖς
817 3601 1166 3672 θεσπίσμασι.
1200 3602 1471 3674 Ταύτῃτοι
1521 3603 1616 3657 καὶ
1659 3602 1898 3672 ἔφασκεν
1945 3604 1973 3655 6

389 3696 613 3767 Σωτήρο
663 3713 681 3746 ι
714 3693 806 3766 Μὴ
861 3694 1143 3764 νομίσητε,
1178 3695 1260 3748 ὅτι
1316 3690 1480 3766 ἦλθον
1535 3694 1835 3748 καταλῦσαι
1882 3694 1973 3747 τὸν

389 3787 575 3857 νόμον.
606 3786 720 3841 Οὐκ
745 3781 910 3857 ἦλθον
947 3785 1266 3853 καταλῦσαι,
1300 3786 1436 3841 ἀλλὰ
1467 3786 1776 3858 πληρῶσαι.
1815 3788 1974 3856 Λέγω

390 3878 500 3950 γὰρ
528 3877 676 3949 ὑμῖν,
706 3879 812 3941 ἕως
838 3878 903 3931 ἂν
942 3877 1185 3950 παρέλθῃ
1207 3879 1233 3931 6
1259 3878 1508 3950 οὐρανὸς,
1543 3879 1638 3932 καὶ
1664 3879 1698 3949 ὴ
1726 3881 1818 3949 γῆ,
1842 3878 1973 3932 ἰῶτα

389 3971 470 4037 ἓν,
499 3970 532 4041 ἢ
563 3969 659 4040 μία
694 3968 890 4039 κεραία
919 3970 979 4023 ού
1020 3969 1096 4040 μὴ
1123 3969 1369 4041 παρέλθῃ
1399 3969 1506 4022 ἀπὸ
1534 3969 1630 4022 τοῦ
1659 3970 1847 4040 νόμου,
1870 3969 1974 4034 ἓως

391 4062 459 4115 ἂν
497 4061 675 4114 πάντα
704 4060 949 4131 γένηται.
975 4079 994 4113 ι
1026 4060 1234 4132 Πληροϊ
1269 4060 1378 4133 γὰρ
1402 4059 1494 4114 τὸν
1523 4062 1687 4130 νόμον
1709 4060 1974 4114 διδάσκων

391 4149 460 4203 τά
493 4149 634 4222 ὑπὲρ
663 4150 845 4220 νόμον,
880 4150 973 4203 καὶ
1009 4149 1108 4202 ούκ
1138 4149 1244 4216 ἔξω
1272 4149 1436 4220 νόμου
1472 4149 1642 4212 τιθεὶς
1679 4149 1769 4203 τὸν
1818 4149 1974 4203 παιδ-

393 4241 800 4315 αγωγούμενον,
821 4241 896 4306 ὡς
925 4241 984 4296 ἐν
1013 4259 1077 4311 γε
1102 4241 1180 4313 τῷ
1209 4241 1376 4310 φάναι
1401 4243 1563 4313 τυχόν
1580 4259 1594 4272 ·
1637 4261 1655 4294 ι
1679 4242 1976 4296 Ἠκούσατε

391 4334 475 4387 δτι
519 4333 719 4406 ἐρρέθη
770 4335 882 4398 τοῖς
935 4326 1217 4405 ἀρχαίοιςλ
1265 4334 1340 4388 Ού
1375 4334 1678 4404 φονεύσεις·
1731 4333 1788 4398 ὃς
1835 4333 1881 4387 δ’
1910 4333 1976 4386 ἂν

391 4423 648 4496 φονεύσῃ,
679 4424 862 4495 ἔνοχος
889 4423 1042 4478 ἔσται
1068 4426 1134 4496 τῇ
1163 4423 1361 4495 κρίσει.
1379 4423 1521 4493 Ἐγὼ
1552 4424 1609 4477 δὲ
1639 4424 1782 4492 λέγω
1807 4425 1934 4496 ὑμῖν
1959 4441 1971 4454 ·

2073 1945 2403 2014 evangelica,
2433 1945 2526 1998 sed
2558 1945 2688 2014 ipsis
2712 1947 2876 2000 etiam
2905 1946 3142 2016 antiquis
3183 1956 3236 2001 et
3264 1963 3294 2000 a
3344 1946 3492 2002 Moss
3542 1957 3656 2000 tra-

2073 2035 2204 2090 ditis
2240 2038 2525 2105 praeceptis
2548 2037 2812 2092 imbutum
2847 2028 2934 2102 iri,
2983 2038 3176 2093 umbra
3224 2038 3474 2093 videlicet
3520 2037 3656 2108 legis

2074 2128 2428 2183 inveritatem
2463 2138 2845 2197 transmutata,
2901 2131 3081 2184 verbis
3131 2131 3429 2200 propositis
3504 2128 3659 2184 nobis

2074 2219 2333 2274 declarat.
2363 2220 2528 2291 768
2547 2220 2611 2274 Et
2645 2236 2751 2287 quo
2779 2222 2939 2276 modo
2961 2221 3226 2292 abjectam
3251 2231 3305 2276 et
3338 2221 3656 2290 dissipatam

2072 2312 2352 2380 pulchram
2387 2314 2592 2381 virgam
2624 2312 2758 2366 dixit
2787 2312 2964 2384 (quasi
2994 2315 3137 2368 enim
3192 2329 3290 2382 per
3324 2313 3659 2367 Chanaan-

2075 2417 2195 2456 rum
2228 2403 2476 2472 regiones
2534 2403 2777 2472 dispersa
2847 2413 2934 2458 est
2997 2405 3261 2460 institutio
3324 2401 3656 2473 evangelica,

2074 2494 2389 2548 circumlata
2422 2493 2678 2548 nimirum
2706 2510 2800 2564 per
2845 2505 3063 2550 sanctos
3107 2494 3424 2565 apostolos),
3483 2496 3553 2547 ita
3601 2503 3660 2548 et

2076 2583 2242 2638 altera
2274 2585 2447 2653 virga,
2482 2595 2611 2654 puta
2641 2584 2958 2648 Funiculus,
3011 2585 3125 2640 sive
3175 2585 3282 2651 lex,
3337 2585 3454 2640 loco
3497 2592 3661 2639 testa-

2076 2675 2241 2728 menti
2262 2690 2290 2728 a
2317 2674 2425 2728 Deo
2452 2677 2746 2730 constituta
2773 2676 2911 2730 inter
2939 2676 3132 2731 ludam
3194 2687 3248 2732 et
3278 2676 3462 2741 Israel,
3512 2678 3663 2733 idest

2081 2768 2394 2823 universum
2428 2784 2593 2838 genus
2626 2768 2832 2823 Israel:
2879 2769 3071 2825 Judam
3111 2773 3252 2826 enim
3289 2773 3424 2827 duas
3465 2771 3661 2827 Hiero-

2076 2860 2302 2931 solymis
2341 2861 2532 2925 tribus,
2560 2861 2729 2931 ipsam
2753 2860 2912 2928 Juda,
2949 2862 3194 2932 inquam,
3255 2873 3309 2918 et
3356 2863 3658 2934 Benjamin,

2076 2954 2241 3008 Israel
2275 2963 2456 3008 autem
2491 2955 2725 3024 reliquas
2757 2956 2940 3009 decem
2977 2956 3031 3010 in
3052 2956 3300 3011 Samaria
3354 2973 3476 3011 cum
3499 2955 3659 3012 Jero-

2075 3048 2232 3100 boam
2273 3045 2481 3100 locatas
2509 3046 2763 3116 appellat.
2795 3045 2931 3100 Data
2981 3042 3064 3101 est
3112 3047 3276 3117 igitur
3327 3046 3656 3104 Chananaais

2075 3137 2240 3190 etiam
2266 3135 2351 3190 lex
2387 3136 2679 3206 :Iegalibus
2699 3138 2840 3192 enim
2868 3147 2922 3192 et
2974 3137 3304 3207 evangelicis
3326 3139 3560 3196 decretis
3579 3140 3662 3196 in—

2078 3229 2343 3284 formatus
2373 3237 2477 3283 est.
2497 3229 2860 3296 Quamobrem
2911 3239 2967 3284 et
3015 3231 3266 3285 Salvator
3291 3231 3470 3286 aiebat
3504 3246 3522 3287 :
3560 3232 3662 3289 No-

2079 3321 2170 3376 lite
2189 3330 2401 3390 putare,
2429 3322 2684 3391 quoniam
2711 3324 2830 3376 veni
2881 3322 3092 3378 solvere
3142 3323 3334 3393 legem.
3381 3322 3496 3379 Non
3532 3328 3656 3382 veni

2076 3412 2310 3480 solvere,
2372 3413 2466 3467 sed
2517 3411 2834 3483 adimplere.
2891 3412 3023 3468 Dico
3069 3415 3214 3469 enim
3267 3415 3442 3482 vobis,
3491 3417 3663 3473 donec

2078 3513 2318 3558 transeat
2343 3504 2540 3558 ccelum
2573 3515 2627 3557 et
2655 3512 2796 3559 terra
2817 3544 2832 3568 ,
2861 3505 2965 3559 iota
3001 3521 3190 3572 unum,
3218 3517 3306 3560 aut
3341 3523 3479 3562 unus
3526 3523 3663 3578 apex

2077 3611 2182 3650 non
2206 3595 2506 3664 prasteribit
2529 3610 2559 3648 a
2583 3596 2720 3665 lege,
2756 3598 2925 3650 donec
2957 3597 3140 3650 omnia
3170 3597 3300 3651 (iant
3327 3598 3394 3652 ".
3426 3615 3444 3648 ι
3474 3597 3663 3652 Adim-

2075 3685 2190 3756 plet
2218 3687 2361 3741 enim
2391 3685 2586 3756 legem,
2621 3688 2818 3740 docens
2841 3702 2962 3757 quae
2988 3696 3112 3740 sunt
3143 3703 3304 3756 supra
3335 3687 3533 3758 legem,
3561 3701 3662 3744 nec

2077 3779 2277 3847 excipit
2311 3793 2339 3832 a
2371 3778 2488 3846 lege
2511 3794 2631 3833 eum
2661 3778 2754 3848 qui
2781 3779 3022 3843 docetur,
3052 3789 3111 3834 ut
3143 3795 3262 3834 cum
3302 3781 3453 3846 dicit,
3475 3795 3661 3836 exem-

2077 3869 2147 3938 pli
2198 3885 2402 3924 causa:
2439 3889 2457 3921 ι
2504 3869 2744 3923 Audistis
2802 3869 2924 3937 quia
2992 3870 3195 3924 dictum
3231 3877 3315 3926 est
3359 3870 3595 3940 antiquis
3632 3889 3646 3924 :

2075 3961 2192 4016 Non
2210 3961 2426 4016 occides
2457 3974 2473 4014 :
2503 3960 2594 4030 qui
2625 3970 2803 4014 autem
2835 3961 3114 4027 occiderit,
3145 3977 3266 4016 reus
3298 3961 3403 4015 erit
3433 3961 3659 4031 judicio.

2077 4052 2190 4123 Ego
2213 4061 2393 4107 autem
2419 4053 2540 4107 dico
2575 4051 2730 4106 vobis
2767 4069 2780 4104 :
2815 4052 3007 4106 Omnis
3043 4053 3132 4122 qui
3196 4052 3450 4106 irascitur
3508 4053 3663 4108 fratri

2078 4159 2176 4200 suo
2205 4145 2320 4199 sine
2346 4159 2532 4206 causa,
2583 4158 2708 4198 reus
2762 4144 2867 4199 erit
2901 4143 3101 4211 judicio
3137 4145 3205 4197 ὀ.
3249 4163 3267 4195 ι
3301 4145 3368 4199 Et
3402 4145 3601 4199 Iterum
3640 4161 3653 4197 :

2086 4254 2106 4286 ι
2147 4235 2393 4290 Audistis
2427 4235 2550 4304 quia
2582 4235 2787 4289 dictum
2817 4245 2902 4290 est
2932 4254 2947 4290 :
2991 4235 3106 4290 Non
3134 4237 3518 4292 moecbaberis.
3547 4237 3660 4308 Ego

2079 4339 2259 4383 autem
2285 4328 2405 4383 dico
2422 4327 2596 4394 vobis,
2635 4333 2759 4398 quia
2789 4330 2965 4384 omnis
2987 4329 3076 4398 qui
3099 4331 3245 4385 videt
3274 4330 3557 4386 mulierem
3591 4332 3658 4386 ad

2079 4421 2595 4491 concupiscendum,
2615 4421 2728 4488 jam
2766 4423 3068 4477 mcechatus
3098 4433 3185 4476 est
3220 4437 3338 4477 eam
3388 4423 3440 4478 in
3489 4425 3661 4480 corde

396 4513 522 4568 Ὀτι
555 4515 662 4576 πᾶς
707 4516 737 4567 6
788 4514 1142 4586 ὀργιζόμενος
1167 4513 1244 4584 τῷ
1273 4513 1488 4586 ἀδελφῷ
1518 4514 1686 4567 αὐτοῦ
1719 4516 1862 4586 είκῆ,
1893 4516 1976 4568 ἔν-

2085 4531 2183 4570 suo
2210 4516 2277 4569 ²¹.
2312 4513 2614 4583 rlmpletur
2636 4514 2780 4569 enim
2830 4515 2982 4580 illud,
3023 4533 3042 4566 ι
3097 4513 3213 4570 Non
3260 4516 3498 4581 occides,
3533 4533 3554 4570 ι
3612 4516 3660 4573 si

391 4623 518 4675 οχος
545 4605 701 4664 ἔσται
746 4609 813 4678 τῇ
848 4605 1044 4678 κρίσει.
1077 4623 1095 4655 r
1147 4604 1257 4658 Καὶ
1290 4605 1482 4660 πάλιν·
1517 4625 1535 4656 ι
1560 4605 1855 4659 Ἠκούσατε
1893 4607 1976 4659 ὅτι

2084 4607 2176 4661 ira:
2199 4607 2375 4660 locum
2408 4621 2514 4660 non
2538 4604 2830 4674 relinquas.
2877 4621 2998 4674 qua:
3035 4607 3198 4660 credis
3225 4607 3378 4661 radix
3404 4617 3459 4662 et
3490 4616 3662 4662 mater

395 4695 630 4768 ἐρρέθη·
679 4697 754 4750 Ού
791 4696 1117 4768 μοιχεύσεις.
1136 4693 1278 4764 Ἐγὼ
1317 4695 1374 4748 δὲ
1411 4695 1556 4766 λέγω
1585 4697 1714 4766 ὑμῖν
1747 4697 1828 4750 ὅτι
1867 4699 1975 4762 πᾶς

2081 4705 2184 4752 est.
2211 4697 2557 4752 Excludendo
2601 4707 2780 4751 autem
2811 4712 3001 4752 omnes
3055 4697 3401 4767 cupiditates,
3427 4713 3521 4752 seu
3565 4713 3661 4752 ca-

393 4789 424 4841 6
453 4789 667 4859 βλέπων
695 4792 928 4857 γυναῖκα
959 4789 1094 4859 πρὸς
1127 4787 1188 4841 τὸ
1221 4787 1579 4858 ἐπιθυμῆσαι,
1598 4788 1696 4858 ἤδη
1724 4789 1974 4858 ἐμοίχευ-

2083 4786 2332 4858 stigando
2363 4788 2687 4857 voluptates,
2750 4802 2973 4857 prorsus
3021 4789 3184 4842 etiam
3244 4788 3489 4843 adulterii
3529 4801 3657 4858 per-

399 4897 491 4934 σεν
514 4880 772 4952 αύτὴνέν
803 4882 870 4950 τῇ
899 4879 1099 4951 καρδίᾳ
1135 4877 1322 4934 αὐτοῦ.
1353 4897 1372 4930 r
1394 4879 1840 4948 Ἄποπεραίνεται
1866 4879 1975 4950 γὰρ

2088 4880 2336 4950 petrandi
2365 4880 2532 4936 libido
2565 4880 2810 4935 tollitur:
2846 4880 2986 4935 sicut
3011 4881 3265 4936 videlicet
3312 4897 3432 4936 cum
3467 4881 3665 4935 radici-

393 4972 475 5035 τὸ,
521 4991 540 5022 ι
574 4972 649 5024 Οὐ
681 4970 981 5038 φονεύσεις,
1008 4990 1028 5022 ι
1061 4970 1136 5034 ὠς
1165 4969 1224 5024 ἐν
1264 4987 1327 5039 γε
1355 4969 1434 5039 τῷ
1465 4969 1849 5040 παραιτεῖσθαι
1874 4971 1976 5042 τὴν

2090 4974 2190 5027 bus
2218 4973 2342 5027 inde
2365 4974 2680 5029 exsistentia
2722 4973 2966 5045 germina
3011 4987 3255 5028 marcere
3309 4970 3661 5038 allirmamus,

394 5060 584 5132 ὀργὴν,
614 5062 650 5132 ἡ
675 5059 801 5132 ῥίζα
826 5061 887 5114 τέ
933 5063 1050 5115 ἐστι
1092 5059 1185 5114 τοῦ
1220 5062 1382 5128 φόνου
1411 5061 1505 5113 καὶ
1548 5061 1782 5128 γένεσις.
1821 5062 1893 5114 Τὸ
1917 5063 1973 5115 δὲ

2081 5078 2201 5133 quas
2234 5065 2414 5133 potius
2453 5066 2596 5120 nulla
2625 5067 2846 5120 omnino
2879 5075 3230 5120 enascuntur.

400 5155 521 5226 μηδ’
551 5155 687 5218 ὅλως
721 5153 1057 5226 εἰσδέχεσθαι
1079 5156 1178 5218 τὰς
1217 5154 1535 5224 ἐπιθυμίας,
1559 5156 1726 5226 ἡγουν
1747 5155 1997 5219 κολάζειν
2035 5157 2133 5220 τὰς
2163 5157 2379 5228 ἡδονὰς,
2417 5158 2818 5230 συναναιρεῖταί
2881 5175 2984 5210 που
3042 5158 3261 5219 πάντως
3295 5154 3390 5225 τῆς
3419 5153 3662 5223 μοιχείας

395 5254 426 5305 6
474 5251 696 5322 τρόπος,
730 5250 986 5320 καθάπερ
1026 5251 1216 5320 ἀμέλει
1267 5251 1361 5304 καί⁵
1408 5249 1585 5321 ῥίζαις
1623 5252 2208 5322 συναπομαραίνεσθαί-
2239 5269 2420 5323 φαμεν
2462 5253 2532 5306 τὰ
2570 5253 2630 5318 ἐξ
2701 5253 2881 5307 αὐτῶν
2949 5251 3324 5322 βλαστήματα,
3369 5248 3570 5321 μᾶλλον
3603 5250 3662 5304 δέ

397 5346 519 5399 οὐδὲ
549 5345 835 5415 ἁνὰσχοιεν
863 5345 1019 5408 ὅλως.

467 5443 576 5497 Kal
609 5439 740 5497 εἷπε
791 5445 1008 5512 Κύριος
1059 5444 1207 5510 πρός
1249 5459 1356 5513 με’
1391 5444 1514 5494 Ἔτι
1556 5442 1702 5496 λάϐε
1743 5441 1977 5506 σεαυτῷ

2160 5444 2323 5499 Vens.
2362 5444 2448 5508 15,
2489 5445 2572 5499 16.
2628 5443 2697 5496 Et
2729 5445 2866 5497 dixit
2911 5444 3169 5500 Dominus
3231 5448 3300 5500 ad
3321 5461 3400 5498 me
3430 5461 3448 5498 :
3477 5444 3662 5498 Adhuc

395 5537 589 5604 σκεύη
642 5537 956 5608 ποιμενικὰ
1000 5537 1281 5604 ποιμένος
1326 5537 1597 5602 ἀπείρου,
1644 5535 1792 5588 διότι
1849 5534 1976 5589 ἰδοὺ

2083 5552 2226 5588 sume
2253 5536 2343 5588 tibi
2406 5553 2529 5590 vasa
2595 5538 2908 5603 pastoralia,
2969 5538 3197 5604 pastoris
3239 5537 3486 5605 imperiti,
3536 5536 3660 5603 quia

393 5629 509 5697 ἐγὼ
555 5629 833 5699 ὲξεγείρω
860 5629 1114 5698 ποιμένα
1157 5629 1404 5698 ἄπειρον
1437 5629 1534 5682 ἐπί
1581 5628 1695 5694 τὴν
1729 5627 1864 5697 γῆν.
1905 5629 1974 5681 Ἠ)

2081 5643 2195 5680 ecce
2211 5644 2302 5695 ego
2329 5631 2520 5679 suscita
2538 5639 2798 5695 pastorem
2830 5645 2986 5697 super
3015 5642 3231 5683 terram.
3259 5628 3526 5697 Deﬁciem
3558 5643 3660 5679 nou

394 5707 770 5789 ἐκλιμπάνον
795 5721 866 5772 οὐ
887 5719 973 5788 μὴ
1011 5719 1430 5787 ἐπισκέψ-ηται,
1460 5719 1554 5770 καὶ
1584 5718 1651 5770 τὸ
1701 5717 1975 5784 διεσκορ-

2081 5717 2334 5780 risitabit,
2359 5725 2406 5769 et
2436 5718 2732 5786 dispersum
2756 5735 2857 5771 non
2893 5721 3138 5789 requiret,
3177 5731 3222 5772 et
3252 5719 3532 5772 contritum
3556 5733 3658 5768 non

465 5811 506 5841 “
531 5808 778 5878 Joan.tv,
812 5809 903 5865 25.
984 5812 1023 5842 ”
1060 5809 1248 5865 Matth.
1281 5812 1482 5879 vn,l5.
1563 5808 2003 5874 "Galat.tn,2i.
2087 5809 2126 5839 "
2153 5807 2406 5878 Muttlt.v,
2439 5813 2522 5877 I7,
2561 5813 2638 5866 l8.
2718 5813 2910 5868 “Ibid.
2939 5814 3027 5878 2I,
3056 5814 3145 5868 2‘2.
3223 5815 3264 5844 "
3303 5809 3540 5875 Ibid.27,
3565 5808 3655 5863 ‘28.
