4120 6376
506 366 602 421 199

1496 361 1559 414 ⁷5.
1593 350 1874 413 CYRTLLI
1908 348 2379 409 ALEXANDBINI
2418 344 2745 405 A‘RCIHICP.

3659 342 3763 404 9ου

503 487 730 551 armabit,
762 496 809 541 el
831 486 1088 554 integrum
1119 494 1220 536 nan
1248 478 1457 551 diriget,
1490 490 1536 533 et
1568 495 1749 532 (ames
1800 479 2076 530 electorum

2198 469 2481 538 τισμένον
2529 470 2604 522 οὐ
2634 468 2720 536 μὴ
2755 466 3002 534 ζητήσῃ,
3033 466 3129 519 καὶ
3160 466 3226 518 τὸ
3258 463 3763 533 συντετριμμένον

503 578 791 645 άευοναὸὶι,
824 587 870 630 et
900 577 1031 629 talos
1048 590 1226 627 eorum
1261 582 1532 641 pervertet.

572 836 859 896 LXXXIV.
893 837 1051 902 Boni,
1080 834 1338 906 sapientis
1364 833 1628 903 peritique
1671 829 1921 899 pastoris,
1971 820 2078 881 lto‘e

502 944 589 988 est
619 933 848 997 Christi,
875 931 1057 999 virgas
1086 931 1242 995 duas,
1275 941 1410 996 quas
1432 924 1681 995 proiecit,
1726 933 1783 977 et
1809 920 1862 975 in
1899 920 2079 990 regio-

507 1027 668 1079 nibus
697 1023 1125 1079 Cltananaeorum
1152 1017 1533 1085 dissipavit,eo
1566 1014 1726 1068 modo
1756 1012 1884 1081 {quo
1916 1024 2078 1078 supra

509 1134 540 1170 a
571 1115 727 1171 nobis
754 1113 1083 1183 explicatum
1125 1118 1229 1172 est,
1270 1101 1434 1179 769
1462 1106 1677 1175 quidam
1710 1111 2082 1172 cognoverunt

512 1206 723 1264 Domini
766 1205 998 1260 Verbum
1060 1218 1199 1259 esse.
1253 1201 1611 1256 Crediderunt
1654 1196 1823 1259 enim,
1860 1201 1918 1246 ut
1946 1192 2080 1257 dixi,

508 1297 656 1366 quod
709 1310 831 1350 cum
859 1293 1001 1348 Deus
1060 1302 1226 1355 esset,
1252 1304 1321 1345 ex
1364 1290 1475 1342 Deo
1516 1286 1678 1340 Patre
1730 1280 2080 1336 inenarrabili

509 1388 720 1443 ratione
773 1386 1014 1456 genitum
1080 1381 1335 1444 Verbum,
1388 1388 1670 1448 postquam
1712 1373 1880 1429 nostri
1909 1371 2084 1426 simile

509 1488 694 1533 natum
753 1486 858 1541 est,
915 1486 973 1531 et
1021 1475 1272 1543 princeps
1328 1479 1604 1542 pastorum
1648 1465 1969 1536 appellatum
2013 1464 2082 1527 ",

509 1569 644 1639 ipsis
678 1569 746 1623 ad
771 1567 1160 1639 mystagogiam
1183 1573 1239 1618 et
1257 1563 1323 1617 ad
1351 1562 1595 1617 notitiam
1632 1566 1940 1614 accuratam
1969 1569 2087 1625 my--

515 1660 667 1715 sterii
699 1659 806 1724 sui,
840 1656 1208 1728 evangelicam
1235 1653 1632 1709 inStiIutioncm
1665 1658 1717 1704 et
1742 1647 2088 1703 illuutinatio-

514 1765 662 1816 nem,
700 1750 1037 1821 legalemqne
1084 1747 1253 1802 etiam
1319 1744 1665 1813 disciplinam
1721 1738 2083 1811 proposuerit.

2179 562 2251 614 οὐ
2276 560 2362 628 μὴ
2389 558 2652 625 ἰάσηται,
2686 558 2783 611 καὶ
2809 557 2875 610 τὸ
2901 557 3241 624 ὀλόκληρον
3270 556 3342 610 οὐ
3368 556 3454 623 μὴ
3478 556 3763 610 κατευθύ-

2178 667 2280 717 sm,
2313 649 2413 702 καὶ
2450 648 2523 702 τὰ
2559 647 2707 716 κρέα
2731 646 2851 701 τῶν
2881 645 3182 700 ἐκλεκτῶν
3211 645 3631 715 καταφάγεται,
3660 645 3760 699 καὶ

2179 743 2321 808 τοὺς
2349 740 2773 809 ἀστραγάλους
2807 736 3007 793 αὐτῶν
3036 736 3380 805 ἑκστρέψει.

2251 835 2374 888 ΠΔ¹.
2422 832 2528 887 Τοῦ
2567 831 2776 900 ἀγαθοῦ
2816 829 3093 901 ποιμένος,
3123 829 3287 897 σοφοῦ
3318 846 3378 881 τε
3412 828 3508 882 καὶ
3539 828 3765 899 ἐπιστή-

2182 942 2365 995 μονος,
2394 923 2642 976 τουτέστι
2685 920 2943 991 Χριστοῦ,
2973 918 3072 983 τὰς
3122 918 3216 972 δύο
3269 917 3497 987 ῥάϐδους
3530 918 3763 989 ἀπορῥίο

2180 1018 2380 1089 ψαντός
2413 1034 2471 1070 τε
2500 1014 2597 1070 καὶ
2623 1014 3075 1075 διασκεδάσαντος
3097 1012 3155 1064 ὲν
3178 1014 3299 1074 ταῖς
3313 1010 3421 1062 τῶν
3447 1008 3765 1063 Χαναναίων

2182 1110 2410 1182 χώραις,
2440 1110 2583 1164 κατὰ
2628 1109 2756 1171 τοὺς
2788 1106 2891 1177 ἤδη
2939 1102 3477 1177 προαποδεδομένους
3506 1102 3763 1173 τρόπους,

2183 1205 2232 1256 oi
2274 1204 2373 1274 μὲν
2409 1200 2713 1270 ἐγνώκασιν
2735 1200 2818 1253 ὅτι
2844 1198 3015 1266 Λόγος
3048 1195 3254 1267 Κυρίου
3293 1193 3430 1247 Earl.
3465 1190 3766 1246 Πεπιστεύ-

2184 1312 2315 1350 κασι
2340 1293 2469 1364 γὰρ,
2501 1293 2578 1356 ὡς
2623 1291 2779 1361 ἔφην.
2810 1291 2890 1344 ὅτι
2918 1288 3050 1352 Θεὸς
3092 1287 3169 1341 ὣν
3217 1289 3247 1341 ὁ
3283 1287 3349 1339 ἐκ
3385 1283 3521 1338 Θεοῦ
3555 1283 3766 1353 [ἰατρὸς

2184 1384 2512 1457 ἁπορῥήτως
2541 1380 2939 1450 γεγεννημένος
2972 1379 3166 1446 Λόγος,
3204 1375 3391 1446 ἐπειδὴ
3419 1375 3610 1443 γέγονε
3635 1371 3767 1425 καθ’

2186 1476 2356 1545 ἡμᾶς,
2394 1469 2768 1543 κεχρημάτικέ
2805 1485 2865 1521 τε
2897 1467 3007 1520 τῶν
3037 1466 3173 1520 ὂλων
3206 1463 3565 1536 ἀρχιποίμην,
3601 1458 3771 1532 προῦ-

2187 1567 2353 1638 θηκεν
2380 1566 2562 1627 αὐτοῖς
2587 1565 2666 1626 είς
2696 1559 3085 1632 μυσταγωγίαν
3112 1557 3206 1611 καὶ
3229 1558 3309 1619 εἰς
3339 1556 3529 1627 εἷδησιε
3565 1551 3766 1623 ἀκριϐῆ

2185 1657 2280 1712 τοῦ
2311 1655 2435 1711 καθ’
2465 1652 2657 1708 ἑαυτὸν
2697 1648 2999 1723 μυστηρίου
3033 1649 3134 1720 τήν
3161 1664 3221 1699 τε
3255 1645 3615 1714 εὐαγγελικὴν
3639 1642 3767 1695 παί-

2187 1750 2370 1803 δευσιν
2411 1748 2509 1802 καὶ
2553 1742 2956 1815 φωταγωγίαν,
3012 1740 3107 1794 καὶ⁵
3154 1738 3336 1809 μέντοι
3379 1736 3478 1805 τὴν
3514 1734 3764 1815 νομικὴν.

512 1843 622 1899 Has
649 1814 797 1899 enim
830 1814 966 1898 duas
1000 1856 1123 1897 esse
1152 1841 1332 1908 virgas
1352 1837 1686 1899 dicebamus,
1746 1834 1942 1902 quibus
1991 1846 2089 1887 nos

2198 1839 2410 1903 Ταύτας
2440 1837 2550 1909 γὰρ
2569 1814 2576 1815 7
2596 1832 2735 1889 εἶναι
2765 1833 2864 1895 τὰς
2893 1831 2988 1884 δύο
3022 1828 3247 1902 ῥάϐδους
3288 1825 3566 1895 ἐλέγομεν,
3597 1822 3664 1875 δι’
3692 1814 3769 1887 ὧν

510 1937 687 2005 pascit
710 1933 962 1988 Christus
996 1950 1017 1983 ι
1052 1931 1105 1985 in
1135 1927 1355 2000 pascuis
1409 1926 1585 1988 bonis,
1638 1933 1690 1977 et
1722 1923 1922 1977 inloco
1963 1921 2088 1989 pin-

511 2029 622 2099 gui,
663 2045 684 2079 ι
716 2035 776 2080 ιιι
804 2025 1068 2093 scriptum
1085 2021 1350 2077 exstat”.
1402 2017 1606 2072 Verum
1661 2014 1829 2070 Judaei
1871 2030 1976 2069 non
2007 2014 2089 2067 in-

513 2115 824 2184 telligentes
885 2112 1226 2182 mysterium,
1265 2119 1322 2162 et
1371 2109 1681 2178 ignorantes
1714 2106 1922 2174 virgam
1967 2103 2091 2175 pul»

511 2210 722 2271 cbram,
748 2205 854 2259 hoc
873 2212 962 2259 est
1012 2201 1446 2272 praedicationem
1476 2196 1861 2268 evangelicam,
1899 2204 1954 2250 et
2003 2196 2089 2251 in-

511 2310 676 2364 super
705 2293 932 2348 alteram
968 2290 1194 2361 virgam,
1224 2291 1313 2346 cui
1376 2303 1575 2345 nomen
1635 2286 1949 2353 Funieulus,
1995 2288 2091 2343 de-

513 2384 722 2452 spectui
755 2382 1043 2445 habentes,
1071 2380 1243 2450 legem
1273 2394 1371 2449 per
1398 2377 1582 2433 Mosen
1629 2378 1810 2431 datam
1858 2376 2087 2441 scilicet,

516 2476 676 2532 ﬁdem
708 2475 1080 2545 repudiarunt,
1104 2483 1161 2527 et
1184 2486 1282 2542 per
1309 2472 1480 2541 legem
1516 2485 1580 2524 ac
1632 2469 1925 2538 prophetas
1953 2482 2088 2536 prae-

517 2567 824 2621 nuntiatum
855 2566 1190 2629 nescierunt,
1232 2563 1284 2616 id
1312 2561 1456 2632 quod
1504 2561 1584 2615 eis
1631 2567 1817 2628 aperte
1846 2556 2093 2613 Salvator

515 2661 632 2728 ipse
652 2658 1038 2728 exprobravit;
1070 2676 1092 2710 ‹
1120 2657 1199 2713 Ne
1218 2655 1418 2725 putetis
1441 2654 1580 2723 quod
1616 2668 1716 2724 ego
1744 2660 2093 2708 accusaturus

517 2754 619 2808 sim
652 2766 752 2806 vos
783 2752 924 2822 apud
952 2750 1195 2806 Patrem.
1225 2749 1319 2805 Est
1335 2749 1425 2818 qui
1454 2756 1676 2802 accusat
1699 2762 1797 2801 vos
1823 2745 2016 2809 Moses,
2039 2747 2092 2798 in

517 2860 678 2915 quem
710 2859 809 2899 vos
840 2842 1094 2913 speratis.
1132 2839 1192 2896 Si
1214 2841 1358 2896 enim
1392 2838 1690 2893 crederetis
1719 2837 1876 2901 Mosi,
1901 2836 2094 2891 crede-

2194 1935 2342 2005 ἡμᾶς
2374 1926 2797 1998 καταποιμαίνει
2841 1922 3076 1992 Χριστὸς
3127 1941 3147 1972 ι
3181 1921 3238 1972 ἐν
3276 1919 3415 1988 νομῇ
3446 1914 3648 1985 ἀγαθῇ,
3676 1913 3770 1966 καὶ

2195 2033 2254 2084 ὲν
2284 2029 2437 2097 τόπῳ
2463 2025 2626 2088 πίονι,
2664 2041 2682 2072 ι
2726 2017 2872 2073 καθὰ
2902 2016 3230 2086 γέγραπται.
3249 2011 3384 2064 Ἀλλ’
3416 2010 3478 2063 οὐ
3522 2007 3768 2067 συνέντες

2209 2121 2452 2175 Ἰουδαῖοι
2476 2117 2538 2169 τὸ
2569 2115 2887 2186 μυστήριον,
2906 2106 3232 2177 ἠγνοηκότες
3258 2103 3313 2155 δὲ
3337 2103 3432 2156 καὶ
3458 2099 3556 2172 τὴν
3580 2097 3772 2169 ῥάϐδον

2195 2208 2294 2279 τὴν
2347 2205 2539 2275 καλὴν,
2577 2199 2844 2261 τουτέστι,
2876 2197 2938 2249 τὸ
2990 2196 3254 2265 κήρυγμα
3295 2191 3356 2243 τὸ
3398 2186 3769 2257 εὐαγγελικὸν,

2197 2278 2294 2353 καὶ
2320 2296 2542 2368 προσέτι
2571 2290 2780 2354 τούτοις
2803 2289 2901 2361 τὴν
2930 2288 3121 2357 ἑτέραν
3154 2281 3520 2352 ἀτιμάσαντες
3555 2278 3770 2349 ῥάϐδον,

2197 2386 2233 2466 ᾖ
2263 2391 2435 2460 ὄνομα
2468 2386 2786 2456 Σχοίνισμα,
2799 2381 3045 2435 τουτέστι
3081 2378 3173 2431 τὸν
3206 2376 3293 2430 διὰ
3320 2372 3563 2435 Μωσέως
3587 2370 3770 2439 νόμον,

2197 2459 2260 2534 οὐ
2291 2459 2639 2549 προσήκειντο
2672 2474 2772 2543 μὲν
2804 2471 2901 2541 τὴν
2922 2469 3129 2532 πίστιν,
3159 2465 3463 2536 ἠγνοήκασι
3489 2461 3546 2514 δὲ
3573 2459 3664 2513 τὸν
3685 2459 3773 2512 διὰ

2200 2572 2366 2641 νόμου
2391 2568 2487 2621 καὶ
2523 2563 2817 2637 προφητῶν
2843 2557 3341 2632 προηγορευμένον,
3371 2554 3466 2607 καὶ
3493 2550 3651 2605 τοῦτο
3679 2549 3774 2603 αύ-

2199 2665 2311 2726 τοίς
2343 2660 2581 2731 ἔφασκεν
2606 2653 2854 2726 ἐναργῶς
2882 2651 3043 2715 αὐτὸς
3068 2650 3096 2701 ό
3124 2648 3343 2716 Σωτήρο
3388 2662 3409 2696 ι
3428 2641 3520 2712 Μὴ
3546 2641 3769 2703 δοκεῖτε,

2198 2755 2282 2808 ὅτι
2320 2753 2428 2820 ἐγὼ
2464 2748 2823 2819 κατηγορήσω
2872 2742 3026 2814 ὑμῶν
3059 2739 3194 2810 πρὸς
3222 2737 3312 2791 τὸν
3340 2733 3774 2802 Πατέρα.Ἕστιν

2201 2849 2230 2901 ὁ
2252 2842 2572 2914 κατηγορῶν
2602 2838 2756 2904 ὑμῶν
2782 2836 3007 2905 Μωσῆς,
3026 2834 3106 2895 εἰς
3128 2831 3190 2883 ὃν
3221 2829 3376 2898 ὑμεῖς
3404 2825 3695 2914 ἠλπίκατεο
3714 2822 3776 2914 iii

518 2938 652 2993 retis
686 2934 909 2991 fortisan
932 2943 989 2989 et
1019 2933 1153 2988 mihi
1183 2951 1196 2985 :
1221 2933 1290 2987 de
1324 2946 1410 2985 me
1431 2931 1576 2985 enim
1613 2930 1703 2984 ille
1743 2929 1980 2998 scripsit.
2035 2927 2091 2981 Si

2202 2934 2312 3005 γὰρ
2337 2910 2650 2986 ἐπιστεύετε
2678 2927 2886 2985 Μωσεῖ.
2907 2919 3220 2975 ἐπιστεύετε
3246 2917 3312 2970 ἂν
3341 2915 3484 2985 ἐμοί’
3518 2912 3647 2983 περὶ
3672 2910 3778 2980 γὰρ

518 3039 702 3083 autem
735 3025 1102 3082 illiuslitteris
1133 3039 1237 3077 non
1294 3023 1541 3088 creditis,
1600 3021 1870 3090 quomodo
1919 3018 2095 3073 verbis

2202 3002 2339 3096 ἐμοῦ
2366 3023 2569 3082 ἐκεῖνος
2601 3014 2862 3087 ἔγραψεν.
2893 3010 2956 3064 Ei
2988 3010 3045 3063 δὲ
3071 3011 3181 3070 τοῖς
3221 3005 3430 3060 ἐκείνου
3459 3002 3781 3073 γράμμασιν

518 3120 659 3177 meis
683 3117 1018 3176 credetis“?
1050 3135 1069 3168 ι
1093 3114 1301 3170 Nullam
1319 3115 1484 3184 igitur
1508 3114 1895 3168 dubitationem
1911 3110 2092 3176 habet,

2202 3116 2264 3170 ού
2299 3111 2605 3174 πιστεύετε,
2632 3107 2750 3170 πῶς
2784 3107 2894 3166 τοῖς
2919 3103 3075 3172 ἐμοῖς
3125 3101 3331 3170 ῥήμασι
3359 3093 3720 3157 πιστεύσετες
3754 3112 3774 3145 ι

519 3229 617 3270 eos
644 3226 820 3280 neque
843 3209 1038 3264 litteris
1072 3206 1342 3270 Mosaicis,
1372 3219 1547 3273 neque
1567 3204 1750 3259 verbis
1796 3201 2095 3257 Salvatoris

2203 3211 2361 3264 Ἔστι
2384 3204 2561 3261 τοίνυν
2587 3197 2887 3269 οὐδαμόθεν
2914 3193 3235 3265 ἀμφίλογον,
3266 3189 3341 3252 ὡς
3369 3186 3490 3240 οὔτε
3514 3186 3627 3249 τοῖς
3646 3184 3781 3238 Μω-

521 3307 682 3363 ﬁdem
704 3301 1036 3360 adhibuisse.
1066 3300 1204 3365 Quia
1235 3312 1363 3353 vero
1438 3297 1800 3366 cognitionem
1850 3294 2095 3350 veritatis

2204 3300 2342 3361 σέως
2392 3290 2789 3349 πεπιστεύκασι
2826 3285 3171 3357 γράμμασιν,
3198 3278 3322 3332 οὕτε
3374 3276 3480 3347 μὴν
3526 3277 3642 3338 τοῖς
3684 3269 3779 3325 τοῦ

534 3395 809 3468 aspernati
838 3402 992 3453 sunt,
1019 3392 1280 3461 scriptum
1303 3399 1388 3445 est
1413 3404 1441 3443 a
1464 3388 1629 3443 Paulo
1655 3386 2057 3454 sapientissimo
2081 3401 2095 3436 :

526 3502 551 3538 ι
578 3483 707 3538 Ideo
729 3482 907 3535 mittet
951 3478 1058 3533 illis
1085 3477 1229 3532 Deus
1248 3477 1617 3546 operationem
1645 3475 1873 3540 erroris,
1899 3485 1955 3528 ut
1981 3489 2103 3529 cre-

524 3575 658 3630 dant
676 3572 956 3628 mendacio
985 3571 1051 3628 ".
1085 3588 1104 3621 ι
1132 3568 1512 3638 Operationem
1568 3567 1770 3623 erroris
1821 3567 2101 3622 Antichri-

524 3678 669 3722 stum
696 3677 819 3719 esse
842 3662 991 3721 dicit.
1034 3660 1120 3714 cui
1144 3660 1345 3714 addicti
1394 3658 1562 3714 Judaei
1605 3659 2025 3722 damnabuntur,
2046 3667 2102 3713 et

536 3773 703 3812 verax
740 3754 1041 3824 reperietur
1061 3752 1310 3807 Salvator
1332 3750 1629 3806 incredulis
1652 3750 1884 3804 dicens:
1920 3767 1941 3800 ι
1990 3749 2101 3819 Ego

527 3851 654 3906 veni
679 3850 732 3904 in
776 3848 998 3902 nomine
1020 3844 1201 3899 Patris
1223 3844 1347 3907 mei,
1377 3853 1432 3896 et
1454 3858 1560 3897 non
1610 3842 2001 3911 accipitisme:
2056 3841 2100 3896 si

528 3939 667 3994 alius
687 3937 895 3992 venerit
923 3936 980 3989 in
1007 3935 1224 3989 nomine
1243 3947 1365 3998 suo,
1389 3931 1536 3986 illum
1552 3930 1833 4000 accipietis
1858 3932 1923 3984 ”.
1951 3949 1969 3981 ι
2003 3928 2102 3984 Ju-

528 4031 674 4085 daaos
704 4030 869 4098 igitur
892 4026 1062 4082 tilium
1102 4023 1413 4094 iniquitatis
1443 4022 1570 4077 olim
1616 4037 1738 4077 cum
1792 4022 2105 4091 apparuerit

527 4122 664 4176 citra
692 4118 1089 4174 cunctationem
1111 4124 1481 4185 suscepturos,
1544 4131 1565 4165 ‹
1623 4113 2002 4169 adversantem
2033 4113 2105 4181 [et

527 4212 874 4271 extollentem
900 4223 1137 4279 sesupra
1162 4222 1326 4262 omne
1372 4206 1517 4275 quod
1554 4205 1751 4261 dicitur
1808 4204 1969 4268 Deus,
2012 4213 2106 4258 aut

530 4307 671 4376 quod
688 4303 904 4366 colitur,
929 4301 1004 4355 ita
1038 4309 1097 4353 ut
1132 4300 1185 4353 in
1218 4297 1416 4366 templo
1449 4296 1540 4351 Dei
1566 4297 1773 4361 sedeat,
1812 4298 2106 4351 ostendens

530 4414 590 4454 se
619 4404 875 4466 tanquam
908 4394 982 4450 sit
1000 4393 1132 4448 deus
1161 4392 1228 4455 ’⁷,
1272 4409 1292 4444 ι
1324 4390 1652 4445 nescientem
1682 4390 1820 4443 bene
1855 4397 1907 4443 et
1949 4389 2105 4444 docte

2201 3389 2452 3459 Σωτῆρος
2483 3375 2981 3457 ῥήμασιν.Ὲπειδὴ
3006 3373 3065 3426 δὲ
3097 3371 3194 3440 τῆς
3224 3365 3483 3437 ἀληθείας
3517 3363 3617 3433 τὴν
3646 3360 3783 3430 γνῶν

2203 3501 2288 3538 σιν
2425 3456 2809 3549 παρεδέξαντο,
2849 3488 2869 3523 ι
2898 3467 3188 3538 Ταύτῃτοι,
3214 3461 3379 3533 φησιν
3414 3462 3444 3513 ό
3476 3456 3781 3527 σοφώτατος

2202 3575 2436 3640 Παῦλος,
2469 3569 2680 3642 πέμψει
2710 3567 2894 3628 αὐτοῖς
2918 3565 2946 3617 ὁ
2979 3561 3111 3622 Θεὸς
3139 3557 3420 3625 ἐνέργειαν
3454 3552 3681 3622 πλάνης,
3701 3552 3782 3642 εἰς

2202 3668 2264 3722 τὸ
2287 3640 2576 3721 πιστεῦσαι
2602 3658 2804 3721 αὐτοὺς
2829 3655 2910 3726 τῷ
2934 3652 3140 3722 ψεύδει.
3171 3667 3191 3701 ι
3231 3645 3543 3716 Ἐνέργειαν
3589 3643 3647 3695 δὲ
3683 3640 3783 3710 τῆς

2204 3760 2415 3829 πλάνης
2439 3756 2533 3810 τὸν
2560 3750 2929 3822 Ἀντίχριστον
2957 3740 3095 3798 εἷναί
3121 3756 3307 3811 φησιν,
3328 3730 3373 3803 ᾧ
3393 3732 3780 3805 προστεθέντες

2217 3851 2461 3906 Ἰουδαῖοι
2511 3840 3011 3912 κατακριθήσονται
3031 3873 3049 3898 ,
3087 3832 3186 3887 καὶ
3231 3827 3560 3884 πιστώσεται
3608 3824 3779 3909 λέγων

2204 3945 2387 4006 αὐτοῖς
2414 3942 2443 3994 ὁ
2472 3937 2684 4008 Σωτὴρ,
2704 3930 2948 3988 ἀπειθεῖν
2970 3926 3265 4000 ᾑρημένοις
3283 3940 3298 3955 ’
3332 3941 3352 3973 ι
3377 3918 3518 3988 Ἐγὼ
3544 3915 3778 3988 ἐλήλυθα

2204 4041 2265 4091 ὲν
2285 4035 2364 4106 τῷ
2390 4033 2618 4104 ὀνόματι
2643 4026 2739 4082 τοῦ
2771 4021 2986 4094 Πατρός
3015 4036 3140 4092 μου,
3165 4017 3260 4072 καὶ
3279 4016 3339 4069 οὐ
3360 4009 3665 4083 λαμϐάνετέ

2204 4130 2300 4184 ἐὰν
2328 4099 2499 4188 ἀλλος-
2533 4122 2662 4195 ἔλθῃ
2690 4122 2747 4173 ἐν
2776 4116 2855 4186 τῷ
2878 4114 3105 4182 ὀνόματι
3152 4109 3231 4178 τῷ
3284 4106 3420 4175 ἰδίῳ,
3450 4105 3656 4158 ἐκεῖνον
3686 4099 3782 4170 λή-

2203 4219 2394 4290 ψεσθε.
2422 4217 2577 4271 ιὊτι
2605 4190 2787 4266 τοίνυν
2823 4206 3067 4262 Ἰουδαῖοι
3101 4200 3353 4273 μέλλουσι
3387 4194 3527 4251 κατὰ
3560 4190 3784 4262 καιροὺς

2209 4280 2488 4380 πεφηνότα
2535 4305 2628 4358 τὸν
2680 4303 2784 4372 τῆς
2828 4296 3058 4368 ἀνομίας
3090 4293 3205 4347 υἱὸν
3238 4286 3502 4380 ἀμελλητὶ
3553 4280 3787 4380 maps-

2205 4369 2421 4474 χεσθαι,
2461 4415 2481 4448 ι
2517 4393 2608 4448 τὸν
2636 4369 3021 4458 ἀντικείμενον
3064 4384 3162 4440 καὶ
3219 4375 3646 4450 ὑπεραιρόμενον
3693 4369 3785 4422 ἐπὶ

531 4462 777 4560 pascere,
812 4485 986 4555 ﬁgura
1033 4483 1267 4552 quadam
1302 4497 1332 4535 a
1386 4481 1649 4551 propheta
1699 4478 2095 4548 praeuionstrari

2208 4462 2388 4544 πάντα
2422 4485 2713 4554 λεγόμενον
2758 4477 2912 4543 Θεὸν,
2941 4476 2976 4545 ἦ
3022 4473 3296 4541 σέϐασμα,
3321 4468 3462 4522 ὥστε
3510 4463 3671 4516 αὐτὸν
3704 4462 3783 4521 εἰς

2400 4573 2411 4575 ’
2562 4570 2588 4575 ’³
2631 4569 2659 4575 ⁸
2730 4566 2755 4575 ’⁵
2865 4564 2916 4575 ⁸·
3075 4563 3087 4575 ι
3177 4559 3201 4575 εδ
3326 4556 3449 4575 1η..-
3481 4550 3668 4575 1--.-λ..
3703 4548 3779 4575 2...

531 4580 676 4635 Deus
701 4577 874 4648 jubet,
910 4577 998 4633 bis
1025 4574 1207 4629 verbis
1232 4589 1246 4628 :
1278 4590 1297 4624 ι
1337 4571 1528 4626 Adhuc
1550 4586 1704 4625 sume
1734 4571 1826 4625 tibi
1863 4585 1989 4625 vasa
2016 4584 2106 4638 pa-

531 4670 753 4727 storalia
781 4667 1016 4739 pastoris
1042 4665 1298 4736 imperiti.
1335 4682 1355 4717 ι
1381 4663 1636 4719 Pastores
1658 4663 1801 4717 enim
1832 4662 2102 4726 metiores,

530 4772 588 4819 et
619 4762 921 4817 studiorum
973 4774 1093 4829 qua?
1141 4764 1373 4812 tractant
1432 4754 1654 4809 minime
1702 4754 1881 4817 rudes,
1926 4753 2103 4823 virgas

533 4855 738 4911 habent
769 4850 1020 4923 graciles,
1077 4858 1135 4904 ut
1191 4863 1314 4903 cum
1365 4846 1527 4900 fuerit
1584 4846 1749 4900 etiam
1772 4845 2103 4914 percutieudi

533 4957 766 5016 tempus,
785 4944 926 5015 quod
966 4941 1265 5013 percutitur
1301 4953 1403 4993 non
1430 4945 1760 4992 conteratur.
1806 4933 1976 5005 Hujus
2025 4934 2101 4988 rei

534 5037 841 5107 imperitus,
863 5042 920 5089 et
947 5033 1080 5090 artis
1108 5031 1406 5101 pastoritia‘
1436 5028 1926 5100 ignorantissimus,
1960 5042 2108 5082 cras-

535 5129 771 5185 siorihus
804 5126 1015 5182 baculis
1044 5123 1277 5194 pecudes
1308 5120 1605 5177 contundit.
1632 5120 1695 5173 Et
1723 5120 1857 5184 haec,
1888 5121 2100 5188 opinor,

536 5221 703 5293 77o
721 5229 1000 5276 suntvasa
1031 5215 1327 5288 pastoralia
1381 5214 1614 5285 imperiti
1648 5211 1903 5281 pastoris.
1954 5210 2103 5279 Quo-

535 5318 683 5371 niam
722 5328 854 5369 vero
891 5310 1178 5381 aliquando
1209 5308 1352 5363 illius
1384 5307 1685 5377 iniquitatis
1716 5305 1863 5377 regio
1912 5306 2105 5372 praedi-

538 5418 626 5465 tus
656 5408 863 5463 honore
891 5404 1214 5461 mortalibus
1244 5399 1477 5473 pastoris
1507 5399 1624 5453 loco
1652 5396 1931 5457 habendus
1966 5407 2103 5459 erat,

539 5515 638 5556 nec
668 5512 952 5568 parsurum
988 5494 1280 5566 quidquam
1296 5491 1504 5562 populis
1528 5501 1634 5544 tam
1664 5488 2104 5558 subjectis,qu:nn

612 5701 660 5732 “
696 5701 715 5752 1
749 5699 892 5755 Petr.
932 5716 986 5767 v,
1015 5701 1068 5756 4.
1146 5702 1192 5733 ²³
1224 5696 1421 5755 Ezccb.
1453 5710 1638 5765 xxxw,
1682 5695 1765 5750 H.
1843 5694 1890 5727 “
1917 5693 2076 5749 Joan.
2107 5705 2159 5759 γ,
2188 5686 2375 5743 45-47.
2457 5686 2502 5718 ’⁵
2533 5683 2576 5740 ll
2610 5681 2799 5738 Thess.
2837 5695 2899 5744 tt,
2928 5677 3014 5733 i0.

542 5770 732 5827 Thess.
771 5786 832 5837 ιι,
866 5773 915 5825 4.

2207 4576 2302 4630 τὸν
2330 4573 2458 4627 ναὸν
2495 4570 2590 4624 τοῦ
2623 4566 2758 4623 Θεοῦ
2789 4564 3033 4627 καθίσαι,
3063 4556 3453 4617 ἀποδεικνύντα
3478 4550 3668 4606 ἑαυτὸν
3703 4548 3783 4602 ὅτι

2211 4668 2329 4721 ἐστὶ
2351 4663 2506 4727 Θεὸς,
2532 4662 2623 4715 τὸν
2652 4660 2750 4713 οὐκ
2786 4656 2963 4712 εἰδότα
2991 4653 3174 4716 καλῶς
3202 4648 3509 4719 ποιμαίνειν
3534 4642 3631 4696 καὶ
3664 4644 3786 4709 sm-

2212 4759 2532 4831 στημόνως,
2576 4745 3090 4824 προανατυποῦσθαι
3145 4739 3356 4797 κελεύει
3401 4735 3480 4807 τῷ
3533 4734 3785 4803 προφήτῃ

2209 4828 2363 4914 Θεὸς,
2385 4845 2529 4901 οὓτω
2563 4846 2761 4912 λέγων’
2800 4841 2955 4894 εἜτι
2986 4834 3117 4889 λαϐὲ
3150 4830 3360 4901 σεαυτῷ
3390 4828 3558 4897 σκεύη
3588 4841 3784 4895 ποιμε-

2207 4944 2332 4997 νικᾶ
2374 4938 2633 5008 ποιμένος
2678 4934 2928 5004 ἀπείρου.
2963 4950 2981 4982 ι
3017 4930 3079 4982 Οἱ
3115 4926 3213 4996 μὲν
3240 4923 3350 4994 γὰρ
3379 4920 3487 4974 τῶν
3517 4917 3787 4987 ποιμένων

2208 5033 2625 5100 ἐπιεικέστεροι,
2663 5027 2759 5082 καὶ
2794 5024 2905 5078 τῶν
2929 5024 2987 5077 ὲν
3025 5018 3183 5091 χερσὶ
3215 5012 3646 5100 στωυδασμάτων
3670 5009 3787 5063 ὲπι·

2210 5121 2497 5191 στήμονες,
2523 5098 2714 5185 Ῠίσχνὰς
2739 5112 2922 5183 ἔχουσι
2947 5107 3046 5171 τὰς
3075 5104 3324 5177 ῥάϐδους,
3360 5101 3450 5155 ἴνα
3480 5100 3534 5152 εἰ
3574 5098 3786 5167 γένοιτο

2209 5188 2327 5265 και
2353 5209 2536 5262 παίειν
2582 5204 2789 5275 καιρὸς,
2823 5200 2897 5271 μὴ
2930 5194 3296 5269 συνθραύηται
3334 5190 3396 5245 τὸ
3427 5188 3782 5259 τυπτόμενον.

2211 5305 2273 5356 ΕΞ
2323 5302 2379 5354 δὲ
2427 5301 2491 5369 δή
2542 5315 2626 5360 τις
2672 5294 2757 5364 εἴη
2802 5293 2911 5345 τῶν
2948 5290 3049 5342 οὐκ
3095 5286 3312 5364 εἰδότων
3344 5282 3406 5336 τὸ
3436 5281 3647 5353 χρῆμα,
3693 5278 3787 5332 καὶ

2210 5392 2535 5464 ποιμενικῆς
2579 5387 2889 5454 ἐπιστήμης
2926 5383 3001 5446 ὡς
3034 5379 3289 5436 ἁποτάτω
3323 5375 3597 5445 κείμενος,
3632 5370 3787 5441 ἁδρο-

2212 5459 2391 5559 τέροις
2436 5459 2575 5536 αύτὰ
2612 5478 2886 5549 συντρίϐει
2925 5474 3198 5547 ῥοπάλοις.
3227 5469 3339 5524 Καὶ
3385 5465 3578 5529 ταῦτα,
3609 5459 3782 5539 οἶμαι..

3113 5675 3159 5708 ’⁸
3189 5673 3343 5728 Joan.
3379 5686 3432 5739 v,
3471 5668 3560 5725 45.
3634 5664 3680 5697 ’⁷
3711 5661 3757 5719 il
