4120 6376
383 400 454 450 20
463 399 483 450 1

1192 399 1741 454 COMMENTARIUS
1782 398 1849 452 IN
1889 399 2286 453 ZACHARIAM
2328 397 2766 452 PROPHETAM.

3504 399 3614 454 202

387 511 500 566 861::
527 510 593 562 τὰ
629 509 797 580 σκεύη
839 511 904 562 τὰ
947 513 1235 581 ποιμενικά
1266 513 1360 565 τοῦ
1402 514 1633 584 ἀπείρου
1684 515 1957 583 ποιμένος.

2068 531 2166 569 non
2200 513 2479 582 subjectis,
2516 515 2715 566 ideirco
2743 513 2851 566 ait:
2891 531 2909 563 ι
2950 512 3085 567 Ecce
3117 529 3218 582 ego
3249 516 3496 571 excitabo
3529 533 3619 587 pa.

400 602 615 672 Ἐπειδὴ
643 601 699 654 δὲ
725 603 864 655 κατὰ
896 605 1117 671 καιροὺς
1144 603 1364 672 ἔμελλεν
1389 605 1418 655 ὁ
1443 605 1541 672 τῆς
1583 605 1810 675 ἀνομίας
1840 607 1953 668 υἱὸς

385 695 484 764 τὴν
538 692 780 762 βασιλίδα
832 697 995 764 τιμὴν
1035 697 1432 766 περικείμενος,
1464 697 1639 749 δοκεῖν
1697 700 1754 749 ἐν
1802 697 1954 760 τάξει

389 787 644 855 ποιμένος
686 785 1164 856 ἀναδειχθὴσεσθαι
1192 790 1302 850 τοῖς
1333 789 1424 840 ἐπὶ
1455 789 1552 858 τῆς
1583 788 1706 858 γῆς,
1743 790 1954 858 φειδοῦς

387 895 450 947 γε
483 878 590 948 μὴν
619 876 872 946 οὐδεμιᾶς
905 876 1087 943 ἀξιοῦν
1119 879 1242 940 τοὺς
1272 878 1376 930 ὑπὸ
1409 881 1562 950 χεῖρα
1590 879 1825 949 λαοὺς,ἧ
1862 880 1956 932 καὶ

388 971 512 1032 τοὺς
537 968 642 1035 ἔξω
670 969 868 1040 χειρὸς,
893 968 1064 1041 ταύτῃ
1086 986 1168 1022 τοι
1204 970 1394 1039 φησίν·
1434 989 1451 1020 ι
1476 970 1606 1023 Ἰδοὺ
1641 968 1752 1037 ἐγὼ
1783 968 1956 1040 ἐγερῶ

389 1054 621 1125 ποιμένα
654 1055 745 1108 ἐπὶ
771 1055 866 1124 τὴν
892 1056 1094 1126 γῆνοτὸ
1120 1056 1453 1126 ὲκλιμπάνον
1480 1059 1540 1110 οὐ
1567 1059 1639 1127 μὴ
1657 1058 1954 1129 ὲπισκέψη-

388 1163 498 1198 ται.
529 1146 782 1213 »Ὅμοιον
811 1145 886 1208 ὡς
918 1146 968 1198 εί
996 1145 1162 1214 λέγοι.
1182 1148 1254 1199 Τὸ
1280 1147 1571 1218 ὀλισθῆσαν
1604 1150 1682 1211 εἰς
1713 1148 1956 1216 ὀλιγοπι-

391 1235 567 1297 στίαν.
605 1236 704 1287 οὐκ
745 1234 809 1288 ἂν
859 1237 1181 1307 ἐπιρρώσειε
1220 1240 1339 1301 ταῖς
1375 1240 1802 1309 μυσταγωγίαις.
1839 1257 1857 1290 ι
1885 1240 1958 1292 To

390 1327 448 1380 δὲ
474 1327 919 1397 ὲσκορπισμένον,
952 1329 1012 1380 οὐ
1041 1327 1114 1399 μὴ
1141 1327 1370 1400 ζητήσῃ.
1394 1349 1412 1380 ι
1444 1330 1516 1382 Τὸ
1544 1330 1956 1401 ὲκπεςροιτηκὸς,

393 1421 552 1490 φησὶ,
583 1421 682 1488 τῆς
711 1419 927 1482 εὐθείας
954 1419 1096 1484 ὁδοῦ,
1128 1421 1222 1473 καὶ
1252 1421 1350 1492 τὴς
1382 1421 1581 1492 ἀγέλης
1622 1423 1958 1491 ἀποσκιρτᾷν

393 1511 600 1577 εἰωθὸς,
635 1511 695 1564 οὐ
743 1510 816 1582 μὴ
859 1511 1086 1584 ζητήσῃ,
1114 1511 1390 1566 τουτέστιν
1444 1512 1543 1564 οὐκ
1590 1511 1656 1563 ἂν
1699 1511 1956 1581 μεταθείη

394 1606 531 1675 πρὸς
557 1604 617 1658 τὸ
650 1604 870 1671 ἄμεινόν
896 1620 956 1656 τε
986 1604 1082 1656 καὶ
1109 1603 1230 1673 ἔχον
1259 1602 1452 1673 ὀρθῶς.
1489 1620 1507 1653 ι
1536 1603 1608 1654 Τὸ
1637 1619 1959 1673 συντετριμ-

398 1701 558 1768 μένον
575 1699 633 1751 οὺ
805 1698 1070 1768 ἰάσηται.»
1092 1697 1440 1767 Συντρίϐεται
1461 1695 1518 1748 δέ
1547 1695 1699 1765 τις,ῆ
1723 1696 1961 1765 πονηρᾶς

396 1789 587 1859 ἡδονῆς
629 1789 960 1862 ἡττώμενος,
991 1788 1084 1840 καὶ
1115 1783 1227 1841 οἷον
1254 1788 1316 1840 οὐ
1342 1787 1522 1858 φέρων
1563 1785 1662 1854 τῆς
1706 1785 1960 1856 φιλοσαρ-

2057 617 2256 660 storem
2281 621 2442 675 super
2479 616 2696 660 terram.
2730 605 2878 671 Quod
2907 605 3103 660 defecit
3147 623 3251 660 non
3299 609 3554 665 visitabit.
3593 629 3612 663 ι

2057 696 2286 750 Perinde
2310 711 2372 750 ac
2391 696 2434 749 si
2464 697 2626 754 dicat.
2663 697 2804 764 quod
2835 696 3139 765 prolapsum
3163 708 3245 752 est
3278 698 3329 752 in
3377 700 3618 755 imbecil-

2057 789 2257 842 litatetn
2298 789 2441 850 fidei,
2469 787 2713 841 doctrina
2737 802 2889 840 saera
2950 804 3057 841 non
3099 789 3462 848 confirmabit.
3497 809 3514 842 t
3557 792 3621 846 Et

2056 877 2196 945 quod
2228 878 2526 945 dispersum
2559 885 2662 938 est,
2701 891 2805 931 non
2836 878 3093 946 requiret.
3125 897 3144 929 ι
3173 878 3324 945 Quod
3394 895 3423 934 a
3476 891 3619 936 recta

2057 966 2139 1018 via
2171 965 2444 1027 discessit,
2475 965 2669 1034 inquit,
2724 974 2780 1019 et
2836 981 2864 1018 a
2901 981 3062 1035 grege
3089 969 3296 1022 resilire
3329 968 3484 1034 solet,
3507 986 3618 1025 non

2059 1059 2316 1123 requiret,
2348 1056 2447 1110 hoc
2474 1068 2578 1118 est,
2601 1055 2667 1107 ad
2697 1063 2894 1110 statum
2915 1057 3192 1111 meliorem
3233 1070 3283 1112 et
3333 1059 3615 1128 probatum

2061 1163 2163 1202 non
2187 1147 2482 1201 revocabit.
2517 1167 2534 1198 ι
2569 1147 2720 1214 Quod
2748 1147 3037 1201 contritum
3059 1158 3144 1202 est
3174 1164 3280 1202 non
3328 1149 3560 1205 sanabit.
3596 1167 3616 1202 ι

2057 1238 2369 1293 Conteritur
2395 1250 2572 1294 autem
2589 1241 2733 1310 quis,
2751 1251 2840 1293 aut
2865 1239 3139 1308 voluptate
3165 1256 3324 1309 prava
3349 1257 3622 1312 expttgna-
3655 1277 3657 1280 ‹

2062 1340 2147 1386 tus
2174 1341 2229 1386 et
2261 1331 2657 1400 quodammodo
2694 1333 2895 1388 amoris
2930 1348 3111 1386 rerum
3139 1333 3438 1388 carnalium
3484 1350 3620 1403 pnn-

2059 1421 2160 1476 dus
2191 1438 2293 1475 non
2336 1422 2609 1477 sustinens
2637 1462 2653 1486 ,
2705 1434 2799 1476 aut
2826 1433 2974 1477 certe
3011 1424 3294 1490 impiorum
3343 1425 3622 1479 hreretico-

2063 1529 2177 1565 rum
2209 1514 2616 1583 deceptionibus
2647 1530 2752 1567 una
2774 1514 3026 1583 abreptus
3054 1526 3108 1567 et
3135 1516 3201 1567 ad
3230 1524 3374 1570 recte
3401 1518 3626 1572 creden-

2061 1607 2185 1658 dum
2242 1621 2372 1658 sana
2414 1617 2594 1658 mente
2635 1606 2942 1661 destitutus.
3001 1605 3184 1660 Talem
3241 1621 3428 1660 rursus
3469 1616 3629 1662 sanat

2063 1708 2244 1766 pastor
2277 1698 2469 1750 bonus.
2529 1697 2810 1766 Imperitus
2841 1708 3018 1750 autem
3071 1715 3090 1748 ι
3155 1697 3294 1765 quod
3356 1698 3623 1768 integrum

2064 1798 2145 1842 est
2173 1803 2275 1840 non
2301 1788 2513 1855 diriget,
2569 1799 2623 1841 et
2679 1802 2870 1841 carnes
2913 1787 3529 1852 electorumdevorabit,
3573 1798 3627 1841 et

397 1883 518 1944 κίας
568 1881 630 1934 τὸ
679 1881 870 1951 βάρος·
908 1880 1074 1951 ἤγουν
1110 1881 1228 1940 ταῖς
1259 1878 1367 1931 τῶν
1414 1879 1640 1933 ἀνοσίων
1674 1877 1964 1946 αἱρετικῶν

2068 1879 2205 1933 talus
2225 1894 2411 1933 eorum
2445 1889 2736 1948 pervertet.
2772 1898 2791 1931 ι
2820 1878 3160 1949 Oppugnabit
3217 1879 3362 1932 enim
3409 1889 3627 1933 sanctos

397 1973 629 2034 ἀπάταις
663 1970 1132 2042 συνηρπασμένος,
1161 1969 1254 2023 καὶ
1284 1969 1412 2036 ὑγιᾶ
1433 1969 1523 2021 τὸν
1549 1967 1673 2019 νοῦν
1703 1969 1802 2019 οὐκ
1825 1965 1960 2036 ἔχων

396 2064 476 2126 εἷς
523 2079 585 2130 γε
636 2062 697 2114 τὸ
746 2063 939 2134 χρῆναι
993 2061 1265 2114 πιστεύειν
1291 2060 1483 2132 ὀρθῶς.
1515 2059 1714 2112 Τοῦτον
1744 2058 1902 2111 πάλιν
1934 2059 1962 2110 ό

398 2151 598 2218 ἀγαθὸς
647 2153 786 2205 ἰᾶται
834 2151 1132 2221 ποιμήν.”0
1157 2167 1222 2220 γε
1263 2151 1370 2222 μὴν
1408 2149 1652 2220 ἄπειρος,
1686 2169 1704 2199 ι
1734 2149 1806 2201 Τὸ
1848 2147 1962 2200 ὁλό-

291 2285 296 2289 .
399 2243 598 2312 κληρον
621 2242 681 2295 οὐ
712 2242 785 2313 μὴ
815 2241 1138 2315 κατευθύνῃ,
1168 2244 1264 2296 καὶ
1296 2243 1363 2296 τὰ
1395 2243 1530 2313 κρέα
1559 2243 1665 2294 τῶν
1691 2242 1962 2295 ἐκλεκτῶν

399 2333 794 2401 καταφάγεται,
827 2333 920 2386 καὶ
955 2336 1081 2397 τοὺς
1116 2333 1487 2404 ἀστραγάλους
1531 2334 1708 2387 αὐτῶν
1748 2335 1965 2404 ἐκστρέ-

398 2427 509 2494 ψει.
544 2444 563 2475 ι
609 2424 906 2496 [Ιολεμήσει
937 2441 1044 2494 γαρ
1069 2427 1178 2488 τοῖς
1209 2425 1379 2491 ἁγίοις
1401 2427 1429 2477 ὁ
1452 2425 1549 2495 τῆς
1583 2424 1806 2492 ἀνομίας
1829 2425 1964 2489 υίὸς,

403 2517 494 2567 καὶ
546 2514 795 2584 ἀχάλινον
847 2515 1027 2576 αὐτοῖς
1081 2515 1308 2582 ἐπαφεὶς
1341 2513 1438 2583 τὴν
1470 2512 1655 2583 ὀργὴν,
1686 2515 1967 2585 μονονουχὶ

402 2611 495 2663 καὶ
528 2609 919 2680 κρεωνομήσει,
952 2607 1044 2658 καὶ
1077 2607 1451 2676 καταφάγεται
1474 2604 1640 2676 θηρὸς
1669 2606 1858 2676 ἀγρίου
1887 2606 1968 2658 δί-

403 2717 522 2770 κην.
542 2697 856 2769 Ἑκστρέψει
887 2698 943 2750 δὲ
977 2697 1071 2750 καὶ
1095 2697 1219 2760 τοὺς
1248 2698 1639 2767 ἀστραγάλους,
1670 2698 1756 2750 ἴνα
1784 2699 1858 2769 μή
1882 2715 1964 2762 τις

403 2790 514 2859 ἔχοι
566 2789 628 2843 τὸ
679 2790 987 2858 ὁρθοποδείν
1045 2788 1322 2842 δύνασθαι.
1387 2789 1793 2842 Καταὸιάσεται
1857 2789 1966 2861 γὰρ

406 2877 727 2951 προσκυνεῖν
793 2879 938 2949 αὐτῷ
973 2919 988 2943 ,
1050 2880 1441 2948 καταπλήττων
1492 2883 1604 2942 τοῖς
1649 2880 1920 2950 θαύμασιν
1949 2897 1962 2911 '

413 2973 597 3043 «Ἔχει
622 2971 726 3041 γὰρ
754 2971 850 3042 τὴν
883 2969 1183 3040 παρουσίαν
1214 2971 1332 3022 κατ’
1359 2969 1636 3039 ὲνέργειαν
1671 2969 1763 3023 τοῦ
1797 2971 1969 3022 Σατα-

2069 1971 2211 2026 t‘dius
2269 1971 2588 2039 iniquitatis,
2613 1981 2671 2026 et
2693 1973 2772 2025 ira
2801 1973 3058 2026 indomita
3098 1986 3191 2026 eos
3215 1970 3474 2026 invadens
3500 1985 3627 2040 pro-

2066 2065 2347 2131 pemodum
2390 2065 2687 2127 dilaniabit,
2705 2072 2760 2118 et
2787 2065 2955 2119 instar
2975 2064 3291 2118 truculenta:
3329 2064 3513 2118 bestia:
3532 2063 3628 2116 de-

2069 2157 2300 2209 vorabit.
2331 2155 2611 2211 Pervertet
2636 2157 2797 2210 etiam
2830 2156 2986 2221 talos,
3004 2172 3070 2210 ne
3111 2157 3232 2226 quis
3289 2165 3438 2210 recto
3466 2169 3625 2223 passu

2070 2246 2278 2315 ingredi
2303 2257 2485 2314 queat.
2509 2248 2675 2318 Coget
2701 2249 2854 2302 enim
2883 2263 2940 2302 se
2968 2248 3193 2300 adorare
3247 2246 3402 2301 miris
3448 2247 3630 2316 operi-

2069 2339 2168 2392 bus
2189 2337 2605 2405 obstupefactos.
2634 2357 2652 2389 ι
2686 2339 2847 2408 Cujus
2881 2341 3140 2392 adventus
3168 2336 3460 2392 secundum
3488 2353 3621 2407 ope-

2072 2429 2336 2483 rationem
2360 2427 2596 2492 Satanae,
2621 2439 2675 2482 et
2708 2431 2759 2483 in
2812 2429 3094 2484 Beelzehnl
3123 2430 3244 2482 edet
3276 2436 3519 2497 portenta
3553 2430 3625 2493 ”,

2073 2529 2132 2572 nt
2161 2520 2212 2572 in
2233 2534 2472 2574 errorem
2511 2520 2806 2583 induceret,
2853 2521 2899 2574 si
2947 2521 3059 2575 ﬁeri
3083 2533 3284 2589 posset,
3334 2525 3496 2578 etiam
3522 2524 3632 2578 ele-

2072 2617 2189 2663 ctos
2216 2609 2292 2673 ";
2324 2627 2342 2661 ι
2378 2619 2432 2662 et
2465 2619 2521 2662 ut
2542 2610 2617 2662 ait
2647 2608 2915 2674 Salvator,
2963 2628 2982 2660 ι
3007 2625 3112 2664 non
3148 2610 3300 2666 ﬁeret
3330 2613 3474 2666 salva
3515 2629 3633 2668 om-

2075 2697 2158 2752 nis
2187 2712 2316 2752 caro
2349 2697 2415 2763 '°,
2458 2717 2476 2749 ι
2511 2697 2655 2752 illius
2704 2700 2940 2767 potentia
2967 2708 3154 2752 contra
3191 2715 3378 2755 omnes
3404 2700 3631 2756 furente.

2077 2808 2096 2841 ι
2129 2789 2355 2858 Propter
2371 2790 2571 2844 electos
2596 2801 2776 2845 autem
2829 2791 3355 2847 breviabuntur'dies
3411 2793 3482 2847 illi
3504 2793 3569 2846 ".
3609 2812 3629 2844 ι

2073 2910 2144 2919 -
2183 2900 2201 2933 ι
2237 2881 2530 2934 lnterlieiet
2579 2883 2721 2934 enim
2778 2882 2926 2936 illum
2995 2883 3253 2937 Dominus
3289 2885 3481 2951 spiritu
3521 2884 3636 2940 oris

2075 2973 2181 3034 sui,
2218 2982 2272 3027 et
2301 2975 2546 3028 destruet
2571 2973 2925 3028 illustratione
2959 2974 3221 3030 adventus
3245 2976 3326 3028 sui
3368 2975 3434 3028 ³⁸.
3469 2993 3488 3025 ι

406 3068 493 3129 νᾶ,
527 3065 618 3117 καὶ
648 3065 703 3115 ὲν
732 3059 1056 3126 Βεελζεὸοὺλ
1096 3061 1307 3130 ποιήσει
1341 3061 1562 3131 τέρατα,
1631 3060 1769 3113 ὥστε
1837 3062 2128 3132 πλανῆσαι,
2163 3065 2210 3116 εί
2280 3065 2524 3126 δυνατὸν,
2551 3066 2645 3119 καὶ
2696 3066 2822 3128 τοὺς
2846 3066 3154 3129 ἐκλεκτοὺς,
3183 3085 3201 3117 ι
3238 3061 3391 3141 καὶῇ
3426 3083 3588 3138 φησιν
3609 3068 3638 3120 ὁ

406 3156 616 3226 Σωτὴρ,
657 3174 674 3206 ι
708 3154 818 3207 Οὐκ
861 3153 926 3206 ἂν
973 3150 1149 3221 ἐσώθη
1203 3153 1349 3204 πᾶσα
1395 3151 1550 3224 σὰρξ,
1583 3171 1601 3202 ι
1639 3153 1968 3222 μαινομένης
2006 3153 2144 3207 κατά
2209 3155 2423 3207 πάντων
2456 3155 2556 3224 τῆς
2623 3155 2830 3208 ἐκείνου
2872 3153 3199 3219 πλεονεξίας.
3253 3173 3273 3206 ι
3303 3157 3401 3208 Διά
3432 3155 3641 3218 seeos:

407 3250 692 3312 ἐκλεκτοὺς
735 3246 1193 3316 ωλοῦωθήσονται
1243 3246 1299 3298 αἱ
1343 3247 1543 3316 ἡμέραι
1595 3247 1817 3299 ἐκεῖναι.
1847 3264 1865 3295 ι
1900 3275 1967 3286 --
2007 3248 2252 3302 «Ἀνελεί
2313 3249 2421 3319 γὰρ
2485 3247 2648 3302 αὑτὸν
2685 3249 2715 3301 ό
2754 3247 2956 3317 Κύριος
2984 3246 3060 3317 τῷ
3087 3248 3378 3318 πνεύματι,
3413 3249 3504 3302 καὶ⁵
3543 3265 3641 3301 κα-

407 3344 667 3413 ταργήσει
697 3344 760 3412 τῇ
790 3339 1077 3410 ἐπιφανείᾳ
1105 3337 1202 3407 τῆς
1231 3338 1530 3406 παρουσίας
1560 3337 1746 3391 αὐτοῦ.
1779 3356 1795 3385 ι

478 3477 546 3533 Ὦ
582 3483 634 3533 oi
675 3477 1090 3546 ποιμαίνοντες
1139 3475 1212 3528 τὰ
1235 3474 1484 3544 μάταια,
1515 3474 1610 3527 καί
1639 3477 1691 3527 οἱ
1727 3477 1975 3526 καταλε-

2150 3473 2316 3528 νειιε.
2363 3472 2450 3525 17.
2485 3469 2529 3525 0
2563 3473 2650 3539 qui
2680 3470 2892 3539 pascitis
2937 3485 3088 3532 naua,
3122 3479 3170 3522 et
3242 3470 3332 3538 qui
3356 3470 3638 3539 reliquistis
3691 3447 3693 3449 ι

403 3569 683 3632 λοιπότες
710 3567 781 3619 τὰ
809 3567 1088 3632 πρόϐατα,
1114 3565 1373 3634 μάχαιρα
1404 3563 1499 3616 ἐπὶ
1522 3563 1628 3616 τοῦ
1645 3563 1974 3631 βραχίονος

2076 3565 2438 3635 oves,gladius
2471 3579 2627 3628 super
2657 3563 2926 3615 brachium
2962 3561 3095 3628 ejus,
3148 3569 3195 3612 et
3251 3576 3407 3628 super
3433 3561 3640 3615 oeulth

410 3659 617 3721 αὐτοῦ,
649 3659 744 3710 καὶ
766 3656 867 3710 ἐπὶ
899 3657 1007 3709 τὸν
1042 3655 1357 3725 ὀφθαλμὸν
1392 3655 1500 3708 τὸν
1533 3654 1736 3718 δεξιὸν
1764 3654 1970 3709 αὐτοῦ.

423 3753 484 3803 '0
501 3751 772 3818 βραχίων
803 3747 988 3802 αὑτοῦ
1032 3747 1458 3816 ξηραινόμενσς
1496 3745 1933 3814 ξηρανθήσεται
1957 3786 1970 3807 ,

411 3845 508 3898 καὶ
537 3847 569 3897 ὁ
594 3842 899 3912 ὀφθαλμὸς
961 3845 992 3895 ό
1043 3840 1240 3905 δεξιὸς
1283 3839 1468 3893 αὐτοῦ
1495 3839 1977 3907 ὲκτυφλούμενος

413 3934 960 4004 ὶκτυφλωθήσεται.

483 4044 606 4122 Πέ.
657 4065 941 4134 Γεγονότος
1000 4065 1145 4132 ἆτιαξ
1199 4065 1289 4118 τοῦ
1335 4064 1492 4133 λόγου
1544 4063 1673 4134 περὶ
1724 4063 1977 4133 ποιμένος

430 4160 657 4230 ὶπείρου,
701 4158 978 4229 μονονουχὶ
1005 4159 1096 4210 καὶ
1123 4156 1505 4225 ἐπιστυγνάζει
1530 4154 1714 4208 λοιπὸν
1746 4157 1856 4217 τοῖς
1904 4154 1978 4224 μὴ

415 4256 632 4324 ἀγαθοῖς
660 4253 901 4323 ποιμέσι,
937 4252 1032 4304 καὶ
1063 4251 1422 4320 γενικώτατὸν
1462 4268 1584 4304 τινα
1627 4250 1825 4318 τρόπον
1844 4249 1979 4319 χρῆ-

414 4365 502 4401 ται
522 4347 776 4417 τῷλόγῳ,
834 4345 904 4398 τὰ
953 4348 1064 4409 τοῖς
1094 4337 1194 4398 ὧδε
1237 4343 1460 4414 γνώμης
1496 4342 1675 4412 έχουσι
1706 4339 1980 4410 συμϐησό-

420 4457 554 4511 μενα
574 4435 996 4509 προαναφωνῶν.
1015 4435 1204 4506 Ἀθρει
1227 4434 1333 4504 γὰρ
1355 4434 1429 4496 ὼς
1452 4432 1551 4502 ῆδη
1573 4433 1669 4494 τὰς
1695 4431 1794 4499 τῆς
1817 4428 1983 4500 ρᾳθυ-

419 4532 544 4604 μίας
567 4529 942 4584 ἀποτιννύουσι
980 4527 1136 4590 δίκας
1184 4526 1325 4596 τάχα
1370 4541 1475 4576 που
1511 4523 1602 4576 καὶ
1634 4521 1889 4588 συναλγεῖ
1915 4521 1981 4572 δι’

2075 3660 2344 3711 dexterum
2422 3655 2552 3722 ejus.
2624 3652 2904 3706 Brachium
2970 3655 3083 3720 ejus
3159 3653 3411 3708 siccatum
3471 3654 3640 3707 sicca-

2077 3751 2236 3811 bitur,
2289 3759 2334 3800 et
2371 3749 2552 3798 oculus
2612 3748 2795 3798 dexter
2841 3745 2955 3812 ejus
3006 3755 3298 3798 exca’calus
3359 3747 3642 3801 excecabi-

2075 3851 2178 3892 tur.

2149 4053 2408 4109 LXXXV.
2438 4052 2698 4120 Suscepto
2721 4050 2884 4106 semel
2907 4065 3156 4104 sermone
3185 4051 3251 4106 de
3291 4060 3507 4120 pastore
3537 4051 3640 4106 iat-

2080 4143 2274 4213 perito,
2299 4141 2650 4216 contristatur
2674 4139 2947 4208 quasijatn
2982 4153 3142 4207 super
3175 4140 3482 4207 pastoribus
3531 4155 3637 4194 non

2083 4235 2254 4298 bonis,
2283 4243 2334 4286 et
2369 4233 2652 4286 admodum
2699 4231 2994 4300 generatim
3045 4231 3301 4298 loquitur,
3343 4232 3414 4284 ita
3462 4232 3644 4286 animo

2081 4325 2287 4380 aﬂ‘ectis
2312 4335 2566 4380 eventura
2593 4322 2978 4389 praenuntiatus.
3010 4320 3142 4375 Vide
3183 4333 3360 4376 autem
3384 4325 3645 4392 quemad-

2084 4417 2296 4471 modum
2328 4432 2470 4470 nunc
2507 4429 2706 4485 poenas
2767 4414 2975 4469 inertiae
3029 4413 3325 4481 pendentes
3399 4413 3646 4470 fortassis

2080 4505 2243 4558 etiam
2278 4501 2708 4564 commiseratur,
2736 4510 2954 4568 propter
2998 4500 3213 4556 insitam
3267 4503 3644 4556 mansuetudi-

419 4592 652 4692 ὶμφυτον
681 4619 1015 4690 ἡμερότητα,
1044 4617 1139 4668 καὶ
1176 4592 1516 4669 καταιτιᾶται
1549 4612 1667 4682 μὲν,
1689 4612 1771 4663 ὅτι
1791 4609 1982 4679 ποιμέ-

2083 4612 2206 4653 nem
2243 4613 2258 4650 ι
2320 4611 2630 4666 quanquam
2653 4602 2870 4648 accusat
2896 4592 3182 4663 eos,771
3217 4595 3358 4660 quod
3402 4603 3646 4662 pastores

419 4729 505 4775 νες
527 4710 782 4780 γεγόνασι
801 4707 910 4761 τῶν
939 4707 1204 4778 ματαίων,
1222 4705 1467 4759 τουτέστι
1497 4701 1606 4754 τῶν
1633 4700 1982 4771 προσκαίρων

2086 4707 2345 4748 vanorum
2371 4689 2498 4745 facti
2519 4691 2648 4754 sint,
2674 4688 2774 4743 hoc
2791 4698 2893 4751 est,
2921 4686 3294 4755 temporalium
3319 4697 3648 4756 satagentes,

419 4776 766 4874 ἐπιμεληταὶ,
793 4776 1020 4871 ῥᾴθυμοι
1049 4788 1104 4850 δέ
1137 4796 1328 4859 οὕτως,
1355 4793 1430 4857 ὡς
1459 4789 1845 4860 ὲπιγάννυσθαι
1872 4790 1983 4851 τοῖς

2089 4783 2223 4836 adeo
2259 4793 2435 4835 autem
2463 4781 2739 4840 socordes,
2762 4776 3002 4831 utetiam
3034 4790 3196 4843 super
3235 4777 3428 4830 ovibus
3454 4777 3650 4830 misere

421 4868 708 4963 προϐάτοις
738 4868 943 4954 ἀθλίως
959 4889 1282 4943 διολωλόσιν.
1333 4887 1394 4938 0i
1434 4884 1531 4954 μὲν
1557 4883 1664 4952 γὰρ
1686 4879 1985 4941 πωλοῦντες

2090 4871 2794 4945 perenntibnslzetarentur.
2824 4868 2925 4920 Alii
2952 4881 3182 4936 namque
3226 4868 3517 4923 vendentes
3558 4882 3651 4920 eas

422 4959 622 5052 ἔλεγονο
659 5003 678 5035 ι
714 4983 1016 5052 Εὐλογητὸς
1048 4980 1271 5052 Κύριος,
1311 4979 1404 5030 καὶ
1446 4975 1923 5045 πεπλουτήκαμεν.
1961 4992 1980 5023 ›

2092 4965 2340 5020 dicebant
2375 4983 2388 5018 :
2455 4983 2473 5015 ι
2510 4962 2826 5017 Benedictus
2850 4959 3128 5023 Dominus,
3154 4969 3201 5013 et
3235 4959 3426 5013 divites
3469 4959 3649 5012 evasi-

423 5078 484 5130 Οί
510 5077 568 5131 δὲ
599 5075 938 5144 κατέσφαζόν
976 5091 1034 5127 τε
1066 5075 1158 5127 καὶ
1188 5074 1287 5126 οὐκ
1318 5069 1553 5138 ἔπασχον
1590 5067 1740 5121 οὐδὲν
1773 5068 1858 5118 ἐπ’
1892 5065 1987 5118 αὑ-

2095 5073 2212 5112 mus
2241 5059 2306 5112 ³³.
2338 5077 2358 5110 ι
2385 5056 2485 5111 Alii
2513 5071 2638 5110 vero
2671 5054 3005 5116 occidebant,
3032 5067 3128 5105 nec
3159 5053 3448 5118 quidquam
3500 5063 3649 5102 corn-

421 5173 549 5230 τοῖς·
601 5167 696 5222 τοῦ
738 5141 845 5239 γάρ
885 5168 1082 5238 χρῆναι
1119 5165 1428 5234 ποιμαίνειν
1473 5159 1668 5233 ὀρθῶς,
1696 5158 1872 5220 οὐδεὶς
1918 5153 1987 5226 ῆν

2096 5151 2490 5208 movebantur;
2527 5161 2647 5200 nam
2674 5155 2732 5200 ut
2768 5155 2911 5199 recte
2947 5155 3247 5213 pascerent,
3289 5141 3338 5194 id
3385 5153 3516 5193 sane
3547 5153 3650 5192 non

423 5259 552 5328 παρ’
581 5229 762 5321 αὐτοῖς
777 5229 949 5326 λὲγόξ.
978 5229 1228 5310 Ὗοιοῦτοί
1256 5255 1312 5308 δὲ
1337 5229 1544 5325 ἦσανδὶ
1571 5253 1678 5306 τῶν
1724 5250 1987 5304 Ἰουδαίων

2094 5244 2373 5296 curabant.
2432 5239 2592 5294 Tales
2626 5253 2784 5307 porro
2819 5247 2973 5289 erant
3026 5234 3270 5287 doctores
3327 5229 3649 5294 Iudaeorum,

424 5325 752 5422 καθηγηταί,
784 5325 1047 5411 κλείοντές
1076 5365 1136 5400 τε
1168 5348 1264 5418 τὴν
1290 5346 1568 5416 βασιλείαν
1591 5343 1700 5397 τῶν
1723 5340 1985 5410 οὐρανῶν,

2103 5353 2120 5385 ι
2143 5335 2450 5389 claudentes
2475 5348 2694 5402 regnum
2720 5330 3030 5391 ctelorump
3057 5326 3285 5382 sicutait
3302 5325 3549 5380 Christus
3574 5325 3617 5356 ³⁵
3638 5366 3654 5390 ,

426 5418 568 5497 καθά
595 5418 756 5511 ιρησιν
785 5443 815 5495 ὁ
841 5440 1092 5510 Χριστὸς,
1129 5459 1148 5490 ι
1192 5439 1301 5493 Καὶ
1337 5439 1473 5508 μήτε
1498 5436 1649 5489 αὐτοὶ
1677 5431 1987 5504 είσερχόμε-

2103 5446 2120 5478 ι
2154 5437 2209 5481 et
2239 5439 2412 5496 neque
2431 5425 2530 5494 ipsi
2559 5425 2953 5486 intrantes,nec
2987 5419 3343 5474 aliosintrare
3373 5418 3611 5474 sitientes
3641 5436 3652 5446 ·

426 5551 524 5596 νοι,
557 5508 692 5605 μήτε
727 5532 830 5603 μὴν
855 5508 1072 5601 ἐτέρους
1095 5530 1344 5598 ἀφιέντες
1371 5511 1647 5581 είσελθείν·
1671 5524 1806 5578 ἀλλά
1835 5539 1987 5595 περι-

2095 5519 2188 5573 sed
2216 5519 2614 5572 circumeuntes
2639 5521 2868 5583 marcet
2896 5511 3123 5574 aridam,
3177 5517 3232 5561 ιιι
3264 5508 3465 5563 faciant
3491 5525 3653 5564 unum

426 5601 648 5694 dwﬁs
683 5601 899 5696 μὲνγτὴν
944 5621 1217 5675 θάλασσαν
1249 5620 1343 5673 καὶ
1369 5619 1466 5690 τὴν
1497 5615 1686 5688 ξηρὰν,
1715 5615 1801 5668 ἵνα
1833 5615 1987 5685 ποιὴ-

2093 5606 2546 5679 proselytum,qui
2569 5620 2688 5660 cum
2713 5603 2886 5659 factus
2912 5601 3094 5670 fuerit,
3120 5601 3321 5657 faciunt
3342 5616 3462 5656 eum
3491 5601 3653 5654 [illum

497 5735 545 5768 "
582 5736 621 5790 ll
654 5735 842 5790 'l'ltess.
884 5752 959 5795 ιι..
991 5735 1144 5789 3-H.
1215 5735 1260 5766 “
1298 5732 1483 5788 Matth.
1527 5745 1674 5795 x'xrv,
1704 5727 1794 5783 24.
1871 5727 1918 5760 ³⁰
1945 5724 1987 5782 ιι

431 5808 475 5839 ³⁵
508 5808 692 5861 Matth.
720 5821 874 5861 um.
907 5806 991 5858 15.

2068 5765 2076 5782 .
2107 5723 2198 5778 εε.
2276 5724 2317 5756 ³⁸
2351 5719 2487 5779 Ibid.
2563 5719 2606 5752 ³³
2637 5716 2682 5773 ιι
2711 5716 2903 5775 Thess.
2938 5733 2998 5786 ιι,
3031 5715 3084 5773 8.
3161 5717 3204 5749 ³³
3237 5716 3464 5773 Zachar.
3493 5730 3570 5782 ιι,
3598 5713 3648 5770 5.

508 5816 692 5861 Matth.
720 5821 874 5866 mn.
907 5816 991 5858 to.

746 5848 1014 5962 ἑζῖιῖιιέἐῖ.
1064 5898 1178 5957 Gs.
1233 5895 1471 5956 LXXII.

2426 5848 2432 5854 ’
3239 5877 3269 5938 7
