4120 6376
432 417 536 470 905

1417 401 1474 457 S.
1518 397 1792 454 CYBILLI
1832 390 2301 451 ALEXANDRINI
2338 389 2656 447 ARCIIIEP.

3574 379 3680 433 304

433 537 690 606 gehennae
714 531 926 600 duplum
962 542 1122 597 quam
1171 525 1269 594 ipsi
1313 535 1436 576 sunt
1461 521 1525 574 ³⁸.
1568 541 1586 574 ι
1649 519 1787 586 Quid
1841 518 2000 589 igitur

2115 529 2236 567 mat
2275 515 2372 566 ἕνα
2411 512 2768 584 προσήλυτον,
2829 507 2876 560 εἰ
2923 506 2978 560 δὲ
3007 503 3072 575 δή
3136 501 3366 571 γένοιτο,
3399 495 3681 561 ποιοῦντες

2538 604 2546 606 _
2718 603 2732 606 _
2807 600 2820 606 -
2857 600 2868 606 -
3084 597 3098 606 .
3223 595 3247 606 ..
3410 593 3474 606 ....
3500 591 3543 606 ..
3618 586 3641 606 ς

433 630 568 682 adeo
599 627 856 695 improbis
911 619 1218 689 pastoribus
1272 616 1528 670 eveniet?
1579 633 1598 665 ι
1637 613 1887 672 Gladius,
1921 611 2001 664 iu-

433 723 568 790 quit,
594 732 756 787 super
777 714 1058 769 brachium
1084 710 1272 779 ipsius,
1300 717 1355 762 et
1381 721 1543 778 super
1573 711 1786 761 oculum
1817 703 2004 756 dexte-

431 827 551 866 rum
576 811 709 879 ejus.
747 825 766 860 ι
799 805 1076 860 Brachium
1098 816 1192 872 pro
1210 801 1416 855 viribus
1466 809 1522 853 et
1557 809 1680 870 typo
1706 793 2005 850 elﬁcieutiae

432 900 726 970 spiritualis
746 898 1028 967 accipitur.
1058 893 1241 963 Itaque
1274 893 1340 946 de
1369 889 1701 945 animalibus
1726 885 1922 942 occisis
1948 879 2000 938 in

433 1007 591 1046 sacro
635 986 979 1044 tabernaculo
1016 985 1214 1040 selecta
1256 982 1412 1036 altari
1466 988 1654 1034 sancto
1697 991 1820 1047 pars
1875 976 2003 1030 bra-

434 1083 637 1145 chium,
661 1095 756 1134 seu
789 1093 975 1132 armus
1002 1086 1138 1140 erat,
1188 1083 1245 1130 et
1288 1087 1506 1128 sacrum
1555 1067 1839 1124 donarium
1873 1067 2002 1128 Deo.

433 1173 750 1228 ostendente
772 1169 1071 1239 Scriptura,
1099 1177 1156 1222 ut
1185 1165 1457 1226 existimo.
1479 1163 1581 1217 sub
1611 1160 1838 1231 quodam
1863 1163 2002 1214 inte-

435 1269 712 1333 gumento,
767 1260 879 1315 Deo
932 1259 1178 1328 proprias
1223 1255 1467 1324 corporis
1528 1261 1583 1307 et
1605 1251 1827 1322 spiritus
1861 1250 2003 1305 vires

434 1352 742 1408 consecrari
787 1359 1058 1420 oportere.
1116 1347 1405 1402 Brachium
1469 1355 1651 1398 autern
1703 1341 2007 1411 signiﬁcare

439 1447 600 1510 vires,
635 1443 924 1498 testabitur
952 1441 1170 1512 quidam
1189 1447 1521 1499 sanctorum,
1565 1434 1732 1488 Deum
1786 1433 2006 1486 univer-

435 1553 618 1592 sorum
648 1535 966 1603 alloquens:
1008 1551 1026 1584 ι
1077 1529 1444 1602 Magnitudine
1473 1525 1679 1580 brachii
1732 1524 1810 1578 tui
1873 1523 2006 1575 llant

438 1639 495 1682 ut
533 1627 737 1697 lapides
766 1626 833 1682 '°.
869 1643 888 1676 ι
941 1622 1139 1679 Oculus
1188 1629 1369 1674 autem
1436 1618 1632 1671 mentis
1685 1616 1861 1686 imago
1899 1621 2004 1668 est.

437 1717 682 1771 Patietur
741 1715 925 1784 itaque
978 1713 1068 1782 qui
1120 1725 1227 1766 non
1279 1718 1422 1762 recte
1481 1706 1656 1777 pascit
1687 1704 1897 1760 brachii
1953 1713 2007 1757 et

437 1808 577 1864 oculi
611 1807 1027 1869 mutilationem,
1052 1803 1154 1858 hoc
1172 1813 1276 1863 est,
1306 1813 1360 1855 et
1381 1815 1410 1853 ιι
1440 1812 1701 1868 corporeo
1745 1807 1799 1850 et
1839 1811 1868 1848 a
1902 1795 2008 1863 spi-

2109 607 2272 662 αὐτὸν
2305 607 2419 658 υίδν
2456 604 2680 674 γεέννης
2712 600 3040 673 διπλὼτερον
3080 595 3307 648 ἑαυτῶν.
3349 614 3366 645 ι
3410 593 3474 645 Τί
3496 591 3561 662 δὴ
3588 586 3680 644 οὖν

2106 702 2216 771 ἀρα
2244 701 2360 762 τοῖς
2384 697 2528 751 οὓτω
2558 697 2811 768 πονηροῖς
2834 691 3058 762 ποιμέσι
3103 687 3442 759 συμϐήσεται
3470 702 3485 748 ;
3518 703 3535 734 ι
3560 684 3682 737 Μά-

2104 809 2291 863 χαιρα,
2316 791 2504 861 φησὶν,
2532 789 2625 841 ἐπὶ
2652 786 2745 841 τοῦ
2804 785 3088 856 βραχίονος
3133 779 3320 845 αὑτοῦ,
3353 778 3447 831 καὶ
3471 777 3564 829 ἐπὶ
3589 776 3682 828 τὸν

2104 889 2379 960 ὀφθαλμὸν
2403 886 2494 940 τὸν
2516 885 2686 949 δεξιὸν
2718 881 2904 937 αὐτοῦ.
2945 899 2962 932 ι
3001 876 3346 948 Λαμϐάνεται
3390 871 3448 926 δὲ
3479 873 3512 924 ό
3530 871 3682 938 ,Βρα-

2105 984 2254 1052 χίων
2294 982 2374 1044 εἰς
2415 977 2646 1047 δύναμίν
2701 993 2762 1028 τε
2826 974 2922 1027 καὶ
2947 972 3118 1024 τύπον
3156 969 3255 1038 τῆς
3307 963 3683 1034 πνευματικῆς

2105 1071 2407 1140 ἐνεργείας.
2442 1066 2552 1121 Καὶ
2607 1063 2740 1134 γοῦν
2788 1062 2898 1115 τῶν
2950 1056 3305 1127 σφαζομένων
3331 1052 3488 1120 ζώων
3517 1053 3576 1104 ὲν
3614 1053 3681 1122 τῇ

2105 1163 2236 1234 ἁγία
2283 1163 2454 1231 σκηνῇ
2487 1158 2783 1214 ἀπόλεκτον
2810 1153 2888 1225 τῷ
2918 1152 3048 1222 θείῳ
3093 1145 3462 1217 θυσιαστηρίῳ
3497 1143 3682 1214 μέρος,

2103 1257 2134 1310 6
2166 1254 2404 1325 βραχίων
2429 1248 2517 1323 ἦν,
2546 1250 2639 1304 καὶ
2667 1248 2808 1318 ἰερὸν
2836 1244 3091 1315 ἀνάθημα
3134 1240 3212 1311 τῷ
3234 1239 3373 1310 Θεῷ,
3404 1235 3682 1308 ὑπεμφαί-

2104 1363 2306 1409 νοντος,
2347 1342 2522 1414 οἶμαι,
2549 1341 2642 1395 τοῦ
2678 1340 2836 1408 λόγου
2867 1336 2934 1390 δι’
2969 1334 3309 1404 αἰνίγματος,
3351 1328 3535 1400 ὅτιτῷ
3567 1326 3684 1396 Θεῷ

2105 1439 2204 1508 τὴν
2237 1437 2374 1491 ἰδίαν
2425 1434 2719 1490 ἀναθετέον
2781 1430 2934 1500 ἰσχὺν
2987 1426 3084 1497 τὴν
3124 1423 3443 1496 σωματικήν
3497 1437 3558 1474 τε
3593 1421 3686 1473 καὶ

2107 1529 2501 1600 πνευματικήν.
2545 1526 2666 1579 Ὅτι
2698 1523 2755 1576 δὲ
2804 1523 2834 1574 6
2887 1518 3125 1591 βραχίων
3162 1511 3560 1584 κατασημαίνει
3588 1509 3686 1579 τὴν

2104 1619 2354 1691 δύναμιν,
2387 1615 2718 1672 πιστώσεταί
2751 1631 2834 1678 τις
2887 1611 2994 1666 τῶν
3055 1609 3246 1679 ἁγίων,
3279 1607 3357 1677 τῷ
3405 1605 3515 1658 τῶν
3551 1605 3689 1657 ὅλων

2106 1713 2226 1784 Θεῷ
2271 1707 2774 1784 προσπεφωνηκώςο
2812 1725 2830 1758 ι
2853 1702 3088 1774 Μεγέθει
3123 1698 3404 1772 βραχίονός
3440 1713 3532 1750 σου
3560 1697 3691 1749 ἀπο-

2110 1806 2516 1876 λιθωθήτωσαν.
2556 1821 2573 1853 ι
2661 1803 2716 1854 '0
2765 1798 2819 1853 δέ
2871 1815 2934 1867 γε
2984 1793 3262 1866 ὀφθαλμὸς
3302 1793 3364 1845 ὲκ
3393 1788 3485 1844 νοῦ
3517 1787 3688 1842 τύπον

439 1899 834 1956 ritualirohore
854 1898 1151 1952 deseretur.
1182 1892 1297 1949 Non
1363 1893 1506 1948 enim
1558 1889 1834 1960 quidpiam
1890 1887 2012 1943 boni

2119 1898 2468 1968 λαμϐάνεται.
2501 1895 2751 1948 Πείσεται
2776 1890 2840 1962 δὴ
2873 1887 2966 1943 οὖν
2993 1891 3021 1942 6
3053 1886 3127 1959 μὴ
3183 1883 3485 1955 ποιμαίνων
3513 1878 3690 1952 ὀρθῶς

438 2001 698 2061 praestare
721 1986 938 2059 poterit,
978 1985 1086 2042 Deo
1128 1985 1275 2040 illum
1305 1998 1410 2038 non
1450 1981 1834 2036 corroborante
1878 1994 1890 2028 :
1956 1987 2010 2030 et

438 2084 620 2138 animo
633 2081 798 2137 obscu
808 2081 1033 2145 rabitur,
1050 2079 1140 2148 qui
1167 2077 1330 2132 divini
1356 2075 1572 2128 luminis
1587 2085 1781 2143 expers
1797 2077 2007 2131 autest,

437 2187 533 2231 aut
561 2187 836 2231 censetur.
863 2172 1017 2227 Haud
1047 2173 1191 2226 enim
1221 2184 1341 2224 cum
1378 2166 1568 2220 ﬁducia
1594 2163 1772 2217 dicet:
1815 2180 1832 2211 ι
1863 2159 2008 2226 Quo-

440 2268 585 2323 niam
619 2278 672 2322 tu
719 2265 1046 2320 illuminahis
1071 2263 1346 2317 lucernam
1377 2255 1841 2321 meam,Domine;
1872 2254 2012 2307 Deus

439 2374 616 2425 meus,
649 2357 976 2413 illuminabis
1009 2353 1256 2408 tenebras
1294 2347 1519 2404 meas".
1543 2366 1562 2398 ι
1601 2347 1886 2400 Dexterum
1918 2357 2013 2394 au-

443 2465 551 2507 tem
581 2451 860 2506 brachium
887 2457 970 2502 est
990 2445 1131 2515 quod
1164 2443 1342 2514 gladio
1372 2438 1700 2510 praeciditur,
1732 2447 1789 2490 et
1815 2433 2009 2490 oculus

441 2549 630 2601 dexter
659 2545 753 2614 qui
800 2550 1130 2596 excaecatur.
1181 2536 1326 2591 Nihil
1386 2533 1528 2588 enim
1556 2532 1837 2586 dexterum
1869 2529 2012 2597 apud

442 2639 691 2708 populum
716 2636 1046 2698 Iudaeorum,
1071 2646 1176 2685 non
1203 2629 1346 2684 actio
1369 2630 1582 2682 bona...
1615 2662 1628 2677 .
1657 2621 1892 2686 Etenim,
1955 2629 2035 2671 ut

441 2742 524 2787 est
555 2730 694 2798 apud
750 2727 996 2791 Paulum,
1032 2743 1050 2775 ι
1115 2722 1296 2792 Usque
1341 2720 1502 2775 hodie
1556 2717 1770 2782 quando
1821 2714 2014 2781 legitur

443 2823 638 2885 Moses,
669 2820 911 2875 velamen
942 2831 1101 2886 super
1128 2830 1224 2870 cor
1255 2828 1441 2869 eorum
1503 2810 1736 2880 positmn
1764 2816 1846 2861 est
1871 2805 1935 2856 ³⁸.
1989 2821 2008 2852 ι

441 2915 629 2970 Psallit
670 2923 724 2968 et
777 2910 972 2965 alicubi
1029 2907 1193 2962 David
1229 2907 1294 2960 de
1347 2905 1529 2973 ipsis:
1567 2921 1584 2952 ι
1645 2899 2015 2955 Ohscurentur

440 3007 583 3062 oculi
609 3020 800 3060 eorum
835 3018 901 3057 ne
919 3001 1132 3055 videant
1159 2999 1225 3052 ³³.
1265 3017 1282 3047 ι
1315 2995 1507 3052 Omnia
1562 2993 1726 3063 igitur
1799 2991 2011 3045 illorqu

442 3099 684 3159 sinistra,
711 3094 824 3150 sive
851 3093 1110 3162 cogitata,
1135 3090 1250 3143 sive
1279 3101 1458 3142 mores
1487 3085 1656 3148 dicas,
1700 3083 1813 3136 sive
1870 3081 2014 3134 aliud

2115 1988 2396 2060 βραχίονός
2415 2003 2473 2038 τε
2499 1986 2587 2038 καὶ
2619 1979 2898 2053 ὀφθαλμοῦ
2927 1980 3024 2048 τὴν
3086 1981 3356 2050 πήρωσιν,
3388 1973 3688 2035 τουτέστιν.

2112 2080 2318 2151 ἔρημος
2371 2078 2524 2130 ἔσται
2560 2073 2878 2144 σωματικῆς
2941 2072 3036 2125 καὶ
3079 2066 3456 2139 πνευματικῆς
3486 2064 3686 2136 ἰσχύος.

2112 2170 2187 2222 Οὐ
2213 2171 2322 2240 γὰρ
2378 2165 2666 2238 δυνήσεταί
2716 2181 2770 2216 τι
2806 2160 3150 2232 κατορθῶσαι
3193 2159 3301 2213 τῶν
3361 2155 3584 2226 ἀγαθῶν
3615 2155 3691 2226 μὴ

2113 2261 2452 2333 ὲνισχύοντος
2501 2257 2665 2312 Θεοῦο
2714 2252 3275 2323 κατασκοτισθήσεται
3338 2249 3396 2303 δὲ
3450 2248 3543 2302 καὶ
3601 2245 3692 2300 τὸν

2112 2353 2260 2416 νοῦν,
2306 2352 2571 2422 ἀμέτοχος
2603 2349 2697 2402 τοῦ
2757 2347 2902 2400 θείου
2967 2345 3144 2415 φωτὸς
3196 2343 3458 2414 ὑπάρχων
3511 2357 3567 2394 τε
3602 2339 3691 2392 καὶ

2113 2447 2422 2517 νοούμενος.
2460 2445 2534 2497 Ού
2561 2443 2670 2514 γὰρ
2697 2441 2986 2510 δυνήσεται
3010 2437 3191 2505 λέγειν
3225 2438 3289 2488 ἐκ
3343 2433 3655 2504 παρρησίας
3674 2449 3689 2462 ·

2121 2562 2139 2594 ι
2175 2543 2301 2593 Ὀτι
2339 2539 2403 2592 σὺ
2427 2538 2649 2605 φωτιεῖς
2705 2533 2895 2604 λύχνον
2925 2548 3049 2602 μου.
3083 2528 3274 2597 Κύριε
3304 2529 3333 2580 6
3378 2525 3509 2589 Θεός
3565 2541 3690 2595 μου,

2115 2635 2334 2704 φωτιείς
2370 2630 2430 2683 τὸ
2465 2628 2654 2689 σκότος
2714 2643 2834 2696 μου.
2864 2643 2882 2675 ι
2919 2621 3101 2686 Δεξιδς
3133 2621 3189 2674 δὲ
3217 2621 3245 2672 6
3285 2617 3524 2689 βραχίων
3565 2617 3594 2668 6
3624 2618 3690 2685 τῇ

2124 2725 2374 2794 μαχαίρᾳ
2421 2719 2783 2788 τεμνόμενος,
2832 2716 2926 2768 καὶ
2972 2712 3076 2782 μὴν
3103 2711 3198 2763 καὶ
3236 2707 3510 2776 ὀφθαλμὸς
3533 2709 3562 2759 6
3595 2722 3693 2757 τυ-

2116 2814 2434 2884 φλούμενος.
2466 2809 2648 2873 Δεξιδν
2678 2808 2787 2879 γάρ
2835 2805 2987 2860 οὐδὲν
3044 2803 3195 2872 παρά
3251 2803 3364 2864 τοῖς
3423 2797 3694 2852 Ἰουδαίων

2112 2907 2328 2976 δήμοις,
2388 2902 2449 2954 ού
2495 2897 2932 2971 πρᾶξιςάγαθὴ,
3013 2935 3029 2950 .
3110 2937 3122 2948 .
3203 2936 3216 2949 .
3295 2935 3308 2946 .
3391 2932 3404 2946 .
3486 2933 3500 2946 .
3580 2931 3597 2945 .
3676 2929 3689 2941 .

2114 2999 2189 3060 ὡς
2213 2997 2323 3066 γὰρ
2352 2999 2380 3048 6
2409 2992 2620 3055 Παῦλός
2652 3008 2837 3061 φησιν,
2899 3008 2918 3039 ι
2955 2989 3114 3058 Ἄχρι
3147 2989 3386 3058 σ’ήμερον
3435 2983 3598 3054 ὴνίκα
3629 2984 3696 3035 ἂν

2116 3085 2554 3153 ἀναγινώσκηται
2613 3080 2837 3149 Μωσῆς,
2892 3077 3160 3147 κάλυμμα
3216 3074 3308 3127 ἐπὶ
3341 3073 3438 3145 τὴν
3466 3073 3696 3144 καρδίαν

441 3205 630 3245 eorum
651 3202 770 3257 quae
797 3185 903 3240 illis
934 3185 1122 3238 adesse
1143 3180 1349 3235 credita
1371 3186 1519 3232 sunt.
1543 3177 1622 3229 Ac
1668 3174 2010 3227 sinistrorum

2115 3177 2294 3233 αὐτῶν
2315 3179 2510 3230 κεῖται.
2533 3194 2551 3224 ›
2581 3172 2791 3226 Ψάλλει
2816 3171 2874 3222 δέ
2914 3187 3016 3222 που
3046 3169 3140 3221 καὶ
3171 3169 3200 3220 6
3228 3167 3394 3219 Aa6‘t6
3417 3167 3546 3236 περὶ
3598 3165 3696 3218 αὑ-

440 3282 658 3351 quidem
693 3277 1017 3331 ablationem
1047 3272 1350 3327 conducere
1374 3281 1552 3336 posse,
1584 3280 1702 3318 eam
1740 3263 2011 3317 sustinen-

2117 3270 2244 3322 τῶν’
2308 3287 2325 3319 ι
2367 3264 2816 3335 Σκοτισθήτωσαν
2846 3261 2898 3313 οἰ
2945 3259 3214 3329 ὀφθαλμοὶ
3254 3256 3433 3312 αὐτῶν
3485 3257 3577 3312 τοῦ
3621 3259 3697 3327 μὴ

446 3371 609 3435 tibus,
641 3382 749 3421 non
793 3380 878 3419 me
907 3365 1058 3418 latet.
1110 3361 1240 3414 Nam
1293 3357 1523 3426 abjectio
1568 3355 1810 3408 stultitia:
1863 3351 2012 3406 omni

444 3459 598 3529 culpa
637 3467 692 3512 et
718 3455 913 3526 probro
935 3468 1029 3508 eos
1059 3450 1358 3504 liberaverit
1389 3466 1404 3510 ;
1459 3445 1619 3516 772
1661 3454 1847 3500 contra
1909 3458 2012 3496 non

446 3548 790 3605 mediocriter
875 3543 1071 3598 laeserit
1126 3541 1436 3597 dextrorum
1493 3537 1714 3590 amissio
1753 3535 2016 3589 :omnirso

445 3641 588 3695 enim
616 3639 684 3694 ad
710 3638 992 3692 inhonesta
1044 3642 1099 3688 et
1139 3632 1371 3686 maxime
1392 3629 1746 3684 exsecrabilia
1779 3628 2012 3681 deducit.

447 3731 554 3786 Sed
580 3729 795 3784 Iudaeos
827 3729 1036 3787 deceat,
1070 3735 1124 3779 et
1155 3737 1412 3793 perquam
1437 3721 1840 3783 convenienter,
1891 3735 2018 3788 spo-

449 3823 607 3876 liatos
641 3817 852 3874 dextris
909 3825 1280 3886 paupertatem
1343 3811 1630 3882 perferre:
1682 3826 1780 3866 nos
1838 3822 2018 3864 autem

447 3915 538 3984 qui
591 3924 778 3966 sumus
808 3909 860 3964 in
890 3906 1130 3970 Christo,
1164 3904 1385 3960 sinistra
1406 3903 1676 3968 amittere,
1697 3912 1750 3956 et
1816 3902 2021 3956 dextris

447 4005 686 4074 gloriari.

2123 3359 2361 3429 βλέπειν.
2390 3376 2407 3407 ι
2435 3355 2608 3408 Σκαιά
2628 3354 2692 3423 δὴ
2734 3347 2827 3405 οὗν
2865 3351 3078 3404 ἅπαντα
3103 3349 3171 3402 τά
3219 3350 3348 3419 παρ’
3372 3349 3574 3411 αὐτοῖς,
3595 3347 3697 3400 κᾶν

2122 3451 2316 3518 νόημα,
2342 3446 2442 3500 κᾶν
2482 3446 2679 3516 τρόπον
2703 3443 2862 3514 εἴπῃς
2882 3483 2896 3505 ,
2924 3441 3027 3494 κᾶν
3076 3441 3261 3509 ἕτερόν
3308 3457 3359 3493 τι
3388 3439 3498 3493 τῶν
3527 3456 3697 3510 προσ-

2124 3543 2262 3593 εῖναι
2309 3533 2775 3603 πεπιστευμένων.
2832 3531 2953 3584 Τῶν
3025 3530 3124 3600 μὲν
3159 3529 3268 3601 γὰρ
3309 3529 3614 3601 ἀριστερῶν
3661 3532 3693 3600 ή

2124 3630 2414 3700 ἀφαίρεσις
2461 3627 2701 3696 ὀνήσειεν
2735 3624 2800 3676 ἂν
2856 3618 2953 3674 οἷδ’
2993 3623 3074 3675 ὅτι
3105 3623 3231 3685 τοὺς
3305 3621 3694 3691 ὑπομένοντας.

2135 3718 2400 3786 Ἀποϐολὴ
2427 3718 2535 3784 γὰρ
2567 3713 2880 3782 σκαιότητος
2906 3711 3082 3774 αἰτίας
3127 3729 3184 3763 τε
3217 3712 3308 3764 καὶ
3340 3712 3532 3780 μώμου
3565 3726 3698 3764 παν-

2121 3811 2210 3874 τὸς
2262 3807 2617 3871 ἀπαλλάξειεν
2682 3805 2748 3858 ἂν
2809 3804 3025 3866 αὐτούς.
3081 3804 3382 3874 Ἀδικήσειε
3435 3803 3481 3856 δ’
3511 3801 3576 3858 ἂν
3635 3803 3696 3855 ού

2127 3902 2363 3974 μετρίως
2422 3903 2454 3970 ἠ
2509 3899 2616 3951 τῶν
2656 3896 2848 3961 δεξιῶν
2903 3896 3193 3963 ἀπόδειξις.
3259 3895 3546 3966 Ἀποφέρει
3588 3895 3699 3965 γὰρ

2124 3993 2344 4052 πάντως
2375 3991 2453 4052 εἰς
2483 3989 2550 4041 τὰ
2580 3987 2797 4056 αἰσχίω,
2828 3989 2920 4040 καὶ
2951 3986 3347 4058 βδελυρώτατα.
3386 3985 3524 4037 Ἀλλ’
3571 3985 3700 4039 ’1ου-

445 4101 613 4160 δαίοις
644 4095 840 4167 πρέποι
873 4091 960 4155 ἂν,
1000 4089 1093 4142 καὶ
1130 4088 1274 4160 μάλα
1313 4086 1560 4148 εἰκότως,
1590 4087 1652 4138 τὸ
1682 4087 1739 4138 ὲν
1802 4085 2052 4154 στερήσει
2092 4082 2348 4136 πένεσθαι
2406 4081 2510 4135 τῶν
2571 4079 2780 4146 δεξιῶν·
2814 4081 2943 4150 ἡμῖν
3011 4079 3066 4132 δὲ
3099 4096 3208 4142 τοις
3247 4082 3304 4132 ὲν
3338 4077 3557 4150 Χριστῷ
3603 4078 3700 4146 τὴν

447 4187 718 4258 ἀποϐολὴν
765 4181 1019 4253 γενέσθαι
1061 4179 1399 4250 σκαιότητος,
1435 4181 1528 4232 καὶ
1582 4181 1692 4240 τοῖς
1713 4175 1902 4240 δεξιοῖς
1933 4173 2342 4244 ἐναϐρύνεσθαι.

696 4336 1102 4430 TOMUS
1185 4331 1756 4438 QUINTUS.

1085 4484 1235 4540 CAP.
1271 4484 1387 4538 XII.

525 4607 686 4663 Vsus.
715 4607 765 4658 l.
816 4604 1110 4670 Assumptio
1158 4597 1301 4652 verbi
1360 4593 1570 4649 Domini
1623 4607 1776 4658 super
1827 4588 2015 4642 Israel.

450 4701 601 4757 Dixit
625 4698 882 4753 Dominus
905 4695 1182 4748 extendens
1213 4690 1424 4748 calum,
1448 4697 1497 4740 et
1538 4686 1770 4754 fundatis
1800 4694 2017 4749 terram,

451 4792 712 4861 etﬁngens
746 4788 984 4856 spiritum
1003 4784 1228 4838 hominis
1262 4783 1316 4834 in
1338 4798 1412 4836 eo.

522 4899 804 4958 LXXXVI.
829 4895 1280 4968 Postquamquod
1319 4891 1546 4947 sulliciat
1581 4887 2021 4944 commodissime

451 4995 710 5050 disseruit
752 4994 819 5047 de
862 5005 990 5044 vero
1041 4998 1277 5058 pastore,
1309 4987 1431 5044 ,hoc
1469 4991 1551 5036 est
1598 4980 2021 5046 Christo,atque

451 5087 617 5140 etiam
658 5086 725 5139 de
765 5081 1038 5152 imperito,
1093 5088 1150 5132 et
1206 5073 1596 5136 crudelissimo,
1648 5080 1703 5124 et
1765 5069 2021 5123 carnifice

450 5174 656 5238 ovium,
681 5187 842 5242 quem
887 5167 1280 5230 Antichristum
1341 5179 1461 5218 esse
1510 5161 1758 5225 dicimus,
1815 5158 2019 5213 utiliter

450 5265 615 5318 etiam
645 5261 948 5316 futurarum
987 5258 1276 5328 aliquando
1335 5253 1767 5324 persecutionum
1829 5258 2016 5304 contra

450 5354 800 5418 Israelem,et
821 5353 1129 5421 neutiquam
1169 5349 1382 5419 quidem
1445 5343 1657 5399 Israelis
1723 5342 2038 5397 secundum-

450 5461 696 5512 carnem,
721 5460 816 5499 seu
843 5441 1200 5512 intelliglbilis
1231 5441 1374 5494 illius
1408 5448 1464 5490 et
1529 5450 1656 5490 vere
1709 5442 1908 5488 sanctae
1929 5430 2042 5488 εἰει-ι

452 5534 708 5598 rusalem,
733 5549 852 5606 qute
878 5543 963 5590 est
992 5555 1012 5585 ι
1047 5532 1290 5588 Ecclesia
1339 5527 1433 5584 Dei
1466 5528 1696 5583 viventis
1722 5527 1769 5558 ⁸ο
1788 5567 1803 5590 ,
1821 5545 1838 5578 ι
1866 5540 2020 5581 men-

455 5630 651 5682 tionem
670 5629 890 5683 inducit.
915 5628 1069 5684 Sicut
1102 5629 1244 5682 enim
1270 5624 1565 5679 asserimUs
1613 5637 1736 5678 esse
1761 5619 2017 5687 intelligi-

2406 4316 2788 4402 ΤΟΜΟΣ
2849 4314 3430 4400 ΠΕΜΠΤΟΣ.

2715 4467 2962 4519 ΚΕΦΛΛ.
3004 4467 3100 4521 ΙΒ’.

2195 4580 2411 4650 Λῆμμα
2436 4581 2625 4650 λόγου
2664 4581 2885 4648 Κυρίου
2941 4579 3038 4632 ἐπὶ
3088 4580 3196 4632 τὸν
3239 4580 3492 4648 Ἰσραήλ.
3529 4583 3697 4649 Λέγει

2128 4675 2363 4741 Κύριος,
2389 4673 2670 4726 ἐκτείνων
2697 4674 2978 4741 οὐρανὸν,
3007 4672 3103 4725 καὶ
3129 4670 3415 4739 θεμελιῶν
3440 4672 3574 4742 γῆν,
3600 4675 3696 4725 καὶ

2128 4765 2428 4818 πλάσσων
2459 4764 2693 4834 πνεῦμα
2720 4763 3125 4832 ἁνθρώπου’ἐν
3149 4762 3328 4828 αὐτῷ.

2201 4881 2342 4947 HG".
2423 4877 2773 4949 Ἀποχρῶσαν
2837 4873 2894 4930 εὖ
2959 4875 3104 4944 μάλα
3180 4877 3543 4945 ποιησάμενος
3601 4875 3698 4945 τὴν

2123 4971 2398 5041 ἀφήγησιν
2427 4970 2527 5040 τήν
2575 4971 2668 5022 ἐπί
2715 4985 2777 5037 γε
2834 4967 2911 5037 τῷ
2943 4965 3131 5036 ἁγαθῴ
3167 4966 3418 5035 ποιμένι,
3455 4966 3696 5018 τουτέστι

2122 5064 2361 5132 Χριστῷ,
2419 5064 2513 5116 καὶ
2567 5061 2664 5130 μέν
2714 5078 2797 5113 τοι
2843 5060 2939 5129 τὴν
3000 5058 3094 5110 ἐπὶ
3146 5057 3222 5127 τῷ
3271 5057 3484 5128 ἀπείρῳ
3511 5072 3569 5110 τε
3606 5060 3700 5110 καὶ

2121 5156 2408 5224 ὠμοτάτῳ,
2439 5154 2530 5206 καὶ
2591 5149 2989 5223 κρεωνομοῦντι
3015 5148 3083 5201 τά
3117 5147 3384 5220 πρόϐατα,
3411 5148 3597 5202 τοῦτον
3642 5148 3699 5202 δὲ

2119 5239 2258 5301 εἷναί
2287 5259 2467 5312 φαμεν
2494 5243 2584 5294 τὸν
2619 5241 3001 5310 Ἀντίχριστον,
3032 5238 3394 5308 ὃιαμέμνηται
3415 5239 3700 5310 χρησίμως

2128 5336 2222 5388 καὶ
2251 5334 2358 5387 τῶν
2409 5331 2682 5402 ἐσομένων
2715 5330 2858 5384 κατά
2884 5331 3108 5401 καιροὺς
3146 5328 3424 5400 διωγμῶν,
3464 5332 3606 5384 κατά
3635 5347 3696 5398 γε

2125 5424 2222 5484 τοῦ
2263 5424 2497 5495 Ἰσραὴλ,
2537 5425 2630 5476 καὶ
2660 5423 2782 5493 οὐχὶ
2829 5422 2892 5494 δὴ
2925 5406 3141 5485 πάντως
3188 5421 3284 5474 τοῦ
3315 5423 3455 5476 κατά
3490 5423 3698 5491 σάρκα,

2130 5514 2406 5587 μᾶλλονδὲ
2436 5511 2530 5566 τοῦ
2577 5511 2790 5583 νοητοῦ,
2827 5513 2919 5564 καὶ
2949 5511 3048 5580 τῆς
3103 5510 3262 5578 ἁγίας
3291 5510 3458 5572 ὅντως
3500 5509 3699 5579 Ἰερου-

2128 5609 2330 5680 σαλὴμ,
2355 5607 2475 5675 ἥτις
2505 5607 2651 5658 ἐστὶν
2679 5624 2698 5656 ι
2732 5604 3026 5676 Ἐκκλησία
3050 5603 3186 5656 Θεοῦ
3216 5602 3469 5668 ζῶντος.»
3494 5601 3700 5669 Ὥσπερ

525 5745 569 5776 ³⁸
601 5743 786 5801 Matth.
811 5761 959 5801 χχιιι.
997 5745 1080 5799 15.
1141 5744 1186 5776 ⁸·
1222 5739 1395 5797 Exod.
1431 5755 1519 5807 xv,
1545 5737 1630 5794 16.
1682 5737 1726 5770 ³⁷
1750 5734 1894 5792 Psal.
1928 5748 2012 5790 xVI

2115 5727 2187 5783 l9.
2266 5722 2311 5754 ⁵³
2341 5719 2384 5774 Il
2419 5719 2542 5776 Cor.
2573 5735 2658 5787 ιιι,
2689 5719 2776 5776 l5.
2832 5719 2876 5752 ’9
2904 5717 3046 5775 Psal.
3080 5732 3270 5784 vam,
3301 5715 3392 5771 24.
3438 5713 3525 5769 “l
3554 5710 3698 5772 Tim.
3762 5743 3764 5745 >

454 5833 536 5880 ιιι,
570 5813 656 5869 lii.
