4120 6376
476 446 581 500 Ξοῦ

1283 443 1832 501 COMMENTARIUS
1871 447 1934 500 IN
1977 444 2374 500 ZACIHRIAM
2409 443 2850 499 PllOPllETAM.

3597 446 3702 501 206

482 559 585 630 γὰρ
616 555 752 612 εἷναί
789 575 967 627 φαμεν
1002 558 1189 629 νοητὸν
1229 561 1496 624 Ἰουδαῖον,
1546 560 1638 613 τὸν
1667 560 1858 630 ἔχοντα
1889 576 2037 629 περι·

2145 557 2303 613 bilem
2323 555 2586 624 Judaum,
2611 557 2898 612 habentem
2933 554 3398 610 circumcisionetn
3448 555 3498 608 in
3548 559 3708 611 corde

475 649 646 721 τομὴν
668 651 725 702 ὲν
755 650 972 721 καρδίᾳ,
996 651 1093 721 τὴν
1119 649 1206 704 διὰ
1229 650 1321 704 τοῦ
1351 649 1678 720 πνεύματος,
1707 650 1801 703 καὶ
1837 649 1954 720 οὐχὶ
1974 649 2039 718 δὴ

477 739 691 803 πάντως
715 738 812 808 τὴν
842 740 899 791 ὲν
929 741 1092 808 σαρκὶ
1117 739 1206 792 διά
1260 741 1606 810 γράμματος·
1639 739 1780 793 οὕτω
1808 740 1904 793 καὶ
1937 741 2039 791 ’lrr-

477 827 614 899 ραὴλ
640 829 876 881 νοεῖσθαι
906 829 1033 898 φαίη
1086 845 1170 891 τις
1205 828 1292 891 ἂν,
1322 830 1444 898 οὐχὶ
1496 828 1711 891 πάντως
1738 827 1830 881 τὸν
1862 827 1920 891 ἐξ
1953 828 2038 880 αἴ-

478 934 646 985 ματος
669 917 908 988 Ἰσραὴλ,
924 918 1131 970 ἐκεῖνον
1160 917 1216 971 δὲ
1245 917 1462 987 μᾶλλον,
1478 917 1536 980 ὃς
1559 917 1668 987 ἔχει
1690 917 1812 970 νοῦν
1832 918 2040 988 ὁρῶντα

474 1006 626 1062 Θεόν.
655 1007 900 1062 Τοιοῦτοι
928 1008 984 1061 δὲ
1017 1009 1233 1071 πάντως
1251 1008 1402 1060 οἱδιά
1426 1008 1660 1071 πίστεως
1682 1009 1780 1078 τῆς
1799 1011 1876 1071 εἰς
1907 1009 2041 1079 X91-

475 1099 598 1152 στὸν
633 1100 961 1170 κεκλημένοι
1017 1101 1154 1171 πρὸς
1199 1099 1491 1169 ἁγιασμόν,
1545 1101 1846 1165 ἐγνωκότες
1889 1117 1945 1153 τε
1972 1100 2036 1154 δι’

474 1191 656 1256 αὑτοῦ,
693 1191 786 1244 καὶ
812 1192 870 1244 ὲν
915 1191 1061 1262 αὐτῷ
1083 1191 1172 1245 τὸν
1200 1191 1331 1244 Θεὸν
1391 1191 1483 1245 καὶ
1509 1191 1746 1262 Πατέρα.
1774 1191 2038 1255 Θεοπτίας

474 1282 583 1352 γὰρ
619 1283 802 1336 οὑτοσὶ
827 1283 1028 1353 τρόπος
1066 1283 1304 1354 ἀτρεκὴς
1332 1283 1426 1335 καὶ
1481 1281 1775 1353 ἐξαίρετος.
1813 1282 2040 1351 Λαμϐἀ-

473 1391 621 1427 νεται
649 1375 828 1427 τοίνυν
847 1375 876 1426 0
903 1374 1060 1443 λόγος
1087 1374 1179 1428 ἐπὶ
1216 1373 1306 1427 τὸν
1347 1373 1548 1444 ἀρτίως
1594 1375 1725 1444 ἡμῖν
1753 1373 2038 1444 εἰρημένον

484 1467 720 1539 Ἰσραήλ.
749 1467 872 1520 Ὀτι
911 1468 970 1520 δέ
1027 1469 1141 1520 ἐστι
1167 1465 1446 1535 παναλκὴς
1471 1467 1499 1518 0
1525 1465 1633 1519 τῶν
1657 1465 1794 1520 ὅλων
1831 1465 1980 1529 Θεὸς,
2010 1469 2038 1519 0

469 1558 538 1610 τὰ
562 1557 653 1610 ἐπὶ
690 1555 900 1619 τούτοις
931 1557 1062 1627 ημῖν
1088 1555 1410 1626 ποιούμενος
1439 1555 1879 1626 πῳανάῥρησιν,
1902 1557 2038 1608 ἀπο-

470 1647 670 1716 φαίνει,
723 1647 913 1715 λέγων·
971 1665 990 1698 ι
1025 1647 1310 1700 Ἐκτείνων
1335 1645 1581 1718 οὐρανὸν,
1635 1647 1728 1699 καὶ
1775 1646 2038 1716 Θεμελιῶν

469 1741 593 1810 γῆν,
649 1739 742 1792 καὶ
788 1738 1044 1793 πλάσσων
1096 1737 1312 1807 πνεῦμα
1354 1737 1642 1808 ἀνθρώπου
1689 1739 1747 1789 ἐν
1808 1737 1975 1808 αὐτῷ.
2014 1757 2031 1788 s

469 1833 688 1902 Δέχεται
721 1830 848 1903 γάρ,
875 1831 1057 1902 φησὶν,
1089 1830 1181 1883 ἐπὶ
1227 1829 1319 1882 τὸν
1356 1829 1569 1900 Ἰσραὴλ
1613 1829 1676 1882 τὸ
1721 1830 1912 1900 λῆμμα
1941 1829 2036 1883 τοῦ

469 1925 625 1993 λόγου
652 1923 782 1987 Θεὸς
834 1925 860 1975 0
917 1922 1094 1976 πάντα
1151 1920 1370 1992 ἰσχύων,
1437 1940 1454 1972 ι
1491 1921 1596 1975 Καὶ
1642 1922 1896 1975 ἐκτείνων
1938 1923 2036 1993 μὲν

468 2018 598 2069 ὡσεὶ
621 2015 803 2088 δέῤῥιν
828 2015 922 2067 τὸν
949 2013 1198 2085 οὐρανὸν,
1242 2032 1261 2065 r
1298 2012 1438 2065 κατά
1475 2012 1574 2082 τὴν
1611 2012 1704 2065 τοῦ
1743 2011 2034 2081 ψάλλοντος

468 2107 669 2179 φωνὴν,
707 2107 1055 2178 ὲδραιοτάτην
1099 2105 1156 2157 δὲ
1189 2104 1359 2168 οὔτως
1408 2104 1693 2174 ἀποφήνας
1739 2103 1837 2174 τὴν
1889 2105 2033 2175 γῆν,

467 2201 541 2262 ὡς
567 2201 652 2253 ἀεί
695 2217 753 2253 τε
793 2201 885 2252 καὶ
934 2196 1228 2259 διαπαντὸς
1269 2195 1578 2266 ἀκλονήτως
1626 2195 1802 2265 ἔχειν,
1859 2197 2035 2250 καίτοι

468 2290 936 2362 τεθεμελιωμὲνην
962 2291 1055 2342 ἐπὶ
1085 2287 1390 2342 Θαλασσῶν.
1433 2288 1579 2358 Ἔφη
1626 2289 1735 2358 γὰρ
1781 2288 1954 2352 οὕτως
1999 2291 2032 2360 ἡ

469 2381 821 2444 Θεόπνευστος
873 2381 1087 2452 Γραφή·
1142 2397 1160 2429 ι
1208 2377 1319 2432 Καὶ
1373 2377 1628 2432 πλάσσων
1682 2377 1898 2448 πνεῦμα
1946 2379 2038 2431 ἀν-

467 2471 684 2542 Θρὼπου
710 2474 766 2524 ὲν
798 2470 964 2540 αὐτῷ.
991 2491 1010 2522 ι
1050 2472 1110 2524 '0
1137 2470 1194 2523 δὲ
1219 2470 1281 2540 δὴ
1310 2467 1452 2523 οὕτω
1477 2469 1726 2541 μεγάλων
1773 2469 2035 2542 δημιουρ-

467 2563 562 2632 γὸς
611 2562 1001 2635 καὶίτεχνίτης,
1032 2563 1150 2626 πῶς
1202 2564 1301 2615 οὐκ
1337 2561 1608 2632 ἀνιδρωτὶ,
1653 2563 1748 2615 καὶ
1774 2560 1918 2631 μάλα
1948 2563 2037 2614 εὑ-

469 2657 641 2720 κό).ως
668 2657 730 2710 τὸ
762 2656 910 2726 αὐτῷ
940 2655 1132 2710 δοκοῦν
1193 2655 1566 2723 ἀποπερανεῖς
1625 2653 1930 2706 Πλάσσεται
1979 2655 2037 2707 δὲ

469 2747 684 2817 πνεῦμα
721 2748 1010 2819 ἀνθρώπου
1043 2750 1101 2801 ὲν
1126 2746 1296 2818 αὐτῷ,
1327 2747 1426 2799 οὐκ
1448 2747 1526 2808 είς
1556 2745 1730 2815 ἀρχὰς
1764 2745 1858 2798 τοῦ
1897 2741 2036 2798 εἶναι

469 2839 820 2908 καλούμενον,
845 2841 894 2892 εί
933 2839 1026 2891 καὶ
1053 2839 1245 2906 γέγονε
1282 2837 1350 2890 δι’
1380 2835 1566 2899 αὑτοῦ,
1591 2835 1706 2890 ἀλλ’
1728 2832 1838 2888 οἷον
1868 2853 2036 2906 μετα-

473 2931 865 3003 μορφούμενον,
895 2929 954 2995 ἐξ
974 2929 1253 2993 ἀσθενείας
1287 2929 1366 2992 είς
1391 2927 1640 2996 δύναμιν,
1667 2927 1726 2991 ἐξ
1753 2927 2038 2998 ἀνανδρίας

469 3024 548 3085 εἰς
578 3023 870 3092 ὑπομονὴν,
898 3022 992 3074 καὶ
1023 3019 1379 3085 ἁπαξαπλῶς.
1417 3020 1482 3071 ἐκ
1508 3020 1613 3072 τῶν
1645 3019 1933 3088 αἰσχιόνων
1959 3021 2038 3083 είς

468 3115 536 3168 τὰ
557 3115 764 3184 ἀμείνω
825 3111 1396 3184 μεταστοιχειούμενον
1452 3111 1678 3180 νοητῶς.
1738 3110 1942 3165 Ψάλλει
1981 3111 2039 3163 δὲ

2144 663 2238 718 per
2268 649 2542 718 spiritum,
2581 657 2634 703 et
2655 648 2879 701 minime
2915 661 3035 702 earn
3059 661 3181 716 quae
3210 655 3293 702 est
3326 646 3380 700 in
3404 660 3566 700 carne
3615 661 3702 698 se-

2143 739 2644 795 cundum’litteram
2676 755 2691 792 :
2729 740 2812 794 ita
2834 749 2888 794 et
2933 739 3181 793 lsraelem
3238 737 3459 808 intelligi
3512 739 3708 793 dixerit

2143 829 2434 901 quispiam,
2459 847 2567 885 non
2586 831 2768 899 utique
2790 831 2881 900 qui
2916 836 3082 885 estde
3111 831 3369 900 sanguine
3399 829 3585 896 Israel,
3612 831 3706 885 sed

2144 921 2290 974 illum
2325 923 2501 992 potius
2535 922 2625 990 qui
2692 923 2852 975 habet
2903 930 3133 974 mentem
3197 921 3464 974 videntem
3518 919 3702 973 Deum.

2143 1011 2299 1067 Tales
2330 1014 2460 1066 citra
2485 1013 2908 1066 controversiam
2943 1020 3067 1065 sunt
3097 1025 3192 1079 per
3238 1008 3395 1064 ﬁdem
3456 1009 3508 1062 in
3549 1007 3706 1064 Chri-

2143 1114 2284 1157 stum
2312 1104 2483 1158 vocati
2510 1103 2575 1156 ad
2605 1102 3113 1168 sanetilieationem,
3145 1103 3348 1171 quique
3404 1115 3499 1170 per
3525 1102 3702 1170 ipsum

2142 1204 2196 1249 et
2253 1196 2303 1249 in
2341 1197 2454 1264 ipso
2505 1195 2718 1250 Patrem
2742 1204 3129 1264 cognoverunt.
3167 1193 3264 1247 Hic
3313 1195 3456 1246 enim
3513 1194 3704 1247 modus

2142 1288 2337 1340 divinaa
2358 1287 2580 1342 visionis
2617 1302 2778 1340 verus
2833 1295 2888 1340 et
2913 1283 3142 1340 eximius
3161 1294 3263 1340 est.
3300 1281 3702 1353 lnterpretanda

2143 1379 2308 1447 igitur
2337 1388 2462 1433 sunt
2503 1381 2615 1434 haec
2642 1381 2802 1434 verba
2837 1379 2902 1434 de
2925 1377 3141 1443 Israele,
3173 1379 3240 1434 de
3285 1392 3392 1446 quo
3438 1377 3704 1448 jamdixi-
3762 1445 3771 1452 .

2141 1485 2279 1522 ntus.
2313 1469 2687 1524 Fortissimum
2713 1479 2891 1523 autem
2914 1481 3036 1522 esse
3085 1467 3250 1522 Deum
3307 1467 3699 1529 universorum,

2140 1562 2229 1631 qui
2263 1561 2417 1616 nobis
2441 1561 2723 1630 sequentia
2771 1559 3036 1630 praedicit,
3078 1558 3438 1623 demonstrat,
3472 1556 3656 1612 dicens
3685 1573 3700 1610 :

2145 1673 2164 1706 ι
2195 1655 2501 1708 Extendens
2526 1653 2745 1716 caslum,
2789 1661 2845 1706 et
2871 1651 3099 1706 fundans
3139 1660 3361 1714 terram,
3398 1651 3706 1705 etlorntans

2140 1747 2386 1814 Spiritum
2420 1745 2652 1798 hominis
2682 1745 2734 1797 in
2778 1743 2910 1814 ipso.
2943 1762 2962 1795 ι
3021 1743 3229 1812 Accipit
3274 1741 3438 1806 enim,
3510 1740 3703 1811 inquit,

2141 1853 2302 1906 super
2325 1835 2487 1890 Israel
2529 1836 2950 1906 assumptionem
3006 1836 3153 1890 verbi
3210 1834 3348 1888 Deus
3403 1833 3494 1903 qui
3531 1843 3706 1902 potest

2138 1931 2344 1992 omnia,
2369 1949 2386 1982 ι
2416 1941 2469 1984 et
2491 1932 2788 1983 extendens
2816 1928 3012 1983 coelum
3036 1926 3175 1981 sicut
3209 1926 3399 1993 pellem
3425 1925 3523 1988 “,r
3552 1924 3703 1995 juxta

2138 2037 2324 2078 vocem
2346 2021 2670 2086 Psalmistaa,
2697 2019 3060 2074 ﬁrmissimam
3093 2029 3272 2072 autem
3330 2016 3560 2070 reddens
3599 2025 3708 2068 ter-

2141 2130 2252 2168 ram
2284 2123 2341 2167 ut
2379 2127 2594 2180 semper
2624 2123 2675 2166 et
2707 2113 3063 2180 undequaqne
3079 2110 3148 2164 sit
3173 2108 3482 2173 immobilis,
3511 2121 3704 2177 quam-

2141 2206 2220 2261 vis
2248 2207 2468 2262 fundata
2511 2220 2674 2274 super
2692 2205 2885 2258 maria.
2927 2201 3208 2269 Quomodo
3233 2202 3307 2255 ait
3338 2199 3594 2254 divinitus
3619 2198 3703 2252 in-

2139 2301 2340 2366 spirata
2374 2297 2652 2364 Scriptura
2687 2314 2700 2351 :
2732 2314 2750 2346 «
2790 2293 2857 2348 Et
2906 2293 3113 2362 ﬁngens
3165 2291 3416 2359 spiritum
3467 2289 3706 2346 hominis

2138 2391 2192 2445 in
2220 2391 2356 2459 ipso.
2389 2407 2409 2442 ι
2452 2389 2600 2444 Adeo
2627 2388 2769 2444 enim
2797 2401 3109 2455 magnarum
3136 2400 3320 2440 rerum
3357 2383 3606 2438 conditor
3651 2394 3708 2436 et

2137 2483 2338 2552 opifex,
2357 2483 2624 2553 quomodo
2642 2495 2746 2534 non
2773 2481 2908 2534 citra
2931 2479 3181 2532 sudorem
3208 2485 3264 2531 et
3295 2473 3543 2530 facillime
3562 2475 3704 2540 quod

2139 2576 2368 2632 voluerit
2396 2574 2686 2629 conlieiet?
2723 2572 2967 2642 Fingitur
3002 2579 3183 2624 autem
3221 2568 3442 2638 spiritus
3471 2567 3706 2622 hominis

2140 2670 2193 2723 in
2239 2669 2373 2737 ipso,
2437 2681 2542 2721 non
2603 2667 2670 2720 ad
2732 2664 2944 2718 initium
2985 2662 3238 2717 essentia!
3293 2675 3404 2714 suae
3461 2669 3705 2723 vocatus,

2139 2760 2383 2828 quamvis
2412 2774 2506 2828 per
2553 2757 2725 2826 ipsum
2777 2755 2950 2809 laetus
2993 2756 3065 2808 sit
3113 2769 3129 2806 :
3194 2751 3355 2824 773
3402 2751 3495 2808 sed
3551 2751 3706 2820 quasi

2141 2849 2577 2912 transformatus,
2602 2864 2666 2902 ex
2699 2846 3062 2902 imbecillitate
3083 2844 3151 2901 ad
3173 2846 3448 2908 virtutem,
3466 2860 3532 2900 ex
3553 2846 3707 2915 igna-

2141 2944 2225 2997 via
2258 2943 2324 2998 ad
2357 2941 2697 3013 patientiam,
2721 2947 2776 2993 et
2833 2937 3098 3002 absolute,
3131 2953 3199 2992 ex
3253 2936 3585 3008 turpioribus
3638 2937 3706 2990 ad

2142 3033 2471 3098 honestiora,
2491 3030 2782 3086 secundum
2815 3029 2960 3097 quod
2993 3026 3333 3097 intelligitur,
3363 3027 3700 3080 reformatus.

2143 3123 2326 3179 Psallit
2345 3132 2399 3176 et
2426 3121 2638 3175 divinus
2673 3119 2869 3173 David:
2903 3134 2922 3168 ι
2953 3115 3062 3172 Cor
3093 3116 3347 3170 mundum
3376 3115 3569 3170 ereain
3597 3131 3706 3182 me,

474 3208 568 3258 καὶ
611 3207 639 3257 ό
701 3203 989 3265 θεσπέσιος
1015 3202 1194 3257 Δαόίδ·
1236 3201 1515 3271 «Καρδίαν
1549 3201 1796 3272 καθαρὰν
1855 3202 2038 3255 κτίσον

2146 3215 2304 3280 Deus,
2372 3221 2429 3267 et
2480 3211 2726 3280 spiritum
2782 3217 2990 3263 rectum
3037 3206 3232 3260 innova
3283 3205 3337 3259 in
3407 3206 3706 3260 visceribus

471 3299 529 3350 ὲν
552 3297 702 3367 ἐμοὶ,
729 3299 758 3350 0
783 3295 936 3362 Θεὸς,
970 3295 1064 3348 καὶ
1094 3294 1307 3363 πνεῦμα
1329 3293 1480 3356 εὑθὲς
1505 3294 1813 3362 ἐγκαίνισον
1845 3295 1902 3345 ὲν
1928 3297 2040 3356 τοῖς

471 3391 720 3458 ὲγκάτοις
755 3407 876 3460 μου.
910 3408 928 3440 ι
968 3389 1075 3442 Καὶ
1112 3387 1171 3441 οὐ
1224 3387 1289 3458 δή
1338 3403 1442 3439 που
1491 3385 1623 3454 φαίη
1654 3403 1740 3449 τις
1767 3385 1856 3448 ἂν,
1887 3387 2039 3456 εἰπερ

472 3479 595 3532 νοῦν
615 3478 749 3549 ἔχει,
776 3477 1003 3549 καρδίαν
1048 3478 1081 3547 ἥ
1132 3474 1347 3546 πνεῦμα
1396 3475 1682 3546 βούλεσθαι
1717 3475 1900 3528 λαϐεῖν
1921 3515 1934 3537 ,
1967 3474 2042 3535 ὡς

473 3573 571 3624 οὐκ
592 3570 784 3641 ἔχοντα
808 3571 907 3640 τὴν
935 3569 1130 3641 ἀρχὴν⁸
1163 3567 1374 3638 οἰηθείη
1403 3567 1448 3620 δ’
1472 3568 1538 3621 ἂν
1572 3567 1775 3636 μᾶλλον
1807 3567 1866 3619 ὲν
1894 3565 2043 3634 αὐτῷ

474 3662 750 3725 κτίζεσθαι
780 3661 1119 3731 παρακαλεῖν
1153 3659 1379 3730 καρδίαν
1403 3656 1671 3730 καθαρὰν,
1698 3657 1794 3710 καὶ
1827 3656 2044 3726 πνεῦμα

469 3753 646 3816 εὐοὲς.
713 3754 822 3805 Καὶ
856 3751 1014 3805 τοῦτό
1060 3753 1206 3804 ἐστιν
1256 3752 1285 3802 ό
1335 3748 1743 3819 μεταπλασμός.
1794 3747 1954 3809 Ἔθος
1985 3747 2043 3800 δὲ

472 3848 586 3907 τοῖς
619 3846 794 3913 ἁγίοις
835 3845 1156 3914 προφήταις,
1189 3843 1239 3894 εί
1283 3841 1348 3912 δὴ
1403 3841 1644 3912 μέλλοιεν
1671 3839 1771 3892 οὐκ
1813 3840 2044 3891 εὐκατα-

476 3939 756 4010 φρονήτων
784 3937 1124 4008 πραγμάτοιν
1151 3933 1418 3988 ποιεῖσθαι
1473 3933 1879 4004 προαφήγησιν,
1909 3948 2044 3983 παν-

477 4031 640 4097 σθενῆ
676 4047 735 4083 τε
765 4031 856 4084 καὶ
883 4029 1261 4099 ἀλκιμώτατον
1295 4027 1719 4096 προαναφαίνειν
1748 4025 2043 4116 πειρᾶσθαι

474 4124 566 4174 τὸν
586 4122 722 4174 ὅλων
753 4121 906 4184 Θεὸν,
934 4120 1019 4172 ἵνα
1079 4118 1412 4188 πανταχόθεν
1447 4119 1475 4170 ό
1528 4115 1684 4184 λόγος
1736 4115 1917 4179 αὐτοῖς
1946 4115 2043 4186 ἔχῃ

474 4214 536 4265 τὸ
563 4213 776 4282 βέϐακυν
799 4215 877 4274 είς
918 4211 1120 4275 πίστιν,
1179 4210 1281 4263 κᾶν
1333 4210 1381 4262 εἰ
1429 4207 1638 4276 λέγοιεν
1673 4207 1783 4259 τῶν
1817 4207 2046 4260 ὲλπίόων

477 4307 750 4367 ἐπέκεινα,
780 4306 875 4357 καὶ
899 4304 1021 4356 ὅσον
1071 4303 1193 4372 ἥκει
1249 4303 1420 4354 εἰπεῖν
1474 4300 1552 4362 εἰς
1606 4297 1812 4351 ἔννοιαν
1863 4298 1959 4369 τὴν
1988 4300 2044 4349 ὲν

479 4399 627 4468 ἡμῖν,
664 4395 769 4459 ἔξω
801 4393 894 4448 τοῦ
917 4395 1073 4462 λόγου
1101 4395 1194 4447 καὶ
1227 4390 1598 4459 ἀπιστούμενα

559 4487 705 4541 Ἰδοὺ
730 4486 845 4556 ἐγὼ
870 4487 1066 4553 τίθημι
1091 4483 1206 4551 τὴν
1227 4481 1615 4550 Ἰερουσαλὴμ
1645 4479 1724 4544 ὡς
1755 4479 2040 4547 πρόθυρα,

2146 3307 2280 3361 meis
2307 3306 2373 3358 δ’.
2407 3323 2426 3356 ι
2465 3303 2648 3372 Neque
2677 3301 2817 3355 dicet
2853 3298 3116 3368 quispiam
3145 3299 3340 3353 mentis
3371 3312 3592 3367 compos
3643 3297 3708 3350 il-

2143 3399 2253 3453 lum
2289 3397 2424 3452 velle
2450 3411 2546 3451 cor
2589 3404 2645 3448 et
2679 3393 2923 3462 spiritum
2971 3389 3220 3458 adipisci,
3279 3389 3434 3459 quasi
3485 3403 3710 3458 prorsus

2146 3505 2248 3545 non
2268 3489 2502 3544 habeat:
2537 3487 2629 3542 sed
2650 3485 2861 3555 putabit
2885 3485 3068 3554 potius
3121 3496 3332 3552 rogare,
3375 3489 3434 3534 ut
3497 3481 3549 3535 in
3592 3482 3711 3550 ipso

2144 3597 2238 3636 cor
2262 3580 2514 3635 mundum
2548 3589 2603 3633 el.
2639 3577 2864 3648 spiritus
2901 3585 3082 3630 rectus
3103 3583 3337 3629 creetur.
3384 3573 3560 3643 Atque
3597 3576 3710 3628 haec

2144 3681 2226 3724 est
2253 3668 2679 3723 transformatio.
2704 3666 3116 3721 Consueverunt
3141 3673 3319 3718 autem
3349 3663 3522 3718 sancti
3578 3678 3708 3732 pro-

2145 3765 2319 3833 pheta:
2348 3777 2452 3816 non
2518 3759 2752 3827 vulgaria
2813 3757 3144 3827 prtedicturi,
3197 3757 3348 3824 prius
3385 3759 3593 3820 conari,
3653 3766 3712 3810 ut

2148 3853 2313 3909 Deum
2348 3851 2727 3906 universorum
2759 3849 2964 3903 viribus
3009 3848 3434 3902 valentissimum
3465 3859 3520 3901 et
3551 3848 3711 3903 robu-

2146 3946 2440 4001 stissimum
2464 3945 2770 4004 ostendant,
2792 3957 2900 4009 quo
2914 3942 3286 3996 eornmoratio
3305 3957 3368 3996 ex
3393 3941 3536 3996 omni
3561 3951 3711 4010 parte

2146 4041 2392 4096 stabilem
2425 4038 2582 4094 (idem
2605 4044 2989 4106 consequatur,
3016 4034 3265 4103 quamvis
3283 4047 3378 4102 spe
3409 4033 3613 4101 majora
3630 4046 3706 4098 et,

2145 4135 2189 4188 si
2224 4148 2335 4187 rem
2367 4130 2691 4202 cogitatione
2726 4129 2959 4182 humana
2995 4126 3306 4189 metiamur,
3347 4133 3562 4194 captum
3617 4141 3710 4179 no-

2146 4235 2318 4280 strum
2344 4221 2660 4278 excedentia
2689 4232 2743 4274 et
2765 4216 3100 4273 incredibilia
3134 4217 3332 4270 dicant.

2219 4483 2379 4539 Vsus.
2418 4485 2474 4550 2,
2511 4483 2563 4536 5.
2602 4481 2731 4535 Ecce
2755 4496 2850 4550 ego
2876 4495 3012 4549 pono
3049 4476 3347 4533 Jerusalem
3369 4479 3504 4532 sicut
3549 4480 3708 4534 vesti-

477 4579 856 4648 σαλευόμενα
883 4575 1034 4632 πᾶσι
1087 4575 1212 4641 τοῖς
1247 4571 1417 4638 λαοῖς
1459 4573 1682 4635 κύκλῳ,
1725 4571 1822 4624 καὶ
1863 4571 1932 4623 ἐν
1967 4570 2042 4637 τῇ

2147 4578 2289 4638 bula,
2316 4593 2433 4646 quae
2454 4585 2722 4629 moventur
2746 4573 2986 4627 omnibus
3031 4569 3235 4640 populis
3269 4571 3324 4625 in
3361 4572 3586 4625 circuitu
3609 4589 3628 4626 :
3660 4579 3712 4626 et

492 4669 749 4736 Ἰουδαίᾳ
791 4667 963 4723 ἔσται
1018 4664 1266 4735 περιοχὴ
1315 4663 1417 4716 ἐπὶ
1471 4661 1875 4730 Ἰερουσαλήμ.
1932 4660 2043 4714 Καὶ

477 4765 644 4818 ἔσται
673 4763 743 4814 ἐν
786 4759 861 4825 τῆ
903 4757 1093 4829 ἡμέρᾳ
1126 4756 1350 4822 ἐκείνῃ.
1389 4753 1644 4822 θήσομαι
1678 4751 1792 4818 τὴν
1825 4752 2042 4818 Ἰερου-

478 4850 688 4919 σαλὴμ
723 4849 896 4903 λίθον
933 4845 1458 4914 καταπατούμενον
1483 4841 1632 4896 πᾶσι
1659 4840 1780 4906 τοῖς
1815 4841 2038 4894 ἔθνεσι.

477 4943 601 5008 Πᾶς
627 4945 658 4994 ό
705 4937 1059 4994 καταπατῶν
1113 4936 1308 5003 αὐτὴν
1333 4933 1628 5002 ἐμπαίζωγ
1660 4930 2040 5000 ἑμπαίξεται,

478 5033 574 5085 καί
617 5029 1105 5097 συναχθήσονται
1155 5026 1248 5079 ἐπ’
1285 5022 1479 5089 αὐτὴν
1537 5020 1732 5074 πάντα
1783 5019 1854 5071 τὰ
1903 5017 2047 5086 ἔθνη

481 5123 584 5189 τῆς
609 5120 736 5191 γῆς·

551 5208 674 5270 l'lZ'.
709 5215 796 5268 ’Ev
823 5216 934 5276 τοῖς
959 5212 1056 5282 ἤδη
1109 5206 1652 5282 προαπηγγελμένοις
1699 5205 1727 5256 ὁ
1771 5203 1912 5258 κατὰ
1948 5202 2048 5269 γῆς

490 5308 744 5370 Ἰουδαίας
770 5307 1005 5376 πόλεμος
1024 5304 1111 5358 διὰ
1133 5304 1233 5374 τῆς
1273 5299 1559 5371 Ῥωμαίων
1599 5297 1854 5366 ἐσόμενος
1883 5310 2047 5364 στρα-

478 5403 597 5465 τιᾶς
633 5401 814 5468 εἴρητο
850 5397 1056 5467 σαφῶς.
1093 5395 1201 5448 Kal.
1226 5393 1354 5461 γοῦν
1414 5391 1639 5460 ἔφασκε·
1684 5409 1702 5439 ι
1735 5386 1890 5458 Φωνὴ
1914 5387 2044 5457 θρη-

480 5491 710 5544 νούντων
767 5489 1056 5559 ποιμένων,
1111 5487 1193 5538 ὅτι
1241 5480 1717 5550 τεταλαιπώρηκεν
1774 5480 1806 5546 ὴ
1870 5493 2042 5546 μεγαο

479 5584 674 5652 λοσῦνη
703 5582 900 5635 αὐτῶν.
936 5601 955 5632 ι
991 5581 1099 5635 Καὶ
1133 5579 1249 5650 μεθ’
1277 5577 1436 5647 ἕτερα
1481 5574 1660 5627 πάλιν·
1695 5592 1712 5622 ι
1747 5571 1843 5624 Διά
1887 5568 2043 5621 τοῦτο

479 5678 538 5728 οὐ
564 5675 814 5745 φείσομαι
840 5675 916 5726 ἔτι
948 5674 1040 5726 ἐπὶ
1060 5673 1183 5734 τοὺς
1207 5669 1585 5730 κατοικοῦντας
1619 5666 1719 5736 τὴν
1740 5665 1864 5734 γῆν,
1893 5662 2041 5730 λέγει

552 5855 593 5885 ⁶¹
623 5853 761 5908 Psal.
789 5864 906 5916 ctu,
933 5851 988 5905 2.
1063 5853 1106 5884 ⁸⁸
1147 5849 1287 5907 Psal.
1318 5863 1369 5912 ι..
1406 5847 1492 5902 l2.
1571 5848 1614 5877 "
1645 5843 1870 5898 Zachar.
1905 5854 1982 5907 st,
2012 5836 2064 5893 '5.

2147 4671 2200 4722 in
2226 4669 2418 4723 Judaa
2439 4670 2538 4721 erit
2567 4667 2764 4721 obsidio
2789 4681 2945 4734 super
2971 4662 3284 4719 Jerusalem.
3315 4664 3381 4717 Et
3411 4665 3506 4718 erit
3550 4666 3603 4718 in
3628 4665 3713 4717 die

2148 4761 2469 4827 illa,ponam
2498 4758 2793 4812 Jerusalem
2849 4756 3076 4826 lapidem
3104 4755 3464 4810 conculcatum
3511 4756 3711 4808 cunctis
3789 4783 3796 4794 -

2145 4851 2398 4920 gentibus.
2437 4848 2619 4902 Omnis
2647 4848 2856 4901 calcans
2875 4863 3010 4911 eam,
3032 4846 3254 4901 illudens
3275 4847 3480 4909 illuaet,
3506 4857 3554 4900 et
3586 4861 3712 4899 con-

2145 4944 2498 5013 gregabantur
2522 4957 2678 5007 super
2710 4956 2823 4993 eam
2847 4956 3021 4994 omnes
3046 4950 3221 5008 gentes
3253 4948 3429 4992 terras.

2216 5203 2524 5260 LXXXVII.
2554 5201 2610 5256 In
2658 5200 3091 5273 praedictionibus
3139 5199 3467 5266 antegressis
3516 5193 3710 5250 bellum

2145 5297 2341 5352 Judaaae
2366 5311 2394 5349 a
2429 5296 2670 5350 Romano
2692 5293 2930 5347 exercitu
2968 5287 3305 5344 inferendum
3339 5285 3570 5340 dilucide
3598 5300 3711 5339 me-

2152 5397 2416 5444 moratur.
2439 5385 2660 5442 Dicebat
2681 5385 2842 5456 igitur
2860 5396 3063 5453 supra:
3092 5399 3110 5432 ι
3151 5379 3262 5434 Vox
3301 5377 3710 5434 lamentantium

2150 5487 2448 5548 pastorum,
2473 5476 2726 5545 quoniam
2756 5473 2950 5528 misera
2997 5469 3136 5525 facta
3178 5478 3262 5523 est
3315 5465 3709 5538 magniﬁcentia

2150 5570 2385 5638 ipsorum
2411 5567 2474 5618 ⁸⁵³.
2512 5585 2530 5616 ι
2564 5565 2628 5620 Ει
2658 5563 2818 5634 paulo
2873 5571 3030 5634 post:
3074 5579 3094 5612 ι
3159 5561 3384 5629 Propter
3447 5549 3549 5614 hoc
3603 5572 3710 5611 non

2151 5673 2366 5729 parcam
2403 5671 2564 5724 super
2618 5655 2921 5710 habitantes
2984 5663 3208 5716 terram,
3259 5651 3388 5708 dicit
3436 5649 3710 5705 Dominus.
