4120 6376
402 462 505 516 207

1420 447 1477 501 S.
1515 445 1787 502 CYRIIJJ
1827 439 2296 498 ALEXANDRINI
2336 439 2656 495 ARCHIEP.

3541 438 3648 494 203

403 583 468 637 Et
487 594 612 634 ecce
639 591 734 644 ego
769 572 921 625 trado
953 568 1220 628 homines,
1245 579 1680 634 unumquemque
1712 564 1971 618 inmanus

2073 559 2293 629 Κύριος.
2329 561 2438 612 Καὶ
2479 558 2584 611 ἰδοὺ
2628 555 2739 625 ἐγὼ
2771 555 3112 625 παραδίδωμι
3139 554 3262 617 τοὺς
3310 553 3646 626 ἀνθρώπους,

403 667 633 739 proximi
664 665 772 725 sui,
803 672 858 715 et
884 663 937 712 in
965 673 1157 712 manus
1188 656 1329 726 regis
1376 656 1515 722 ejus.
1568 654 1634 708 Et
1680 653 1969 709 concident

405 772 628 822 terram,
654 765 698 808 et
736 769 840 806 non
876 765 1061 806 eruam
1085 748 1152 802 de
1179 762 1338 801 manu
1368 761 1558 802 eorum
1582 745 1652 798 “.
1688 763 1706 796 ι
1734 745 1790 799 In
1844 758 1968 798 ver-

402 855 486 908 bis
519 861 694 906 autem
729 846 886 899 modo
923 843 1089 896 illatis
1136 841 1411 896 institutas
1448 851 1636 894 contra
1669 837 1965 894 Ecclesium

403 941 808 1014 persecutiones
835 936 1039 1004 liquido
1081 933 1430 987 vaticinatur.
1486 932 1759 985 Vexarunt
1824 930 1968 986 enim

403 1034 690 1090 credentes
721 1031 772 1082 in
793 1028 1067 1083 Christum
1100 1041 1208 1095 prae
1238 1025 1359 1078 aliis
1398 1024 1650 1078 omnibus
1694 1021 1970 1092 principes

407 1125 702 1196 Synagogze
725 1120 1058 1180 .ludaaorum,
1081 1117 1460 1170 denuntiantes
1485 1115 1687 1169 sanctis
1714 1113 1972 1183 aposmlis

406 1232 472 1270 ne
512 1216 864 1282 loquerentur
914 1208 966 1262 in
1025 1207 1240 1260 nomine
1287 1205 1487 1259 Christi
1511 1204 1588 1271 “;
1640 1203 1971 1273 ﬂagellantes

405 1318 619 1376 quoque
659 1301 778 1355 illos
802 1299 855 1353 in
883 1297 1130 1355 conciliis
1151 1299 1222 1359 ⁸⁶ν
1251 1306 1304 1350 et
1335 1304 1594 1364 prmterea
1624 1293 1849 1364 lapidarl
1871 1309 1968 1348 cu-

405 1394 668 1457 rantes",
689 1403 744 1446 et
776 1391 903 1460 quid
929 1406 1032 1444 non
1063 1389 1276 1442 tandem
1300 1386 1774 1442 sceleratissimum
1799 1385 1852 1439 in
1879 1397 1972 1439 eos

403 1488 642 1542 dicentes
677 1499 740 1538 ac
767 1479 1069 1536 facientes?
1125 1479 1416 1547 Postquam
1479 1485 1655 1530 autem
1710 1488 1807 1544 per
1850 1488 1974 1543 gen-

404 1576 536 1628 tium
573 1585 786 1640 quoque
813 1571 1062 1640 regiones
1089 1581 1272 1620 sermo
1298 1566 1363 1620 de
1385 1565 1605 1621 Christo
1638 1563 1968 1634 percrebuit,

403 1669 456 1712 et
479 1658 740 1723 indigena:
767 1651 1098 1722 evangelicis
1119 1649 1591 1721 praedicationibus
1639 1650 1975 1716 obtempera-

404 1746 730 1818 runt,77h
763 1760 972 1798 rursum
1001 1743 1120 1796 aliae
1151 1742 1558 1812 persecutiones
1577 1737 1826 1792 excitatas
1848 1744 1975 1789 sunt

403 1855 498 1908 per
531 1853 648 1898 eos,
678 1837 766 1905 qui
795 1833 1139 1888 successione
1203 1840 1586 1898 regnaverunt,
1622 1839 1677 1883 et
1708 1827 1975 1896 impuram

413 1946 477 1983 ac
506 1927 877 1984 detestandam
955 1924 1318 1978 idololatriam
1367 1922 1643 1974 vindicare
1690 1927 1966 1977 conantes,
2005 1907 2044 1964 Β

403 2018 784 2087 diabolicaaque
807 2015 1098 2084 impietatis
1133 2012 1364 2066 ministri
1420 2011 1574 2072 iacti,
1617 2019 1837 2064 sanctos
1906 2007 1972 2060 ad

401 2109 694 2181 martyrica
728 2103 1028 2162 certamina
1069 2115 1330 2159 vocantes
1388 2103 1798 2158 interemerunt.
1848 2096 1969 2150 Visa

401 2212 485 2260 est
508 2212 683 2256 autem
718 2198 959 2254 Ecclesia
989 2205 1292 2266 opportuna
1333 2193 1564 2262 injuriis,
1628 2191 1845 2246 nemine
1878 2190 1971 2243 de-

403 2293 679 2357 tendente,
695 2302 748 2346 et
774 2288 970 2344 similis
991 2285 1273 2343 vestibulis
1296 2284 1514 2354 agitatis
1563 2294 1616 2336 et
1649 2282 1969 2346 labentibus,

401 2395 494 2440 aut
520 2385 682 2438 etiam
715 2381 877 2449 lapidi
918 2377 1252 2433 couculcato.
1287 2375 1497 2430 Etenim
1524 2373 1773 2430 Salvator
1818 2386 1967 2426 com-

403 2475 600 2538 munis,
624 2489 743 2527 cum
769 2470 926 2524 facile
955 2477 1138 2539 posset
1169 2467 1365 2522 bellmu
1412 2480 1574 2521 ornne
1622 2464 1835 2526 sedare,
1862 2463 1971 2516 imo

402 2577 459 2622 et
476 2567 544 2620 ab
561 2566 734 2634 ipsum
767 2561 1161 2617 honorantibus
1188 2572 1490 2621 removere,
1515 2569 1716 2624 eosque
1736 2555 1802 2607 ab
1823 2554 1967 2607 omni

401 2658 698 2716 tentatioue
729 2655 1000 2709 immunes
1049 2651 1394 2718 hostiumque
1413 2648 1619 2703 viribus
1658 2647 1972 2716 superiores

403 2760 664 2820 praestare
698 2786 715 2811 ,
776 2759 874 2802 sua
932 2742 1115 2798 divina
1166 2740 1502 2810 providentia
1547 2752 1644 2808 per
1708 2751 1867 2791 casus
1915 2746 1972 2790 et

399 2833 948 2896 aerumnasillustrari
976 2833 1241 2901 permisit,
1266 2839 1327 2884 ut
1353 2829 1454 2886 sibi
1487 2827 1793 2884 conformes
1857 2829 1971 2882 red-

398 2930 520 2996 diti,
549 2943 655 2982 una
695 2925 1136 2996 gloriﬁcarentur
1163 2929 1218 2974 et
1242 2925 1662 2987 conregnarent.
1704 2935 1722 2968 ι
1747 2917 1802 2970 Si
1823 2916 1966 2971 enini

398 3019 780 3090 compatitnur,
795 3025 850 3070 et
869 3011 1319 3082 conregnabimus
1335 3009 1432 3076 illi,
1452 3020 1510 3063 ut
1526 3009 1782 3077 scriptum
1801 3005 1966 3070 est",

397 3122 454 3166 et
492 3111 536 3165 si
580 3108 710 3164 socii
769 3105 1086 3177 passionum
1143 3115 1354 3165 sumus,
1417 3100 1582 3157 etiam
1640 3099 1822 3170 gloriae
1860 3099 1969 3154 eri-

401 3217 520 3258 mus
544 3202 612 3256 ".
649 3220 670 3254 ι
706 3199 796 3255 Ait
821 3211 988 3267 ergo:
1026 3213 1045 3247 ι
1083 3193 1222 3248 Ecce
1249 3207 1349 3264 ego
1375 3208 1513 3262 pono
1541 3190 1842 3248 Jerusalem
1911 3200 1968 3245 ut

401 3293 662 3350 vestibula
693 3297 1017 3346 commota.)
1050 3284 1202 3352 Quod
1230 3285 1275 3339 si
1307 3283 1421 3351 ﬂat,
1451 3283 1721 3353 cingetur,
1736 3283 1838 3337 hoc
1885 3291 1969 3336 est

399 3383 734 3442 obsidebitur
763 3381 830 3434 ab
863 3378 1114 3434 omnibus
1146 3393 1160 3429 :
1210 3384 1265 3429 et
1297 3389 1420 3429 cum
1450 3373 1722 3430 videbitur
1749 3387 1869 3434 esse
1911 3381 1972 3428 ut

403 3479 540 3548 lapis
568 3471 944 3535 conculcatus,
988 3478 1114 3523 tunc
1140 3465 1316 3526 omnis
1342 3463 1803 3519 illudensilludct.
1828 3463 1970 3518 Con-

401 3568 524 3640 tigit
585 3567 708 3632 hoc,
756 3562 899 3618 sicut
945 3560 1106 3631 paulo
1148 3566 1274 3613 ante
1318 3555 1590 3618 dicebam,
1635 3553 1967 3622 singulorum

401 3668 698 3726 temporum
731 3647 1215 3722 persecutionibus.
1235 3646 1422 3703 Adorti
1451 3653 1576 3701 sunt
1592 3645 1734 3699 enim
1754 3656 1972 3702 sanctos

401 3749 584 3804 multis
624 3745 798 3800 modis
821 3757 917 3798 eos
946 3741 1278 3806 cruciantes,
1307 3749 1362 3794 et
1439 3739 1790 3792 morientibus
1837 3738 1972 3792 torte

399 3841 563 3895 etiam
595 3835 916 3892 insultantes
929 3834 1137 3888 miseri.
1167 3830 1494 3888 Nesciebant
1526 3829 1670 3884 enim
1732 3827 1974 3896 profecto

400 3942 599 3999 quanta
625 3944 690 3985 ex
713 3925 1094 3983 aﬂlimionibus
1119 3923 1432 3996 proveniret
1485 3920 1677 3991 gloria,
1713 3930 1768 3975 et
1828 3921 1976 3974 dolo-

400 4040 514 4079 rem
548 4023 653 4076 illis
686 4031 1001 4090 perpetuam
1033 4016 1199 4070 animi
1272 4013 1596 4069 hilaritatem
1650 4014 1970 4082 paritur-um.

408 4115 689 4183 Perpende
718 4126 900 4180 porro.
925 4107 1195 4179 quomodo
1225 4121 1329 4162 non
1357 4107 1520 4173 dicat,
1539 4121 1676 4174 opus
1699 4121 1817 4161 esse
1848 4123 1977 4174 gen-

404 4208 533 4261 tium
561 4205 833 4274 potentiae,
878 4199 1136 4258 Ecclesiae
1193 4196 1687 4262 conculcationem,
1736 4196 1831 4252 sed
1865 4213 1976 4252 sua:

398 4297 690 4352 voluntatis
748 4304 801 4347 et
827 4291 1060 4348 consilii.
1090 4289 1253 4358 Cupit
1281 4289 1450 4351 enim,
1486 4297 1543 4342 ut
1589 4289 1719 4352 dixi,
1786 4289 1976 4341 adora-

401 4402 545 4444 tores
595 4401 721 4441 suos
763 4384 925 4440 rebus
979 4383 1218 4436 adversis
1252 4381 1433 4449 perlici
1493 4390 1546 4434 et
1594 4383 1976 4434 consummari.

398 4482 492 4535 Ait
525 4492 758 4548 namque
791 4497 802 4530 :
841 4497 859 4528 ι
899 4477 1010 4544 Ego
1060 4489 1202 4541 pono
1245 4471 1552 4527 Jerusalem
1607 4483 1665 4528 ut
1709 4472 1974 4526 vestibula

2072 653 2296 708 ἕκαστον
2324 653 2404 714 είς
2430 653 2612 724 χεῖρας
2643 648 2737 702 τοῦ
2763 648 2989 718 πλησίον
3009 645 3195 710 αὐτοῦ,
3229 646 3322 699 καὶ
3349 648 3430 709 είς
3460 648 3648 718 χεῖρας

2072 739 2334 812 βασιλέως
2364 739 2551 795 αὐτοῦ.
2587 740 2696 794 Καὶ
2754 739 3120 808 κατακόψουσι
3169 737 3265 808 τὴν
3295 737 3419 809 γῆν,
3446 738 3541 791 καὶ
3583 739 3647 791 οὐ

2074 831 2148 903 μὴ
2182 830 2449 903 ἐξέλωμαι
2473 833 2535 885 ἐκ
2579 831 2762 903 χειρὸς
2789 830 2986 885 αὐτῶν.
3026 848 3042 881 ι
3089 828 3177 882 Ἐν
3196 829 3251 882 δέ
3281 847 3343 898 γε
3375 833 3485 893 τοῖς
3517 847 3652 902 προ-

2071 923 2336 994 κειμένοις
2363 967 2377 988 ,
2431 924 2556 987 τοὺς
2617 922 2760 976 κατά
2808 924 2907 994 τῆς
2976 923 3300 994 Ἐκκλησίας
3362 926 3651 993 γεγονότας

2071 1015 2344 1085 διωγμοὺς
2376 1017 2769 1086 προαφηγείται
2811 1014 3014 1082 σαφῶς.
3065 1014 3483 1085 Πεπολεμήκασι
3542 1017 3652 1088 γάρ

2071 1109 2183 1170 τοῖς
2229 1105 2588 1159 πιστεύσασιν
2629 1108 2708 1169 είς
2759 1107 3011 1178 Χριστόν,
3069 1105 3174 1177 πρὸ
3225 1107 3323 1175 μὲν
3343 1107 3452 1160 τῶν
3478 1107 3651 1161 ἄλλων

2072 1196 2327 1250 ἁπάντων
2356 1199 2404 1250 οἱ
2459 1198 2556 1268 τῆς
2614 1197 2880 1250 Ἰουδαίων
2939 1198 3266 1269 Συναγωγῆς
3320 1198 3609 1270 ⁴ἡγούμενοι
3634 1241 3649 1264 ,

2072 1289 2540 1360 παραγγέλλοντες
2566 1290 2662 1360 μὲν
2682 1292 2792 1352 τοῖς
2817 1291 2988 1357 ἁγίοις
3021 1289 3333 1353 ἀποστόλοις
3378 1289 3452 1361 μὴ
3472 1289 3651 1344 λαλεῖν

2071 1381 2165 1433 ἐπὶ
2189 1380 2267 1450 τῷ
2287 1380 2511 1450 ὀνόματι
2552 1379 2646 1432 τοῦ
2693 1379 2951 1450 Χριστοῦ,
2991 1377 3342 1449 μαστίξοντες
3391 1378 3446 1432 δὲ
3479 1380 3569 1433 καὶ
3595 1381 3652 1433 ἐν

2075 1472 2369 1542 συνεδρίοις
2392 1472 2608 1534 αὐτοὺς,
2643 1470 3030 1526 λιθοϐολεῖσθαι
3047 1469 3106 1524 δὲ
3136 1471 3228 1524 καὶ
3250 1470 3452 1541 ἑτέρως
3475 1489 3654 1544 παρα-

2075 1564 2464 1628 σκευάζοντες,
2517 1564 2614 1617 καὶ
2669 1564 2724 1616 τί
2771 1563 2879 1635 γάρ
2939 1563 3059 1633 οὐχὶ
3114 1563 3221 1616 τῶν
3277 1565 3652 1618 ἀνοσιωτάτων

2073 1657 2306 1727 δρῶντες
2357 1655 2451 1709 καὶ
2485 1655 2772 1723 λέγοντεςς
2827 1655 3039 1725 Ἐπειδὴ
3067 1655 3126 1708 δὲ
3179 1656 3272 1707 καὶ
3301 1657 3357 1707 ἐν
3399 1657 3516 1719 ταῖς
3543 1655 3653 1708 τῶν

2074 1745 2244 1799 ὲθνῶν
2270 1745 2473 1816 χώραις
2499 1747 2894 1815 ἐκπεφοίτηκεν
2922 1747 2950 1798 ό
2980 1745 3156 1814 λόγος,
3180 1749 3208 1798 ό
3239 1746 3367 1814 περὶ
3392 1745 3650 1816 Χριστοῦ,

2077 1839 2170 1894 καὶ
2197 1840 2305 1893 τῶν
2328 1838 2694 1908 εὐαγγελικῶν
2733 1837 3104 1910 κηρυγμάτων
3140 1839 3395 1908 κατήκοοι
3424 1838 3654 1907 γεγόνα-

2075 1951 2158 1986 σιν
2187 1934 2236 1985 οἱ
2270 1933 2325 1984 ἐν
2356 1933 2566 1993 αὐταῖς,
2593 1931 2756 1984 πάλιν
2789 1929 3075 1998 γεγόνασιν
3101 1930 3278 1999 ἕτεροι
3303 1929 3532 2000 διωγμοὶ
3563 1929 3651 1984 διὰ

2073 2021 2178 2074 τῶν
2203 2021 2344 2073 κατᾶ
2376 2021 2598 2092 καιροὺς
2639 2019 3120 2089 βεόασιλευκύτων,
3158 2019 3209 2073 οἳ
3257 2023 3355 2091 τῆς
3423 2021 3650 2092 βεϐήλου

2073 2113 2167 2166 καὶ
2199 2111 2455 2183 βδελυρᾶς
2503 2111 2943 2182 είδιιιλολατρείας
2986 2113 3392 2182 μεταποιεῖσθαι
3420 2113 3652 2168 σπουδά-

2073 2203 2274 2267 ζοντες,
2317 2205 2410 2257 καὶ
2436 2203 2747 2274 διαϐολικῆς
2777 2203 3119 2272 ἀνοσιότητος
3150 2204 3412 2274 ὑπουργοὶ
3436 2205 3651 2273 γεγονό-

2070 2315 2181 2359 τες,
2214 2296 2541 2350 ἀπεκτόνασι
2572 2297 2697 2358 τούς
2727 2295 2914 2364 ἁγίους
2937 2298 3018 2358 είς
3049 2296 3174 2355 τοὺς
3203 2297 3294 2350 ἐπὶ
3344 2299 3458 2360 τοῖς
3509 2314 3650 2367 μαρο

2069 2389 2276 2459 τυρίοις
2311 2388 2602 2452 καλοῦντες
2637 2388 2874 2456 ἀγῶνας.
2911 2387 3096 2453 Ἔδοξε
3119 2388 3176 2440 δέ
3204 2391 3376 2460 πωςή
3421 2389 3649 2458 Ἐκκλη-

2073 2484 2184 2546 σία,
2239 2486 2332 2537 καὶ
2382 2485 2612 2552 πάσχειν
2663 2483 2929 2544 εὐκόλως,
2991 2481 3359 2552 ἐπαμύνοντος
3417 2482 3648 2549 οὐδενὸς,

2070 2576 2305 2628 ἐοικέναι
2339 2594 2396 2628 τε
2421 2575 2711 2646 προθύροις
2736 2574 2962 2627 σεσαλευ
2972 2573 3175 2643 μένοις,
3210 2574 3303 2627 καὶ
3326 2573 3613 2625 πίπτουσιν
3632 2616 3647 2637 ,

2070 2669 2230 2737 ἧκαὶ
2279 2667 2410 2736 λίθῳ
2457 2666 2941 2736 καταπατουμένῳ.
2994 2664 3185 2719 Καίτοι
3231 2664 3341 2734 γὰρ
3393 2663 3590 2734 ἰσχύων
3620 2665 3650 2716 ὁ

2067 2761 2178 2812 τῶν
2232 2761 2368 2813 ὅλων
2419 2758 2605 2828 Σωτὴρ
2657 2759 2750 2812 καὶ
2801 2758 2975 2810 πάντα
3030 2757 3266 2827 πόλεμον
3320 2759 3650 2810 κατευνάσαι

2072 2849 2286 2921 ῥᾳδίως,
2319 2848 2517 2920 μᾶλλον
2550 2847 2607 2901 δέ
2635 2848 2729 2902 καὶ
2770 2847 3076 2917 ἀποστῆσαι
3119 2843 3397 2908 παντελῶς
3427 2843 3533 2898 τῶν
3565 2861 3651 2897 σε·

2069 2940 2313 3010 σομένων
2349 2939 2426 3009 (l)
2464 2939 2650 3001 αὐτὸν,
2708 2938 2804 2992 καὶ
2841 2936 3100 3006 ἀμείνους
3124 2936 3400 3006 ἀποφῆναι
3450 2935 3648 2999 παντὸς

2070 3029 2402 3102 πειρασμοῦ,
2457 3030 2552 3082 καὶ
2601 3029 2702 3098 τῆς
2740 3026 2848 3081 τῶν
2878 3025 3091 3098 ἐχθρῶν
3119 3025 3650 3096 κατευμεγεθοῦντας

2070 3122 2272 3193 χειρὸς,
2321 3122 2524 3192 ἐφῆκεν
2569 3118 2926 3190 οἰκονομικῶς
2967 3117 3523 3188 καταλαμπρύνεσθαι
3561 3117 3648 3171 διὰ

2072 3210 2429 3282 παθημάτων,
2459 3209 2544 3262 ἵνα
2577 3208 2887 3279 σύμμορφοι
2921 3205 3205 3274 γεγονότες
3252 3203 3420 3274 αὐτῷ,
3463 3204 3648 3256 συνδο-

2070 3299 2317 3368 ξασθεῖέν
2338 3316 2399 3352 τε
2443 3298 2538 3352 καὶ
2591 3293 3100 3366 συμϐασιλεύσειαν,
3133 3312 3151 3344 ι
3188 3293 3254 3346 El
3283 3293 3391 3362 γάρ
3432 3292 3649 3362 συμπά-

2069 3409 2294 3459 σγομεν,
2313 3391 2409 3446 καὶ
2432 3389 2934 3463 συμϐασιλεύσομεν
2962 3387 3131 3458 αὐτῷ,
3149 3385 3286 3440 κατὰ
3313 3385 3372 3440 τὸ
3402 3402 3648 3456 γεγραμο

2075 3486 2253 3552 μένον,
2288 3485 2383 3536 καὶ
2419 3483 2469 3536 εἰ
2489 3479 2737 3536 κοινωνοὶ
2764 3479 2875 3533 τῶν
2906 3477 3245 3549 παθημάτων
3271 3475 3456 3545 ἐσμὲν,
3510 3474 3648 3528 ἀλλὰ

2071 3573 2164 3626 καὶ
2193 3571 2291 3640 τῆς
2319 3571 2475 3638 δόξης
2489 3569 2750 3641 ἐσόμεθα.
2767 3588 2890 3620 ι--ι
2912 3569 3041 3623 ’ἰδοὺ
3060 3568 3253 3630 τοίνυν,
3280 3566 3431 3636 φησὶ,
3458 3565 3648 3636 τίθημι

2071 3665 2168 3734 τὴν
2204 3662 2580 3735 Ἰερουσαλὴμ,
2611 3661 2683 3725 ὡς
2705 3658 2956 3733 πρόθυρα
2976 3657 3327 3727 σαλευόμενα.
3359 3676 3376 3709 ι
3411 3657 3474 3710 Ei
3504 3656 3560 3710 δὲ
3582 3657 3645 3728 δὴ

2071 3755 2228 3809 τοῦτο
2287 3755 2517 3824 γένοιτο,
2573 3752 2870 3822 καταχθείη
2935 3751 3063 3822 περὶ
3114 3749 3344 3820 αὐτὴνή
3392 3749 3644 3819 περιοχὴ,

2072 3844 2372 3908 τουτέστιν,
2403 3843 2436 3913 ἡ
2479 3841 2632 3912 παρὰ
2656 3841 2871 3897 πάντων
2899 3839 3200 3912 πολιορκίαο
3233 3839 3326 3892 καί
3351 3841 3478 3892 ὅταν
3505 3833 3644 3891 εἶναι

2072 3935 2274 3999 δόξειεν
2295 3934 2371 3998 ὡς
2387 3933 2533 3997 λίθος
2561 3932 3062 4004 καταπατούμενος,
3096 3933 3218 3986 τότε
3264 3932 3371 3994 πᾶς
3398 3931 3426 3983 ὁ
3449 3929 3648 4002 ἐμπαί-

2075 4024 2184 4089 ζων
2213 4021 2558 4096 ἐμπαίξεται.
2590 4022 2908 4093 Πέπρακται
2934 4021 2991 4075 δὲ
3028 4021 3205 4087 τοῦτο,
3237 4021 3489 4092 καθάπερ
3513 4020 3647 4089 ἔφην

2076 4116 2297 4187 ἀρτίως,
2333 4117 2390 4169 ἐν
2419 4118 2529 4178 τοῖς
2563 4115 2703 4167 κατὰ
2729 4114 2954 4185 καιροὺς
2995 4112 3273 4184 διωγμοῖς.
3320 4111 3649 4182 Ἐπεφύοντο

2076 4209 2185 4277 γάρ
2206 4208 2316 4269 τοῖς
2345 4205 2538 4274 ἁγίοις,
2569 4203 2712 4258 κατὰ
2763 4203 2990 4265 πολλοὺς
3049 4202 3349 4267 αἰκίζοντες
3377 4201 3645 4271 τρόπους,

2077 4301 2171 4353 καὶ
2199 4301 2338 4369 τάχα
2374 4314 2476 4350 που
2527 4295 2622 4350 καὶ
2679 4295 3110 4367 ἀποθνήσκουσιν
3165 4293 3571 4365 ἐπιμειδιῶντες
3599 4295 3647 4346 οί

2077 4390 2322 4454 τάλανες.
2366 4390 2440 4442 Οὐ
2489 4389 2599 4460 γάρ
2651 4389 2869 4460 ᾔδεσαν,
2923 4389 3063 4444 κατὰ
3094 4387 3154 4442 τὸ
3179 4388 3343 4453 εἰκὸς,
3369 4386 3430 4440 τὸ
3459 4389 3522 4441 ἐκ
3552 4387 3648 4441 τοῦ

2078 4482 2266 4538 παθεῖν
2286 4481 2524 4545 εὐκλεὲς,
2579 4483 2672 4536 κα).
2719 4483 2801 4536 ὄτι
2855 4482 2988 4552 πρὸς
3035 4480 3298 4551 εὐθυμίας
3326 4480 3507 4542 αὐτοῖς
3551 4477 3648 4546 τῆς

397 4580 664 4628 commota
689 4569 938 4625 omnibus
961 4565 1172 4636 pepulis
1195 4566 1248 4618 in
1282 4564 1533 4618 circuitu.
1559 4580 1578 4614 ι
1604 4562 1756 4618 Haud
1780 4562 1962 4618 diver-

2071 4573 2347 4644 διηνεκοῦς
2369 4573 2521 4627 ἔσται
2570 4573 2633 4643 δὴ
2677 4573 2891 4635 πάντως
2921 4575 2948 4625 ὁ
2979 4571 3157 4634 πόνος.
3197 4570 3391 4639 Ἀθρει
3415 4569 3470 4625 δέ
3501 4570 3649 4630 ὅπως

399 4679 516 4718 sum
539 4663 666 4716 illud
692 4669 792 4722 est,
818 4659 1035 4729 opinor,
1065 4657 1207 4725 quod
1232 4670 1262 4709 a
1309 4653 1593 4718 Salvatore
1624 4652 1689 4706 ad
1731 4652 1964 4706 Pilatum

398 4754 636 4808 dicitur:
674 4769 692 4801 ι
725 4749 838 4803 Non
876 4747 1102 4803 haberes
1137 4753 1458 4815 potestatem
1544 4744 1832 4798 adversum
1881 4758 1966 4796 me

399 4845 583 4908 ullam,
603 4843 705 4897 nisi
729 4842 822 4895 tibi
853 4841 1035 4894 datum
1059 4847 1202 4891 esset
1230 4837 1460 4904 desuper
1485 4835 1554 4890 ⁸³.
1603 4854 1622 4888 ι
1655 4835 1746 4892 Sic
1776 4836 1969 4889 merito

397 4937 558 4990 etiam
589 4935 914 5001 dicatquam
959 4930 1172 4983 animus
1250 4928 1490 4982 intuetur
1542 4923 1859 4988 Jerusalem,
1911 4926 1964 4980 id

395 5037 479 5080 est
519 5023 779 5086 Ecclesia,
838 5021 1179 5092 persequenti
1231 5019 1473 5073 mundo:
1522 5036 1540 5068 ι
1579 5015 1697 5072 Non
1739 5017 1966 5071 haberes

397 5127 717 5186 potestatem
749 5126 942 5168 contra
967 5130 1052 5168 me
1083 5114 1269 5174 ullam,
1315 5110 1419 5164 nisi
1454 5109 1638 5161 datum
1668 5117 1814 5163 esset
1869 5111 1962 5164 tibi

397 5211 641 5279 desuper.
677 5229 694 5259 ι

2067 4665 2128 4718 οὐ
2167 4666 2267 4734 τῆς
2296 4663 2404 4717 τῶν
2427 4663 2595 4718 ἐθνῶν
2629 4664 2814 4733 ἰσχύος
2839 4663 2997 4730 ἔργον
3032 4657 3169 4714 εἷναί
3196 4677 3347 4730 φησι,
3386 4660 3447 4713 τὸ
3479 4677 3648 4714 καταο

2072 4756 2484 4828 πατηθήσεσθαι
2517 4758 2613 4823 τὴν
2655 4757 3005 4826 Ἐκκλησίαν,
3041 4754 3176 4808 ἀλλὰ
3196 4755 3294 4821 τῆς
3325 4752 3489 4805 αὐτοῦ
3523 4751 3645 4820 βου-

2069 4847 2185 4915 λῆς.
2225 4848 2467 4916 Ἐφίεται
2499 4849 2628 4919 γὰρ,
2656 4849 2732 4908 ὡς
2761 4848 2918 4917 ἔφην,
2941 4847 3028 4899 διὰ
3051 4845 3391 4915 παθημάτων
3422 4843 3650 4896 τελειοῦν

2069 4939 2190 4990 σθαι
2227 4941 2353 5002 τοὺς
2389 4941 2551 5003 ἰδίους
2608 4941 3004 5010 προσκυνητάς.
3053 4957 3069 4987 ι
3115 4937 3245 4988 Ἰδοὺ
3288 4935 3417 5005 γὰρ,
3450 4934 3612 5003 φησὶν
3627 4974 3643 4996 ι

2068 5029 2179 5098 ἐγὼ
2208 5031 2401 5101 τίθημι
2422 5033 2522 5100 τὴν
2549 5031 2902 5103 Ἰερουσαλὴμ
2927 5030 3003 5092 ὼς
3036 5028 3283 5098 πρόθυρα
3312 5025 3648 5095 σαλευόμενα

2071 5122 2203 5173 πᾶσι
2234 5124 2344 5185 τοῖς
2373 5121 2518 5184 λαοῖς
2555 5123 2756 5192 κύκλῳ.
2788 5141 2804 5173 ι
2827 5119 3012 5188 Τούτῳ
3046 5118 3424 5189 παραπλήσιον
3449 5117 3646 5176 ἐκεῖνο,

2069 5207 2245 5281 οἶμαι,
2275 5212 2390 5265 ἔστι
2412 5213 2474 5265 τὸ
2502 5213 2587 5265 διὰ
2617 5214 2712 5284 τῆς
2739 5210 2833 5264 τοῦ
2862 5209 3109 5278 Σωτῆρος
3141 5207 3325 5276 φωνῆς
3359 5203 3648 5275 εἰρημένον

397 5300 531 5369 πρὸς
577 5299 822 5353 Πιλάτου·
877 5316 896 5350 ι
949 5297 1064 5349 Οὐκ
1101 5291 1245 5365 εἶχες
1284 5295 1540 5364 οὐδεμίαν
1567 5295 1814 5361 ἐξουσίαν
1868 5302 1987 5353 κατ’
2026 5302 2182 5372 ἐμοῦ,
2223 5307 2272 5356 εί
2317 5305 2391 5375 μὴ
2437 5301 2504 5375 ἧν
2545 5304 2826 5373 δεδομένον
2866 5319 2947 5355 σοι
2999 5301 3221 5355 ἄνωθεν.
3254 5318 3274 5351 ι
3300 5298 3436 5368 Φαίη
3470 5297 3536 5351 ἂν
3567 5299 3648 5350 εί-

398 5389 569 5449 κὸτως
623 5391 658 5460 ἡ
714 5389 878 5460 νοητὴ
925 5390 1089 5442 πάλιν
1173 5385 1546 5458 Ἰερουσαλὴμ,
1605 5389 1879 5442 τουτέστιν
1926 5395 1960 5462 ἡ
2014 5395 2326 5465 Ἐκκλησία,
2383 5396 2460 5466 τῷ
2503 5395 2750 5449 διώκοντι
2803 5396 3011 5466 κόσμῳο
3062 5414 3080 5445 ι
3149 5392 3263 5446 υύκ
3335 5385 3479 5460 εἶχες
3525 5389 3645 5446 κατ’

396 5481 531 5551 ἐμοῦ
587 5479 832 5546 ἐξουσίαν
887 5480 1162 5546 οὐδεμίαν,
1226 5480 1274 5531 εί
1341 5477 1415 5547 μὴ
1445 5474 1514 5548 ἦν
1541 5479 1822 5551 δεδομένον
1881 5501 1963 5538 σοι
2001 5485 2226 5542 ἄνωθεν.
2260 5508 2276 5539 ι

466 5645 514 5678 ⁸⁸
542 5640 733 5710 Zacb.
757 5657 838 5705 χι,
868 5640 933 5710 6.
989 5640 1192 5710 “Act.
1261 5653 1332 5704 tv,
1365 5638 1467 5710 i7,
1532 5639 1577 5671 ⁸⁸
1611 5644 1732 5697 Act.
1766 5659 1876 5710 xw,
1905 5644 1994 5698 22.

398 5716 485 5770 12.
559 5714 604 5746 ⁸⁸
631 5709 677 5765 ιι
708 5709 834 5766 Cor.
868 5709 979 5772 t,7.
1054 5708 1100 5739 '°
1125 5707 1282 5764 Joan.
1313 5725 1422 5773 tux,
1453 5709 1537 5764 Η.

2070 5645 2112 5676 ⁸⁵⁷
2141 5645 2258 5698 Act.
2290 5661 2402 5708 xw,
2436 5645 2522 5701 18.
2620 5646 2665 5677 ⁸⁸
2695 5645 2854 5700 Rom.
2917 5660 3037 5709 vui,
3075 5642 3173 5709 i7;
3203 5640 3247 5698 ιι
3280 5640 3420 5695 Tim.
3455 5654 3515 5705 ιι,
3556 5637 3645 5709 Η,

468 5848 544 5915 (1,
575 5847 668 5904 Sic
712 5842 1093 5916 corrigendum
1125 5853 1308 5901 monet
1359 5842 1657 5900 Cutelerius
1688 5841 1970 5913 (Monum.
2015 5844 2157 5901 Eccl.
2203 5845 2298 5901 Cr.
2327 5845 2387 5910 ll,
2415 5846 2543 5917 603)
2580 5862 2676 5920 pro
2707 5847 2856 5919 vulg.
2890 5849 3218 5919 σευομένων.
3248 5845 3410 5903 Eutr.
