4120 6376
455 402 562 459 ειη
1277 409 1839 468 COMMENTARIUS
1878 411 1941 468 IN
1981 410 2379 471 metutum
2422 411 2868 474 Puortttsrau.
3617 411 3724 482 2m

537 520 633 574 Ἐν
674 521 748 590 τῇ
775 521 963 591 ἡμέρᾳ
981 523 1207 595 ἐκείνῃ,
1239 529 1400 598 λέγει
1431 531 1644 597 Κύριος
1693 531 2026 602 παντοκρά-

2208 531 2370 588 Vsus.
2397 532 2540 588 4.1a
2561 535 2648 588 die
2703 534 2824 598 illa,
2889 534 3018 588 dicit
3073 511 3331 588 Dominus
3375 511 3719 604 omnipotens,

453 631 590 682 τωρ,
611 613 855 677 πατάξω
892 615 1089 670 πάντα
1134 619 1323 672 ἵππον
1345 619 1416 673 ἐν
1451 618 1758 683 ἐκστάσει,
1791 621 1892 675 και
1931 621 2031 674 τὸν

2137 626 2427 694 percutiam
2451 638 2653 679 onmem
2689 641 2877 693 equum
2915 627 2971 680 in
3020 635 3252 694 stupore,
3294 637 3343 679 et
3393 635 3722 681 ascensorem

453 704 758 772 ἀναϐάτην
804 707 992 761 αὐτοῦ
1042 709 1113 763 ἐν
1161 711 1642 780 παραφρονήσειο
1691 713 1790 766 ἐπὶ
1832 713 1901 766 δὲ
1928 713 2031 766 τὸν

2138 715 2257 785 ejus
2288 717 2345 770 in
2365 717 2593 769 amentia
2618 732 2636 769 :
2657 733 2816 785 super
2836 717 3051 770 domum
3081 730 3253 772 autem
3279 716 3424 771 Iuda
3483 719 3720 785 aperiam

450 793 620 851 οἷκον
668 797 855 852 Ἰούδα
882 799 1162 864 διανοίξω
1204 802 1349 868 τοὺς
1394 804 1745 872 ὀφθαλμούς
1767 823 1907 873 μου,
1936 803 2035 858 καί

450 885 685 955 πάντας
727 889 872 957 τοὺς
901 891 1127 959 ἵππους
1176 893 1297 947 τῶν
1318 894 1486 949 λαῶν
1529 895 1774 962 πατάξω
1796 897 1868 950 ἐν
1887 897 2036 951 ἀπο-

450 979 780 1049 τυφλῶσαι.

522 1071 781 1126 ΠΗ’.⁹Οτι
796 1074 889 1127 καὶ
910 1075 1085 1129 πάντα
1108 1078 1427 1132 κατευνάσει
1447 1081 1705 1152 πόλεμον,
1730 1082 1825 1136 καὶ
1853 1082 2034 1154 ἀπρά-

449 1181 611 1229 κτους
645 1166 913 1238 ἀποφανεῖ
942 1169 1042 1233 τάς
1078 1168 1189 1224 τῶν
1221 1167 1526 1228 διωκόντων
1575 1175 1820 1244 ἐφόδους,
1851 1175 2034 1230 δίδωσι

447 1259 612 1323 νοεῖν,
639 1255 804 1313 ἵππον
826 1259 921 1314 καὶ
946 1260 1225 1332 ἀναϐάτην
1253 1265 1522 1330 πατάξειν
1551 1267 1720 1322 είπὼν
1745 1270 1802 1321 ἐν
1833 1270 2034 1324 ἐκστά-

450 1363 535 1400 σει
555 1363 614 1401 τε
645 1349 740 1402 καὶ
774 1351 1208 1424 παραφρονήσει,
1243 1356 1334 1410 καὶ
1370 1359 1476 1429 μὴν
1501 1359 1596 1412 καὶ
1629 1360 2029 1428 ἀποτυφλώοει.

453 1438 608 1492 Ἐστι
631 1439 710 1502 δὲ.
736 1436 909 1512 οἶμαι,
926 1445 1125 1498 ταυτὸν
1144 1446 1205 1499 τὸ
1228 1447 1421 1502 παθεῖν
1440 1449 1539 1520 τὴν
1562 1449 1841 1518 ἔκστασιν,
1865 1453 2033 1506 καὶτὸ

449 1530 737 1600 ὑπομείναι
761 1532 860 1603 τὴν
889 1537 1324 1608 παραφρόνησιν.
1360 1537 1436 1593 Τὸ
1487 1540 1596 1612 γὰρ
1626 1541 1733 1607 ἔξω
1775 1543 2030 1611 γενέσθαι

449 1622 662 1690 φρενὸς,
696 1623 955 1690 ἔκστασις
977 1626 1045 1680 ἂν
1067 1629 1259 1694 νοοῖτο,
1279 1633 1374 1684 καὶ
1407 1631 1553 1701 μάλα
1585 1633 1830 1697 εἰκότως.
1867 1627 1941 1688 Οὗ
1966 1635 2030 1708 δὴ

447 1711 748 1780 γεγονότος,
789 1713 1019 1781 καὶτοῖς
1057 1719 1258 1786 φονῶσι
1284 1720 1713 1792 συμϐεϐηκότος,
1745 1725 2029 1794 περιέσται

449 1817 552 1853 που
587 1802 804 1868 πάντως
846 1808 958 1870 τοῖς
1020 1807 1197 1876 ἁγίοις
1231 1811 1406 1864 εἰπεῖν
1447 1811 1706 1882 περὶτῶν
1738 1829 1888 1882 σφισι
1926 1831 2026 1883 με-

2136 805 2314 858 oculos
2340 821 2500 871 tueor,
2531 815 2578 858 et
2612 821 2788 860 omnes
2808 821 2967 876 equos
2997 807 3317 876 populorum
3335 808 3633 874 percutiam
3663 807 3718 861 in

2135 910 2388 953 οωειιαιε.

2166 1087 2176 1096 '
2207 1068 2372 1144 775
2396 1067 3169 1139 LXXXVIII.Compositurum
3186 1083 3344 1126 omne
3361 1071 3578 1137 bellum,
3618 1073 3716 1128 ho-

2131 1163 2394 1232 milesque
2417 1162 2669 1215 incursus
2705 1168 3113 1229 persecutorum
3133 1156 3438 1214 ineliicaces
3459 1167 3514 1214 et
3529 1159 3720 1214 inanes

2134 1256 2469 1309 redditurum
2495 1261 2699 1318 mouet,
2736 1251 2863 1306 dum
2890 1251 3042 1315 dicit,
3090 1265 3294 1320 equum
3346 1259 3404 1306 et
3456 1265 3718 1307 ascenso-

2138 1364 2248 1402 rem
2286 1359 2675 1418 percussurum
2709 1345 2762 1399 in
2792 1353 3016 1412 stupore
3041 1352 3095 1396 ct
3123 1342 3358 1397 amentia
3395 1352 3449 1397 et
3475 1343 3736 1398 cacitate-

2135 1441 2376 1510 insuper.
2425 1439 2519 1494 Est
2560 1447 2760 1503 autem,
2823 1445 2882 1490 ut
2941 1435 3200 1498 arbitror,
3231 1435 3393 1499 idem,
3441 1443 3715 1503 stuporem

2134 1531 2242 1600 pati
2273 1540 2329 1585 et
2359 1539 2631 1584 amentem
2673 1542 2817 1582 esse.
2861 1526 2993 1580 Nam
3031 1527 3294 1581 discessio
3325 1543 3353 1579 a
3386 1536 3570 1581 mente
3607 1541 3715 1581 non

2135 1621 2274 1677 male
2309 1632 2494 1692 stupor
2528 1619 2750 1690 iutelllgi
2798 1627 2980 1688 queat.
3011 1617 3166 1683 Quod
3206 1632 3329 1671 cum
3362 1617 3564 1670 factum
3597 1618 3715 1671 fue-

2133 1714 2223 1778 rit,
2259 1723 2312 1767 et
2345 1713 2398 1766 in
2425 1712 2572 1766 caade
2610 1709 2988 1778 grassantibus
3022 1707 3334 1777 contigerit,
3373 1707 3557 1761 licebit
3593 1721 3713 1761 om-

2135 1806 2262 1859 nino
2278 1804 2486 1860 sanctis
2507 1804 2690 1857 dicere
2707 1801 2773 1855 tle
2794 1799 3259 1871 oppugnatoribus
3283 1799 3398 1854 suis
3424 1817 3438 1853 :
3462 1816 3480 1849 ι
3507 1798 3716 1852 Inimici

451 1895 804 1964 μαχημένων·
847 1914 864 1947 ι
897 1898 961 1951 0i
1010 1900 1194 1970 ἐχθροὶ
1239 1901 1397 1972 ἡμῶν
1446 1904 1683 1974 ἀνόητοι.
1715 1925 1735 1958 ι
1779 1905 1889 1958 Καὶ
1925 1906 2031 1979 μὴν

2137 1897 2307 1952 nostri
2358 1895 2682 1965 insipientes
2707 1894 2775 1946 ".
2830 1913 2849 1945 ι
2892 1894 3068 1960 Atque
3113 1891 3275 1945 etiam
3310 1891 3448 1944 illa:
3489 1909 3508 1941 ι
3553 1889 3615 1944 lli
3661 1888 3714 1942 in

447 1986 572 2038 καί·
608 2005 629 2036 ι
659 1981 818 2041 Οὗτοι
851 1991 908 2042 ἐν
948 1990 1178 2061 ἅρμασι,
1231 1995 1325 2046 καὶ
1353 1987 1498 2048 οὗτοι
1520 1995 1577 2047 ἐν
1622 1996 1830 2060 ἵπποις,
1871 1998 2032 2068 ἡμεῖς

445 2076 502 2129 δὲ
521 2080 579 2131 ἑν
603 2080 828 2150 ὀνόματι
881 2083 1087 2153 Κυρίου
1119 2084 1253 2138 Θεοῦ
1282 2086 1439 2157 ἡμῶν
1489 2089 2028 2160 μεγαλυνθησόμεθα.

445 2170 610 2224 Αὐτοὶ
644 2173 1128 2246 συνεποδίσθησαν,
1151 2179 1248 2230 καὶ
1285 2178 1503 2232 ἔπεσονο
1527 2182 1690 2250 ἡμεῖς
1721 2180 1779 2234 δὲ
1804 2181 2034 2253 ἀνέστη-

449 2277 571 2328 μεν,
612 2261 708 2314 καὶ
743 2264 1172 2336 ἀνωρθώθημεν.
1205 2287 1225 2319 ι
1273 2271 1724 2342 Παραφρονήσειε
1763 2272 1807 2326 δ’
1839 2272 1905 2326 ἂν
1937 2276 2033 2327 καὶ

449 2353 665 2424 ἑτέρως.
702 2356 731 2408 ὁ
757 2359 876 2421 ταῖς
899 2356 1009 2410 τῶν
1040 2360 1214 2428 ἁγίων
1245 2361 1618 2427 ἀνεξικακίαις
1650 2365 1880 2429 ἀνοσίως
1909 2368 2024 2419 ἐπι-

449 2445 651 2516 πηδῶν,
677 2448 770 2501 καὶ
796 2447 1057 2521 ἀδόκητον
1095 2451 1358 2521 ὑπομενεῖ
1421 2453 1521 2525 τὴν
1587 2454 1864 2519 ἔκστασιν,
1910 2456 2029 2526 ἦτοι

444 2536 504 2589 τὸ
526 2535 728 2607 θαῦμα,
752 2539 1079 2611 τεθεαμένος
1110 2544 1192 2596 ὅτι
1216 2544 1441 2599 νικῶσιν
1473 2547 1530 2598 ἐν
1569 2551 1897 2618 συμφοραῖς,
1935 2549 2031 2602 καὶ

445 2625 741 2694 φανοῦνται
762 2630 1037 2695 πεσόντες,
1067 2631 1162 2685 καὶ
1197 2634 1286 2686 ὅτε
1322 2629 1588 2705 ἡττῆσθαι
1629 2635 1856 2704 δοκεῖεν,
1908 2637 2030 2690 τότε

444 2715 508 2786 δὴ
536 2717 768 2786 μάλιστα
799 2721 1062 2792 κρατοῦσι
1107 2723 1392 2795 μειζόνωςο
1436 2727 1596 2798 είπερ
1636 2729 1788 2783 ἐστὶν
1807 2730 2026 2801 ἀληθὲς,

445 2808 522 2872 ὡς
547 2808 604 2862 ἐν
632 2825 696 2879 γε
728 2810 793 2884 δὴ
825 2813 1056 2883 μάλιστα
1105 2816 1184 2887 τῷ
1223 2816 1419 2872 παθεῖν
1453 2820 1652 2883 αὐτοὺς
1679 2820 1916 2890 ὁρῶνται
1941 2823 2031 2875 εὐ-

447 2898 649 2968 κλεεῖς,
682 2902 777 2954 καὶ
807 2903 887 2974 τῷ
926 2905 1147 2976 μεγέθει
1173 2905 1283 2960 τῶν
1314 2907 1492 2962 πόνων
1530 2910 2031 2980 συμπαρομαρτοῢ-

449 3008 548 3044 σαν
571 2989 754 3064 ἔχουσι
784 2991 886 3066 τὴν
932 2997 1139 3073 ἀνῳθεν
1173 2998 1352 3069 χάριν.
1393 2993 1527 3052 Eiet:
1549 3000 1666 3064 πῶς
1698 3000 1800 3054 οὐκ
1836 3001 1903 3054 ἂν
1930 3017 2030 3054 κα-

447 3081 782 3154 ταπλήξειαν
805 3087 932 3151 τοὺς
981 3091 1405 3160 μεμαχημένους
1437 3093 1485 3144 oi
1521 3092 1782 3164 μακάριοι
1820 3094 2030 3167 μάρτυ-

2133 1988 2404 2058 curribus,
2431 1996 2486 2043 et
2511 1986 2564 2041 hi
2610 1987 2662 2040 iu
2694 1985 2873 2055 equis,
2919 1999 3015 2037 nos
3045 1993 3226 2036 autem
3269 1984 3322 2035 in
3356 1981 3576 2035 nomine
3621 1980 3717 2034 Dei

2135 2080 2302 2135 nostri
2354 2078 2846 2150 magniﬁcabimur.
2885 2077 2986 2146 Ipsi
3021 2075 3277 2130 inﬁrmati
3311 2083 3438 2128 sttnt
3487 2082 3540 2126 et
3572 2074 3716 2127 ceci-

2132 2171 2364 2234 derunt;
2412 2183 2511 2224 nos
2548 2178 2726 2222 autem
2765 2166 3106 2221 surreximus
3142 2175 3197 2220 et
3219 2165 3382 2219 erecti
3405 2163 3712 2220 sumus'm

2131 2261 2250 2316 Alio
2303 2263 2430 2316 item
2495 2259 2656 2314 modo
2719 2259 3019 2328 desipuerit
3095 2265 3406 2311 sanctorum
3475 2255 3717 2310 toleran-

2135 2353 2221 2408 tia:
2265 2352 2536 2407 insultans
2582 2351 2745 2421 impie
2791 2360 2848 2404 et
2894 2348 2947 2403 in
2996 2349 3348 2418 improvisum
3409 2358 3714 2419 stuporem,

2131 2445 2245 2500 sive
2269 2443 2686 2498 admirationem
2720 2441 2943 2508 incidet,
2981 2451 3104 2495 com
3139 2439 3338 2495 viderit
3372 2453 3466 2495 eos
3491 2439 3716 2494 calami-

2133 2539 2340 2593 tatibus
2362 2537 2524 2592 nullis
2559 2537 2754 2592 cedere
2786 2545 2841 2590 et
2882 2535 3135 2589 coronari
3176 2534 3456 2600 cadentes,
3495 2549 3560 2589 ac
3603 2541 3714 2588 tum

2131 2631 2368 2685 maxime
2391 2629 2626 2694 vincere,
2653 2637 2706 2683 et
2729 2627 2959 2696 majores
2989 2635 3268 2694 reportare
3289 2625 3570 2693 victorias,
3591 2640 3712 2680 cum

2131 2723 2260 2778 victi
2287 2723 2588 2792 potuissent
2615 2733 2882 2790 apparere
2916 2736 2929 2773 :
2964 2717 3232 2788 siquidem
3275 2727 3480 2773 certum
3509 2726 3595 2772 est
3621 2731 3730 2773 eos

2132 2815 2470 2886 potissimum
2497 2814 2553 2867 in
2589 2812 2846 2883 patiendo
2872 2811 3102 2882 inclytus
3136 2810 3402 2879 conspici,
3421 2819 3482 2864 et.
3507 2811 3715 2880 magni-

2133 2907 2299 2963 tudini
2325 2905 2569 2961 laborum
2610 2904 2862 2960 comitem
2891 2905 3094 2957 habere
3135 2898 3407 2957 caelestem
3454 2903 3706 2971 gratiam.

2135 2996 2358 3061 Deinde,
2411 2997 2637 3066 quinam
2669 3003 3071 3065 oppugnatores
3100 3003 3226 3046 suos
3265 3007 3372 3045 non
3399 2991 3712 3060 obstupefa-

2131 3090 2279 3146 ciant
2317 3089 2461 3145 beati
2498 3097 2792 3159 martyres,
2839 3087 2928 3156 qui
2963 3085 3136 3155 ipsum
3188 3096 3404 3154 quoque
3447 3082 3704 3135 Satanam

450 3188 563 3243 ρες,
593 3174 689 3227 καὶ
719 3175 882 3228 αὐτον
905 3175 1165 3242 νικῶντες
1207 3178 1302 3232 τὸν
1358 3180 1623 3247 Σατανᾶν,
1651 3185 1744 3236 καὶ
1769 3186 2028 3255 πονηροῖς

2137 3181 2522 3254 pessumdant,
2545 3180 2922 3249 malignosque
2941 3187 2995 3232 et
3019 3176 3327 3230 immundos
3358 3174 3583 3244 spiritus
3625 3175 3712 3228 in-

452 3241 571 3332 μὲν,
603 3266 697 3319 καὶ
725 3267 1061 3337 ἀκαθάρτοις
1092 3263 1455 3341 ἐπιτιμῶντες
1493 3241 1789 3344 πνεύμασι,
1813 3241 1948 3328 milia
1974 3241 2030 3330 δὲ

2137 3285 2383 3344 crepant,
2413 3282 2470 3327 et
2501 3286 2887 3341 nonnunquam
2927 3282 3118 3341 magna
3152 3268 3338 3339 gloriae
3383 3283 3497 3322 sua:
3547 3269 3714 3322 admi-

448 3357 510 3408 τὸ
531 3353 716 3428 θαῦμα
749 3358 852 3429 τῆς
875 3362 1103 3434 ἐνούσης
1152 3363 1402 3429 εὐκλείας
1425 3367 1610 3430 αὐτοῖς
1654 3367 1889 3432 ἐνιέντες
1916 3367 2028 3423 ἔσθ’

447 3447 539 3502 ὅτε
562 3448 659 3503 καὶ
692 3450 878 3515 αὐτοῖς
907 3456 1020 3516 τοῖς
1039 3455 1413 3527 ἀνῃρηκόσιν;
1443 3457 1655 3512 Οὐκοῦν
1700 3460 1936 3532 ἱππότην
1970 3477 2030 3514 τε

448 3539 565 3610 ἅμα
596 3542 691 3596 καὶ
720 3542 888 3596 ἵππον
913 3544 1174 3610 πατάξειν
1223 3549 1644 3618 ξπαγγέλλεται·
1683 3551 1772 3604 ἴνα
1817 3549 2030 3623 νοῶμεν

447 3630 546 3694 τάς
566 3631 674 3685 τῶν
696 3632 968 3703 πολεμίων
993 3635 1300 3704 φάλαγγας,
1333 3641 1454 3703 ταῖς
1501 3639 1611 3692 τῶν
1661 3642 1831 3710 ἁγίων
1859 3643 2032 3696 ὲπιει-

451 3723 624 3786 κείαις
645 3725 1126 3796 ἀντιτεταγμένας.
1161 3729 1281 3782 Ἐπὶ
1299 3730 1355 3784 δὲ
1385 3731 1476 3784 τὸν
1501 3728 1648 3784 οἷκον
1691 3733 1862 3787 Ἰούδα
1889 3733 2032 3789 dvo!-

453 3813 562 3877 ξειν
585 3813 688 3886 εφη
717 3818 843 3880 τοὺς
862 3817 1196 3890 ὀφθαλμούς.
1224 3821 1334 3875 Καὶ
1374 3821 1578 3875 Ἰούδαν
1611 3824 1708 3892 μὲν
1743 3827 1801 3876 ὲν
1824 3824 2034 3890 τούτοις

451 3908 540 3962 τὸν
561 3909 626 3961 ἐκ
657 3910 814 3980 ῥίζης
853 3911 1070 3977 Ἰεσσαὶ,
1106 3913 1200 3966 καὶ
1227 3914 1327 3985 τῆς
1362 3915 1530 3969 Ἰούδα
1557 3916 1731 3988 φυλῆς
1757 3919 2035 3989 πεφηνότα

453 4001 692 4070 Χριστὸν
729 4002 1006 4072 ὀνομάζει,
1037 4004 1186 4058 οἷκον
1207 4006 1264 4060 δὲ
1297 4007 1462 4061 αὐτοῦ
1506 4009 1607 4079 τὴν
1671 4010 2032 4080 Ἐκκλησίαν,

453 4093 574 4160 ἢτοι
607 4092 716 4147 τῶν
745 4095 803 4147 ὲν
824 4095 1004 4148 πίστει
1025 4096 1461 4168 δεδικαιωμένων
1484 4101 1580 4172 τὴν
1611 4101 1774 4170 ἁγίαν
1801 4103 2032 4174 πληθύν.

455 4185 572 4256 Τὴν
599 4186 658 4240 δέ
689 4203 752 4256 γε
772 4186 880 4240 τῶν
912 4189 1210 4258 ὀφθαλμῶν
1255 4188 1514 4258 διάνοιξιν
1540 4197 1716 4248 ὲκεῖνο
1752 4190 1905 4266 οἶμαι
1940 4197 2036 4267 δη-

455 4274 600 4342 λοῦν,
634 4278 717 4331 ὅτι
756 4277 888 4332 πολὺ
941 4279 1062 4333 λίαν
1092 4281 1404 4352 ἀμφιλαφῆ,
1441 4283 1532 4336 καὶ
1565 4278 1679 4337 οἷον
1730 4285 1838 4356 ὅλῳ
1870 4285 2036 4358 βλέμ-

461 4387 590 4439 ματι
619 4372 1038 4442 κατασκέψεται,
1071 4376 1294 4444 σημεῖον
1324 4376 1368 4429 δ’
1401 4375 1466 4430 ἂν
1513 4378 1723 4445 γένοιτο
1749 4379 1906 4432 τοῦτο
1941 4395 2038 4432 σα-

458 4461 555 4529 φὲς
581 4461 680 4532 τῆς
707 4465 793 4516 ἐπ’
820 4464 992 4534 αὐτῆς
1030 4464 1336 4534 εὐμενείας,
1384 4469 1479 4521 καὶ
1521 4470 1619 4538 μέν
1653 4486 1734 4522 τοι
1778 4471 1993 4539 φειδοῦς
2019 4515 2032 4532 .

2136 3368 2346 3423 ratione
2391 3367 2540 3435 ipsos
2585 3366 2747 3421 etiam
2805 3361 3186 3417 interfectores
3249 3377 3376 3416 suos
3434 3358 3717 3414 afﬁciunt?

2134 3461 2314 3528 Quare
2333 3460 2570 3530 equitem
2597 3459 2756 3514 simul
2810 3467 2865 3512 et
2886 3473 3081 3525 equum
3110 3471 3491 3525 percussorum
3512 3469 3568 3508 se
3593 3469 3743 3525 pro--

2135 3554 2320 3620 mittit,
2351 3563 2410 3609 nl
2433 3552 2670 3608 hostium
2702 3552 3000 3621 phalangas
3024 3560 3340 3605 sanctorum
3385 3549 3571 3602 virtuti
3615 3549 3710 3602 ad-

2135 3656 2416 3700 versantes
2459 3645 2844 3713 intelligamus.
2899 3642 3074 3712 Snper
3102 3645 3317 3695 (iunium
3353 3651 3530 3693 autem
3573 3638 3723 3693 Juda

2136 3748 2450 3805 aperturum
2477 3749 2535 3790 se
2564 3735 2752 3789 oculos
2783 3736 2875 3788 ait.
2906 3733 3103 3788 Judam
3145 3733 3245 3786 hoc
3279 3733 3414 3784 loco.
3434 3734 3499 3783 de
3537 3731 3719 3784 radice

2135 3827 2289 3883 Jesse
2339 3837 2389 3883 et
2427 3829 2569 3882 tribu
2597 3825 2734 3881 Juda
2760 3827 3041 3881 Christum
3065 3827 3414 3881 exsistentem
3451 3825 3712 3890 nominat,

2139 3923 2356 3973 domum
2394 3928 2572 3974 autem
2596 3919 2716 3987 ejus
2738 3918 3058 3982 Et-clesiaut,
3092 3919 3206 3972 sive
3251 3917 3302 3970 in
3364 3915 3584 3971 Christo
3624 3915 3715 3985 ju-

2139 4013 2499 4067 stiﬁcatorutu‘
2524 4022 2767 4068 sanctam
2790 4012 3218 4064 multitudinem.
3275 4010 3486 4078 Aperiri
3535 4019 3715 4062 autem

2136 4105 2324 4161 oculos
2357 4101 2486 4158 illud
2535 4104 2640 4160 sibi
2689 4103 2826 4158 velle
2873 4104 3157 4169 existimo,
3189 4103 3329 4170 quod
3381 4101 3716 4170 amplissime

2137 4208 2190 4250 et
2215 4207 2327 4251 toto
2348 4197 2494 4250 velut
2524 4208 2740 4266 aspectu
2769 4195 3048 4264 respiciet,
3083 4194 3224 4262 quod
3260 4209 3371 4246 sua:
3401 4208 3527 4262 erga
3567 4192 3714 4244 illum

2138 4289 2552 4353 benevolentiar,
2579 4304 2640 4342 ac
2669 4298 2930 4357 praeterea
2962 4287 3308 4355 indulgentizc
3339 4296 3392 4342 et
3429 4286 3717 4340 charitatis

2141 4381 2498 4436 indubitatum
2527 4382 2632 4436 erit
2689 4382 2970 4435 indicium.
3033 4379 3304 4456 Scriptum
3361 4387 3444 4433 est
3496 4379 3641 4432 enim
3693 4391 3710 4430 :

2145 4489 2164 4522 ι
2211 4471 2361 4527 Oculi
2388 4470 2598 4524 Domini
2631 4485 2794 4539 super
2819 4468 3069 4536 iustos".
3103 4489 3119 4520 ι
3151 4469 3212 4522 Et
3237 4481 3372 4538 quos
3398 4467 3739 4537 respexerit,.

457 4552 551 4605 καὶ
583 4553 823 4624 ἀγάπης.
846 4553 1160 4625 Γέγραπται
1189 4557 1299 4628 γὰρ
1325 4559 1406 4612 ὅτι
1438 4577 1456 4610 t
1505 4560 1802 4632 Ὀφθαλμοῖ⁵
1830 4565 2031 4634 Κυρίου

2140 4581 2233 4620 eos
2281 4563 2435 4634 plane
2480 4563 2824 4618 beatissimos
2852 4571 2854 4574 '
2883 4562 3086 4627 eliicit;
3119 4561 3556 4632 quandoquidem
3614 4575 3740 4613 non.

456 4643 548 4695 ἐπὶ
571 4642 832 4707 δικαίους.
872 4664 894 4696 r
931 4645 1042 4698 Καὶ
1073 4645 1167 4710 οὓς
1210 4647 1277 4701 ἂν
1306 4649 1640 4716 ἐπιϐλέψειε,
1700 4653 1925 4718 τούτους
1966 4656 2032 4724 δὴ

458 4735 676 4799 πάντως
724 4737 1160 4808 τρισμακαρίους
1206 4739 1622 4807 ἀποδείκνυσιν,
1681 4745 1839 4816 εἴπερ
1887 4746 2032 4799 ἔστιν

457 4827 632 4880 εἰπεῖν
661 4828 721 4880 οὐ
751 4827 1171 4902 διεψευσμένως,
1229 4830 1304 4895 ὡς
1345 4833 1561 4898 κολάζει
1599 4837 1697 4905 μὲν
1742 4841 1861 4900 ταῖς
1901 4841 2035 4891 ἀπο-

420 4966 423 4969 ,
460 4922 720 4990 στροφαῖς
744 4921 834 4974 τὸν
855 4920 1116 4994 ὑϐριστήν
1137 4940 1199 4977 τε
1217 4925 1309 4977 καὶ
1335 4927 1635 4998 ἀλιτήριον,
1651 4931 2038 4999 κατευφρπιίνει

457 5027 519 5077 γε
553 5011 660 5083 μὴν
692 5015 812 5076 ταῖς
834 5015 1151 5084 ἐπισκέψεσι
1189 5016 1278 5069 τὸν
1324 5019 1544 5088 εὐσεϐῆ,
1581 5022 1672 5072 καὶ
1724 5021 2030 5092 φιλάρετον.

459 5103 567 5156 Καὶ
609 5103 741 5169 γοῦν
781 5105 809 5158 ὁ
872 5101 1155 5171 θεσπέσιος
1204 5109 1390 5175 Δαδὶδ,
1432 5111 1525 5164 καὶ
1553 5111 1650 5182 τὴν
1677 5115 1740 5164 ὲκ
1761 5115 1858 5183 τῆς
1899 5116 2025 5168 ἀπο.

462 5197 699 5265 στροφῆς
731 5193 952 5268 ζημίαν,
989 5201 1080 5253 καὶ
1114 5201 1174 5253 τὸ
1203 5201 1268 5253 ἐκ
1296 5202 1392 5272 τῆς
1431 5204 1808 5274 ἐπιστρέψεως
1850 5205 2035 5274 κέρδος

460 5285 701 5354 ἐμφανὲς
729 5287 1011 5352 καθιστὰς,
1060 5291 1188 5344 ποτὲ
1241 5291 1350 5361 μὲν.
1392 5292 1631 5361 ἔφασκε·
1693 5315 1710 5344 ι
1746 5295 1838 5365 Μὴ
1899 5297 2034 5346 ἀπο-

465 5377 701 5450 στρέψῃς
761 5381 823 5432 τὸ
869 5380 1158 5452 πρόσωπον
1201 5401 1295 5437 σου
1334 5386 1436 5440 ἀπ’
1479 5385 1638 5457 ἐμοῦ,
1683 5389 1775 5438 καὶ
1837 5385 1909 5456 μὴ
1943 5390 2032 5440 ὲκο

465 5467 651 5542 κλίνῃς
676 5470 733 5521 ὲν
763 5470 897 5540 ὀργῇ
950 5472 1057 5523 ἀπὸ
1106 5471 1197 5524 τοῦ
1227 5473 1413 5527 δούλου
1465 5490 1579 5528 σο.)⁶
1619 5495 1637 5526 ι
1703 5476 1833 5528 ποτε
1879 5477 1935 5528 δὲ
1968 5475 2031 5544 δὴ

2143 4655 2275 4710 false
2307 4655 2411 4709 dici
2453 4665 2666 4722 potest,
2695 4670 2819 4707 eum
2851 4654 3229 4708 aversionibus
3269 4653 3382 4708 suis
3427 4653 3718 4721 superbum

2142 4759 2195 4803 et
2229 4755 2562 4816 peccatorem
2614 4747 2842 4816 punire,
2888 4747 3289 4800 visitatiouibns
3332 4755 3514 4800 autem
3571 4744 3718 4813 pium

2142 4851 2197 4894 cl
2239 4840 2457 4893 virtutis
2513 4839 2814 4893 studiosum
2876 4837 3208 4894 exhilarare.
3266 4839 3446 4904 Quare
3501 4836 3720 4890 divinus

2144 4933 2270 4986 item
2303 4931 2494 4994 David,
2525 4940 2577 4985 et
2602 4947 2665 4985 ex
2699 4931 2984 4985 aversione
3007 4929 3288 4994 damnum,
3311 4941 3366 4985 et
3387 4946 3452 4982 cx
3493 4943 3721 4983 conver-

2140 5024 2297 5077 sione
2359 5025 2696 5079 COIIllllOllllm
2752 5021 2917 5092 776
2971 5022 3364 5087 manifestans,
3427 5020 3719 5088 aliquando

2139 5116 2354 5170 dicebat
2384 5130 2398 5168 :
2438 5133 2459 5166 ι
2497 5114 2572 5168 Ne
2599 5127 2812 5168 avertas
2845 5115 3036 5169 faciem
3070 5124 3215 5168 tuam
3247 5129 3275 5168 a
3305 5129 3407 5178 me,
3448 5122 3502 5166 et
3529 5127 3593 5164 ne
3623 5111 3718 5166 de-

2140 5209 2310 5262 clincs
2343 5208 2394 5260 in
2431 5207 2507 5261 ira
2538 5223 2569 5261 a
2591 5223 2748 5262 servo
2795 5216 2886 5260 tuo
2912 5207 2959 5239 ⁵⁵⁵
2989 5225 3004 5272 ;
3049 5227 3067 5258 ι
3117 5207 3410 5275 aliquando
3464 5217 3720 5257 rursum:

2147 5318 2163 5348 ι
2205 5297 2434 5365 Ιιιιδρὶοο
2470 5297 2521 5350 in
2554 5314 2662 5362 me,
2705 5308 2760 5350 et
2786 5299 3047 5351 miserere
3079 5296 3180 5350 mci
3206 5297 3271 5348 ⁵⁵.
3313 5314 3330 5344 ι
3366 5290 3719 5364 Aversionent

2142 5401 2375 5452 namque
2405 5387 2505 5448 ira,
2535 5396 2590 5441 et
2619 5403 2736 5453 qua:
2769 5388 2836 5440 ab
2869 5389 3008 5441 irato
3043 5385 3355 5457 inlliguutur
3385 5400 3561 5455 paena:
3590 5426 3603 5448 ,
3634 5399 3740 5438 το·-

2139 5488 2381 5544 spectum
2409 5490 2586 5532 autem
2611 5481 2825 5547 adoptio
2851 5479 3240 5533 misericordia:
3272 5480 3587 5532 comitatur.

465 5555 604 5612 αὖοι
640 5559 957 5629 Ἑπίϐλεψον
989 5563 1074 5616 ἐπ’
1133 5565 1374 5631 ὲμὲ,καὶ
1398 5567 1618 5638 ἐλέησόν
1661 5587 1748 5640 με.
1795 5589 1812 5621 ι
1846 5570 2072 5638 "Efferat.
2134 5570 2241 5642 γὰρ
2298 5575 2418 5633 ταῖς
2460 5569 2830 5641 ἀποστροφαῖς
2881 5573 2908 5622 ὁ
2968 5570 3160 5641 θυμὸς,
3210 5576 3304 5625 καὶ
3328 5572 3397 5626 τὰ
3442 5571 3502 5636 ἐξ
3555 5568 3736 5626 αὺτοῦ-

467 5651 850 5723 ουμὸαίνοντα·
880 5654 956 5724 τῷ
985 5671 1042 5721 γε
1074 5656 1179 5726 μὴν
1209 5659 1497 5730 ἐπιϐλέψαι
1531 5660 1590 5712 τὸ
1617 5661 1812 5731 χρῆναι
1845 5661 2027 5714 λαϐεῖν
2065 5662 2154 5716 τὸν
2186 5663 2354 5717 ἔλεον.

537 5833 581 5866 ⁸⁸
613 5835 755 5893 Psal.
788 5853 933 5904 sunt,
972 5839 1020 5891 :2.

1100 5840 1140 5871 δ’
1171 5838 1333 5894 Ιῖδιιί..
1356 5855 1464 5904 xix,
1492 5841 1542 5906 8,
1577 5839 1630 5893 9.
1707 5839 1749 5870 ⁵³
1780 5837 1924 5894 Paul.
1962 5855 2027 5894 xx

2139 5881 2152 5906 ,
2193 5840 2274 5899 l6.
2353 5840 2396 5872 ³³
2425 5839 2570 5897 Psal.
2603 5855 2751 5909 χχιιι,
2783 5841 2835 5896 9.
2913 5841 2956 5875 ⁸³
2991 5840 3434 5918 Psal._xxrv,.l6.
