4120 6376
398 363 497 437 sit

1410 392 1470 448 S.
1509 392 1778 450 CYRIILI
1817 395 2276 452 ALEXANDRINI
2318 398 2636 455 ARCIIIEP.

3512 399 3622 456 212

478 490 644 549 Vens.
680 494 733 548 5.
775 494 841 550 Et
883 497 1055 552 dicent
1082 499 1277 554 tribuni
1317 500 1462 558 Juda
1489 522 1663 561 onum
1690 508 1745 560 in
1784 508 1955 562 cordi-

2127 513 2236 567 Καὶ
2269 513 2514 583 ἐροῦσιν
2551 513 2848 583 χιλίαρχοι
2894 511 3092 566 Ἰούδα
3133 512 3352 579 πάντες
3380 513 3451 566 ἐν
3494 514 3623 581 ταῖς

399 588 495 644 bus
520 590 630 643 suis
656 604 675 643 :
707 588 1031 643 Inveniemus
1055 590 1203 645 nobis
1226 593 1518 649 habitantes
1554 596 1869 665 Jerusalem,
1897 601 1953 652 in

397 680 626 736 Domitio
651 683 995 749 omnipotente
1027 682 1131 737 Deo
1152 700 1353 738 eorum.

470 861 762 917 LXXXIX.
797 862 1160 929 Chiliarclias,
1184 878 1275 919 seu
1304 864 1547 920 tribunos
1567 863 1703 919 Juda
1741 876 1959 920 sanctos

399 955 671 1023 apostolos
699 955 1000 1024 appellatos
1027 970 1428 1021 asseveramus,
1447 957 1683 1012 delectos
1702 966 1957 1025 tanquam

399 1048 566 1101 duces
588 1064 617 1100 a
642 1046 881 1113 Christo,
913 1056 968 1101 et
985 1048 1341 1117 principatum
1366 1047 1420 1101 in
1468 1045 1665 1103 Judam
1713 1052 1956 1121 adeptos,

401 1137 504 1190 hoc
526 1147 627 1202 est,
660 1137 711 1190 in
741 1151 834 1192 eos
861 1138 951 1205 qui
992 1138 1059 1194 ad
1081 1138 1445 1193 conﬁtendum
1517 1149 1575 1195 et
1631 1138 1959 1195 laiidandum

400 1228 575 1284 vocati
638 1236 762 1283 sunt
791 1247 805 1284 :
835 1227 1002 1285 Judas
1049 1230 1192 1284 enim
1252 1230 1375 1285 laus
1435 1230 1719 1287 redditur:
1759 1232 1848 1302 qui
1894 1247 1962 1286 ex

401 1321 653 1389 gentibus
693 1321 881 1390 utique
934 1318 1155 1386 fuerint,
1197 1321 1394 1392 quibus
1422 1333 1480 1378 et
1506 1322 1721 1378 divinus
1775 1330 1964 1377 cantor

402 1412 645 1479 mandat,
674 1413 751 1468 uti
784 1413 1182 1469 Emmanuelem
1221 1414 1518 1478 celebrent,
1547 1414 1736 1470 dicens
1764 1415 1815 1468 in
1847 1414 1961 1484 spi-

402 1509 511 1562 ritu
546 1525 560 1561 :
600 1526 619 1559 ι
657 1506 983 1574 Beuedicite,
1008 1516 1215 1576 gentes,
1239 1509 1404 1563 Deum
1426 1518 1690 1573 nostrum,
1734 1518 1791 1565 et
1815 1508 1968 1562 audi-

404 1608 513 1652 tam
566 1599 730 1656 facite
759 1614 944 1655 vocem
1005 1599 1181 1654 laudis
1234 1599 1355 1669 ejus
1404 1600 1474 1654 ".
1515 1619 1532 1650 l
1574 1599 1742 1656 ludas
1807 1599 1968 1669 igitur

405 1688 508 1743 hoc
537 1688 656 1745 loco
670 1699 795 1744 sunt
818 1688 1081 1759 perﬁdem
1105 1690 1171 1744 ad
1186 1690 1542 1745 laudationem
1593 1700 1649 1745 et
1673 1688 1969 1745 confessio-

405 1797 527 1837 nem
553 1782 764 1839 vocati:
806 1781 1003 1836 tribuni
1026 1780 1298 1851 veroipsis
1317 1780 1970 1848 constituti,centuriones

404 1888 459 1932 ct
477 1879 661 1943 duces,
693 1878 857 1933 divini
871 1879 1140 1943 discipuli.
1157 1878 1458 1934 Observare
1483 1885 1708 1949 estergo
1730 1892 1824 1932 eos
1849 1875 1971 1931 Sal—
2003 1850 2043 1905 Β

405 1969 609 2025 vaturis
630 1968 1002 2023 adoratoribus
1019 1968 1162 2024 velut
1180 1968 1498 2038 quibusdam
1519 1967 1777 2023 militibus
1793 1965 1973 2020 accla-

407 2066 618 2113 mantes
634 2066 688 2113 et
712 2057 954 2115 dicentes
987 2070 1076 2133 ικθιηΔ
1092 2057 1245 2114 State
1272 2058 1434 2129 igitur
1466 2057 1726 2113 succincti
1758 2057 1968 2111 lintribus

409 2160 615 2205 vestros
629 2149 683 2205 in
696 2150 943 2216 veritate,
953 2149 1186 2213 etinduti
1204 2147 1423 2204 loricam
1432 2147 1675 2219 justitiaz,
1686 2156 1738 2201 et
1753 2146 1972 2203 calceati

408 2243 572 2311 pedes
599 2239 651 2295 in
682 2241 1126 2310 praeparationem
1148 2238 1423 2309 Evangelii
1450 2241 1619 2309 pacis,
1646 2240 1701 2293 in
1724 2240 1975 2295 omnibus

407 2341 687 2389 sumentes
708 2343 920 2388 scutum
986 2332 1135 2396 ﬁdei,
1166 2333 1218 2386 in
1249 2347 1357 2402 quo
1386 2332 1632 2402 poteritis
1662 2332 1842 2387 omnia
1871 2330 1972 2385 tela

411 2425 726 2496 nequissimi
755 2424 920 2495 ignita
951 2426 1299 2494 exstinguere
1329 2425 1396 2478 ".
1436 2443 1455 2476 ι
1492 2423 1628 2478 Sunt
1653 2438 1778 2493 ergo
1809 2422 1972 2477 divini

410 2516 658 2587 discipuli
688 2516 906 2584 tribuni,
934 2527 988 2570 et
1022 2514 1554 2578 convenientissime,
1591 2532 1611 2566 ι
1649 2513 1751 2580 Qui
1792 2523 1850 2567 et
1894 2512 1975 2565 di—

413 2614 560 2673 cent,
587 2606 786 2678 inquit,
826 2605 881 2661 in
933 2605 1188 2661 cordibus
1208 2605 1320 2659 suis
1362 2623 1375 2658 :
1430 2602 1774 2660 inveniemus
1820 2602 1976 2657 nobis

416 2700 548 2769 ipsis
579 2698 884 2754 habitantes
908 2697 962 2751 iu
993 2694 1313 2752 Jerusalem.
1353 2714 1372 2747 ι
1403 2693 1791 2750 Desiderabant
1830 2692 1974 2746 enim

414 2788 590 2845 sancti
630 2787 878 2858 discipuli
910 2802 1039 2842 vere
1090 2795 1337 2840 sanctam
1386 2783 1708 2848 Jerusalem,
1760 2783 1812 2837 id
1869 2793 1972 2846 est,

414 2879 732 2946 Ecclesiam,
763 2878 1017 2950 repletam
1058 2878 1204 2933 cerni
1234 2875 1636 2940 adoratoribus,
1698 2885 1755 2929 et
1808 2872 1973 2928 veluti

414 2973 603 3027 urbem
662 2970 952 3041 quamdam
1002 2968 1303 3024 incolarum
1356 2966 1660 3037 frequentia
1710 2964 1974 3035 insignem

416 3060 762 3117 meritissimo
790 3059 1029 3131 gloriari.
1063 3058 1324 3125 Quocirca
1355 3055 1769 3127 promulgabant
1792 3056 1974 3120 ﬁdem,

416 3151 851 3223 cvangelizames
900 3149 1109 3215 Iesum,
1154 3150 1433 3221 signisque
1468 3159 1524 3203 et
1540 3147 1799 3219 prodigiis
1833 3148 1973 3202 dicta

416 3258 511 3297 sua
545 3243 952 3307 conﬂrmantes,
981 3240 1365 3297 Verumtamen
1398 3256 1504 3295 non
1553 3238 1972 3309 persuadebant.

416 3336 730 3390 Obdurabat
749 3332 892 3388 enim
924 3332 1152 3402 pupulus
1185 3330 1514 3394 inﬂexibilis,
1556 3340 1610 3386 et
1629 3330 1772 3386 velut
1808 3345 1980 3399 equus

417 3426 713 3481 indomitus
732 3422 881 3479 frena
909 3424 1214 3479 recusabat.
1239 3423 1444 3478 Idcirco
1472 3422 1726 3492 deinceps
1770 3431 1976 3476 sanctae

419 3518 655 3577 civitatis
684 3517 1094 3573 liabitatoresiu
1132 3534 1152 3567 ι
1195 3515 1421 3570 Domino
1453 3516 1820 3584 omnipotente
1873 3513 1981 3567 Deo

420 3615 685 3683 ipsorum.
732 3628 751 3671 ι
796 3609 897 3665 hoc
937 3619 1044 3675 est,
1097 3609 1151 3664 in
1206 3608 1443 3668 Christo,
1494 3605 1596 3662 sibi
1644 3604 1980 3674 quaerebant.

420 3709 558 3779 Quin
590 3717 645 3760 et
676 3709 742 3761 ad
789 3716 975 3777 gentes
1023 3705 1494 3769 couvertcbamur,
1536 3700 1841 3755 Judzeorum
1895 3712 1982 3766 po-

421 3798 550 3864 pulo
584 3797 897 3857 occinentes
926 3815 939 3851 :
969 3795 1129 3866 777
1168 3814 1188 3847 ι
1214 3794 1378 3850 Vobis
1407 3794 1693 3863 oportebat
1746 3791 2001 3861 primum.

422 3888 567 3959 loqui
596 3885 821 3947 verbum
854 3885 966 3940 Dei.
1000 3884 1260 3951 Quoniam
1310 3894 1488 3939 autem
1528 3881 1793 3952 repellitis
1830 3878 1979 3943 illud,

421 3990 476 4037 et
505 3979 756 4049 indignos
790 3992 885 4032 vos
911 3976 1167 4045 iudicatis
1204 3978 1311 4029 vita
1344 3987 1570 4041 aeterna,
1599 3989 1727 4029 ecce
1759 3988 1985 4027 conver-

424 4071 589 4125 timur
610 4069 677 4124 ad
702 4078 892 4140 gentes
920 4085 934 4122 :
967 4067 1046 4125 sic
1065 4067 1207 4129 enim
1235 4068 1391 4125 nobis
1411 4065 1682 4125 mandavit
1700 4065 1840 4125 Deus
1868 4064 1931 4117 ⁸⁸.
1960 4081 1978 4114 ι

426 4160 554 4215 lude
582 4160 730 4214 cives
763 4158 1018 4214 Ecclesia:
1044 4157 1471 4226 conquisieruut,
1500 4156 1654 4225 cujus
1682 4164 1736 4208 et
1773 4154 1985 4208 divinus

424 4251 595 4311 David
625 4249 889 4313 meminit,
919 4248 1165 4316 inquiens
1198 4266 1211 4301 :
1252 4265 1270 4298 ι
1316 4246 1559 4303 Gloriosa
1592 4245 1733 4306 dicta
1761 4255 1885 4300 sunt
1921 4246 1987 4298 de

426 4353 499 4407 te.
528 4340 719 4397 civitas
740 4337 831 4396 Dei
871 4339 936 4390 ".
972 4357 990 4388 ι
1035 4335 1104 4399 lis
1134 4336 1396 4407 quaesitis,
1433 4344 1652 4404 propter
1701 4351 1984 4393 numerum

427 4431 930 4499 multitudinemque
965 4428 1408 4482 innumerabilem
1451 4426 1602 4482 dilati
1653 4438 1794 4480 sunt.
1845 4425 1984 4492 Quin

2059 605 2322 672 καρδίαις
2345 603 2563 660 αὐτῶν·
2593 605 2951 674 Εὐρήσομεν
2985 603 3221 672 ἑαυτοῖς
3264 604 3406 672 τοὺς
3427 623 3625 661 κατοι-

2057 696 2317 761 κοῦντας
2340 697 2411 750 ἐν
2434 695 2846 766 Ἰερουσαλὴμ,
2879 696 2948 750 ἐν
2968 697 3164 765 Κυρίῳ
3193 696 3627 766 παντοκράτορι

2061 786 2181 853 Θεῷ
2206 787 2421 844 αὐτῶν.

2129 880 2255 934 ΙΙΘ’.
2289 880 2615 951 Χιλιάρχους
2642 880 2743 952 μὲν
2786 878 2954 935 Ἰούδα
3002 879 3130 943 τοὺς
3173 878 3363 949 ἁγίους
3395 879 3650 933 άττοστόο.

2059 966 2181 1032 λους
2209 968 2623 1039 κατωνομάσθαι
2643 970 2844 1040 φαμὲν,
2876 968 3000 1032 τοὺς
3019 963 3132 1022 οἷον
3161 970 3220 1024 ἐν
3239 969 3392 1035 τάξει
3419 973 3485 1040 τῇ
3518 969 3647 1022 τῶν.

2064 1062 2382 1134 στρατηγῶν
2427 1057 2973 1134 κεχειροτονημένους
3017 1064 3169 1135 παρὰ
3210 1061 3449 1131 Χριστοῦ
3471 1100 3487 1126 ,
3534 1061 3629 1114 καὶ

2063 1151 2421 1223 καθηγεῖσθαι
2475 1152 2740 1223 λαχόντας
2793 1153 2888 1208 τοῦ
2950 1153 3122 1209 Ἰούδα
3146 1195 3163 1221 ,
3209 1153 3458 1207 τουτέστι
3512 1151 3649 1205 τῶν·

2064 1242 2410 1314 κεκλημένων
2435 1244 2517 1308 εἰς
2540 1244 2922 1317 ἐξομολόγησίν
2940 1263 3000 1299 τε
3028 1246 3123 1299 καὶ
3149 1240 3318 1299 αἶνον·
3340 1239 3510 1309 αἶνος
3523 1244 3653 1314 γὰρ-

2062 1336 2092 1388 ὁ
2124 1334 2323 1399 Ἰούδας
2350 1335 2733 1407 ἑρμηνεύεται.
2763 1332 2886 1390 Εἶεν
2925 1336 2972 1390 δ’
2999 1336 3066 1391 ἂν
3093 1331 3237 1391 οὗτοι
3271 1336 3470 1398 πάντες
3492 1335 3543 1388 σί
3571 1335 3633 1400 ἐξ

2065 1425 2252 1490 ἐθνῶν,
2282 1420 2365 1488 οἷς
2391 1427 2485 1480 καί
2513 1427 2576 1480 τὸ
2602 1426 2798 1498 χρῆναι
2825 1427 3125 1495 δοξολογεῖν
3151 1426 3241 1480 τὸν
3282 1425 3631 1496 Ἐμμανουήλ

2064 1519 2094 1571 ὁ
2117 1517 2395 1581 θεσπέσιος
2430 1517 2680 1590 Μελῳδὸς
2708 1519 2984 1573 ἐπιτάττει
3039 1519 3211 1587 λέγων
3250 1519 3308 1571 ἐν
3338 1517 3631 1589 πνεύματιο

2071 1627 2091 1659 ι
2126 1608 2432 1677 Εὐλογεῖτε,
2455 1607 2605 1680 ἔθνη,
2636 1608 2727 1662 τὸν
2752 1608 2884 1662 Θεὸν
2921 1611 2953 1679 ή
2963 1608 3097 1678 μῶν,
3137 1610 3232 1663 καὶ
3275 1606 3633 1662 ἁκουτίσασθε

2066 1699 2165 1769 τὴν
2191 1700 2373 1772 φωνὴν
2421 1700 2521 1771 τῆς
2545 1700 2804 1764 αἰνέσεως
2847 1699 3033 1755 αὐτοῦ.
3073 1719 3094 1753 ι
3140 1698 3340 1763 Ἰούδας
3364 1698 3545 1753 τοίνυν
3575 1699 3637 1750 ἐν

2067 1794 2277 1860 τούτοις
2311 1797 2362 1849 oi
2392 1795 2481 1849 διὰ
2509 1795 2739 1857 πίστεως
2788 1792 3110 1864 κεκλημένοι
3151 1792 3287 1864 πρὸς
3326 1792 3530 1845 αῖνεσίν
3574 1808 3633 1843 τε

2072 1887 2168 1941 καὶ
2226 1885 2626 1957 ἐξομολόγησιν·
2684 1882 2953 1956 χιλίαρχοί
3000 1900 3065 1953 γε
3106 1882 3213 1956 μὴν
3241 1885 3289 1936 οἰ
3342 1883 3427 1936 ἐπ’
3455 1882 3639 1945 αὐτοῖς

2071 1978 2412 2049 τεταγμένοι,
2444 1977 2722 2049 ταξίαρχοί
2744 1995 2805 2030 τε
2836 1978 2932 2031 καὶ
2958 1976 3245 2047 ἡγεμόνες,
3276 1974 3325 2028 οἰ
3359 1973 3634 2028 θεσπέσιοι

2076 2069 2331 2142 μαθηταί.
2361 2070 2516 2123 Ἐστι
2551 2069 2678 2137 γοῦν
2709 2070 2837 2125 ἰδεῖν
2857 2065 2947 2125 οἶά
2976 2085 3089 2123 τισι
3119 2065 3498 2138 στρατιώταις,
3521 2066 3639 2126 τοῖς

2072 2162 2165 2216 τοῦ
2191 2161 2441 2233 Σωτῆρος
2470 2163 2871 2234 προσκυνηταῖς
2898 2159 3326 2231 διακεκραγότας
3350 2175 3410 2211 τε
3437 2157 3528 2210 καὶ
3549 2157 3637 2209 λέ-

2072 2269 2286 2322 γοντας·
2322 2272 2341 2303 ι
2380 2252 2551 2322 Στῆτε
2575 2248 2669 2306 οὖν
2699 2251 3134 2324 περιζωσάμενοι
3165 2249 3264 2321 τὴν
3291 2249 3462 2318 ὀσφὺν
3484 2247 3636 2318 ὑμῶν

2073 2346 2129 2397 ἐν
2151 2343 2397 2414 ἀληθείᾳ,
2430 2344 2525 2397 καὶ
2571 2343 2920 2413 ἐνδυσάμενοι
2974 2343 3066 2397 τὸν
3119 2340 3343 2414 θώρακα
3403 2340 3503 2409 τῆς
3561 2339 3642 2392 δι·-

2074 2434 2384 2504 καιοσύνης,
2411 2434 2505 2487 καὶ
2539 2434 2935 2506 ὑποδησάμενοι
2966 2434 3093 2498 τοὺς
3143 2433 3310 2496 πόδας
3331 2433 3388 2484 ἐν
3419 2432 3640 2499 ἑτοιμα-

2076 2522 2166 2593 σίᾳ
2192 2523 2287 2577 τοῦ
2310 2521 2636 2591 Εὐαγγελίου
2685 2523 2786 2593 τῆς
2832 2523 3078 2593 εἰρήνης,
3136 2522 3230 2576 ἐπὶ
3259 2522 3422 2575 πᾶσιν
3451 2521 3640 2574 ἀναλα-

2074 2613 2260 2677 ϐόντες
2302 2612 2393 2667 τὸν
2441 2612 2632 2684 θυρεὸν
2681 2612 2780 2684 τῆς
2813 2612 3080 2676 πίστεως,
3132 2613 3190 2664 ἐν
3251 2605 3296 2679 ᾧ
3346 2610 3639 2681 δυνήσεσθε

2073 2699 2252 2753 πάντα
2275 2698 2343 2752 τὰ
2363 2699 2490 2770 βέλη
2519 2699 2612 2753 τοῦ
2637 2700 2875 2770 πονηροῦ
2908 2700 2979 2753 τὰ
3001 2700 3369 2771 πεπυρωμένα
3397 2699 3599 2753 σϐέσαι.
3615 2718 3634 2750 ι

2074 2790 2352 2862 Χιλίαρχοι
2381 2790 2444 2862 δὴ
2495 2786 2607 2856 οὖν,
2665 2793 2760 2845 καὶ
2798 2792 2944 2862 μάλα
2999 2793 3245 2859 εἰκότως,
3285 2796 3333 2847 οἰ
3364 2793 3639 2847 θεσπέσιος.

2079 2882 2338 2953 μαθηταὶ,
2364 2903 2383 2936 ι
2413 2884 2476 2938 Οἳ
2507 2884 2601 2938 καὶ
2648 2882 2853 2954 ἐροῦσι,
2879 2886 3065 2957 φησὶν,
3119 2887 3177 2940 ἐν
3236 2887 3355 2951 ταῖς
3393 2886 3641 2956 καρδίαις

2075 2973 2271 3028 αὐτῶν
2302 2975 2622 3047 Εὑρήσομεν
2647 2976 2857 3039 ἑαυτοῖς
2878 2976 3005 3040 τοὺς
3033 2977 3419 3042 κατοικοῦντας
3449 2979 3508 3031 ἐν
3543 2978 3642 3030 Ἱε-

2078 3064 2381 3135 ρουσαλήμ.
2424 3083 2445 3118 ι
2490 3064 2827 3135 Ἐπεθύμουν
2861 3066 2961 3137 μὲν
2987 3054 3096 3139 γὰρ
3119 3069 3168 3120 οἰ
3209 3067 3480 3122 θεσπέσιοι
3534 3084 3639 3137 μα-

2003 3184 2045 3242 C
2079 3152 2239 3224 θηταί
2263 3153 2360 3224 τὴν
2388 3154 2549 3222 ἁγίαν
2607 3153 2774 3217 ὅντως
2808 3156 3179 3227 Ἰερουσαλὴμ,
3237 3157 3500 3223 τουτέστι,
3545 3157 3644 3226 τὴν

2094 3242 2416 3314 Ἐκκλησίαν
2466 3246 2895 3316 μεμεστωμένην
2943 3247 3170 3319 ὁρᾶσθαι
3224 3249 3640 3320 προσκυνητῶν,

2080 3336 2174 3388 καὶ
2202 3329 2291 3390 οἶά
2312 3351 2434 3388 τινα
2463 3336 2615 3390 πόλιν
2640 3339 2910 3409 περιφανῆ
2942 3339 3143 3409 πληθύῐ
3167 3339 3276 3393 τῶν
3292 3340 3644 3393 ἐνοικούντων

2081 3422 2249 3493 αὐτὴν
2285 3418 2344 3477 εὖ
2379 3422 2523 3493 μάλα
2581 3426 3097 3497 κατασεμνύνεσθαι.
3125 3429 3234 3482 Καὶ
3288 3430 3418 3497 γοῦν
3460 3430 3643 3499 διεκή-

2084 3530 2271 3585 ρυττον
2293 3514 2391 3584 τὴν
2421 3514 2620 3580 πίστιν,
2648 3516 3118 3589 εὐαγγελιζόμενοι
3160 3518 3250 3571 τὸν
3289 3518 3513 3590 Ἰησοῦν.
3544 3537 3642 3589 ση-

2084 3604 2256 3674 μείοις
2287 3622 2344 3658 τε
2383 3606 2474 3659 καί
2494 3606 2717 3676 τέρασιν
2756 3607 3243 3680 ἐπισφραγίζοντες
3271 3612 3396 3672 τοὺς
3439 3610 3647 3663 ἑαυτῶν

2081 3694 2288 3763 λόγους.
2325 3694 2469 3766 Πλὴν
2492 3697 2592 3750 οὐκ
2618 3695 2851 3750 ἔπειθον·
2887 3697 3160 3767 μεμένηκε
3187 3697 3295 3768 γὰρ
3328 3698 3560 3770 σκληρός
3585 3716 3643 3751 τε

2084 3788 2177 3842 καὶ
2195 3787 2476 3858 ἀκαμπὴς,
2516 3790 2608 3843 καὶ
2628 3783 2738 3843 οἷον
2763 3790 2926 3853 ἵππος
2960 3788 3186 3859 ἐξήνιος.
3218 3789 3401 3861 Ταύτῃ
3429 3808 3512 3844 τοι
3533 3790 3644 3844 λοι-

2085 3879 2184 3932 πὸν
2240 3879 2463 3951 ἐζήτουν
2492 3881 2705 3944 ἑαυτοῖς
2747 3881 2871 3945 τοὺς
2924 3879 3310 3946 κατοικοῦντας
3344 3883 3443 3953 τὴν
3487 3883 3646 3950 ἁγίαν

2086 3971 2236 4024 πόλιν
2268 3990 2286 4023 ι
2323 3971 2380 4023 ἐν
2413 3971 2604 4043 Κυρίῳ
2631 3972 3030 4043 παντοκράτορι
3078 3973 3195 4042 Θεῷ
3223 3975 3421 4037 αὐτῶν,
3463 3995 3481 4026 ι
3521 3992 3646 4026 του-

2084 4062 2232 4114 τέστι
2277 4064 2336 4115 ἐν
2367 4061 2605 4133 Χριστῷ.
2660 4062 2770 4119 Καὶ
2815 4062 2880 4132 δὴ
2933 4062 3027 4116 καί¹
3072 4064 3368 4134 ἐτράποντο
3405 4066 3540 4134 πρὸς
3583 4067 3650 4117 τὰ

2086 4151 2236 4223 ἔθνη,
2272 4154 2385 4214 τοῖς
2433 4153 2693 4207 Ἰουδαίων
2712 4153 2904 4224 δήμοις
2942 4154 3404 4226 ἐπιφωνήσαντες·
3438 4173 3455 4205 ι
3494 4156 3651 4224 Ὑμῖν

2086 4239 2153 4314 ἦν
2183 4244 2477 4312 ἀναγκαῖον
2504 4244 2716 4314 πρῶτον
2744 4243 3040 4314 λαληθῆναι
3077 4246 3166 4299 τὸν
3189 4246 3344 4315 λόγον
3364 4245 3458 4301 τοῦ
3493 4247 3648 4303 Θεοῦ.

2101 4333 2316 4407 Ἐπειδὴ
2342 4334 2399 4387 δὲ
2423 4334 2724 4389 ἀπωθεῖσθε
2762 4335 2946 4400 αὐτὸν,
2993 4337 3086 4391 καὶ
3117 4337 3218 4391 οὐκ
3240 4337 3420 4403 ἀξίους
3442 4338 3653 4410 κρίνετε

2091 4424 2314 4487 ἑαυτοὺς
2331 4423 2429 4494 τῆς
2456 4423 2673 4477 αἰωνίου
2706 4425 2849 4495 ζωῆς
2873 4466 2888 4490 ,
2933 4427 3043 4480 ἰδοὺ
3091 4429 3432 4499 στρεφόμεθα
3462 4432 3542 4492 εἰς
3585 4430 3652 4482 τὰ

428 4526 654 4582 etaiuut
699 4533 901 4581 sancta
943 4520 1196 4575 civitati:
1235 4536 1255 4569 ι
1312 4518 1481 4571 Dilata
1536 4518 1710 4578 locum
1772 4516 1977 4572 tentorii

2096 4516 2242 4588 ἔθνη·
2268 4516 2411 4570 οὕτω
2438 4516 2544 4587 γὰρ
2564 4519 2694 4587 ἡμῖν
2744 4517 3054 4573 ἐντέταλται
3091 4521 3119 4571 ὁ
3167 4520 3317 4582 Θεός.
3352 4540 3368 4570 ι
3417 4521 3654 4574 Ἐκεῖθεν

430 4616 526 4677 tui,
554 4623 610 4668 et
637 4609 1100 4676 tabernaculorum
1158 4620 1390 4669 tuorum.
1448 4609 1598 4681 Fige,
1668 4625 1734 4666 ue
1779 4624 1986 4679 parcas.

428 4701 697 4757 Protende
741 4699 1009 4755 iuniculos
1047 4711 1166 4753 tuos
1236 4707 1291 4752 et
1328 4700 1511 4761 clavos
1565 4707 1705 4763 tuos,
1746 4697 1989 4751 conforta

429 4796 607 4853 adhuc
635 4796 687 4849 in
711 4795 939 4857 dextris,
961 4804 1017 4848 et
1040 4793 1090 4846 in
1114 4792 1331 4848 sinistra
1356 4794 1587 4846 extende
1611 4791 1676 4844 ‘°.
1709 4810 1726 4840 ι
1755 4790 1842 4843 Illa
1866 4804 1993 4849 vero

430 4885 770 4940 multitudine
799 4883 1092 4943 incolarum
1120 4896 1338 4945 suorum
1389 4880 1645 4948 exsultat,
1733 4889 1787 4932 et
1837 4879 1991 4950 quasi

433 4976 709 5032 admirans
738 4991 959 5031 suorum
1001 4975 1230 5039 ﬁliorum
1274 4972 1658 5042 frequentiam,
1683 4972 1796 5025 ait:
1827 4990 1845 5022 ι
1879 4970 1991 5037 Ego

433 5075 612 5122 autem
657 5067 775 5121 sine
806 5066 948 5128 ﬁliis,
982 5074 1036 5119 et
1066 5065 1268 5129 vidua;
1307 5065 1440 5119 istos
1461 5078 1595 5121 vero
1639 5062 1763 5131 quis
1808 5062 1993 5131 genuit

432 5158 605 5215 mihi?
634 5160 720 5213 isti
746 5168 926 5216 autem
951 5158 1037 5212 ubi
1074 5156 1204 5219 mihi
1229 5166 1383 5222 erant
1407 5155 1448 5187 ⁶¹
1472 5154 1495 5208 ?
1522 5174 1542 5205 ι

2091 4609 2363 4681 ἐζήτησαν
2416 4609 2540 4671 τοὺς
2584 4609 2682 4679 τῆς
2742 4610 3066 4681 Ἑκκλησίας
3113 4611 3354 4675 πολίτας,
3388 4606 3452 4681 ἧς
3511 4611 3656 4663 καὶὸ

2093 4701 2379 4765 θεσπέσιος
2408 4701 2570 4756 Δαόἰδ
2597 4701 2982 4771 διαμέμνηται,
3011 4702 3199 4769 λέγων·
3239 4720 3258 4753 ι
3285 4701 3657 4770 Δεδοξασμένα

2094 4792 2326 4863 ἐλαλήθη
2352 4793 2478 4865 περὶ
2503 4792 2616 4855 σοῦ,
2650 4795 2683 4864 ή
2736 4795 2888 4856 πόλις
2928 4794 3020 4848 τοῦ
3046 4794 3199 4848 Θεοῦ.
3238 4813 3255 4844 ι
3319 4795 3657 4863 Ζητήσαντες

2093 4884 2150 4935 δὲ
2180 4883 2606 4952 πεπλουτήκασι,
2625 4884 2980 4954 συνεκόμισαν
2996 4902 3054 4937 τε
3073 4884 3279 4954 πληθὺν
3307 4884 3403 4953 τὴν
3423 4884 3656 4954 ἀριθμοῦ

2096 4973 2397 5043 κρείττονα.
2432 4974 2541 5026 Καὶ
2592 4973 2657 5045 δὴ
2694 4975 2785 5027 καί
2815 4991 2946 5044 φασι
2993 4977 3058 5043 τῇ
3090 4975 3220 5043 ἁγία
3260 4975 3429 5026 πόλει’
3464 4994 3482 5023 ι
3519 4975 3660 5028 Πλά-

2099 5080 2252 5129 τυνον
2280 5064 2372 5116 τὸν
2419 5064 2582 5117 τόπον
2634 5066 2730 5134 τῆς
2784 5066 2983 5134 σκηνῆς
3027 5083 3142 5129 σου,
3182 5067 3273 5118 καὶ
3294 5064 3402 5117 τῶν
3424 5065 3661 5119 αύλαιῶν

2103 5171 2219 5209 σου.
2254 5153 2451 5223 Πῆξον,
2499 5154 2573 5224 μὴ
2618 5155 2796 5225 φείσῃ.
2846 5155 3133 5226 Μάκρυνον
3180 5155 3247 5207 τὰ
3308 5156 3661 5225 σχοινίσματά

434 5268 551 5320 σου,
586 5251 677 5305 καὶ
713 5251 838 5314 τοὺς
867 5248 1173 5319 πασσάλους
1202 5266 1316 5311 σου,
1348 5246 1666 5317 κατίσχυσον
1693 5248 1772 5300 ἔτι
1800 5245 1878 5311 εἰς
1903 5246 1968 5313 τὰ
1992 5246 2162 5314 δεξιὰ,
2195 5248 2285 5300 καὶ
2315 5250 2392 5311 εἰς
2416 5246 2482 5300 τὰ
2507 5246 2765 5315 ἀριστερὰ
2790 5246 3102 5298 ὲκπέτασον.
3120 5264 3138 5296 ι
3185 5244 3248 5299 Ἦ
3274 5245 3331 5298 δέ
3354 5244 3433 5317 τῷ
3471 5246 3663 5319 πλήθει

433 5344 546 5397 τῶν
597 5341 989 5396 κατοικούντων
1028 5340 1196 5411 αὐτὴν
1238 5339 1610 5407 ἐπιγάννυται,
1663 5340 1820 5410 μόνον
1858 5339 1914 5393 δὲ
1956 5339 2077 5409 οὐχί
2114 5337 2610 5409 καταθαυμάζουσα
2650 5337 2758 5391 τῶν
2799 5337 2944 5392 ἰδίων
2994 5336 3198 5391 τέκνων
3235 5336 3333 5408 τὴν
3364 5338 3660 5411 ὁμήγυριν,

435 5434 597 5508 φησίν
622 5451 634 5464 ο
672 5454 692 5487 ι
728 5432 869 5503 Ἐγὼ
894 5434 950 5488 δὲ
972 5434 1216 5497 ἄτεκνος,
1270 5435 1362 5491 καὶ
1416 5435 1580 5505 χήραν
1616 5433 1836 5499 τούτους
1876 5433 1934 5486 δὲ
1966 5434 2047 5496 τίς
2076 5432 2332 5504 ἐγέννησέ
2361 5449 2475 5503 μοις
2505 5423 2651 5484 οὗτοι
2681 5430 2737 5491 δέ
2778 5449 2867 5501 μοι
2892 5430 2993 5484 ποῦ
3026 5427 3197 5501 ἦσαν;
3240 5451 3257 5483 ι

510 5529 751 5584 Vsus.6.
786 5527 851 5582 1η
871 5531 955 5584 die
1002 5529 1095 5583 illa
1140 5545 1329 5597 ponam
1383 5528 1618 5585 tribunos
1660 5528 1805 5582 Iuda
1853 5528 1986 5583 sicut

507 5724 553 5754 '3
583 5720 721 5776 Psal.
756 5738 877 5785 va,
910 5724 963 5779 8.

1078 5727 1119 5758 ‘7
1154 5726 1347 5796 Ephes.
1377 5730 1442 5792 vi,
1487 5726 1661 5780 H-lS.

510 5792 550 5825 “
584 5791 693 5863 (sar,
720 5808 862 5853 xux.
889 5793 975 5847 2L

1769 5724 1813 5756 ⁸³
1844 5726 1966 5779 Act.
2008 5739 2122 5787 xm,
2158 5723 2243 5789 46,
2283 5722 2364 5778 Π.

2180 5527 2281 5581 Ἐν
2307 5525 2382 5603 τῇ
2416 5522 2598 5593 ἡμέρᾳ
2630 5524 2832 5593 ἐκείνῃ
2866 5523 3119 5593 θήσομαι
3145 5524 3285 5591 τοὺς
3317 5526 3663 5596 χιλιάρχους

2504 5722 2547 5755 ³⁵
2577 5720 2719 5776 Psal.
2750 5736 2968 5790 anvr,
3003 5722 3056 5777 3.
3165 5723 3209 5755 ⁸ο
3240 5723 3341 5779 lea.
3376 5740 3482 5790 ιιν,
3513 5723 3567 5791 2,
3609 5724 3661 5777 5.
