4120 6376
437 403 500 459 ΞΊ
511 404 545 460 3

1253 401 1806 461 COMMENTARIUS
1844 403 1909 458 IN
1951 398 2358 457 ZACHMHAM
2397 397 2841 455 PROPHETAM.

3587 403 3693 460 ιιι

451 520 644 580 Ἰούδα
673 521 752 587 ὡς
789 521 980 575 δαλὸν
1015 521 1206 589 πυρὸς
1235 522 1310 575 ἐν·
1345 523 1575 590 ξύλοις,
1610 524 1709 578 καὶ
1749 525 1831 592 ὡς
1863 527 2014 594 ,ιαμ-

2118 529 2309 574 torrem
2339 520 2562 591 ignisin
2591 519 2772 588 lignis,
2825 528 2872 571 et
2917 519 3051 571 sicut
3097 517 3395 585 lampadem
3457 521 3590 588 ignis
3639 539 3694 576 ιη

435 611 599 668 πόδα
662 611 854 680 πυρὸς
913 611 984 665 ἐν
1061 611 1338 681 καλάμῃ,
1430 613 1878 684 καταφόγονται
1948 616 2018 668 ὲκ

437 703 652 770 δεξιῶν
704 703 805 758 καὶ
851 703 922 768 ἐξ
972 704 1293 774 εὐωνύμων
1360 703 1594 770 πάντας
1644 705 1787 772 τοὺς
1827 706 2018 772 λαοὺς

440 795 758 851 κυκλόθεν.

510 891 581 954 ιιο.
621 888 952 959 Χιλιάρχους
973 888 1074 960 μὲν
1105 887 1292 954 Ἰούδα,
1325 889 1578 960 καθάπερ
1598 890 1699 962 ἤδη
1735 893 2016 961 προεῖπον,

440 977 566 1043 τοὺς
599 979 788 1048 ἁγίους
824 980 1176 1044 ἀποστόλους.
1211 981 1245 1051 ἢ
1277 982 1370 1035 καὶ
1396 982 1642 1046 ἅπαντας
1673 983 1860 1047 ἁπλῶς
1891 986 2018 1047 τοὺς

439 1071 548 1127 τῶν
579 1071 749 1140 ἁγίων
797 1073 1134 1145 Ἐκκλησιῶν
1172 1075 1511 1146 ἡγουμένους
1565 1077 1846 1131 ἀποκαλεῖ.
1880 1079 2020 1130 Κατ-

436 1163 830 1236 ευμεγεθήσειν
872 1182 931 1219 τε
979 1165 1122 1221 οὕτω
1157 1167 1254 1238 τῆς
1295 1167 1404 1222 τῶν
1452 1169 1622 1222 ἐθνῶν
1673 1169 1899 1240 καρδίας
1926 1169 2019 1224 τὸν

439 1255 570 1326 παρ’
596 1255 776 1311 αὐτῶν
805 1255 906 1328 ἔφη
939 1257 1116 1326 λόγον,
1148 1260 1317 1330 ἡγουν
1361 1261 1460 1332 τὴν
1505 1264 1912 1332 μυσταγωγίαν,
1942 1262 2018 1330 ὥς

433 1344 612 1401 δοκεῖν
640 1347 797 1402 δαλὸν
829 1348 927 1420 μὲν
961 1347 1141 1414 ξύλοις
1178 1351 1623 1421 ἐμπεπτωκέναι,
1651 1354 1913 1425 λαμπάδα
1953 1373 2017 1424 γε

438 1438 548 1508 μὴν
589 1439 670 1503 εἰς
711 1440 965 1511 καλάμην
1010 1440 1111 1513 τὴν
1153 1441 1624 1515 εὐκατάπρηστον.
1683 1465 1703 1496 ι
1753 1447 2016 1516 Καταφά·

433 1546 622 1597 γονται
649 1530 778 1601 γὰρ,
807 1531 963 1602 φησι,
993 1532 1211 1604 πάντας,
1235 1535 1363 1596 τοὺς
1394 1534 1556 1600 λαοὺς
1590 1539 1655 1589 ἐκ
1699 1536 1890 1602 δεξιῶν
1923 1538 2017 1592 καὶ

432 1619 494 1685 ἐξ
524 1620 820 1694 εὐωνύμων
869 1624 1153 1700 κυκλόθεν,
1190 1644 1208 1677 ι
1239 1627 1516 1682 τουτέστιν
1559 1621 1731 1700 οὗπερ
1760 1630 1826 1684 ἂν
1878 1630 2016 1684 ἰέναι

435 1709 752 1780 βούλωνται,
783 1713 964 1785 πάντη
1006 1731 1066 1769 τε
1119 1695 1215 1769 καὶ
1263 1717 1481 1781 πάντως
1531 1719 1648 1771 ἐκεῖ
1675 1695 2012 1790 δυνήσονται,

433 1801 723 1868 καλοῦντες
753 1805 834 1869 εἰς
865 1806 1142 1879 αἴσθησιν,
1175 1809 1290 1877 καὶ,
1321 1804 1432 1863 οἷον
1475 1812 1609 1882 πυρὶ
1640 1812 1718 1881 τῷ
1762 1811 1892 1884 θείῳ
1921 1812 2016 1867 καὶ

429 1894 629 1966 νοητῷ,
657 1897 1102 1964 καταθάλποντες
1145 1902 1272 1966 τοὺς
1301 1901 1742 1973 ἀπεψυγμένους.
1787 1905 1933 1974 Ἔφη
1963 1922 2015 1958 τι

432 1988 672 2044 τοιοῦτον
709 1992 739 2044 ό
785 1991 895 2045 τῶν
940 1992 1078 2047 ὅλων
1105 1993 1256 2060 Θεὸς,
1292 1997 1387 2049 καὶ
1436 1997 1573 2065 πρὸς
1604 1995 1694 2048 τὸν
1747 1997 2017 2068 μακάριον

431 2084 720 2155 προφήτην
752 2082 1021 2156 Ἱερεμίαν
1041 2103 1054 2117 ⁸
1088 2105 1108 2138 ι
1150 2087 1280 2140 Ἰδοὺ
1303 2086 1513 2140 δέδωκα
1543 2088 1670 2149 τοὺς
1698 2087 1890 2157 λόγους
1913 2106 2015 2159 μου

429 2175 509 2238 τίς
531 2173 592 2228 τὸ
624 2174 802 2246 στόμα
831 2176 1086 2248 σουεπῦρ,
1121 2179 1214 2231 καὶ
1248 2179 1342 2232 τὸν
1367 2177 1494 2232 λαὸν
1517 2177 1706 2232 τοῦτον
1740 2179 1892 2244 ξύλα,
1924 2181 2016 2232 καὶ

429 2265 807 2334 καταφάγεται
854 2268 1071 2332 αὐτοὺς,
1108 2288 1127 2322 ι
1164 2270 1284 2324 ἀντὶ
1320 2270 1439 2337 τοῦ,
1470 2271 1706 2325 Καλέσει
1748 2271 1884 2342 πρὸς
1931 2271 2017 2325 αῖ-

432 2356 650 2429 σθησιν,
705 2361 800 2415 καὶ
832 2362 1258 2434 ἀπεψυγμένους
1309 2365 1388 2429 εἰς
1434 2364 1733 2435 ἁμαρτίαν,
1775 2365 2015 2436 θερμοὺς

429 2447 497 2521 δὴ
541 2451 705 2506 πάλιν
744 2454 1063 2510 ἀποτελέσει
1100 2456 1178 2526 τῷ
1209 2456 1504 2529 πνεύματι.
1552 2457 1888 2527 Ἀπέψυκται
1918 2459 2016 2528 μὲν

429 2545 538 2615 γὰρ
581 2547 615 2616 ἡ
660 2543 771 2601 τῶν
815 2547 1184 2618 πλανωμένων
1217 2548 1435 2620 καρδία,
1485 2549 1579 2602 καὶ
1608 2548 1799 2618 νεκρὸν
1833 2548 2016 2618 ἔχουσι

428 2639 521 2690 τὸν
570 2637 715 2699 νοῦν,
770 2639 1204 2710 προσκυνοῦντες
1245 2643 1310 2712 τῇ
1362 2640 1535 2694 κτίσει
1589 2639 1742 2711 παρά
1779 2640 1872 2694 τὸν
1903 2640 2017 2694 κτί-

433 2745 599 2782 σαντα
644 2729 811 2794 Θεὸν,
862 2731 1032 2795 λίθοις
1084 2749 1143 2784 τε
1188 2733 1283 2786 καὶ
1338 2731 1515 2799 ξύλοις
1562 2732 1908 2795 ἀνατιθέντες
1955 2733 2016 2784 τὸ

431 2820 614 2883 σέϐας.
659 2821 797 2874 Ἀλλ’
824 2821 881 2874 οῖ
925 2839 988 2890 γε
1020 2823 1215 2877 τοιοίδε
1242 2822 1478 2900 ζέοντες,
1519 2823 1595 2887 ὼς
1625 2824 1781 2894 ἔφην,
1819 2825 2015 2877 ἀποτε-

431 2910 648 2967 λοῦνται
675 2913 754 2984 τῷ
782 2914 1078 2985 πνεύματι,
1125 2915 1319 2986 θερμοὶ
1354 2916 1487 2986 πρὸς
1523 2915 1891 2986 δικαιοσύνην,
1923 2917 2015 2968 καὶ

434 3004 576 3059 καθά
614 3022 780 3077 φησιν
808 3007 836 3058 ό
864 3007 1148 3072 θεσπέσιος
1185 3008 1462 3080 Ἰωάννης,
1493 3027 1513 3060 ι
1541 3007 1819 3078 Πνεῦματι
1852 3009 2012 3080 ἁγίῳ,

432 3098 526 3150 καὶ
561 3097 696 3168 πυρὶ
741 3097 818 3169 τῷ
867 3099 1044 3169 νοητῷ
1091 3093 1464 3169 βαπτίζονται,
1523 3119 1543 3152 ι
1596 3098 1845 3171 καθάπερ
1894 3101 2017 3154 τινὰ

433 3185 698 3255 συρφετὸν
738 3186 993 3258 δαπανᾷν
1026 3187 1261 3253 εἰωθότι,
1300 3187 1399 3258 τὴν
1431 3191 1554 3251 ταῖς
1589 3188 1884 3258 ἡμετέραις
1911 3189 2010 3260 qau-
2041 3221 2086 3282 Ο

434 3279 550 3345 χαῖς
574 3277 722 3350 ἐνιζή
733 3294 902 3332 σασαν
944 3280 1239 3350 ἁμαρτίαν,
1267 3281 1362 3334 καὶ
1384 3281 1509 3345 τοὺς
1529 3280 1630 3352 τῆς
1661 3283 2014 3356 φιλοσαρκίας

431 3369 720 3440 ἐκτήκοντι
775 3371 1000 3436 ῥύπους
1063 3371 1293 3442 Εἴρηται
1346 3371 1476 3440 γοῦν
1538 3374 1631 3427 καὶ
1682 3375 1768 3430 διὰ
1831 3377 2015 3446 φωνῆς

444 3463 695 3516 Ἡσαΐου*
739 3465 956 3535 ιἘχεις
977 3463 1258 3535 ἄνθρακας
1295 3465 1486 3537 πυρὸς,
1521 3466 1756 3539 κάθησαι
1786 3469 1875 3521 ἐπ’
1902 3469 2002 3522 αύ-

431 3556 594 3619 τοὺς,
651 3548 796 3608 οῦτοι
845 3555 1067 3609 ἔσονταί
1121 3573 1204 3610 σοι
1265 3556 1471 3628 βοηθοί.
1531 3577 1548 3609 ι
1607 3560 1716 3612 Καὶ
1768 3563 1876 3631 μὴν
1922 3561 2014 3613 καὶ

432 3645 593 3708 αὐτὸς
609 3643 739 3716 περὶ
753 3646 946 3699 ἑαυτοῦ
988 3663 1152 3717 φησι·
1195 3667 1212 3699 ι
1253 3650 1362 3701 Καὶ
1391 3649 1670 3720 ἀπεστάλη
1698 3652 1832 3722 πρός
1861 3669 1927 3722 με
1957 3652 2016 3705 ἒν

432 3739 540 3790 τῶν
574 3739 849 3810 Σεραφὶμ,
887 3741 982 3793 καὶ
1008 3742 1066 3794 ἐν
1089 3743 1156 3812 τῇ
1191 3740 1333 3813 χειρὶ
1365 3737 1509 3813 εἶχεν
1537 3742 1785 3814 ἄνθρακα
1821 3746 2013 3817 πυρὸς,

432 3829 492 3881 ὃν
513 3832 577 3901 τῇ
607 3828 784 3883 λαὸίδι
809 3829 1000 3885 ἔλασεν
1026 3831 1138 3884 ἀπὸ
1158 3830 1255 3885 τοῦ
1289 3831 1698 3904 θυσιαστηρίου,
1723 3836 1817 3888 καὶ
1841 3836 2016 3906 ἥψατο

434 3921 526 3974 τοῦ
557 3921 824 3994 στόματός
855 3940 978 3994 μου,
1014 3925 1108 3977 καὶ
1139 3919 1293 3977 εἶπεν
1311 3939 1325 3952 °
1372 3924 1502 3978 Ἰδοὺ
1530 3924 1688 3979 τοῦτο
1709 3927 1888 3997 ἥψατο
1905 3928 2015 3982 τῶν

434 4012 657 4084 χειλέων
705 4030 823 4082 σου,
858 4016 955 4069 καὶ
1000 4014 1193 4084 ἀφελεῖ
1223 4014 1323 4080 τὰς
1373 4015 1603 4088 ἀνομίας
1641 4035 1756 4082 σου,
1785 4021 1880 4073 καὶ
1914 4019 2014 4085 τὰς

433 4102 711 4174 ἁμαρτίας
746 4121 840 4158 σου
875 4105 1008 4174 πυρὶ
1041 4105 1310 4177 καθαριεῖ,
1383 4123 1405 4160 ι
1441 4107 1690 4179 ἄνθρακά
1723 4127 1848 4177 που,
1875 4112 2017 4166 κατά

434 4213 497 4263 γε
527 4195 588 4249 τὸ
620 4196 788 4260 εἰκὸς,
832 4196 934 4251 τὸνι
958 4196 1101 4251 θεῖόν
1137 4214 1199 4251 τε
1233 4198 1329 4253 καὶ
1366 4199 1805 4269 ίερώτατον,κα“ι
1837 4203 2016 4273 ἁμαρ-

432 4290 552 4352 τίας
581 4289 883 4360 ἐκτήκοντα
927 4289 1164 4359 Χριστὸν
1193 4286 1334 4344 εἶναι
1383 4291 1576 4359 λέγων.
1611 4291 1820 4346 Οὐκοῦν
1857 4294 2017 4362 γεγό-

433 4396 558 4432 νασι
605 4379 704 4450 μὲν
743 4379 820 4444 ὡς
849 4380 1006 4444 δαλὸς
1039 4382 1212 4452 πυρὸς
1247 4384 1326 4446 εἰς
1372 4383 1626 4454 καλάμην
1662 4386 1712 4438 οἱ
1740 4373 2016 4440 θεσπέσιοι

436 4472 696 4544 μαθηταὶ,
723 4473 830 4527 καὶ
845 4473 1154 4543 κατέφαγον
1178 4476 1278 4548 μὲν
1306 4476 1374 4528 τὰ
1403 4475 1532 4546 ἔθνη
1563 4477 1844 4532 κυκλόθεν.
1871 4478 2016 4550 Πλὴν

2119 607 2337 676 stipula,
2365 619 2411 662 et
2438 608 2764 662 decorabant
2790 624 2821 660 α
2859 607 3059 661 dextris
3109 619 3156 661 et
3185 626 3217 660 α
3239 609 3466 662 sinistris
3519 628 3695 666 omnes

2117 701 2336 771 populos
2369 717 2462 768 per
2490 701 2797 756 circuitum.

2193 872 2303 929 XC.
2339 871 2613 929 Tribunos
2639 871 2800 940 Juda,
2835 881 2895 926 ιιι
2922 884 3050 927 ante
3083 875 3263 939 dorui,
3306 887 3524 932 sanctos
3567 894 3697 946 apo-

2119 967 2308 1033 stolos,
2343 976 2434 1021 aut
2463 967 2628 1021 etiam
2657 981 2850 1020 omnes
2879 965 3204 1035 simpliciter
3246 979 3556 1024 sanctarum
3590 969 3693 1022 Ευ-

2121 1059 2408 1114 clesiarum
2446 1059 2763 1128 praepositos
2792 1059 3054 1113 nominat.
3093 1059 3245 1114 Adeo
3267 1072 3449 1117 autem
3482 1077 3696 1120 sermo—

2122 1165 2265 1215 nem,
2290 1151 2403 1206 sive
2422 1166 2636 1206 sacram
2665 1152 2968 1206 doctrinam
3005 1151 3245 1221 ipsorum
3293 1154 3564 1210 mentibus
3591 1154 3697 1209 im-

2119 1249 2424 1310 peraturam
2444 1239 2696 1308 aﬂirmat,
2728 1252 2786 1296 ut
2807 1243 2968 1297 torris
2984 1243 3034 1296 in
3057 1242 3222 1312 ligna,
3239 1253 3328 1297 aut
3351 1244 3436 1298 fax
3455 1247 3508 1300 in
3528 1247 3698 1317 stipu-

2121 1334 2225 1388 lam
2259 1350 2381 1405 qua:
2403 1334 2658 1390 facillime
2676 1337 2850 1406 ignem
2868 1335 3126 1404 concipit,
3147 1337 3400 1392 incidisse
3423 1340 3693 1398 videatur.

2125 1446 2143 1477 ι
2187 1426 2714 1493 Devorabuntenim,
2735 1428 2930 1499 inquit,
2951 1443 3144 1484 omnes
3162 1430 3390 1500 populos
3413 1445 3442 1482 a
3465 1433 3695 1496 dextris,

2117 1527 2173 1573 et
2199 1535 2227 1573 a
2255 1519 2494 1576 sinistris
2527 1521 2578 1575 in
2609 1521 2865 1584 circuitu,
2903 1539 2922 1572 ι
2968 1521 3072 1576 hoc
3100 1529 3210 1586 est,
3253 1537 3574 1592 quocunque
3619 1525 3698 1580 ire

2119 1611 2409 1680 voluerint,
2459 1612 2567 1669 illic
2600 1614 2930 1669 omnimodis
2976 1615 3254 1681 valebunt,
3319 1627 3577 1670 vocantes
3629 1616 3698 1670 ad

2120 1705 2472 1772 agnitionem,
2502 1715 2557 1760 et
2582 1714 2840 1774 tanquam
2873 1705 2986 1774 igni
3017 1706 3202 1760 divino
3239 1716 3294 1762 et
3348 1707 3694 1762 intellectoali

2119 1797 2342 1868 frigidos
2375 1797 2778 1854 calefacientes.
2821 1798 2967 1852 Dixit
2998 1799 3254 1868 quiddam
3289 1800 3553 1868 ejusmodi
3609 1811 3693 1855 too

2047 1884 2089 1937 Β
2119 1887 2226 1944 tius
2261 1898 2466 1943 natura:
2503 1890 2642 1944 Deus
2676 1891 2846 1945 etiam
2885 1891 3045 1946 beato
3071 1893 3354 1961 propheta:
3395 1893 3647 1949 Jeremiae
3680 1913 3693 1948 :

2124 1997 2142 2029 ι
2184 1980 2324 2035 Ecce
2346 1981 2468 2036 dedi
2502 1982 2661 2036 verba
2710 1999 2826 2036 mea
2853 1984 2908 2038 in
2941 1998 3002 2038 os
3034 1993 3184 2039 tuum
3219 1987 3418 2056 ignem,
3449 1996 3504 2042 et
3529 2001 3700 2056 popu-

2117 2069 2227 2125 lum
2255 2072 2414 2127 istum
2441 2073 2608 2144 ligna,
2636 2085 2689 2129 et
2711 2076 2996 2131 devorabit
3020 2093 3114 2132 eos
3140 2079 3204 2144 σι,
3253 2098 3271 2129 ι
3311 2096 3428 2148 pro,
3479 2083 3697 2136 vocabit

2117 2163 2182 2213 ad
2212 2163 2571 2232 agnitionem,
2612 2174 2667 2220 et
2690 2164 3008 2236 frigefactas
3053 2167 3104 2221 in
3159 2181 3441 2236 peccatum
3501 2173 3696 2227 iterum

2117 2253 2307 2322 Spiritu
2338 2254 2638 2311 calefaciet.
2677 2258 2836 2329 Alget
2879 2261 3024 2312 enim
3091 2261 3397 2316 errantium
3465 2278 3584 2327 cor,
3642 2274 3698 2319 et

2119 2357 2386 2400 mortuam
2422 2349 2624 2404 habent
2655 2360 2910 2414 mentem,
2957 2361 3264 2406 creaturam
3318 2355 3498 2422 potius
3529 2371 3692 2424 quam

2117 2451 2424 2495 creatorem
2498 2442 2662 2497 Deum
2730 2445 3024 2499 adorantes
3054 2444 3141 2511 “,
3202 2445 3585 2524 lapidibusque
3641 2458 3700 2503 et

2118 2533 2281 2603 lignis
2309 2534 2550 2590 divinum
2588 2536 2787 2590 cultum
2821 2539 3142 2593 tribuentes.
3169 2537 3272 2593 Sed
3301 2539 3454 2604 tales,
3479 2551 3534 2594 nt
3561 2540 3695 2605 dixi,

2118 2626 2610 2698 ferventesvspirito
2639 2629 2942 2685 eﬂiciuntur
2961 2631 3029 2698 “,
3059 2632 3298 2688 calentes
3316 2635 3382 2687 ad
3405 2633 3694 2703 justitiam,

2116 2731 2193 2784 et,
2233 2730 2292 2774 ut
2318 2722 2492 2792 inquit
2519 2723 2735 2780 divinus
2762 2723 3021 2790 Joannes,
3076 2743 3097 2777 ι
3129 2727 3333 2795 Spiritu
3381 2739 3591 2793 sancto,
3643 2738 3699 2782 et

2118 2809 2241 2878 igne
2257 2812 2521 2879 spirituali
2546 2813 2958 2882 baptizantnr”,
2988 2835 3006 2867 ι
3035 2814 3200 2886 778
3217 2817 3306 2885 ιιιιί
3327 2831 3425 2871 ceu
3446 2817 3694 2887 quisqui-

2120 2905 2220 2960 lias
2247 2908 2509 2975 quasdam
2541 2909 2826 2965 animabus
2880 2913 3078 2967 nostris
3133 2914 3375 2968 insidens
3411 2923 3695 2980 peccatum

2117 3013 2461 3063 consumere,
2522 3009 2576 3053 et
2624 3003 2812 3055 sordes
2861 3003 3202 3058 carnalilatis
3247 3020 3480 3060 exurere
3537 3006 3692 3061 solet.

2119 3090 2333 3146 Dictum
2367 3102 2450 3147 est
2502 3093 2665 3164 igitur
2709 3105 2764 3148 et
2814 3095 2882 3150 ab
2915 3095 3050 3150 Isaia
3085 3111 3101 3151 :
3141 3113 3162 3148 ι
3196 3095 3371 3154 Habes
3427 3101 3697 3156 carbones

2121 3183 2280 3254 ignis,
2316 3185 2447 3240 sede
2472 3201 2638 3256 super
2651 3201 2765 3251 eos,
2793 3187 2844 3240 hi
2865 3196 3026 3241 erunt
3047 3187 3139 3242 tibi
3165 3188 3216 3242 in
3244 3188 3574 3258 adiutorium
3592 3195 3693 3246 ⁸⁸.»

2119 3275 2258 3342 Quin
2287 3277 2426 3333 idem
2456 3279 2523 3334 de
2551 3293 2611 3334 se
2641 3279 2759 3348 ipso
2786 3297 2800 3333 :
2838 3297 2856 3330 ι
2893 3279 2959 3334 Et
2989 3281 3187 3336 missus
3217 3293 3301 3336 est
3326 3283 3393 3336 ad
3440 3300 3526 3340 me
3559 3301 3697 3338 unus

2119 3369 2184 3424 de
2214 3369 2526 3440 Seraphim,
2559 3381 2614 3426 et
2640 3371 2693 3424 in
2727 3387 2888 3424 manu
2922 3371 3160 3426 habebat
3192 3373 3483 3429 carbonem
3530 3377 3696 3447 ignis,

2117 3475 2278 3530 quem
2305 3460 2514 3532 forcipe
2545 3463 2664 3517 tulit
2700 3464 2767 3518 de
2795 3463 2973 3526 altari,
3011 3473 3063 3519 et
3097 3465 3274 3536 tetigit
3303 3481 3366 3520 os
3397 3482 3597 3532 meum,
3641 3479 3697 3524 et

2118 3553 2254 3607 dixit
2292 3571 2304 3605 :
2337 3552 2478 3609 Ecce
2518 3555 2696 3624 tetigit
2720 3555 2822 3611 hoc
2866 3556 3005 3610 labia
3037 3566 3149 3621 tua,
3182 3556 3469 3611 etaufcret
3496 3559 3696 3628 iniqui-

2121 3655 2263 3699 tates
2293 3654 2433 3711 tuas,
2463 3655 2518 3702 et.
2549 3659 2769 3717 peccata
2820 3655 2908 3702 tua
2939 3649 3046 3717 igni
3105 3648 3384 3704 tnundabit
3415 3650 3482 3713 "’,
3523 3670 3540 3702 ι
3571 3667 3692 3705 car-

2117 3737 2333 3804 bonem,
2363 3750 2422 3792 ut
2444 3740 2738 3796 verisimile
2761 3748 2864 3803 est...
2882 3740 3147 3805 divinum,
3165 3752 3220 3796 et
3240 3743 3696 3805 sacratissimum,

2118 3840 2174 3884 et
2210 3841 2430 3901 peccata
2484 3842 2894 3887 consumentem
2938 3833 3123 3902 ignem,
3150 3831 3429 3889 Christum
3466 3847 3587 3888 esse
3617 3833 3700 3887 di-

2117 3935 2269 3976 cens.
2303 3922 2668 3988 Quamobrem
2695 3922 2863 3981 divini
2893 3923 3150 3992 discipuli
3180 3934 3238 3979 ut
3275 3925 3437 3980 torris
3472 3926 3613 3996 ignis
3644 3926 3698 3983 in

2118 4012 2315 4080 stipula
2347 4012 2587 4076 fuerunt.
2615 4023 2670 4069 et
2698 4023 2884 4084 gentes
2917 4017 3134 4084 quidem
3155 4017 3221 4072 .in
3249 4018 3479 4071 circuitu
3517 4021 3682 4072 devo-

2121 4115 2339 4170 rarunt;
2372 4116 2744 4160 verumtamen:
2783 4122 2889 4161 non
2933 4111 3148 4176 penitus
3184 4109 3556 4176 perdiderunt,
3597 4109 3693 4174 sed

2118 4196 2299 4265 p0tius
2325 4197 2472 4252 falsa:
2507 4198 2559 4253 in
2592 4198 2726 4268 ipsis
2768 4201 3016 4256 scientias
3047 4203 3371 4256 detestanda
3403 4211 3456 4256 et
3487 4202 3696 4272 impura

2117 4294 2372 4361 dogmata
2428 4294 2804 4356 incenderunt,
2854 4294 3160 4363 veterisque
3214 4293 3440 4348 fallacia:
3508 4294 3698 4349 sordes

2117 4385 2557 4454 absumpserunt,
2583 4395 2639 4440 et
2664 4385 2878 4440 animos
2911 4399 3102 4440 eorum
3153 4385 3258 4456 qui,
3302 4385 3470 4440 semel
3523 4387 3699 4441 credi-

2119 4478 2332 4542 derant,
2355 4479 2419 4531 ad
2448 4478 2812 4547 insipientiam
2829 4487 2884 4532 et
2909 4478 3269 4532 temeritatem
3301 4476 3557 4548 frigelieri
3584 4493 3701 4532 am-

435 4565 495 4618 ού
529 4565 890 4630 δαπανῶντες
921 4568 1002 4630 είς
1031 4565 1284 4638 ὄλεθρον,
1320 4569 1755 4639 καταφλέγοντες
1788 4571 1844 4624 δὲ
1878 4572 2014 4642 μᾶλ-

2122 4571 2260 4640 plins
2286 4569 2431 4639 passi
2462 4585 2567 4624 non
2621 4579 2774 4634 sunt,
2823 4579 2882 4628 ut.
2939 4569 2994 4623 in
3032 4583 3091 4622 se
3137 4570 3271 4638 ipsis
3335 4570 3700 4634 exsultantes,

437 4668 532 4711 λον,
547 4659 646 4730 τῆς
672 4659 742 4712 ἐν,
764 4658 946 4723 αὐτοῖς
991 4658 1342 4730 ψευδωνύμου
1370 4660 1623 4730 γνώσεως
1654 4662 1722 4715 τὰ
1753 4664 1927 4733 μιαρά
1955 4681 2013 4716 τε

437 4749 531 4803 καὶ
569 4749 773 4821 βέϐηλα
818 4750 1086 4822 δόγματα,
1132 4752 1350 4823 καὶτῆς
1392 4753 1624 4824 ἀρχαίας
1669 4754 1886 4826 ἀπάτης
1922 4757 2014 4810 τὸν

435 4844 608 4912 ῥύπον
661 4845 1006 4916 ὲκτήκοντες,
1038 4842 1417 4915 ἀποψύχεσθαί
1450 4861 1508 4898 τε
1541 4846 1641 4898 οὐκ
1689 4845 1885 4910 ἐῶντες
1930 4847 2012 4901 ἔτι

444 4937 542 4990 τῶν
572 4936 721 5003 ἅπαξ
762 4938 1208 4991 πεπιστευκότων
1258 4938 1350 4991 τὸν
1396 4936 1520 4990 νοῦν
1570 4938 1704 5009 πρὸς
1753 4940 2012 5010 ἀνοήτους

438 5029 848 5095 εἰκαιοϐουλίας,
878 5031 954 5095 ὡς
969 5029 1060 5082 ἐπί
1099 5030 1164 5099 γέ
1213 5047 1393 5098 σφισιν
1425 5030 1610 5092 αὐτοῖς
1639 5030 2012 5102 ἀνασκιρτῶν-

445 5141 534 5188 τας
558 5124 736 5195 λέγειν
763 5124 901 5197 πρὸς
921 5123 1014 5177 τὸν
1034 5123 1143 5177 τῶν
1163 5123 1299 5176 ὅλων
1325 5122 1555 5193 Σωτῆρα
1582 5123 1845 5193 Χριστόν·
1870 5143 1886 5174 ι
1913 5124 2015 5177 Πε-

438 5216 858 5289 πυρωμένον,τὸ·
891 5215 1071 5284 λόγιόν
1111 5233 1205 5270 σου
1256 5214 1480 5286 σφόδρα,
1517 5214 1610 5267 καὶ
1642 5216 1670 5268 ὁ
1701 5213 1888 5278 δοῦλός
1920 5233 2013 5268 σου

442 5311 719 5382 ὴγάπησεν
751 5310 902 5363 αὐτό.
947 5329 964 5360 ι
1001 5309 1124 5362 Ὅτι
1166 5309 1275 5379 γάρ
1309 5309 1427 5361 ἐστι
1461 5306 1682 5379 θερμὸς,
1719 5307 1812 5360 καὶ
1830 5307 2013 5378 τομώο

441 5421 598 5466 τατος
625 5405 653 5458 ὁ
680 5402 773 5456 τοῦ
801 5401 935 5457 Θεοῦ
964 5402 1141 5471 λόγος,
1183 5403 1350 5471 σαφὲς
1390 5401 1456 5455 ἂν
1485 5401 1712 5470 γένοιτο,
1746 5401 1882 5471 πρὸς
1923 5401 2016 5453 Ἰε-

441 5496 637 5566 ρεμίαν
669 5495 914 5563 λέγοντος
941 5494 1134 5550 αὐτοῦ·
1171 5515 1188 5544 ι
1232 5497 1294 5548 0i.
1323 5494 1470 5561 λόγοι
1509 5511 1610 5564 μου
1638 5493 1712 5556 ὡς
1747 5492 1856 5562 πῦρ
1889 5493 2014 5560 φλέ-

340 5614 344 5618 ·
441 5607 558 5657 γον,
582 5589 727 5657 λέγει
756 5589 982 5657 Κύριος,
1027 5591 1116 5642 καὶ
1151 5589 1226 5653 ὡς
1262 5588 1428 5651 πέλυξ
1459 5589 1674 5640 κόπτων
1708 5587 1934 5656 πέτραν.
1991 5605 2009 5635 ι

514 5789 557 5820 ⁶¹
587 5790 787 5843 Jul-cm.
821 5805 856 5847 ι.
888 5789 940 5843 9.
1018 5789 1064 5819 ⁸³
1101 5787 1255 5842 Ilom.
1293 5804 1328 5853 ι,
1359 5789 1448 5841 25.
1528 5789 1572 5819 "‘
1616 5788 1770 5850 ltotn.
1810 5801 1908 5848 ιιι,
1943 5789 2026 5843 Η.

443 5862 496 5922 ti.
537 5862 586 5915 7.
667 5861 718 5892 δι
752 5860 890 5914 l‘sal.
923 5875 1110 5922 cxun,
1147 5860 1262 5916 ΗΟ.
1339 5863 1381 5891 “9
1413 5859 1616 5925 {cro-tu.
1655 5873 1809 5918 χλιιι.
1844 5857 1935 5918 τὶν.

2123 4663 2498 4717 universorum
2528 4663 2794 4718 Salvatori
2827 4662 3046 4718 Christo
3090 4660 3372 4716 dicerent:
3414 4680 3431 4714 ι
3471 4661 3698 4733 Ignitum

2119 4751 2392 4820 eloquium
2429 4761 2580 4806 tuum
2617 4753 2989 4818 vehementer,
3015 4760 3070 4807 et
3115 4766 3305 4806 servus
3353 4764 3476 4805 tuus
3507 4751 3696 4805 dilexit

2120 4843 2252 4898 illud
2293 4844 2360 4899 ⁸⁸.
2399 4864 2419 4898 ι
2463 4845 2593 4907 Esse
2635 4848 2779 4902 enim
2835 4847 3099 4901 fervidum
3171 4855 3224 4900 et
3275 4845 3342 4899 ad
3396 4845 3694 4902 secundum

2122 4935 2496 4990 acutissimum
2527 4936 2619 4992 Dei
2651 4939 2899 5004 verbum,
2945 4938 3161 5007 planum
3214 4936 3272 4990 lit
3311 4951 3378 4991 ex
3436 4951 3502 4989 eo
3553 4936 3698 5014 quod

2121 5027 2374 5083 Jeremia:
2405 5031 2532 5084 dicit
2570 5048 2582 5082 :
2620 5049 2638 5082 ι
2676 5029 2850 5084 Verba
2873 5043 2990 5082 mea
3021 5029 3162 5082 sicut
3186 5027 3324 5097 ignis
3353 5027 3698 5088 comburens,

2122 5131 2178 5175 et
2202 5120 2344 5177 sicut
2374 5124 2584 5178 securis
2607 5123 2854 5177 incidens
2876 5133 3084 5193 petram
3121 5121 3186 5174 θ’.
3220 5139 3238 5171 ι
3272 5122 3367 5175 Est
3397 5119 3543 5172 enim
3576 5133 3698 5186 per-

2122 5230 2286 5283 quam
2325 5215 2551 5270 idoneus
2579 5215 2672 5269 Dei
2707 5230 2888 5271 sermo
2933 5225 2993 5269 ut
3039 5214 3213 5283 possit
3256 5222 3311 5266 et
3366 5213 3508 5280 quod
3539 5209 3703 5281 frige-

2124 5310 2326 5369 l'actum
2349 5319 2434 5363 est
2462 5307 2514 5362 in
2538 5319 2758 5376 peccato
2790 5307 3171 5371 reaccendere,
3208 5312 3262 5357 et
3299 5319 3418 5371 quae
3441 5300 3588 5355 velut
3615 5300 3702 5354 in-

2126 5395 2421 5448 duruerunt
2455 5404 2509 5449 et
2541 5403 2818 5449 coarctata
2856 5403 2984 5450 sunt
3023 5409 3128 5447 non
3153 5389 3369 5447 diﬂicile
3396 5391 3694 5459 explicare.

2128 5487 2218 5541 list
2249 5505 2480 5556 natnquc
2510 5505 2529 5539 ι
2556 5490 2709 5542 vivus
2731 5497 2784 5543 et
2809 5485 3017 5553 elﬁcax,
3050 5494 3104 5540 et
3137 5483 3523 5554 penetrabilior
3549 5483 3697 5537 onmi

2123 5582 2300 5652 gladio
2351 5581 2595 5652 ancipiti,
2650 5580 2970 5650 perveniens
3026 5592 3199 5646 usque
3252 5577 3320 5631 ad
3377 5576 3698 5631 divisionem

2145 5790 2188 5819 “
2219 5784 2408 5847 Blatth.
2441 5798 2526 5850 tu,
2556 5781 2637 5838 ll.
2731 5782 2774 5812 ⁶⁶
2808 5777 2938 5847 Imo,
2968 5778 3166 5836 Ezcch.
3196 5794 3249 5845 ιι,
3276 5777 3330 5831 2.
3409 5777 3452 5808 ⁶⁷
3482 5774 3590 5832 lsa.
3619 5789 3698 5839 vt,
