4120 6376
415 373 527 430 215

1399 365 1457 420 S.
1497 364 1764 420 (ZYRILLI
1803 366 2266 423 ALEXANDRINI
2315 366 2638 424 ARCHIEP.

3536 361 3646 422 918

419 489 614 543 anim
643 494 696 539 et
724 487 971 555 spiritus,
1002 483 1358 538 medullarum
1387 498 1626 551 quoque,
1670 493 1726 538 et
1752 501 1972 554 compa-
2005 497 2020 545 Α

2094 486 2232 556 Έχει
2276 487 2403 557 γὰρ,
2439 489 2534 540 καὶ
2581 487 2726 557 μάλα
2755 486 3093 557 ἐπιτηδείως,
3115 486 3145 538 δ
3186 483 3280 538 τοῦ
3313 482 3446 538 Θεοῦ
3489 481 3647 548 λόγος

421 595 567 646 gum,
591 590 646 633 ct
677 579 945 632 discretor
973 576 1354 645 cogitationum
1383 584 1437 629 et
1469 575 1829 630 intentionunt
1856 593 1976 631 cor-

423 670 506 724 dis
534 671 599 722 "°.
642 689 660 722 ι
704 669 907 722 Dictum
927 677 1010 722 est
1041 668 1166 721 item
1194 681 1324 721 voce
1351 667 1734 734 prophetarum
1792 668 1974 722 immi-

424 758 565 810 tibus
597 769 649 810 et
701 757 1109 810 contumacibus
1135 755 1336 809 ludatis
1368 773 1382 808 :
1442 773 1460 805 ι
1509 754 1975 810 Circumcidimitti

421 847 529 900 Dm
561 857 758 907 vestro,
792 848 890 899 viri
918 847 1054 900 Juda
1076 847 1142 900 τ’.
1175 864 1197 898 ι

2074 575 2154 639 εῐς
2194 593 2259 644 γε
2315 579 2377 630 τὸ
2430 577 2689 632 δύνασθαι
2713 578 2806 631 καὶ⁵
2827 575 3208 647 ἁπεψυγμένον
3237 579 3296 629 ἑν
3327 573 3645 645 ἁμαρτίαις,

2078 668 2504 739 ἀναζωπυρῆσαι
2523 687 2537 700 ο
2586 670 2679 722 καὶ
2725 669 2887 722 οίονεί
2929 684 3048 730 πως
3099 665 3502 736 ἀπεσκληκότά,
3553 663 3648 718 καὶ

2081 759 2448 828 πεπιλημένον
2475 761 2758 826 διαπτύξαι
2793 760 3011 830 ῥαδίως.
3051 759 3159 810 Καὶ
3181 760 3288 826 γάρ
3331 759 3447 810 ἑστι
3478 774 3497 806 ι
3537 753 3652 818 ζῶν

2083 864 2142 899 τε
2164 847 2260 900 καὶ
2282 850 2366 901 ὲνε
2375 851 2525 920 ργὴς,
2556 850 2650 903 καὶ
2673 848 2984 918 τομώτατος
3005 847 3144 915 ὑπὲρ
3167 847 3345 899 πᾶσαν
3374 844 3646 913 μάχαιραν

418 939 688 1008 δίστομον,
715 937 1081 1024 διικνούμενός
1106 953 1168 988 τε
1198 935 1358 1006 μέχρι
1393 935 1660 1007 μερισμοῦ
1720 933 1896 1004 ψυχῆς
1952 933 2046 987 καὶ⁵
2084 935 2353 1006 σώματος,
2389 939 2584 1008 ἁρμῶν
2611 956 2670 992 τε
2697 939 2793 991 καὶ
2823 936 3054 1006 μυελῶν,
3089 935 3183 988 καὶ
3210 932 3453 1000 κριτικὸς
3490 932 3647 986 ἐνθυ-

423 1033 675 1103 μήσεων,
733 1033 825 1085 καί
889 1031 1104 1085 ἐννοιῶν
1167 1031 1411 1099 καρδίας.
1457 1049 1477 1081 ι
1533 1029 1759 1100 Εἴρηται
1805 1028 1863 1081 δέ
1909 1043 2012 1080 που
2064 1030 2158 1083 καὶ
2215 1031 2301 1084 διὰ
2355 1033 2540 1102 φωνῆς
2591 1031 2886 1103 προφητῶν
2957 1030 3093 1101 πρὸς
3151 1029 3241 1082 τὸν
3295 1027 3479 1097 ἀπηνῆ
3549 1027 3645 1080 καὶ

418 1128 676 1190 ἄτεγκτον
719 1123 998 1177 Ἰουδαῖον·
1056 1141 1074 1175 ι
1133 1120 1452 1192 Τετμήθητε
1503 1119 1580 1189 τῷ
1626 1119 1746 1190 Θεῷ
1799 1118 1972 1190 ὑμῶν,
2011 1118 2203 1190 ἄνδρες
2251 1123 2440 1178 Ἰούδα.
2481 1142 2500 1176 ι

493 1212 637 1268 Vnus
674 1213 727 1268 7.
767 1213 834 1266 Et
862 1214 1113 1266 habitabit
1155 1211 1448 1266 Jerusalem
1489 1211 1660 1265 adhuc
1699 1213 1754 1266 in
1797 1219 1979 1264 uincto

420 1308 607 1369 ipsum,
653 1317 698 1360 et
729 1305 946 1360 salvabil
973 1304 1228 1360 Dominus
1269 1303 1609 1357 tabernacula
1655 1303 1799 1357 Iuda
1837 1304 1978 1356 sicut

421 1415 452 1452 ι
482 1398 756 1465 principio,
782 1407 835 1450 ut
863 1415 969 1450 non
1001 1396 1370 1465 magniﬁcum
1411 1395 1658 1466 gloriatio
1706 1393 1897 1458 Dauid,
1933 1400 1979 1446 et

421 1489 669 1543 elationes
690 1489 1038 1542 habitantium
1071 1487 1369 1542 Jerusalem
1386 1502 1542 1556 super
1562 1485 1596 1540 J
1603 1485 1784 1539 udam.

483 1661 614 1716 XCI.
642 1661 757 1718 Non
777 1677 990 1731 semper
1009 1661 1304 1716 Ecclesiam
1325 1657 1636 1715 tumultibus
1655 1659 1980 1725 exagitatam

425 1755 616 1818 iri,nec
629 1756 746 1809 sine
775 1755 878 1809 line
891 1755 1288 1823 persecutiones
1310 1767 1588 1822 passuram
1604 1752 1932 1805 vaticinatur
1966 1769 1979 1804 :

2119 1215 2256 1268 ’Καὶ
2291 1215 2631 1284 κατοικήσει
2687 1211 3070 1283 Ἰερουσαλὴμ
3107 1211 3197 1265 ἔτι
3233 1211 3361 1265 καθ’
3399 1209 3642 1276 ἑαυτὴν,

2084 1307 2178 1358 καί
2213 1306 2397 1360 σώσει
2428 1308 2644 1375 Κύριος
2688 1305 2761 1360 τὰ
2802 1304 3162 1373 σκηνώματα
3209 1301 3421 1365 Ἰούδα,
3453 1301 3644 1366 καθὼς

2084 1397 2184 1452 ἀπ’
2212 1395 2419 1466 ἀρχῆς.
2451 1398 2608 1464 ὅπως
2628 1397 2713 1467 μὴ
2733 1396 3138 1466 μεγαλύνηται
3171 1394 3451 1462 καύχημα
3478 1392 3648 1446 olm

2086 1491 2282 1554 Δαϐίδ,
2315 1492 2411 1544 καὶ
2440 1491 2719 1559 ὲπάρσεις
2747 1489 2863 1544 τῶν
2884 1488 3316 1544 κατοικούντων
3359 1487 3649 1554 Ἰερουσα-

2085 1583 2208 1652 λὴμ
2239 1583 2335 1637 ἐπὶ
2363 1583 2470 1636 τὸν
2508 1583 2720 1637 Ἰούδα.

2124 1678 2240 1742 μιν.
2281 1677 2392 1729 Οὐκ
2423 1675 2510 1728 ἀεὶ
2527 1675 2626 1744 τὴν
2673 1673 2998 1741 Ἐκκλησίαν
3033 1671 3090 1723 ἰν
3118 1669 3368 1740 θορύϐοις
3392 1667 3650 1736 γενέσθαι

2090 1768 2276 1836 φησὶν,
2303 1765 2426 1818 οὔτε
2455 1764 2561 1835 μὴν
2598 1763 2983 1833 ἀτελευτήτους
3029 1762 3316 1830 ὑπομεῖναι
3359 1757 3483 1819 τοὺς
3526 1757 3650 1809 διω-

425 1848 517 1902 sed
547 1849 849 1917 quieturam
881 1822 1190 1915 aliquando.
1221 1854 1274 1898 et
1301 1845 1663 1898 habitaturatn
1699 1846 1750 1898 in
1777 1853 1982 1897 semet-

2094 1822 2292 1926 ιἐμούς·
2327 1822 2769 1926 ἀλλἰὴρεμήσειν
2799 1822 2857 1906 τε
2899 1822 3046 1906 κατὰ
3069 1822 3313 1920 καιροὺς,
3347 1850 3439 1902 καὶ
3463 1864 3648 1901 κατοι-

423 1939 559 2009 ipsa,
600 1954 694 1995 seu
727 1943 778 1993 in
809 1939 924 1993 loco
956 1955 1074 2000 suo,
1107 1940 1208 1991 hoc
1235 1945 1336 1999 est,
1376 1936 1702 2000 seiunctam,
1733 1935 1898 2006 779
1929 1945 1983 1989 et

422 2031 616 2094 solam,
641 2029 889 2091 turbante
945 2029 1177 2094 nemine,
1227 2045 1333 2084 non
1385 2028 1785 2083 tribulationem
1837 2027 1983 2080 exci-

423 2129 591 2186 tante,
639 2137 746 2176 non
784 2131 1046 2176 terrorem
1094 2120 1438 2184 imntittente,
1477 2137 1580 2174 non
1625 2118 1983 2174 tentationum

424 2229 688 2269 maerores
731 2213 1192 2268 accumula-nte”
1234 2212 1474 2267 Salvabit
1526 2212 1669 2266 enim
1725 2210 1984 2265 Dominus

427 2306 768 2362 tabernacula
819 2305 983 2370 Juda,
1043 2307 1182 2360 sicut
1235 2321 1266 2360 a
1319 2305 1607 2374 principio.
1662 2323 1681 2354 ι
1714 2302 1986 2356 Ecclesiae

423 2417 573 2466 suas,
601 2401 714 2455 sive
750 2399 1087 2455 tabernacula
1141 2413 1239 2453 sua
1283 2401 1352 2452 ita
1408 2405 1671 2467 proteget,
1729 2405 1786 2450 ut
1832 2409 1987 2462 asque

426 2508 671 2562 magnam
698 2491 928 2562 gratiam
961 2491 1012 2543 in
1045 2505 1137 2545 eas
1167 2491 1427 2552 conferat,
1452 2503 1612 2558 quam
1651 2488 1702 2541 in
1731 2487 1985 2544 lsraelem

423 2583 671 2646 contulit,
698 2596 857 2652 quem
887 2597 952 2635 ex
983 2579 1218 2650 Egypto
1261 2579 1533 2634 liberavit.
1585 2578 1783 2632 Eduxit
1838 2578 1986 2632 enim

425 2674 573 2726 illum
609 2691 628 2725 ι
657 2673 860 2728 edomo
887 2671 1183 2734 servitutis,
1205 2681 1310 2726 ete
1335 2669 1557 2725 fornace
1581 2669 1812 2734 ferrea,»
1845 2669 1991 2724 sicut

424 2769 681 2834 scriptum
711 2774 796 2820 est
830 2764 875 2796 "
899 2766 934 2828 ‘,
972 2773 1025 2818 et
1058 2778 1090 2816 e
1148 2763 1425 2817 dominatu
1478 2761 1802 2816 intolerabili
1862 2761 1985 2814 uni-

425 2871 700 2913 versorum
735 2856 893 2919 Deus,
937 2874 955 2907 ι
979 2856 1030 2910 in
1057 2870 1216 2910 manu
1235 2855 1357 2908 forti
1384 2865 1436 2908 et
1476 2854 1530 2908 in
1565 2853 1786 2908 brachio
1809 2851 1989 2908 excel-

2085 1950 2272 2016 κήσειν
2318 1945 2439 1998 καθ’
2485 1944 2701 2014 ἑαυτὴν,
2749 1943 2995 1996 τουτέστι
3048 1939 3380 2010 καταμόνας,
3427 1940 3526 1991 οὐκ
3566 1939 3652 1989 ιν-

2083 2036 2359 2106 οχλοῦντός
2385 2051 2527 2096 τινος
2546 2073 2559 2096 ,
2585 2035 2644 2086 οὺ
2672 2033 2846 2102 θλίψιν
2899 2032 3209 2098 ἐπάγοντος,
3266 2029 3366 2082 οὐκ
3419 2026 3652 2087 ἑνιέντος

2083 2129 2260 2199 δεῖμα,
2276 2128 2335 2181 οὐ
2370 2128 2468 2190 τὰς
2496 2126 2603 2178 τῶν
2622 2123 2940 2196 πειρασμῶν
2967 2122 3264 2193 δυσθυμίας
3293 2117 3654 2189 ἐπισωριύον-

2085 2236 2203 2286 τοςο
2242 2239 2260 2272 ι
2297 2220 2466 2274 Σώσει
2494 2219 2600 2288 γὰρ
2632 2216 2836 2285 Κύριος
2859 2215 2926 2269 τὰ
2958 2213 3292 2285 σκηνώματα
3330 2211 3519 2274 Ἰούδα,
3556 2226 3654 2263 κα-

2085 2314 2193 2376 θὼς
2240 2311 2332 2366 ἀπ’
2377 2310 2572 2381 ἀρχῆς.
2621 2327 2638 2360 ι
2696 2308 3146 2376 ’Υπερασπιεῖται
3191 2302 3334 2356 οὕτω
3363 2299 3473 2354 τῶν
3510 2299 3658 2352 ίδίων

2099 2403 2448 2476 Ἐκκλησιῶν,
2476 2403 2594 2472 ἦτοι
2626 2399 2731 2452 τῶν
2777 2398 2970 2452 ἑαυτοῦ
2998 2395 3392 2466 σκηνωμάτων,
3430 2393 3505 2455 ὡς
3535 2391 3654 2460 ίσην

2085 2496 2267 2557 αὐτοῖς
2308 2491 2600 2560 ἀπονέμειν
2648 2489 2902 2560 φροντίδα
2963 2491 3029 2559 τῇ
3087 2487 3253 2540 πάλαι
3305 2482 3653 2552 δεδωρημένῃ

2085 2586 2430 2658 λυτρουμένῳ
2463 2584 2523 2648 ἐξ
2553 2583 2828 2651 Αἰγύπτου
2857 2580 2935 2650 τῷ
2977 2579 3211 2650 Ἰσραήλ.
3258 2577 3523 2645 Ἐξήγαγε
3545 2576 3654 2644 γὰρ

2085 2678 2176 2732 τὸν
2213 2675 2428 2747 Ἰσραὴλ
2460 2695 2477 2726 ι
2513 2674 2571 2740 ἐξ
2599 2673 2751 2726 οἴκου
2781 2671 3041 2733 δουλείας,
3077 2669 3170 2721 καὶ
3201 2670 3264 2720 ὲκ
3291 2667 3524 2736 καμίνου
3569 2682 3653 2717 σι-

2087 2771 2278 2842 δηρᾶς,
2311 2767 2454 2821 καθὰ
2479 2767 2806 2837 γέγραπται,
2846 2783 2864 2816 ι
2908 2764 3001 2816 καὶ
3049 2762 3108 2827 ἐξ
3151 2761 3422 2830 ἀφορήτου
3468 2757 3657 2810 πλεον-

2089 2863 2235 2930 εξίας
2263 2864 2292 2916 ὁ
2325 2864 2433 2916 τῶν
2475 2861 2610 2914 ὅλων
2641 2859 2792 2920 Θεὸς,
2838 2877 2856 2909 ι
2894 2859 2951 2910 ὲν
2989 2857 3132 2926 χειρὶ
3163 2855 3416 2924 κραταιᾷ,
3466 2851 3560 2904 καὶ
3600 2851 3658 2901 ὲν

428 2964 489 3004 su
522 2950 588 3016 ",
624 2967 642 3000 ι
681 2949 898 3018 quando
949 2957 1327 3015 persecutores
1383 2947 1502 3016 ejus
1554 2964 1572 2997 ι
1630 2946 1890 3001 demersit
1936 2945 1991 2998 in

2094 2957 2334 3028 βραχίονι
2369 2951 2577 3023 ὑψηλῷ,
2621 2969 2638 3003 ι
2673 2953 2762 3005 ὅτε
2791 2950 2920 3013 τοὺς
2945 2947 3234 3008 διώκοντας
3273 2963 3291 2996 ι
3339 2943 3658 2996 κατεπόντι-

427 3042 561 3094 mari
589 3038 790 3104 Rubro,
808 3050 968 3110 ponto
981 3039 1258 3106 cooperuit
1272 3055 1385 3101 eos,
1405 3049 1460 3093 et
1477 3038 1872 3093 descenderunt
1885 3039 1992 3092 sic-

2094 3067 2184 3105 σεν
2219 3050 2276 3101 ὲν
2317 3045 2551 3118 Ἐρυθρᾷ
2598 3044 2860 3115 Θαλάσσῃ,
2907 3041 3114 3094 πόντων
3143 3036 3408 3104 ἐκάλυψεν
3441 3035 3655 3096 αὐτοὺς,

430 3141 488 3184 ιιι
516 3132 785 3200 plumbum
830 3134 881 3188 in
929 3148 1068 3202 aqua
1100 3133 1429 3198 vehementi,
1469 3142 1524 3186 et
1565 3132 1896 3186 transierunt
1928 3131 2020 3200 ιίο,

2094 3143 2186 3195 καὶ
2219 3140 2411 3192 ἔδυσαν
2438 3137 2570 3190 ὡσεὶ
2600 3135 2844 3206 μόλιϐδος
2884 3133 2943 3186 ὲν
2973 3132 3123 3185 ὕδατι
3155 3129 3366 3200 σφοδρῷ
3387 3171 3401 3190 ,
3447 3128 3540 3180 καὶ
3579 3127 3657 3178 δι-

427 3227 596 3281 ιιρτιιιὶ
633 3227 698 3280 ⁷³.
743 3245 760 3277 ι
796 3226 1054 3282 Columna
1088 3240 1266 3280 autem
1296 3226 1434 3296 ignis
1463 3239 1556 3280 eos
1579 3234 1740 3280 noctu
1790 3238 1992 3293 prece-

429 3319 562 3371 deus
589 3319 727 3371 viam
753 3319 1023 3386 signabat,
1055 3325 1108 3372 et
1141 3333 1236 3385 per
1260 3317 1399 3370 diem
1429 3317 1599 3371 nubes
1630 3331 1791 3382 supra
1831 3325 1994 3384 caput

428 3411 536 3462 dux
585 3409 926 3479 impendebat
952 3408 1019 3460 τι.
1052 3427 1072 3459 ι
1106 3407 1308 3461 Deinde
1331 3422 1524 3475 panem
1553 3407 1621 3461 de
1645 3407 1785 3462 caelo
1839 3423 1992 3461 com-

430 3503 656 3556 ederunt
699 3501 768 3562 ⁷⁸.
815 3511 870 3554 et
947 3501 998 3554 in
1071 3500 1358 3557 solitudine
1417 3515 1629 3554 morsus
1680 3509 1996 3568 serpentum

430 3599 718 3646 evaserunt
749 3593 818 3645 ".
855 3591 1114 3646 Vicerunt
1145 3591 1417 3652 inimicos,
1451 3592 1781 3645 transierunt
1804 3588 1995 3645 Jorda—

431 3698 552 3738 nem
577 3683 646 3747 '7,
675 3683 977 3737 circumcisi
1007 3692 1152 3747 sunt,
1176 3691 1437 3736 venerunt
1465 3683 1516 3736 in
1539 3691 1736 3737 terram
1767 3681 1996 3751 promis-

431 3769 600 3826 sionis
628 3770 694 3825 ".
729 3770 853 3825 Haec
878 3771 1098 3824 donabit
1121 3770 1366 3826 Christus
1397 3773 1765 3840 quaerentibus
1807 3772 1993 3826 taber-

433 3861 646 3924 nacula,
676 3862 782 3917 hoc
827 3872 930 3924 est,
970 3861 1268 3918 Ecclesiam
1308 3863 1431 3917 :sic
1476 3872 1532 3917 et
1585 3863 1716 3932 ipsis
1766 3862 1996 3918 salutem

435 3955 704 4016 restituet,
751 3953 1010 4008 diabolica
1039 3953 1298 4008 servitute
1333 3955 1616 4022 exemptis,
1667 3964 1722 4009 et
1801 3955 1999 4009 daemo-

433 4045 584 4100 niaca
639 4044 1003 4099 dominatione
1047 4045 1311 4114 liberatis,
1361 4055 1417 4100 et
1465 4061 1562 4116 per
1615 4048 1999 4102 distractiones

434 4134 745 4206 hujus-vitm
777 4137 1041 4193 etturbas.
1089 4135 1276 4190 inanes
1338 4136 1485 4192 velut
1535 4151 1629 4206 per
1685 4151 1833 4191 mare
1891 4147 2000 4190 tra-

434 4232 655 4295 ductis;
723 4231 1028 4286 columnam
1063 4245 1279 4300 quoque
1327 4239 1383 4284 et
1431 4230 1829 4284 ﬁrmamentum
1883 4230 2004 4284 illu-

435 4336 550 4381 stre
588 4324 823 4394 seipsum
875 4324 979 4378 illis
1016 4324 1066 4376 in
1097 4323 1206 4377 alto
1264 4331 1549 4392 proponet,
1603 4322 2000 4377 illuminantem

433 4424 711 4470 versantes
745 4414 796 4467 in
824 4413 1085 4478 tenebris,
1110 4421 1164 4467 et
1197 4413 1370 4466 instar
1408 4414 1568 4468 nubis
1606 4414 1828 4469 roribus
1863 4429 2000 4483 quos

437 4507 618 4561 animo
647 4507 939 4571 cernimus,
972 4505 1288 4575 irrigantem
1315 4521 1328 4566 ;
1358 4503 1531 4559 factus
1559 4503 1684 4559 item
1710 4505 1813 4561 illis
1845 4507 2001 4575 panis

435 4600 559 4653 vita:
609 4598 1051 4668 serpentiumque
1105 4598 1204 4652 sub
1243 4596 1661 4667 intelligentiam}
1693 4598 2000 4652 cadentium

436 4704 650 4744 morsus
695 4687 990 4744 imbecilles
1019 4696 1073 4742 et
1101 4685 1284 4740 irritos
1312 4685 1534 4751 faciens,
1576 4687 1861 4740 traducens
1909 4702 2003 4756 per

435 4782 744 4841 Iordanem,
774 4788 828 4834 et
852 4778 1263 4833 circumcisione
1291 4778 1514 4847 Spiritus
1543 4793 1706 4846 puros
1749 4777 2000 4840 reddens,

437 4881 493 4926 et
539 4873 591 4926 in
643 4886 860 4940 regnum
889 4873 1146 4926 (telorum
1178 4870 1545 4926 introducens.
1581 4868 1703 4922 Hmc
1752 4870 1865 4923 suis
1907 4871 2004 4922 ad-

438 4963 745 5018 oratoribus
773 4962 1047 5030 largietur,
1100 4961 1435 5028 salvabilque
1474 4976 1566 5013 eos
1591 4961 1789 5014 talibus
1812 4961 2005 5023 modis,

444 5075 463 5106 ι
501 5065 687 5109 utnon
724 5053 1097 5122 magniﬁcetur
1133 5052 1595 5121 gloriatiodomus
1620 5051 1807 5113 David,
1851 5071 1869 5102 ι
1908 5053 2010 5106 ltoc

439 5153 542 5209 est,
566 5143 868 5199 Iudaeorum
919 5143 1230 5211 principes:
1289 5158 1386 5194 nec
1415 5142 1677 5195 elationes
1739 5143 1870 5198 sint.
1913 5157 2006 5195 seu

440 5236 688 5290 elationis
713 5235 930 5290 occasio
965 5246 1150 5288 contra
1180 5231 1392 5298 Jndam,
1445 5233 1816 5287 habitantibus
1847 5233 2008 5286 Jeru-

441 5329 628 5392 salem,
660 5345 818 5398 quam
855 5343 1047 5382 sensus
1087 5326 1334 5394 percipit,
1393 5335 1448 5379 et
1489 5333 1826 5380 terrestrem.
1864 5325 2008 5380 Elie-

447 5421 631 5474 rebant
659 5420 855 5488 quippe
885 5435 968 5481 se,
996 5429 1050 5473 et
1082 5419 1330 5486 superbia
1365 5419 1847 5472 tumebantcmnra
1893 5433 2011 5471 cre-

445 5510 632 5564 dentes
669 5510 719 5564 in
756 5513 1053 5577 Christum,
1098 5511 1386 5579 ipsumque
1434 5507 1859 5573 Emmanuclem,
1914 5525 2012 5577 per

489 5713 559 5790 ﬂ"
587 5713 750 5790 llebr.
789 5731 859 5777 ιν,
894 5717 972 5771 l2.
1048 5716 1089 5745 "'
1126 5716 1322 5770 lcrctu.
1355 5729 1424 5774 tv,
1459 5712 1507 5766 ό.

446 5781 538 5838 22.
611 5784 657 5816 ⁷³
696 5785 863 5842 Exod.
913 5802 1017 5844 an.
1061 5787 1136 5841 l5.
1217 5786 1262 5816 7‘
1305 5787 1456 5839 Num.
1493 5781 1749 5840 “1.6-9.

1589 5713 1656 5741 ⁷¹⁶
1691 5711 1838 5764 Deut.
1873 5727 1944 5772 ιν,
1977 5712 2064 5765 ‘20.
2142 5711 2188 5740 τ’
2221 5709 2370 5761 Ιὶυιιι.
2413 5724 2462 5772 ν,
2500 5707 2584 5760 lii.
2660 5709 2705 5739 ⁷³
2737 5707 2906 5764 Emd.
2938 5723 3024 5774 xv,
3065 5707 3180 5761 2-4.

1831 5784 1870 5813 ττ
1900 5780 2058 5837 ,νοευρ
2088 5797 2162 5836 ιιι.
2205 5780 2385 5834 ιιι-ι.
2462 5779 2509 5813 ⁷⁸
2537 5777 2698 5834 .losuc
2724 5795 2776 5834 v.
2818 5777 2937 5836 “2-8.

2096 3227 2460 3298 εϐιϐάσθησαν
2496 3226 2592 3298 μὲν
2612 3227 2661 3278 oi
2687 3223 3100 3294 λελυτρωμένοι.
3125 3242 3143 3272 ι
3175 3220 3372 3283 Στύλος
3394 3219 3450 3271 δὲ
3483 3218 3661 3272 αὐτῶν

2093 3323 2280 3393 ἡγεῖτο
2335 3320 2505 3392 πυρὸς
2550 3317 2649 3388 τὴν
2696 3316 2887 3377 νύκτα,
2932 3313 3335 3368 καταδεικνὺων
3383 3312 3480 3380 τὴν
3520 3311 3660 3374 ὁδὸν,

2095 3411 2438 3482 ὲπεκρέματο
2456 3408 2512 3462 δὲ
2539 3409 2632 3461 καὶ
2665 3410 2722 3460 ὲν
2749 3406 2930 3477 ἡμέρᾳ
2959 3405 3177 3474 νεφέλη.
3212 3399 3341 3456 Εἶτα
3373 3402 3462 3453 τὸν
3491 3400 3552 3464 ἐξ
3574 3401 3664 3452 οὐ·

2097 3501 2260 3574 ρανοῦ
2318 3499 2736 3569 κατεδηδόκασιν
2791 3497 2987 3566 ἄρτον,
3045 3496 3140 3548 καὶ
3187 3495 3440 3563 διέφυγον
3487 3494 3546 3544 ἐν
3597 3493 3662 3562 τῇ

2094 3595 2287 3665 ἐρήμῳ
2315 3593 2384 3645 τά
2423 3591 2529 3644 τῶν
2571 3590 2746 3659 ὄφεων
2783 3589 3054 3659 δήγματα.
3090 3587 3382 3657 Κρείττους
3411 3581 3548 3656 ἦσαν
3576 3584 3664 3652 ὲχ-

2097 3688 2261 3760 θρῶν,
2300 3684 2713 3755 διεϐιϐάσθησαν
2741 3682 2832 3735 τὸν
2883 3680 3172 3751 Ἰορδάνην,
3221 3677 3664 3749 περιετμήθησαν

2101 3778 2396 3851 μαχαίραις
2429 3775 2722 3846 πετρίναις,
2759 3770 2920 3845 ἦλθον
2946 3775 3024 3836 είς
3051 3772 3148 3842 τὴν
3176 3771 3278 3841 γῆν
3305 3770 3403 3838 τῆς
3436 3771 3668 3835 ἐπαγγε-

2096 3872 2229 3935 λίας.
2263 3869 2450 3924 Ταῦτα
2477 3871 2748 3940 χαριεῖται
2775 3864 3009 3937 Χριστὸς
3037 3866 3147 3925 τοῖς
3179 3860 3401 3932 ζητοῦσι
3431 3859 3501 3913 τὰ
3531 3875 3684 3929 σκηεη

2099 3962 2326 4032 νώματα
2356 3958 2541 4022 αὑτοῦ,
2574 3956 2821 4011 τουτέστι
2853 3955 2952 4026 τὴν
2993 3951 3316 4022 Ἐκκλησίαν
3340 3970 3353 3984 ο
3388 3950 3532 4004 οὕτω
3574 3949 3668 4003 καὶ

2100 4056 2295 4119 αὐτοὺς
2313 4051 2602 4108 άνασώσει,
2622 4049 2866 4110 δουλείας
2903 4047 2999 4118 μὲν
3015 4042 3323 4108 ἀπαλλάξας
3334 4045 3430 4114 τῆς
3455 4041 3561 4096 ὑπὸ
3587 4041 3669 4112 τῷ

2101 4148 2330 4217 διαϐόλῳ
2359 4144 2521 4214 φημὶ,
2541 4143 2636 4196 καὶ
2668 4138 3048 4211 δαιμονιὼδους
3095 4136 3406 4203 πλεονεξίας
3448 4134 3666 4202 ἐξελὼν,

2101 4239 2416 4300 διαϐιϐάσας
2430 4236 2487 4288 δὲ
2507 4235 2695 4304 ὥσπερ
2717 4233 2805 4286 διὰ
2821 4231 3091 4301 θαλάσσης
3112 4229 3219 4282 τῶν
3241 4231 3298 4280 ὲν
3313 4227 3449 4298 τῷδε
3474 4227 3552 4297 τῷ
3572 4226 3672 4297 βίῳ

2102 4325 2520 4400 περισπασμῶν,
2563 4324 2656 4376 καὶ
2694 4322 2899 4392 τύρϐης
2940 4319 3175 4382 εἰκαίας,
3211 4318 3399 4372 στύλον
3452 4318 3528 4379 δὲ,
3579 4317 3674 4369 καὶ

2105 4420 2382 4492 ἑδραίωμα
2412 4415 2662 4486 λαμπρὸν
2688 4413 2875 4466 ἑαυτὸν
2896 4412 3076 4474 αὐτοῖς
3105 4410 3344 4473 ἀναθεὶς.
3371 4408 3674 4478 φωτίζοντα

2035 4490 2075 4542 θ
2106 4490 2231 4573 τους
2261 4511 2318 4562 ὲν
2345 4507 2544 4568 σκότει,
2565 4504 2658 4558 καὶ
2694 4497 2782 4554 οἷα
2801 4500 3028 4569 νεφέλην
3072 4502 3193 4561 ταῖς
3226 4501 3440 4569 νοηταῖς
3473 4497 3673 4565 κατάρ-

2109 4605 2264 4658 δοντα
2280 4601 2505 4670 δρόσοις·
2526 4594 2760 4666 γεγονὼς
2776 4595 2830 4648 δὲ
2858 4595 3036 4657 αὐτοῖς
3055 4594 3144 4646 καὶ
3163 4593 3323 4661 ἄρτος
3339 4589 3481 4658 ζωῆς
3497 4588 3673 4657 ἄπρα-

2110 4696 2214 4750 κτά
2237 4711 2295 4747 τε
2324 4693 2418 4744 καὶ
2445 4689 2646 4760 ἀδρανῆ
2679 4687 2746 4740 τὰ
2789 4686 2898 4738 τῶν
2927 4684 3129 4754 νοητῶν
3173 4682 3347 4752 ὄφεων
3389 4679 3674 4743 ἀποδείξας

2110 4787 2383 4857 δήγματα,
2415 4781 2508 4834 καὶ
2539 4778 2854 4840 διαϐιϐάσας
2881 4775 2972 4828 τὸν
3013 4773 3300 4842 Ἰορδάνην,
3342 4771 3436 4824 καὶ
3482 4771 3546 4838 τῇ
3585 4768 3673 4820 διὰ

2107 4877 2416 4946 πνεύματος
2452 4874 2720 4944 περιτομῇ
2760 4870 3033 4938 καθαροὺς
3061 4864 3396 4932 ἀποφαίνων,
3427 4858 3672 4928 εἰσκομίο

2107 4969 2213 5032 ζων
2246 4967 2302 5018 δὲ
2335 4965 2429 5018 καὶ
2465 4965 2544 5025 είς
2581 4960 2855 5030 βασιλείαν
2888 4955 3150 5026 οὐρανῶν.
3184 4953 3366 5007 Ταῦτα
3407 4955 3674 5021 χαριεῖται

2107 5062 2217 5120 τοῖς
2251 5058 2400 5120 ἰδίοις
2432 5054 2852 5126 πφσκυνηταῖς,
2877 5046 3132 5102 διασώσει
3167 5063 3224 5098 τε
3275 5044 3469 5106 αὐτοὺς
3533 5044 3675 5097 κατὰ

2107 5148 2345 5202 τοιούσδε
2396 5145 2548 5208 τινὰς
2600 5142 2855 5213 τρόπους,
2902 5157 2920 5189 ι
2970 5139 3117 5198 ὅπως
3179 5134 3251 5204 μὴ
3309 5130 3674 5201 μεγαλύνηται

2114 5239 2372 5310 καύχημα
2401 5237 2547 5290 οἴκου
2582 5234 2762 5297 Δαϐὶδ,
2801 5251 2818 5284 ι
2856 5227 3152 5288 τουτέστιν,
3186 5226 3232 5277 οἱ
3267 5223 3374 5276 τῶν
3417 5221 3678 5275 Ἰουδαίων

2113 5332 2427 5401 ἡγούμενοι·
2466 5329 2598 5397 μήτε
2653 5324 2757 5395 μὴν
2788 5322 3044 5392 ἐπάρσεις
3073 5314 3180 5370 εἶεν
3207 5317 3371 5386 ἤγουν
3395 5315 3676 5384 ὲπάρσεως

2113 5420 2356 5490 ἀφορμαὶ
2398 5421 2507 5480 τοῖς
2554 5413 2898 5470 κατοικοῦσιν
2948 5409 3302 5481 Ἰερουσαλὴμ
3355 5407 3453 5478 τὴν
3491 5406 3678 5474 αἱσίιη·

2112 5512 2232 5581 τὴν,
2281 5509 2372 5562 καί
2409 5508 2647 5576 ἐπίγειον
2678 5504 2818 5558 κατὰ
2863 5503 2958 5556 τοῦ
3006 5501 3190 5556 Ἰούδα.
3240 5501 3532 5571 Ἐφρόνουν
3581 5496 3678 5567 μὲν

3287 5706 3329 5736 ⁷⁸
3353 5701 3518 5758 Exod.
3554 5715 3676 5770 xm,
