4120 6376
449 388 554 447 219

1438 390 1496 444 S.
1539 389 1816 446 CYlllLlJ
1860 386 2324 444 ALEXAMDRINI
2362 388 2681 445 AllCHll‘IP.

3597 395 3705 450 220

448 506 844 576 spectatissittto
872 506 1223 574 intelligentia
1256 506 1433 562 cedet.
1459 507 1733 574 Ejusmodi
1762 508 2017 577 quiddam

2128 509 2185 561 ἐν
2214 508 2435 578 Χριστῷ
2465 508 2609 578 ζωῆς
2638 508 2706 560 τὰ
2740 508 3051 578 αὐχήματα,
3095 526 3113 560 t
3151 508 3359 572 Ἔσται,
3402 511 3585 579 φησὶν,
3627 512 3702 575 ῶς
3760 544 3761 547 η

446 609 503 655 et
531 600 960 670 sapientissimus
998 598 1213 662 Paulus,
1266 600 1490 669 populos
1518 600 1824 654 Judaeorum
1883 600 2021 654 allo-

446 705 642 761 quens,
675 690 934 745 insinuat.
978 692 1070 744 Sic
1104 692 1247 745 enim
1278 694 1395 746 ait:
1434 712 1451 743 ι
1485 692 1620 746 Cum
1648 693 1792 747 enim
1834 704 2021 762 gentes

449 796 568 850 qua:
612 780 780 850 legem
836 795 942 833 non
980 780 1200 845 habent,
1252 782 1573 837 naturaliter
1613 796 1675 836 ea
1720 797 1842 852 quae
1887 783 2021 851 legis

432 881 571 925 sunt
592 868 821 935 faciunt,
852 870 1024 941 legem
1053 886 1159 925 non
1193 871 1473 932 habentes.
1507 871 1609 941 ipsi
1634 871 1737 926 sibi
1766 881 1892 926 sunt
1914 871 2016 933 lex,

436 960 535 1030 mli
594 961 889 1016 ostendunt
934 974 1071 1028 opus
1119 961 1253 1030 legis
1313 962 1579 1030 scriptum
1649 961 1703 1015 in
1764 962 2020 1016 cordibus

443 1048 646 1106 suis".
676 1047 789 1104 »ει
810 1050 1015 1105 ima:
1040 1066 1058 1104 :
1091 1068 1112 1102 ι
1150 1050 1509 1106 Circumcisio
1535 1050 1753 1119 quidem
1778 1052 2016 1120 prodest,

444 1142 491 1198 si
521 1142 691 1213 legem
715 1142 977 1197 observes
1007 1160 1022 1195 ε
1056 1143 1100 1196 si
1126 1152 1313 1197 autem
1334 1143 1729 1213 maria-tor
1752 1142 1889 1213 legis
1917 1144 2015 1207 eis,

445 1233 789 1290 circumcisio
812 1242 901 1288 tua
929 1234 1255 1304 przeputium
1292 1233 1436 1288 taeta
1470 1242 1575 1288 est.
1603 1233 1661 1287 Si
1688 1233 1853 1303 igitur
1876 1248 2018 1302 prte-

446 1327 652 1395 putium
690 1326 933 1394 justitias
978 1327 1112 1396 legis
1160 1327 1449 1390 custodiat,
1488 1340 1669 1380 nonne
1696 1325 2014 1395 praeputium

445 1416 589 1471 illius
619 1416 673 1471 in
718 1417 1186 1471 circumcisionem
1240 1415 1615 1485 reputabitur?
1649 1425 1705 1470 et
1733 1415 2013 1485 judicabit,

444 1505 497 1561 id
522 1506 666 1576 quod
696 1521 763 1562 ex
803 1516 992 1560 natura
1041 1514 1125 1560 est
1155 1506 1500 1575 przeputinm,
1547 1506 1717 1575 legem
1762 1521 2015 1560 consum-

443 1612 621 1665 mans,
670 1611 794 1651 eum
847 1598 936 1666 qui
995 1611 1091 1666 per
1137 1596 1369 1651 litteram
1451 1606 1507 1650 et
1550 1595 2013 1651 circutncisionem

444 1690 829 1757 praevaricator
866 1688 1000 1757 legis
1033 1687 1153 1742 est?
1180 1685 1296 1741 Non
1324 1687 1469 1742 enim
1496 1687 1585 1754 qui
1614 1688 1666 1740 in
1706 1686 2012 1749 manifesto,

440 1776 658 1835 Judasus
708 1790 809 1845 est,
851 1793 1026 1849 neque
1084 1792 1207 1848 quae
1255 1779 1307 1831 in
1355 1777 1663 1842 manifesto,
1724 1779 1776 1831 in
1827 1793 2011 1843 carne,

2122 601 2151 652 6
2198 594 2343 662 οἶκος
2388 600 2573 661 Δαϐὶδ,
2618 619 2635 650 ι
2678 600 2919 653 τουτέστι
2970 601 3090 653 κατ’
3142 600 3296 653 οὐδὲν
3345 601 3584 655 ἐλάττων
3623 606 3701 667 εἰς

2125 691 2339 744 σύνεσιν
2366 690 2460 744 τοῦ
2491 692 2656 759 σοφοῦ
2686 709 2744 743 τε
2782 694 2878 744 καὶ
2932 692 3281 762 ἐντιμοτάτου
3320 694 3469 763 παρά
3497 711 3560 761 γε
3590 696 3701 758 τοῖς

2133 783 2421 846 Ἰουδαίοις.
2453 783 2855 836 τΥπαινίττεταί
2873 801 2924 836 τι
2954 784 3190 838 τοιοῦτον
3218 785 3309 837 καὶ
3339 786 3368 837 ό
3390 784 3699 854 σοφώτατος

2122 872 2353 938 Παῦλος,
2375 876 2485 937 τοῖς
2527 873 2794 927 Ἰουδαίων
2817 873 3009 943 δήμοις
3042 873 3377 945 προσλαλῶν.
3415 876 3557 945 Ἔφη
3586 877 3698 945 γὰρ

2121 963 2328 1027 οὕτως·
2360 983 2378 1015 ι
2422 966 2591 1017 Ὅταν
2631 964 2739 1035 γὰρ
2764 964 2889 1035 ἔθνη
2922 964 2988 1017 τὰ
3017 966 3091 1035 μὴ
3129 965 3292 1035 νόμον
3318 966 3512 1036 ἔχοντα
3534 966 3697 1034 φύσει

2119 1055 2186 1106 τὰ
2223 1054 2319 1107 τοῦ
2354 1056 2518 1125 νόμου
2562 1059 2711 1127 ποιῇ,
2751 1050 2895 1110 οὗτοι
2926 1056 3089 1125 νόμον
3121 1057 3197 1127 μὴ
3228 1057 3446 1128 ἔχοντες
3484 1060 3695 1121 ἑαυτοῖς

2118 1147 2225 1199 ciet
2241 1146 2424 1217 νόμος,
2444 1147 2648 1210 οὗτινος
2702 1148 3077 1202 δτιδείιωυνται
3110 1149 3172 1201 τὸ
3202 1149 3365 1220 ἔργον
3391 1150 3487 1203 τοῦ
3530 1154 3693 1220 νόμον

2117 1234 2363 1304 γραπτὸν
2383 1236 2443 1287 ἐν
2466 1238 2591 1298 ταῖς
2616 1235 2865 1306 καρδίαις
2893 1237 3093 1289 αὐτῶν.
3125 1256 3145 1288 ι
3182 1240 3290 1292 Καὶ
3314 1240 3474 1293 πάλιν
3494 1256 3508 1269 ’
3543 1260 3561 1292 ι
3597 1244 3694 1294 Πε-

2119 1321 2313 1391 ριτομὴ
2354 1323 2454 1393 μέν
2490 1323 2598 1394 γάρ
2626 1323 2842 1392 ὠφελεῖ,
2875 1325 2970 1378 ἐὰν
3000 1327 3165 1396 νόμον
3196 1330 3477 1401 πράσσῃς-
3510 1331 3604 1383 ἐὰν
3636 1332 3693 1385 δὲ

2118 1412 2439 1484 παραϐάτης
2477 1414 2642 1483 νόμου
2675 1410 2763 1486 ᾖς,
2813 1417 2845 1486 ἡ
2894 1418 3160 1488 περιτομή
3222 1435 3316 1472 σου
3361 1421 3692 1491 ἀκροϐυστία

2116 1503 2356 1570 γέγονεν.
2401 1503 2525 1557 Ἐὰν
2553 1500 2701 1574 οὖνὴ
2739 1506 3077 1577 ἀκροϐυστία
3103 1508 3173 1561 τά
3210 1509 3554 1580 δικαιώματα
3598 1512 3691 1564 τοῦ

2116 1592 2280 1663 νόμου
2319 1592 2586 1666 φυλάσσῃ,
2618 1594 2713 1664 οὐχ
2739 1597 2772 1665 ἡ
2809 1595 3141 1665 ἀκροϐυστία
3180 1598 3345 1652 αὐτοῦ
3374 1602 3455 1662 είς
3485 1618 3693 1671 περιτο·

2118 1682 2224 1754 μὴν
2267 1682 2680 1755 λογισθήσεται;
2725 1686 2819 1739 καὶ
2859 1690 3035 1757 κρινεῖ
3077 1691 3109 1757 ὴ
3153 1689 3218 1742 ἐκ
3268 1689 3483 1757 φύσεως
3524 1692 3691 1761 ἀκρο-

2117 1774 2309 1828 ϐυστία
2338 1775 2429 1831 τὸν
2469 1777 2633 1847 νόμον
2669 1778 2918 1844 τελοῦσα,
2966 1780 3059 1833 τὸν
3088 1781 3173 1833 διὰ
3216 1781 3561 1853 γράμματος,
3596 1786 3692 1837 καὶ

442 1870 787 1925 circumcisio
827 1878 910 1925 est
941 1893 953 1925 ;
979 1870 1074 1924 sed
1108 1870 1198 1938 qui
1226 1870 1277 1921 in
1323 1869 1641 1923 abscondito
1668 1868 1883 1924 Judzeus
1908 1878 2013 1933 est,

2119 1868 2418 1937 περιτομῆς
2462 1869 2784 1941 παραϐάτην
2820 1871 3017 1941 νόμου;
3064 1873 3138 1926 Οὐ
3177 1872 3285 1943 γὰρ
3476 1874 3552 1945 τῷ
3586 1893 3684 1943 φα-

442 1970 498 2015 et
535 1960 878 2017 circumcisio
910 1961 1090 2016 cordis
1136 1963 1188 2015 in
1234 1960 1448 2030 spiritu,
1481 1975 1584 2013 non
1629 1958 1827 2022 littera,
1860 1960 2016 2027 cujus

443 2054 557 2109 laus
586 2069 691 2109 non
721 2069 787 2108 ex
819 2052 1149 2115 hominibus,
1180 2052 1272 2106 sed
1300 2065 1365 2105 ex
1397 2051 1502 2105 Deo
1523 2052 1592 2105 “.
1635 2070 1653 2102 ι
1689 2049 1815 2121 [Qui
1853 2051 2017 2120 igitur

440 2143 912 2198 eircumcisionem
958 2144 1009 2197 in
1050 2158 1216 2197 carne
1268 2152 1328 2195 ut
1362 2140 1660 2197 obsoletam
1735 2149 2015 2195 aversatus

439 2235 770 2303 spiritualem
799 2235 977 2304 potius
994 2233 1218 2298 amabit,
1245 2242 1299 2288 et
1321 2230 1561 2287 Judaeum
1585 2233 1673 2301 qui
1714 2234 1766 2285 itt
1802 2233 2015 2287 occulto

438 2323 913 2389 est,circutnferet,
952 2341 970 2373 ι
1001 2323 1159 2392 cujus
1196 2323 1312 2376 laus
1338 2331 1421 2375 est
1454 2337 1557 2375 non
1580 2336 1645 2375 ex
1682 2321 2011 2384 hominibus,

438 2415 531 2470 sed
560 2430 625 2469 ex
656 2415 787 2479 Deo,
817 2413 949 2486 i(l)]
974 2414 1241 2482 quomodo
1272 2428 1375 2466 non
1403 2422 1641 2481 praestat,
1674 2429 1796 2467 cum
1820 2414 2015 2468 virtute

437 2507 570 2576 legis
610 2507 820 2567 doctos.
860 2517 915 2562 et
965 2507 1055 2576 qui
1112 2507 1257 2560 inter
1298 2505 1513 2560 Judacos
1562 2506 1845 2575 praecipuae
1890 2517 2016 2561 sunt

436 2599 877 2661 existimationis,
923 2598 1285 2667 superaverit,
1316 2599 1565 2668 quamvis
1599 2597 1834 2653 fortasse
1865 2600 2014 2652 inﬁr-

438 2692 641 2747 mitatis
682 2691 958 2760 reliquias,
1005 2700 1064 2745 ut
1119 2691 1355 2745 nondum
1406 2691 1739 2759 baptizatus,
1784 2690 2013 2744 habeat?

439 2782 596 2837 Parte
634 2783 779 2838 enim
824 2782 1005 2837 cordis
1034 2784 1115 2837 sui
1152 2797 1307 2846 sana,
1357 2782 1457 2835 hoc
1494 2792 1580 2834 est
1625 2781 1749 2847 fide,
1801 2781 2015 2835 differet

440 2876 625 2943 utique
654 2874 723 2929 ab
757 2888 842 2938 eo,
872 2874 962 2942 qui
994 2873 1153 2929 ﬁdem
1185 2873 1454 2941 repudiat.
1487 2872 1639 2938 Quod
1670 2873 1712 2927 si
1745 2874 2010 2941 quispiam

441 2966 507 3020 de
534 2966 695 3020 domo
720 2965 909 3030 David,
962 2966 1065 3020 hoc
1096 2976 1200 3029 est,
1250 2966 1316 3018 de
1342 2963 1645 3018 illustribus
1696 2973 1751 3019 et
1787 2966 2017 3020 honora'

442 3058 663 3113 tissitnis
692 3059 831 3126 apud
870 3058 1017 3127 ipsos
1059 3056 1218 3112 [idem
1259 3056 1583 3125 susceperit,
1614 3066 1666 3109 et
1700 3056 2011 3126 mysterium

2115 1956 2256 2027 νερῷ
2293 1958 2562 2023 Ἰουδαῖος,
2592 1960 2712 2014 οὐδὲ
2744 1963 2776 2031 ὴ
2806 1963 2863 2014 ἐν
2899 1962 2977 2032 τῷ
3006 1963 3225 2033 φανερῷ
3260 1966 3317 2017 ἐν
3347 1967 3509 2037 σαρκὶ
3539 1983 3690 2036 περι-

2113 2047 2273 2118 τομὴ,
2287 2048 2400 2101 ἀλλ’
2412 2051 2441 2102 6
2457 2050 2515 2101 ἐν
2532 2049 2610 2120 τῷ
2628 2051 2855 2122 κρυπτῷ
2882 2052 3149 2117 Ἰουδαῖος,
3165 2057 3259 2107 καὶ
3275 2057 3539 2127 περιτομὴ
3557 2073 3691 2127 καρ-

2114 2137 2231 2201 δίας
2262 2142 2319 2191 ἐν
2353 2140 2645 2211 πνεύματι,
2673 2143 2732 2194 οὐ
2766 2144 3073 2213 γράμματι,
3106 2138 3167 2198 οῦ
3196 2149 3223 2198 6
3256 2146 3474 2209 ἔπαινος
3502 2148 3600 2199 οὑκ
3632 2147 3689 2213 ἐξ

2114 2227 2438 2297 ἀνθρώπων,
2470 2229 2583 2281 ἀλλ’
2614 2231 2677 2282 ἐκ
2716 2229 2869 2284 Θεοῦ.
2911 2251 2927 2282 ι
2972 2233 3091 2295 Πῶς
3128 2234 3227 2287 οὐκ
3268 2235 3526 2304 ἀμείνων,
3572 2237 3688 2289 κατ’

2114 2320 2314 2390 ἀρετὴν
2350 2320 2659 2391 ἡττώμενος
2691 2324 2797 2375 τῶν
2824 2325 3168 2395 νομομαθῶν,
3201 2328 3294 2381 καὶ
3325 2330 3688 2397 ἐντιμοτάτων

2116 2408 2268 2479 παρά
2318 2408 2608 2473 Ἰουδαίοις,
2643 2411 2744 2464 κᾶν
2778 2415 2824 2464 εἰ
2856 2413 2968 2483 ἔχοι
2996 2415 3156 2485 τυχὸν
3188 2417 3469 2480 ἀσθενείας
3503 2418 3688 2486 λείψα-

2115 2518 2224 2563 νον,
2275 2500 2350 2561 ὠς
2400 2500 2554 2554 οῦπω
2603 2502 3071 2574 βεϐαπτισμένος;
3123 2508 3212 2576 Τῷ
3244 2508 3352 2578 γὰρ
3396 2511 3688 2577 ὑγιαίνοντι

2118 2592 2275 2662 μέρει
2319 2592 2421 2663 τῆς
2498 2594 2691 2646 ἐαυτοῦ
2745 2596 3002 2665 καρδίας,
3056 2599 3298 2651 τουτέστι
3362 2604 3429 2670 τῇ
3488 2603 3685 2666 πίστει,

2113 2683 2301 2736 διοίσει
2331 2684 2546 2746 πάντως
2576 2685 2669 2737 τοῦ
2702 2686 2799 2756 τὴν
2831 2688 3011 2741 πίστιν
3036 2689 3096 2741 οὐ
3123 2692 3502 2760 προσιεμένου.
3542 2694 3602 2745 Εἰ
3632 2693 3688 2745 δὲ

2113 2771 2178 2840 δὴ
2212 2771 2319 2823 τῶν
2362 2773 2426 2825 ἐκ
2453 2772 2548 2825 τοῦ
2589 2774 2740 2827 οἴκου
2775 2777 2957 2842 Δαϐὶδ,
2991 2780 3237 2831 τουτέστι
3290 2782 3398 2833 τῶν
3431 2783 3558 2852 παρ’
3592 2784 3690 2835 αῦ-

2114 2867 2228 2925 τοῖς
2274 2864 2564 2935 λαμπρῶν,
2621 2868 2715 2921 καὶ
2764 2870 3131 2939 ἐντιμοτάτων
3189 2874 3551 2942 παραδέξαιτό
3604 2892 3688 2938 τις

2113 2957 2213 3028 τὴν
2245 2958 2441 3021 πίστιν,
2470 2960 2563 3011 καὶ
2606 2962 2684 3022 είς
2715 2959 2927 3014 σύνεσιν
2966 2957 3025 3014 εὖ
3060 2963 3203 3031 μάλα
3235 2964 3295 3016 τὸ
3323 2966 3557 3035 Χριστοῦ
3590 2984 3688 3035 μυ-

2117 3051 2336 3120 στήριον
2393 3050 2541 3121 αὐτῷ
2594 3053 2835 3119 γένοιτο,
2888 3054 3259 3125 προσκυνητδς
3316 3050 3469 3119 οὗτος
3516 3057 3684 3115 ἔσται,

439 3148 639 3205 Christi
675 3148 979 3204 rectissime
1012 3147 1357 3212 intellexerit,
1397 3148 1483 3201 hic
1510 3150 1613 3202 erit
1647 3148 2008 3211 venerandus,

2120 3160 2139 3193 ι
2187 3144 2281 3195 καὶ
2305 3137 2453 3206 οἶκος
2492 3144 2646 3205 Θεοῦ,
2695 3145 2787 3196 καὶ
2828 3144 2902 3207 ὡς
2938 3146 3166 3212 ἄγγελος
3212 3147 3417 3219 Κυρίου
3461 3148 3689 3201 ἐνώπιον

444 3261 463 3294 t
492 3252 547 3299 et
579 3242 769 3297 domus
796 3242 912 3305 Dei,
943 3251 999 3296 et
1034 3251 1091 3294 ut
1130 3241 1354 3312 angelus
1394 3241 1603 3294 Domini
1636 3240 1689 3293 in
1715 3250 2009 3310 conspectu

438 3349 699 3389 eorum.t
756 3334 945 3388 Simile
987 3333 1240 3402 quiddam
1299 3342 1354 3387 et
1414 3332 1751 3387 Salvatorem
1805 3333 2009 3390 dixisse

442 3433 623 3481 notum
667 3435 747 3479 est
796 3425 914 3489 ;ait
961 3424 1105 3478 enim
1141 3442 1153 3478 :
1197 3441 1215 3473 ι
1247 3422 1437 3478 Omnis
1477 3424 1655 3477 scriba
1709 3422 1900 3476 doctus
1959 3422 2010 3475 in

442 3533 606 3589 regnn
636 3516 897 3571 calorum
936 3514 1127 3569 similis
1173 3524 1257 3569 est
1287 3514 1491 3568 homini
1525 3513 1899 3583 patrifamilias
1920 3514 2011 3581 qui

441 3608 649 3678 profert
690 3605 758 3662 de
788 3608 1041 3662 thesauro
1079 3620 1180 3659 suo
1229 3619 1363 3659 nova
1441 3615 1498 3659 et
1545 3614 1724 3659 vetera
1742 3604 1809 3659 ⁸⁸.
1839 3623 1859 3657 ι
1907 3604 2009 3671 Qui

443 3704 589 3759 enim
635 3701 999 3773 cognitionem
1056 3698 1189 3769 legis
1247 3698 1299 3752 in
1357 3697 1537 3768 seipso
1587 3703 1646 3751 ut
1698 3696 2009 3753 thesaurum

442 3792 726 3848 collectum
764 3790 949 3855 habet,
998 3788 1044 3844 si
1085 3786 1456 3857 evangelicam
1491 3786 1818 3856 adiunxerit,
1861 3788 2014 3844 dives

442 3885 659 3955 quidam
710 3882 1067 3952 intelligentia
1103 3882 1231 3948 erit,
1282 3896 1421 3953 nova
1468 3889 1525 3935 et
1565 3890 1747 3936 vetera
1799 3881 2013 3935 theore-

443 3985 612 4044 mata,
647 3989 740 4030 seu
784 3989 873 4030 res
913 3973 1345 4029 consideratione
1383 3971 1575 4042 dignas
1619 3971 1856 4027 discendi
1896 3982 2013 4026 stu-

441 4068 611 4124 diosis
648 4078 901 4137 tanquam
939 4082 1006 4122 ex
1040 4068 1342 4136 apothecis,
1373 4080 1467 4119 seu
1513 4064 1850 4133 repositoriis
1891 4079 2015 4134 pro—

444 4170 647 4227 ponens
682 4174 696 4211 :
733 4157 911 4225 qualis
952 4167 1071 4211 erat
1099 4158 1310 4210 divinus
1336 4154 1555 4219 Paulus,
1600 4154 1759 4209 modo
1788 4169 1850 4207 ex
1899 4154 2015 4222 lege

442 4248 625 4319 petitis
658 4246 1062 4318 probationibus
1103 4261 1408 4303 sermonem
1455 4248 1522 4299 de
1558 4244 1775 4299 Christo
1817 4245 2015 4300 contir-

443 4352 593 4393 mare
633 4337 878 4401 enitens,
914 4337 1075 4391 modo
1105 4336 1269 4391 etiam
1320 4335 1564 4391 doctrina
1611 4347 1808 4388 arcana
1850 4347 2012 4403 supra

444 4430 614 4499 legem
638 4428 915 4484 audientes
936 4427 1003 4482 ad
1030 4426 1369 4482 voluntatem
1398 4426 1451 4481 in
1483 4425 1600 4494 ejus
1622 4424 1727 4479 [ide
1748 4424 2029 4495 gloriandi.

2113 3234 2311 3288 αὐτῶν.
2352 3254 2370 3284 ο
2408 3234 2657 3288 Τοιοῦτόν
2698 3254 2751 3289 τι
2781 3238 2873 3288 καὶ
2901 3237 3061 3299 αὐτὸς
3089 3240 3117 3289 ὁ
3156 3237 3345 3307 Σωτὴρ
3376 3237 3687 3307 εὑρίσκεται

2111 3325 2284 3393 λέγων
2303 3344 2315 3355 ·
2342 3326 2446 3395 ἔφη
2475 3327 2603 3397 γὰρ,
2625 3328 2706 3379 ὅτι
2737 3346 2753 3377 t
2794 3329 2906 3389 Πᾶς
2932 3328 3295 3398 Γραμματεῦς
3329 3328 3689 3396 μαθητευθεὶς

2112 3419 2170 3471 ἐν
2198 3420 2263 3487 τῇ
2294 3416 2540 3487 βασιλείᾳ.
2568 3418 2676 3469 τῶν
2714 3418 2976 3489 οὐρανῶν,
3012 3420 3197 3488 ὅμοιός
3232 3420 3379 3471 ἐστιν
3419 3418 3691 3487 ἀνθρώτπρ

2111 3508 2481 3579 οἰκοδεσπότῃ,
2543 3510 2695 3572 ὅστις
2720 3509 2971 3563 ἐκϐάλλει
3000 3511 3066 3563 ἐκ
3094 3509 3189 3563 τοῦ
3218 3508 3494 3579 θησαυροῦ
3524 3510 3689 3563 αὑτοῦ

2113 3598 2275 3653 καινά
2300 3600 2395 3651 καὶ¹
2419 3598 2645 3652 παλαιά.
2677 3617 2694 3649 ι
2744 3598 2803 3653 Ὀ
2837 3599 2945 3671 γὰρ
2972 3600 3110 3670 ἔχων
3139 3601 3239 3671 ἤδη
3268 3602 3693 3671 τεθησαυρισμέ-

2111 3706 2209 3760 νην
2253 3691 2310 3743 ἐν
2352 3689 2527 3758 ἐαυτῷ
2557 3690 2655 3761 τὴν
2684 3689 2777 3742 τοῦ
2822 3690 2986 3760 νόμου
3032 3690 3251 3759 γνῶσιν,
3298 3693 3347 3744 εἱ
3395 3692 3713 3762 προσλάϐοι-

2111 3781 2212 3851 τὴν
2258 3780 2644 3852 εὐαγγελικὴν,
2680 3780 2933 3845 πλούσιος
2988 3782 3139 3835 ἔσται
3190 3799 3274 3845 τις
3322 3784 3401 3845 εἰς
3454 3782 3687 3847 σύνεσιν,

2114 3873 2278 3927 καινά
2305 3890 2363 3925 τε
2388 3873 2482 3925 καὶ
2538 3873 2745 3925 παλαιά
2787 3872 3137 3942 θεωρήματα,
3186 3856 3436 3943 καθάπερ
3464 3874 3520 3938 ἐξ
3551 3874 3687 3925 ἀπο-

2114 3962 2434 4034 θηκῶν,τοῖς
2462 3961 2785 4032 φιλομαθέσι
2847 3963 3203 4034 παρατιθείς·
3264 3964 3453 4026 ὁποῖός
3496 3980 3579 4025 τις
3622 3959 3690 4033 ἦν

2113 4054 2141 4105 ὁ
2170 4052 2457 4115 θεσπέσιος
2499 4050 2734 4115 Παῦλος,
2780 4052 2910 4107 ποτὲ
2958 4052 3055 4121 μὲν
3098 4054 3349 4122 νομικαῖς
3380 4051 3687 4115 ἀποδείξεσι

2112 4144 2204 4199 τὸν
2235 4146 2363 4216 περὶ
2404 4144 2641 4215 Χριστοῦ
2675 4144 2833 4213 λόγον
2878 4144 3144 4214 ἐμπεδοῦν
3188 4144 3513 4214 ἐπιχειρῶν·
3560 4144 3691 4196 ποτέ

2112 4237 2169 4290 δὲ
2212 4238 2305 4292 καὶ
2351 4240 2470 4299 ταῖς
2518 4238 2657 4307 ὑπὲρ
2704 4238 2867 4307 νόμον
2908 4238 3316 4307 μυσταγωγίαις
3354 4236 3693 4290 συνελαύνων

2112 4330 2311 4401 τρόπον
2345 4330 2467 4384 τινὰ
2509 4331 2635 4392 τοὺς
2665 4329 3046 4399 ἀκροωμένους
3077 4330 3157 4392 εἷς
3185 4345 3249 4397 γε
3282 4328 3341 4381 τὸ
3373 4327 3588 4382 ἑλέσθαι
3623 4331 3688 4399 τῇ

2114 4423 2193 4484 είς
2240 4421 2403 4473 αὑτὸν
2451 4420 2628 4472 πίστει
2657 4416 3178 4489 κατασεμνύνεσθαι.
3232 4419 3368 4472 Ποτέ
3423 4420 3522 4489 μὲν
3582 4419 3689 4487 γὰρ

443 4519 788 4588 compellens.
834 4516 1139 4586 Aliquando
1181 4516 1448 4586 siquidem
1494 4515 1711 4570 dicebat
1742 4532 1755 4569 :
1790 4532 1808 4566 ι
1846 4514 2014 4569 Dicite

2117 4512 2356 4582 ἔφασκεο
2397 4531 2414 4563 ι
2450 4509 2650 4577 Λέγετέ
2684 4527 2795 4579 μοι,
2824 4509 2874 4561 οἱ
2904 4507 3008 4561 ὑπὸ
3036 4509 3199 4576 νόμον
3240 4508 3484 4571 θέλοντες
3523 4502 3683 4573 εἶναι,

448 4611 602 4675 mihi,
636 4609 724 4676 qui
749 4609 849 4664 sub
875 4609 992 4681 lege
1034 4622 1155 4664 esse
1181 4608 1376 4663 vultis:
1411 4606 1608 4677 Legem
1642 4621 1746 4661 non
1777 4606 2017 4660 auditis?

450 4700 612 4770 782
641 4700 910 4768 Scriptum
953 4707 1038 4755 est
1071 4702 1235 4763 enim,
1277 4697 1532 4767 quoniam
1576 4695 1847 4749 Abraham
1884 4696 2018 4750 duos

447 4794 584 4848 Iilios
617 4793 821 4856 habuit,
849 4807 1013 4845 unum
1040 4791 1107 4844 de
1133 4789 1349 4854 ancilla,
1379 4798 1433 4843 et
1453 4804 1617 4842 unum
1642 4788 1707 4842 de
1729 4788 1896 4842 libera
1923 4802 2017 4855 per

449 4885 956 4955 repromissionent,
1008 4898 1124 4951 qum
1168 4893 1296 4937 sunt
1344 4898 1441 4951 per
1486 4880 1796 4950 allegoriam
1848 4879 2013 4933 dicta.

447 4976 573 5031 llaec
610 4976 754 5030 enim
801 4987 929 5029 sunt
972 4974 1079 5029 duo
1112 4982 1455 5035 testamenta,
1511 4988 1673 5024 unum
1720 4970 1935 5038 quidem
1987 4984 2017 5022 a

449 5073 633 5122 monte
658 5065 811 5131 Sina,
844 5065 897 5119 in
928 5065 1243 5119 servitutem
1272 5076 1554 5132 generatis,
1581 5076 1701 5131 qute
1721 5070 1804 5113 est
1839 5061 2017 5128 Agar;

449 5157 593 5225 Agar
629 5156 775 5211 enim
803 5170 960 5210 mons
1001 5165 1085 5209 est
1113 5155 1167 5208 iu
1213 5154 1435 5216 Arabia,
1471 5153 1560 5221 qni
1594 5150 1913 5218 conjunctus
1939 5158 2022 5203 est

450 5250 499 5303 ei
531 5265 649 5319 quae
680 5264 821 5303 nunc
848 5257 935 5303 est
954 5246 1278 5307 Jerusalem,
1311 5254 1366 5299 et
1393 5245 1556 5299 servit
1580 5258 1702 5297 cum
1734 5241 1859 5295 iiliis
1885 5242 2016 5295 suis.

452 5340 581 5404 Quae
608 5346 785 5392 autem
824 5353 1036 5391 sursum
1077 5346 1158 5390 est
1199 5334 1524 5397 Jerusalem,
1557 5333 1723 5387 libera
1770 5341 1872 5397 est,
1903 5346 2023 5400 qua:

452 5439 536 5484 est
559 5438 733 5484 mater
763 5437 944 5484 nostra
967 5428 1035 5481 ⁸⁸.
1069 5446 1085 5479 ι
1117 5427 1422 5497 Aliquando
1461 5436 1640 5480 autem
1684 5433 1741 5478 et
1771 5424 1836 5478 de
1864 5421 2020 5488 Filio,

524 5605 570 5638 "
594 5604 751 5662 Rom.
779 5623 839 5673 tt,
876 5607 959 5675 li,
994 5607 1078 5663 l5.

1157 5607 1201 5638 “
1228 5605 1358 5661 Ibid.
1388 5603 1574 5658 ‘25-‘29.
1652 5603 1695 5633 ⁸³
1727 5600 1918 5655 Matth.
1960 5616 2076 5665 xm,
2112 5600 2199 5654 5‘2.

2120 4604 2212 4656 τὸν
2236 4602 2401 4673 νόμον
2424 4601 2647 4655 ἀκούετε
2670 4617 2683 4665 ;
2714 4600 3026 4669 Γέγραπται
3050 4598 3178 4669 γὰρ,
3200 4599 3279 4651 ὅτι
3326 4596 3571 4666 Ἀϐραὰμ
3594 4596 3685 4649 δύο

2122 4693 2270 4755 υίοῦς
2317 4691 2493 4760 ἔσχεν,
2529 4689 2623 4742 ’ένα
2655 4691 2718 4742 ἐκ
2745 4691 2843 4758 τῆς
2887 4686 3194 4755 παιδίσκης,
3226 4686 3318 4738 καὶ
3350 4685 3444 4738 ἕνα
3486 4686 3550 4736 ἐκ
3590 4684 3688 4752 τῆς

2124 4784 2412 4853 ἐλευθέρας
2451 4783 2517 4835 δι’
2580 4780 2930 4850 ἐπαγγελίας,
2981 4780 3139 4834 ᾶτινά
3183 4781 3328 4831 ἐστιν
3366 4776 3691 4846 ἀλληγορού-

2127 4891 2282 4944 μενα.
2329 4867 2499 4925 Ᾱῦται
2552 4872 2656 4941 γάρ
2701 4871 2806 4922 εἱσι
2836 4868 2928 4924 δύο
2974 4867 3246 4936 διαθῆκαι.
3302 4866 3400 4935 μία
3449 4864 3546 4933 μὲν
3596 4864 3690 4915 ἀπ’

2122 4966 2282 5036 ὅρους
2309 4966 2457 5028 Σινᾶ,
2490 4964 2568 5027 εἰς
2599 4962 2845 5015 δουλείαν
2873 4958 3137 5029 γεννῶσα,
3168 4959 3285 5027 ἥτις
3318 4955 3463 5007 ἐστὶν
3492 4955 3689 5022 Ἅγαρ·

2124 5058 2184 5110 τὸ
2210 5056 2319 5124 γὰρ
2354 5056 2555 5126 Ἀγαρ,
2588 5054 2710 5124 ὅρος
2744 5053 2890 5105 ἐστὶν
2936 5052 2994 5103 ὲν
3034 5052 3100 5119 τῇ
3144 5047 3387 5117 Ἀραϐίᾳ,
3426 5048 3697 5115 συστοιχεῖ

2118 5150 2175 5203 δὲ
2214 5150 2280 5219 τῇ
2314 5146 2407 5199 νῦν
2446 5145 2817 5217 Ἰερουσαλήμ·
2854 5141 3093 5195 δουλεύει
3126 5139 3234 5209 γὰρ
3282 5138 3417 5209 μετὰ
3461 5139 3568 5190 τῶν
3608 5139 3695 5189 τέ-

2121 5257 2264 5295 κνων
2285 5238 2473 5306 αὐτῆς.
2517 5237 2581 5290 Ἢ
2613 5236 2670 5288 δὲ
2696 5236 2806 5289 ἀνω
2837 5232 3191 5305 Ἰερουσαλὴμ
3232 5230 3491 5299 ἐλευθέρα
3522 5231 3691 5291 ἐστὶν,

2119 5336 2241 5404 ἣτις
2288 5332 2404 5384 ἐστὶ
2454 5318 2633 5400 μήτηρ
2685 5327 2860 5397 ἡμῶν.
2917 5345 2934 5375 ι
3000 5326 3147 5376 Ποτέ
3186 5324 3241 5376 δὲ
3281 5324 3375 5375 καὶ
3431 5324 3563 5395 περὶ
3604 5322 3696 5374 τοῦ

2123 5423 2276 5489 Υίοῦ,
2306 5444 2323 5477 t
2366 5428 2461 5487 Ὃς
2490 5422 2563 5475 ῶν
2594 5420 2931 5488 ἀπαύγασμα
2951 5420 3048 5487 τῆς
3075 5415 3252 5486 δόξης,
3289 5415 3381 5469 καὶ
3415 5412 3700 5486 χαρακτὴρ

2272 5601 2315 5627 ⁸⁶
2346 5598 2519 5652 Halat.
2553 5611 2623 5661 IV,
2648 5593 2839 5649 ’ΞΗ-26.

526 5786 602 5857 (l)
632 5786 761 5857 Qua:
790 5785 996 5841 uncinis
1025 5784 1227 5842 inclusa
1256 5793 1395 5853 sunt,
1438 5785 1629 5845 desunt
1665 5783 1716 5837 in
1744 5780 1949 5839 Graeco.
1996 5779 2151 5833 Enn.
