4120 6376
336 399 436 456 221

1162 400 1712 460 COMMENTARIUS
1753 403 1821 458 IN
1865 401 2266 460 ZACIIABIAM
2307 398 2748 457 PIIOPHETAM.
2824 399 2827 401 ’

3478 394 3586 449 τις

335 517 434 588 τῆς
466 514 813 579 ὑποστάσεως
848 515 1034 578 αὐτοῦ,
1068 516 1248 586 φέρων
1299 535 1360 571 τε
1390 519 1459 572 τὰ
1487 519 1667 573 πάντα
1701 520 1779 590 τῷ
1818 521 1914 590 ῥή-

2025 539 2042 572 ι
2081 520 2181 587 Qui
2213 533 2334 574 cum
2360 519 2430 573 sit
2456 515 2713 586 splendor
2746 514 2954 585 gloria,
2979 521 3034 571 et
3065 511 3232 584 ﬁgura
3267 509 3587 566 substantia

341 623 468 678 ματι
489 606 591 676 τῆς
615 605 896 676 δυνάμεως
923 607 1110 672 αὐτοῦ,
1137 608 1205 660 δι’
1222 608 1414 661 ἑαυτοῦ
1439 609 1780 680 καθαρισμὸν
1799 611 1905 664 τῶν

337 699 623 772 ἁμαρτιῶν
661 699 818 770 ἡμῶν
847 699 1233 771 ποιησάμενος,
1259 702 1512 755 ἐκάθισεν
1542 704 1601 755 ἐν
1626 703 1774 775 δεξιᾷ
1813 704 1907 758 τοῦ

339 792 525 862 θρόνου
561 791 663 862 τῆς
695 792 1063 862 μεγαλοσύνης
1091 796 1148 847 ἐν
1171 793 1421 862 ὑψηλοῖς.
1461 814 1478 845 ι
1511 795 1715 858 Συνιεῖς
1745 792 1906 853 οὖν...

340 881 586 946 παλαιοῖς
612 899 671 936 τε
709 881 827 952 ἅμα
858 885 953 936 καὶ
975 883 1116 948 νέοις
1155 885 1491 956 παιδεύμασι
1525 886 1624 950 τὰς
1647 886 1758 939 τῶν
1782 905 1910 940 παι-

337 973 763 1044 δαγωγουμὲνων
790 974 997 1044 ὀνίνησι
1025 976 1220 1046 ψυχάς.
1259 997 1277 1029 ι
1337 979 1530 1032 Ἔσται
1557 980 1757 1043 τοίνυν,
1802 997 1910 1051 φη.

343 1067 446 1131 σὶν,
493 1068 522 1119 ὀ
564 1061 710 1130 οἶκος
765 1067 950 1131 Δαόὶδ,
1005 1068 1082 1133 ὡς
1134 1070 1364 1140 ἄγγελος
1415 1070 1621 1143 Κυρίου
1681 1071 1910 1126 ἐνώπιον

342 1173 541 1211 αυτων.
590 1177 609 1209 ι

411 1291 522 1346 Καὶ
559 1292 751 1362 ἔσται,
791 1296 856 1350 ἐν
881 1296 954 1366 τῇ
1004 1298 1195 1366 ἡμέρᾳ
1265 1301 1467 1370 ἐκείνῃ
1523 1301 1754 1369 ζητήσω
1808 1302 1912 1357 τοῦ

338 1381 543 1451 ἐξᾶραι
589 1385 783 1441 πάντα
826 1389 896 1441 τὰ
937 1388 1104 1457 ἔθνη,
1146 1389 1218 1442 τὰ
1257 1391 1625 1460 ἐπερχόμενα
1657 1393 1756 1446 ἐπὶ
1815 1395 1916 1449 Ἰε-

335 1475 675 1546 ρουσαλὴμ,
727 1479 825 1532 καὶ
869 1478 1024 1548 ἐκχῶ
1059 1479 1158 1532 ἐπὶ
1201 1480 1308 1533 τὸν
1353 1478 1522 1535 οἷκον
1565 1483 1757 1547 Δαόὶδ,
1815 1485 1914 1537 καί

338 1566 436 1619 ἐπὶ
508 1567 650 1634 τοὺς
714 1569 1142 1636 κατοικοῦντας
1219 1571 1610 1642 Ἰερουσαλὴμ
1680 1575 1918 1643 πνεῦμα

339 1656 597 1726 χάριτος,
625 1660 719 1715 καὶ
736 1662 1058 1731 οἰκτιρμοῦ,
1080 1662 1177 1718 καὶ
1198 1662 1401 1717 ἐπιϐλέ
1411 1668 1623 1733 dormt
1642 1669 1795 1734 πρός
1815 1683 1910 1736 με.

413 1790 524 1856 ιιΐο.
562 1791 768 1856 Σκοπός
798 1794 914 1846 ἐστί
951 1811 1062 1864 μοι,
1113 1795 1298 1864 φησὶν,
1329 1796 1521 1866 ἐξᾶραι
1562 1798 1661 1868 μὲν
1689 1797 1755 1851 τὰ
1789 1797 1914 1870 ἔθνη

2009 612 2150 681 ejus,
2186 619 2512 679 portansqne
2554 608 2735 662 omnia
2782 606 2946 661 verbo
2983 603 3197 658 virtutis
3229 615 3359 668 suae,
3399 614 3496 670 per
3523 614 3585 654 se

2009 707 2184 776 ipsum
2213 704 2583 775 purgationem
2617 708 2961 770 peccatorum
3004 707 3310 752 nostrorum
3358 695 3583 759 faciens,

2009 799 2150 852 sedit
2184 799 2236 851 in
2279 797 2500 852 dextera
2547 795 2726 849 throni
2766 791 3064 860 maiestatis
3117 790 3170 844 in
3211 786 3441 843 excelsis
3459 787 3526 840 θ’.
3562 805 3581 837 ι

2009 885 2265 956 Intelligis
2314 899 2445 954 ergo
2473 922 2488 936 .
2526 923 2540 938 .
2579 921 2592 934 .
2626 920 2642 934 .
2679 921 2692 933 .
2725 919 2740 934 .
2802 877 3073 933 veteribus
3119 873 3277 931 simul
3345 882 3398 927 et
3436 870 3586 924 novis

2011 978 2272 1032 doctrinis
2321 977 2689 1029 institutorum
2751 969 2949 1024 animis
3009 965 3336 1020 commodet.
3407 980 3427 1013 ι
3471 960 3588 1015 Erit

2013 1069 2193 1140 igitur,
2230 1069 2425 1137 inquit,
2469 1067 2658 1121 domus
2703 1063 2891 1128 David,
2939 1068 2998 1114 ut
3031 1057 3256 1126 angelus
3288 1052 3498 1108 Domini
3531 1052 3585 1105 in

2012 1169 2305 1230 conspectu
2336 1172 2548 1213 eorum.
2577 1175 2597 1208 ι

2085 1296 2248 1352 Vens.
2285 1295 2340 1358 9,
2379 1293 2466 1347 I0.
2511 1291 2580 1345 Et
2618 1291 2713 1344 erit
2739 1290 2793 1342 in
2841 1288 2927 1341 die
2957 1285 3074 1348 illa,
3108 1297 3344 1352 quwram
3378 1282 3588 1350 auferre

2017 1404 2193 1443 omnes
2245 1394 2442 1456 gentes,
2498 1397 2614 1453 qua:
2668 1381 2881 1435 veniunt
2933 1387 3116 1431 contra
3163 1373 3485 1436 Jerusalem,
3539 1380 3587 1425 et

2015 1479 2282 1545 e/fundam
2326 1490 2485 1543 super
2530 1474 2742 1526 domum
2779 1471 2966 1534 David,
3012 1479 3059 1521 et
3106 1481 3262 1532 super
3300 1464 3589 1517 habitantes

2016 1565 2313 1621 Jerusalem
2352 1563 2590 1631 spiritum
2631 1559 2820 1630 gratia:
2854 1566 2901 1612 et
2937 1555 3338 1621 misericordia,
3371 1562 3420 1608 et
3447 1554 3590 1620 aspi-

2018 1662 2151 1714 cient
2187 1659 2257 1712 ad
2288 1674 2388 1712 me.

2091 1791 2271 1846 XCIII.
2313 1789 2608 1845 Consilium
2633 1801 2812 1840 meum
2841 1794 2950 1851 est,
2989 1783 3188 1853 inquit,
3221 1780 3461 1844 auferre,
3493 1781 3588 1834 de-

342 1878 411 1931 τὰ
439 1881 800 1952 μεμαχημένα
827 1885 893 1954 τῇ
921 1860 1054 1954 ἁγίᾳ
1100 1860 1646 1958 πόλεατουτίὲστι-τῇ
1693 1860 1918 1959 Ἐκκληζ

2025 1885 2130 1940 lere
2159 1892 2365 1954 gentes,
2387 1897 2506 1950 qua:
2526 1880 2799 1935 civitatem
2822 1885 3091 1940 sanctam,
3113 1884 3237 1945 puta
3269 1871 3590 1936 Ecelcsiam,

344 1970 468 2042 σία·
516 1972 698 2043 χάριτί
727 1989 790 2042 γε
829 1976 936 2045 μὴν
977 1977 1072 2029 καὶ
1119 1979 1424 2049 οἰκτιρμοῖς
1475 1980 1791 2050 περιϐαλεῖν
1828 1981 1917 2034 τὸν

341 2054 490 2114 οἷκον
553 2061 740 2131 Ἰούδα,
787 2064 882 2116 καὶ
925 2067 1051 2129 τοὺς
1100 2068 1487 2132 κατοικοῦντας
1542 2070 1916 2142 Ἰερουσαλὴμ,

342 2155 586 2210 τουτέστι
621 2157 748 2220 τοὺς
793 2159 893 2229 τῆς
947 2159 1271 2231 Ἐκκλησίας
1301 2161 1545 2228 πολίτας,
1595 2165 1688 2218 καὶ
1717 2167 1775 2217 ἐν
1807 2167 1919 2230 τοῖς

343 2249 510 2302 αίνεῖν
552 2249 826 2318 ὀφείλουσι
875 2255 1386 2325 κατατεταγμένους
1410 2273 1424 2287 ·
1455 2251 1565 2310 εἷεν
1594 2258 1639 2311 δ’
1669 2258 1736 2312 ἂν
1775 2253 1919 2313 οὗτοι

343 2338 505 2392 πάλιν
536 2340 584 2392 οἱ
613 2340 1049 2412 προσκυνοῦντες
1079 2343 1321 2414 Χριστῷ,
1355 2345 1450 2398 καὶ
1476 2347 1590 2409 τοῖς
1635 2346 1919 2414 εὐαγγελι-

344 2430 459 2491 κοῖς
485 2427 849 2500 θεσπίσμασιν
877 2430 1415 2504 ἓπεσθαιῂρημένοι,
1461 2436 1563 2506 τὴν
1617 2437 1816 2490 εὐκλεᾶ
1858 2454 1918 2491 τε

345 2520 441 2571 καὶ
493 2519 895 2591 ἀνεπίπληκτον
949 2522 1337 2592 κατορθοῦντες
1397 2523 1566 2596 ζωήν.
1633 2525 1756 2578 Ὅτι
1810 2526 1919 2597 γὰρ

346 2609 568 2678 ἔμελλον
595 2612 950 2683 ἀῤῥωστῆσαι
972 2613 1032 2666 τὸ
1059 2614 1250 2667 ἄναλκι
1288 2614 1463 2686 πάντη
1492 2633 1552 2668 τε
1583 2618 1676 2671 καὶ
1703 2618 1920 2682 πάντως

346 2703 394 2753 oi
423 2701 522 2772 τῆς
547 2701 805 2773 ἀληθείας
827 2704 1032 2773 ἐχθροὶ,
1065 2709 1320 2776 σαφηνιεῖ
1365 2707 1538 2774 λέγων
1577 2710 1670 2761 καὶ
1699 2709 1862 2772 αὐτὸς
1891 2712 1920 2762 ὀ

351 2793 571 2864 Σωτήρ·
624 2811 643 2844 ι
702 2795 774 2848 Σὺ
818 2791 869 2847 εί
902 2796 1126 2868 Πέτρος,
1166 2798 1261 2850 καὶ
1306 2799 1398 2852 ἐπὶ
1428 2799 1597 2870 ταύτῃ
1633 2803 1698 2870 τῇ
1748 2802 1921 2872 πέτρᾳ

349 2881 683 2954 οἰκοδομήσω
714 2899 814 2954 μου
843 2882 938 2954 τὴν
980 2884 1325 2958 Ἐκκλησίαν,
1362 2887 1456 2940 καὶ
1490 2886 1652 2941 πύλαι
1685 2887 1812 2957 ᾅδου
1858 2889 1919 2940 οὐ

350 2975 768 3044 κατισχύσουσιν
793 2977 980 3046 αὐτῆς.
1013 2995 1032 3027 ι
1068 2977 1198 3030 Ἰδοὺ
1227 2970 1327 3030 ὧδε
1355 2978 1528 3039 πύλας
1558 2979 1682 3042 τοὺς
1707 2977 1922 3034 διώκειν

348 3065 519 3135 αὐτὴν
566 3066 864 3131 ἐθέλοντας,
910 3067 1097 3138 φησὶν,
1146 3063 1257 3120 οἷον
1303 3068 1556 3139 ὀλέθρους
1605 3070 1784 3134 ὄντας,
1828 3072 1921 3124 καὶ

351 3157 602 3253 φθόρους.
633 3159 724 3213 καὶ
749 3161 828 3223 είς
866 3159 1140 3253 πίταυρον
1162 3160 1288 3230 ᾂδου
1324 3162 1714 3232 κατακομίζειν
1745 3163 1923 3216 εἰωθό-
1949 3196 1990 3253 C

349 3267 447 3313 τας
469 3251 595 3315 τοὺς
630 3250 1059 3322 προσκειμένους
1087 3252 1290 3315 αὐτοῖς.
1332 3253 1679 3324 Ἀτονήσουσι
1707 3255 1771 3326 δὴ
1803 3250 1918 3322 οὖν,

353 3340 554 3411 μᾶλλον
578 3341 635 3396 δὲ
670 3341 765 3395 καὶ
788 3341 1181 3413 ἐξαρθήσονται
1209 3344 1257 3397 oi
1287 3344 1730 3415 πεπολεμηκότες
1761 3348 1922 3418 αὐτῇ,

351 3434 444 3486 καὶ
483 3435 791 3505 οἰχήσονται
836 3435 973 3505 πρὸς
1016 3434 1313 3490 ἀπώλειαν.
1348 3455 1367 3488 ι
1423 3436 1622 3491 Πολλαὶ
1674 3439 1773 3509 μὲν
1816 3440 1925 3511 γὰρ

348 3525 791 3596 ὁμολογουμένως
811 3526 918 3580 τῶν
937 3527 1157 3582 δικαίων
1180 3528 1236 3581 αἱ
1253 3527 1459 3598 θλίψεις
1477 3547 1491 3560 ·
1514 3528 1626 3583 ἀλλ’
1649 3532 1714 3584 ἐκ
1737 3531 1925 3587 πασῶν

350 3613 530 3669 αὐτῶν
562 3615 782 3687 ῥύσεται
807 3615 1049 3679 αὐτοὺςό
1079 3616 1300 3688 Κύριος.
1341 3637 1359 3668 ι
1399 3616 1508 3672 Καὶ
1536 3617 1682 3671 ἔστιν
1705 3620 1924 3688 ἀληθὲς,

350 3709 433 3760 ὅτι
477 3727 496 3758 ε
549 3707 752 3772 πάντες
791 3709 838 3760 οἱ
873 3707 1118 3772 θέλοντες
1159 3707 1260 3780 ζῇν
1300 3710 1540 3774 εὐσεϐῶς
1580 3711 1641 3764 ἐν
1682 3713 1920 3783 Χριστῷ,

350 3797 758 3869 διωχθήσονται.
796 3817 814 3850 ι
844 3800 990 3869 Πλὴν
1023 3801 1261 3869 ἀνόνητα
1289 3803 1384 3855 καὶ
1422 3802 1626 3873 ἀδρανῆ
1661 3805 1770 3857 τῶν
1807 3807 1928 3858 ἐπι-

354 3890 715 3944 δουλευόντων
742 3890 814 3943 τὰ
843 3892 1155 3962 σκέμματα,
1191 3893 1286 3947 καὶ
1322 3892 1463 3947 αὐτὰ
1486 3893 1544 3947 δὲ
1573 3893 1640 3946 τὰ
1672 3895 1926 3966 ἐγχειρή-

356 3997 501 4050 ματα
527 3979 741 4052 τίθησιν
765 3982 794 4033 ὁ
821 3981 1074 4051 Χριστὸς,
1110 3981 1167 4044 ὃς
1193 3981 1423 4035 δέδωκεν
1462 4000 1480 4035 ι
1516 3983 1650 4053 ἡμῖν
1677 3983 1927 4049 ἐξουσίαν

356 4077 544 4127 πατεῖν
581 4073 768 4127 ἐπάνω
796 4072 990 4142 ὄφεων,
1023 4074 1116 4126 καὶ
1157 4075 1454 4145 σκορπίων,
1499 4075 1594 4128 καὶ
1625 4075 1719 4128 ἐπὶ
1749 4076 1930 4129 πᾶσαν

353 4166 450 4235 τὴν
480 4164 708 4236 δύναμιν
736 4164 830 4217 τοῦ
859 4165 1076 4236 ἐχθροῦ.
1115 4184 1133 4218 ›
1165 4165 1581 4238 Παραθαρῤύνει
1620 4184 1680 4220 τε
1717 4167 1890 4236 λέγων
1912 4185 1925 4198 ·

360 4275 380 4308 ι
424 4256 614 4326 Θλίψιν
664 4256 816 4326 ἔχετε
859 4259 918 4310 ὲν
951 4256 1029 4327 τῷ
1071 4258 1282 4329 κόσμῳ,
1333 4259 1467 4314 ἀλλὰ
1513 4261 1783 4334 θαρσεῖτε,
1818 4262 1930 4331 ἐγὼ

353 4347 614 4417 νενίκηκα
661 4346 752 4400 τὸν
784 4347 1007 4417 κόσμον.
1063 4367 1079 4398 ι
1132 4347 1341 4403 Οὐκοῦν
1377 4348 1684 4422 ἐξαίρονται
1733 4354 1832 4422 μὲν
1879 4355 1930 4406 οἱ

351 4439 452 4508 τῆς
495 4435 817 4506 Ἑκκλησίας
847 4433 1358 4506 κατεξανιστάμενοι
1388 4439 1530 4492 κατὰ
1558 4444 1802 4512 καιροὺς,
1837 4445 1932 4496 ἐπὶ

2018 1983 2517 2046 oppugnaverunt:
2569 1970 2742 2041 gratia
2793 1979 2971 2023 autem
3032 1976 3087 2021 et
3143 1963 3582 2020 miserationibus

2019 2063 2477 2134 comprehendere
2502 2061 2719 2115 domum
2751 2057 2908 2122 Juda,
2950 2067 3006 2112 et
3036 2057 3342 2112 habitantes
3365 2051 3590 2108 Jerusa-

2020 2156 2145 2221 lem,
2176 2155 2276 2208 hoc
2303 2163 2406 2215 est,
2436 2151 2691 2206 Ecclesiae
2713 2149 2879 2213 cives,
2914 2157 2969 2201 et
2991 2161 3104 2211 eos,
3146 2144 3237 2214 qui
3266 2143 3332 2196 ad
3368 2142 3593 2195 laudan-
3663 2199 3673 2210 ,

2021 2255 2145 2303 dum
2205 2245 2483 2302 constituti
2537 2252 2705 2296 sunt:
2741 2241 2831 2310 qui
2886 2254 3102 2292 rursum
3156 2235 3326 2304 accipi
3372 2240 3598 2304 possunt

2021 2343 2308 2397 adorantes
2359 2337 2674 2398 Christum,
2723 2343 2778 2387 et
2836 2331 3096 2387 submissi
3146 2328 3381 2384 oraculis
3422 2343 3593 2382 evan-

2019 2431 2203 2502 gelicis
2230 2469 2248 2494 ,
2289 2427 2609 2483 laudabilem
2659 2423 2898 2493 nullique
2949 2422 3120 2492 culpae
3164 2420 3374 2475 aliincm
3428 2419 3593 2472 vitam

2021 2521 2343 2577 excolentes.
2393 2514 2688 2571 lmbecilles
2739 2515 2882 2568 enim
2929 2512 3043 2566 fore
3082 2511 3304 2567 omnino
3351 2509 3596 2563 veritatis

2023 2612 2288 2676 inimicos,
2317 2611 2652 2664 demonstrat
2684 2607 2799 2674 ipse
2825 2603 3075 2658 Salvator
3098 2618 3218 2657 cum
3251 2601 3380 2656 dicit
3413 2619 3426 2654 :
3465 2618 3484 2651 ι
3515 2599 3595 2654 Tu

2020 2720 2080 2760 es
2111 2703 2323 2766 Petrus,
2351 2709 2408 2756 et
2455 2714 2616 2768 super
2662 2699 2802 2752 hanc
2833 2705 3041 2766 petram
3090 2695 3369 2750 aediﬁcabo
3410 2692 3599 2748 Eccle-

2022 2797 2156 2852 sium
2189 2809 2385 2858 tneam,
2408 2802 2464 2847 et
2493 2800 2660 2860 porta:
2688 2790 2848 2844 inferi
2877 2805 2980 2842 non
3012 2786 3380 2857 praevalebunt.
3409 2786 3598 2839 adver-

2023 2904 2118 2942 sus
2163 2885 2371 2941 eam”.
2412 2903 2430 2935 ι
2497 2884 2638 2937 Ecce
2703 2882 2794 2936 hic
2863 2889 3121 2934 conantes
3171 2893 3292 2932 eam
3346 2879 3598 2946 persequi

2023 2988 2208 3048 portas
2257 2987 2445 3037 vocat,
2512 2973 2674 3027 veluti
2737 2981 2951 3041 pestes,
3001 2979 3054 3024 et
3099 2970 3300 3032 exitia,
3355 2978 3412 3022 et
3469 2968 3600 3038 ipsis

2023 3071 2360 3124 adhaerentes
2392 3070 2458 3121 ad
2498 3065 2719 3134 pedicas
2763 3062 3058 3117 inferorum
3099 3061 3363 3116 deducere
3390 3059 3596 3113 solitos.

2024 3160 2340 3230 Torpebunt
2372 3157 2558 3228 igitur,
2595 3156 2704 3211 imo
2741 3152 2998 3209 tollentur
3035 3151 3124 3221 qui
3162 3151 3360 3206 bellum
3401 3150 3450 3205 ei
3485 3166 3599 3203 mo-

2023 3253 2224 3314 verint,
2255 3257 2310 3302 et
2354 3249 2408 3302 in
2445 3245 2742 3318 perniciem
2784 3243 2958 3298 ibunt.
2991 3259 3010 3293 ι
3039 3241 3219 3296 Multze
3251 3241 3418 3302 enim,
3458 3239 3600 3307 quod

2026 3357 2187 3398 nemo
2230 3339 2425 3404 nescit,
2458 3347 2586 3392 sunt
2637 3335 3018 3390 tribulationes
3050 3333 3318 3401 iustorum
3351 3350 3364 3385 :
3399 3333 3493 3385 sed
3535 3331 3601 3386 de

2026 3438 2112 3492 his
2153 3434 2408 3492 omnibus
2447 3430 2700 3486 liberabit
2740 3443 2834 3484 eos
2874 3427 3132 3482 Dominus
3154 3423 3223 3478 ⁸³.
3256 3442 3275 3475 ι
3315 3424 3382 3478 Et
3411 3438 3598 3477 Verum

2026 3539 2129 3594 est,
2164 3546 2184 3580 ι
2213 3541 2405 3582 omnes
2448 3523 2540 3594 qui
2572 3521 2659 3593 pie
2692 3520 2871 3575 volent
2903 3519 3083 3573 vivere
3115 3518 3167 3572 in
3198 3515 3436 3581 Christo,
3476 3531 3600 3585 per-

2027 3621 2332 3678 secutiones
2354 3631 2610 3688 passuros
2629 3615 2695 3668 ’°.
2729 3637 2746 3664 ι
2784 3613 3050 3666 Caeterum
3093 3607 3310 3663 inutiles
3360 3615 3416 3661 et
3446 3607 3600 3660 inva-

2028 3717 2166 3771 lidas
2240 3709 2615 3766 insidiantium
2683 3704 3037 3775 cogitationes
3107 3709 3163 3755 et
3239 3715 3400 3755 ausus
3460 3699 3603 3768 ipsos

2027 3806 2282 3863 Christus
2309 3802 2457 3867 facit,
2481 3801 2570 3869 qui
2597 3797 2744 3852 dedit
2778 3813 2797 3847 ι
2829 3795 2983 3850 nobis
3009 3800 3332 3862 potestatem
3358 3790 3602 3845 calcandi

2030 3897 2192 3968 783
2232 3909 2394 3964 supra
2450 3899 2770 3960 serpentes,
2821 3896 2877 3940 et
2923 3886 3274 3954 scorpiones,
3337 3892 3394 3937 et
3442 3895 3605 3952 supra

2029 4005 2244 4048 omnem
2273 3990 2524 4043 virtutem
2554 3983 2758 4039 inimici
2781 3981 2850 4034 ⁸⁸.
2880 3999 2898 4031 ι
2936 3979 3007 4034 Ει
3041 3978 3330 4033 conﬁrmat
3357 3992 3458 4031 nos
3481 3991 3603 4030 cum

2030 4086 2106 4140 ait
2134 4101 2149 4136 :
2181 4101 2199 4135 ι
2233 4082 2288 4136 1η
2318 4079 2518 4135 mundo
2553 4089 2860 4147 pressuram
2891 4071 3178 4133 habebitis,
3209 4070 3303 4124 sed
3330 4067 3604 4132 conﬁdite,

2031 4178 2156 4249 quia
2186 4190 2284 4246 ego
2309 4174 2413 4228 vici
2450 4171 2706 4228 mundum
2732 4171 2800 4222 θ’.
2833 4187 2852 4220 ι
2889 4165 3170 4222 Tollentur
3214 4164 3395 4231 itaque
3423 4177 3454 4215 e
3493 4176 3607 4214 me-

2033 4271 2124 4325 dio
2164 4269 2254 4339 qui
2302 4265 2597 4336 aliquando
2629 4263 2681 4316 in
2735 4259 3031 4315 Ecclesiam
3069 4257 3358 4325 insurgunt
3390 4270 3405 4306 :
3443 4265 3607 4319 super

2034 4363 2180 4433 ipsos
2225 4369 2428 4424 autem,
2481 4357 2584 4410 hoc
2645 4363 2750 4418 est,
2807 4367 2969 4421 super
3021 4348 3325 4408 credentes,
3375 4341 3606 4398 ubertim

2039 4471 2058 4505 ι
2091 4451 2313 4522 spiritus
2341 4448 2528 4517 gratia:
2547 4455 2603 4500 ct
2641 4442 3001 4499 miserationis
3031 4461 3050 4493 ι
3103 4437 3415 4495 cﬂ'unditur.
3437 4433 3609 4490 Ornat

353 4531 410 4583 δέ
439 4546 499 4598 γε
533 4531 657 4592 τοὺς
688 4529 876 4592 αὑτοῦ,
919 4529 1163 4583 τουτέστι
1214 4532 1339 4595 τοὺς
1384 4533 1803 4600 πιστεύσαντας,
1833 4538 1923 4590 ἐκ·

2031 4544 2174 4600 enim
2203 4557 2304 4596 nos
2339 4539 2498 4594 bonis
2529 4535 2842 4591 caelestibus
2886 4535 3028 4588 Deus
3055 4539 3114 4587 et
3146 4530 3330 4595 Pater,
3359 4537 3414 4580 et.
3444 4526 3607 4593 spiri-

355 4625 528 4691 χεῖται
565 4621 831 4685 πλουσίως
876 4641 894 4673 σ
922 4621 1144 4692 Πνεῦμα
1192 4623 1409 4693 χάριτος
1439 4625 1532 4678 καὶ
1559 4626 1864 4697 οἰκτιρμοῦ.
1903 4649 1920 4680 ι

356 4716 618 4783 Στεφανοῖ
649 4715 758 4786 γὰρ
795 4717 942 4784 ἡμᾶς
963 4717 1072 4778 τοῖς
1102 4715 1306 4770 ἄνωθεν
1344 4716 1568 4784 ἀγαθοῖς
1615 4719 1644 4770 ὀ
1673 4719 1804 4784 Θεὸς
1834 4721 1928 4774 καὶ

360 4807 570 4876 Πατὴρ,
628 4807 722 4859 καὶ
767 4807 1150 4886 πνευματικῶν
1201 4808 1504 4878 ἐμπίπλησι
1550 4813 1924 4882 χαρισμάτων,

360 4900 445 4951 ἵνα
473 4900 564 4952 τὸν
603 4899 701 4968 τῆς
739 4899 978 4962 διανοίας
1011 4899 1288 4970 ὀφθαλμὸν
1331 4902 1466 4969 πρὸς
1505 4903 1668 4955 αὐτὸν
1711 4906 1926 4957 ἀνατείο

357 5006 564 5055 ναντες,
597 4993 683 5044 ἐπ’
715 4990 863 5061 αὐτῷ
891 4993 1070 5045 πᾶσαν
1093 4991 1310 5062 ἔχοιμεν
1343 4993 1552 5045 ἐλπίδα.
1593 4994 1762 5048 Τοῦτο
1797 4996 1926 5066 γὰρ,

357 5075 531 5148 οἶμαι,
572 5082 686 5135 ἔστι
726 5083 808 5148 τὸ,
852 5099 872 5134 ι
916 5083 1327 5152 Ἐπιὸλέψονται
1365 5085 1502 5153 πρός
1539 5102 1628 5155 με.
1668 5105 1686 5137 ι
1722 5089 1929 5140 Διακεί-

365 5192 514 5244 μενοι
543 5175 599 5228 δὲ
628 5177 787 5240 οὕτω,
823 5177 1134 5247 γαννύμεθα
1164 5178 1263 5248 μὲν
1291 5177 1376 5246 ἐφ’
1405 5179 1637 5241 ἑαυτοῖς.
1671 5180 1850 5248 φαμὲν
1874 5180 1928 5232 δὲ

360 5265 424 5332 δὴ
465 5263 865 5333 δοξολογοῦντες
893 5267 1052 5321 Θεόν’
1091 5285 1110 5320 t
1146 5267 1394 5336 Εύλόγει,
1435 5271 1468 5337 ἡ
1500 5269 1644 5338 ψυχή
1682 5287 1806 5338 μου,
1837 5268 1928 5320 τὸν

361 5359 585 5430 Κύριον,
619 5361 709 5414 τὸν
755 5361 1130 5416 εὐῖλατεύοντα
1177 5361 1356 5426 πάσας
1392 5361 1488 5425 τὰς
1534 5361 1761 5431 ἀνομίας
1810 5379 1924 5426 σου,

362 5450 454 5506 τὸν
491 5451 714 5521 ἰώμενον
755 5453 934 5516 πάσας
965 5452 1062 5516 τὰς
1085 5453 1274 5516 νόσους
1303 5470 1418 5519 σου,
1447 5452 1538 5504 τὸν
1567 5451 1928 5524 λυτρούμενοι)

2036 4633 2270 4689 tnalibus
2297 4630 2454 4685 donis
2482 4629 2744 4692 cumulat,
2771 4639 2829 4680 ut
2871 4623 3068 4679 mentis
3091 4621 3304 4677 oculum
3333 4618 3398 4671 ad
3431 4618 3606 4685 ipsum

2037 4726 2307 4788 tollentes,
2358 4737 2576 4778 omnem
2629 4721 2682 4774 in
2735 4734 2800 4773 eo
2854 4717 3105 4772 ﬁduciam
3147 4713 3491 4768 collocemus.
3553 4705 3608 4760 Id

2035 4819 2179 4872 enim
2219 4825 2322 4880 est,
2353 4815 2565 4885 opinor,
2601 4812 2744 4880 quod
2787 4811 2942 4875 dicit,
2980 4828 2999 4860 ι
3024 4807 3298 4878 ASpicient
3328 4803 3394 4857 ad
3442 4816 3546 4855 me.
3583 4820 3601 4849 ι

2036 4910 2153 4976 Quo
2179 4908 2395 4976 quidem
2431 4905 2590 4960 modo
2630 4902 2831 4965 affecti,
2872 4901 3116 4955 Iaatamur
3143 4899 3196 4952 in
3232 4897 3374 4957 sinn,
3415 4902 3467 4946 et
3496 4892 3608 4944 Ian-

2037 5002 2232 5054 dantes
2262 4999 2544 5053 Dominmn
2579 4996 2810 5051 dicimus
2843 5013 2856 5048 :
2893 5011 2912 5044 ι
2942 4990 3191 5054 Benedic,
3236 4986 3414 5041 anima
3467 4996 3605 5046 mea,

2040 5091 2362 5151 Dominum,
2417 5087 2506 5156 qui
2563 5085 2886 5156 propitiatur
2929 5081 3178 5137 omnibus
3235 5072 3609 5144 iniquitatibus

2041 5183 2168 5242 tuis.
2202 5181 2291 5249 qui
2325 5187 2484 5233 sanat
2515 5192 2707 5232 omnes
2732 5174 3081 5230 inﬁrmitates
3110 5181 3248 5234 tuas,
3274 5167 3365 5237 qui
3391 5163 3608 5218 redimit

2039 5274 2102 5327 de
2145 5271 2364 5325 interitu
2399 5270 2565 5323 vitam
2609 5279 2775 5328 tuam,
2805 5265 2899 5335 qui
2941 5271 3165 5317 coronat
3212 5269 3262 5312 te
3311 5258 3361 5309 in
3396 5253 3614 5314 miseris

2037 5365 2219 5418 cordia
2253 5371 2307 5416 et
2350 5359 2812 5424 miserationibus,
2842 5357 2931 5426 qui
2977 5355 3143 5424 replet
3177 5351 3230 5405 in
3273 5347 3428 5403 bonis
3466 5345 3607 5400 desi-

2037 5456 2244 5510 derium
2275 5462 2420 5507 tuum
2446 5453 2510 5504 ’³.
2545 5471 2563 5503 ι

363 5543 426 5593 ἐκ
455 5541 659 5612 φθορᾶς
701 5543 798 5614 τὴν
845 5545 989 5614 ζωήν
1031 5562 1146 5610 σου,
1178 5546 1276 5613 ’τὸν
1347 5544 1714 5615 στεφανοῦντὲι
1761 5564 1819 5598 σε
1866 5549 1922 5600 ἐν
1963 5547 2101 5601 ἐλέει
2148 5548 2238 5602 καὶ
2298 5548 2618 5617 οἱκτιρμοῖς,
2646 5543 2738 5595 τὸν
2804 5538 3158 5610 ὲμπιπλῷντα
3181 5538 3237 5590 ὲν
3263 5533 3482 5604 ἀγαθοῖς
3509 5528 3608 5602 τὴν

362 5633 656 5706 ἐπιθυμίαν
683 5652 796 5688 σου.
834 5655 851 5687 ι

429 5750 474 5780 ⁸⁷
510 5746 673 5803 Hebr.
706 5765 744 5812 ι,
786 5749 838 5803 3.
915 5748 1165 5806 "Matth.
1195 5769 1303 5815 xw.
1341 5753 1417 5808 I8.

365 5815 455 5876 55.
528 5820 574 5851 "
605 5819 747 5875 Psal.
786 5835 878 5882 cn,
915 5820 1024 5872 1-5.

1493 5756 1534 5785 τεν
1561 5753 1697 5809 [ιδίιι.
1734 5769 1919 5815 xum,

2026 5790 2038 5805 .
2118 5753 2160 5782 9°
2193 5749 2234 5805 Il
2264 5749 2398 5805 Tim.
2437 5763 2515 5812 ut,
2579 5745 2660 5801 ιιι.
2739 5743 2778 5775 θ’
2814 5741 2945 5799 an.
2979 5756 3029 5810 ν,
3069 5743 3148 5803 Itl.
3226 5743 3270 5774 "
3298 5738 3451 5796 Joan.
3483 5750 3601 5810 xvt,
