4120 6376
313 413 420 468 225

1129 408 1688 464 COMMENTARIUS
1731 407 1796 464 ΙΝ
1837 406 2240 464 ΖΛΟΙΙᾹΒΙΔΜ
2283 407 2728 463 ΡΒΟΡΗΕΤΑΜ.

3481 413 3587 468 296

389 528 502 594 LE'.
545 525 1008 595 Καταδῃουμένης
1054 523 1272 594 ἀπάσης
1318 524 1420 592 τῆς
1455 523 1715 586 Ἰουδαίας
1765 524 1907 576 κατὰ

2083 520 2243 576 XCV.
2293 521 2461 576 Ferre
2488 522 2704 592 ignique
2729 499 3032 576 deformata
3051 521 3181 576 olim
3213 523 3461 578 universa
3484 525 3585 580 Ju-

317 617 539 688 καιροὺς
584 615 690 668 ὑπὸ
735 614 835 684 τῆς
869 614 1154 683 Ῥωμαίων
1188 615 1481 684 στρατιᾶς,
1517 613 1612 665 καὶ
1645 613 1814 682 αὐτῆς
1845 612 1904 664 δὲ

317 708 781 781 πολιορκουμένης
817 706 915 775 τῆς
954 705 1344 776 Ἰερουσαλὴμ.
1396 703 1636 758 τοιοῦτον
1688 703 1904 756 ἔσεσθαί

317 817 449 870 φησι
497 798 651 869 παρὰ
699 797 808 850 τῶν
855 799 913 852 εν
956 797 1094 868 αὑτῇ
1145 797 1237 850 τὸν
1294 796 1547 859 κοπετὸν,
1597 797 1784 849 ὁποῖον
1839 794 1906 849 ἂν

316 895 602 964 ποιήσαιτο
661 888 897 960 γηπόνος
947 889 1144 958 ροὦνος
1189 889 1616 960 ἑκκοπτομένου.
1669 889 1907 954 Εὑανθὲς

320 987 417 1057 μὲν
445 984 556 1054 γὰρ
587 982 650 1037 τὸ
680 982 868 1050 φυτὸν,
897 980 994 1034 καὶ
1020 981 1247 1050 συχνοὺς
1275 981 1340 1034 ὲκ
1369 981 1525 1052 ῥίζης
1553 980 1738 1051 ἀνίησι
1765 979 1908 1034 κλῶ-

318 1096 415 1144 νας
440 1075 660 1148 ὀρθοὺς,
691 1075 785 1126 καὶ
813 1073 1280 1144 εὐμηκεστάτους,
1314 1074 1362 1126 εἰ
1394 1074 1450 1126 δὲ
1478 1074 1541 1143 δὴ
1588 1073 1681 1126 καὶ
1723 1074 1909 1137 αὐτοῖς

321 1169 668 1239 ὲξωραῖζοιτο
696 1168 808 1229 τοῖς
855 1167 1088 1236 καρποῖς
1111 1205 1125 1228 ,
1177 1169 1301 1217 τότε
1346 1165 1410 1235 δὴ
1443 1165 1681 1236 μάλιστα
1723 1166 1818 1219 καὶ
1849 1168 1909 1218 έν

324 1259 502 1330 πολλῷ
541 1261 719 1313 κεῖται
769 1256 1030 1328 θαύματι.
1077 1256 1287 1327 Χρῆμα
1325 1257 1434 1326 γὰρ
1477 1256 1821 1328 ἀξιέραστον,
1871 1259 1904 1328 ἡ

323 1355 477 1424 ῥοιὰ,
528 1350 743 1422 φυσικῷ
794 1351 1172 1422 διαπρέπουσα
1239 1349 1427 1404 κάλλει
1483 1351 1594 1406 τῶν
1643 1351 1909 1422 ὀρπήκων

322 1443 707 1514 ἁπηρτημένη,
737 1441 833 1496 καὶ
857 1443 968 1504 τοῖς
997 1440 1105 1494 έσω
1127 1442 1346 1506 κόκκοις
1375 1443 1910 1514 συμπεφοινιγμένον

321 1537 526 1606 ἔχουσα
571 1535 679 1588 τῶν
723 1533 998 1606 ὲλύστρων
1040 1535 1101 1588 τὸ
1151 1528 1310 1597 εἶδος.
1367 1534 1658 1588 Πάνδεινον
1707 1535 1787 1601 δὲ,
1835 1533 1912 1598 ὡς

323 1629 480 1700 ἔφην,
509 1628 604 1682 καὶ
639 1627 884 1697 ἀνιαρὸν,
915 1625 1050 1696 ὁμοῦ
1094 1628 1210 1689 τοῖς
1248 1629 1484 1698 καρποῖς
1521 1625 1910 1700 ἀποκείρεσθαι

323 1720 386 1772 τὸ
433 1720 617 1788 φυτόν.
661 1718 803 1771 Ἀλλ’
851 1714 918 1789 ἦν
956 1735 1008 1770 τι
1057 1717 1296 1771 τοιοῦτον
1330 1719 1460 1772 ἰδεῖν
1493 1721 1604 1781 τοῖς
1637 1717 1911 1781 Ἰουδαίοις

325 1813 643 1882 συμϐαῖνον,
677 1812 840 1866 Ὅσον
873 1811 973 1880 μὲν
1001 1809 1112 1879 γὰρ
1140 1810 1264 1880 ἥκει
1302 1811 1382 1873 εἰς
1410 1809 1509 1871 τὰς
1535 1811 1600 1863 ἑκ
1631 1809 1796 1880 νόμου
1828 1825 1908 1861 τιν

2007 614 2119 666 ιιιιιιι
2190 628 2220 667 a
2273 612 2522 668 Romano
2579 615 2860 680 exercitu,
2917 616 3143 684 ipsaque
3213 612 3586 688 Hierosolyma

2006 705 2290 760 obsidione
2317 705 2517 769 cincta,
2549 704 2706 759 talem
2737 706 2806 760 ab
2844 706 3036 761 incolis
3067 706 3345 776 plant-tum
3382 709 3587 763 editum

2008 797 2073 854 iri
2107 798 2203 864 ait,
2234 796 2451 868 qualem
2484 799 2670 852 ederet
2693 797 2932 867 agricola
2966 800 3150 853 excisa
3189 799 3333 856 malo
3366 799 3587 869 punica.

2009 890 2103 945 Est
2147 890 2292 945 enim
2338 891 2442 948 hoc
2483 907 2654 962 genus
2684 892 2896 946 arboris
2936 891 3316 956 bellissimum,
3367 901 3528 961 atque
3555 908 3591 947 ι

2010 984 2190 1038 radice
2231 983 2283 1037 in
2327 986 2573 1048 crebros,
2635 993 2834 1040 teretes
2885 999 2947 1036 ac
2982 983 3194 1053 patulos
3228 984 3478 1039 dilfusum
3511 1000 3594 1039 ra-

2011 1091 2127 1129 mos
2179 1077 2450 1144 exsurgit,
2477 1075 2612 1142 ipsis
2661 1089 2876 1144 quoque
2915 1075 3194 1141 fructibus
3241 1077 3589 1143 decoratum,

2011 1169 2262 1238 inprimis
2293 1179 2379 1224 est
2417 1167 2757 1223 admirabile.
2799 1167 3126 1224 Gratissima
3161 1170 3308 1222 enim
3354 1183 3444 1228 res
3479 1185 3592 1223 lua-

2013 1261 2120 1314 lum
2176 1261 2454 1330 puicnm,
2506 1260 2738 1314 naturali
2785 1260 3186 1329 pulchritudine
3227 1261 3509 1326 eximium,
3561 1277 3590 1316 ιι

2014 1368 2167 1407 ramo
2216 1353 2549 1421 dependens,
2603 1362 2660 1406 et
2706 1367 2831 1407 eum
2885 1353 3070 1421 gratiis
3119 1352 3264 1406 intus
3309 1353 3592 1407 rubentem

2013 1447 2218 1502 habens
2257 1447 2538 1502 corticem.
2565 1443 2958 1500 Gravissimum
3007 1453 3187 1500 autem
3240 1454 3295 1500 et
3323 1444 3596 1500 molestis-

2013 1538 2235 1601 simum,
2265 1548 2324 1592 ut
2353 1537 2620 1601 dicebam,
2657 1535 2820 1590 simul
2861 1551 2985 1590 cum
3033 1534 3300 1590 fructibus
3344 1534 3593 1588 arborem

2013 1622 2308 1699 amputari.
2375 1627 2652 1698 Ejusmodi
2714 1627 2969 1696 quiddam
3029 1624 3233 1679 Judaeis
3304 1624 3598 1694 contigisse

2014 1721 2204 1776 videre
2246 1720 2394 1775 licet.
2443 1717 2580 1773 Nam
2615 1719 2757 1788 quod
2803 1719 2872 1773 ad
2913 1719 3146 1772 honores
3175 1725 3398 1786 propter
3426 1715 3597 1786 legem

2015 1821 2300 1882 pereeptos
2325 1811 2543 1877 attinet,
2582 1827 2688 1866 non
2723 1810 2996 1865 immerito
3024 1809 3179 1863 malis
3209 1808 3421 1880 punicis
3449 1824 3600 1864 eom-

329 1905 469 1975 μὰς,
513 1906 687 1974 Qui;
739 1904 1038 1974 ὲγκάρποις
1083 1901 1505 1972 παρεικάζοιντο
1541 1901 1608 1955 ἂν
1653 1901 1912 1965 εἰκότως,

2020 1914 2297 1974 parentur,
2337 1903 2430 1974 qui
2467 1904 2609 1958 inter
2651 1916 2744 1957 eos
2791 1901 3092 1972 principem
3127 1900 3306 1956 locum
3346 1901 3598 1955 obtinue-

325 2000 373 2067 ρί
413 1995 742 2068 προῦχοντες
787 1997 844 2048 ἐν
883 1995 1088 2056 αὐτοῖς·
1119 1995 1170 2047 oi
1212 1994 1312 2064 μὲν
1351 1992 1461 2064 γὰρ
1502 1995 1570 2046 ὲκ
1608 1993 1709 2063 τῆς
1746 1991 1916 2046 Ἰούδα

327 2090 531 2160 φυλῆς,
581 2091 706 2152 τοὺς
751 2087 852 2156 τῆς
903 2087 1183 2158 βασιλείας
1230 2087 1506 2149 διέποντες
1559 2085 1783 2156 θρόνους
1835 2086 1917 2148 είς

327 2183 480 2251 λῆξιν
517 2182 764 2243 εὐκλείας
800 2179 1041 2232 τέθειντο
1068 2178 1196 2249 παρ’
1219 2179 1424 2240 αὐτοῖς.
1469 2178 1533 2230 Oi
1560 2177 1620 2229 δὲ
1649 2177 1715 2229 ὲκ
1743 2175 1917 2246 φυλῆς

329 2278 460 2329 Acut
501 2277 611 2337 τοῖς
649 2276 751 2344 τῆς
781 2270 1080 2343 ἱερωσύνης
1125 2271 1436 2341 αὐχήμασιν
1477 2265 1536 2322 εὖ
1592 2268 1738 2339 μάλα
1783 2285 1917 2321 atat.

330 2366 682 2434 εστεμμένοι,
747 2362 988 2432 λαμπροί
1037 2378 1096 2413 τε
1126 2356 1268 2430 ἦσαν
1312 2361 1406 2414 καὶ
1442 2359 1737 2430 διαϐόητοι.
1766 2359 1830 2412 Τί
1872 2358 1916 2410 δ’

330 2456 396 2510 ἂν
437 2455 648 2522 λέγοιμι
692 2453 887 2522 κριτάς
923 2469 980 2505 τε
1035 2451 1130 2504 καὶ
1165 2452 1456 2520 νομικοὺς,
1506 2451 1598 2504 καὶ
1634 2451 1760 2513 τοὺς
1796 2451 1917 2511 ταῖς

329 2543 547 2613 ἑτέραις
596 2544 784 2611 τιμαῖς
844 2539 1386 2610 κατηγλαῖσμένους;
1447 2537 1663 2609 Ἐπειδὴ
1708 2539 1765 2592 δὲ
1818 2555 1917 2591 πε-

334 2637 724 2705 παρῳνήκασιν
751 2634 830 2695 εἰς
864 2632 1120 2700 Χριστὸν,
1148 2630 1385 2683 δέδονται
1415 2633 1526 2691 τοῖς
1557 2630 1791 2700 ἐχθροῖς,
1824 2631 1918 2682 καὶ

335 2725 744 2798 καταδῃοῦντων
791 2724 974 2787 αὐτοῖς
1026 2724 1124 2794 τὴν
1166 2722 1351 2793 χώραν
1405 2722 1815 2775 Οὐεσπασιανοῦ
1857 2739 1917 2774 τε

334 2817 429 2870 καὶ
462 2815 641 2875 Τίτου,
683 2812 1146 2884 πολιορκουμένης
1174 2829 1234 2863 τε
1276 2813 1375 2880 τῆς
1413 2810 1792 2882 Ἰερουσαλὴμ,
1826 2811 1918 2864 καὶ

335 2908 539 2969 πάντας
565 2907 691 2967 τοὺς
720 2907 777 2957 έν
805 2904 940 2974 αὐτῇ
970 2903 1130 2973 λιμοῦ
1161 2903 1602 2972 καταφθίνοντος,
1631 2901 1830 2973 θρήνου
1861 2918 1918 2953 τε

333 2999 428 3052 καὶ
460 2996 690 3052 κοπετοῦ
714 2996 784 3050 τὰ
815 2997 994 3048 πάντα
1026 2993 1404 3065 πεπλήρωται.
1433 2995 1719 3063 Μαρτυρεῖ
1744 2993 1802 3046 δὲ
1828 2994 1919 3048 καὶ

349 3090 628 3160 Ἰώσηπος.
659 3087 739 3142 Τὰ
769 3087 876 3159 γὰρ
914 3086 1015 3156 τῆς
1054 3085 1349 3152 Ἀλώσεως
1399 3085 1578 3156 βιϐλία
1613 3085 1881 3148 συντιθεὶς
1902 3126 1916 3149 ,

336 3180 438 3250 ἔφη
475 3197 577 3232 που
613 3178 873 3248 περὶτῶν
910 3177 1298 3248 Ἱεροσολύμων
1338 3180 1525 3242 αὐταῖς
1558 3177 1767 3245 λέξεσιν
1793 3173 1916 3232 ὧδεο

2019 2005 2166 2050 runt.
2204 1996 2483 2064 Siquidem
2513 1996 2581 2050 de
2603 1995 2748 2050 tribu
2793 2004 2849 2048 et
2877 1992 3082 2047 familia
3111 1991 3249 2048 Juda
3277 1993 3518 2058 oriundi,
3544 2001 3600 2046 et

2017 2103 2184 2158 regno
2219 2087 2496 2158 praepositi
2526 2087 2577 2140 in
2614 2101 2825 2141 summa
2861 2088 3001 2154 apud
3039 2101 3134 2140 eos
3156 2085 3327 2155 gloria
3359 2085 3596 2141 lucrum.

2019 2181 2269 2236 Tribules
2311 2191 2489 2235 autem
2541 2179 2689 2243 Levi,
2727 2177 2892 2250 785
2918 2177 3212 2233 sacerdotii
3259 2179 3601 2233 ornamentis

2019 2271 2511 2345 congruentissime
2559 2272 2921 2336 cohonestati,
2969 2271 3022 2325 in
3064 2271 3320 2325 claritate
3363 2280 3419 2324 et
3452 2270 3601 2324 cele-

2018 2367 2221 2421 britate
2266 2366 2539 2418 vixerunt.
2573 2363 2711 2430 Quid
2766 2377 2865 2433 ego
2897 2363 2961 2416 dc
2990 2363 3291 2432 iudicibus,
3340 2372 3394 2416 et
3424 2362 3600 2433 legunt

2020 2457 2228 2524 peritis,
2256 2463 2310 2510 et
2338 2452 2460 2507 aliis
2489 2451 2784 2506 honoribus
2812 2450 3098 2505 illustratis
3127 2448 3342 2503 dicam?
3366 2450 3436 2502 At
3457 2457 3604 2517 post-

2019 2563 2180 2614 quam
2209 2547 2262 2600 in
2291 2545 2568 2601 Christum
2600 2543 2915 2599 debacchati
2948 2553 3095 2607 sunt,
3124 2542 3374 2598 hostibus
3413 2543 3600 2596 tradi-ti

2021 2649 2188 2704 sunt,
2243 2636 2684 2706 Vespasianoque
2744 2649 2810 2688 ac
2864 2633 2987 2688 Tito
3029 2649 3215 2688 eorum
3267 2633 3602 2702 provinciam

2022 2728 2494 2798 depopulantibus,
2531 2738 2585 2782 et
2630 2725 3056 2797 Hierosolymam
3101 2725 3499 2785 obsidentibus,
3549 2733 3604 2775 et

2024 2822 2163 2875 futile
2207 2821 2412 2874 incolas
2458 2833 2649 2873 omnes
2675 2827 2961 2881 enecante,
3009 2817 3247 2870 lamento
3297 2825 3350 2871 et
3381 2817 3600 2885 planctu

2021 2914 2199 2967 omnia
2238 2911 2624 2967 redundarunt.
2667 2908 2922 2964 Testatur
2947 2919 3002 2963 et
3031 2908 3323 2978 Josephus.
3357 2907 3490 2961 Nam
3545 2907 3602 2960 in

2023 3005 2178 3060 libris
2202 3004 2276 3058 De
2298 3003 2432 3057 bello
2451 3001 2684 3056 Iudaico
2707 3001 2905 3056 alicubi
2930 3001 2998 3055 de
3024 2999 3391 3070 Hierosolyma
3416 2999 3600 3054 scribit

2026 3100 2076 3153 in
2107 3102 2221 3153 haec
2255 3097 2417 3152 verba
2455 3113 2466 3148 :
2499 3096 2648 3152 Urbe
2686 3107 2795 3148 tota
2837 3096 3146 3165 plangor-es,
3184 3103 3238 3149 et
3261 3095 3516 3164 gemitus,
3551 3102 3605 3144 et

2026 3192 2261 3244 lamenta
2318 3189 2504 3243 dolore
2547 3201 2804 3254 expressa
2852 3186 2959 3240 late
3008 3184 3387 3242 audiebantur.
3428 3183 3496 3237 Et
3547 3193 3605 3235 ut

337 3240 554 3342 κομμοὶ
578 3269 633 3326 δὲ
664 3240 804 3341 ἦσαν
845 3270 948 3322 ἀνὰ
1119 3240 1270 3323 πόλιν
1304 3240 1578 3341 πανταχῆ,
1618 3240 1832 3343 οἰμωγὴ
1863 3272 1918 3325 δὲ

2023 3299 2144 3337 eam
2195 3282 2458 3337 Libanum
2514 3291 2569 3334 ct
2627 3280 2825 3333 saltum
2879 3279 3128 3342 vocavit,
3175 3293 3300 3333 cum
3350 3277 3600 3330 (liceret:

335 3363 670 3431 διαπρύσιος,
710 3362 802 3415 καὶ
846 3360 1042 3432 θρῆνος
1088 3362 1463 3430 ἐγκέλευστος.
1495 3364 1702 3435 Ὠσπερ
1736 3362 1793 3416 δὲ
1825 3363 1919 3415 Λί-

336 3455 522 3519 ϐανον,
554 3456 648 3511 καὶ
678 3454 882 3525 δρυμὸν
913 3455 1081 3526 αὐτὴν
1109 3455 1380 3526 ὠνόμαζε,
1414 3455 1586 3524 λέγων
1609 3473 1622 3486 ·
1662 3474 1679 3506 ι
1711 3456 1921 3510 Διὰνοι-

335 3549 451 3615 ξον,
476 3552 504 3602 ὁ
531 3547 780 3612 Λίϐανος,
806 3547 904 3610 τὰς
931 3547 1100 3618 θύρας
1130 3565 1245 3614 σου,
1274 3549 1370 3602 καὶ
1414 3548 1778 3617 καταφαγέτω
1808 3548 1921 3620 πῦρ

336 3635 435 3698 τὰς
478 3635 699 3707 κέδρους
759 3651 876 3688 σου.
928 3635 1262 3702 Ὀλολυξὰτω
1308 3637 1498 3702 πίτυς,
1545 3637 1631 3690 ὅτι
1663 3637 1920 3690 πέπτωκε

337 3727 562 3797 κέδρος,
610 3727 694 3780 ὅτι
757 3727 1010 3796 μεγάλως
1063 3728 1386 3798 μεγιστᾶνες
1443 3729 1918 3801 ἐταλαιπώρησαν.

350 3821 688 3886 ’ολολὺξατε,
720 3818 881 3891 δρύες
915 3820 1012 3890 τῆς
1035 3819 1381 3884 Βασανίτιδος
1400 3862 1414 3883 ,
1450 3823 1532 3875 ὅτι
1565 3822 1922 3892 κατεσπάσθη

339 3913 365 3962 ὁ
387 3911 587 3982 δρυμὸς
611 3913 640 3965 ὁ
675 3911 983 3981 σύμφυτοςο
1015 3928 1032 3959 ι
1070 3907 1213 3964 οὕτω
1250 3910 1346 3964 καὶ
1385 3910 1561 3981 ροὦνα
1592 3912 1922 3981 κοπτόμενον

338 4004 610 4072 ὀνομάζει.
660 4001 993 4055 Πιστώσεται
1023 4000 1080 4057 δὲ
1108 4000 1198 4054 τὸν
1239 4001 1397 4069 λόγον
1440 4003 1536 4055 καὶ
1575 4004 1602 4052 ὁ
1639 4002 1923 4065 θεσπέσιος

340 4097 644 4159 ιιατθαῖος,
689 4098 802 4157 τοῖς
840 4094 1106 4149 Ἰουδαίων
1162 4093 1354 4164 δήμοις
1397 4094 1919 4166 ἰτροσπεφωνηκοῖις⁸

344 4211 361 4243 ι
395 4191 533 4259 Ἤδη
561 4191 617 4244 δὲ
655 4191 748 4242 καὶ
778 4191 811 4257 ἡ
848 4189 1006 4258 ἀξίνη
1039 4189 1176 4260 πρὸς
1203 4190 1301 4259 τὴν
1336 4191 1490 4261 ῥίζαν
1535 4191 1646 4244 τῶν
1689 4192 1923 4262 δένδρων

338 4285 530 4336 κεῖται.
566 4282 680 4338 Πᾶν
728 4276 821 4336 οὖν
861 4281 1075 4350 δένδρον
1113 4280 1187 4352 μὴ
1240 4281 1429 4335 ποιοῦν
1467 4282 1680 4352 καρπὸν
1733 4283 1919 4347 καλὸν,

339 4373 694 4435 ἐκκόπτεται,
739 4371 832 4428 καὶ
869 4372 949 4434 είς
989 4370 1100 4441 πῦρ
1150 4370 1431 4436 βάλλεται,
1485 4373 1579 4428 καὶ
1624 4373 1858 4427 καίεται.
1898 4395 1918 4426 ι

343 4465 534 4518 Ἔσται
565 4465 742 4518 τοίνυν
771 4463 933 4527 οὓτω,
967 4465 1124 4534 φησι,
1157 4464 1329 4534 μέγας
1357 4467 1385 4517 ὁ
1413 4467 1471 4518 ὲν
1495 4466 1633 4536 αὐτῇ
1669 4469 1918 4535 κοπετὸς,

2029 3392 2048 3426 ι
2079 3374 2270 3444 Aperi,
2306 3373 2741 3442 Libane,porlas
2780 3379 2922 3432 tuas,
2949 3378 3005 3422 et
3045 3368 3186 3436 ignis
3232 3367 3481 3422 comedat
3515 3381 3606 3421 ce-

2022 3465 2152 3520 dros
2193 3475 2333 3518 tuas.
2374 3462 2554 3519 Ulule-t
2594 3461 2772 3531 pinus,
2812 3460 2937 3528 quia
2982 3458 3179 3514 cecidit
3212 3460 3432 3522 cedrus,
3465 3472 3606 3524 quo-

2025 3558 2168 3612 uiam
2214 3565 2494 3624 inagnates
2517 3553 2870 3607 vehementer
2899 3550 3022 3604 facti
3068 3557 3197 3604 sunt
3223 3549 3430 3604 miseri.
3471 3546 3606 3603 Ulu-

2025 3650 2152 3712 late,
2187 3661 2422 3716 quercus
2471 3643 2843 3708 Basanitidis,
2901 3643 3158 3712 quoniam
3225 3641 3466 3696 succisus
3523 3650 3607 3697 est

2023 3741 2192 3795 saltus
2219 3738 2461 3793 consitus
2483 3739 2502 3768 ³
2536 3754 2549 3790 :
2591 3753 2610 3786 ι
2649 3735 2729 3790 sic
2775 3748 2923 3788 nunc
2958 3735 3088 3788 item
3122 3731 3320 3787 malum
3353 3732 3604 3801 punicum

2024 3834 2262 3886 excisam
2314 3829 2566 3899 appellat.
2609 3827 2788 3881 Testis
2833 3826 3043 3880 accedit
3096 3835 3151 3878 et
3201 3817 3417 3878 divinus
3468 3822 3606 3876 Mt-

2026 3924 2223 3984 thacus,
2287 3923 2377 3976 ubi
2441 3918 2639 3988 populo
2677 3916 2992 3972 Iudaeorum
3039 3915 3113 3969 ita
3169 3915 3602 3984 pmnuntiatur:

2032 4014 2202 4069 clam
2259 4012 2467 4068 securis
2521 4010 2587 4064 ad
2649 4008 2888 4063 radicem
2956 4007 3210 4061 arborum
3271 4006 3444 4076 posita
3501 4015 3602 4060 est.

2025 4107 2216 4164 Omnis
2275 4106 2437 4174 igitur
2491 4103 2655 4157 arbor
2699 4115 2808 4154 non
2866 4100 3048 4153 ferens
3097 4097 3330 4152 fructum
3379 4099 3602 4160 bonum,

2025 4195 2386 4261 cxscinditur,
2426 4205 2481 4248 et
2513 4194 2565 4246 in
2599 4193 2776 4261 ignem
2819 4189 3074 4254 mittitur,
3106 4195 3161 4240 et
3199 4186 3416 4241 ardet’.
3455 4185 3605 4262 »ιη-

2025 4291 2143 4359 quit
2171 4305 2326 4356 ergo,
2355 4294 2537 4341 tantus
2584 4283 2811 4339 exsistet
2862 4282 2916 4334 in
2981 4295 3043 4334 ea
3093 4278 3361 4349 planctus,
3431 4291 3605 4348 quan-

2026 4391 2114 4437 tus
2177 4386 2527 4434 exarescente
2590 4377 2711 4444 eius
2779 4373 2954 4427 fructu
3003 4371 3320 4440 improviso,
3369 4378 3424 4423 ct
3487 4369 3602 4438 ipsa

2025 4473 2226 4528 excisa.
2261 4489 2279 4522 ι
2310 4469 2533 4538 Planget
2577 4477 2757 4521 autem
2789 4477 2932 4519 terra
2967 4477 3064 4532 per
3105 4461 3278 4516 tribus
3303 4471 3358 4515 et
3398 4460 3599 4525 tribus,

339 4550 445 4618 οἷος
486 4555 553 4608 ἂν
585 4555 795 4623 γένοιτο
839 4552 1066 4625 ῥοῶνος,
1114 4552 1463 4621 ὲκτεθηλότος
1497 4555 1647 4623 αὐτῷ
1682 4553 1922 4626 δηλονότι

2034 4574 2088 4618 et
2129 4562 2382 4618 mulieres
2419 4573 2606 4614 eorum
2650 4572 2915 4611 seorsum.
2952 4574 2972 4606 ι
3022 4551 3139 4607 Non
3189 4561 3439 4622 putamus
3469 4567 3604 4607 sane

337 4647 430 4700 τοῦ
463 4645 696 4718 καρποῦ,
727 4645 821 4698 καὶ
847 4645 1127 4714 ἀδοκήτως
1164 4643 1592 4712 ἐκκοπτομένου.
1629 4663 1648 4695 ι
1679 4646 1921 4716 Κύψεται

337 4740 394 4798 δὲ
423 4742 456 4809 ἡ
488 4739 562 4809 γῆ
599 4738 741 4795 κατὰ
775 4738 947 4806 φυλὰς
978 4736 1171 4806 φυλὰς,
1219 4737 1314 4790 καὶ
1355 4736 1411 4788 αἱ
1457 4739 1710 4804 γυναῖκες
1740 4740 1921 4793 αὐτῶν

340 4832 458 4884 καθ’
496 4830 714 4895 ἑαυτάς.
743 4849 761 4879 ι
797 4831 908 4882 Καὶ
934 4827 1056 4882 οὔτε
1086 4827 1189 4881 ποῦ
1224 4844 1402 4896 φαμεν
1429 4828 1604 4880 ἐκεῖνο
1637 4829 1920 4899 βούλεσθαι

338 4921 531 4992 δηλοῦν
566 4922 659 4975 τὸν
692 4921 960 4991 μακάριον
989 4919 1294 4990 προφήτην,
1319 4918 1396 4982 ὡς
1422 4920 1642 4990 έστήκοι
1689 4923 1785 4992 μὲν
1818 4924 1920 4977 ἀνὰ

343 5015 502 5085 μέρος
534 5016 596 5071 τὸ
623 5013 789 5085 ἄρσεν
814 5017 872 5066 ἐν
905 5015 1109 5084 ἑκάστῃ
1143 5011 1309 5082 φυλῇ,
1334 5011 1436 5068 ἀνᾶ
1474 5014 1637 5084 μέρος
1666 5015 1723 5068 δὲ
1761 5014 1828 5070 αὖ
1861 5020 1919 5071 τὸ

341 5107 496 5177 θῆλυ,
544 5109 637 5162 καὶ
693 5108 1009 5177 ποιήσονται
1060 5105 1152 5159 τὸν
1187 5106 1448 5160 κοπετόνο
1485 5108 1738 5178 περιττὸν
1784 5111 1918 5182 γὰρ,

338 5199 412 5262 ὡς
460 5199 636 5263 ἔοικε,
675 5199 736 5254 τὸ
791 5199 1014 5269 χρῆμα,
1073 5197 1168 5250 καὶ
1224 5197 1610 5251 εἰκαιόὸουλον.
1665 5199 1917 5254 Διδάσκει

335 5293 391 5345 δὲ
443 5292 643 5361 μᾶλλον
675 5291 750 5355 ὡς
779 5291 984 5358 ἑκάστη
1016 5289 1158 5358 φυλὴ
1204 5290 1348 5346 κατὰ
1395 5291 1503 5342 τῶν
1549 5291 1606 5344 ἐν
1639 5292 1775 5363 αὐτῇ
1825 5310 1920 5360 γυ-

337 5385 542 5442 ναικῶν
589 5385 725 5439 ἰδίαν
770 5384 882 5451 ἓξει
924 5384 1048 5438 τινὰ
1097 5382 1195 5438 τοῦ
1246 5384 1445 5455 θρήνου
1492 5384 1592 5457 τὴν
1640 5387 1917 5459 ἀφορμήν.

340 5477 526 5550 Ταύτῃ
548 5494 630 5531 τοι
660 5477 825 5547 φησιν
852 5478 933 5533 ὃτι
951 5496 969 5528 ι
993 5476 1135 5548 «buli;
1167 5479 1316 5531 οἶκον
1351 5478 1514 5532 Aemo
1547 5479 1668 5532 καθ’
1702 5481 1918 5550 ἑαυτὴν,

337 5571 432 5628 καὶ
464 5571 523 5628 al
561 5572 814 5638 γυναῖκες
857 5569 1034 5624 αὐτῶν
1064 5570 1187 5625 καθ’
1226 5571 1443 5633 ἑαυτάς.
1477 5591 1494 5622 ι
1531 5573 1640 5626 Καὶ
1685 5573 1749 5644 δὴ
1788 5573 1920 5644 φέρε

337 5663 602 5734 λέγωμεν,
630 5660 703 5724 ὡς
731 5660 832 5724 ἔνι,
863 5660 955 5715 τὸν
981 5661 1218 5732 ἑκάστης
1267 5663 1446 5716 πόνον.
1475 5665 1536 5716 Ui
1571 5665 1669 5736 μὲν
1714 5665 1822 5737 γὰρ
1857 5668 1920 5720 ὲκ

406 5840 678 5896 'Zachar.
711 5854 786 5907 ιι,
827 5839 956 5905 1,2.
1033 5837 1262 5894 ³Μιιιιὶι.
1307 5853 1388 5906 ιιι,
1427 5839 1509 5896 ιο.

2027 4656 2243 4710 beatum
2295 4653 2611 4722 prophetam
2659 4649 2791 4704 illud
2835 4648 3012 4712 velle,
3061 4647 3116 4701 in
3169 4647 3410 4717 qualibet
3459 4646 3600 4700 tribu

2027 4761 2276 4802 seorsum
2325 4758 2503 4797 mares
2561 4757 2590 4795 a
2648 4739 2864 4796 feminis
2908 4749 3179 4806 staturos,
3223 4748 3279 4793 et
3323 4739 3601 4809 planctum

2028 4840 2284 4900 daturus;
2314 4841 2412 4889 hoc
2446 4835 2590 4890 enim
2628 4847 3090 4902 supervacaneum
3125 4843 3180 4886 et
3225 4831 3605 4887 inconsidera-

2029 4943 2140 4985 tum
2189 4930 2346 4984 foret.
2385 4928 2514 4982 Illud
2563 4927 2741 4995 potius
2780 4927 2958 4990 duret,
3012 4939 3451 4994 unamquamque
3501 4923 3601 4977 tri-

2027 5024 2154 5078 bmn
2193 5037 2314 5074 cum
2362 5019 2580 5073 feminis
2609 5017 2723 5072 suis
2748 5017 3074 5086 peculiarem
3103 5014 3433 5069 lamentandi
3469 5027 3603 5067 cau-

2024 5129 2139 5169 Sam
2194 5112 2523 5167 habituram.
2581 5108 2788 5164 Idcirco
2843 5110 3015 5178 inquit
3067 5124 3080 5160 :
3139 5105 3383 5161 «Tribus
3438 5104 3602 5157 David

2024 5220 2292 5270 seorsum,
2327 5215 2376 5257 et
2421 5203 2676 5257 mulieres
2723 5217 2932 5256 eorum,
2960 5214 3229 5255 seorsum.
3260 5217 3278 5249 ι
3311 5195 3431 5251 Jam
3472 5211 3602 5249 vero

2017 5307 2279 5368 quantum
2330 5311 2618 5365 possumus
2648 5293 2936 5361 cujuslibet
2968 5285 3315 5345 alﬂictionem
3343 5287 3601 5356 explane-

2020 5403 2157 5442 mus.
2208 5385 2462 5440 Tribulus
2507 5387 2653 5439 enim
2695 5399 2726 5438 e
2783 5385 2926 5438 tribu
2971 5381 3162 5446 David,
3209 5381 3324 5434 sive
3367 5376 3528 5439 Juda,
3571 5393 3605 5432 e

2021 5495 2187 5550 regno
2217 5480 2409 5543 excisi,
2441 5479 2770 5547 impotenter
2794 5474 3019 5543 ejulant,
3048 5483 3106 5526 ut
3144 5482 3293 5526 tanto
3315 5469 3603 5540 splendore

2018 5572 2254 5641 spoliati.
2282 5569 2484 5625 Levita:
2511 5584 2661 5634 vero,
2685 5567 2978 5622 sacerdOtii
3013 5567 3218 5620 honore
3236 5563 3470 5634 depulsi,
3493 5576 3599 5616 una

2021 5679 2145 5719 cum
2188 5663 2508 5719 mulieribus
2534 5659 2778 5732 planetui
2811 5673 2869 5714 sc
2909 5659 3134 5714 dabunt.
3169 5654 3244 5714 De
3275 5653 3476 5712 laruilia
3503 5667 3604 5710 au-
