4120 6376
506 399 611 457 9‘21

1501 393 1558 447 S.
1602 391 1877 449 CYRILLI
1919 389 2395 448 ALEXANDRINI
2435 390 2760 449 ARCHIEP.

3677 392 3784 448 9.38

512 529 618 570 tem
653 512 867 568 Nathan
900 511 1013 579 (hic
1038 521 1156 565 erat
1186 512 1473 582 prapheta,
1510 525 1619 565 fnec
1649 512 1871 566 omnino
1902 513 2089 579 verax)

2195 511 2370 582 φυλῆς
2411 512 2594 576 Δαὸὶδ,
2623 511 2742 581 ἢτοι
2785 509 2880 562 τοῦ
2920 507 3118 570 Ἰούδα,
3163 509 3262 575 τῆς
3295 507 3573 578 βασιλείας
3623 511 3784 564 ἐκκο-

510 608 764 662 similiter
802 606 1059 676 plangent
1089 623 1103 658 :
1138 620 1245 658 non
1283 604 1428 659 enim
1482 604 1666 657 licebit
1713 604 1818 658 illis
1862 603 2094 674 amplius

511 697 798 753 vaticinari
834 698 1041 767 iniqua,
1064 706 1121 751 et
1149 697 1292 766 loqui
1321 695 1389 751 de
1415 697 1580 750 corde
1607 711 1706 752 suo
1729 697 1771 761 ⁸,
1803 706 1856 751 et
1887 711 2095 752 sermo-

513 806 612 845 nes
670 805 800 844 suos
863 804 963 859 pro
1030 789 1227 842 divinis
1286 789 1568 842 venditare
1624 788 2090 858 imprudentibus,

513 885 746 950 indeque
776 891 934 952 turpe
977 882 1186 936 lucrum
1219 879 1499 949 colligere.
1536 878 1708 935 llabet
1737 894 1897 948 porro
1929 880 2095 934 tradi-

514 975 610 1039 tio,
643 973 863 1028 Judaeos
889 974 1101 1044 judices
1131 987 1228 1043 per
1250 981 1498 1042 tempora
1529 987 1625 1026 sua
1651 973 1998 1037 constitutos,
2027 971 2095 1027 de

513 1066 654 1119 trith
699 1064 968 1119 Simeonis
1023 1063 1238 1134 legisse,
1276 1063 1442 1134 786
1480 1072 1665 1133 utpote
1713 1077 1834 1132 quae
1876 1060 2095 1118 ﬂoreret

509 1159 644 1212 viris
675 1157 1140 1228 prudentissimis,
1190 1164 1246 1210 et
1292 1156 1470 1225 legum
1512 1154 1911 1222 scientissimis,
1951 1164 2006 1208 et
2041 1154 2092 1207 in

509 1254 620 1305 vita
655 1251 719 1304 ad
763 1249 908 1318 leges
939 1249 1348 1304 acconnnodata
1385 1247 1600 1302 caeteris
1634 1246 1800 1302 multo
1828 1255 2094 1316 praestan-

512 1341 762 1396 tioribus.
813 1341 1282 1396 Lamentabuntur
1333 1351 1516 1393 autem
1569 1339 1625 1392 Ιιί
1655 1353 1889 1408 quoque.
1944 1337 2093 1394 Hanc

509 1436 579 1489 ob
639 1449 859 1488 causam
912 1433 1066 1497 dicit,
1128 1433 1330 1486 tribum
1384 1431 1606 1486 Sitneon
1669 1431 2091 1503 lamentatnram

510 1540 776 1580 seorsum.
813 1523 934 1578 Non
979 1524 1125 1577 enim
1165 1524 1380 1576 sincere
1404 1521 1592 1590 judicii
1641 1537 1836 1576 munus
1866 1535 2094 1576 exerce-

511 1618 660 1681 bant,
703 1630 878 1684 neque
915 1615 1117 1669 divinis
1152 1613 1361 1682 legibus
1399 1614 1786 1680 obsequentes,
1815 1627 1934 1681 quae
1985 1612 2094 1668 Deo

510 1709 804 1774 placerent,
853 1714 1114 1776 praestare
1158 1705 1519 1768 conabantur,
1558 1705 1654 1759 sed
1700 1703 1870 1758 lucris
1915 1704 2094 1773 potius

509 1798 812 1860 inhiabant,
841 1797 1116 1851 levissimo
1152 1797 1326 1866 pretio
1356 1796 1518 1850 ﬁdem
1555 1810 1709 1850 suum
1756 1797 2090 1860 addicentes,

2196 605 2412 667 πέντες,
2454 601 2890 671 κατοιμώζουσιν
2917 601 3181 670 ἀσχέτως,
3212 601 3289 664 ὼς
3318 601 3418 671 τῆς
3450 599 3593 653 οὕτω
3628 618 3784 672 περι-

2196 694 2398 763 φανοῦς
2426 694 2676 758 εὐκλείας
2715 693 3196 764 ἀποστερούμενοι.
3237 693 3304 744 υτ
3338 709 3402 762 γε
3439 693 3545 763 μὴν
3583 694 3647 746 ὲκ
3683 695 3784 765 τῆς

2194 786 2290 840 τοῦ
2321 787 2474 852 Λευὶ,
2495 786 2604 840 τῶν
2634 788 2697 840 ὲκ
2730 786 2827 856 τῆς
2861 785 3160 856 ἱερωσύνης
3188 783 3548 854 ἐξωθούμενοι
3581 786 3780 857 γερῶν,

2194 877 2332 948 ὁμοῦ
2363 877 2579 946 γυναιξὶ
2607 877 2921 948 ποιήσονται
2961 876 3050 931 τὸν
3077 877 3309 948 κομμὸν.
3338 879 3401 930 Οί
3429 877 3485 930 δὲ
3519 878 3584 931 ἐκ
3611 877 3786 950 φυλῆς

2194 971 2289 1023 τοῦ
2325 970 2535 1036 Νάθαν,
2576 972 2863 1042 προφήτης
2888 969 2947 1022 δὲ
2975 962 3128 1033 οὗτος
3153 965 3242 1039 ἦν,
3285 969 3381 1022 καὶ
3421 970 3540 1040 οὐχὶ
3566 969 3788 1033 πάντως

2194 1058 2420 1131 ἀληθὴς,
2454 1058 2711 1128 κόψονται
2752 1058 2938 1112 πάλιν·
2971 1059 3032 1110 οὑ
3064 1057 3175 1128 γὰρ
3211 1052 3280 1128 ἦν
3311 1057 3495 1121 αὐτοῖς
3533 1057 3615 1110 ἔτι
3648 1075 3785 1130 προ-

2197 1151 2452 1222 φητεύειν
2474 1151 2653 1215 ἄδικα,
2681 1150 2777 1203 καὶ
2812 1149 2994 1203 λαλεῖν
3027 1149 3098 1202 τὰ
3129 1148 3238 1202 άπὸ
3268 1148 3515 1220 καρδίας,
3547 1149 3642 1203 καὶ
3669 1153 3784 1215 τοῖς

2195 1244 2476 1308 ἀσυνέτοις
2511 1244 2851 1297 καταπωλεῖν
2875 1244 2952 1307 ὡς
2987 1242 3136 1314 παρὰ
3161 1241 3298 1296 Θεοῦ
3336 1243 3464 1306 τοὺς
3499 1241 3662 1307 ἰδίους
3699 1242 3788 1296 λό-

2196 1353 2359 1404 γους,
2404 1336 2495 1390 καὶ
2537 1336 2637 1399 τὰς
2688 1335 2938 1388 ἐντεῦθεν
2991 1334 3270 1404 συλλέγειν
3319 1333 3780 1405 αἰσχροκερδείας.

2199 1430 2353 1500 Ἔχει
2379 1429 2435 1481 δὲ
2464 1431 2498 1499 ἡ
2528 1428 2844 1499 παράδοσις,
2876 1428 2958 1480 ὅτι
2995 1428 3120 1491 τοὺς
3153 1425 3348 1497 κριτὰς
3383 1425 3628 1481 Ἰουδαῖοι
3656 1427 3785 1490 τοὺς

2195 1521 2628 1590 καθισταμένους
2661 1520 2800 1572 κατὰ
2828 1519 3051 1591 καιροὺς
3072 1520 3136 1572 ὲκ
3159 1519 3259 1590 τῆς
3291 1518 3515 1588 Συμεὼν
3544 1517 3787 1589 ἐδέχοντο

2196 1613 2389 1682 φυλῆς,
2418 1613 2512 1666 ἆτε
2539 1613 2604 1681 δὴ
2646 1611 3045 1674 συνετωτάτους
3103 1611 3198 1664 καὶ
3227 1610 3554 1682 νομομαθεῖς
3586 1611 3786 1682 ἄνδρας

2196 1705 2448 1776 ἐχούσης,
2479 1706 2573 1758 καὶ
2604 1703 2738 1757 πολὺ
2773 1705 2882 1756 τῶν
2904 1703 3079 1756 ἄλλων
3117 1701 3585 1774 προφερεστέρους
3609 1701 3691 1765 εἴς
3723 1718 3787 1768 γε

2196 1798 2256 1851 τὸ
2284 1796 2382 1868 ζῇν
2431 1796 2646 1850 ἑλέσθαι
2683 1797 2943 1866 ἐννόμως.
2985 1795 3085 1848 Διά
3120 1794 3278 1848 τοῦτό
3317 1811 3482 1864 φησιν
3525 1794 3606 1847 ὃτι
3639 1793 3784 1864 Φυλὴ

507 1902 560 1942 et
622 1899 682 1943 ut
737 1890 812 1942 ait
862 1889 1178 1958 propheta:
1228 1886 1497 1942 «Judices
1551 1901 1740 1942 eorum
1797 1886 1943 1940 sicut
1987 1885 2092 1955 lupi

2199 1889 2424 1960 Συμεὼν
2467 1888 2692 1957 κόιῖκεται
2727 1889 2847 1941 καθ’
2884 1887 3108 1956 ἑαυτήν.
3137 1887 3295 1950 Ἵδιος
3322 1886 3381 1940 δέ
3417 1903 3500 1950 τις
3531 1888 3628 1940 καὶ
3661 1888 3787 1940 τού-

508 1981 726 2034 Arabize
773 1981 817 2033 ⁵.
849 1999 868 2030 ›
912 1978 1222 2034 Lamentari
1260 1989 1440 2034 autem
1483 1993 1588 2032 una
1621 1978 1784 2032 etiam
1817 1977 1951 2033 alias
1997 1978 2090 2031 tri-

2199 1997 2313 2042 τοις
2339 1979 2367 2031 ό
2396 1977 2613 2048 θρῆνος.
2643 1977 2716 2030 Ού
2756 1977 2864 2046 γὰρ
2895 1975 3107 2048 ἔκρινον
3145 1975 3342 2047 ὀρθῶς,
3369 1973 3493 2028 οῦτε
3533 1975 3638 2046 μὴν
3673 1978 3786 2048 τοῖς

507 2071 611 2126 bus
638 2071 942 2141 oportebat,
974 2069 1467 2140 ut-jncundissimis
1502 2070 1602 2124 sibi
1640 2069 1836 2124 ritibus
1878 2078 1933 2124 et
1963 2067 2092 2123 lucis

2197 2068 2363 2130 θείοις
2404 2068 2644 2131 εἴκοντες
2675 2067 2882 2138 νόμοις,
2913 2067 2975 2120 τὸ
3003 2067 3084 2136 τῷ
3109 2065 3228 2136 Θεῷ
3255 2065 3443 2121 δοκοῦν
3484 2066 3787 2137 ἀποπεραί-

506 2159 734 2229 ejectas,
777 2161 886 2215 imo
919 2170 974 2214 et
999 2161 1115 2230 ipsa
1161 2172 1336 2214 morte
1377 2175 1564 2214 earum
1605 2161 1872 2230 capitibus
1914 2160 2093 2215 immi-

507 2262 694 2316 nente,
740 2253 967 2322 ipsaque
998 2251 1146 2306 fame
1186 2252 1360 2308 instar
1403 2252 1617 2306 hostilis
1659 2251 1824 2322 gladii
1861 2265 1954 2306 eas
1998 2251 2091 2304 ab-

505 2353 769 2397 sumente.

2196 2180 2305 2215 νειν
2353 2160 2708 2225 ἐσπούδαζον,
2755 2157 2918 2231 ἦσαν’
2944 2159 3001 2212 δὲ
3054 2159 3252 2229 μᾶλλον
3287 2158 3654 2230 φιλοκερδεῖς,
3692 2159 3787 2211 καὶ

2191 2253 2546 2316 εύωνότατοι,
2593 2253 2687 2306 καὶ
2813 2268 2979 2324 φησιν
3018 2253 3046 2305 ὁ
3092 2253 3414 2322 προφήτης,
3452 2271 3469 2302 ι
3499 2251 3560 2303 Οἱ
3601 2251 3786 2321 κριταὶ

2190 2347 2360 2417 αὐτῆς
2387 2345 2463 2410 ὡς
2489 2345 2642 2398 λύκοι
2675 2346 2774 2415 τῆς
2802 2344 3115 2416 Ἀραϐίας.»
3144 2344 3538 2415 Συνοδύρεσθαι
3567 2343 3625 2396 δὲ
3655 2343 3787 2396 ταύ-

502 2452 621 2499 ταις
663 2438 958 2507 άναγκαῖόν
992 2456 1106 2502 πως
1145 2434 1212 2509 ἦν
1286 2437 1382 2491 καὶ
1453 2436 1554 2500 τὰς
1595 2437 1786 2508 ἐτέρας
1823 2439 2024 2506 φυλὰς,
2062 2438 2158 2492 ἆτε
2196 2439 2260 2510 δὴ
2302 2439 2408 2493 τῶν
2445 2439 2676 2510 ἡδίστων
2715 2440 2906 2502 αὐταῖς
2945 2437 3083 2492 ἐθῶν
3118 2455 3179 2492 τε
3223 2439 3319 2491 καὶ
3360 2435 3540 2488 τόπων
3578 2436 3786 2503 ἐκπεμ-

504 2529 769 2599 πομένας,
807 2531 1008 2602 μᾶλλον
1037 2532 1093 2585 δὲ
1124 2535 1220 2585 καὶ
1250 2530 1414 2584 αὐτοῦ
1447 2530 1678 2584 θανάτου
1709 2531 2091 2602 ἐπηρτημένου
2130 2537 2250 2598 ταῖς
2318 2535 2468 2605 σφῶν
2506 2535 2769 2604 κεφαλαῖς
2804 2534 3118 2602 ,φθάνοντος
3149 2533 3206 2587 δὲ
3271 2533 3459 2603 ὥσπερ
3489 2529 3596 2585 τῶν
3626 2527 3784 2582 πολε-

509 2626 645 2691 μίων
673 2623 735 2676 τὸ
764 2623 914 2694 ξίφος
949 2625 1044 2678 καὶ
1070 2622 1236 2677 αὐτοῦ
1268 2622 1364 2676 τοῦ
1397 2623 1579 2693 λιμοῦ.

1128 2757 1284 2811 CAP.
1327 2756 1466 2812 Xlll.

579 2893 737 2947 Vens.
796 2893 848 2945 l.
892 2889 957 2945 In
993 2891 1076 2944 die
1108 2889 1204 2943 illa
1248 2891 1346 2943 erit
1379 2890 1547 2943 antnis
1592 2889 1737 2943 locus
1783 2899 1994 2958 apertus
2033 2891 2089 2943 in

503 2988 660 3040 domo
710 2984 899 3048 David,
930 2992 978 3038 et
1017 2983 1382 3036 habitantibus
1411 2981 1731 3046 Jerusalem,
1763 2991 1811 3036 et
1835 2982 1892 3036 in
1916 2993 2090 3035 trans-

502 3079 854 3132 mutationem
905 3087 951 3131 et
982 3077 1356 3144 aspersionem.

575 3256 760 3313 XCVI.
800 3255 938 3324 Post
985 3258 1087 3311 hoc
1138 3255 1428 3311 adventum
1484 3255 1684 3311 Christi
1740 3257 2091 3327 diligentibus

507 3363 771 3405 eventura
811 3351 1106 3418 percurrit.
1137 3349 1239 3415 Qui
1273 3350 1420 3403 enim
1466 3349 1520 3403 in
1567 3365 1664 3403 sua
1715 3349 2093 3406 incredulitate

507 3443 833 3498 insolentius
881 3458 938 3497 se
984 3451 1297 3512 gesserunt,
1335 3441 1759 3506 obsidebantur,
1795 3443 1992 3512 inquit,
2039 3454 2094 3498 et

509 3537 560 3588 in
596 3534 830 3588 miseriis
861 3534 973 3588 suis
1013 3533 1316 3603 ejulabunt.
1355 3534 1454 3587 Ast
1491 3533 1545 3586 in
1591 3547 1674 3596 ea,
1703 3548 1865 3601 quant
1913 3544 2093 3588 mente

506 3638 840 3697 Spectamus,
904 3636 960 3680 et
1009 3641 1138 3680 vere
1200 3635 1388 3680 sancta
1437 3623 1812 3696 Hierosolyma
1836 3625 1880 3690 “,
1933 3637 1987 3680 et
2036 3626 2089 3679 in

506 3719 669 3770 domo
707 3715 896 3776 David,
933 3715 1035 3769 hoc
1061 3725 1164 3779 est,
1201 3714 1462 3781 Ecclesia,
1508 3716 1600 3769 ubi
1633 3730 1697 3769 ex
1735 3715 1946 3770 semine
1990 3715 2092 3769 Da-

507 3808 596 3862 vid
629 3808 928 3862 secundutn
955 3821 1174 3861 carnem
1204 3807 1454 3862 Christus
1484 3808 1821 3876 apparuerit,
1853 3825 1871 3859 ι
1903 3805 2090 3863 Omnis

505 3899 658 3954 locus
709 3899 936 3968 patebit,
968 3917 988 3950 ι
1045 3898 1148 3951 hoc
1185 3907 1292 3963 est,
1351 3898 1515 3951 multa
1567 3901 1672 3952 erit
1727 3899 1979 3964 latitudo,
2034 3909 2089 3952 et

505 3989 659 4060 quasi
687 3991 971 4044 remissum
996 4001 1050 4046 et
1082 3991 1287 4056 laxum,
1319 3991 1834 4058 optatissimumque
1864 4001 1918 4044 et
1939 3991 2087 4046 omni

506 4082 751 4136 molestia
796 4081 1187 4137 solutissimum
1227 4083 1437 4135 vivendi
1483 4096 1672 4150 genus.
1723 4081 1877 4136 Scias
1927 4097 2088 4151 porro

505 4175 691 4238 velim,
743 4175 795 4228 in
835 4175 1057 4230 llebraza
1102 4176 1340 4230 editione
1379 4177 1704 4230 sententiam
1749 4178 1889 4230 hanc
1933 4177 2088 4232 aliter

506 4247 744 4319 exstare.
777 4264 910 4319 Nam
936 4281 1054 4335 pro,
1091 4283 1109 4316 ι
1141 4265 1259 4319 Erit
1280 4266 1459 4320 omnis
1487 4266 1638 4320 locus
1665 4277 1904 4336 apertus,
1940 4286 1958 4318 ι
1988 4269 2084 4335 ait,

506 4358 625 4413 fore
664 4369 720 4412 ιιι
758 4359 938 4413 omnis
994 4357 1116 4413 fons
1153 4360 1433 4413 scaturiat.
1471 4357 1537 4413 Et
1568 4359 1846 4428 probabile
1874 4372 1958 4416 est
1993 4363 2086 4416 ad—

507 4451 760 4513 modum,
806 4449 971 4504 etiam
1003 4449 1142 4504 LXX
1176 4451 1677 4522 interpretationem
1725 4453 1916 4508 eodem
1969 4465 2086 4510 ten-

505 4542 657 4605 dere,
708 4541 958 4610 quamvis
1003 4543 1170 4596 verba
1220 4557 1380 4596 secus
1421 4544 1681 4608 habeant,
1737 4554 1794 4599 ut
1827 4546 2081 4616 quiddam

506 4631 772 4700 ejusmodi
813 4632 1172 4702 significetur.
1209 4632 1486 4688 lncredula
1535 4651 1726 4706 nempe
1779 4647 1834 4691 et
1862 4637 2084 4693 recalci-

508 4734 678 4786 trans,
730 4739 987 4793 pcrversa
1065 4733 1120 4778 et
1176 4727 1472 4794 apostatrix
1526 4725 1850 4792 Jerusalem,
1914 4748 1932 4780 ι
1963 4745 2085 4799 quas

506 4818 709 4872 orcidit
736 4819 1050 4886 prophetas,
1089 4828 1143 4873 et
1177 4818 1380 4888 lapidat
1408 4835 1503 4876 eos
1543 4821 1633 4891 qui
1674 4823 1740 4876 ad
1770 4837 1890 4877 eam
1933 4825 2082 4879 missi

505 4909 695 4973 sunt",
733 4927 752 4960 ι
786 4909 1084 4979 condignas
1134 4911 1360 4967 audacia
1410 4928 1506 4968 sua
1561 4928 1750 4979 poenas
1792 4916 2082 4985 persolvet.

506 5001 872 5056 Exscindetur
905 5003 1075 5066 enim,
1108 5019 1208 5058 ceu
1246 5005 1419 5060 malus
1457 5007 1672 5076 punica.
1705 5007 2085 5064 Habitantibus

507 5109 684 5148 autem
718 5091 1016 5148 Jerusalem
1047 5110 1168 5165 qua:
1196 5095 1550 5171 intelligentia
1589 5099 1940 5166 conspicitur,
1970 5101 2084 5155 sive

505 5189 724 5241 domum
771 5185 932 5248 Juda.
987 5189 1036 5242 id
1092 5197 1196 5252 est,
1251 5187 1478 5253 Christi,
1527 5191 1680 5244 «erit
1715 5192 1892 5246 omnis
1936 5193 2085 5247 locus

506 5289 747 5346 apertus,
779 5296 797 5329 ι
835 5281 948 5332 sive
979 5277 1031 5332 in
1071 5281 1217 5334 omni
1251 5278 1371 5334 loco
1401 5279 1542 5346 fons,
1577 5283 1913 5351 purgationis
1944 5300 2083 5353 aqua

507 5384 755 5434 manans,
804 5371 992 5440 utique
1041 5373 1182 5425 sacri
1243 5371 1627 5442 baptismatis,
1674 5375 1740 5427 ad
1795 5375 2080 5430 utilitatem

507 5463 864 5528 credentium,
914 5483 932 5514 ι
964 5473 1016 5516 et
1069 5464 1122 5517 in
1178 5465 1685 5520 transmutationem
1730 5466 1893 5536 787
1921 5475 1975 5520 et
2029 5467 2081 5519 in

507 5555 894 5622 aspersionem.
927 5576 946 5609 ι
976 5556 1232 5623 Quaenam
1278 5558 1380 5613 ista
1423 5560 1838 5613 transmutatio?
1871 5559 2085 5614 Judmo-

508 5659 625 5698 rum
672 5660 738 5700 ex
788 5647 1126 5704 institutione
1174 5649 1327 5719 legali
1382 5651 1447 5704 ad
1491 5651 1658 5704 vitam
1717 5651 1770 5703 in
1829 5651 2081 5715 Christo,

576 5824 597 5855 ⁴
624 5820 825 5880 Jerem.
853 5840 1010 5889 xsttt,
1039 5826 1123 5882 lG.
1203 5829 1221 5859 '
1255 5828 1495 5895 Supltnn.
1526 5843 1609 5896 ιιι,
1639 5829 1691 5893 5.
1734 5827 1791 5899 Ξδ
1819 5826 1982 5882 llcbr.
2022 5842 2116 5888 stt,
2147 5829 2234 5884 ἓξ).

2812 2758 3064 2810 ΚΕΦΑΛ.
3099 2756 3200 2811 ΙΓ’.

2278 2890 2376 2942 Ἐν
2403 2889 2474 2958 τῇ
2514 2891 2704 2960 ἡμέρᾳ
2740 2892 2942 2959 ἐκείνῃ
2984 2890 3158 2945 ἔσται
3189 2891 3308 2957 πᾶς
3345 2893 3528 2957 τόπος
3561 2891 3780 2946 διανοι-

2196 2980 2450 3049 τιὸμενυς
2488 2981 2559 3034 ἐν
2586 2981 2667 3047 τῷ
2697 2982 2842 3048 οἴκῳ
2867 2981 3064 3045 Δαϐίδ,
3095 2982 3194 3036 καί
3239 2981 3363 3047 τοῖς
3395 2982 3782 3037 κατοικοῦσιν

2207 3072 2616 3143 Ἰερουσαλὴμ,
2660 3075 2756 3127 καί
2799 3077 2887 3138 εὶς
2933 3073 3056 3141 τὴν.
3097 3075 3514 3144 μετακίνησιν,
3555 3075 3654 3128 καί
3693 3078 3782 3140 εις

2118 3142 2158 3198 C
2193 3163 2300 3217 τὸν
2318 3142 2675 3234 partiario)“.

2267 3260 2398 3325 ιιςν.
2454 3258 2764 3330 Ἐπιτρέχει
2799 3257 2878 3328 τῷ
2927 3257 3069 3330 λόγῳ
3101 3257 3169 3311 τὰ
3219 3258 3358 3328 μετά
3407 3256 3565 3313 τοῦτο
3619 3258 3780 3312 πάλιν

2193 3349 2432 3419 ἐσόμενα
2472 3352 2586 3413 τοῖς
2631 3350 2944 3418 ἠγαπηκόσι
2990 3351 3090 3422 τὴν
3135 3351 3457 3421 ἐπιφάνειαν
3501 3351 3595 3404 τοῦ
3642 3353 3780 3422 Χρισ-

2197 3439 2344 3494 στοῦ.
2386 3442 2451 3493 Οἱ
2493 3440 2591 3510 μὲν
2625 3441 2733 3508 γὰρ
2778 3444 2900 3504 ταῖς
2953 3441 3262 3506 ἀπειθείαις
3309 3442 3676 3514 ὲξυϐρικότες,
3723 3446 3778 3496 ἐν

2195 3533 2530 3603 πολιορκίαις
2562 3534 2795 3600 ἔσονται,
2833 3535 2986 3605 φησὶ,
3019 3535 3114 3588 καὶ
3145 3536 3237 3588 ἐπί
3277 3552 3337 3604 γε
3367 3539 3479 3599 τοῖς
3513 3537 3661 3606 σφῶν
3687 3539 3781 3591 αύ-

2191 3626 2301 3678 τῶν
2333 3626 2987 3697 κατοιμώξουσι,κακοῖς.
3047 3629 3135 3681 Ἐν
3177 3629 3234 3681 δέ
3277 3646 3340 3697 γε
3374 3633 3439 3701 τῇ
3472 3634 3636 3702 νοητῇ
3687 3632 3780 3684 καὶ

2194 3721 2325 3790 ἁγία
2359 3720 2499 3773 κατὰ
2538 3721 2598 3773 τὸ
2646 3720 2846 3791 ἀληθὲς
2881 3721 3272 3793 Ἰερουσαλὴμ,
3310 3723 3403 3776 καὶ
3439 3725 3496 3776 ὲν
3534 3723 3612 3794 τῷ
3645 3724 3780 3794 οἴκῳ

2193 3810 2391 3875 Δαὸὶδ,
2439 3811 2687 3864 τουτέστι
2742 3815 2809 3882 τῇ
2867 3811 3183 3884 Ἐκκλησία,
3223 3813 3319 3866 τοῦ
3369 3815 3670 3882 πεφηνότος
3718 3819 3780 3867 εκ

2194 3903 2503 3973 σπέρματος
2532 3903 2696 3955 Δαὸὶδ
2729 3903 2872 3956 κατά
2904 3903 3083 3974 σάρκα
3119 3905 3378 3974 Χριστοῦ,
3417 3925 3435 3957 ι
3470 3907 3586 3970 Πᾶς
3609 3907 3778 3968 τόπος

2191 3993 2343 4047 ἔσται
2402 3994 2885 4064 διανοιγόμενος,ι
2939 3997 3212 4060 τουτέστι,
3263 3997 3434 4068 πολλή
3483 4017 3567 4062 τις
3619 4000 3779 4070 εῦρυ-

2190 4087 2388 4155 χωρία,
2419 4086 2514 4138 καὶ
2542 4085 2653 4139 οἷον
2685 4087 2941 4158 ἀνειμένη
2971 4088 3150 4143 δίαιτα
3176 4089 3501 4161 τριπόθητος
3527 4092 3618 4144 καὶ
3645 4093 3779 4144 ἁπο-

2190 4179 2426 4248 νωτάτη.
2465 4179 2661 4232 Ἰστὲον
2693 4180 2749 4233 δὲ
2789 4181 2872 4233 ὃτι
2901 4182 2962 4234 τὸ
2997 4183 3162 4254 ῥητὸν
3193 4183 3435 4254 Ἑϐραῖοι
3467 4185 3629 4238 πάλιν
3661 4186 3778 4238 ἐτέ-

2193 4287 2300 4340 ρως
2325 4271 2704 4327 ἐκδεδώκασιν.
2743 4274 2890 4327 ’Δντὶ
2919 4275 3027 4346 γὰρ
3052 4276 3172 4342 τοῦ,
3206 4295 3225 4329 ι
3259 4278 3450 4330 Ἔσται
3482 4279 3589 4341 πᾶς
3612 4277 3777 4340 τόπος

2186 4363 2614 4435 διανοιγόμενος,
2646 4385 2664 4415 ι
2704 4368 2886 4419 πᾶσαν
2931 4365 3150 4421 ἔσεσθαι
3181 4368 3364 4439 πηγὴν
3403 4367 3776 4441 ἀναϐρύουσαν

2188 4456 2398 4526 ἔφησαν
2423 4456 2595 4510 αύτοί.
2627 4458 2736 4510 Καὶ
2775 4459 2924 4522 είκός
2963 4476 3028 4526 γε
3074 4461 3299 4533 σφόδρα,
3340 4462 3433 4514 καὶ
3459 4464 3560 4532 τῆς
3599 4463 3774 4534 ἑρμη-

2191 4546 2337 4611 νείας
2373 4546 2483 4600 τῶν
2525 4547 2933 4620 Ἑϐδομήκοντα
2961 4551 3052 4604 τὸν
3093 4551 3294 4604 σκοπὸν
3330 4552 3411 4615 είς
3447 4552 3604 4604 τοῦτο
3645 4552 3776 4604 αὐτὸ

2194 4638 2583 4702 συντείνεσθαι,
2630 4641 2735 4694 κᾶν
2765 4642 2812 4694 εἰ
2859 4642 3061 4714 ἑτέρως
3095 4643 3207 4714 ἔχοι
3238 4644 3338 4715 τῆς
3371 4637 3479 4697 τῶν
3514 4643 3776 4715 ῥημάτων

2199 4733 2472 4802 προφορᾶς
2497 4732 2526 4783 ὁ
2561 4733 2782 4802 τρόπος,
2814 4734 2899 4788 ἵνα
2927 4752 2978 4788 τι
3010 4732 3301 4810 τοιοῦτονῇ
3331 4737 3392 4790 τὸ
3424 4737 3769 4808 δηλούμενον.

2203 4822 2268 4874 Ἦ
2317 4823 2415 4892 μὲν
2460 4823 2568 4895 γὰρ
2608 4825 2868 4896 ἀπειθὴς,
2917 4827 3012 4880 καὶ
3050 4826 3260 4896 ὲξήνιος
3310 4827 3694 4898 Ἰερουσαλὴμ,
3737 4828 3772 4898 ἡ

2194 4917 2406 4986 πονηρά
2434 4933 2494 4968 τε
2542 4917 2638 4969 καὶ
2670 4918 3000 4981 ἀποστάτις,
3046 4929 3070 4969 ἰ
3110 4919 3174 4972 Ἦ
3206 4920 3600 4974 ἀποκτείνουσα
3647 4924 3774 4985 τοὺς

2194 5009 2497 5076 προφήτας,
2531 5009 2627 5060 καὶ
2651 5009 2996 5063 λιθοϐολοῦσα
3020 5011 3144 5073 τοὺς
3168 5012 3610 5082 ἀπεσταλμένους
3636 5012 3773 5084 πρὸς

2191 5099 2381 5168 αὐτὴν,
2410 5121 2426 5151 ι
2465 5100 2564 5164 τὰς
2595 5104 2707 5165 τοῖς
2740 5103 2890 5165 ἰδίοις
2921 5102 3266 5173 τολμήμασιν
3307 5103 3583 5173 ἀναλόγως
3619 5105 3774 5176 ἑχού-

2193 5206 2291 5253 σας
2333 5193 2547 5245 ἀποτιεῖ
2583 5193 2760 5256 δίκας.
2797 5195 3189 5265 Ἐκκοπήσεται
3219 5195 3328 5266 γὰρ
3365 5197 3564 5266 ροὦνος
3592 5195 3769 5262 δίκην.

2191 5282 2314 5346 Τοῖς
2360 5299 2422 5350 γε
2460 5283 2566 5353 μὴν
2614 5285 2822 5337 οἰκοῦσι
2869 5286 2967 5356 τὴν
3001 5285 3195 5357 νοητὴν
3234 5287 3619 5360 Ἰερουσαλὴμ,
3651 5289 3767 5358 ἦτοι

2189 5371 2280 5422 τὸν
2309 5370 2457 5425 οἶκον
2489 5373 2676 5437 Ἰούδα,
2709 5374 2955 5426 τουτέστι
3008 5375 3267 5448 Χριστοῦ,
3308 5397 3325 5427 ι
3353 5376 3507 5432 ἔσται
3541 5379 3650 5441 πᾶς
3683 5378 3771 5430 τό.

2192 5483 2293 5527 πος
2329 5467 2749 5536 διανοιγόμενος,
2780 5481 2797 5516 ι
2845 5468 3010 5537 Ιἤγουν
3038 5469 3095 5520 ὲν
3133 5470 3295 5522 παντὶ
3333 5469 3484 5541 τόπῳ
3510 5471 3681 5540 πηγὴ,
3708 5471 3771 5522 τὸ

2192 5559 2292 5628 τῆς
2333 5559 2650 5626 καθάρσεως
2693 5559 2836 5632 ὕδωρ
2871 5560 3239 5632 άναϐρύουσα,
3272 5561 3433 5632 δῆλον
3477 5562 3535 5616 δὲ
3561 5564 3641 5615 ὅτι
3673 5561 3769 5615 τοῦ

2196 5650 2351 5720 ἁγίου
2398 5650 2798 5722 βαπτίσματος,
2842 5653 2917 5717 ὡς
2951 5649 3088 5708 εἶναι
3130 5655 3398 5726 χρήσιαον
3446 5657 3558 5718 τοῖς
3603 5669 3770 5708 πεπυ

2338 5831 2355 5861 ⁷
2389 5829 2579 5886 Matth.
2614 5845 2770 5897 χχιιι,
2803 5836 2890 5891 57.
