4120 6376
370 399 475 454 229

1175 396 1724 454 COMMENTARIUS
1762 395 1830 450 IN
1872 395 2274 452 ZACIIARIAM
2315 395 2760 454 PROPHETAM.

3525 400 3634 455 9.ὗο

377 510 658 572 στευκόσι,
718 529 736 562 ι
767 511 859 564 καὶ
910 511 987 573 είς
1040 511 1140 582 τὴν
1190 516 1566 583 μετακίνησιν,
1617 513 1710 566 καὶ
1743 514 1824 576 είς
1865 511 1956 565 τὸν

2064 515 2134 566 ab
2173 512 2362 568 mnbra
2401 515 2468 568 ad
2494 515 2798 578 veritatem,
2836 530 2864 568 a
2889 524 3012 587 typo
3031 523 3086 568 et
3131 514 3307 568 littera
3337 513 3402 567 ad
3429 514 3633 568 cultum

376 602 688 676 ραντισμόν.
718 621 736 652 ι
772 603 879 654 Καὶ
907 601 990 665 τίς
1035 603 1070 671 η
1106 603 1490 673 μετακίνησιςς
1536 604 1806 656 Ἰουδαίων
1855 605 1952 673 μὲν

371 697 433 748 ἐκ
465 693 694 765 νομικῆς
726 695 949 765 ἀγωγῆς
995 696 1074 758 είς
1117 696 1390 749 πολιτείαν
1427 697 1524 765 τὴν
1567 697 1662 750 ἐπὶ
1700 696 1949 768 Χριστῷ⁹

369 787 480 842 ἀπὸ
516 788 673 850 σκιᾶς
715 788 794 850 είς
835 785 1112 858 ἀλήθειαν,
1155 790 1220 840 ἐκ
1253 787 1424 841 τύπου
1461 789 1555 841 καὶ
1598 789 1952 860 γράμματος,

371 884 450 944 είς
489 879 742 949 λατρείαν
789 880 1185 950 πνευματικήν.
1219 881 1448 952 Ἕλλησι
1497 881 1551 933 δὲ
1601 881 1954 952 μετακίνησις

370 970 453 1032 τίς
483 969 668 1035 ἔσται;
708 969 798 1033 Ἐξ
844 969 1104 1032 ἀπιστίας
1152 971 1378 1040 ἥκουσιν
1423 973 1516 1024 ἐπὶ
1560 971 1621 1024 τὸ
1665 971 1954 1023 πιστεῦσαι

372 1057 627 1130 Χριστῷο
667 1058 726 1124 ἐξ
770 1057 1039 1127 ἀμαθείας
1088 1057 1185 1128 τῆς
1237 1058 1492 1130 πρώτης,
1537 1061 1616 1122 εἰς
1659 1060 1954 1128 ἐπίγνωσιν

371 1149 652 1220 ἀκραιφνῆ
689 1148 784 1202 τοῦ
816 1149 958 1203 κατά
1001 1149 1257 1221 ἀλήθειαν
1292 1151 1443 1214 ὄντος
1475 1151 1608 1206 Θεοῦ
1628 1169 1642 1183 ’
1676 1151 1783 1205 ἀπὸ
1831 1152 1956 1206 σκόο

370 1258 493 1302 τους
549 1242 630 1303 είς
677 1240 972 1310 φωτισμόν.
1034 1241 1406 1311 Μετακίνησις
1451 1243 1509 1295 δὲ
1561 1243 1743 1314 κοινὴ,
1791 1245 1955 1296 παντὶ

373 1332 657 1398 πρέπουσα
683 1329 762 1399 τῷ
790 1330 1111 1401 κεκλημένῳ
1139 1331 1226 1385 διὰ
1262 1333 1362 1402 τῆς
1401 1334 1636 1397 πίστεως
1658 1375 1673 1397 ,
1720 1335 1953 1404 Ἰουδαίῳ

372 1438 431 1474 τε
465 1423 558 1475 καὶ
580 1421 824 1490 Ἕλληνι,
853 1421 959 1475 ἀπὸ
988 1421 1081 1474 τοῦ
1123 1426 1337 1492 φρονεῖν
1381 1424 1448 1477 τά
1498 1424 1720 1495 σαρκὸς,
1763 1427 1855 1477 ἐπὶ
1894 1425 1954 1477 τὸ

372 1513 585 1566 ἑλέσθαι
616 1513 715 1584 ζῇν
746 1515 928 1579 ὁσίως,
969 1514 1064 1567 καὶ
1105 1515 1382 1585 καθαρῶς,
1415 1516 1510 1569 καὶ
1545 1520 1865 1588 περιπατεῖν
1895 1518 1952 1569 ἐν

373 1604 679 1674 πνεύματι,
721 1605 862 1658 κατά
889 1607 988 1675 τὴν
1017 1607 1112 1659 τοῦ
1149 1607 1423 1677 μακαρίου
1470 1606 1683 1660 Παύλου
1730 1609 1912 1678 φωνήν
1935 1624 1948 1638 ·

371 1698 433 1749 ὲκ
462 1697 553 1749 τοῦ
575 1698 739 1767 τιμᾷν
765 1695 831 1750 τὰ
861 1699 918 1748 ἐν
958 1701 1147 1767 κόσμῳ
1174 1700 1254 1761 είς
1287 1698 1346 1750 τὸ
1370 1699 1654 1768 ἀγαπῆσαι
1683 1700 1752 1752 τὰ
1782 1700 1953 1771 ὑπερ-

373 1789 591 1857 κόσμια.
619 1789 740 1840 Ὅτι
769 1788 826 1840 δὲ
861 1788 918 1841 τὸ
959 1789 1100 1842 θεῖον
1137 1791 1232 1842 καὶ
1272 1791 1413 1861 ἱερὸν
1447 1790 1724 1860 δεχόμενοι
1755 1791 1951 1860 βάπτι-

2057 606 2414 673 spiritualem.
2451 607 2708 672 ancnam
2752 620 2930 662 autem
2972 608 3281 662 Grmcorum
3311 609 3416 660 erit
3459 617 3636 660 trans-

2057 702 2328 755 mutatio?
2382 703 2456 756 Ex
2505 702 2886 756 incredulitate
2935 700 3000 752 ad
3049 698 3269 753 Christo
3307 697 3636 752 credendum

2056 793 2300 856 veniunt,
2346 804 2401 847 et
2445 810 2513 848 ex
2554 795 2862 865 ignorantia
2907 789 3143 845 maxima
3195 791 3260 844 ad
3301 788 3675 859 agnitionem‘

2055 898 2244 951 puram
2298 887 2413 940 veri
2473 885 2602 952 Dei;
2650 903 2679 940 a
2743 885 2980 940 tenebris
3031 884 3096 938 ad
3153 882 3633 936 illuminatlonem.

2057 970 2463 1030 Transmutatio
2493 985 2674 1029 autem
2723 973 3051 1039 communis,
3081 974 3305 1028 cuilibet
3347 985 3442 1044 per
3477 972 3636 1026 ﬁdem

2055 1075 2248 1117 vocato
2276 1065 2632 1130 conveniens,
2666 1063 2852 1120 Iudaeo
2877 1076 2932 1120 et
2956 1065 3166 1131 Graeco,
3207 1081 3238 1119 a
3284 1066 3544 1135 sapiendo
3570 1079 3635 1120 ea

2054 1171 2174 1224 qum
2219 1157 2399 1210 carnis
2451 1168 2578 1212 sunt
2620 1160 2684 1211 ad
2728 1167 2916 1211 sancte
2949 1171 3012 1210 ac
3043 1171 3197 1226 pure
3244 1157 3456 1212 vivendi
3490 1169 3540 1212 et
3581 1158 3637 1212 in

2057 1251 2252 1317 spiritu
2283 1252 2594 1306 auibulandi
2621 1252 2930 1313 consilium,
2963 1251 3037 1303 uti
3072 1251 3264 1304 beatus
3293 1248 3493 1303 Paulus
3517 1250 3639 1304 hor-
3683 1319 3688 1323 _

2056 1344 2279 1406 tatur“;
2317 1361 2381 1396 cx
2417 1346 2776 1397 admiratione
2803 1359 2991 1398 eorum
3025 1356 3145 1410 quae
3179 1340 3231 1394 in
3277 1341 3482 1394 mundo
3510 1349 3637 1394 sunt

2055 1436 2122 1488 ad
2177 1435 2444 1504 diligenda
2495 1450 2614 1502 qna‘
2661 1449 2823 1502 supra
2882 1434 3142 1486 mundum
3194 1439 3341 1484 sunt.
3386 1429 3634 1483 Divinum

2061 1540 2227 1592 porro
2254 1535 2309 1578 et
2358 1542 2572 1580 sacrum
2610 1526 2879 1594 baptisma
2911 1523 3267 1591 suscipientes
3295 1536 3393 1576 nos
3423 1522 3636 1591 aspergi

2053 1618 2318 1685 sanguine
2369 1617 2571 1671 Christi
2633 1617 2700 1670 ad
2751 1610 3200 1686 expur'gationem
3245 1614 3475 1683 peccati,
3513 1615 3636 1682 quis

2054 1708 2303 1762 dubitet?
2342 1708 2484 1778 Ergo
2520 1708 2604 1762 via
2656 1708 2721 1762 ad
2763 1705 3270 1762 transmutationem
3351 1714 3406 1758 et
3452 1718 3636 1772 asper-

2055 1797 2260 1853 sionem
2293 1800 2512 1852 domnm
2543 1799 2683 1853 Iuda
2715 1798 3086 1853 habitantibus
3107 1798 3343 1851 salutare
3368 1796 3634 1865 baptisma

373 1897 483 1947 σμα
531 1879 892 1950 ραντιζόμεθα
936 1882 1012 1950 τῷ
1048 1881 1239 1950 αἵματι
1272 1881 1508 1954 Χριστοῦ
1557 1882 1693 1955 πρὸς
1739 1884 1949 1936 ἀποκά-

2054 1897 2155 1952 est,
2188 1888 2304 1943 sive
2343 1890 2522 1943 omnis
2555 1884 2708 1943 locus
2749 1896 2992 1957 apertus,
3026 1887 3141 1940 sive
3171 1886 3350 1940 omnis
3389 1883 3510 1939 fons
3545 1885 3632 1937 di-

372 1970 562 2040 θαρσιν
605 1971 899 2042 ἁμαρτίας,
935 1972 1050 2036 πῶς
1087 1973 1153 2026 ἂν
1196 1973 1487 2028 ἐνδοιάσειέ
1519 1990 1633 2039 τις;
1664 1974 1873 2028 Οὐκοῦν
1916 1977 1949 2043 ἡ

367 2062 485 2126 ὁδὸς
520 2065 552 2131 ἡ
581 2064 660 2125 είς
692 2065 1044 2134 μετακίνησιν
1083 2064 1178 2117 καὶ
1207 2067 1285 2128 εἰς
1321 2066 1612 2135 ῥαντισμὸν
1641 2069 1754 2130 τοῖς
1787 2067 1845 2120 ἐν
1872 2067 1951 2137 τῷ

2059 1979 2280 2045 latatus,
2339 1991 2394 2035 et
2417 1979 2756 2052 purgationis
2795 1992 2890 2034 seu
2923 1976 3253 2048 expiationis
3280 1991 3422 2046 aqua
3452 1985 3637 2030 scatu-

2058 2087 2224 2127 l'lCllS.

369 2152 501 2222 οἴκῳ
536 2153 723 2216 Ἰούδα,
752 2154 814 2206 τὸ
842 2155 1126 2222 σωτήριον
1140 2154 1444 2225 βάπτισμα,
1510 2155 1630 2225 ἦτοι
1671 2157 1778 2220 πᾶς
1822 2158 1983 2222 τόπος
2020 2161 2442 2235 διανοιγόμενος,
2507 2163 2675 2233 ἤγουν
2715 2163 2867 2216 πᾶσα
2908 2159 3059 2232 πηγὴ
3103 2157 3546 2232 κατευρυνομένη
3572 2172 3634 2213 τι

370 2244 462 2297 καὶ
491 2242 834 2314 ἀναϐρύουσα
860 2244 920 2297 τὸ
949 2246 1049 2316 τῆς
1080 2245 1400 2317 καθάρσεως
1429 2245 1591 2318 ὕδωρ.

440 2335 548 2388 Kal
590 2337 759 2388 ἔσται
793 2337 860 2387 ἐν
892 2335 966 2404 τῇ
1023 2335 1212 2405 ἡμέρᾳ
1261 2336 1495 2404 ἐκείνῃ,
1539 2336 1700 2408 λέγει
1733 2339 1950 2407 Κύριος

369 2425 631 2491 Σαϐαὼθ,
661 2426 1072 2494 ἐξολοθρεύσω
1103 2427 1174 2478 τὰ
1207 2427 1470 2494 ὀνόματα
1519 2426 1640 2480 τῶν
1690 2427 1951 2483 εἰδώλων

369 2520 486 2572 ἀπὸ
525 2517 634 2587 τῆς
675 2516 820 2587 γῆς,
859 2519 956 2572 καὶ
1016 2518 1214 2571 οὐκέτι
1289 2519 1459 2571 ἔσται
1510 2520 1709 2573 αὐτῶν
1747 2523 1946 2590 μνεία.

372 2612 475 2665 Καὶ
523 2612 664 2673 τοὺς
717 2609 1253 2680 ψευδοπροφήτας,
1309 2612 1405 2663 καὶ
1463 2611 1530 2666 τὸ
1586 2613 1821 2683 πνεῦμα
1877 2614 1946 2668 τὸ

369 2703 703 2771 ἀκάθαρτον
727 2702 919 2771 ἐξαρῶ
943 2703 1060 2756 ἀπὸ
1093 2702 1202 2770 τῆς
1233 2700 1365 2771 τῆς.

441 2797 552 2862 ι,Ζ’.
592 2794 774 2848 Πάντα
821 2792 955 2865 πρὸς
999 2794 1058 2846 τὸ
1109 2795 1330 2863 ἄμεινον
1387 2793 1845 2866 μετακεχώρηκεν
1891 2796 1949 2848 ὲν

371 2887 606 2957 Χριστῷ,
637 2887 730 2940 καὶ
756 2887 912 2956 καινὴ
941 2890 1117 2948 κτίσις
1145 2887 1212 2938 τά
1241 2887 1299 2939 ὲν
1326 2886 1564 2958 Χριστῷ,
1597 2887 1694 2956 τῆς
1721 2886 1950 2957 ἀρχαίας

375 2979 702 3050 σαθρότητος
731 2977 1068 3031 ἀποϐαλόντα
1102 2977 1193 3032 τὸν
1233 2977 1442 3048 μῶμον.
1477 2978 1706 3048 Ἀτρεκῆ
1735 2979 1792 3031 δὲ
1827 2979 1954 3031 όντα

371 3070 460 3121 τὸν
483 3071 572 3122 ἐπὶ
589 3068 723 3137 τῷδε
747 3068 902 3137 λόγον
921 3068 1121 3121 κατίδοι
1142 3086 1224 3132 τις
1248 3068 1313 3120 ἂν
1337 3069 1393 3133 ἐξ
1417 3069 1667 3134 αύτῶν,εί
1687 3069 1948 3138 βούλοιτο,

2132 2338 2293 2394 Vens.
2325 2337 2380 2390 2.
2424 2334 2490 2389 Et
2541 2337 2640 2390 erit
2662 2337 2715 2390 in
2751 2335 2836 2388 die
2876 2334 2992 2401 illa,
3039 2335 3166 2388 dicit
3217 2333 3478 2392 Dominus
3530 2335 3634 2394 Sa-

2057 2433 2234 2494 baoth,
2271 2431 2571 2500 disperdam
2602 2430 2815 2482 nomina
2854 2428 3117 2482 idolorum
3142 2429 3206 2482 de
3229 2437 3394 2494 terra,
3429 2441 3477 2483 et
3521 2446 3630 2486 non

2055 2524 2151 2577 erit
2187 2524 2330 2577 ultra
2363 2539 2544 2577 eorum
2594 2521 2871 2575 memoria.
2928 2518 2994 2574 Et
3035 2521 3542 2591 preudOprophetas,
3579 2535 3627 2578 et

2055 2617 2301 2684 spiritum
2326 2616 2655 2668 immundum
2683 2614 2923 2683 auferam
2952 2613 3016 2668 de
3045 2624 3208 2668 terra.

2130 2791 2337 2847 XCVII.
2373 2790 2568 2845 Omnia
2602 2792 2657 2845 in
2683 2801 2882 2846 statum
2928 2791 3203 2845 meliorem
3241 2791 3543 2860 migrarnnt
3577 2793 3630 2848 in

2057 2887 2296 2950 Christo,
2328 2895 2384 2940 et
2412 2901 2530 2954 qua:
2566 2885 2617 2938 in
2643 2898 2710 2938 eo
2735 2895 2862 2939 sunt
2894 2898 3034 2938 nova
3058 2894 3308 2938 creatura
3339 2885 3382 2950 ’,
3413 2899 3632 2940 marco-

2065 2977 2139 3030 ris
2173 2977 2378 3045 antiqui
2417 2974 2626 3043 abjecto
2658 2975 2942 3029 dedecore.
2978 2973 3055 3026 Ac
3088 2973 3376 3027 verborum
3407 2973 3627 3042 quidem

2062 3069 2288 3121 istorqu
2319 3070 2603 3121 veritatem
2630 3081 2696 3120 ex
2741 3066 2874 3136 ipsis
2908 3081 3123 3135 quoque
3149 3065 3312 3118 rebus
3358 3065 3627 3140 quispiam

371 3160 476 3212 τῶν
523 3162 878 3230 πραγμάτων.
937 3160 1048 3230 Πρὸ
1105 3161 1203 3230 μὲν
1242 3160 1351 3229 γὰρ
1381 3161 1489 3212 τῶν
1528 3161 1626 3230 τῆς
1663 3161 1954 3232 ἐπιδημίας

2060 3159 2416 3229 perspexerit.
2451 3159 2591 3210 Ante
2623 3167 2866 3224 tempora
2913 3156 3056 3210 enim
3098 3157 3379 3220 adventus,
3410 3157 3632 3226 quando

371 3251 599 3320 καιρῶν,
627 3251 778 3304 οὔπω
811 3252 930 3305 καθ’
963 3254 1109 3322 ἡμᾶς
1147 3252 1431 3319 γεγονότος
1461 3251 1552 3304 τοῦ
1586 3254 1942 3321 Μονογενοῦς,

368 3343 492 3396 οὗτε
530 3344 635 3414 μὴν
661 3344 738 3414 τῷ
765 3344 893 3414 θείῳ
923 3346 1062 3414 φωτὶ
1086 3344 1152 3397 τά
1182 3345 1358 3397 πάντα
1389 3347 1942 3416 περιαστράπτοντος,

367 3433 535 3501 ἀχλὺς
564 3430 632 3504 ἦν
675 3434 788 3496 ἔτι,
836 3438 926 3487 καὶ
967 3436 1156 3498 σκότος
1206 3435 1263 3487 ἐν
1308 3439 1428 3499 ταῖς
1465 3436 1572 3488 τῶν
1606 3437 1776 3490 ἐθνῶν
1811 3454 1947 3508 καρ-

367 3523 524 3586 δίαις.
566 3525 880 3594 Ίζλάτρευον
911 3524 1018 3593 γάρ
1068 3524 1341 3587 εἰδώλοις,
1386 3525 1478 3577 καὶ
1511 3524 1826 3589 δυσϐουλίας
1867 3528 1946 3589 εἰς

368 3615 527 3667 τοῦτο
573 3614 924 3678 κατώλισθον,
955 3616 1030 3678 ὡς
1066 3615 1270 3679 ξύλοις,
1313 3616 1408 3667 καὶ
1449 3616 1615 3678 λίθοις
1667 3616 1945 3669 ἀναθεῖναι

370 3707 429 3759 τὸ
459 3706 640 3769 σέϐας,
667 3707 758 3758 καὶ
787 3709 894 3768 τοῖς
925 3707 1252 3776 ἀκαθάρτοις
1282 3705 1498 3776 δαίμοσι
1530 3707 1627 3769 τὰς
1667 3707 1784 3774 Θεῴ
1816 3724 1944 3777 πρε-

371 3798 573 3860 πούσας
602 3797 862 3850 ἀνάπτειν
894 3799 1075 3868 τιμάς.
1105 3799 1211 3851 Καὶ
1240 3799 1399 3850 ταυτὶ
1428 3799 1525 3869 μὲν
1551 3800 1650 3869 τῆς
1676 3799 1782 3852 τῶν
1815 3800 1946 3850 πλα-

368 3889 622 3957 νωμένων
651 3888 975 3958 ἁϐελτηρίας
1011 3887 1077 3941 τὰ
1118 3888 1459 3958 ἐγκλήματα.
1496 3888 1653 3959 Παρὰ
1683 3889 1739 3942 δέ
1779 3907 1841 3957 γε
1870 3889 1947 3959 τῷ

380 3978 614 4049 Ἰσραὴλ,
647 3980 705 4043 ὃς
742 3980 836 4031 καὶ
864 3979 1177 4041 ἀπόδεκτος,
1214 3980 1306 4031 καὶ
1351 3980 1508 4049 μερὶς
1542 3979 1768 4051 Κυρίου,
1805 3981 1945 4034 κατά

367 4071 429 4122 τὸ
473 4072 882 4142 γεγραμμένον,
916 4071 1202 4140 σχοίνισμά
1244 4087 1304 4123 τε
1353 4070 1715 4141 κληρονομίας
1757 4071 1941 4134 αὐτοῦ,

369 4165 602 4235 τοσαύτη
636 4183 718 4229 τις
761 4161 830 4236 ἦν
870 4165 1016 4236 ἠθῶν
1049 4182 1109 4219 τε
1152 4167 1244 4219 καὶ
1288 4167 1504 4237 τρόπων
1553 4167 1826 4237 ἐξιτηλία,
1870 4168 1945 4229 ὡς

369 4255 549 4325 ὀλίγου
585 4256 684 4326 μὲν
711 4255 990 4321 ἀξιοῦσθαι
1019 4256 1200 4323 λόγου,
1232 4257 1408 4309 καίτοι
1454 4258 1590 4328 πρὸς
1625 4258 1944 4327 ἐπικουρίαν

371 4350 553 4411 αὐτοῖς
587 4348 804 4402 δοθέντα
834 4349 925 4401 τὸν
955 4348 1137 4418 νόμον,
1181 4351 1275 4400 καὶ
1317 4349 1417 4402 οὐκ
1458 4349 1724 4412 ἀνικάνως
1754 4349 1942 4419 ἔχοντα

371 4441 506 4510 πρὸς
550 4440 921 4508 παιδαγωγίαν
958 4441 1057 4510 τὴν
1104 4441 1194 4492 ἐπί
1223 4456 1286 4506 γε
1317 4440 1394 4508 τῷ
1441 4439 1637 4510 χρῆναι
1673 4439 1819 4509 βιοῦν
1859 4442 1944 4509 όρο

2057 3253 2291 3308 nondum
2321 3265 2519 3319 corpus
2554 3250 2720 3302 ullum
2759 3249 3010 3302 induerat
3061 3246 3406 3318 Uulgenitus,
3455 3261 3632 3316 neque

2054 3345 2242 3398 divino
2282 3344 2486 3397 lumine
2512 3344 2697 3398 omnia
2716 3342 3198 3406 collustrabantur,
3251 3342 3430 3397 adhuc
3455 3343 3633 3410 caligo

2053 3449 2107 3495 et
2129 3439 2363 3492 tenebrze
2389 3438 2439 3490 in
2472 3437 2722 3490 cordibus
2745 3436 2984 3504 gentium
3011 3443 3182 3488 erant.
3205 3433 3466 3488 Culebant
3486 3435 3628 3487 enim

2053 3530 2364 3588 simulacra.
2396 3543 2568 3598 eoque
2599 3527 2843 3582 stultitiae
2870 3527 3264 3580 descenderant
3299 3534 3357 3579 ut
3399 3526 3543 3595 ligna
3574 3534 3630 3578 et

2055 3622 2260 3692 lapides
2290 3620 2488 3675 divinis
2517 3620 2856 3674 caeremoniis
2903 3616 3200 3682 allicereut,
3234 3626 3290 3671 et
3335 3616 3629 3671 immundis

2055 3715 2388 3769 dzcmonibus
2428 3715 2536 3767 Deo
2569 3721 2934 3781 congruentes
2956 3712 3190 3764 honores
3233 3711 3626 3780 impenderent.

2055 3807 2120 3860 Et
2150 3808 2264 3860 haec
2291 3806 2507 3875 quidem
2531 3805 2830 3860 errantium
2855 3804 3090 3858 vesania:
3122 3805 3350 3858 crimina
3383 3801 3624 3859 fuerunt.

2051 3899 2206 3968 Apud
2264 3897 2519 3953 lsraelcm
2581 3910 2708 3950 vero
2757 3903 3037 3965 acceptum
3087 3895 3234 3949 illum
3264 3936 3281 3959 ,
3323 3905 3378 3950 et
3418 3904 3625 3965 partem

2054 3987 2290 4052 Domini,
2326 3986 2466 4040 sicut
2490 3988 2754 4055 scriptum
2790 3995 2874 4038 est
2906 3984 2970 4050 ⁸ο,
3011 3993 3066 4037 et
3115 3984 3412 4038 funiculum
3457 3984 3628 4038 luere-

2052 4081 2240 4135 ditatis
2286 4079 2425 4150 ejus,
2457 4088 2606 4132 tanta
2654 4087 2771 4131 erat
2805 4076 3260 4132 consuetudinum
3297 4085 3463 4144 atque
3507 4090 3625 4130 mo-

2052 4185 2170 4224 rum
2219 4169 2466 4234 fatuitas,
2506 4177 2565 4221 ut
2597 4167 2792 4238 legem,
2824 4167 3069 4236 quamvis
3100 4167 3166 4219 ad
3218 4165 3479 4219 auxilium
3519 4168 3623 4220 sibi

2050 4261 2255 4327 datam,
2287 4275 2387 4314 nec
2410 4260 2477 4314 ad
2500 4258 2896 4313 institutionem
2923 4256 3044 4310 vita:
3068 4256 3119 4309 in
3139 4254 3356 4310 Christo
3384 4256 3622 4326 probatae

2051 4349 2460 4405 insul‘iicientem
2516 4348 3001 4419 parvipenderent,
3051 4347 3337 4415 potiusque
3392 4347 3458 4401 ad
3495 4361 3624 4417 gen-

2054 4441 2186 4494 tium
2219 4454 2434 4494 errores
2464 4439 2767 4508 sequendos
2808 4437 3000 4492 stolide
3048 4437 3417 4502 declinarent,
3456 4437 3622 4490 [initi-

371 4530 500 4594 θῶς,
529 4531 821 4584 ἀπονεῦσαι
849 4531 903 4583 δὲ
941 4530 1139 4601 μᾶλλον
1169 4531 1305 4602 πρὸς
1333 4529 1394 4582 τὸ
1420 4531 1529 4582 δεῖν
1556 4529 1797 4592 ἀϐούλως
1822 4533 1940 4591 ταῖς

2054 4545 2369 4600 marumque
2439 4530 2863 4599 superstitiones
2917 4528 3086 4599 788
3146 4527 3620 4597 amplecterentur.

369 4621 478 4674 τῶν
524 4621 691 4675 ἐθνῶν
739 4621 1170 4692 ἀποκομίζεσθαι
1224 4622 1480 4685 πλάναις,
1530 4624 1624 4675 καὶ
1670 4625 1788 4680 rati;
1837 4621 1942 4674 τῶν

369 4716 582 4786 ὁμόρων
625 4713 1069 4784 δεισιδαιμονίαις
1124 4715 1377 4783 στοιχεῖν.
1433 4714 1792 4785 ΙΙροσέκειντο
1845 4713 1943 4783 μὲν

370 4809 499 4878 γὰρ,
530 4808 624 4860 καὶ
661 4807 780 4860 λίαν
815 4806 1081 4868 ἐκτόπως,
1120 4809 1230 4870 τοῖς
1261 4805 1370 4858 τῶν
1400 4805 1764 4876 ψευδωνύμων
1811 4821 1945 4876 προ-

370 4897 554 4970 φητῶν
597 4898 986 4969 μαντεύμασιν.
1015 4900 1075 4952 Οἱ
1105 4897 1203 4968 μὲν
1234 4898 1342 4968 γὰρ
1375 4897 1484 4951 τῶν
1515 4897 1744 4949 εἰδώλων
1779 4896 1941 4968 θερα-

372 4991 584 5054 πευταὶ,
611 4993 723 5051 τοῖς
747 4989 990 5060 βεϐήλοις
1036 4989 1285 5059 τεμένεσι
1320 4987 1770 5059 προσιζήσαντες,
1811 5005 1944 5058 χρη-

375 5082 621 5150 σμολόγοι
645 5098 703 5134 τε
732 5076 892 5150 ἦσαν.
926 5081 1020 5134 καὶ
1045 5080 1360 5150 ψευδοεπεῖς
1380 5097 1392 5108 ·
1422 5081 1468 5131 οί
1495 5079 1552 5131 δὲ
1581 5079 1672 5130 καὶ
1698 5078 1777 5140 τὸ,
1816 5099 1833 5128 ι
1867 5079 1942 5149 Ζῇ

373 5172 591 5244 Κύριος,
620 5192 638 5223 ι
672 5174 787 5225 ὲπὶ-
808 5172 1055 5242 γλώττης
1103 5173 1352 5242 ἔχοντες,
1398 5171 1492 5224 καὶ
1541 5170 1781 5222 εὐσεϐεῖν
1815 5171 1946 5222 ὑπο.

373 5266 749 5334 πλαττόμενοι,
779 5267 871 5318 καὶ
904 5261 1015 5318 οἷον
1047 5265 1318 5335 προϐάτου
1350 5263 1481 5334 δορᾷ
1516 5262 1608 5315 τὸν
1635 5262 1797 5316 λύκον
1826 5264 1945 5315 ἐπι-

373 5355 710 5419 σκιάζοντες,
749 5356 810 5409 τὸ
838 5356 936 5426 τῆς
967 5356 1302 5427 προφητείας
1341 5354 1511 5423 ὄνομα
1553 5370 1734 5423 σφισιν
1765 5351 1945 5414 αὐτοῖς

373 5446 739 5519 περιτιθέντες
769 5452 817 5502 οἱ
849 5448 1112 5512 τάλανες,
1159 5451 1252 5502 καὶ
1289 5449 1390 5518 τὴν
1439 5447 1530 5498 ἐπὶ
1573 5447 1747 5516 τούτῳ
1789 5444 1944 5511 δόξαν

373 5539 603 5602 ἀνοσίως
646 5538 1020 5610 ἁρπάζοντες,
1067 5538 1444 5610 ἀπηρεύγοντο
1487 5537 1547 5590 τὸ
1591 5534 1802 5597 δοκοῦν,
1849 5536 1946 5588 καὶ

372 5633 498 5695 τοὺς
538 5630 636 5700 τῆς
676 5630 853 5684 αὐτῶν
902 5631 1122 5702 καρδίας
1160 5631 1471 5698 λογισμοὺς,
1519 5629 1668 5681 θείαν
1709 5627 1943 5698 ἔφασκον

2051 4621 2331 4675 Falsorum
2370 4619 2515 4673 enim
2545 4619 2931 4689 prepbetarum
2960 4617 3235 4672 vaticiniis
3283 4617 3615 4672 absurdissi-

2052 4727 2138 4765 me
2202 4708 2557 4763 iuhmrebant.
2622 4706 2861 4773 Quorum
2920 4705 3010 4758 alii
3068 4705 3332 4759 idolorum
3381 4704 3620 4758 ministri

2051 4799 2294 4871 profanis
2331 4799 2546 4868 templis
2570 4799 2896 4864 assidentes,
2925 4807 2980 4853 et
3012 4798 3231 4853 oracula
3260 4807 3316 4852 et
3339 4797 3621 4853 mendacia

2049 4892 2453 4961 loquebantur:
2487 4889 2600 4955 alii,
2639 4908 2658 4941 ι
2695 4887 2840 4943 Vivit
2870 4888 3132 4944 Dominus
3165 4908 3185 4942 ι
3222 4891 3276 4944 in
3309 4890 3489 4962 lingua
3522 4891 3620 4946 ba-

2051 4986 2258 5048 bentes,
2301 4994 2356 5038 et
2399 4981 2654 5052 pietatem
2700 4981 3018 5037 simulantes
3060 4991 3118 5036 et
3156 4991 3410 5051 tanquam
3457 4983 3616 5038 ovilla

2050 5077 2187 5146 pelle
2218 5077 2400 5145 lupum
2439 5082 2817 5142 contegentes,
2844 5073 3336 5143 prophetarumque
3380 5073 3617 5143 appella-

2055 5171 2255 5222 tionem
2285 5166 2384 5222 sibi
2409 5165 2542 5235 ipsis
2570 5175 2906 5235 arrogantes.
2931 5164 3136 5229 miseri,
3161 5173 3214 5219 et
3245 5163 3472 5234 gloriam
3496 5166 3617 5235 ejus

2052 5260 2260 5315 nefarie
2289 5258 2582 5328 rapientes,
2606 5259 2747 5326 quod
2775 5255 2977 5311 libebat
2999 5255 3342 5321 eructabant,
3367 5263 3422 5309 et
3456 5269 3617 5309 sensa

2051 5351 2231 5407 cordis
2259 5351 2339 5405 sui
2374 5351 2612 5405 divinum
2644 5362 2765 5403 esse
2786 5346 3071 5403 consilium
3110 5345 3484 5400 autumabant.
3511 5345 3617 5401 Su-

2053 5459 2149 5513 per
2188 5440 2494 5510 hujusmodi
2527 5451 2635 5494 tam
2680 5438 2916 5510 projecte
2947 5437 3242 5493 audacibus
3272 5437 3433 5491 etiam
3478 5451 3619 5506 pro-

2054 5535 2212 5603 pheta
2255 5529 2518 5588 Jeremias
2569 5530 2944 5584 universorum
3005 5527 3290 5583 Dominum
3338 5526 3501 5580 Deum
3541 5527 3616 5581 ita

2052 5622 2334 5692 compellat
2368 5639 2379 5674 :
2420 5640 2436 5671 ι
2469 5618 2568 5686 Qui
2615 5634 2694 5684 cs,
2729 5617 2972 5683 Domine,
3017 5630 3143 5674 ecce
3191 5619 3463 5686 propheta:
3486 5630 3618 5686 pro-

445 5804 645 5862 ‘Rom.
680 5806 846 5873 vm,‘
873 5820 1024 5876 seqq.
1099 5807 1118 5837 ’
1147 5805 1187 5858 ll
1218 5805 1340 5860 Cor.
1378 5821 1427 5872 ν,
1467 5805 1550 5859 ιτ.
1631 5806 1673 5837 ¹⁰
1709 5805 1860 5860 Deut.
1889 5817 2061 5864 xxxii,
2088 5804 2140 5857 9.
