4120 6376
481 424 581 475 2M

1464 417 1526 474 S.
1564 414 1838 471 CYRILLI
1881 415 2348 471 ALEXANDRINI
2388 417 2707 475 ARCHIEP.

3621 420 3729 476 252

480 539 728 606 phetant,
755 547 809 591 et
838 538 1022 593 dicunt
1060 555 1072 589 :
1114 538 1231 591 Non
1288 536 1537 590 videbitis
1580 539 1838 607 gladium,
1875 548 1930 593 et
1970 539 2051 592 fn-

2153 536 2292 593 εῖναι
2325 541 2540 613 βουλήν.
2590 543 2723 613 Περὶ⁸
2752 541 2860 595 τῶν
2900 543 2967 595 τά
2996 540 3173 594 τοιάδε
3214 539 3417 610 τολμᾷν
3461 535 3726 591 εἰωθότων

480 644 596 685 mes
635 646 739 684 non
791 631 895 684 erit
946 631 999 684 in
1039 630 1213 693 vobis,
1246 630 1372 698 quia
1432 630 1712 684 veritatem
1761 638 1816 684 et
1859 645 2046 699 pacem

478 720 617 773 dabo
639 720 692 773 in
727 728 892 783 terra,
924 729 981 774 et
1016 720 1067 772 in
1100 718 1217 773 loco
1246 720 1350 772 isto
1382 719 1450 773 “.
1481 737 1500 771 ι
1537 718 1600 772 Et
1628 719 1696 772 ad
1723 718 1837 773 haec
1865 719 2004 774 Deus
2033 738 2046 774 :

480 825 502 860 ι
531 806 688 864 Falsa
720 812 995 879 propheta:
1026 812 1349 879 prophetant
1385 811 1439 865 in
1489 811 1712 866 nomine
1752 824 1893 867 meo.
1929 811 2047 867 Non

479 901 601 955 misi
630 916 745 966 eos,
780 911 835 956 ct
867 918 973 957 non
1014 904 1265 958 mandavi
1295 902 1398 969 eis,
1436 913 1492 958 et
1524 917 1629 958 non
1672 918 1790 957 sum
1838 903 2050 959 locutus

478 993 546 1045 ad
592 1007 706 1058 eos,
739 1004 794 1047 et
836 994 1071 1049 visiones
1106 996 1415 1055 mendaces,
1461 1003 1517 1048 et
1565 994 1949 1061 divinationes,
1995 1006 2051 1051 et

477 1084 729 1153 auguria,
757 1092 814 1137 et
849 1083 1149 1139 electiones
1175 1085 1361 1139 cordis
1389 1084 1474 1138 sui
1510 1085 1610 1150 ipsi
1636 1082 1801 1138 locuti
1830 1093 1957 1139 sunt
1983 1085 2050 1138 ad

475 1188 592 1239 eos,
620 1181 674 1229 et
698 1175 801 1242 ipsi
827 1174 990 1229 locuti
1018 1185 1145 1229 sunt
1166 1177 1268 1241 eis,
1297 1186 1353 1231 et
1380 1178 1477 1246 ipsi
1507 1178 1904 1248 prophetabant
1924 1179 1988 1233 “.
2024 1195 2042 1228 ι

477 1261 872 1331 Mendaciloqui
902 1264 1049 1319 enim
1103 1274 1281 1328 erant,
1324 1273 1386 1318 ut
1425 1265 1560 1331 dixi,
1589 1274 1646 1318 et
1694 1265 1941 1334 turpibus
1971 1265 2049 1317 vi-

478 1354 550 1409 cti
587 1354 944 1424 quaesticulis,
975 1358 1042 1409 de
1069 1356 1231 1411 corde
1251 1370 1350 1411 suo
1371 1356 1717 1411 audientibus
1748 1356 2047 1425 loqueban-

479 1455 588 1508 tur,
621 1454 680 1498 ut
709 1446 972 1515 scriptum
1008 1456 1114 1511 est,
1153 1464 1173 1497 ι
1220 1455 1278 1500 et
1312 1461 1419 1501 non
1462 1447 1528 1501 de
1555 1462 1651 1501 ore
1680 1445 1890 1501 Domini
1921 1446 1984 1501 ¹³.
2022 1466 2041 1499 ι

477 1536 682 1593 Deinde
708 1552 830 1593 cum
867 1536 1086 1593 Judzeos
1110 1538 1252 1611 istud
1283 1538 1468 1607 iniquo
1493 1537 1675 1592 animo
1706 1537 1850 1593 ferre
1885 1554 2049 1607 oporo

478 1636 639 1693 teret,
687 1628 763 1682 illi
818 1642 1009 1683 contra
1061 1644 1158 1684 eos
1199 1630 1619 1695 venerabantur,
1666 1636 1723 1684 et
1778 1631 2049 1699 supremis

480 1721 772 1775 honoribus
836 1735 1104 1775 exornare
1164 1721 1474 1776 studebant.
1525 1721 1817 1791 Postquam
1867 1732 2046 1778 autem

476 1813 773 1880 aliquando
807 1814 1145 1880 unigenitum
1179 1812 1273 1867 Dei
1314 1813 1550 1868 Verbum
1583 1815 1739 1871 nobis
1771 1817 2043 1886 apparuit,

476 1902 654 1972 inepta
704 1913 759 1959 et
815 1904 1042 1974 puerilia
1098 1903 1413 1959 idololatria:
1443 1904 1643 1961 ludicra
1674 1921 1897 1975 prorsus
1922 1922 2049 1965 eva-
2078 1889 2121 1945 Β

478 2006 715 2050 nuerunt
744 2006 798 2050 et
825 1996 1090 2051 exstincta
1122 2006 1270 2061 sunt,
1304 2005 1360 2053 et
1389 1997 1657 2052 sublatum
1688 2013 1812 2053 cum
1834 2013 1898 2054 ea
1936 2014 2049 2057 ne-

474 2086 673 2141 farium
695 2102 912 2157 quoque
941 2096 997 2140 et
1038 2086 1259 2156 impium
1296 2086 1885 2158 pseudoprophetarum
1919 2101 2050 2145 stu-

368 2220 375 2228 .
475 2179 623 2233 dium
649 2178 740 2248 qui
774 2177 1011 2248 maligno
1053 2189 1109 2232 et
1139 2179 1417 2233 immundo
1442 2179 1635 2248 spiritu
1674 2178 1818 2250 pleni
1865 2192 2043 2246 erant,

474 2278 531 2324 et
551 2285 672 2324 cum
700 2270 966 2325 idolorum
988 2270 1287 2326 cultoribus
1308 2285 1565 2341 germano
1586 2287 1650 2327 ac
1683 2273 1844 2328 simili
1863 2289 2049 2329 errore

476 2360 662 2415 infecti
708 2361 994 2416 verissime
1043 2361 1261 2430 coargui
1296 2363 1619 2431 potuissent.
1662 2362 1815 2419 Unus
1852 2365 2050 2435 quippe

476 2451 742 2506 ambobus
791 2451 1087 2518 impietatis
1128 2466 1349 2522 praises,
1394 2454 1648 2508 nimirum
1682 2455 1933 2509 Satanas.
1959 2456 2051 2509 Ait

478 2543 642 2612 igitur
667 2559 684 2601 ;
712 2559 732 2593 ι
764 2541 976 2596 Tollam
1013 2542 1078 2596 de
1108 2551 1253 2597 terra
1286 2544 1501 2598 nomina
1550 2545 1837 2610 idolorum,
1857 2556 1912 2600 et
1944 2562 2047 2601 non

475 2635 583 2688 erit
614 2633 873 2687 memoria
925 2632 1137 2688 illorum
1184 2635 1236 2688 in
1267 2635 1356 2689 die
1390 2636 1476 2689 illa
1509 2636 1570 2700 ",
1612 2656 1631 2690 ι
1674 2639 1775 2691 hoc
1805 2647 1911 2698 est,
1963 2639 2052 2693 illo

480 2740 746 2798 tempore,
769 2743 878 2795 quo
905 2724 1143 2780 divinum
1166 2737 1221 2780 et
1252 2728 1471 2782 caeleste
1496 2728 1675 2783 lumen
1699 2728 2048 2798 splenduerit,

479 2828 537 2873 et
562 2820 614 2873 in
641 2820 942 2872 errantium
979 2817 1234 2871 cordibus
1266 2817 1506 2880 Lucifer,
1538 2833 1699 2887 quem
1748 2810 2051 2891 intelligen-

479 2911 568 2965 tiae
593 2910 754 2965 oculo
783 2910 1050 2971 videmus,
1093 2920 1316 2965 exortus
1340 2910 1519 2976 fuerit,
1560 2921 1619 2964 ut
1650 2911 1910 2981 scriptum
1946 2924 2049 2976 est,

479 3014 535 3057 ct
562 3001 818 3057 diluxerit
850 3001 986 3066 dies,
1023 3003 1243 3072 antiqua
1269 3011 1428 3057 nocte
1456 3010 1511 3055 et
1534 3016 1655 3072 qua
1682 3003 1734 3055 iu
1764 3018 1825 3056 ea
1856 3003 2053 3058 fiebant

480 3092 734 3163 repulsis,
766 3100 844 3160 ut,
873 3092 1046 3146 veteri
1076 3092 1416 3146 immunditia
1467 3093 1705 3158 sublata,
1737 3093 1955 3148 athletas
1999 3104 2054 3148 et

2151 631 2246 684 καὶ
2288 630 2317 682 ὀ
2351 633 2637 702 προφήτης
2682 631 2919 700 ἔφασκεν
2955 629 3249 701 Ἱερεμίας,
3303 628 3439 699 πρὸς
3482 626 3574 684 τὸν
3619 626 3721 680 τῶι

2148 722 2284 775 ὅλων
2312 723 2797 790 κατεξουσιάξοντα
2830 722 2994 776 Θεὸν⁸
3035 741 3053 773 ι
3094 722 3153 775 ’0
3184 719 3279 781 ὢν,
3311 718 3504 789 Κύριε,
3540 716 3650 770 ίδοὺ
3677 718 3724 771 ο⁵

2150 810 2430 880 προφῆται
2482 811 2662 865 αὐτῶν
2702 811 3127 883 προφητεύουσι,
3176 810 3270 863 καὶ
3302 808 3584 876 λέγουσιν·
3615 807 3724 859 Ούγ

2148 898 2345 969 ὄψεσθε
2386 901 2682 973 μάχαιραν,
2718 903 2816 956 καὶ
2847 902 3003 973 λιμὸς
3046 902 3144 954 οὐκ
3187 900 3338 953 ἔσται
3367 900 3424 952 ὲν
3449 898 3600 969 ὑμῖν,
3643 897 3724 951 ὅτι

2149 990 2405 1060 ἀλήθειαν
2438 992 2533 1046 καὶ
2566 993 2787 1064 είρήνην
2824 993 2981 1046 δώσω
3018 993 3111 1045 ἐπὶ
3140 992 3239 1061 τῆς
3278 991 3401 1061 γῆς,
3438 990 3532 1043 καὶ
3563 991 3621 1043 ὲν
3646 985 3727 1059 τῷ

2148 1084 2300 1155 τόπῳ
2321 1084 2515 1156 τούτῳ.
2542 1105 2561 1139 ι
2599 1086 2709 1139 Καὶ
2737 1085 2873 1157 πρός
2903 1102 2968 1155 γε
3005 1083 3176 1139 ταῦτα
3199 1083 3332 1147 Θεός
3353 1099 3366 1112 ο
3409 1101 3428 1134 ι
3456 1079 3642 1149 Ψευδῆ
3674 1082 3724 1133 οἱ

2150 1178 2426 1249 προφῆται
2460 1177 2892 1250 προφητεύουσιν
2942 1180 2999 1230 ἐν
3040 1177 3119 1247 τῷ
3161 1174 3388 1246 ὀνόματί
3441 1189 3566 1244 μου.
3614 1173 3726 1225 Οὐκ

2148 1266 2443 1322 ἀπέστειλα
2478 1267 2704 1333 αὐτοὺς,
2736 1268 2831 1321 καὶ
2861 1267 2961 1320 οὐκ
3008 1265 3361 1335 ἐνετειλάμην
3394 1265 3600 1326 αὐτοῖς,
3634 1264 3727 1315 καὶ

2148 1359 2250 1411 οὐκ
2281 1357 2517 1429 ἐλάλησα
2550 1359 2685 1431 πρὸς
2715 1360 2930 1423 αὐτοὺς,
2970 1360 3064 1413 καὶ
3107 1359 3324 1428 ὁράσεις
3364 1355 3603 1425 ψευδεῖς,
3632 1356 3727 1407 καὶ

2151 1451 2433 1520 μαντείας,
2478 1452 2571 1504 καὶ
2598 1452 2957 1521 οἰωνίσματα,
2991 1451 3086 1504 καὶ
3119 1449 3468 1522 προαιρέσεις
3500 1445 3725 1520 καρδίας

2148 1542 2350 1606 αὐτῶν,
2379 1544 2532 1597 αὐτοὶ
2560 1544 2829 1614 ἐλάλησαν
2870 1541 3006 1613 πρὸς
3033 1541 3249 1605 αὐτοὺς,
3279 1541 3371 1593 καὶ
3407 1537 3563 1593 αὐτοὶ
3593 1553 3723 1607 προσ

2148 1633 2430 1703 εφήτευον.
2455 1653 2475 1684 ι
2504 1632 2833 1697 1νευδοεπεῖς
2866 1633 2975 1703 γάρ
2998 1630 3158 1703 ἦσαν,
3183 1631 3257 1688 ὡς
3284 1630 3439 1701 ἔφην,
3465 1629 3560 1682 καὶ
3582 1628 3721 1698 λημ-

2152 1725 2359 1796 ματίων
2383 1725 2626 1797 αίσχρῶν
2646 1724 2965 1796 ἡττώμενοι,
2984 1723 3350 1797 προσελάλουν
3365 1724 3478 1786 τοῖς
3507 1721 3718 1791 ἀκροω-

2153 1816 2333 1887 μένοις
2365 1817 2433 1872 τά
2467 1817 2576 1872 ἀπὸ
2604 1818 2831 1888 καρδίας
2859 1816 3060 1879 αὐτῶν,
3106 1815 3248 1869 καθὰ
3272 1815 3603 1884 γέγραπται,
3628 1813 3721 1865 καὶ

2148 1910 2249 1964 οὑκ
2285 1911 2394 1965 άπὸ
2436 1912 2703 1980 στόματος
2752 1912 2978 1981 Κυρίου.
3024 1905 3158 1961 Εἶτα
3202 1907 3319 1960 δέον
3380 1907 3473 1961 ἐπὶ
3515 1904 3723 1965 τούτοις

2149 1998 2481 2066 ἀγανακτεῖν
2516 1998 2832 2061 Ἰουδαίους,
2877 1998 2942 2051 ὲκ
2987 1997 3096 2050 τῶν
3141 1996 3398 2050 ἐναντίων
3445 1992 3724 2047 ἐποιοῦντο

2152 2091 2403 2151 σεπτοὺς,
2435 2091 2530 2142 καὶ
2554 2091 2743 2158 τιμαῖς
2764 2089 2889 2153 ταῖς
2916 2087 3177 2143 ἀνωτάτω
3205 2084 3503 2156 στεφανοῦν
3529 2083 3724 2138 ἐσπού-

2149 2177 2327 2243 δαζον.
2346 2179 2495 2231 Ἐπεὶ
2525 2179 2581 2233 δὲ
2613 2180 2796 2233 λοιπὸν
2823 2180 3092 2249 ὲπέφανεν
3114 2179 3245 2249 ἡμῖν
3266 2178 3295 2230 ὁ
3318 2174 3608 2247 μονογενὴς
3627 2172 3723 2229 τοῦ

2150 2269 2285 2322 Θεοῦ
2316 2269 2510 2336 Λόγος,
2529 2269 2700 2341 ᾤχετο
2721 2272 2818 2341 μὲν
2846 2272 2925 2335 είς
2947 2271 3115 2337 ἀπαν,
3141 2271 3233 2324 καὶ
3256 2267 3559 2340 ὼλόθρευτο
3587 2282 3724 2320 παν-

2154 2362 2327 2425 τελῶς
2360 2363 2427 2417 τά
2457 2363 2641 2435 ψυχρά
2667 2364 2760 2416 καὶ
2792 2361 3126 2434 μειρακιώδη
3149 2364 3249 2433 τῆς
3283 2358 3726 2430 είδωλολατρείας

2153 2452 2464 2523 ἀθύρματα,
2511 2454 2870 2525 συνεξῄρηται
2900 2454 2957 2507 δὲ
2988 2454 3124 2524 αὐτῇ
3164 2454 3258 2507 καὶ
3290 2452 3352 2506 τὸ
3397 2451 3626 2507 ἔκτοπόν
3662 2466 3726 2503 τε

2152 2545 2248 2597 καὶ
2295 2544 2549 2609 δυσσεϐὲς
2600 2546 2937 2617 ἐπιτήδευμα
2987 2545 3097 2598 τῶν
3144 2541 3629 2614 ψευδοπροφητῶν,
3674 2540 3726 2595 οῖ

2154 2636 2390 2706 πονηροῦ
2417 2639 2512 2690 καὶ
2534 2639 2842 2708 ἀκαθάρτου
2869 2637 3179 2707 πνεύματος
3201 2635 3420 2706 ἔμπλεῳ
3443 2630 3606 2705 ἦσαν,
3632 2633 3730 2687 καὶ.

2152 2730 2265 2790 τοῖς
2303 2727 2409 2780 τῶν
2450 2727 2686 2782 εἰδώλων
2729 2729 3092 2801 θεραπευταῖς
3122 2727 3354 2799 ἀδελφὴν
3384 2727 3478 2781 καὶ
3513 2724 3728 2795 γείτονα

2152 2818 2433 2883 νοσοῦντες
2460 2819 2557 2890 τὴν
2588 2820 2848 2891 πλάνησιν
2877 2820 3320 2890 καταφωραθεῖεν
3347 2818 3434 2882 ἀν,
3459 2816 3555 2871 καὶ

2153 2909 2347 2981 ὀρθῶς.
2375 2906 2466 2975 Εἷς
2505 2910 2613 2979 γὰρ
2648 2912 2849 2981 ἀμφοῖν
2873 2912 2970 2982 τῆς
2998 2910 3316 2973 δυσσεϐείας
3349 2912 3378 2964 ὁ
3408 2906 3726 2978 ἐπιστάτης,

2154 3002 2433 3056 τουτέστιν
2460 3006 2490 3056 ὁ
2517 3004 2780 3067 Σατανᾶς.
2817 3023 2837 3055 ι
2878 3001 3087 3074 Ἐξαρῶ
3138 3003 3338 3065 τοίνυν,
3387 3002 3572 3073 φησιν,
3620 3000 3729 3054 ἀπὺ

2156 3093 2254 3163 τῆς
2285 3094 2387 3164 γῆς
2433 3094 2504 3146 τά
2547 3096 2786 3165 ὀνόματα
2836 3096 2944 3148 τῶν
2999 3095 3254 3158 είδώλων,
3302 3096 3397 3149 καὶ
3444 3096 3544 3148 οὐκ
3575 3093 3726 3147 ἔσται

481 3185 655 3240 sancti
689 3168 1004 3239 adoratores
1038 3186 1104 3240 de
1146 3194 1345 3239 caetero
1392 3187 1826 3242 conversationis
1852 3197 2052 3242 sancta:

2157 3187 2336 3239 αὐτῶν
2375 3189 2532 3258 μνεία
2588 3191 2643 3240 ὲν
2688 3191 2754 3260 τῇ
2784 3188 2967 3259 ἡμέρᾳ
3004 3188 3210 3261 ἐκείνῃ,
3234 3207 3253 3239 ›
3295 3187 3563 3252 τουτέστι,
3610 3185 3726 3240 κατ’

480 3277 820 3331 ornamentis
865 3275 1139 3341 instructi,
1190 3276 1355 3330 vitam
1412 3276 1466 3330 in
1507 3275 1726 3332 Christo
1771 3278 2047 3349 suspicere

2155 3280 2361 3333 ἐκεῖνον
2375 3250 2479 3333 ’τὸν
2518 3250 2867 3351 καιρὸν
2989 3279 3054 3333 ἂν
3084 3280 3145 3333 τὸ
3160 3250 3326 3334 ’.θεῖον
3359 3281 3455 3333 καὶ
3493 3250 3729 3348 ἐπουρά-

478 3368 778 3422 videantur.

2159 3388 2269 3425 νιον
2296 3371 2484 3445 λάμψῃ
2515 3372 2650 3441 φῶς,
2690 3375 2783 3426 καὶ
2811 3374 2868 3424 ἐν
2898 3375 3017 3436 ταῖς
3057 3372 3162 3426 τῶν
3193 3372 3561 3442 πλανωμένων
3590 3385 3730 3440 καρ-

478 3456 618 3519 δίαις
673 3456 702 3506 θ
741 3456 931 3525 νοητὸς
962 3454 1239 3526 ἑωσφόρος
1277 3453 1553 3527 ἀνατείλῃ,
1586 3455 1725 3509 κατὰ
1763 3457 1826 3510 τὸ
1857 3460 2265 3529 γεγραμμένον,
2295 3463 2565 3537 διαυγάσῃ
2591 3463 2649 3516 δὲ
2690 3462 2892 3535 ἡμέρα,
2938 3463 3033 3532 τῆς
3071 3463 3238 3517 πάλαι
3278 3461 3469 3527 νυκτὸς
3521 3461 3728 3531 ἀπελη-

479 3549 841 3620 λαμένης,κα“ι
864 3546 974 3600 τῶν
997 3548 1054 3599 ὲν
1073 3547 1209 3617 αὐτῇ
1230 3545 1552 3618 δρωμένωνο
1580 3547 1688 3614 ἵνα,
1715 3549 1812 3619 τῆς
1838 3551 2069 3621 ἀρχαίας
2106 3553 2440 3625 ἀκαθαρσίας
2507 3556 2872 3629 ἐξῃρημένης,
2908 3557 2956 3606 οἱ
2998 3553 3229 3626 ἀθληταὶ
3260 3557 3355 3609 καὶ
3386 3555 3531 3623 ἆγιοι
3556 3570 3730 3626 προσ-

481 3646 714 3716 κυνηταὶ
767 3643 1043 3714 φαίνοιντο
1097 3641 1283 3695 λοιπὸν
1346 3640 1447 3711 τῆς
1500 3642 1735 3713 εὐαγοῦς
1789 3646 2062 3711 πολιτείας
2102 3650 2406 3720 ἀνημμένοι
2427 3652 2493 3705 τὰ
2513 3654 2830 3723 αὐχήματα,
2856 3653 2949 3706 καὶ
3010 3651 3108 3722 τὴν
3131 3655 3186 3705 ὲν
3221 3650 3442 3723 Χριστῷ
3460 3650 3729 3723 τιμῶντες

482 3742 649 3811 ζωήν.

552 3832 719 3906 789
743 3831 902 3887 Vsus.
941 3833 996 3887 5.
1032 3831 1100 3885 Et
1132 3835 1252 3900 erit,
1293 3834 1339 3888 si
1366 3836 1748 3904 prophetauerit
1773 3837 1926 3890 homo
1964 3839 2050 3890 ul—

484 3938 588 3991 tra,
636 3938 681 3982 et
708 3928 843 3980 dicet
867 3928 934 3980 ad
953 3943 1069 3980 eum
1092 3938 1240 3997 pater
1268 3938 1317 3981 et
1333 3938 1501 3982 mater
1518 3930 1631 3997 ejus
1652 3930 1741 3998 qui
1763 3943 2050 3999 genuerunt

480 4035 599 4072 eum
624 4035 641 4072 :
671 4016 795 4071 Non
835 4019 991 4082 vives,
1034 4021 1284 4087 quoniam
1311 4021 1639 4073 mendacium
1671 4021 1878 4076 locutus
1907 4039 1959 4077 es
1999 4025 2053 4076 in

483 4113 690 4166 nomine
736 4111 985 4176 Domini,
1030 4123 1075 4165 et
1121 4114 1444 4181 compedient
1496 4130 1616 4169 eum
1656 4126 1806 4186 pater
1841 4118 1956 4185 ejus
2005 4127 2055 4170 et

483 4214 650 4259 mater
686 4206 799 4272 ejus
855 4203 944 4273 qui
996 4214 1287 4274 genuerunt
1341 4222 1492 4270 eum,
1540 4222 1657 4260 cum
1724 4208 2055 4278 prophetaret

481 4311 609 4363 ipse.

554 4387 783 4445 XCVIII.
827 4388 1001 4444 Tanta
1050 4392 1354 4446 reverentia
1394 4391 1537 4448 illius
1572 4393 1754 4448 saeculi
1799 4395 2057 4451 mortales

2229 3838 2339 3892 Καὶ
2372 3837 2564 3900 ἔσται,
2593 3839 2702 3892 ἐὰν
2725 3840 3115 3908 προφητεύσῃ
3144 3838 3451 3908 ἅνθρωπος
3491 3838 3600 3904 ἔτι,
3627 3837 3724 3893 καί

2157 3929 2281 3998 ἐρεῖ
2318 3932 2463 3997 πρὸς
2508 3930 2694 3984 αὐτὸν
2725 3932 2758 3984 ὁ
2800 3931 2996 3999 πατὴρ
3029 3930 3127 3984 καί
3163 3932 3201 3998 ἡ
3224 3929 3421 3999 μήτηρ
3458 3927 3642 3984 αὐτοῦ
3674 3932 3727 3983 01

2159 4026 2565 4094 γεννήσαντες
2592 4025 2808 4077 αὐτόν·
2846 4025 2929 4078 Οὐ
2961 4021 3135 4091 ζήσῃ,
3167 4021 3255 4076 ὅτι
3287 4019 3485 4091 ψευδῆ
3518 4019 3730 4086 ἐλάληο

2154 4133 2270 4182 σας
2301 4118 2371 4170 ἐν
2407 4114 2648 4183 ὀνόματι
2673 4115 2915 4181 Κυρίου,
2949 4114 3046 4167 καὶ
3077 4112 3521 4182 συμποδιοῦσιν
3547 4114 3731 4165 αὑτὸν

2154 4211 2187 4263 ό
2216 4206 2412 4275 πατὴρ
2457 4205 2645 4259 αὑτοῦ
2673 4203 2772 4258 καὶ
2798 4205 2837 4273 ἡ
2856 4203 3054 4274 μήτηρ
3086 4202 3272 4257 αὑτοῦ
3309 4206 3363 4257 οι
3401 4201 3731 4273 γεννήσαν-

2154 4317 2254 4365 τες
2290 4297 2480 4354 αὐτὸν
2505 4298 2575 4351 ἐν
2604 4295 2686 4362 τῷ
2715 4296 3114 4365 προφητεύειν
3137 4295 3343 4349 αὐτόν.

2228 4393 2350 4459 ῌΡ.
2391 4390 2641 4460 Τοσαύτη
2693 4405 2778 4453 τις
2812 4388 2963 4441 ἔσται
3011 4388 3140 4459 περὶ
3165 4387 3226 4440 τὸ
3255 4386 3398 4440 θεῖον
3426 4384 3589 4445 αἰδὼς
3622 4383 3730 4438 τῶν

484 4496 679 4535 numen
729 4493 1153 4551 prosequentur,
1199 4483 1396 4552 inquit,
1435 4484 1679 4554 adeoque
1721 4486 1787 4539 de
1822 4486 2052 4555 perfecta

2160 4483 2434 4556 τηνικάδε,
2460 4482 2614 4553 φησὶ,
2645 4481 2953 4551 φροντιοῦσι
3002 4480 3059 4533 δὲ
3104 4477 3250 4532 οὔτω
3295 4478 3394 4548 τῆς
3439 4479 3519 4541 είς
3562 4476 3730 4547 ἄκρον

484 4573 751 4644 probitate
778 4583 831 4628 et
863 4575 969 4627 vita
1018 4573 1276 4629 laudabili
1310 4585 1470 4631 erunt
1512 4578 1752 4644 solliciti,
1790 4588 1848 4633 ut
1891 4581 2056 4634 etiam

485 4672 737 4734 parentes
767 4664 872 4732 ipsi
919 4665 984 4718 ad
1029 4666 1202 4723 zelum
1247 4677 1302 4720 et
1351 4668 1486 4721 iram
1515 4670 1803 4724 adversum
1856 4671 2058 4725 liberos

484 4767 839 4818 exacnantur,
875 4757 1014 4826 quod
1059 4771 1184 4811 cum
1223 4758 1357 4814 falsa
1404 4762 1610 4829 dicant,
1642 4778 1703 4816 se
1736 4765 2057 4832 prophetare

485 4847 715 4916 ﬁngant,
743 4857 796 4900 et
825 4848 894 4900 de
925 4849 1089 4902 corde
1132 4864 1230 4904 suo
1279 4849 1591 4919 loquantur,
1619 4853 1774 4920 quasi
1807 4853 1949 4907 Deus
1987 4854 2054 4906 ad

486 4938 632 5008 ipsos
672 4938 834 4992 verba
877 4937 1116 4993 fecisset.
1151 4957 1170 4990 ι
1204 4939 1590 5011 Compedibus,
1638 4943 1836 5011 inquit,
1874 4943 2046 5012 impli-

484 5031 685 5087 Cabunt
725 5045 873 5096 eum,
906 5049 926 5083 ι
959 5031 1062 5086 hoc
1111 5041 1216 5096 est,
1264 5041 1325 5085 ut
1377 5043 1650 5088 amentem
1702 5043 1759 5087 ct
1811 5034 2055 5088 insanum

486 5122 744 5186 viucient,
795 5137 1083 5193 morasque
1137 5122 1407 5187 tollentes,
1455 5125 1613 5178 morti
1652 5140 1775 5179 eum
1826 5125 2058 5179 destina-

485 5212 639 5277 bant,
668 5213 711 5269 si
740 5212 792 5268 in
822 5212 924 5267 hoc
954 5211 1143 5269 morbo
1168 5215 1275 5269 lixe
1299 5215 1741 5285 impudenterque
1780 5216 2058 5270 manserit.

482 5304 633 5373 Satis
652 5303 796 5359 enim
831 5314 916 5359 est
943 5304 1052 5360 illis
1086 5305 1153 5359 ad
1192 5305 1421 5375 quodvis
1460 5306 1780 5377 supplicium
1803 5307 1855 5360 in
1882 5306 2050 5361 ﬁlium

485 5395 905 5462 decernendum,
930 5397 1073 5466 quod
1105 5396 1244 5453 falsa
1273 5397 1328 5451 in
1354 5398 1573 5453 nomine
1598 5399 1809 5453 Domini
1845 5398 2054 5453 locutus

485 5487 575 5542 sit.
596 5485 727 5542 Vide
755 5497 932 5543 autem
965 5504 1130 5557 quam
1167 5502 1296 5544 vere
1329 5488 1432 5543 hoc
1463 5487 1665 5542 dictum
1690 5489 1783 5555 sit,
1811 5500 1867 5544 et
1892 5504 2053 5558 quam

486 5574 735 5630 stabilem
769 5587 1041 5633 mereatur
1076 5577 1232 5633 [idem
1261 5576 1558 5646 praedictio.
1591 5575 1725 5643 Quis
1770 5577 1914 5631 enim
1963 5593 2056 5631 no-

484 5676 658 5720 strum
710 5666 1023 5723 toleraverit
1061 5669 1221 5726 hodie
1278 5669 1359 5724 sic
1412 5668 1821 5740 prophetantem
1865 5682 2052 5738 quem-

2153 4575 2454 4637 ἐπιεικείας
2497 4573 2592 4626 καὶ
2636 4572 2964 4641 άξιαγάστου
3015 4569 3178 4641 ζωῆς,
3208 4568 3348 4622 ὥστε
3394 4566 3490 4621 καὶ
3538 4566 3730 4636 γονέας

2154 4664 2350 4726 αὐτοὺς
2403 4662 2553 4725 ἰδίοις
2601 4659 2961 4732 ὲπιθήγεσθαι
3006 4658 3216 4721 τέκνοις
3262 4654 3475 4727 ζηλοῦν,
3509 4656 3570 4708 τὸ
3604 4657 3727 4719 τοὺς

2150 4752 2466 4821 ψευδοεπεῖς
2500 4751 2864 4824 προφητεύειν
2907 4748 3442 4818 άποπλαττομένους,
3473 4747 3566 4801 καὶ
3592 4747 3727 4800 άπο·

2153 4843 2466 4914 φθέγξοιντο
2489 4843 2557 4897 τά
2582 4844 2692 4915 τῶν
2722 4843 2830 4897 ἀπὸ
2863 4841 3109 4912 καρδίας,
3147 4838 3223 4902 ὡς
3255 4838 3389 4892 Θεοῦ
3435 4837 3726 4908 λελαληκό-

2160 4953 2271 5001 τος.
2330 4956 2349 4987 ι
2378 4934 2737 5007 Συμποδιοῦσι
2783 4936 2892 5005 γὰρ
2942 4931 3127 4997 αὑτὸν,
3154 4950 3173 4982 ι
3230 4933 3395 5002 φησι,
3441 4932 3725 4993 τουτέστι,

2159 5026 2688 5098 καταδεσμεύσουσιν
2736 5027 2813 5091 ὡς
2857 5024 3095 5095 ἕκφρονά
3148 5038 3205 5077 τε
3263 5022 3357 5076 καὶ
3413 5022 3724 5093 μεμηνότα.

2160 5119 2526 5190 μελλήσαντες
2575 5118 2631 5172 δὲ
2682 5117 2854 5181 οὐδὲν,
2885 5114 3225 5189 καθοριοῦσιν
3256 5112 3419 5168 αὑτοῦ
3448 5113 3538 5167 τὸν
3565 5113 3729 5168 θάνα-

2154 5229 2267 5277 τον,
2298 5212 2348 5263 εί
2388 5209 2623 5280 ἔμμονον
2653 5225 2711 5261 τε
2741 5207 2834 5260 καὶ
2862 5206 3052 5278 ἀναιδῆ
3081 5205 3180 5277 τὴν
3216 5204 3310 5258 ἐπὶ
3344 5204 3481 5275 τῷδε
3526 5207 3729 5258 ποιοῖτο

2155 5304 2327 5356 νόσον.
2347 5302 2584 5372 Ἀπόχρη
2628 5299 2736 5370 γάρ
2781 5299 2966 5361 αὐτοῖς
3010 5299 3090 5361 είς
3131 5295 3193 5349 τὸ
3236 5295 3347 5350 δεῖν
3379 5294 3596 5349 ἃπασαν
3634 5293 3726 5348 τοῦ

2148 5389 2339 5451 παιδὸς
2363 5389 2651 5460 καθορίσαι
2698 5386 2854 5458 δίκην
2878 5385 3018 5449 τόδε,
3046 5386 3127 5439 ὅτι
3150 5385 3319 5456 ψευδῆ
3348 5384 3639 5456 λελάληκεν
3670 5385 3727 5438 ἑν

2148 5483 2375 5552 ὀνόματι
2404 5481 2828 5554 Κυρίου.Ἀθρει
2859 5479 2916 5534 δὲ
2957 5478 3147 5552 ὥσπερ
3178 5479 3327 5535 ἐστὶν
3352 5478 3558 5553 ἀληθὴς
3586 5481 3614 5533 ὀ
3637 5477 3726 5532 λό-

2149 5590 2265 5643 γος,
2301 5572 2395 5626 καὶ
2444 5572 2507 5625 τὸ
2560 5570 2776 5643 βέϐαιον
2830 5574 2911 5637 είς
2958 5570 3142 5626 πίστιν
3187 5572 3221 5642 ἡ
3272 5570 3727 5643 προαναφώνησις

2151 5664 2287 5736 ἔχει.
2319 5662 2418 5727 Τίς
2463 5663 2573 5735 γὰρ
2599 5662 2707 5717 τῶν
2734 5661 2857 5718 καθ’
2889 5664 3035 5736 ἡμᾶς
3056 5663 3537 5735 διακαρτερήσειεν
3570 5661 3636 5717 ἂν
3667 5660 3728 5716 ἒν

559 5849 831 5915 Πετεώ.
860 5865 971 5917 xiv,
1006 5848 1093 5904 i3.
1173 5848 1217 5881 “
1248 5847 1382 5905 Ibid.
1418 5847 1505 5907 Μ.
1578 5848 1620 5881 ¹³
1649 5847 1849 5905 Jerem.
1881 5861 2040 5917 χχιιι,

2152 5882 2160 5903 .
2234 5844 2280 5878 ⁸⁵
2305 5843 2349 5901 ιι
2373 5843 2520 5903 Petr.
2545 5859 2584 5909 ι,
2614 5843 2702 5900 I9.
