4120 6376
368 431 372 435 θ
413 352 518 408 235
1252 348 1798 407 COMMENTARIUS
1831 346 1896 401 IN
1930 346 2326 401 uenarum
2364 345 2804 401 PROPHETAM.
3524 353 3629 407 est

412 473 491 543 τῷ
522 471 616 527 νῦν
645 472 823 543 καιρῷ
853 470 1287 543 προφητεύοντός
1306 487 1488 535 τινος;
1536 471 1570 540 ἦ
1613 470 1729 533 πῶς
1768 471 1866 523 οὐκ
1896 470 1975 536 ἐξ·

2082 467 2266 537 piam?
2288 476 2381 522 aut
2407 467 2675 537 quomodo
2708 481 2812 520 non
2851 466 2919 520 de
2951 481 3129 523 mente
3172 483 3233 521 ac
3283 469 3512 526 sanitate
3538 476 3633 527 de—

413 561 679 633 εστηκότα
719 562 977 630 λογιεῖται
1032 563 1130 631 μὲν
1176 561 1267 614 τὸν
1311 560 1548 614 τοιοῦτον
1577 560 1756 623 εὐθὺς,
1789 555 1889 614 ὧδέ
1921 577 1982 613 τε

412 651 601 721 ἔχοντα
658 650 882 721 γνώμης
932 650 1049 714 πῶς
1098 652 1195 704 οὐκ
1241 650 1306 704 ἂν
1350 652 1630 723 ποιήσαιτο
1680 652 1980 722 στυγητόνζ

411 743 569 804 Ποῖος
600 742 657 794 δὲ
704 742 887 813 πατὴρ
934 742 1335 813 ἀνεπίπληκτον
1363 743 1511 796 ἐάσει
1547 742 1755 807 τέκνον,
1794 745 1842 795 εί
1870 745 1984 805 τοῖς

410 833 552 886 οὓτω
573 833 764 895 δεινοῖς
792 832 1006 903 ὲναλοίη
1035 834 1530 905 πλημμελήμασιν;
1575 835 1870 901 Ἀπόδειξις
1889 832 1983 890 οῦν

411 927 539 997 ἄρα,
572 925 665 977 καὶ
712 925 856 994 μάλα
907 925 1082 996 σαφὴς
1116 927 1328 995 γένοιτο
1372 927 1458 991 ἂν,
1498 924 1670 996 οἶμαι,
1704 929 1854 980 τουτὶ
1884 928 1982 998 τῆς

413 1018 494 1079 τίς
522 1015 653 1070 Θεὸν
688 1014 987 1079 εὐσεϐείας,
1016 1018 1105 1069 ὅτε
1150 1017 1285 1069 πολὺ
1324 1017 1460 1087 πρὸς
1486 1017 1545 1068 τὸ
1568 1018 1785 1086 ἄμεινον
1812 1017 1845 1087 ἡ
1872 1015 1981 1068 τῶν

415 1108 536 1160 καθ’
568 1109 714 1177 ἡμᾶς
765 1107 1101 1177 πραγμάτων
1157 1107 1576 1179 μετακεχώρηκε
1624 1109 1804 1177 φύσις,
1845 1109 1979 1162 Θεοῦ

417 1198 879 1268 μεταπλάττοντος
906 1201 985 1262 είς
1004 1200 1063 1252 τὸ
1089 1199 1240 1270 αὐτῷ
1261 1199 1450 1254 δοκοῦν
1477 1203 1569 1253 καὶ
1594 1202 1674 1263 εἰς
1699 1200 1759 1252 τὸ
1781 1197 1838 1253 εὖ
1860 1200 1980 1270 ἕχον

413 1291 447 1362 ἢ
476 1292 625 1360 πρίν.
662 1291 772 1344 Καὶ
800 1290 931 1360 γοῦν
962 1292 1029 1345 τὰ
1058 1292 1224 1346 πάλαι
1253 1293 1534 1364 τιμώμενα
1557 1294 1646 1346 καὶ
1676 1293 1825 1365 παρά
1855 1294 1981 1347 πολ-

415 1379 527 1444 λοῖς
559 1381 881 1449 ἀξιάγαστα,
914 1380 1009 1435 νῦν
1042 1384 1147 1435 είσι
1174 1385 1416 1455 στυγητά
1456 1385 1549 1437 καὶ
1596 1385 1843 1455 ὲπάρατα
1885 1384 1981 1437 καὶ

411 1474 525 1534 τοῖς
568 1472 864 1526 ἐπιεικέσιν
907 1472 1007 1525 οὐκ
1048 1474 1247 1527 ἀνεκτά
1271 1474 1364 1527 καὶ
1387 1477 1479 1528 τοῦ
1506 1474 1828 1540 κολάζεσθαι
1871 1475 1981 1528 δεῖν

411 1562 513 1614 οὐκ
546 1563 910 1633 ὴμοιρηκότα.

483 1651 591 1703 Καὶ
622 1649 793 1703 ἔσται
829 1651 898 1704 ὲν
940 1649 1014 1718 τῇ
1059 1650 1249 1720 ἡμέρᾳ
1292 1653 1517 1721 ἐκείνῃ,
1544 1653 1980 1721 καταισχυνθή-

412 1754 623 1793 amat
649 1744 702 1795 ot
730 1741 1024 1810 προφῆται
1060 1742 1313 1809 ἕκαστος
1338 1744 1405 1797 ἐκ
1435 1744 1547 1812 τῆς
1577 1744 1838 1812 ὁράσεως
1870 1748 1977 1799 αὺ-

2085 559 2354 612 turbatum
2383 559 2566 613 statim
2617 558 2886 625 reputabil
2928 560 3105 622 talem,
3159 569 3215 615 et
3264 562 3343 615 sic
3383 560 3630 619 affectum

2081 652 2347 721 quomodo
2372 666 2478 705 non
2510 651 2889 706 aversabitur?
2926 652 3057 718 Quis
3084 663 3262 706 autem
3294 665 3440 722 pater
3465 656 3631 710 ﬁlium

2082 743 2480 794 teterrimorum
2515 739 2901 794 maleﬁciorum
2954 751 3287 810 compertum
3327 743 3633 813 inohjurga—

2083 844 2192 887 tum
2217 832 2525 901 relinquet?
2556 830 2739 886 Potest
2766 831 2930 901 igitur
2962 832 3086 896 hoc,
3115 848 3234 886 meo
3264 834 3485 903 judicio,
3529 839 3636 890 evi-

2080 926 2391 979 dentissima
2439 939 2559 979 esse
2634 923 3025 979 demonstratio
3075 923 3292 992 pietatis
3340 926 3391 978 itt
3442 922 3633 991 Deum,

2079 1017 2492 1085 qnaudorerum
2524 1024 2830 1070 nostrarum
2852 1025 3037 1067 natura
3070 1015 3293 1068 multum
3327 1018 3391 1069 ad
3416 1018 3635 1072 meliora

2084 1107 2375 1174 processit,
2402 1106 2514 1160 Deo
2544 1107 2690 1160 illam
2716 1106 2782 1160 ad
2820 1106 3146 1161 voluntatem
3180 1121 3331 1161 suam
3366 1109 3633 1176 ﬂectente,

2079 1206 2134 1251 et
2168 1198 2222 1251 in
2246 1198 2609 1252 conditionem
2634 1197 2859 1266 pristina
2891 1197 3170 1251 meliorem
3201 1198 3633 1254 trattsl‘nrntante.

2080 1287 2257 1354 Quare
2286 1302 2405 1356 quae
2428 1287 2558 1341 olint
2594 1296 2750 1343 erant
2794 1288 2848 1343 in
2881 1289 3054 1356 pretio
3093 1299 3149 1342 et
3176 1304 3205 1342 a
3246 1290 3428 1344 multis
3460 1292 3636 1359 suspi-

2080 1381 2384 1446 ciebantur,
2415 1396 2557 1434 nunc
2586 1381 2772 1434 odiosa
2797 1390 2853 1433 et
2871 1383 3200 1437 exsecranda
3233 1392 3291 1436 et
3314 1382 3471 1437 bonis
3498 1384 3634 1439 into-

2080 1473 2295 1527 leranda
2323 1489 2387 1528 ac
2412 1472 2676 1543 supplicio
2705 1472 2934 1529 obnoxia
2957 1481 3101 1528 sunt.

2154 1647 2314 1703 Vens.
2344 1648 2463 1702 4-6.
2503 1646 2573 1702 Et
2601 1649 2696 1703 erit
2730 1650 2786 1702 in
2828 1648 2912 1703 die
2948 1648 3063 1709 illa,
3101 1648 3488 1718 confundantur
3514 1665 3636 1719 pro-

2078 1740 2266 1809 phetae,
2295 1739 2644 1806 unusquisque
2666 1754 2733 1790 ea:
2758 1738 2954 1792 visione
2980 1753 3079 1791 sua
3107 1741 3232 1791 dum
3254 1739 3634 1806 prophetavet-it

388 1831 520 1885 τοῦ
553 1831 624 1884 ἐν
667 1833 748 1897 τῷ
794 1835 1189 1901 προφητεύειν
1231 1836 1436 1897 αὑτὸν,
1473 1835 1571 1889 καὶ
1623 1836 1975 1890 ἐνδύσονται

2079 1832 2209 1898 ipse,
2239 1840 2283 1882 et
2311 1828 2593 1882 induentur
2622 1827 2752 1897 pelle
2785 1828 3016 1892 cilicina,
3039 1844 3131 1894 pro
3154 1844 3215 1881 eo
3256 1832 3389 1899 quod
3436 1830 3635 1881 mentiti

413 1919 613 1989 εέρῤιν
654 1923 949 1991 τριχίνην,
993 1925 1125 1978 ἀνθ’
1149 1919 1237 1977 ὧν
1282 1926 1641 1993 ἐψεύσαντο,
1684 1927 1780 1980 καὶ
1823 1927 1973 1995 ἐρεῖ·

416 2014 537 2065 Οὐκ
570 2013 686 2082 εἰμὶ
731 2014 1042 2083 προφήτης
1067 2015 1199 2084 ἐγὼ,
1231 2015 1379 2070 διότι
1413 2015 1721 2086 ἅνθρωπος
1744 2018 1976 2088 ἐργαζό-

405 2116 591 2169 μενος
617 2102 731 2170 τὴν
752 2102 870 2172 γῆν
903 2104 1017 2173 ἐγώ
1057 2108 1192 2175 ειμι,
1224 2104 1314 2159 ὅτι
1354 2106 1660 2177 ἄνθρωπος
1689 2108 1978 2178 ἐγέννησέ

407 2210 485 2261 με
505 2194 573 2247 ἐκ
598 2197 878 2263 νεότητός
910 2215 1047 2265 μου.
1079 2201 1187 2252 Καὶ
1220 2198 1331 2266 ἐρῶ
1367 2201 1516 2269 πρὸς
1556 2202 1774 2255 αὐτόν’
1824 2203 1881 2254 Τί
1917 2204 1978 2253 αὶ

413 2287 635 2355 πληγαὶ
680 2284 855 2343 αὗται
903 2289 1210 2359 ἀναμέσον
1255 2288 1373 2342 τῶν
1418 2289 1629 2359 χειρῶν
1669 2308 1821 2352 o'ov;
1867 2292 1978 2345 Καὶ

411 2377 568 2444 ἐρείο
610 2379 717 2444 Ἀς
753 2378 1028 2447 esurimu-
1072 2380 1143 2432 ἐν
1193 2378 1272 2445 τῷ
1315 2381 1457 2445 οικῳ
1509 2382 1614 2436 τοῦ
1667 2382 1974 2451 ἀγαπητοῦ

406 2484 549 2535 μου.

483 2557 599 2625 [ιϐ’.
622 2559 744 2611 Ὅτι
772 2560 868 2613 καὶ
896 2560 1083 2631 ποινῆς
1110 2560 1204 2615 καὶ
1222 2562 1379 2634 δίκης
1396 2562 1519 2627 ἀξια
1548 2564 1811 2620 τέθεινται
1838 2585 1950 2638 παρ

413 2651 544 2719 ἡμῖν
573 2650 640 2702 τά
673 2650 840 2703 πάλαι
864 2650 1305 2725 τεθαυμασμένα,
1340 2656 1436 2709 καὶ
1476 2660 1539 2710 ὲκ
1581 2658 1682 2724 τῆς
1706 2658 1814 2712 τῶν
1842 2675 1977 2729 προ-

413 2738 680 2810 κειμένων
725 2741 934 2808 ὲννοίας
984 2743 1362 2817 ἀταλαίπωρον
1411 2746 1560 2805 ἰδεῖν.
1600 2749 1979 2819 Προεφήτευον

417 2833 516 2900 μὲν
540 2832 669 2908 γὰρ,
703 2833 779 2900 ὡς
820 2836 975 2908 ἔφην,
1015 2839 1074 2890 ὲν
1116 2837 1195 2909 τῷ
1235 2838 1447 2908 Ἰσραὴλ
1492 2841 1539 2892 οἱ
1576 2838 1889 2908 ψευδοεπεῖς
1920 2857 1978 2893 τε

414 2923 508 2978 καὶ
550 2926 799 2993 φένακες,
830 2930 924 2981 καὶ
961 2928 1169 2999 πλανᾷν
1212 2928 1461 2991 εἰωθότες
1508 2930 1691 2983 ἕνεκεν
1730 2949 1749 2981 ι
1782 2931 1980 3002 δρακὸς

417 3016 610 3087 κριθῆς
638 3018 732 3071 καὶ¹
770 3017 1081 3088 κλάσματος
1118 3018 1305 3087 ἄρτου,
1340 3036 1359 3068 ι
1395 3017 1535 3071 κατά
1563 3018 1625 3072 τὸ
1660 3020 1979 3090 γεγραμμέ-

414 3124 522 3161 νον.
555 3103 687 3161 Εἶτα
715 3108 937 3162 τοιαῦτα
967 3108 1237 3181 τολμῶσιν
1280 3108 1508 3173 ἐκείνοις
1552 3109 1851 3181 ἐπέπληττε
1879 3112 1977 3183 μὲν

2078 1934 2222 1987 sunt,
2266 1933 2313 1976 et
2350 1923 2524 1976 dicet:
2569 1920 2693 1974 Non
2733 1936 2847 1973 sum
2896 1920 3142 1988 praplteta
3172 1936 3286 1988 ego,
3320 1920 3441 1987 quia
3484 1920 3634 1974 homo

2078 2015 2250 2068 colens
2272 2025 2465 2067 terram
2489 2028 2581 2081 ego
2602 2028 2735 2074 sum,
2760 2012 2881 2078 quia
2908 2010 3058 2063 homo
3085 2013 3260 2079 genuit
3286 2027 3367 2065 me
3388 2030 3419 2064 a
3441 2012 3634 2080 juven-

2078 2117 2186 2160 tute
2235 2122 2365 2159 mea.
2413 2103 2483 2157 Et
2524 2104 2696 2157 dicam
2724 2103 2793 2156 ad
2828 2119 2945 2155 eum
2981 2117 2999 2155 :
3038 2102 3178 2167 Quid
3232 2103 3401 2173 plaga:
3439 2106 3553 2157 ista:
3578 2106 3632 2155 in

2078 2200 2247 2252 medio
2276 2213 2521 2250 manuum
2546 2207 2754 2249 tuarum
2778 2196 2803 2249 .9
2832 2193 2901 2247 Et
2937 2196 3070 2250 dicet
3094 2209 3112 2247 :
3138 2195 3339 2261 Quibus
3361 2212 3632 2264 percussus

2077 2304 2192 2341 sum
2216 2290 2270 2340 in
2292 2288 2445 2338 domo
2469 2284 2647 2339 dilecti
2670 2284 2788 2337 mei.

2148 2552 2311 2623 790
2334 2547 2517 2605 XCIX.
2548 2548 2716 2604 Poena
2742 2557 2797 2602 et
2826 2547 3029 2601 ultione
3052 2546 3211 2616 digna
3245 2561 3275 2598 a
3302 2546 3455 2601 nobis
3488 2551 3636 2600 ausu-

2079 2656 2247 2709 mata,
2274 2658 2392 2713 quae
2435 2642 2704 2713 quondam
2748 2640 2926 2707 magni
2960 2637 3288 2692 ducebamus
3312 2676 3329 2703 ,
3366 2640 3529 2693 etiam
3570 2654 3635 2692 ex

2078 2734 2477 2806 propositorum
2507 2730 2794 2786 verborum
2836 2728 3104 2784 sententia
3132 2729 3336 2795 videre,
3386 2729 3519 2783 nihil
3556 2743 3637 2783 est

2078 2828 2299 2899 negotii.
2326 2823 2725 2893 PrOphetabant
2753 2821 2917 2887 enim,
2955 2829 3013 2874 ut
3044 2819 3175 2883 dixi,
3203 2821 3254 2873 in
3288 2817 3450 2875 Israel
3490 2836 3638 2874 men-

2076 2922 2258 2985 daces,
2299 2918 2441 2987 plani
2495 2924 2549 2971 et
2599 2916 2941 2983 impostores,
2988 2922 3041 2966 et
3078 2921 3295 2982 propter
3327 2930 3346 2963 ι
3380 2913 3633 2983 pugillnnt

2077 3012 2263 3067 hordei
2310 3009 2706 3076 frustulumque
2744 3005 2918 3076 panis,
2944 3024 2963 3057 ι
3002 3005 3143 3059 sicut
3178 3006 3437 3076 scriptum
3463 3017 3546 3062 est
3568 3008 3631 3071 ",

2078 3106 2339 3159 seducere
2392 3100 2560 3155 soliti.
2589 3097 2717 3163 Quae
2741 3111 2865 3151 cum
2911 3096 3279 3166 designarent,
3330 3114 3486 3152 nemo
3519 3115 3636 3153 erat

412 3198 609 3262 οὐδεὶς,
641 3198 748 3252 οὐδ’
787 3202 1070 3272 ἀπείργειν
1117 3200 1305 3271 ἤθελεν
1345 3202 1420 3264 ὡς
1450 3201 1727 3256 δυσσεὸεῖν
1771 3205 1975 3275 ᾑρημέ-

2080 3194 2170 3263 qui
2198 3207 2293 3247 eos
2324 3190 2740 3259 reprehenderet
2765 3196 2858 3238 aut
2887 3195 3140 3253 tanquam
3170 3185 3365 3254 impios
3386 3202 3638 3242 coercere

416 3304 558 3353 νους,
597 3289 844 3354 ἐπαίνοις
870 3291 926 3343 δὲ
960 3290 1157 3361 μᾶλλον
1190 3291 1407 3355 αὐτοὺς,
1449 3291 1543 3344 καὶ
1574 3293 1693 3354 ταῖς
1724 3293 1978 3347 ἀνωτάτω

412 3382 597 3450 τιμαῖς
623 3382 916 3451 στεφανοῦν
938 3383 1120 3452 ἠξίουν
1145 3384 1193 3436 οἱ
1207 3384 1452 3446 τάλανες.
1477 3383 1658 3455 Ταύτῃ
1684 3401 1766 3437 τοι
1790 3386 1975 3438 κάκεῖ-

412 3486 495 3523 νοι
529 3472 665 3543 πρὸς
714 3474 767 3525 τὸ
794 3475 973 3544 χεῖρον
1004 3474 1194 3543 ᾔεσαν,
1219 3474 1559 3544 τρεφομένης
1577 3474 1766 3545 ὥσπερ
1796 3476 1977 3537 αὐτοῖς

394 3558 512 3629 γῆς
550 3560 704 3613 νόσου
747 3562 835 3615 διὰ
877 3562 975 3632 τῆς
1006 3564 1114 3616 τῶν
1158 3564 1575 3635 τεθαυμακότων
1609 3566 1803 3628 αὐτοὺς
1849 3566 1968 3619 έλα-

414 3649 596 3721 φρίας.
615 3651 705 3705 Ἐν
733 3651 790 3704 δὲ
820 3652 902 3721 τῷ
926 3652 1020 3705 νῦν
1040 3653 1216 3724 καιρῷ
1237 3654 1791 3724 καταισχυνθήσεσθαί
1814 3673 1976 3726 φησιν

413 3739 631 3803 αὐτοὺς,
650 3742 713 3795 οὐ
748 3742 1175 3814 παραδεχθείσης
1204 3744 1442 3815 δηλονότι
1472 3747 1571 3817 τῆς
1598 3746 1974 3819 ψευδοπροφη-

411 3829 584 3895 τείας,
617 3832 1079 3904 ὲπιτετιμημένης
1105 3834 1160 3887 δὲ
1192 3835 1411 3904 μᾶλλον,
1445 3836 1540 3890 καὶ
1575 3835 1635 3900 ἐξ
1664 3837 1844 3891 αὐτῶν
1868 3837 1976 3892 τῶν

413 3917 482 3971 τὰ
507 3919 684 3972 τοιάδε
703 3920 907 3991 τολμᾷν
934 3922 1201 3975 εἰωθότων
1221 3921 1319 3985 τὰς
1337 3924 1437 3995 τῆς
1456 3924 1709 3988 ἀπονοίας
1735 3926 1977 3990 ἐξαιτουο

416 4009 593 4078 μένων
619 4010 792 4075 δίκας,
820 4013 896 4075 ώς
928 4012 1282 4084 ἐλεγχθέντας
1326 4016 1485 4079 εὐθὺς
1518 4017 1610 4070 καὶ
1642 4017 1973 4086 ἀποσχέσθαι

412 4100 508 4154 τοῦ
543 4102 735 4167 κακοῦ,
771 4104 864 4157 καὶ
902 4104 1083 4175 δέρῤιν
1116 4104 1435 4159 ἐνδύσασθαι
1461 4107 1724 4178 τριχίνην,
1757 4108 1873 4163 ἀνθ’
1899 4103 1975 4163 ὧν

415 4190 730 4261 ἐψεύσαντο,
754 4193 1018 4259 τουτέστι,
1049 4196 1265 4249 πενθεῖν
1301 4197 1394 4249 ἐπὶ
1439 4197 1516 4268 τῷ
1547 4198 1699 4270 κακῷ
1744 4200 1838 4253 καὶ
1881 4202 1973 4254 ἐπὶ

412 4284 483 4352 τῇ
530 4283 875 4355 πλημμελείᾳ
920 4286 1381 4358 κατολοφύρεσθαι
1406 4331 1422 4355 ,
1473 4290 1974 4359 μεταγινώσκοντας

410 4375 496 4426 ὅτι
538 4373 813 4445 λογισμῶν
862 4379 940 4439 εἰς
995 4376 1151 4431 τοῦτο
1200 4379 1527 4434 κατώλισθον
1570 4381 1808 4452 ἀμαθίας
1834 4424 1850 4450 ,
1898 4385 1973 4447 ὡς

411 4464 773 4537 ψιυδοεπῆσαι
804 4466 944 4520 κατά
979 4466 1135 4531 Θεοῦ,
1157 4468 1521 4539 ὲρυθριιῖιντας
1550 4471 1606 4524 δὲ
1643 4472 1777 4536 ὅλως
1799 4474 1970 4538 οὐδὲν,

2083 3284 2245 3338 vellet
2290 3298 2304 3333 :
2359 3278 2602 3348 quinimo
2654 3274 2901 3328 laudibus
2958 3272 3135 3342 potius
3183 3282 3237 3327 et
3293 3275 3637 3343 amplissimis

2080 3373 2374 3430 honoribus
2424 3367 2603 3423 miseri
2640 3366 3021 3437 dignabantur.
3058 3364 3238 3429 Quare
3266 3375 3321 3419 et
3366 3365 3439 3419 illi
3486 3367 3637 3422 dete-

2080 3468 2251 3522 riorcs
2278 3462 2595 3525 evadebant,
2619 3473 2746 3512 cum
2772 3471 2958 3510 eorum
2988 3459 3235 3509 morbum
3267 3459 3635 3513 venerantium

2080 3559 2272 3612 levitas
2314 3556 2502 3610 aleret.
2559 3551 2673 3606 Hoc
2719 3562 2897 3606 autent
2941 3561 3182 3622 tempore
3223 3566 3316 3606 eos
3355 3550 3636 3605 confusum

2078 3647 2144 3701 iri
2176 3647 2327 3711 dicit,
2358 3644 2636 3711 repudiata
2677 3643 2931 3696 nimirum
2978 3640 3492 3712 pseutlopropltetia,
3542 3657 3635 3695 seu

2077 3736 2255 3806 potius
2285 3744 2563 3799 accusata,
2597 3744 2649 3786 et
2677 3735 2851 3800 poenis
2878 3733 3129 3787 amentiae
3161 3747 3189 3785 a
3220 3742 3328 3785 tam
3364 3732 3637 3801 impuden-

2079 3825 2222 3880 tibus
2263 3824 2529 3893 repet'ttis,
2563 3833 2621 3877 ut
2664 3823 2897 3891 correpti
2942 3837 3063 3876 mox
3112 3830 3167 3876 et
3212 3822 3420 3876 scelere
3469 3823 3638 3876 absni-

2077 3925 2241 3971 neant
2313 3926 2367 3968 et
2409 3915 2600 3984 pellem
2648 3914 2916 3967 cilicinam
2964 3914 3206 3979 induant,
3261 3927 3358 3980 pro
3398 3927 3463 3967 eo
3495 3916 3635 3983 quod

2078 4008 2285 4063 mentiti
2321 4007 2452 4071 sint,
2491 4007 2592 4060 hoc
2632 4014 2736 4070 est,
2785 4014 3007 4073 propter
3053 4002 3449 4071 improbitatem
3484 4018 3635 4057 suam

2076 4102 2292 4171 lugeant
2351 4108 2406 4153 et
2460 4107 2680 4169 propter
2752 4095 3011 4150 delictum
3066 4096 3470 4158 lamententur,
3520 4110 3635 4165 ρας-ι

2078 4194 2311 4247 nitentes
2345 4190 2488 4259 quod
2524 4189 2578 4242 in
2629 4188 2985 4258 cogitationes
3016 4186 3149 4239 adeo
3184 4186 3502 4252 insipientes
3539 4186 3636 4239 de-

2075 4283 2343 4347 venerint,
2370 4288 2430 4336 ut
2450 4280 2702 4352 perfricta
2736 4280 2912 4333 fronte
2939 4290 3124 4333 contra
3153 4277 3322 4331 Deum
3351 4276 3484 4332 falsa
3508 4293 3635 4347 pro-

2076 4375 2463 4444 loquerentur,
2503 4380 2895 4442 peccatumque
2941 4384 3096 4424 suum
3142 4370 3539 4433 conﬁteantur,
3572 4356 3636 4421 et

2076 4468 2286 4523 veniam
2322 4475 2563 4534 poscant,
2608 4462 2848 4517 dicentes
2892 4470 3078 4530 aperte
3110 4480 3122 4513 :
3160 4477 3180 4511 ι
3218 4457 3335 4513 Νοη
3370 4474 3486 4513 sum
3517 4472 3635 4525 pro-

410 4554 740 4625 ὀμολογῆσαί
766 4573 828 4609 τε
855 4556 955 4628 τὴν
974 4558 1267 4629 ἁμαρτίαν,
1289 4561 1381 4613 καὶ
1406 4560 1732 4632 συγγνώμην
1758 4564 1972 4634 ἐξαιτῆ-

2079 4559 2237 4627 pheta
2266 4572 2385 4626 ego,
2418 4555 2541 4624 quia
2575 4556 2736 4609 homo
2761 4553 2943 4624 genuit
2969 4567 3053 4605 me
3078 4567 3106 4603 a
3133 4550 3415 4617 jnventute
3442 4565 3580 4611 mea,
3611 4567 3630 4601 ι

413 4659 525 4710 σαι,
556 4646 808 4714 λέγοντας
840 4646 1055 4717 σαφῶς·
1090 4668 1110 4700 ι
1140 4649 1254 4703 Οὐκ
1279 4650 1395 4719 είμὶ
1421 4654 1698 4722 προφήτης
1729 4653 1862 4721 ἐγὼ,
1887 4656 1968 4708 ὅτι

411 4734 691 4807 ἅνθρωπος
723 4737 978 4809 ἐγέννησε
1006 4756 1092 4810 με,
1115 4743 1179 4793 ὲκ
1205 4741 1453 4811 νεότητός
1483 4759 1604 4813 μου,
1627 4762 1648 4794 t
1672 4746 1965 4813 τουτέστιν,

410 4827 490 4879 ὅτι
524 4826 808 4897 ἀνθρώπου
840 4830 1036 4898 γέγονα
1064 4831 1271 4886 τέκνον.
1290 4833 1543 4905 Ἀσθενὴς
1573 4835 1630 4888 δὲ
1666 4835 1783 4890 λίαν
1806 4840 1838 4909 ἡ
1864 4841 1967 4907 φύ-

412 4933 495 4979 σις
524 4918 616 4970 καὶ
648 4919 999 4989 εύπάροιστος
1046 4923 1239 4992 κομιδῇ
1271 4924 1407 4994 πρὸς
1434 4926 1494 4978 τὸ
1527 4926 1602 4997 μὴ
1654 4926 1773 4998 ἕχον
1797 4929 1969 5000 ὀρθῶς

412 5010 504 5060 καί
535 5009 923 5081 ἐτοιμοτρεπὴς
952 5014 1031 5075 εἰς
1059 5015 1350 5085 ἁμαρτίαν.
1380 5012 1502 5071 Εἶεν
1535 5019 1579 5072 δ’
1600 5020 1667 5073 ἂν
1693 5022 1748 5073 αἱ
1771 5021 1968 5074 τοιαίδε

414 5099 809 5165 μετανοούντων
842 5101 1034 5168 φωναί.
1068 5104 1130 5156 Et
1157 5104 1215 5156 δὲ
1248 5104 1312 5176 δὴ
1343 5105 1630 5180 βουλοίμην
1656 5109 1818 5162 αὑτὸν
1848 5108 1968 5178 ἐρε-

412 5189 552 5255 σθαι,
591 5191 745 5263 φησὶ,
781 5192 846 5244 Τί
888 5192 949 5247 τὸ
994 5194 1179 5264 χρῆμα
1218 5195 1324 5249 τῶν
1371 5198 1428 5249 ὲν
1458 5198 1640 5269 χερσὶν
1681 5198 1971 5268 ὁρωμένων

409 5284 733 5352 τραυμάτων
776 5285 893 5354 ἤτοι
945 5285 1205 5356 πληγῶν;
1250 5289 1622 5361 ἀποκρινεῖται
1666 5292 1847 5358 πάλιν,
1892 5292 1974 5345 ὃτι

418 5392 435 5422 ι
453 5373 549 5435 ‘Ac
584 5374 826 5445 ἐπλήγην
848 5378 904 5430 ὲν
936 5377 1013 5447 τῷ
1039 5378 1170 5450 οίκῳ
1198 5379 1291 5433 τοῦ
1321 5381 1603 5453 ἀγαπητοῦ
1636 5400 1757 5453 μου,
1786 5402 1802 5435 ι
1838 5400 1975 5454 συμ-

415 5463 744 5519 ποδισάντων
781 5467 939 5520 αὑτὸν
988 5468 1226 5538 δηλονότι
1258 5472 1463 5544 πατρὸς
1500 5474 1593 5527 καὶ
1625 5474 1849 5545 μητρὸς,
1878 5476 1973 5527 καὶ

412 5550 479 5603 τὰ
529 5550 630 5621 τῆς
676 5557 1003 5625 προπετείας
1050 5557 1386 5628 ὲξῃτηκότων
1430 5563 1603 5627 δίκας.
1650 5561 1807 5629 Οἶκος
1858 5565 1969 5635 γὰρ

484 5724 526 5755 ¹¹
554 5724 749 5784 Ezeclt.
773 5743 892 5793 xm,
920 5731 1006 5786 i9.

682 5820 952 5884 PA‘I'BUL.
995 5824 1110 5885 Gn.
1152 5822 1330 5885 LXXI
1336 5827 1383 5885 Ι.

2079 4649 2180 4701 hoc
2205 4654 2309 4709 est,
2340 4644 2464 4713 quia
2507 4642 2742 4697 hominis
2773 4650 2932 4694 natus
2966 4654 3083 4693 sum
3117 4637 3275 4693 ﬁlius.
3306 4638 3521 4691 lnﬁrma
3554 4649 3636 4690 est

2076 4746 2253 4792 autem
2298 4742 2494 4789 natura
2533 4733 2879 4787 vehementer
2909 4740 2965 4785 et
2995 4734 3059 4785 ad
3088 4728 3407 4799 pravitatem
3444 4728 3639 4781 facilli-

2077 4844 2164 4884 me
2191 4829 2543 4896 detorquetur
2570 4833 2625 4879 et
2652 4825 2716 4877 ad
2744 4835 3018 4890 peccatum
3055 4822 3200 4874 nullo
3221 4821 3435 4889 negotio
3465 4820 3636 4875 ﬂecti-

2077 4932 2184 4974 tur.
2244 4917 2415 4971 Voces
2472 4917 2651 4984 itaque
2695 4913 3071 4982 pmnitentiuut
3118 4911 3481 4979 hujuscemodi
3516 4924 3637 4964 esse

2076 5022 2299 5083 queunt.
2334 5010 2485 5077 Quod
2531 5009 2577 5063 si
2615 5008 2773 5062 velim
2825 5008 2997 5076 ipsum
3034 5009 3387 5072 interrogare,
3440 5004 3632 5072 inquit,

2076 5107 2213 5173 Quid
2253 5115 2376 5159 sunt
2409 5118 2527 5173 quae
2565 5105 2619 5157 in
2665 5102 2911 5156 manibus
2946 5109 3241 5153 cernuntur
3270 5097 3490 5150 vulnera
3538 5111 3633 5149 seu

2078 5198 2287 5270 plagae?
2344 5195 2685 5265 respondebit
2730 5208 2945 5249 rursum
2981 5209 2993 5244 :
3035 5209 3053 5241 ‹
3097 5190 3300 5256 Quibus
3349 5201 3633 5255 percussus

2072 5306 2192 5346 sunt
2232 5290 2285 5343 in
2330 5290 2489 5343 dumo
2533 5287 2713 5341 dilecti
2749 5286 2872 5351 mei,
2928 5303 2947 5336 ι
3001 5283 3229 5337 vinculis
3262 5295 3383 5335 cum
3431 5279 3635 5333 scilicet

2071 5392 2224 5451 patre
2261 5391 2313 5434 et
2373 5389 2544 5433 matre
2602 5376 3094 5446 constringentibus
3147 5382 3201 5426 et
3271 5370 3631 5425 temeritatem

2071 5469 2450 5541 plectentibus.
2481 5470 2678 5523 Domus
2702 5465 2843 5521 enim
2871 5465 3048 5519 dilecti
3068 5462 3355 5531 unicuique
3388 5471 3630 5514 noswum

2071 5572 2152 5617 est
2185 5564 2372 5617 domus
2398 5570 2700 5621 parentum.
2750 5557 3109 5625 Quamobrem
3156 5562 3354 5625 quanta
3389 5560 3629 5606 veterum

3258 5824 3295 5887 8
