4120 6376
344 420 347 427 ,
454 350 563 419 23‘s

1446 351 1511 414 S.
1552 350 1824 412 CYRILLI
1862 354 2332 414 ALEXANDRINI
2362 357 2681 417 ARCHIEP.
2888 372 2908 405 κ

3608 367 3719 423 256

459 472 873 544 recentiumque
910 478 1091 528 rerum
1122 468 1426 527 diﬂ‘e‘rentia
1460 474 1554 537 sit,
1593 478 1775 526 tecum
1822 479 2031 539 reputa.

2143 473 2424 545 ἀγαπητοῦ
2464 474 2682 544 ἑκάστῳ
2722 474 2829 531 τῶν
2856 474 2974 529 καθ’
3001 477 3173 547 ἡμᾶς,
3201 478 3229 531 ό
3261 477 3369 532 τῶν
3400 479 3724 550 γεγεννηκό-

452 566 794 622 Ferebantur
814 565 959 619 enim
988 563 1042 619 in
1076 561 1250 618 oculis
1276 560 1397 617 falsi
1425 562 1722 632 praphetae,
1752 563 2030 633 gloriaque

2143 567 2409 637 των.”υρα
2443 568 2622 620 τοίνυν
2659 567 2758 638 ὅση
2794 566 2877 631 τίς
2904 567 3053 621 ἐστιν
3087 571 3120 641 ἡ
3150 570 3260 623 τῶν
3289 570 3458 625 πάλαι
3501 570 3597 624 καὶ
3624 570 3721 626 νῦν

451 670 505 711 et
553 657 813 728 Opinione
856 656 995 710 bona
1036 654 1320 718 ﬂorebant,
1357 669 1456 709 nec
1500 668 1596 709 eos
1642 653 1768 709 talia
1809 664 2031 723 agentes

453 748 579 802 facti
626 747 950 818 poenitebat.
988 748 1086 802 Ast
1122 747 1375 817 praesenti
1411 755 1677 817 tempore,
1720 746 1767 802 si
1801 746 1896 814 qui
1933 763 2028 803 eo-

452 854 571 890 rum
606 837 760 906 sequi
789 838 1044 893 vaticinia
1099 838 1392 905 voluerint,
1425 838 1779 909 increpantur
1802 849 1859 893 et
1897 854 2028 894 con-

452 929 772 991 funduntur,
798 940 853 984 et
891 938 1179 1000 parentum
1209 929 1432 986 calculis
1464 930 1531 985 ad
1562 945 1785 1001 poenam
1833 944 2031 985 vocan-

454 1032 565 1088 tur,
604 1023 962 1093 resipiscunt,
1001 1033 1058 1079 ut
1092 1024 1182 1092 qui
1219 1023 1518 1093 peccarint,
1556 1022 1761 1093 lugent,
1794 1013 2047 1092 plorant,

432 1113 701 1168 ‘bnmanze
739 1125 948 1169 naturae
981 1114 1408 1170 imbecillitatem
1440 1113 1939 1185 proclivitatemque
1967 1115 2035 1170 ad

451 1205 785 1273 peccandum
814 1206 1151 1261 conﬁtentes.
1180 1206 1337 1277 791
1392 1206 1466 1261 De
1503 1214 1645 1261 terra
1691 1206 1835 1260 enim
1869 1207 2031 1276 spiri-

453 1308 545 1352 tus
573 1295 884 1350 immundus
912 1297 1212 1352 Salvatoris
1241 1298 1413 1353 nostri
1446 1296 1572 1352 Jesu
1604 1296 1806 1352 Christi
1836 1297 2034 1354 virtute

451 1394 832 1456 potestateque
856 1388 1113 1442 sublatus
1147 1397 1249 1443 est.

2131 657 2473 726 πραγμάτων
2499 656 2752 728 διαφορά.
2771 657 3175 729 Ἐθαυμάζοντο
3226 660 3324 731 μὲν
3362 660 3471 732 γὰρ
3497 662 3546 714 οι
3578 661 3721 733 παρ’

2129 748 2361 813 ἐκείνοις
2388 748 2856 821 ψευδοπροφῆται,
2891 751 2984 804 καὶ
3013 746 3154 822 ἦσαν
3198 753 3256 805 ὲν
3302 751 3431 825 δόξῃ
3460 753 3555 807 καὶ
3588 752 3725 807 ὐπο-

2129 838 2289 911 λήψει
2317 844 2553 914 χρηστῇ,
2592 842 2688 896 καὶ
2720 842 2895 897 ταῦτα
2919 842 3154 915 δρῶντες
3179 844 3302 899 οὐδὲ
3340 845 3721 917 μετεμέλοντο.

2137 931 2297 986 Κατά
2322 931 2378 985 δέ
2403 949 2469 1000 γε
2486 933 2575 986 τὸν
2606 933 2936 1005 ἐνεστηκότα
2961 935 3175 1006 καιρὸν,
3193 937 3242 989 εἰ
3265 935 3327 1007 δή
3357 953 3502 1000 τινες
3520 937 3727 991 ἕλοιντο

2144 1024 2265 1087 ταῖς
2296 1022 2517 1078 ἐκείνων
2560 1023 2837 1094 μαντείαις
2887 1024 3327 1092 κατακολουθεῖν,
3364 1027 3727 1097 ἐπιτιμῶνται

2147 1114 2239 1168 καὶ
2264 1114 2738 1185 καταισχύνονται,
2766 1115 2862 1169 καὶ
2891 1118 3012 1180 ταῖς
3052 1116 3161 1170 τῶν
3194 1118 3602 1189 γεγεννηκότων
3629 1136 3726 1173 κο-

2142 1206 2391 1271 λάζονται
2423 1207 2644 1279 ψήφοις,
2682 1207 3180 1279 μεταγινώσκουσιν
3218 1210 3291 1274 ὡς
3323 1213 3724 1285 ἡμαρτηκότες,

2140 1298 2397 1354 πενθοῦσι
2448 1301 2542 1353 καὶ
2574 1300 2841 1365 κλαίουσι,
2881 1301 2979 1373 τὴν
3007 1302 3107 1373 τῆς
3134 1303 3481 1376 ἀνθρωπείας
3508 1304 3723 1373 φύσεως

2137 1391 2527 1463 ὁμολογοῦντες
2552 1392 2837 1447 ἀσθένειαν
2852 1394 3020 1447 καὶτὸ
3040 1394 3315 1450 εὐόλισθον
3333 1398 3410 1459 εἰς
3426 1397 3723 1469 ἁμαρτίαν.

465 1473 756 1549 ’Λνῄρηται
779 1478 889 1549 γὰρ
917 1480 976 1532 τὸ
1007 1480 1225 1549 πνεῦμα
1251 1479 1313 1534 τὸ
1338 1480 1647 1553 ἀκάθαρτον
1674 1482 1782 1535 ἀπὸ
1805 1481 1910 1554 τῆς
1970 1483 2073 1555 γῆς
2108 1486 2177 1556 τῇ
2214 1485 2308 1538 τοῦ
2388 1484 2637 1553 Σωτῆρος
2688 1483 2846 1555 ἡμῶν
2886 1484 3062 1554 Ἰησοῦ
3109 1485 3345 1557 Χριστοῦ
3394 1486 3621 1556 δυνάμει
3665 1501 3725 1539 τε

436 1569 545 1623 ⁵καὶ
576 1568 816 1643 ἐξουσίᾳ.

512 1660 1114 1732 ‘Vsns;7.RItomphwa,
1137 1674 1388 1733 consurge
1414 1680 1566 1732 super
1588 1673 1846 1731 pastorem
1871 1673 2040 1719 meum
2072 1673 2115 1727 Β

455 1765 501 1807 et
524 1770 680 1821 super
702 1752 868 1807 virum
910 1754 1067 1807 civem
1093 1754 1225 1822 ejus,
1257 1754 1383 1806 dicit
1413 1753 1665 1807 Dominus
1687 1755 2033 1822 omnipotens.

457 1846 680 1899 Percule
715 1853 1002 1914 pastorem,
1024 1855 1073 1899 et
1117 1846 1484 1915 dispergentur
1524 1854 1663 1911 ores,
1696 1855 1760 1898 ‘et
1786 1845 2033 1901 inducam

436 1950 666 1991 ~onustm
692 1952 861 1992 meam
885 1951 1042 2006 super
1069 1947 1326 2005 pastores.
2004 1928 2007 1931 “

504 2116 585 2173 ‘C.
624 2117 763 2172 Deus
789 2114 1028 2172 et‘Pater
1056 2118 1334 2187 proprium
1350 2118 1554 2174 Filium
1579 2135 1734 2173 suum
1766 2133 1863 2191 pro
1880 2120 2036 2175 nobis

452 2210 793 2275 tradidit”,
829 2209 1224 2276 dispensatorie
1283 2211 1487 2279 sinens,
1564 2214 1811 2283 quamvis
1866 2214 2035 2268 Deum

454 2313 509 2357 et
569 2318 634 2356 ex
700 2316 760 2357 se
808 2302 1131 2357 naturaliter
1184 2302 1549 2373 inexplicabili
1603 2305 1762 2360 modo
1811 2320 2036 2376 genera-

445 2376 591 2461 tum,
617 2404 672 2450 et
710 2395 763 2449 in
819 2394 990 2449 forma
1026 2394 1166 2449 servi
1208 2395 1413 2459 venire,
1462 2404 1517 2451 et
1550 2395 1821 2452 hominem
1883 2399 2037 2453 nobis

445 2486 685 2541 similem
711 2486 827 2541 ﬁeri
855 2487 921 2550 ",
943 2495 997 2541 et
1017 2501 1237 2541 crucem
1273 2490 1567 2553 sustinere,
1598 2498 1657 2543 ut
1696 2489 1899 2545 mundo
1946 2506 2036 2545 sa-

446 2579 621 2633 dutem
645 2580 974 2646 restitueret,
999 2588 1054 2634 et
1083 2577 1300 2633 Satanre
1342 2580 1396 2633 in
1457 2595 1647 2636 omnes
1702 2582 2037 2637 dominatum

456 2680 690 2734 erueret,
719 2680 773 2725 et
805 2672 1072 2741 impuram
1098 2671 1455 2726 idololatriatn
1480 2682 1752 2728 everteret
1807 2688 1861 2729 et
1898 2674 2037 2728 vati-

447 2764 806 2829 cinationem,
843 2764 1344 2834 pseudoprophetas
1367 2774 1421 2819 et
1479 2766 1809 2836 imposmras
1842 2782 1905 2821 ex
1941 2782 2039 2821 suo

448 2854 725 2925 reuiusque
752 2855 918 2910 corde
978 2854 1251 2925 prolectas
1305 2856 1563 2921 aboleret,
1616 2856 1854 2913 auferret
1910 2859 2037 2912 item

444 2942 706 3012 tspirittnn
747 2944 1083 2999 immundum
1108 2940 1175 3000 de
1216 2954 1381 3009 terra,
1416 2955 1471 3000 et
1492 2949 1753 3001 mundum
1779 2958 2038 3017 praeterea

2224 1661 2526 1730 Ῥομφαία,
2555 1660 2894 1730 ἐξεγέρθητι
2926 1661 3025 1715 ἐπὶ
3062 1662 3168 1716 τὸν
3199 1664 3452 1731 ποιμένα
3475 1683 3595 1733 μου
3627 1665 3726 1721 καὶ

2138 1754 2231 1806 ἐπ’
2264 1752 2454 1821 ἄνδρα
2492 1754 2752 1821 πολίτην
2791 1753 3000 1816 αὐτοῦ,
3047 1752 3208 1823 λέγει
3248 1757 3463 1823 Κύριος
3508 1774 3728 1811 παντο-

2137 1844 2384 1913 κράτωρ.
2428 1843 2706 1909 Πάταξον
2758 1842 2865 1897 τὸν
2914 1845 3187 1915 ποιμένα,
3229 1846 3327 1900 καὶ
3381 1846 3725 1916 διασκορπιρ

2138 1937 2428 2005 σθήσεται
2455 1938 2528 1993 τὰ
2558 1939 2840 2007 πρόϐατα,
2873 1938 2970 1991 καί
3012 1938 3213 2004 ἐπάξω
3246 1938 3360 2008 τὴν
3404 1938 3573 2010 χεζρά
3605 1956 3723 2010 μου

2135 2031 2235 2083 ἐπὶ
2267 2030 2409 2096 τοὺς
2438 2030 2748 2100 ποιμένας.

2207 2120 2286 2175 P'.
2325 2120 2565 2174 Δέδωκεν
2600 2122 2740 2194 ὑπὲρ
2772 2121 2931 2193 ήμῶν
2961 2120 3051 2176 τὸν
3082 2122 3211 2176 ῐδιον
3241 2122 3367 2175 Υίὸν
3399 2125 3430 2176 ὁ
3462 2123 3593 2187 Θεὸς
3625 2122 3724 2176 καὶ

2134 2208 2348 2280 Πατήρ,
2385 2208 2535 2278 ἐφεὶς
2563 2209 2944 2281 οἰκονομικῶς,
2985 2210 3165 2264 καίτοι
3202 2211 3334 2265 Θεὸν
3363 2212 3493 2266 ὄντα
3538 2214 3633 2267 καὶ
3661 2213 3724 2278 ἐξ

2138 2300 2302 2354 αὐτοῦ
2350 2301 2488 2354 κατὰ
2533 2301 2695 2371 φύσιν
2728 2303 3057 2374 ἀπορῤήτως
3084 2303 3506 2375 γεγεννημένον,
3541 2304 3634 2357 καὶ
3661 2305 3723 2357 ’ἐν

2138 2394 2201 2461 τῇ
2240 2389 2332 2445 τοῦ
2365 2391 2553 2446 δούλου
2597 2396 2779 2463 μορφῇ
2822 2393 3163 2458 καθικέσθαι,
3192 2392 3287 2446 καὶ
3320 2392 3602 2465 ἄνθρωπον
3634 2409 3727 2463 γε·

2138 2482 2325 2536 νέσθαι
2355 2483 2478 2537 καθ’
2510 2486 2679 2554 ήμᾶς,
2715 2486 2809 2537 καὶ
2837 2484 3132 2555 ἀνατλῆναι
3170 2486 3419 2557 σταυρὸν,
3462 2486 3546 2539 ἵνα
3576 2485 3723 2557 σώσῃ

2136 2572 2228 2625 τὸν
2258 2572 2484 2642 κόσμον,
2517 2572 2611 2627 καὶ
2654 2574 2948 2645 ἀποστήσῃ
2976 2574 3075 2645 τῆς
3109 2575 3249 2629 κατά
3292 2576 3509 2629 πάντων
3537 2576 3726 2629 πλεον-

2139 2664 2283 2729 εξίας
2313 2665 2404 2718 τὸν
2432 2666 2696 2730 Σατανᾶν,
2733 2664 2937 2740 καθέλῃ
2977 2666 3035 2720 δὲ
3070 2666 3164 2721 καὶ
3188 2666 3286 2738 τὴν
3304 2666 3540 2736 ,βέϐηλον
3580 2667 3726 2720 εἰδω-

2140 2757 2592 2828 λολατρείανριαὶ
2614 2758 2943 2833 καταργήσῃ
2970 2760 3248 2830 μαντείαν,
3274 2761 3726 2834 ψευδοπροφήτας

2137 2866 2199 2901 τε
2238 2849 2483 2912 καὶτοὺς
2538 2851 2601 2902 ἐκ
2650 2850 2875 2921 καρδίας
2917 2853 3308 2922 φενακισμοὺς,
3337 2853 3505 2925 ἐξάρῃ
3541 2854 3599 2908 δὲ
3628 2855 3721 2908 καὶ

2138 2940 2201 2993 τὸ
2229 2939 2443 3011 πνεῦμα
2475 2941 2537 2994 τὸ
2564 2940 2873 3012 ἀκάθαρτον
2905 2943 3013 2997 ἀπὸ
3042 2946 3139 3015 τῆς
3186 2946 3308 3015 γῆς,
3340 2947 3435 2999 καὶ
3478 2946 3611 3018 πρός
3656 2964 3721 3017 γε

447 3016 808 3136 ξεοηειίιυετθι
860 3033 1247 3103 formaretque,
1296 3036 1545 3089 seductos
1610 3035 1677 3088 ad
1735 3016 2037 3090 divinitatis

2143 3034 2206 3105 δὴ
2234 3034 2463 3098 τούτοις,
2506 3035 2595 3087 ἵνα
2642 3035 3055 3105 καταστήσηται
3093 3035 3191 3106 τὴν
3228 3037 3318 3089 ὑπ’
3351 3037 3597 3108 οὐρανὸν,
3632 3055 3728 3108 μευ

444 3126 791 3198 -Ῐοεηίιίοηεηι
817 3127 1182 3187 transferens.
1217 3140 1419 3195 eosque
1441 3126 1505 3180 ad
1536 3127 1652 3197 pias
1685 3136 1739 3181 et
1784 3129 2037 3182 honestas

448 3218 580 3273 vitae
602 3219 839 3272 rationes
868 3221 922 3271 e't
948 3219 1015 3271 ad
1052 3217 1361 3286 opinionem
1392 3218 1692 3288 omnigence
1727 3218 1947 3272 virtutis
1972 3218 2038 3272 de

455 3322 516 3367 se
545 3301 892 3380 praebendam
935 3308 1239 3377 tmpellens.
1275 3308 1427 3363 Hanc
1450 3308 1519 3364 ob
1560 3322 1778 3362 causam
1807 3319 2034 3364 mortem

448 3416 625 3473 super
652 3394 814 3471 ligno,
845 3407 1150 3471 quanQuam
1185 3399 1767 3470 ignominiosissimam,
1799 3400 2035 3467 pertulit,

450 3492 776 3548 'conlusione
801 3499 1132 3561 contempta,
1171 3506 1295 3546 cum
1321 3490 1400 3546 sic
1459 3489 1554 3559 ipsi
1616 3490 1725 3543 Deo
1779 3500 1833 3543 et
1887 3490 2036 3545 Patri

450 3585 817 3645 videretur".
846 3577 918 3639 Et
947 3580 1051 3639 tale
1085 3583 1335 3652 quiddam
1381 3583 1537 3637 nobis
1570 3583 1679 3651 ipse
1702 3580 1870 3636 Filtus
1914 3584 2039 3637 sub-

460 3678 702 3735 ostendit
735 3693 860 3733 cum
889 3677 993 3732 ait:
1031 3696 1050 3728 ι
1081 3675 1217 3742 Quia
1241 3675 1495 3730 descendi
1524 3675 1591 3729 de
1618 3674 1777 3741 ctelo,
1810 3690 1918 3730 non
1980 3686 2040 3730 ut

450 3766 656 3828 'faciam
685 3770 1020 3825 voluntatem
1058 3781 1252 3833 meam,
1287 3766 1381 3822 sed
1410 3765 1745 3822 voluntatem
1777 3767 1895 3833 ejus
1944 3766 2037 3835 qui

449 3862 611 3917 anisit
639 3876 745 3914 me.
770 3857 893 3912 Haec
917 3865 1001 3912 est
1025 3866 1207 3911 autem
1225 3854 1470 3911 voluntas
1496 3855 1614 3926 ejus
1637 3856 1728 3926 qui
1759 3858 1905 3911 misit
1931 3872 2035 3921 me,

460 3958 521 4002 ut
551 3961 710 4001 omne
732 3946 873 4014 quod
902 3944 1049 4000 dedit
1100 3944 1230 3999 mihi
1290 3955 1398 3999 non
1459 3949 1679 4013 perdam
1722 3960 1789 4001 ex
1818 3962 1904 4011 eo,
1940 3948 2033 4001 sed

450 4034 785 4094 fresuscitem
812 4036 942 4091 illud
982 4036 1035 4090 in
1062 4035 1360 4092 novissimo
1397 4037 1484 4092 die
1524 4039 1589 4091 ι’.
1631 4057 1649 4089 ι
1693 4039 1760 4093 Et
1791 4049 1849 4094 ut
1897 4041 2037 4095 divi-

450 4146 563 4189 tnus
591 4130 787 4186 Paulus
807 4130 1043 4185 scribit:
1082 4147 1100 4180 ι
1151 4126 1444 4199 Propterea
1502 4130 1753 4187 Christus
1794 4147 2040 4187 mortuus

460 4233 545 4279 est
574 4232 628 4277 et
658 4221 874 4287 revixit,
894 4230 953 4277 ut
981 4230 1316 4276 mortuorum
1353 4230 1408 4276 et
1440 4222 1681 4275 vivorum
1729 4223 2037 4278 dominare-

450 4328 547 4385 ‘tnr
570 4317 669 4369 ⁸⁸.»
711 4314 900 4370 Posuit
934 4314 1099 4383 igitur
1130 4315 1364 4368 animam
1396 4331 1547 4369 suam
1580 4316 1753 4371 libens
1786 4333 1884 4387 pro
1944 4334 2040 4371 no-

2144 3123 2380 3187 τατιθεὶς
2408 3124 2488 3184 εἰς
2512 3123 2843 3193 θεογνωσίαν
2864 3126 2990 3186 τοὺς
3013 3126 3485 3197 πεπλανημένους,
3505 3128 3731 3181 ἀναπεί-

2147 3214 2253 3267 θων
2280 3214 2497 3268 ἑλέσθαι
2525 3214 2623 3286 τὴν
2645 3216 2846 3285 εὐσεδῆ
2878 3216 2970 3269 καὶ
2994 3217 3308 3289 εὐσχήμονα
3339 3218 3611 3274 πολιτείαν
3634 3220 3731 3273 καὶ

2146 3308 2254 3360 πᾶν
2286 3304 2428 3369 εἶδος
2470 3307 2672 3377 ἀρετῆς
2714 3307 2944 3378 ὁρᾶσθαι
2973 3309 3358 3380 τετιμηκότας.
3388 3310 3604 3383 Ταύτης
3632 3306 3727 3365 οὖν

2144 3400 2308 3453 ἕνεκα
2336 3399 2437 3469 τῆς
2469 3398 2649 3462 αίτίας
2672 3399 2762 3452 τὸν
2792 3400 2886 3453 ἐπὶ
2911 3398 3068 3465 ξύλου
3098 3401 3350 3466 θάνατον,
3384 3403 3562 3456 καίτοι
3593 3402 3729 3457 πολὺ

2146 3491 2265 3544 λίαν
2287 3490 2476 3561 ἔχοντα
2512 3489 2574 3542 τὸ
2602 3490 2879 3557 δυσκλεὲς,
2914 3492 3229 3563 ὑπέμεινεν,
3267 3493 3531 3565 αἰσχύνης
3558 3511 3726 3549 καταο

2147 3581 2443 3652 φρονήσας,
2473 3579 2617 3633 οὓτω
2646 3581 2740 3633 καὶ
2769 3581 2919 3652 αὐτῷ
2951 3582 3142 3636 δοκοῦν
3171 3583 3249 3655 τῷ
3273 3584 3393 3654 Θεῷ
3418 3585 3514 3638 καὶ
3532 3584 3728 3655 Πατρί.

2146 3673 2341 3727 Καίτοι
2372 3671 2612 3726 τοιοῦτον
2642 3674 2775 3744 ἡμῖν
2798 3673 3087 3743 ὑποφαίνει
3121 3675 3296 3744 λέγων
3330 3676 3492 3740 αὐτὸς
3514 3678 3542 3729 ό
3563 3675 3690 3735 nec
3710 3693 3725 3706 ·
3752 3720 3755 3723 .

2155 3766 2305 3818 «Ὅτι
2354 3764 2707 3837 καταϐέϐηκα
2738 3768 2803 3819 ἐκ
2833 3766 2928 3819 τοῦ
2966 3766 3219 3838 ούρανοῦ,
3255 3768 3352 3837 οὐχ
3380 3768 3471 3821 ἵνα
3510 3766 3648 3821 ποιῶ
3670 3766 3731 3821 τὸ

2148 3856 2358 3926 θέλημα
2387 3856 2446 3909 τὺ
2478 3856 2625 3927 ἐμὸν,
2661 3856 2799 3910 ἀλλά
2830 3859 2891 3910 τὸ
2924 3857 3136 3929 θέλημα
3173 3858 3268 3912 τοῦ
3300 3859 3613 3930 πέμψαντός
3638 3877 3726 3930 με.

2147 3945 2315 3998 Τοῦτο
2345 3944 2403 3998 δέ
2427 3947 2544 3999 ἐστι
2575 3946 2636 3999 τὸ
2675 3946 2889 4018 θέλημα
2918 3947 3013 4000 τοῦ
3043 3947 3358 4018 πέμψαντός
3383 3965 3472 4018 με,
3513 3949 3599 4001 ἵνα
3622 3951 3730 4003 πᾶν

2145 4037 2174 4089 ὃ
2202 4037 2401 4090 δέδωκέ
2442 4056 2531 4108 μοι
2582 4038 2656 4109 μὴ
2689 4039 2940 4093 ἀπολέσω
2967 4040 3027 4106 ἐξ
3056 4039 3243 4105 αὐτοῦ,
3278 4040 3411 4093 ἀλλά
3444 4042 3731 4112 ἀναστήσω

2147 4131 2279 4185 αὐτὸ
2306 4134 2364 4185 ἐν
2387 4136 2455 4204 τῇ
2487 4134 2690 4205 ἐσχάτῃ
2717 4135 2919 4207 ἡμέρᾳ.
2958 4155 2975 4186 ι
3023 4136 3133 4189 Καὶ
3160 4135 3352 4207 ὥσπερ
3382 4138 3410 4188 ὁ
3443 4137 3730 4202 θεσπέσιος

2148 4225 2349 4294 γράφει
2384 4226 2616 4289 Παῦλος,
2654 4245 2672 4277 ι
2702 4227 2801 4281 Διὰ
2856 4227 3014 4281 τοῦτο
3067 4229 3301 4299 Χριστὸς
3346 4230 3588 4284 ἀπέθανε
3636 4232 3731 4285 καὶ

2144 4317 2428 4389 ἀνέζησεν,
2459 4318 2546 4371 ἵνα.
2589 4318 2684 4371 καὶ
2728 4318 2936 4389 νεκρῶν
2975 4319 3069 4374 καὶ
3112 4319 3335 4383 ,ζώντων
3382 4321 3667 4395 κυριεύσῃ.
3706 4342 3726 4374 ι

450 4410 547 4485 bis
579 4410 645 4475 ¹¹,
672 4418 882 4463 tantum
912 4422 1021 4463 non
1041 4407 1205 4462 etiam
1239 4421 1363 4462 eum
1399 4418 1457 4461 ut
1490 4408 1763 4463 hominem
1792 4409 2038 4464 volunta—

2150 4409 2376 4462 Τέθεικε
2404 4411 2583 4463 τοίνυν
2613 4410 2755 4464 ἑκὼν
2782 4412 2921 4481 ὑπὲρ
2956 4412 3113 4483 ήμῶν
3142 4412 3240 4485 τὴν
3263 4414 3459 4485 ψυχὴν,
3493 4415 3653 4484 μόνον
3674 4414 3732 4467 δέ

463 4513 517 4555 te
543 4516 640 4556 sua
672 4502 783 4557 Deo
804 4509 859 4556 et
887 4499 1048 4554 Patre
1082 4499 1346 4567 tradente,
1371 4510 1427 4555 et.
1467 4500 1613 4555 velut
1661 4501 2008 4571 permittente
2028 4542 2042 4566 ,

450 4576 523 4650 Aut
550 4594 681 4659 dixi,
715 4593 863 4648 illum
893 4591 1156 4663 sanguine
1212 4606 1311 4648 suo
1344 4591 1582 4646 omnium
1634 4593 1796 4648 vitam
1838 4608 2041 4651 emere.

463 4688 649 4756 Itaque
685 4684 960 4749 Servatur,
997 4683 1167 4738 Pilato
1195 4682 1492 4738 arbitrante
1512 4698 1570 4739 se
1593 4687 1642 4738 in
1681 4686 1850 4754 ipsum
1880 4688 2042 4741 habe-

463 4796 526 4836 re
558 4786 899 4850 potestatem,
928 4776 1170 4833 occurrit
1204 4776 1278 4830 ita
1314 4793 1329 4829 :
1370 4795 1389 4825 ι
1434 4774 1549 4829 Non
1610 4777 1839 4832 haberes
1899 4790 2048 4848 pole-

464 4880 657 4927 statem
683 4870 967 4925 adversum
1018 4884 1103 4922 me
1141 4869 1340 4931 ullam,
1379 4868 1478 4922 nisi
1517 4869 1610 4921 tibi
1667 4871 1847 4922 datum
1900 4881 2044 4924 esset

467 4962 696 5032 desuper
718 4962 817 5015 ²².›
858 4961 1149 5030 Postquam
1180 4960 1342 5028 igitur
1369 4973 1463 5013 ore
1491 4959 1764 5028 propheta
1787 4975 2039 5028 praenun.

465 5057 621 5112 tiavit
650 5070 830 5111 rerum
854 5055 1214 5112 humanarum
1265 5053 1316 5105 in
1354 5051 1544 5105 melius
1568 5054 2041 5109 commutationem

466 5146 585 5200 fore
619 5144 930 5211 maximam,
960 5142 1053 5197 ubi
1091 5142 1177 5197 ille
1206 5150 1436 5197 mortem
1476 5141 1530 5195 itt
1569 5156 1795 5211 corpore
1816 5145 2047 5211 pertule-

466 5238 561 5303 rit,
593 5239 746 5307 quasi
774 5236 995 5291 festinat
1026 5244 1237 5304 tempus
1258 5232 1566 5298 ostendere,
1600 5248 1707 5302 quo
1731 5235 1844 5290 haec
1869 5234 2045 5290 futura

466 5330 597 5393 sint,
624 5339 680 5384 et
709 5328 1003 5398 perpetrari
1043 5327 1307 5397 passionis
1338 5326 1839 5397 mysteriumjubet,
1874 5328 2044 5398 ipsam

470 5419 840 5487 rbomphaam
861 5418 1173 5482 adhortans,
1200 5432 1261 5471 ac
1283 5416 1502 5472 dicens:
1535 5435 1554 5467 ι
1582 5416 1862 5490 Consurge
1885 5436 2047 5490 super

468 5518 741 5577 pastorem
779 5520 979 5572 meum,
1014 5517 1064 5559 et
1083 5508 1257 5575 [super
1293 5505 1467 5559 virum
1500 5504 1671 5561 civem
1711 5505 1870 5577 792
1905 5509 2041 5576 ejus,

543 5708 588 5739 ¹⁶
618 5705 776 5778 Rom.
810 5722 925 5770 vnt,
964 5705 1093 5778 52.77
1131 5707 1175 5778 ξτ
1204 5703 1432 5773 Philipp.
1462 5719 1529 5778 _n_.
1564 5702 1679 5762 6-8.
1766 5705 1803 5737 “
1840 5705 1999 5762 Hebr.
2036 5722 2132 5773 xu,
2164 5708 2198 5763 2
2238 5722 2387 5778 seqq.

473 5777 517 5809 “
552 5780 568 5833 ι
603 5777 867 5843 Joan..nt,
893 5778 978 5832 l6.
1050 5777 1099 5807 ³²
1122 5773 1277 5831 ioan.
1316 5789 1426 5841 tux,
1455 5773 1541 5827 H.

2153 4500 2275 4569 ούχὶ
2298 4500 2391 4553 καὶ
2411 4498 2740 4568 παραδόντος
2763 4500 2924 4553 αὑτὸν
2954 4499 3029 4563 ὡς
3047 4499 3336 4571 ἄνθρωπον
3366 4501 3479 4572 ἰδίῳ
3504 4500 3731 4571 νεύματι

2151 4590 2245 4643 τοῦ
2291 4590 2426 4643 Θεοῦ
2475 4591 2569 4645 καὶ
2612 4591 2848 4661 Πατρὸς,
2880 4592 2972 4644 καὶ
3010 4586 3120 4645 οἷον
3156 4592 3417 4662 ἐφιέντος,
3454 4592 3528 4656 ὼς
3574 4592 3729 4663 ἔφην,

2153 4683 2344 4752 αἵματι
2377 4683 2453 4753 τῷ
2488 4682 2602 4754 ίδίῳ
2644 4684 2743 4754 τὴν
2796 4683 3050 4737 ἁπάντων
3099 4683 3362 4755 πρίασθαι
3410 4682 3574 4753 ζωήν.
3622 4684 3735 4736 Καὶ

2154 4775 2282 4842 γοῦν
2334 4774 2363 4825 ὁ
2411 4775 2632 4847 Σωτὴρ,
2688 4775 3241 4846 οἰηθέντοςιΠιλάτ-ου
3295 4773 3734 4840 κατεξουσιάζειν

2152 4863 2337 4927 αὑτοῦ,
2367 4866 2735 4936 προσυπήνταν
2756 4864 2932 4933 λέγων
2951 4881 2962 4892 ·
3002 4884 3019 4914 ι
3050 4863 3166 4919 Οὐκ
3199 4860 3342 4935 εἶχες
3371 4864 3617 4929 ἐξουσίαν
3647 4866 3736 4918 ού-

2148 4954 2340 5025 δεμίαν
2379 4955 2500 5007 κατ’
2525 4955 2683 5026 ἐμοῦ,
2714 4957 2764 5008 εί
2800 4955 2877 5026 μὴ
2908 4951 2975 5026 ἦν
3015 4972 3097 5007 σοι
3135 4955 3415 5025 δεδομένον
3450 4954 3676 5009 ἄνωθεν.
3712 4956 3761 5042 ιι

2154 5047 2693 5117 Προαφηγησάμενος
2722 5047 2902 5100 τοίνυν
2932 5044 3020 5100 διὰ
3048 5046 3147 5116 τῆς
3181 5047 3274 5099 τοῦ
3304 5048 3585 5119 προφήτου
3619 5064 3733 5116 φω-

2150 5138 2249 5207 νῆς
2284 5137 2359 5201 ὡς
2389 5139 2618 5211 πλείστη
2644 5156 2727 5203 τις
2755 5140 2906 5193 ἔσται
2944 5140 3052 5193 τῶν
3079 5138 3436 5210 ἀνθρωπίνων
3466 5156 3616 5209 πραγ
3628 5140 3733 5209 μά-

2149 5244 2258 5282 των
2285 5230 2377 5283 ἐπὶ
2402 5231 2460 5283 τὸ
2492 5231 2710 5302 ἄμεινον
2754 5231 3092 5305 καταδρομὴ,
3134 5232 3398 5296 παθόντος
3444 5231 3611 5286 αὐτοῦ
3646 5232 3734 5285 τὸν

2150 5321 2207 5373 ἐν
2233 5323 2399 5392 σαρκὶ
2434 5323 2683 5388 θάνατον,
2718 5324 3000 5395 μονονουχὶ
3031 5325 3124 5377 καὶ
3148 5324 3463 5378 ἐπισπεύδει
3490 5324 3584 5377 τοῦ
3612 5341 3732 5378 και-

2150 5411 2246 5482 ροῦ
2280 5412 2376 5482 τὴν
2409 5413 2698 5480 ἀνάδειξιν,
2732 5415 2853 5469 καθ’
2883 5416 2941 5469 ὃν
2974 5414 3127 5471 ἔσται
3157 5415 3346 5483 ταῦτα,
3371 5417 3463 5471 καὶ
3489 5418 3730 5486 ἐνεργεῖ-

2151 5504 2275 5558 σθαι
2311 5506 2645 5577 προστέταχε
2676 5506 2737 5560 τὸ
2781 5509 2873 5561 ἐπὶ
2917 5508 2994 5579 τῷ
3029 5508 3189 5561 πάθει
3239 5510 3554 5581 μυστήριον,
3591 5506 3728 5577 αὑτῇ

2509 5709 2550 5740 ¹⁹
2576 5708 2731 5766 Joan.
2767 5724 2841 5775 rt,
2873 5709 2959 5774 38,
2992 5710 3079 5768 59.
3158 5712 3201 5742 ”
3239 5711 3395 5766 Rom.
3438 5724 3553 5765 ιιν.
3588 5707 3644 5769 8.
3672 5706 3728 5763 9.
