4120 6376
481 357 585 412 257

1224 376 1227 379 ·
1314 351 1856 410 COMMENTARIUS
1888 351 1952 407 ΙΝ
1991 351 2397 408 ZACHARIAM
2437 352 2877 412 PROPHETAM.

3657 362 3749 455 38.

480 477 546 543 τῇ
578 472 823 544 ῥομφαίᾳ
850 471 1175 544 παρεγγυῶν
1213 487 1271 525 τι
1301 473 1395 525 καὶ
1418 472 1620 540 λέγων·
1670 491 1688 524 ι
1711 470 2065 549 Ἐξεγέρθητι

2161 468 2293 524 dicit
2318 469 2579 528 Dominus
2600 474 3407 544 omnipoteusJRhomphteam
3456 477 3561 532 hoc
3608 478 3728 533 loco

482 564 575 618 ἐπὶ
609 566 701 618 τὸν
741 564 975 635 ποιμένα
1005 582 1127 635 μου,
1164 565 1258 617 καὶ
1300 566 1387 617 ἐπ’
1414 564 1579 635 ἄνδρα
1606 563 1827 634 πολίτην
1864 561 2050 627 αὐτοῦ,

480 655 627 725 λέγει
658 655 860 727 Κύριος
885 657 1298 727 παντοκράτωρ.
1334 675 1353 707 ι
1398 656 1507 709 Καὶ
1556 654 1831 726 ῥομφαίαν
1864 655 1963 724 μὲν
1996 654 2054 707 ὲν

480 748 689 811 τούτοις
732 747 1164 819 καταδηλοῦσθαί
1204 764 1384 818 φαμεν
1421 748 1496 811 ὡς
1525 750 1583 800 ὲν
1609 746 1742 801 εἴδει
1781 747 2055 818 μαχαίρας

479 839 570 893 τὸν
606 840 929 910 πειρασμὸν,
966 839 998 909 ἢ
1027 840 1120 893 καὶ
1148 840 1282 893 αὐτὸ
1312 839 1373 892 τὸ
1402 839 1591 903 πάθος,
1621 838 1683 892 τὸ
1708 842 1772 892 ὲκ
1800 838 1899 909 τῆς
1926 839 2055 891 Ἰου-

479 930 645 983 δαίων
667 930 924 994 ἀπονοίας
948 931 1378 1001 ὲπενηνεγμένον
1392 931 1471 1001 τῷ
1495 929 2053 1000 Ἐμμανουήλ.’¹Εοικε

480 1020 589 1092 γὰρ
619 1021 855 1076 συνιέναι
892 1039 951 1075 τε
983 1022 1124 1075 οὕτω
1157 1023 1248 1075 καὶ
1296 1022 1402 1095 μὴν
1433 1023 1526 1076 καὶ
1573 1023 1746 1077 είπεῖν
1782 1022 1812 1074 6
1848 1021 2055 1085 δίκαιος

481 1110 726 1182 Συμεὼν,
753 1112 841 1165 ὅτε
870 1113 1265 1185 προσεκόμιζεν
1292 1115 1461 1184 όκταή
1472 1129 1638 1185 μερον
1673 1113 1765 1167 τὸν
1792 1113 1995 1187 Ἰησοῦν
2018 1117 2051 1185 ἡ

481 1204 613 1271 ἀγία
639 1203 917 1268 Θεοτόκος.
954 1224 973 1255 ι
1000 1205 1111 1258 Καὶ
1136 1206 1231 1259 σοῦ
1260 1206 1432 1276 αὐτῆς
1457 1207 1555 1277 τὴν
1584 1206 1762 1277 ψυχὴν
1791 1206 2057 1259 διελεύσε-

481 1312 571 1349 ται
598 1296 861 1367 ῥομφαία.
885 1316 905 1347 ι
926 1296 1101 1351 Μόνον
1122 1298 1231 1369 γὰρ
1248 1298 1373 1368 οὐχὶ
1396 1299 1641 1370 ῥομφαίᾳ
1661 1298 2051 1368 κατεσφάζετο,

483 1387 881 1458 σταυρούμενον
911 1389 1094 1461 ὁρῶσα
1124 1392 1215 1444 τὸν
1243 1389 1302 1456 ἐξ
1333 1392 1503 1461 αὐτῆς
1548 1390 1873 1461 γεννηθέντα
1915 1393 2056 1446 κατά

481 1496 544 1549 γε
565 1479 665 1550 τὴν
690 1481 867 1551 σάρκα
888 1483 1048 1554 φημί.
1085 1478 1185 1536 «Ὦ
1212 1484 1391 1538 τοίνυν
1421 1484 1685 1556 ῥομφαία,
1713 1484 2053 1557 ὲξεγέρθητι,

481 1571 667 1641 φησὶν,
708 1574 800 1626 ἐπὶ
833 1574 926 1627 τὸν
958 1575 1192 1646 ποιμένα
1228 1593 1352 1646 μου,
1384 1596 1410 1631 ι
1437 1576 1732 1641 τουτέστιν,
1757 1576 2058 1647 ἐξηγείσθω

480 1661 667 1716 λοιπὸν
697 1664 756 1717 τὸ
787 1667 1054 1737 σωτήριον
1093 1666 1287 1732 πάθος,
1334 1668 1429 1720 καὶ⁹
1475 1669 1505 1721 6
1550 1667 1650 1737 τῆς
1697 1666 1805 1721 τῶν
1837 1666 2058 1736 ἀγαθῶν

481 1750 805 1817 ἀναδείξεως
848 1755 1030 1824 ἡκέτω
1070 1746 1442 1828 καιρός.Ἔστι
1498 1756 1597 1827 μὲν
1643 1756 1753 1828 γὰρ
1796 1757 1881 1827 ἐφ’
1910 1759 2057 1828 ἡμᾶς

2158 568 2215 613 ut
2242 560 2296 613 in
2322 559 2502 628 specie
2534 560 2697 630 gladii
2718 563 3066 619 tentatiouem
3093 563 3397 634 signiﬁca-re
3455 567 3687 624 dicimus
3711 611 3727 633 ,

2156 661 2252 705 aut
2284 652 2431 720 ipsos
2457 667 2672 722 quoque
2699 656 2970 711 cruciatus
2998 672 3065 710 ex
3112 656 3418 714 Iudaeorum
3475 663 3727 716 vecordia

2159 741 2493 798 Emmanueli
2527 744 2817 801 adhibitos.
2852 746 2942 802 Sic
2969 748 3112 801 enim
3164 763 3259 803 eos
3315 749 3613 820 intelligere
3675 763 3728 807 et

2156 833 2427 903 appellare
2453 834 2857 907 videturjustus
2892 838 2982 892 ille
3016 838 3259 903 Simeon,
3293 841 3508 910 quando
3534 852 3725 896 sancta

2158 926 2380 996 Deipara
2410 927 2752 983 octiduanum
2777 928 2960 984 desum
2985 930 3199 985 obtulit.
3225 948 3243 983 ι
3275 930 3341 985 Ει
3382 942 3528 986 tuam
3562 934 3729 1001 ipsius

2156 1019 2389 1074 animam
2435 1021 2784 1089 pertransibit
2831 1022 3157 1091 rhomphzca,
3211 1039 3308 1079 seu
3359 1025 3567 1096 gladius
3593 1025 3658 1079 ”.
3704 1046 3723 1077 ο

2157 1110 2303 1165 Pene
2354 1112 2499 1165 enim
2534 1111 2714 1183 gladio
2735 1115 2912 1169 occisa
2946 1123 3051 1182 est,
3075 1118 3412 1185 conspiciens
3463 1119 3514 1173 in
3567 1133 3730 1173 cruce

2155 1201 2406 1256 sullixum
2432 1217 2499 1256 ex
2531 1216 2592 1258 se
2647 1204 3005 1273 progenitum,
3049 1204 3343 1260 secundum
3386 1220 3603 1262 carnem
3640 1206 3727 1260 in.

2156 1310 2338 1364 quam.
2356 1294 2447 1351 Ait
2475 1311 2624 1367 ergo,
2667 1316 2686 1347 ι
2727 1299 2770 1354 Ο
2800 1297 3128 1369 rbomphaea,
3156 1316 3418 1373 consurge
3441 1316 3604 1371 super
3629 1318 3729 1369 pas

2157 1398 2355 1443 storem
2385 1403 2584 1460 meum,
2622 1408 2643 1442 ι
2675 1390 2777 1446 hoc
2806 1401 2908 1457 est,
2929 1395 3182 1460 procedat
3209 1392 3459 1463 deinceps
3475 1394 3728 1449 salutaris

2160 1480 2359 1550 passio,
2393 1490 2450 1535 et
2473 1483 2653 1537 veniat
2683 1490 2895 1551 tempus
2919 1498 3027 1552 quo
3083 1499 3202 1540 sese
3239 1484 3378 1539 bona
3420 1485 3723 1540 ostendant.

2158 1570 2254 1627 Est
2284 1573 2426 1627 enim
2456 1573 2706 1642 princeps
2741 1584 2924 1642 pastor
2968 1581 3158 1629 noster
3190 1574 3460 1641 Christus,
3520 1584 3576 1631 et
3629 1575 3731 1630 sub

2162 1662 2276 1731 ipso
2324 1678 2509 1717 sumus
2560 1679 2750 1719 omnes
2796 1665 2888 1733 qui
2920 1665 3250 1722 credidimus
3292 1684 3306 1719 :
3349 1679 3724 1723 verumtamen

2165 1770 2268 1808 non
2307 1765 2459 1809 extra
2480 1770 2698 1809 manum
2724 1755 2819 1809 Dei
2850 1765 2906 1810 et
2931 1755 3126 1811 Patris.
3152 1757 3543 1827 linperatenim
3574 1758 3733 1814 nobis

479 1840 814 1912 ἀρχιποίμην
838 1843 867 1895 6
899 1844 1151 1915 Χριστὸς,
1188 1846 1280 1899 καὶ
1308 1847 1399 1899 ὑπ’
1416 1846 1564 1918 αὑτῷ
1592 1849 1757 1919 ἐσμεν
1784 1851 1983 1913 πάντες
2007 1852 2056 1903 οἱ

2160 1846 2212 1900 in
2248 1845 2484 1911 Christo,
2514 1861 2714 1917 perque
2757 1849 2952 1911 ipsum,
2979 1856 3034 1899 et
3066 1847 3121 1901 in
3150 1849 3269 1918 ipso
3307 1848 3502 1903 salvati
3536 1864 3731 1906 sumus

480 1936 923 2001 πεπιστευκότες,
957 1936 1096 2009 πλὴν
1137 1938 1237 1993 οὐκ
1282 1939 1387 2006 ἔξω
1414 1941 1593 2013 χειρὸς
1631 1941 1730 2011 τῆς
1780 1940 1874 1995 τοῦ
1919 1942 2055 1996 Θεοῦ

480 2024 576 2077 καὶ
608 2026 837 2097 Πατρός.
887 2028 1165 2100 Κατάρχει
1204 2030 1312 2102 γὰρ
1351 2032 1510 2103 ἡμῶν
1536 2034 1594 2086 ὲν
1625 2032 1760 2105 Υίῷ,
1787 2034 1855 2087 δι’
1889 2034 2053 2088 αὑτοῦ

478 2133 539 2169 τε
566 2116 662 2169 καὶ
687 2118 746 2170 ἐν
767 2117 916 2189 αὐτῷ
953 2120 1293 2191 σεσὼσμεθα,
1327 2124 1421 2176 καὶ
1444 2123 1510 2176 δι’
1543 2123 1709 2178 αὑτοῦ
1741 2126 2054 2198 ἐσχήκαμεν

477 2208 578 2278 τὴν
621 2213 1005 2283 προσαγωγὴν.
1042 2214 1150 2267 Καὶ
1175 2215 1307 2283 γοῦν
1335 2216 1570 2285 ἔφασκεν
1603 2220 1632 2271 6
1659 2219 1848 2290 Σωτήρ
1870 2237 1882 2249 ·
1922 2241 1940 2272 ι
1974 2221 2054 2276 Τά

478 2300 724 2372 πρόϐατα
754 2302 822 2357 τά
848 2306 870 2356 ὲ
881 2304 957 2373 μά
982 2306 1080 2377 τῆς
1109 2307 1293 2377 φωνῆς
1331 2326 1431 2379 μου
1460 2309 1667 2373 ἀκούει,
1709 2310 1865 2380 κάγὼ
1895 2313 2055 2381 γινώ-

480 2407 596 2444 σκω
632 2391 792 2458 αὐτὰ,
834 2395 927 2447 καὶ
962 2395 1313 2450 ἀκολουθοῦσί
1352 2416 1461 2467 μοι,
1494 2399 1648 2470 κάγὼ
1674 2399 1818 2473 ζωὴν
1840 2403 2056 2459 αἰώνιον

476 2482 670 2553 δίδωμι
702 2485 905 2550 αὐτοῖς,
936 2487 1029 2541 καὶ
1060 2488 1120 2540 οὐ
1151 2489 1225 2560 μὴ
1252 2489 1557 2545 ἀπόλωνται
1600 2493 1681 2556 είς
1728 2495 1821 2546 τὸν
1858 2494 2051 2558 αίῶνα,

480 2576 572 2629 καὶ
600 2577 696 2646 οὐχ
723 2577 963 2648 ἀρπάσει
995 2596 1079 2643 τις
1104 2582 1243 2635 αὐτὰ
1275 2582 1338 2635 ἐκ
1364 2583 1460 2652 τῆς
1488 2586 1667 2655 χειρός
1704 2603 1827 2655 μου.
1845 2587 1902 2640 Ὀ
1942 2590 2052 2643 Πα-

478 2670 584 2737 τήρ
632 2684 736 2736 μου
785 2667 846 2732 ὃς
898 2668 1098 2723 δέδωκέ
1148 2688 1258 2740 μοι,
1291 2673 1491 2741 μείζων
1524 2675 1741 2728 πάντων
1790 2678 1926 2743 ἐστὶ,
1960 2680 2056 2732 καὶ

478 2756 651 2821 οὐδεὶς
693 2759 914 2813 δύναται
961 2761 1227 2831 ἁρπάζειν
1273 2765 1337 2817 ὲκ
1367 2764 1465 2834 τῆς
1508 2767 1687 2837 χειρὸς
1724 2767 1816 2820 τοῦ
1843 2770 2056 2841 Πατρός

482 2849 764 2919 μου.Ἐγὼ
796 2852 890 2904 καὶ
920 2854 949 2905 6
995 2853 1185 2925 Πατήρ
1234 2870 1337 2924 μου
1389 2856 1447 2908 ἓν
1493 2858 1679 2926 ἐσμεν.
1713 2878 1731 2909 ι
1759 2860 1916 2925 ’Ἰδιος
1962 2858 2053 2916 οὖν

478 2939 586 3010 ἀρα
623 2940 716 2994 τοῦ
753 2941 890 2996 Θεοῦ
922 2946 1016 2998 καὶ
1052 2944 1266 3015 Πατρδς
1298 2946 1501 3018 ποιμὴν
1531 2951 1558 3001 6
1588 2949 1735 3013 Υἱὸς,
1766 2952 1864 3005 οὐκ
1897 2953 2052 3007 ἀλλό-

477 3049 601 3104 τρια
639 3035 958 3105 κατανέμων
989 3036 1383 3107 θρέμματα,τά
1412 3040 1605 3093 ἑαυτοῦ
1634 3041 1691 3095 δὲ
1724 3043 1923 3112 μᾶλλον
1956 3048 2050 3099 καὶ

2156 1950 2211 1994 et
2258 1954 2355 2008 per
2392 1940 2566 2009 ipsum
2598 1956 2874 1995 accessum
2915 1942 3247 1997 obtinuimus
3275 1942 3343 1994 ".
3390 1942 3623 1997 Proinde
3646 1943 3731 1999 di-

2156 2031 2313 2086 cebat
2341 2032 2590 2088 Salvator
2618 2051 2630 2087 :
2666 2052 2683 2085 ι
2713 2034 2853 2087 Oves
2900 2048 3033 2088 mea
3060 2048 3244 2088 vocem
3273 2048 3449 2089 meam
3477 2036 3723 2100 audiunt,

2156 2133 2211 2177 et
2242 2112 2341 2193 ego
2363 2137 2629 2193 cognosizo
2648 2140 2762 2189 eas,
2789 2134 2844 2178 et
2873 2133 3161 2193 sequuntur
3208 2138 3324 2188 me,
3353 2132 3407 2177 et
3431 2136 3529 2193 ego
3562 2123 3728 2179 vitam

2155 2224 2412 2270 aeternam
2441 2216 2511 2269 do
2542 2215 2642 2277 eis,
2678 2224 2732 2270 et
2762 2232 2867 2270 non
2891 2216 3141 2285 peribunt
3197 2215 3252 2268 in
3305 2223 3588 2278 aeternum,
3628 2231 3731 2270 nec

2158 2305 2332 2376 rapiet
2366 2320 2459 2360 eas
2489 2307 2774 2376 quisquam
2818 2306 2886 2359 de
2912 2320 3072 2358 manu
3098 2318 3239 2358 mea.
3266 2302 3425 2359 Pater
3464 2320 3615 2360 meus
3634 2306 3729 2376 qui

2156 2400 2304 2454 dedit
2339 2400 2470 2454 mihi
2491 2400 2663 2469 major
2695 2398 2945 2453 omnibus
2973 2408 3055 2452 est
3088 2413 3102 2449 :
3137 2408 3191 2452 et
3210 2411 3367 2453 nemo
3432 2408 3610 2468 potest
3651 2414 3732 2453 ra-

2155 2506 2287 2562 pere
2305 2493 2370 2546 de
2400 2493 2645 2546 manibus
2672 2490 2847 2547 Patris
2871 2491 2995 2545 mei.
3034 2489 3145 2561 Ego
3171 2499 3228 2545 et
3251 2489 3410 2546 Pater
3436 2506 3599 2546 unum
3633 2507 3729 2547 su-

2158 2602 2275 2640 mus
2297 2585 2396 2637 ²⁸.›
2448 2584 2711 2653 Proprius
2746 2584 2908 2654 igitur
2930 2583 3023 2638 Dei
3052 2594 3107 2638 et
3127 2581 3302 2638 Patris
3330 2592 3518 2653 pastor
3546 2592 3603 2639 et
3632 2583 3727 2639 Fi-

2156 2677 2281 2743 lius,
2312 2694 2415 2732 non
2440 2678 2674 2732 alienum
2706 2690 2923 2747 gregem
2946 2691 3205 2745 pascens,
3242 2677 3339 2732 sed
3358 2692 3515 2733 suum
3551 2678 3730 2748 potius

2156 2780 2210 2827 et
2228 2771 2425 2834 Patris,
2477 2785 2600 2824 cum
2631 2771 2951 2825 mercenarii
2993 2778 3238 2838 pastores
3291 2785 3399 2825 non
3455 2784 3579 2826 esse
3612 2772 3730 2842 ejus

2157 2862 2358 2932 proprii
2390 2862 2778 2933 intelligantur,
2797 2862 2887 2931 qui
2920 2873 3109 2916 contra
3147 2875 3362 2915 omnem
3417 2861 3728 2917 misericor-

2156 2952 2296 3006 diam
2317 2965 2445 3005 oves
2472 2949 2799 3004 mactabant.
2824 2949 2965 3015 Quin
2989 2959 3042 3006 et
3071 2964 3166 3005 eas
3199 2949 3494 3005 vendentes
3516 2951 3729 3006 dictita-

2160 3043 2323 3097 bant:
2355 3060 2373 3093 ι
2411 3038 2733 3096 Benedictus
2761 3041 3037 3106 Dominus,
3071 3049 3125 3095 et
3155 3041 3307 3094 dilati
3362 3055 3549 3096 sumus
3575 3043 3621 3074 "
3647 3080 3665 3097 .
3700 3062 3719 3094 ι

475 3122 569 3176 τοῦ
597 3125 829 3196 Πατρὸς,
846 3128 946 3180 οὐκ
974 3127 1118 3180 ἰδίων
1139 3128 1303 3182 αὐτοῦ
1320 3131 1624 3201 νοουμένων
1638 3132 1748 3187 τῶν
1769 3134 2055 3205 μισθωτῶν

2159 3133 2316 3187 Cives
2343 3142 2546 3193 autem,
2578 3131 2693 3184 sive
2717 3129 3020 3192 domestici,
3053 3138 3107 3183 et
3130 3134 3240 3183 noti
3290 3130 3418 3184 boni
3469 3132 3724 3200 pastoris,

477 3217 772 3286 ποιμένων,
811 3218 861 3271 οἳ
891 3218 1233 3288 κατέσφαζον
1274 3221 1373 3291 μὲν
1410 3222 1479 3276 τὰ
1530 3224 1802 3293 πρόϐατα,
1840 3229 2054 3295 φειδοῦς

476 3308 694 3380 ἀπάσης
721 3308 1318 3381 ὲξῃρημένης.Ἔλεγον
1340 3312 1398 3366 δὲ
1433 3313 1528 3366 καὶ
1548 3314 1852 3381 πωλοῦντες
1877 3318 2017 3375 αὑτά
2036 3335 2050 3351 ο

482 3417 501 3450 ι
531 3399 833 3470 Εὐλογητὸς
865 3401 1091 3473 Κύριος,
1122 3403 1216 3455 καὶ
1251 3404 1727 3478 πεπλουτήκαμεν,
1760 3428 1779 3461 ι
1834 3412 2053 3467 Πολῖται

474 3488 551 3557 δὲ,
584 3491 752 3561 ἡγουν
775 3493 964 3546 οἰκεῖοι
1002 3495 1096 3546 καὶ
1125 3493 1391 3566 γνώριμοι
1417 3497 1511 3551 τοῦ
1538 3497 1743 3568 ἀγαθοῦ
1774 3502 2049 3571 ποιμένος,

473 3584 523 3635 oi
560 3583 652 3636 ὑπ’
682 3583 834 3654 αὐτῷ
856 3587 1201 3657 τεταγμένοι,
1238 3590 1330 3642 καὶ
1373 3592 1480 3662 πρό
1523 3608 1587 3659 γε
1631 3592 1740 3646 τῶν
1788 3594 1962 3649 ἄλλων
2001 3599 2052 3651 oi

475 3673 751 3729 θεσπέσιοι
782 3676 1038 3747 μαθηταὶ,
1072 3677 1122 3732 οἳ
1150 3680 1246 3733 καὶ
1273 3682 1641 3752 παταχθέντος
1672 3684 1767 3738 τοῦ
1795 3687 2053 3758 ποιμένος

475 3767 892 3822 κατεσκίδναντο
918 3770 1011 3821 καὶ
1042 3770 1398 3841 πεφεύγασιν.
1420 3774 1633 3847 Ἐπειδὴ
1659 3776 1767 3848 γάρ
1790 3773 1925 3850 ἧκον
1942 3780 2051 3834 τῶν

486 3860 755 3915 Ἰουδαίων
798 3864 847 3915 οἱ
894 3863 1186 3936 ὑπηρέται,
1220 3866 1313 3920 καὶ
1356 3870 1450 3920 σὺν
1500 3870 1682 3934 αὐτοῖς
1730 3873 1758 3924 6
1788 3874 2051 3945 προδότης

471 3952 607 4023 ὁμοῦ
629 3958 697 4024 τῇ
726 3953 924 4027 σπείρᾳ
962 3956 1354 4027 συλληψόμενοι
1396 3960 1487 4012 τὸν
1528 3961 1756 4033 Ἰησοῦν,
1798 3984 1814 4015 ι
1844 3966 2050 4029 Πάντες

470 4045 699 4113 ἀφέντες
724 4047 906 4111 αὐτὸν,
938 4046 1168 4116 ἔφυγον·
1209 4069 1227 4099 ι
1262 4049 1367 4119 ἔφη
1405 4050 1514 4121 γὰρ
1545 4051 1687 4107 οὓτω
1723 4054 1784 4107 τὸ
1810 4056 2049 4127 Γράμμα

469 4140 532 4194 τὸ
573 4139 1080 4209 εὐαγγελικόν.”οτι
1107 4142 1164 4195 δὲ
1188 4142 1312 4206 δοὺς
1338 4144 1477 4217 ὑπὲρ
1505 4146 1663 4216 ⁴ἡμῶν
1697 4150 1777 4212 είς
1820 4148 2049 4204 θάνατον

467 4234 561 4287 τὸν
587 4232 719 4289 [διον
746 4233 873 4288 Υίδν
898 4237 927 4288 6
956 4234 1088 4297 Θεὸς
1118 4236 1213 4290 καῇ⁸
1249 4236 1439 4308 Πατὴρ
1468 4238 1707 4303 πατάξαι
1739 4258 1853 4306 πως
1884 4242 2048 4297 αὐτὸν

467 4325 709 4395 λέγεται,
741 4327 820 4396 τῷ
847 4343 911 4395 γε
949 4327 1085 4391 ὅλως
1115 4329 1324 4397 ἐφεῖναι
1362 4330 1574 4395 παθεῖν,
1607 4331 1936 4387 πιστώσεται
1964 4335 2048 4389 λέ-

468 4435 581 4487 γων
612 4419 774 4483 αὐτὸς
803 4421 833 4472 6
855 4418 1005 4482 Υίὺς,
1020 4420 1109 4473 διὰ
1133 4421 1232 4489 τῆς
1258 4420 1354 4474 τοῦ
1380 4422 1688 4487 Ψάλλοντος
1713 4429 1896 4498 φωνῆς
1918 4428 2047 4495 περὶ

2157 3224 2358 3279 suntei
2392 3222 2747 3289 subordinati,
2779 3232 2835 3276 et
2873 3231 3000 3276 ante
3050 3221 3186 3276 alios
3239 3222 3405 3276 divini
3453 3223 3724 3294 discipuli,

2155 3317 2249 3387 qui
2264 3327 2318 3372 et
2338 3330 2594 3386 percusso
2616 3325 2834 3384 pastore
2861 3314 3087 3383 dispersi
3109 3323 3254 3370 sunt.
3273 3315 3561 3384 Postquam
3580 3318 3726 3371 enim

2154 3406 2461 3462 Judaorum
2498 3405 2728 3460 ministri
2769 3404 3123 3470 advenerunt,
3152 3416 3204 3461 et
3239 3423 3361 3461 cum
3416 3408 3549 3478 ipsis
3602 3423 3728 3477 pro-

2156 3500 2300 3554 ditor
2333 3513 2458 3553 cum
2483 3497 2703 3554 cohorte
2739 3496 2925 3552 Jesum
2975 3498 3442 3567 comprehensuri,
3478 3517 3497 3552 ι
3526 3499 3727 3558 Omnes

2158 3590 2344 3645 relicto
2373 3604 2438 3645 eo
2465 3589 2719 3661 fugerunt
2738 3590 2818 3655 ’7;
2861 3608 2881 3642 ι
2916 3588 2996 3644 sic
3023 3588 3168 3644 enim
3220 3599 3307 3644 est
3346 3591 3399 3645 in
3444 3588 3725 3661 Scriptura

2153 3681 2483 3752 evangelica.
2511 3681 2667 3749 Quod
2699 3690 2878 3736 autem
2904 3681 3047 3737 Deus
3079 3689 3134 3735 et
3172 3680 3333 3737 Pater
3356 3682 3480 3737 dato
3502 3698 3600 3753 pro
3627 3699 3727 3742 no-

2154 3775 2239 3832 bis
2260 3775 2395 3831 Filio
2410 3789 2507 3829 suo
2524 3776 2578 3829 in
2597 3784 2844 3839 mortem,
2879 3775 3213 3843 percussisse
3238 3774 3412 3845 ipsum
3463 3774 3726 3845 quodam-

2154 3869 2316 3924 modo
2345 3867 2580 3932 dicatur,
2608 3867 2731 3920 dum
2754 3882 2874 3921 eum
2895 3867 3021 3921 sivit
3048 3867 3373 3921 omnimodis
3385 3867 3514 3936 pati,
3534 3865 3724 3923 testiﬁ-

2153 3970 2309 4016 catur
2330 3960 2524 4028 et‘ipse
2556 3957 2591 4011 ιε
2601 3958 2722 4013 ilius
2738 3973 2836 4027 per
2862 3972 3047 4013 vocem
3076 3956 3293 4023 Psaltaa,
3325 3958 3391 4013 de
3410 3956 3636 4014 nefanda
3662 3960 3722 4015 in

2154 4052 2328 4122 ipsum
2369 4051 2716 4115 machinatis,
2761 4048 2958 4105 Judaais
2996 4050 3283 4106 videlicet:
3318 4069 3338 4102 ι
3361 4048 3625 4117 Quoniam
3662 4061 3722 4107 tu

2151 4146 2488 4218 percussisti,
2507 4145 2607 4215 ipsi
2634 4144 2902 4214 persecuti
2925 4152 3137 4208 sunt,et
3152 4157 3313 4212 super
3337 4143 3577 4199 dolorem
3607 4146 3722 4200 vul-

2150 4254 2341 4295 nerum
2370 4252 2613 4293 meorum
2666 4236 2986 4292 addiderunt
3016 4235 3083 4292 ³⁸.
3115 4254 3134 4287 ι
3197 4233 3509 4290 Voluntarie
3558 4236 3724 4307 igitur

2148 4346 2342 4401 passus
2368 4340 2470 4398 est,
2505 4338 2565 4383 ut
2605 4329 2740 4394 dixi,
2799 4338 2857 4381 ut
2909 4326 3177 4397 passionis
3235 4328 3404 4381 virtus
3458 4327 3717 4382 eliiceret.

2148 4424 2320 4491 Quam
2350 4424 2416 4477 iis
2438 4422 2529 4492 qui
2556 4420 2941 4476 cruciﬁxerunt
2964 4420 3248 4475 exitiosam
3280 4418 3441 4489 793
3498 4418 3635 4486 fore,
3666 4430 3723 4475 et

467 4510 576 4564 τῶν
613 4511 691 4572 είς
731 4510 893 4562 αὑτὸν
941 4509 1129 4563 ἀνόσια
1170 4510 1524 4582 δεδρακότων,
1560 4514 1717 4585 δῆλον
1740 4515 1796 4569 δὲ
1823 4517 1905 4569 ότι
1934 4517 2043 4571 τῶν

2153 4515 2482 4571 calamitates
2508 4528 2572 4567 ex
2605 4513 2781 4566 divina
2824 4512 2901 4566 ira
2931 4511 3261 4565 invehendas
3284 4525 3539 4565 sensuros
3559 4512 3719 4581 hujus

479 4603 773 4659 Ἰουδαίων·
817 4605 969 4656 ιὊτι
1007 4604 1066 4657 ὃν
1103 4604 1169 4656 σὺ
1199 4604 1659 4671 ἐπάταξας,αὒτο“ι
1689 4608 2041 4673 κατεδίωξαν,

467 4696 562 4746 καὶ
590 4695 683 4747 ἐπὶ
713 4695 773 4748 τὸ
801 4695 963 4762 ἄλγος
994 4694 1101 4747 τῶν
1132 4696 1461 4765 τραυμάτων
1490 4714 1590 4767 μου
1622 4701 1987 4772 προσέθηκαν.
2018 4723 2037 4754 ι

477 4786 753 4841 Ἐκούσιον
789 4788 887 4857 μὲν
913 4783 1025 4852 οὖν,
1066 4787 1141 4851 ὡς
1172 4786 1327 4856 ἔφην,
1358 4790 1593 4842 ἐποιεῖτο
1641 4791 1702 4844 τὸ
1739 4792 1930 4857 πάθος,
1957 4795 2043 4847 ἵνα

463 4877 525 4930 τὸ
553 4880 618 4931 ὲκ
648 4877 742 4931 τοῦ
776 4879 969 4931 παθεῖν
1015 4878 1175 4931 αὐτὸν
1204 4878 1527 4949 διαφανῆται
1561 4882 2041 4953 κατόρθωμα.”οτι

463 4972 519 5025 δὲ
579 4973 692 5034 τοῖς
735 4971 1140 5041 ἐσταυρωκὸσιν
1196 4972 1417 5043 ὀλέθρου
1476 4973 1731 5043 πρόξενον
1781 4976 1931 5030 ἔσται
1980 4980 2041 5032 τὸ

464 5068 670 5139 χρῆμα,
697 5069 789 5122 καὶ
818 5072 927 5132 τοῖς
952 5070 1016 5121 ἐκ
1042 5067 1191 5131 θείας
1215 5068 1386 5138 ὀργῆς
1410 5069 1804 5124 ὑποπεσοῦνται
1828 5074 2035 5137 κακοῖς,

462 5162 511 5213 οἱ
543 5163 640 5232 τῆς
667 5162 877 5215 τοιᾶσδε
911 5162 1106 5233 βουλῆς
1151 5162 1245 5214 καὶ
1291 5161 1399 5214 τῶν
1438 5164 1850 5233 ἐγχειρημάτων
1880 5164 2041 5237 ἐξάρι

463 5268 647 5323 χοντες
684 5248 859 5325 (οὗτοι
886 5254 941 5307 δὲ
972 5251 1111 5326 ἦσαν
1142 5256 1190 5307 οἱ
1214 5254 1359 5309 λαῶν
1381 5255 1733 5326 ἡγούμενοι),
1765 5256 2040 5329 διατρανοῖ

464 5344 669 5413 λέγων·
706 5365 725 5396 ι
753 5348 860 5399 Καὶ
889 5347 1074 5411 ἐπάξω
1102 5348 1203 5417 τὴν
1233 5348 1388 5419 χεῖρά
1428 5365 1531 5418 μου
1564 5348 1655 5400 ἐπὶ
1692 5349 1816 5412 τοὺς
1847 5349 2039 5419 ποιμέ-

467 5454 578 5499 νας.
611 5455 629 5487 ι
664 5439 1028 5507 Διεφθάρκασι
1062 5438 1171 5509 γὰρ
1205 5438 1297 5493 τὸν
1340 5438 1637 5507 ἀμπελῶνα
1672 5438 1858 5502 αὑτοῦ,
1894 5440 2036 5493 κατά

468 5528 559 5599 τὴν
605 5527 700 5581 τοῦ
746 5531 1023 5599 προφήτου
1063 5532 1265 5601 φωνήνο
1305 5529 1582 5583 ιἘδωκαν
1634 5528 1825 5600 μερίδα
1873 5530 2036 5583 αὐτοῦ

535 5666 581 5698 ⁸³
608 5665 745 5745 Luc;
777 5666 956 5745 tt,§5_.
1032 5666 1079 5698 “
1109 5664 1528 5745 Eplies._ir,_18.
1609 5668 1654 5700 "
1685 5667 1842 5725 Joan.
1888 5683 1941 5735 ι,
1970 5667 2062 5733 27,

2153 5673 2179 5724 ι.
2257 5668 2304 5700 ’⁸
2326 5668 2554 5724 Zachar.
2586 5683 2659 5733 XI,
2698 5666 2750 5722 5.
2829 5668 2873 5699 ’⁷
2897 5665 3084 5723 Matth.
3118 5676 3270 5745 xxvi,
3296 5660 3387 5716 56.

464 5735 768 5804 uvnt,27.
849 5734 1114 5792 "Jerem.
1154 5734 1253 5802 sit,
1296 5736 1382 5801 10,
1411 5737 1497 5791 ll.

2148 4607 2356 4662 consilii
2381 4616 2790 4676 cmptorumque
2813 4604 3035 4658 istorum
3064 4603 3389 4657 architectos
3408 4603 3537 4673 (qui
3562 4615 3722 4658 erant

2148 4701 2415 4771 primores
2439 4696 2958 4768 populi)declarat:
2994 4713 3013 4746 ι
3064 4696 3128 4749 Et
3190 4693 3441 4749 inducam
3494 4710 3718 4749 manum

2148 4804 2323 4844 meam
2351 4803 2515 4856 super
2541 4796 2801 4856 pastores.
2838 4805 2856 4837 ι
2890 4784 3262 4856 Corruperunt
3282 4786 3479 4855 quippe
3505 4786 3718 4841 vineam

2146 4883 2297 4953 ejus,
2338 4882 2491 4951 juxta
2541 4893 2728 4933 vocem
2776 4878 3087 4949 prophetae:
3123 4896 3141 4929 ι
3174 4877 3447 4931 Dedernnt
3508 4890 3717 4946 partem

2146 4976 2262 5044 ejus
2290 4972 2703 5029 desiderabilem
2736 4974 2788 5026 in
2814 4971 3157 5026 solitudinem
3183 4970 3403 5026 inviam.
3444 4970 3608 5026 Facta
3633 4981 3719 5025 est

2149 5072 2200 5123 in
2233 5069 2633 5137 dissipationem
2662 5065 2980 5136 perditionis
3007 5066 3107 5117 ¹⁹.»
3144 5064 3351 5117 lnducit
3379 5077 3542 5131 porro
3603 5078 3719 5117 ma-

2145 5176 2272 5215 num
2315 5161 2455 5215 Dens
2508 5160 2815 5228 pastoribus
2857 5157 3002 5212 velut
3055 5169 3488 5225 compressurum
3541 5155 3717 5209 rhom-
3798 5200 3804 5213 ι

2144 5253 2351 5321 phmam
2376 5261 2431 5306 et
2463 5252 2752 5319 impietatis
2780 5258 3088 5305 exacturam
3108 5260 3315 5314 poenas,
3337 5247 3464 5315 quia
3493 5260 3603 5299 non
3635 5261 3719 5300 so-

2147 5345 2255 5398 lum
2291 5344 2389 5413 ipsi
2416 5346 2468 5398 in
2496 5344 2771 5399 Christum
2799 5343 3196 5399 insaniverunt.
3227 5338 3321 5392 sed
3344 5338 3469 5406 quia
3492 5336 3715 5408 insuper

2144 5436 2264 5491 aliis
2293 5434 2567 5490 horribilis
2600 5437 2651 5488 in
2678 5449 2798 5488 eum
2821 5432 3017 5487 luroris
3044 5438 3292 5483 auctores
3321 5438 3374 5483 et
3399 5427 3562 5482 duces
3598 5427 3714 5482 fue-

2145 5538 2287 5584 runt.
2316 5528 2470 5592 Nam,
2502 5537 2561 5583 ut
2585 5537 2666 5583 est
2696 5527 2835 5598 apud
2864 5536 3115 5580 sanctum
3150 5521 3459 5578 Matthtcum
3489 5536 3716 5593 evange-

3488 5660 3531 5691 ’⁸
3560 5657 3709 5726 Ρεειί.
