4120 6376
356 328 361 335 “
385 343 488 401 239

1441 326 1499 382 S.
1540 318 1815 381 CYRILLI
1853 318 2316 378 ALEXANDRINI
2351 305 2670 373 ARCHIEP.

3512 307 3617 363 240

350 464 351 469 “
386 463 586 525 listam,
610 468 732 510 cum
759 449 957 505 Pilatus
992 443 1191 513 Judaeis
1228 442 1500 497 Christum
1554 450 1607 495 et
1662 438 1958 493 Barabbam

2094 432 2404 505 πιθυμητὴν
2441 432 2521 495 εἰς
2568 430 2773 499 ἔρημον
2803 414 3298 495 ἄϐατον.Ὲγενήθη
3327 422 3405 483 είς
3433 422 3627 490 ἀφανι-

387 550 753 624 proposuisset
774 583 788 610 ,
818 552 873 596 et
909 549 1086 593 utrum
1120 536 1218 591 sibi
1251 548 1316 588 ex
1347 533 1555 585 duobus
1590 532 1782 584 tlimilli
1843 530 1953 584 vel-

388 618 519 706 lent,
571 636 927 710 quaesivisset,
957 628 1230 699 principes
1257 623 1599 679 sacerdotum
1635 627 1685 672 et
1717 618 1959 673 seniores

393 706 817 803 «persuaserunt
844 719 1052 791 populis
1074 726 1131 771 ut
1158 713 1453 768 Barabbain
1478 717 1739 779 peterent,
1778 706 1958 762 Jesum

388 800 518 879 vero
532 818 834 890 perderent.
847 832 867 865 ›
888 809 1211 880 lmpulerunt
1225 818 1316 861 eos
1332 800 1672 856 nihilominus
1687 808 1744 851 ut
1766 800 1965 852 clama-

394 923 511 971 rent
533 889 575 967 ξι
600 908 884 976 Crucillge,
914 900 1168 968 cruciﬁge
1200 911 1324 951 eum
1348 894 1448 945 ³ο.»
1480 889 1614 943 Vera
1655 898 1739 943 est
1799 890 1963 958 igitur

392 1005 663 1077 prOpheta
684 1013 820 1053 vox:
845 1014 863 1047 ι
883 995 1131 1048 Pastores
1159 988 1319 1044 stulte
1349 991 1593 1055 egerunt,
1610 991 1665 1037 et
1685 980 1965 1037 Dominum

394 1073 504 1155 non
541 1094 925 1162 exquisierunt.
959 1086 1182 1153 Propter
1208 1083 1312 1135 hoc
1335 1094 1438 1133 non
1491 1076 1755 1131 intellexit
1797 1073 1972 1127 omnis

395 1205 548 1259 grex,
570 1194 624 1241 et
652 1179 879 1252 dispersi
913 1184 1038 1232 sunt
1067 1175 1165 1227 ³³.)
1200 1172 1355 1227 Sicut
1388 1168 1532 1224 enim
1559 1166 1833 1235 vigilantia
1878 1167 1971 1216 bo-

396 1295 586 1337 norum
612 1284 880 1347 pastorum
906 1268 1209 1326 commodat
1235 1278 1381 1335 gregi
1415 1278 1433 1313 :
1469 1261 1549 1316 sic
1584 1259 1782 1314 inertia
1812 1272 1969 1311 eum-

397 1378 515 1429 dem
551 1371 745 1443 perdit,
790 1374 846 1421 et
905 1378 1000 1435 per
1033 1371 1305 1433 pastorum
1335 1354 1561 1425 vestigia
1608 1350 1805 1409 subditi
1850 1365 1969 1404 oin-

398 1471 524 1523 nino
554 1464 886 1536 gradiuntur.

2065 528 2199 599 σμὸν
2232 525 2523 586 ἀπωλείας.
2549 540 2567 573 ι
2589 518 2813 587 Ἐπάγει
2841 534 2905 586 γε
2933 516 3038 587 μὴν
3062 516 3162 587 τὴν
3182 516 3341 585 χεῖρα
3369 511 3500 574 Θεὸς
3517 514 3631 572 τοῖς

2061 617 2333 688 ποιμέσιν,
2361 614 2523 666 οἱονεὶ
2555 608 2971 664 καταπαύουσαν
2996 605 3098 676 τὴν
3119 602 3397 676 ῥομφαίαν
3418 600 3631 661 καὶτὰς

2063 710 2164 780 τῆς
2185 707 2526 775 ἀνοσιότητος
2546 701 2859 768 ὲξαιτοῦσαν
2882 698 3053 761 δίκας,
3071 697 3170 767 οὐχ
3193 696 3274 749 ὅτι
3303 694 3459 764 μόνον
3480 690 3632 745 αὐτοὶ

2066 797 2524 869 πεπαρῳνήκασιν
2574 793 2653 854 είς
2685 789 2939 861 Χριστὸν,
2965 786 3077 840 ἀλλ’
3109 786 3189 838 ὅτι
3243 782 3379 852 πρὸς
3423 780 3634 841 τούτοις

2070 893 2162 946 καὶ
2198 893 2311 952 τοῖς
2338 886 2517 949 ἄλλοις
2546 884 2830 953 γεγόνασιν
2860 879 3001 950 ἀρχὴ
3026 878 3119 931 καὶ
3137 876 3253 938 ὁδὸς
3272 877 3370 943 τῆς
3392 874 3477 935 είς
3498 872 3634 940 Χρι-

2069 983 2191 1036 στὸν
2224 980 2450 1050 ἀσχέτου
2480 977 2691 1047 μανίας.
2710 974 2796 1036 Ὠς
2822 972 2931 1041 γάρ
2956 986 3116 1041 φησιν
3138 970 3167 1021 6
3198 966 3460 1037 μακάριος
3477 963 3632 1015 Ματο-

2068 1076 2216 1137 θαίος
2239 1074 2268 1125 6
2297 1067 2705 1138 εὐαγγελιστὴς,
2738 1064 2970 1117 Πιλάτου
2997 1064 3108 1125 τοῖς
3136 1057 3406 1119 Ἰουδαίοις
3439 1062 3638 1125 προτε-

2067 1163 2308 1225 θεικότος
2360 1160 2594 1229 Χριστόν
2643 1175 2702 1210 τε
2760 1157 2853 1209 καὶ
2894 1152 3206 1225 Βαραϐϐᾶν,
3244 1150 3339 1203 καὶ
3391 1148 3473 1213 τὸ,
3504 1146 3640 1198 Τίνα

2068 1254 2249 1308 Θέλετε
2283 1254 2347 1305 ὲκ
2374 1251 2481 1302 τῶν
2505 1249 2598 1303 δύο
2622 1247 2875 1302 ἀπολύσω
2903 1247 3053 1315 ὑμῖν,
3091 1236 3638 1313 προσπεφωνηκότος,

2066 1348 2114 1399 oi
2145 1344 2416 1416 ἀρχιερεῖς
2448 1342 2538 1394 καὶ
2557 1342 2607 1393 oi
2628 1338 2984 1410 πρεσϐύτεροι
3020 1355 3037 1386 ι
3062 1335 3283 1388 ἔπεισαν
3306 1331 3433 1393 τοὺς
3452 1326 3640 1398 ὄχλους

2069 1440 2154 1490 ἵνα
2183 1438 2512 1507 αἰτήσωνται
2545 1434 2634 1487 τὸν
2659 1430 2972 1502 Βαραϐϐᾶν,
3002 1428 3096 1481 τὸν
3118 1426 3182 1479 δὲ
3219 1417 3639 1493 Ἰησοῦνίάπολὲ-

399 1514 957 1615 σῶσινῗεῑᾸνέπειθον
994 1550 1051 1603 δὲ
1083 1548 1216 1619 πρὸς
1286 1544 1491 1607 τούτοις
1527 1541 1684 1611 βοᾷΨ
1733 1558 1750 1589 ⁸
1778 1536 2117 1607 Σταύρωσονο
2184 1532 2496 1602 σταύρωσον
2565 1528 2745 1581 αὐτόν’
2779 1546 2797 1578 ³
2840 1524 3047 1581 Οὐκοῦν
3090 1521 3287 1593 ἀληθὲς
3319 1518 3383 1571 τὸ
3414 1514 3514 1571 διὰ
3544 1514 3641 1584 τῆς

376 1605 819 1724 ’τοῦ-ντίροίρήτου
866 1645 1048 1717 φωνῆς
1095 1605 1401 1712 είρημένον,
1595 1605 1703 1686 ἐοι
1748 1605 2001 1701 ποιμένες
2076 1625 2495 1699 ἡφρονεύσαντο,
2525 1622 2619 1676 καὶ
2664 1622 2753 1675 τὸν
2800 1619 3001 1690 Κύριον
3039 1616 3139 1669 οὐκ
3168 1613 3515 1683 ἐξεζήτησαν.
3544 1605 3643 1659 Διὰ

701 1702 888 1811 ἐνόησε
916 1702 1065 1790 πᾶσα
1097 1702 1326 1806 ήῖνομὴ,
1368 1702 1462 1784 διαὶ
1488 1726 1994 1799 διεσκορπίσθησαν.
2021 1742 2039 1774 ι
2084 1723 2294 1791 Ὠσπερ
2339 1718 2446 1787 γὰρ
2475 1719 2509 1789 ή
2540 1716 2699 1786 νῆψις
2734 1713 2841 1766 τῶν
2874 1710 3092 1781 ἀγαθῶν
3128 1708 3397 1778 ποιμένων
3438 1702 3643 1772 ὀνίνησι

401 1798 731 1912 τήνὰγέλην
753 1851 767 1865 ·
805 1798 945 1886 οὕτω
971 1798 1321 1899 καταίρθεί-ρει
1352 1826 1413 1879 τὸ
1442 1825 1701 1896 ῥᾴθυμον,
1735 1822 1828 1875 καὶ
1893 1822 2005 1883 τοῖς
2040 1816 2146 1871 τῶν
2195 1815 2467 1886 ποιμένων
2533 1813 2704 1882 ῐγνεσι
2732 1808 2794 1861 τὸ
2820 1807 2923 1861 ὑπὸ
2965 1808 3122 1878 χεῖρα
3168 1804 3385 1863 πάντως
3418 1798 3643 1852 ἀκολουί-

405 1935 510 1988 θεῖ.

452 2010 640 2078 ~vim.
671 2019 805 2085 8,9.
842 2018 907 2072 Et
930 2020 1026 2072 m'i
1058 2020 1113 2073 in
1146 2018 1232 2072 die
1254 2018 1347 2071 illa
1373 2018 1425 2070 in
1447 2017 1595 2071 ‘om‘ni
1628 2026 1789 2074 terra,
1842 2006 1969 2065 arari

2143 1999 2252 2053 K‘ai
2278 1997 2448 2052 ἔσται
2478 1993 2653 2062 ἐν·ῑῇ
2684 1991 2871 2062 ἡμέρᾳ
2897 1989 3094 2055 ἐκείνῃ
3121 1989 3191 2040 ἐν
3229 1985 3399 2054 πάσῃ
3432 1984 3504 2053 τῇ
3544 1984 3641 2055 γῆν

386 2115 687 2180 "Dominus,
722 2115 843 2167 dure
900 2121 1073 2180 partes
1144 2111 1258 2179 eius
1315 2108 1574 2177 peribunt,
1611 2117 1657 2161 et
1712 2104 1975 2173 deﬁcient,

390 2220 466 2264 ‘at
496 2210 648 2264 tertia
679 2206 995 2276 relinquetur
1012 2204 1067 2256 in
1093 2218 1175 2256 ea.
1205 2200 1273 2254 Et
1315 2202 1591 2255 traducum
1628 2198 1835 2250 tertiam
1857 2211 1979 2263 par-

413 2312 514 2357 tem
535 2316 623 2369 per
650 2303 839 2368 ignem,
876 2305 923 2349 et
958 2309 1210 2347 urameos
1260 2294 1391 2345 sicut
1418 2292 1593 2343 uritur
1612 2296 1906 2356 argentum,
1932 2294 1979 2338 et

413 2391 637 2460 probabo
683 2404 769 2441 eos
824 2387 953 2439 sicut
1004 2385 1255 2453 probatur
1294 2397 1504 2434 aurum.
1553 2377 1674 2445 Ipse
1725 2375 1980 2429 invocabit

415 2498 599 2537 nomen
666 2493 857 2541 meum,
909 2484 956 2529 et
1000 2488 1091 2544 ego
1141 2470 1421 2526 exaudiam
1459 2486 1596 2531 eum,
1674 2478 1720 2520 et
1768 2466 1981 2519 dicam:

398 2572 654 2642 ‘Populus
673 2578 816 2623 meus
852 2569 948 2619 iSte
980 2576 1051 2619 est
1078 2581 1095 2616 :
1135 2575 1181 2616 et
1213 2564 1322 2631 ipse
1364 2561 1494 2614 dicet
1524 2576 1542 2614 :
1569 2558 1821 2611 Dominus
1848 2556 1984 2610 Deus

417 2679 584 2717 meus.

489 2838 574 2895 Cl.
606 2836 826 2891 inducta
840 2842 1002 2887 manu
1038 2830 1215 2883 divina
1242 2824 1738 2897 pastoribusimpiis
1765 2833 1820 2879 et
1841 2839 1989 2877 men—

427 2929 671 2990 dacibus,
707 2925 798 2994 qui
818 2924 1027 2977 vineam
1068 2919 1293 2986 regiam
1350 2926 1726 2984 corruperunt,
1784 2927 1882 2966 nec
1910 2911 1992 2964 ul-

425 3020 589 3075 tionis
622 3024 1011 3086 pmnarumque
1028 3020 1280 3078 expertes
1310 3007 1520 3061 futuros
1547 3007 1697 3069 dicit,
1746 3004 1836 3073 qui
1871 3002 1993 3056 illo-

425 3125 545 3166 rum
568 3107 821 3164 meditata
845 3100 1304 3157 inconsultissime
1340 3097 1696 3167 ’adjuverunt,
1740 3093 1992 3163 populum

406 3200 728 3258 Iudaeorum
756 3196 942 3264 utique
965 3202 1020 3247 et
1049 3190 1241 3260 vulgus
1273 3188 1569 3242 subditum.
1634 3186 1780 3239 Bello
1846 3186 1989 3237 enim

427 3292 808 3362 disperierunt,
828 3296 878 3340 et
910 3283 1132 3337 urbibus
1160 3296 1265 3334 una
1298 3294 1419 3339 cum
1446 3277 1606 3332 idolis
1631 3276 1869 3329 funditus
1898 3274 1992 3327 de-

2076 2093 2238 2162 λέγει
2269 2090 2505 2157 Κύριος,
2522 2085 2612 2141 Ττὰ
2648 2084 2757 2139 δύο
2798 2086 2948 2153 μέρη
2997 2080 3187 2148 αὐτῆς
3227 2078 3648 2146 ἐξολοθρευθή-

2078 2201 2268 2248 σεται,
2302 2182 2400 2237 καὶ
2426 2182 2713 2247 ἐκλείψει,
2740 2174 2805 2230 1'6
2838 2175 2903 2229 δὲ
2922 2174 3120 2241 τρίτον
3142 2171 3647 2241 ὺπολειφθήσεται

2080 2277 2150 2330 ἐν
2191 2272 2365 2341 αὐτῇ.
2396 2271 2506 2326 Καὶ
2538 2269 2733 2334 ’διάξω
2778 2268 2846 2320 τὸ
2899 2267 3099 2334 τρίτον
3153 2262 3250 2317 διὰ
3298 2260 3507 2331 πυρὸς,
3550 2258 3650 2313 καί

2083 2366 2335 2437 πυρώσω
2372 2363 2610 2427 αὐτοὺς,
2654 2362 2734 2426 ὡς
2777 2356 3068 2426 κυροῦται
3106 2355 3174 2408 τὸ
3218 2355 3515 2423 ἀργύριον,
3555 2353 3652 2407 καὶ

2083 2457 2302 2527 δοκιμῶ
2333 2455 2573 2521 αὐτοὺς,
2597 2455 2677 2519 ὠς
2694 2448 3057 2521 δοκιμάζεται
3076 2447 3143 2501 τὸ
3172 2446 3444 2516 χρυσίον.
3465 2444 3652 2509 Αὐτὸς

2084 2548 2504 2604 ὲπικαλέσεται
2546 2546 2611 2599 τὸ
2655 2542 2841 2613 ὄνομά
2875 2557 3015 2610 μου,
3046 2538 3205 2606 κάγὼ
3249 2537 3660 2605 ἐπακούσομαι

2087 2641 2265 2707 αὐτῷ,
2296 2640 2394 2693 καὶ
2422 2625 2533 2707 ἐρῶ
2556 2654 2568 2666 ·
2620 2636 2779 2700 Λαός
2802 2651 2920 2702 μου
2951 2628 3129 2696 οὗτός
3152 2631 3301 2696 ἐστι,
3328 2630 3428 2684 καὶ
3476 2629 3656 2694 αὐτὸς

2090 2733 2246 2801 ἐρεῖ’
2284 2732 2497 2798 Κύριος
2525 2732 2556 2783 ό
2586 2728 2727 2793 Θεός
2758 2743 2874 2794 μου

2158 2825 2282 2877 PA'.
2334 2820 2746 2890 Ἐπενεχθείσης
2772 2818 2874 2889 τῆς
2903 2817 3051 2881 θείας
3087 2816 3265 2887 χειρὸς
3294 2816 3405 2880 τοῖς
3424 2815 3658 2879 ἀνοσίοις

2088 2911 2528 2983 ψευδοποιμέσιν,
2560 2910 2609 2962 οἳ
2653 2908 2745 2961 τὸν
2784 2907 3084 2977 ἀμπελῶνα
3120 2905 3533 2976 κστεφθάρκασι
3568 2906 3659 2958 τὸν

2096 3003 2390 3076 βασιλικὸν,
2423 3003 2542 3055 οὐδὲ
2566 3002 2761 3064 αὐτοὺς
2785 3000 3001 3054 ἔσεσθαί
3032 3016 3193 3069 φησιν
3225 2998 3328 3065 ἔξω
3359 3002 3544 3071 ποινῆς
3566 3002 3659 3052 καὶ

2094 3096 2248 3166 δίκης
2305 3094 2432 3156 τοὺς
2476 3095 2588 3156 τοῖς
2624 3091 2857 3155 ἀνοσίοις
2887 3091 3066 3143 αὐτῶν
3103 3091 3411 3161 σκέμμασιν
3444 3090 3662 3145 ἀϐουλέο·

2094 3204 2235 3241 τατα
2269 3185 2796 3257 συνδεδραμηκότας,
2830 3184 2985 3254 δῆλον
3019 3183 3073 3236 δὲ
3109 3184 3190 3237 ὅτι
3222 3185 3349 3246 τοὺς
3392 3182 3499 3235 τῶν
3534 3184 3664 3236 Ἰουδ

2096 3280 2259 3333 δαίων
2278 3279 2340 3349 δή
2351 3294 2482 3348 μους
2502 3277 2594 3329 καὶ
2612 3276 2708 3345 τὴν
2729 3274 2986 3343 ἀγελαίαν
3007 3273 3114 3326 τῶν
3137 3274 3239 3328 ὑπὸ
3259 3277 3415 3345 χεῖρα
3434 3273 3658 3344 πληθύν.

427 3361 570 3445 lctis,
606 3381 696 3433 vix
728 3376 971 3444 reliquiae
1008 3377 1224 3428 salvatte
1270 3378 1395 3424 sunt
1418 3369 1486 3431 ³³,
1530 3382 1648 3435 ιιιιτε
1677 3367 1831 3420 tertia
1870 3379 1990 3435 pars

2095 3370 2500 3438 Δεδαπάνηνται
2537 3368 2646 3437 γὰρ
2682 3366 2757 3438 τῷ
2786 3366 3024 3438 πολέμῳ,
3053 3366 3148 3420 καὶ
3185 3365 3492 3419 διολώλασιν
3527 3364 3662 3435 ὁμοῦ

430 3474 498 3529 de
525 3481 634 3527 tota
683 3466 1023 3522 multitudine
1069 3461 1410 3529 intelligitur.
1483 3457 1651 3529 ξεί.
1696 3456 1807 3510 Νοη
1852 3457 1994 3510 enim

414 3570 678 3636 ‘prorsus,
738 3573 833 3613 seu
887 3556 1139 3609 universe
1196 3551 1606 3612 lsraelinteriit,
1641 3549 1749 3603 Deo
1781 3558 1998 3617 propter

418 3667 616 3725 patres
645 3652 956 3703 miserante.
984 3646 1138 3711 Quod
1178 3654 1233 3699 et
1269 3645 1461 3699 beatus
1490 3642 1654 3695 Isaias
1681 3643 1994 3694 conﬁrmat:

438 3765 461 3799 ι
495 3746 563 3802 Ει
590 3744 691 3798 nisi
718 3741 980 3797 Dominus
1007 3737 1247 3793 Sabaoth
1277 3734 1586 3805 reliquisset
1612 3734 1768 3787 nobis
1789 3746 1997 3796 semen,

432 3840 577 3894 sicut
634 3835 869 3889 Sodoma
897 3832 1208 3896 fuissemus,
1241 3836 1296 3881 et
1317 3827 1457 3882 sicut
1503 3824 1804 3881 Gomorrha
1842 3822 1996 3877 simi-

432 3932 517 3986 les
553 3940 797 3983 essemus
824 3924 892 3975 ⁸³.
927 3940 945 3973 ι
977 3921 1381 3982 Verumtamen,
1410 3918 1621 3972 tertiam
1652 3924 1876 3985 partem,
1906 3930 2000 3969 seu

436 4018 716 4088 reliquias,
754 4016 855 4067 hoc
877 4021 980 4076 est,
1019 4012 1300 4064 credentes
1325 4009 1381 4063 in
1408 4010 1671 4076 sanguine
1691 4017 1744 4060 et
1776 4006 2002 4076 posteri-

437 4120 552 4165 tate
582 4106 767 4170 Israel,
804 4105 1176 4158 traductururu
1210 4116 1303 4171 per
1343 4103 1543 4171 ignem,
1576 4110 1630 4154 et
1663 4101 1783 4168 igne
1806 4110 1865 4154 ut
1916 4114 2003 4152 ar-

437 4212 661 4270 gentum
689 4208 745 4252 et
772 4210 963 4250 aurum
994 4209 1116 4249 sese
1143 4196 1548 4262 estploraturum
1565 4192 1868 4246 conﬁrmat.
1884 4189 2003 4243 Non

446 4292 589 4345 enim
627 4296 775 4343 caret
805 4286 1162 4339 molestiis‘ac
1192 4283 1466 4337 laboribus
1522 4292 1830 4336 sanctorum
1872 4282 2001 4347 vita,

441 4393 498 4437 et
535 4396 721 4435 verum
749 4388 855 4442 est,
892 4394 912 4427 ι
942 4376 1183 4430 volentes
1208 4376 1292 4444 pie
1310 4374 1494 4428 vivere
1536 4374 1587 4427 in
1608 4372 1849 4437 Christo,
1881 4387 2004 4441 per-

400 4514 401 4517 η
445 4473 775 4530 Secutionem
815 4483 1072 4538 passuros
1098 4485 1117 4519 ι
1144 4466 1211 4520 ³⁸.
1256 4464 1624 4520 Probatissimi
1671 4480 1831 4535 porro
1900 4463 2008 4517 fue-

426 4575 574 4620 runt
607 4562 776 4617 divini
798 4558 1067 4627 discipuli,
1096 4565 1148 4611 et
1183 4566 1447 4625 quotquot
1476 4555 1567 4609 illo
1604 4565 1842 4623 tempore
1874 4568 2006 4623 ope-

2093 3465 2206 3525 τοῖς
2227 3461 2498 3522 κατοίκοις
2518 3462 2573 3512 αἱ
2596 3460 2799 3523 ¹πόλεις,
2815 3458 3144 3530 πανολεθρίᾳ
3166 3458 3660 3529 καταᾶτολλύμεναι,

2098 3553 2251 3623 μόλις
2279 3552 2335 3605 δὲ
2361 3552 2625 3605 σέσωσται
2651 3550 2712 3603 τὸ
2736 3551 3109 3621 κατάλειμμα,
3129 3549 3204 3613 ὡς
3222 3550 3281 3602 ὲν
3310 3549 3470 3622 τρίτῃ
3498 3550 3663 3619 μοίρᾳ.

2094 3645 2189 3699 τοῦ
2220 3644 2420 3707 παντὸς
2454 3642 2738 3713 νοούμενον
2781 3641 3039 3712 πλήθους.
3058 3641 3399 3713 Ὤλόθρευται
3427 3640 3536 3712 γὰρ
3563 3641 3662 3694 οὐκ

2097 3740 2178 3800 είς
2207 3736 2352 3790 ἆπαν
2393 3737 2421 3787 6
2453 3734 2691 3804 Ἰσραὴλ,
2723 3732 2858 3786 Θεοῦ
2905 3731 3367 3803 κατοικτείροντος
3408 3731 3495 3786 διὰ
3542 3732 3665 3794 τοὺς

2104 3827 2364 3905 πατέρας.
2395 3825 2565 3879 Τοῦτο
2591 3824 2684 3878 καὶ
2711 3825 2872 3887 αὐτὸς
2899 3825 2927 3876 6
2958 3824 3221 3894 μακάριος
3255 3824 3477 3888 Ἡσαΐας
3499 3824 3631 3894 φησί
3648 3828 3663 3852 '°

2106 3936 2126 3968 ι
2157 3919 2269 3998 Καὶ
2300 3919 2349 3970 εί
2379 3917 2452 3986 μὴ
2480 3915 2684 3987 Κύριος
2712 3914 2940 3968 Σαϐαὼθ
2964 3916 3321 3984 ἐγκατέλιπεν
3346 3918 3476 3987 ἡμῖν
3507 3915 3669 3987 σπέρδ

2106 4028 2201 4083 μα,
2233 4010 2308 4072 ὡς
2336 4009 2543 4077 Σόδομα
2591 4007 2657 4061 ἂν
2701 4006 3063 4078 ἐγενήθημεν,
3092 4006 3186 4060 καὶ
3214 4007 3287 4070 ὡς
3314 4007 3561 4079 Γόμορρα
3604 4007 3671 4061 ἂν

2096 4100 2357 4172 ὡμοιώθη
2366 4117 2483 4169 μεν,
2507 4118 2525 4151 ι
2547 4099 2691 4168 Πλὴν
2710 4098 2773 4150 τὸ
2798 4097 2999 4167 τρίτον,
3032 4098 3197 4169 ήγουν
3216 4097 3277 4151 τὸ
3300 4099 3667 4170 κατάλειμμα.

2102 4190 2373 4254 τουτέστι,
2420 4191 2547 4250 τοὺς
2600 4186 2660 4249 ἐξ
2716 4187 2949 4257 αἵματος
2993 4186 3207 4258 Ἰσραὴλ
3255 4187 3669 4251 πιστεύσαντας.

2104 4282 2306 4346 διάξειν
2347 4282 2478 4350 φησὶ
2523 4279 2611 4332 διὰ
2656 4279 2847 4349 πυρὸς,
2882 4278 2977 4332 καὶ
3016 4277 3223 4349 πυροῦν
3259 4279 3457 4343 αὐτοὺς
3480 4280 3557 4343 ὡς
3581 4281 3678 4351 ἀρ-

2106 4374 2296 4444 γύριον
2347 4373 2443 4425 καὶ
2489 4370 2728 4440 χρυσίον.
2756 4371 2832 4423 Οὐ
2860 4370 2970 4441 γὰρ
2995 4368 3105 4447 ἔξω.
3125 4370 3283 4423 πόνου
3303 4370 3410 4423 τῶν
3439 4372 3607 4439 ἁγίων
3639 4374 3674 4441 ή

2107 4464 2260 4533 ζωή’
2316 4462 2513 4529 ἀληθὲς
2537 4460 2599 4512 δὲ
2627 4461 2708 4512 ὅτι
2746 4458 2842 4511 «οἱ
2901 4458 3145 4521 Θέλοντες
3189 4458 3287 4529 ζῇν
3333 4460 3569 4523 εὐσεϐῶς
3619 4461 3677 4511 ὲν

2114 4554 2353 4623 Χριστῷ,
2400 4551 2807 4621 διωχθήσονται.
2840 4568 2859 4601 ι
2900 4548 3269 4619 Δοκιμώτατοι
3295 4548 3351 4602 δὲ
3394 4550 3678 4619 γεγόνασιν

450 4673 566 4712 rum
593 4664 649 4709 et
666 4651 1009 4707 alllictionum
1028 4648 1159 4704 socii
1194 4648 1382 4701 iisdem
1411 4645 1645 4710 fuerunt,
1668 4646 1990 4717 Evangeliua

2112 4648 2162 4701 οἱ
2189 4645 2460 4700 θεσπέσιοι
2489 4642 2750 4713 μαθηταὶ,
2779 4644 2872 4696 καὶ
2899 4643 3013 4695 ὅσοι
3039 4640 3325 4710 γεγόνασιν
3357 4642 3539 4704 αὐτοῖς
3559 4658 3679 4695 συν⁸

447 4744 650 4803 Christi
681 4758 776 4813 per
806 4748 991 4809 gentes
1018 4750 1175 4791 sacro
1202 4734 1501 4789 ministerio
1526 4732 2007 4800 promulgantibus.

449 4839 530 4894 Ad
556 4835 753 4891 multas
780 4833 923 4886 enim
948 4828 1264 4885 vexationes
1306 4836 1359 4881 et
1410 4825 1809 4894 persecutiones
1846 4837 2006 4889 expe-

451 4928 669 4984 riendas
713 4924 890 4979 vocati
937 4932 1085 4983 sunt,
1106 4930 1161 4973 et
1212 4927 1424 4972 tantum
1470 4932 1573 4971 non
1629 4916 1841 4984 ignibus
1885 4915 2010 4977 usti,

451 5021 578 5075 dum
626 5032 722 5086 per
762 5014 1087 5069 tentaliones
1141 5011 1515 5081 probarentur,
1550 5017 1607 5060 ut
1651 5022 1771 5061 cum
1820 5006 2011 5059 ﬁducia

454 5118 669 5179 possent
699 5107 1005 5161 exclamare
1034 5122 1049 5157 :
1080 5122 1098 5154 ι
1124 5103 1385 5169 Quoniam
1422 5099 1661 5168 probasti
1693 5112 1810 5162 nos,
1837 5096 2011 5159 Deus;

454 5217 575 5270 igne
594 5216 692 5255 nos
716 5186 1058 5261 eaaminasti,
1079 5195 1218 5249 sicut
1243 5191 1582 5247 eratninatur
1612 5198 1887 5259 argentum
1907 5187 1968 5236 ³⁵.
1985 5204 2004 5237 ›

454 5294 583 5360 Qua
607 5292 770 5363 igitur
793 5290 917 5346 hinc
938 5286 1175 5342 utilitas?
1220 5295 1313 5367 aut
1366 5283 1505 5353 quod
1550 5282 1827 5351 praemium
1874 5276 2014 5333 refe-

454 5395 595 5449 rent,
617 5385 707 5453 qui
738 5382 817 5438 sic
838 5379 1018 5437 aﬁlicti
1064 5388 1121 5434 et
1147 5375 1355 5447 probati
1380 5373 1539 5428 sunt?
1566 5372 1876 5437 Domestici,
1903 5367 2014 5423 noti

453 5489 507 5533 ot
541 5476 722 5531 dilecti
755 5474 865 5531 Deo
902 5479 1202 5529 evaserunt.
1232 5468 1505 5525 Nurnerati
1536 5474 1661 5520 sunt
1689 5466 1830 5521 enim
1865 5481 1885 5514 ι
1918 5477 2014 5531 pot

2115 4738 2343 4808 εργάται
2388 4736 2508 4787 κατ’
2542 4737 2717 4788 έκεῖνο
2770 4732 2964 4803 καιροῦ
2987 4772 3003 4797 ,
3052 4734 3145 4786 καὶ
3195 4732 3679 4802 συμπεπονήκασιν

2114 4826 2487 4898 ἱερουργοῦσιν
2516 4827 2595 4889 είς
2621 4825 2691 4879 τὰ
2716 4824 2842 4894 ἔθνη
2872 4825 2933 4878 τὸ
2950 4823 3277 4891 Εὑαγγέλιον
3306 4822 3400 4877 τοῦ
3420 4822 3674 4892 Χριστοῦ.

2114 4919 2421 4989 Κέκληνται
2470 4916 2577 4989 γὰρ
2624 4918 2705 4979 είς
2748 4918 2943 4987 πεῖραν
2991 4914 3200 4967 πολλῶν
3248 4913 3477 4983 θλίψεών
3502 4930 3560 4965 τε
3586 4915 3679 4967 καὶ

2113 5010 2391 5081 διωγμῶν,
2420 5011 2514 5062 καὶ
2549 5009 2829 5079 μονονουχὶ
2863 5007 3232 5077 πεπύρωνται,
3264 5006 3679 5075 δοκιμαζόμενοι

2115 5100 2202 5153 διὰ
2240 5099 2580 5169 πειρασμῶν,
2613 5099 2687 5161 ὡς
2707 5098 2967 5151 δύνασθαι
2995 5098 3173 5165 λέγειν
3216 5099 3279 5150 ὲκ
3326 5097 3634 5167 παρρησίας
3664 5112 3677 5125 ·

2124 5194 2277 5244 ι”υτι
2320 5192 2645 5261 ἐδοκίμασας
2675 5193 2842 5261 ἡμᾶς,
2878 5193 2907 5243 6
2933 5189 3085 5254 Θεὸς,
3118 5189 3405 5259 ὲπύρωσας
3435 5190 3580 5258 ἡμᾶς
3607 5188 3683 5251 ὡς

2120 5282 2384 5353 πυροῦται
2409 5285 2470 5335 τὸ
2492 5281 2771 5353 ἀργύριον.
2805 5300 2823 5332 ι
2862 5282 2958 5343 Τίς
2990 5277 3082 5334 οὖν
3120 5282 3153 5351 ή
3178 5280 3425 5334 ἐντεῦθεν
3456 5279 3637 5349 ὄνησις
3666 5296 3679 5342 ς

2119 5374 2152 5442 ἢ
2181 5376 2328 5436 ποῖος
2372 5374 2523 5426 ἔσται
2561 5372 2748 5443 μισθὸς
2782 5374 2895 5433 τοῖς
2917 5366 3019 5425 ὦδε
3050 5374 3381 5443 πεπονηκόσι
3420 5373 3513 5425 καὶ
3544 5372 3684 5425 δεδο-

2122 5465 2506 5535 κιμασμένον·
2536 5465 2734 5518 Οίκεϊοι
2766 5462 3018 5531 γεγόνασι
3044 5462 3138 5516 τοῦ
3160 5463 3318 5530 Θεοῦ,
3342 5461 3605 5534 γνώριμοι
3621 5479 3681 5517 τε

525 5678 571 5708 ³ο
609 5674 797 5731 Matth.
832 5686 1001 5741 xxvii,
1029 5670 1215 5728 20-25.
1292 5671 1334 5704 "
1374 5667 1573 5725 Jerem.
1614 5668 1778 5733 3,21.
1852 5667 1897 5698 ⁸³
1934 5664 2038 5724 lsa.
2067 5664 2247 5733 x,22;
2284 5665 2438 5720 Rom.
2470 5663 2658 5733 11,27.
2735 5662 2780 5695 ³³
2818 5661 2917 5719 lsa.
2953 5678 2993 5730 ι,
3033 5664 3089 5720 9.
3165 5663 3209 5695 ³⁸
3243 5662 3285 5718 ll
3318 5660 3565 5726 Tim.ut,
3591 5658 3677 5715 ιε.

484 5748 528 5780 ³⁸
564 5747 700 5801 Psal.
727 5760 851 5811 ων,
888 5744 975 5797 10.
