4120 6376
439 384 537 438 ιιι

1243 382 1791 441 COMMENTARIUS
1830 385 1893 439 IN
1934 387 2335 467 ΖΑΟΗΑΒΙΑΜ
2374 394 2813 457 ΡΒΟΡΗΕΤΑΜ.

3571 416 3697 469 243*

438 495 534 565 καὶ¹
589 492 956 564 ἠγαπημένοι.
1009 492 1483 565 Κατελογτσθησαν
1533 496 1641 568 γὰρ
1690 517 1709 549 ι
1739 501 1817 562 εἰς
1862 500 2011 564 ἐθνος

2123 505 2271 571 pulus
2300 518 2536 572 sanctus,
2567 513 2744 580 regale
2772 514 3156 583 sacerdotium,
3194 520 3419 587 populus
3442 526 3675 593 acquisi-

440 586 615 654 ειγιον,
648 585 728 649 είς
757 583 1026 653 βασίλειον
1066 585 1383 657 ἱεράτευμα,
1407 588 1503 643 καὶ
1536 590 1616 652 είς
1653 588 1780 643 λαὸν
1812 591 1904 644 τὸν
1933 594 2012 655 είς

440 675 804 745 περιποίησιν,
830 674 917 729 ἵνα
937 674 1035 736 τὰς
1062 676 1261 747 ἀρετὰς
1288 676 1643 746 ἐξαγγείλωσι
1673 680 1767 731 τοῦ
1796 680 1860 733 ἐκ
1888 681 2014 735 σκό-

439 779 564 825 τους
607 763 805 825 αὐτοὺς
855 762 1181 828 καλέσαντος
1227 766 1317 820 ἐπὶ
1367 766 1429 819 τὸ
1485 767 1792 838 θαυμαστὸν
1846 772 2011 824 αὑτοῦ

442 851 574 920 φῶς,
610 872 629 904 ι
678 853 809 907 ποτέ
855 853 912 907 δὲ
959 854 1111 918 ὄντες
1148 856 1209 909 οὐ
1241 856 1388 927 λαὸς,
1421 859 1674 926 γεγόνασι
1704 861 1849 925 λαός.
1904 864 2013 916 Καί

441 956 571 994 ποτε
606 940 707 1011 μὲν
745 943 939 1012 ἤκουον
962 959 976 974 ο
1024 944 1220 997 ι”Οταν
1253 948 1351 1008 τὰς
1374 950 1560 1017 χεῖρας
1582 950 1859 1021 ἐκτείνητε
1880 952 2013 1019 πρός

445 1045 534 1102 με,
569 1032 895 1102 ἁποστρέψω
927 1034 1052 1098 τοὺς
1081 1034 1387 1107 ὀφθαλμούς
1427 1056 1528 1108 μου
1556 1038 1651 1108 ἀφ’
1688 1041 1841 1109 ὑμῶν
1866 1059 1879 1072 °
1922 1043 2013 1097 καὶ

443 1123 539 1177 ἐὰν
564 1122 871 1195 πληθύνητε
894 1126 994 1196 τὴν
1025 1126 1229 1198 δέησιν,
1260 1130 1359 1183 οὐκ
1386 1132 1774 1204 εἰσακούσομαι
1802 1136 2006 1206 ὑμῶν.»

441 1214 576 1267 Νυνὶ
623 1214 679 1269 δέ
731 1232 915 1285 φησιν,
955 1218 1037 1271 ὅτι
1083 1237 1101 1269 ι
1134 1220 1303 1283 Αὐτὸς
1334 1222 1716 1278 ἐπικαλέσεται
1751 1226 1814 1278 τὸ
1845 1226 2015 1298 ὄνομά

446 1325 569 1377 μου,
601 1308 694 1361 καὶ
723 1308 859 1380 ἐρῶ·
892 1310 1035 1373 Λαός
1069 1328 1169 1380 μου
1207 1305 1361 1378 οὗτός
1394 1316 1558 1370 ἐστιν.
1591 1335 1610 1369 ι
1649 1317 1859 1372 Οὐκοῦν
1888 1320 2014 1382 ἴδιος

443 1398 701 1466 γεγόνασι
723 1400 920 1473 κλῆρος
940 1400 1034 1455 τοῦ
1066 1402 1199 1456 Θεοῦ
1230 1404 1324 1457 καὶ
1349 1404 1581 1477 Πατρός,
1598 1407 1836 1463 δέδονται
1862 1410 1917 1464 δὲ
1937 1411 2015 1481 τῷ

444 1490 578 1561 Υίῷ,
610 1492 973 1564 συγκατάρχει
1002 1492 1109 1564 γὰρ
1140 1495 1248 1548 τῶν
1272 1496 1407 1551 ὅλων
1433 1498 1569 1568 ὁμοῦ
1591 1499 1668 1569 τῷ
1690 1505 2014 1575 γεγεννηκό-

442 1598 517 1648 τι,
548 1582 749 1654 εὐμενῆ
777 1601 837 1637 τε
866 1588 959 1638 καὶ
990 1586 1116 1639 ἵλεω
1143 1588 1232 1641 τὸν
1265 1588 1371 1643 τῶν
1398 1591 1535 1647 ὅλων
1557 1592 1737 1662 ἔχουσι
1756 1594 2017 1666 δημιουο,

445 1676 539 1743 γὸν
576 1678 667 1732 καὶ
692 1678 988 1749 Δεσπότην.

791 1800 1171 1887 ΤΟΜΟΣ
1263 1806 1665 1897 ΕΚΤΟΣ.

1034 1955 1285 2011 ΚΕΦΑΛ.
1316 1959 1431 2023 IA'.

2116 595 2301 660 tionis,
2344 598 2642 655 utvirtutes
2665 603 3047 659 annuntiarent
3072 604 3209 676 ejus,
3247 610 3336 679 qui
3360 611 3427 667 de
3448 616 3681 672 tenebris

2116 685 2260 755 ipsos
2282 689 2564 744 vocavitin
2592 691 2910 750 admirabile
2942 694 3121 753 lumen
3147 714 3302 755 suum
3332 702 3401 771 ³⁸,
3437 724 3456 758 ι
3485 715 3678 763 etcum

2114 774 2401 844 aliquando
2432 794 2534 833 non
2572 792 2753 836 essent
2784 784 3030 854 populus,
3071 787 3195 843 facti
3221 802 3344 848 sunt
3370 796 3595 866 populus
3612 796 3680 859 ".

2114 866 2180 921 Et
2222 868 2513 938 aliquando
2557 874 2848 928 audiebant
2886 894 2901 932 :
2940 895 2958 929 ι
2991 877 3123 933 Cum
3159 886 3512 941 extenderitis
3567 904 3682 945 ma-

2116 973 2216 1012 nus
2246 970 2452 1015 vestras
2483 962 2546 1014 ad
2582 978 2686 1030 me,
2715 974 2953 1021 avertam
3006 970 3192 1026 oculos
3235 989 3384 1029 meos
3411 992 3441 1029 a
3480 978 3631 1036 vobis
3663 995 3678 1033 :

2114 1062 2167 1104 et
2227 1066 2346 1106 cum
2374 1055 2864 1126 multiplicaveritis
2890 1061 3216 1127 orationem,
3251 1080 3355 1119 non
3396 1070 3680 1125 exaudiam

2115 1139 2294 1195 vos”.
2336 1159 2355 1193 ι
2394 1142 2462 1195 At
2507 1158 2650 1198 nunc
2707 1146 2887 1200 dicit:
2932 1165 2952 1197 ι
3012 1148 3128 1217 Ipse
3168 1150 3434 1206 invocabit
3486 1166 3680 1209 nomen

2116 1244 2314 1294 meutn,
2336 1238 2392 1284 et
2419 1230 2593 1287 dicam
2622 1252 2634 1286 :
2671 1232 2905 1303 Populus
2939 1252 3090 1291 meus
3120 1239 3206 1292 hic
3225 1248 3328 1293 est.
3370 1258 3388 1292 ι
3419 1240 3681 1307 Quocirca

2117 1318 2400 1374 haereditas
2426 1323 2711 1389 peculiaris
2743 1324 2836 1379 Dei
2869 1336 2922 1380 et
2953 1325 3130 1384 Patris
3169 1329 3297 1384 facti
3325 1341 3472 1395 sunt,
3492 1340 3545 1385 et
3570 1334 3680 1387 dati

2116 1418 2243 1464 sunt
2269 1411 2426 1477 Filio,
2453 1413 2681 1482 imperat
2710 1419 2854 1471 enim
2881 1420 3128 1475 omnibus
3159 1436 3263 1475 una
3285 1436 3405 1477 cum
3436 1421 3613 1488 Patre,
3628 1437 3683 1480 et

2114 1502 2429 1559 benevolum
2470 1515 2524 1560 et
2566 1509 2853 1577 propitium
2896 1511 3272 1571 universorum
3318 1515 3567 1584 opiﬁcem
3619 1533 3682 1573 ac

2116 1594 2397 1651 Dominum
2431 1599 2772 1656 habentibus.

2391 1813 2639 1905 TOM
2664 1819 2798 1905 US
2900 1820 3395 1912 SEXTUS.

2742 1963 2895 2017 CAP.
2928 1963 3063 2020 XIV.

531 2063 683 2117 Ἰδοὺ
710 2064 919 2134 ἡμέραι
946 2067 1223 2136 ἔρχονται
1265 2069 1370 2123 τοῦ
1398 2072 1769 2138 Κυρίου,,καὶ
1809 2074 2008 2145 διαμε-

2184 2075 2344 2127 Vsns.
2372 2074 2492 2140 i,2.
2530 2073 2663 2154 Ecce
2700 2076 2807 2128 dies
2835 2074 3042 2129 Domini
3066 2090 3297 2145 veniunt,
3347 2090 3397 2134 et
3456 2083 3683 2137 divident

439 2156 710 2225 ρισῦντᾱι
747 2157 819 2211 τὰ
861 2158 1065 2212 σκῦλά
1094 2174 1209 2214 σου
1241 2160 1313 2214 ἐν
1347 2162 1468 2216 σοι.
1520 2164 1630 2217 Καὶ
1668 2165 2013 2232 ἐπισυνάξαι

446 2246 642 2302 πάντα
667 2247 741 2301 τὰ
768 2247 913 2317 ἔθνη
940 2250 1027 2315 εἰς
1051 2251 1315 2318 πόλεμον
1338 2251 1435 2305 ἐπὶ
1465 2253 1877 2325 Ἰερουσαλὴμ,
1914 2259 2014 2312 καὶ

448 2334 740 2401 ἁλώσεται
762 2336 801 2403 ἠ
830 2339 1029 2403 πόλις,
1057 2339 1153 2393 καὶ
1179 2338 1689 2410 διαρπαγήσονται
1725 2348 1784 2399 al
1813 2346 2012 2413 οἰκίαι,

450 2427 545 2481 καὶ
572 2430 633 2481 αἱ
659 2428 941 2496 γυναῖκες
961 2429 1469 2499 μολυνθήσονται,
1501 2434 1598 2487 καί
1636 2433 2018 2499 ἐξελεύσεται

449 2517 513 2571 τὸ
547 2517 732 2586 ἣμισυ
758 2518 869 2587 τῆς
890 2522 1121 2589 πόλεως
1145 2522 1215 2576 ἐν
1235 2525 1629 2594 αἰχμαλωσίᾳ.

518 2609 637 2663 ΡΒ’.
678 2610 750 2663 Τὸ
781 2611 874 2663 ἐπὶ
906 2612 984 2683 τῷ
1014 2614 1235 2684 σταυρῷ
1270 2616 1536 2687 σωτήριον
1566 2617 1739 2681 πάθος
1770 2637 2019 2692 καταμη-

449 2699 609 2766 νύων,
639 2700 876 2771 ἔφασκεν
904 2704 963 2757 ἐν
985 2707 1097 2769 τοῖς
1130 2706 1304 2760 ὀπίσω
1331 2706 1524 2779 βραχὺ,
1562 2726 1580 2760 ι
1603 2709 1891 2780 Ῥομφαία,
1930 2714 2020 2780 ἐξ·

449 2790 703 2863 ιγέρθητι
732 2793 824 2846 ἐπὶ
852 2794 942 2847 τὸν
964 2795 1197 2865 ποιμένα
1226 2813 1348 2867 μου,
1375 2800 1469 2852 καὶ
1490 2799 1576 2852 ἐπ’
1605 2799 1774 2871 ἄνδρα
1795 2803 2020 2875 πολίτην

450 2880 611 2935 αὐτοῦ
637 2922 654 2946 ,
714 2883 861 2952 λέγει
912 2885 1118 2957 Κύριος
1165 2890 1582 2963 παντοκράτωρ.
1630 2894 1875 2961 Πάταξον
1931 2897 2020 2951 τὸν

452 2973 683 3044 ποιμένα
710 2976 804 3029 καὶ
839 2976 1423 3053 διασκορπισθήσονται
1454 2982 1523 3036 τὰ
1556 2983 1820 3055 πρόϐατα.
1852 3005 1869 3037 ι
1898 2986 2019 3039 Ὀτι

450 3064 507 3117 δὲ
554 3070 759 3131 ποιναῖς
801 3070 921 3133 ταῖς
961 3070 1214 3139 ἐσχάταις
1266 3075 1298 3144 ή
1351 3073 1459 3127 τῶν
1504 3073 1765 3128 Ἰουδαίων
1814 3077 2021 3148 πληθὺς

453 3154 893 3227 ὑπενεχθήσεται,
935 3159 1028 3212 καὶ
1080 3161 1225 3230 μάλα
1272 3163 1530 3227 εἰκότως,
1564 3169 2019 3238 κεκυριοκτόνηκε

452 3245 611 3318 γὰρὴ
640 3247 963 3319 πάντολμος,
997 3251 1240 3306 ἐδίδασκε
1271 3256 1578 3324 προστιθείς
1600 3273 1613 3286 ·
1646 3278 1665 3308 ι
1691 3258 1801 3311 Καὶ
1834 3260 2019 3323 ἐπάξω

450 3336 547 3408 τὴν
584 3340 741 3410 χεῖρά
789 3358 891 3410 μου
928 3343 1020 3396 ἐπὶ
1058 3345 1184 3406 τοὺς
1223 3345 1508 3415 ποιμένας,
1543 3348 1637 3399 καὶ
1680 3348 1831 3402 ἔσται
1864 3351 1921 3402 ἐν
1953 3354 2017 3423 τῇ

452 3430 633 3503 ἡμέρᾳ
656 3431 861 3505 ἐκείνῃ,
890 3434 1288 3508 λέγειΚύριος,
1316 3438 1384 3491 τὰ
1408 3437 1502 3491 δύο
1539 3439 1680 3511 μέρη
1712 3440 2019 3513 ἐξολοθρευ-

452 3521 677 3592 θήσεται
698 3523 791 3576 καὶ
820 3524 1080 3596 ἐκλείψει,
1118 3527 1180 3581 τὸ
1224 3527 1281 3581 δὲ
1312 3529 1495 3600 τρίτον
1516 3530 1682 3596 διάξω
1712 3531 1800 3584 διὰ
1827 3533 2016 3604 πυρὸς,

452 3612 546 3665 καὶ
575 3613 812 3684 πυρώσω
851 3616 1067 3680 αὐτοὺς,
1114 3618 1189 3681 ὡς
1232 3618 1497 3690 πυροῦται
1528 3621 1587 3675 τὸ
1616 3623 1897 3694 ἀργύριον,
1929 3626 2020 3679 καὶ

449 3702 658 3773 δοκιμῶ
704 3705 921 3771 αὐτοὺς,
961 3708 1039 3765 ὡς
1070 3708 1420 3779 δοκιμάζεται
1449 3711 1510 3763 τὸ
1540 3714 1780 3782 χρυσίον.
1817 3734 1834 3765 ι
1889 3716 2036 3769 Τίνα.

450 3794 507 3848 δέ
528 3796 723 3865 τρόπον
747 3796 815 3851 τά
844 3799 1022 3853 τοιάδε
1054 3804 1271 3866 νοοῖντο,
1307 3804 1398 3857 καὶ
1427 3805 1525 3858 οὐκ
1547 3804 1650 3870 ἔξω
1676 3807 1769 3861 τοῦ
1790 3807 2019 3874 είκότος,

452 3888 592 3941 κατά
635 3905 700 3957 γε
741 3889 807 3942 τὸ
831 3891 1049 3960 ἐφικτὸν
1096 3895 1226 3964 ἡμῖν
1276 3896 1593 3967 εἰρήκαμεν.
1619 3896 2022 3968 Γέγραπταιδέ

452 3977 544 4044 καὶ
571 3979 666 4033 νῦν
694 3982 723 4034 ὁ
753 3980 862 4035 τῶν
887 3984 1261 4053 προκειμένων
1291 3987 1510 4051 σκοπὸς,
1541 3988 1618 4052 ὡς
1660 3990 1797 4060 πρός
1827 4009 1890 4061 γε
1922 3993 2022 4063 τὴν

464 4070 812 4141 Ἰερουσαλὴμ
846 4072 1343 4145 ἀνοσιουργήσασαν
1370 4077 1655 4147 ἀχαλίνως,
1682 4080 1778 4134 καὶ
1805 4082 1896 4135 τὸν
1923 4084 2024 4153 τῆς

455 4160 706 4226 ἁλώσεως
755 4165 886 4233 ἡμῖν
940 4168 1334 4235 κατασημαίνει
1378 4169 1595 4240 τρόπον.
1654 4190 1673 4222 ι
1712 4173 1841 4226 Ἰδοὺ
1891 4174 2020 4245 γὰρ,

453 4253 637 4322 φησιν,
688 4253 894 4325 ἡμέραι
949 4256 1040 4308 τοῦ
1090 4257 1316 4327 Κυρίου,
1350 4278 1368 4309 ι
1414 4261 1711 4326 τουτέστιν,
1753 4263 1820 4326 ἃς
1861 4265 2024 4329 αὐτὸς

454 4346 648 4413 ἐπάγει
696 4344 862 4416 ψήφῳ
910 4347 1111 4419 δικαίᾳ,
1151 4348 1245 4401 καὶ
1294 4350 1423 4420 ὁσίῳ
1464 4352 1709 4422 κρίματι.
1759 4354 1871 4407 Καὶ
1915 4356 2023 4424 γάρ

453 4439 599 4492 ἐστιν
623 4436 837 4507 ἀληθὲς,
860 4438 888 4490 ὃ
915 4438 1007 4491 καὶ
1029 4439 1095 4492 δι’
1120 4440 1306 4509 ἐτέρου
1333 4444 1611 4511 προφήτου
1642 4443 1833 4512 φησίν·
1863 4464 1881 4497 ι
1912 4446 2025 4500 Οὐκ

454 4526 567 4580 ἐστι
595 4528 764 4583 κακία
789 4529 848 4581 ἐν
876 4528 1052 4592 πόλει,
1071 4530 1137 4599 ἢν
1165 4530 1368 4599 Κύριος
1398 4532 1497 4585 οὐκ
1522 4534 1797 4605 ἐποίησε.»
1821 4536 2024 4607 Οὺγὰρ

455 4618 520 4672 ἂν
550 4617 759 4686 γένοιτό
791 4635 844 4671 τι
889 4618 999 4671 τῶν
1048 4620 1174 4687 ὅλην
1224 4620 1425 4673 κακοῦν
1471 4623 1760 4697 ἰσχυόντων
1794 4626 1966 4692 πόλιν,
1997 4626 2025 4677 ὃ

2116 2164 2283 2232 spolia
2321 2173 2411 2217 tua
2438 2165 2493 2216 in
2519 2172 2587 2217 te.
2615 2162 2676 2217 Et
2719 2169 3040 2236 congregabo
3084 2185 3260 2224 omnes
3279 2184 3448 2241 gemes
3469 2176 3523 2227 in
3546 2191 3680 2241 pm-

2118 2255 2244 2307 lium
2262 2270 2415 2319 super
2442 2255 2760 2321 Jerusalem,
2788 2267 2834 2310 et
2858 2258 3092 2325 capietur
3119 2261 3320 2327 civitas,
3339 2274 3386 2317 et
3434 2264 3683 2333 diripien-

2119 2350 2203 2393 tur
2227 2343 2432 2405 domus,
2457 2352 2503 2395 et
2526 2344 2765 2397 mulieres
2788 2344 3108 2413 potiuentur,
3132 2359 3182 2403 et
3209 2352 3681 2422 egredieturmedia

2115 2448 2239 2500 pars
2255 2434 2477 2489 civitatis
2500 2437 2555 2489 in
2582 2437 2951 2505 captivitatem.

2188 2609 2297 2663 Cll.
2345 2608 2689 2663 Salutil‘eram
2722 2610 2773 2663 in
2796 2625 2959 2667 cruce
3005 2623 3231 2669 mortem
3263 2615 3504 2672 indicans
3527 2620 3687 2687 paulo

2120 2709 2244 2755 ante
2282 2699 2514 2764 dicebat,
2556 2718 2575 2751 ι
2614 2700 2967 2770 Rhomphzea,
3014 2718 3280 2773 consurge
3319 2722 3481 2777 super
3503 2718 3686 2781 pasto-

2122 2806 2236 2846 rem
2268 2805 2464 2857 meum,
2490 2789 2649 2861 795
2686 2801 2740 2847 et
2768 2806 2930 2861 super
2957 2793 3131 2848 virum
3169 2798 3339 2850 civem
3368 2796 3504 2867 ejus,
3558 2798 3689 2853 dicit

2121 2881 2379 2936 Dominus
2403 2880 2761 2949 omnipotens.
2797 2880 3026 2937 Percute
3068 2894 3337 2953 pastorem
3368 2894 3423 2940 et
3483 2888 3687 2955 disper-

2122 2982 2316 3041 gentur
2334 2983 2461 3023 oves
2486 2968 2551 3022 ³⁸.
2592 2986 2611 3020 ι
2642 2968 2915 3025 Extremis
2940 2981 3118 3026 autem
3182 2974 3463 3043 suppliciis
3508 2974 3689 3045 subje—

2123 3072 2269 3116 ctum
2307 3061 2370 3116 iri
2398 3059 2633 3128 Judaos,
2691 3062 2850 3128 idque
2913 3062 3236 3130 iustissime,
3286 3067 3540 3135 quoniam
3593 3081 3691 3137 per

2124 3168 2390 3208 summam
2414 3152 2692 3206 audaciam
2722 3151 3005 3207 Dominum
3062 3157 3404 3221 occiderunt,
3431 3158 3682 3224 docebat,

2123 3260 2244 3300 cum
2268 3244 2488 3299 adderet
2522 3261 2537 3299 :
2581 3264 2599 3295 ‹
2638 3244 2703 3299 Et
2735 3246 2985 3301 inducam
3032 3263 3246 3303 manum
3302 3265 3474 3304 meam
3530 3264 3692 3319 super

2127 3346 2395 3405 pastores,
2417 3346 2469 3391 et
2490 3339 2594 3392 erit
2616 3338 2669 3392 in
2700 3338 2788 3392 die
2810 3336 3087 3402 illa,'dicit
3116 3340 3392 3406 Dominus,
3424 3343 3541 3398 dua:
3566 3357 3693 3412 par-

2130 3437 2210 3483 tes
2235 3428 2503 3498 peribunt,
2529 3439 2583 3484 et
2605 3430 2875 3497 deficient,
2925 3431 3139 3485 tertiam
3185 3441 3363 3487 autem
3413 3432 3691 3487 traducem

2124 3534 2221 3589 per
2254 3519 2454 3588 ignem,
2487 3529 2538 3574 et
2564 3534 2823 3575 urameos
2880 3521 3018 3576 sicut
3071 3522 3246 3577 uritur
3290 3534 3593 3594 argentum,
3639 3535 3696 3581 et

2126 3611 2364 3680 probabo
2391 3624 2590 3675 eos,_ut
2619 3612 2878 3681 probatur
2908 3626 3100 3666 aurum
3130 3612 3199 3669 ⁸ο.
3234 3632 3252 3665 ι
3283 3614 3434 3682 Quae,
3464 3629 3694 3685 quomo-

2128 3703 2196 3757 do
2225 3703 2582 3771 probabiliter
2605 3703 2949 3774 intelligenda
2977 3714 3180 3772 essent,
3203 3721 3301 3775 pro
3325 3704 3466 3760 virili
3512 3714 3696 3767 nostra

2090 3798 2489 3867 .exposuimus.
2522 3795 2684 3854 Nunc
2701 3813 2916 3869 quoque
2944 3797 3105 3854 verba
3149 3798 3250 3851 ista
3287 3798 3353 3851 ad
3394 3795 3693 3853 Jerusalem

2127 3900 2390 3959 spectant,
2413 3905 2531 3959 quae
2565 3890 2970 3958 insanoimpetu
2991 3890 3043 3943 in
3075 3888 3253 3945 scelus
3277 3889 3469 3955 ruerit,
3488 3898 3542 3945 et
3569 3903 3697 3960 cap-

2128 3982 2355 4037 tivitatis
2390 3980 2605 4035 modum
2629 3981 2783 4035 nobis
2844 3979 3141 4035 declarant.
3171 3980 3259 4034 Ait
3300 3981 3442 4034 enim
3470 3998 3483 4034 :
3515 3998 3534 4031 ι
3558 3980 3696 4035 Ecce

2128 4074 2243 4128 dies
2267 4073 2499 4136 Domini,
2531 4092 2549 4124 ι
2590 4075 2691 4127 hoc
2715 4080 2820 4136 est,
2849 4088 2986 4143 quos
3016 4072 3103 4127 ille
3125 4086 3277 4141 aequa
3328 4072 3597 4128 sententia
3640 4084 3695 4127 et

2122 4165 2269 4233 justo
2297 4166 2502 4230 judicio
2536 4164 2757 4220 inducit.
2796 4164 2993 4217 Verum
3040 4172 3124 4218 est
3177 4178 3408 4233 namque
3465 4163 3608 4233 quod
3642 4174 3698 4217 et

2128 4273 2224 4326 per
2261 4256 2423 4310 alium
2479 4256 2795 4324 prophetam
2818 4256 2996 4310 dicit:
3056 4273 3074 4306 ι
3108 4255 3222 4310 Non
3264 4266 3349 4311 est
3390 4256 3589 4310 malum
3638 4256 3696 4310 in

2129 4349 2369 4413 civitate,
2402 4348 2544 4417 quod
2574 4348 2829 4403 Dominus
2854 4363 2957 4402 non
2993 4346 3122 4401 fecit
3152 4350 3217 4398 δι.
3275 4366 3294 4400 ι
3350 4345 3494 4402 Nihil
3547 4345 3694 4401 enim

2130 4449 2322 4494 estex
2373 4440 2462 4504 iis,
2509 4455 2629 4509 quae
2682 4441 2990 4494 universam
3072 4439 3343 4494 civitatem
3420 4439 3697 4509 exagitare

2133 4542 2352 4599 queant,
2382 4532 2523 4599 quod
2552 4546 2656 4584 non
2687 4531 2845 4585 liceat
2874 4529 3072 4594 dicere,
3129 4530 3220 4585 illo
3242 4531 3582 4596 immittente,
3642 4528 3699 4584 et

2132 4624 2453 4689 impotenter
2488 4623 2537 4676 in
2567 4623 2774 4678 scelera
2806 4622 3209 4691 praecipitantes
3235 4624 3409 4692 paanis
3462 4622 3697 4676 multare

458 4709 533 4779 μὴ
561 4710 892 4781 πράττεσθαί
916 4728 1094 4780 φαμεν
1115 4711 1357 4779 ἐφιέντος
1379 4713 1566 4780 αὐτοῦ,
1588 4716 1682 4768 καὶ
1709 4716 1814 4786 πλη
1823 4717 2028 4787 μμελη-

2132 4715 2365 4776 volente,
2393 4712 2506 4767 ﬁeri
2558 4726 2623 4766 ac
2668 4714 2987 4781 perpetrari.
3024 4712 3383 4780 Quamobrem
3438 4712 3579 4767 illius
3624 4714 3699 4766 ait

459 4804 641 4873 μάτων
671 4804 825 4867 δίκας
851 4803 1085 4868 ἐξαιτεῖν
1105 4804 1380 4868 ἐθέλοντος
1404 4806 1531 4869 τοὺς
1560 4807 1809 4877 ἀσχέτοις
1827 4808 2025 4880 ὁρμαῖς

2128 4820 2248 4860 esse
2276 4805 2413 4869 dies,
2436 4804 2577 4874 quod
2602 4819 2663 4857 ea
2692 4806 3096 4869 denuntientur,
3117 4821 3235 4874 qua:
3266 4805 3333 4859 ab
3362 4805 3479 4873 ejus
3500 4805 3578 4859 ira
3605 4820 3698 4858 ex-

458 4894 548 4946 ἐπὶ
581 4893 648 4947 τὰ
675 4893 850 4961 φαῦλα
881 4896 1216 4966 διᾴττοντας.
1246 4896 1457 4950 Οὐκοῦν
1490 4897 1655 4949 αὑτοῦ
1696 4916 1857 4968 φησιν
1887 4892 2025 4953 εἶναι

456 4983 552 5047 τὰς
578 4985 813 5056 ⁴ἡμέρας,
846 4986 932 5039 διὰ
960 4987 1020 5038 τὸ
1051 4988 1474 5056 ἐπαγγέλλεσθαι
1499 4988 1618 5042 κατ’
1642 4988 1809 5060 ὀργὴν
1838 4990 2023 5044 αὐτοῦ.

458 5080 895 5149 Πεπαρῳνήκασι
939 5080 1047 5151 γὰρ
1100 5079 1351 5151 φορητῶς
1398 5080 1618 5141 οὐκέτι,
1665 5083 2024 5147 ἀπεκτονότες

461 5169 558 5237 μὲν
589 5169 715 5232 τοὺς
757 5171 1061 5241 προφήτας,
1102 5169 1429 5241 προσθέντες
1458 5170 1514 5223 δὲ
1546 5169 1753 5235 τούτοις
1799 5171 1895 5224 καὶ¹
1938 5172 2029 5225 τὸν

460 5259 607 5313 my.
638 5260 701 5313 Τί
727 5261 783 5313 δὲ
827 5262 889 5315 τὸ
919 5260 1173 5332 ἐσόμενον
1214 5262 1272 5315 ἐν
1324 5264 1443 5325 ταῖς
1494 5263 1726 5332 ἡμέραις
1770 5263 2025 5326 ἐκείναις,

462 5350 742 5421 σαφηνίζει
770 5352 944 5421 λέγων
964 5370 977 5382 ·
1010 5372 1029 5404 ι
1058 5354 1169 5407 Καὶ
1195 5351 1605 5425 διαμεριοῖΝται
1632 5354 1699 5406 τὰ
1732 5352 1907 5407 σκῦλά
1933 5372 2027 5408 σου

464 5443 521 5495 ἐν
544 5442 629 5517 ’σοὶ
660 5444 1147 5515 (συναγηγερμένα
1174 5444 1414 5515 δηλονότι
1442 5446 1615 5498 πάντα
1644 5445 1710 5499 τὰ
1744 5445 1908 5516 ἔθνη)
1937 5447 2033 5498 καὶ

463 5532 845 5603 διαρπάξονται
896 5535 994 5605 μὲν
1040 5536 1249 5601 οἰκίας,
1298 5538 1494 5605 γύναια
1548 5537 1605 5590 δέ
1654 5537 2031 5607 περιέλκοντες

464 5622 677 5691 νηπίοις
704 5624 856 5696 ὁμοῦ.
893 5626 1025 5680 Τότε
1052 5627 1181 5697 γὰρ,
1210 5629 1360 5698 φησὶ,
1390 5629 1451 5681 τὸ
1478 5629 1650 5698 ἥμισυ
1683 5628 1785 5695 τῆς
1828 5627 2031 5690 πόλεως

2127 4894 2418 4962 spectanda
2438 4893 2564 4946 sint.
2610 4891 2853 4945 Fuerunt
2896 4893 3039 4947 enim
3098 4890 3477 4946 contumeliosi
3500 4890 3697 4946 intole-

2130 4986 2356 5040 randum
2436 4987 2490 5039 in
2540 4985 2782 5049 modum,
2829 5000 2951 5039 cum
3001 4986 3196 5040 occisis
3233 4984 3511 5055 prophetis
3529 4982 3695 5039 etiam

2130 5077 2248 5132 Filii
2282 5092 2465 5132 necem
2502 5075 2835 5142 adjecerunt.
2860 5075 2997 5142 Quid
3027 5090 3189 5145 porro
3237 5075 3427 5129 diebus
3465 5074 3569 5128 illis
3603 5073 3688 5125 fn-

2133 5179 2312 5223 turutn
2349 5169 2437 5233 sit,
2465 5168 2640 5237 aperit
2684 5167 2769 5222 his
2816 5167 3030 5222 verbis:
3075 5186 3093 5218 ι
3126 5168 3192 5221 Ει
3237 5166 3477 5222 divident
3524 5165 3707 5236 spolia

2136 5271 2225 5314 tua
2263 5261 2313 5313 in
2344 5270 2395 5314 te
2423 5260 2786 5329 (congregatae
2826 5258 3078 5312 videlicet
3117 5272 3307 5312 omnes
3336 5265 3582 5328 gentes),
3645 5267 3709 5311 et.

2134 5351 2384 5421 diripient
2409 5352 2619 5415 domos,
2655 5350 2909 5405 mulieres
2928 5364 3048 5403 cum
3081 5348 3376 5403 infantibus
3432 5347 3702 5403 violenter

2134 5443 2364 5511 rapient.
2398 5442 2570 5507 Tunc,
2592 5440 2793 5509 inquit,
2818 5439 2989 5497 media
3022 5454 3146 5508 pars
3192 5436 3701 5507 civitatistegredie~

2136 5546 2218 5591 tur
2260 5553 2311 5590 In
2330 5536 2718 5606 captivitatem.
2768 5552 2787 5585 ι
2822 5531 3183 5596 Eeruntenim
3221 5530 3513 5594 Romanos,
3546 5534 3702 5595 capta

2136 5632 2267 5684 urbe
2294 5627 2661 5683 resistentium
2688 5623 3149 5693 sibiimpudentia
3168 5621 3500 5692 neglecta,et
3524 5622 3715 5691 ipsum.

534 5796 578 5832 ”
612 5799 633 5853 Ι
663 5798 805 5855 Petr.
837 5815 897 5867 ιι,
934 5798 986 5853 9.
1066 5800 1107 5831 ³⁷
1143 5799 1277 5855 Osee
1304 5801 1506 5872 ",21,
1560 5801 1602 5833 ³³
1637 5803 1734 5857 lsa.
1774 5820 1810 5871 l,
1845 5802 1933 5866 15..
2012 5804 2032 5834 ⁸

2123 5802 2315 5859 lalach.
2353 5818 2465 5868 xm,
2508 5802 2556 5856 7.
2638 5802 2681 5843 "-
2720 5800 2847 5856 Ibid.
2879 5801 3014 5873 8,9.
3090 5797 3329 5863 “.Amos
3355 5811 3440 5863 ιιι,
3472 5793 3527 5851 6.
