4120 6376
409 339 513 400 ἓιίὸ
1423 347 1480 399 S.
1519 342 1798 400 CYRILLl
1836 343 1956 400 AL!

2055 341 2302 398 tNDBlNl
2336 341 2655 400 ARCHIEP.
3549 345 3654 402 «ιιι

411 460 666 529 templum
685 471 740 515 et
769 459 911 514 sedes
935 459 1272 526 incendisse;
1296 462 1609 530 suppliciter
1644 473 1827 518 autem
1866 462 1956 528 sib1

2073 460 2414 527 ἐξελεύσεται
2444 462 2502 515 ἐν
2536 462 2902 540 αίχμαλωσίᾳ.
2932 481 2948 512 ι
2987 464 3123 516 Φασὶ
3156 464 3282 534 γὰρ,
3301 457 3656 534 ὅτιῬωμαῖοι

409 549 885 625 procumbentihus
917 550 1005 617 iis,
1035 553 1125 622 qui
1177 553 1506 623 superiorem
1554 554 1848 617 civitatem,
1897 551 1956 606 lor

2071 553 2173 624 τὴν
2204 553 2357 606 πόλιν
2389 553 2617 616 ἑλόντες,
2647 551 2741 607 καὶ
2767 552 2904 623 πρὸς
2930 552 3028 617 τὰς
3059 553 3168 607 τῶν
3209 554 3532 625 μαχομένων
3559 555 3658 610 αὺ-

408 660 529 700 cum
549 657 762 698 sacrum
835 642 1166 707 habitabant,
1231 645 1560 714 pepercisse.
1621 642 1755 700 Vide
1811 657 1956 714 pom

2072 648 2185 708 τοῖς
2230 645 2612 715 ἀναισχυντίας
2655 643 3110 714 ὀλιγωρήσαντες,
3139 644 3302 698 αὐτόν
3331 660 3390 698 τε
3424 645 3654 716 ἐνέπρηι

406 734 676 806 qnomodo
691 747 757 788 eo
785 733 1023 789 audaciae
1052 735 1286 790 victores
1326 750 1670 804 processuros
1698 719 1864 800 dicat,
1915 749 1946 787 ιι

2073 754 2171 790 σαν
2199 736 2289 789 τὸν
2322 735 2457 789 νεὼν
2490 736 2585 790 καὶ
2621 735 2721 799 τὰς
2762 737 2856 789 τοῦ
2901 737 3096 807 ᾄστεος
3127 735 3340 799 οίκίαςο
3370 736 3658 804 ἐφείσαντο

408 827 636 896 direptis
657 824 902 880 domibus
936 841 1043 880 non
1075 825 1219 880 illico
1252 839 1373 880 cum
1445 826 1623 903 praeda
1671 823 1971 889 discedant,

407 932 462 974 et
491 919 542 972 in
567 919 815 974 tentoriis
844 918 1095 987 paulatim
1127 933 1247 972 eam
1270 917 1540 984 dividant,
1575 917 1670 972 sed
1709 917 1762 970 id
1797 916 1971 986 ipsum

383 1011 460 1082 in
496 1012 607 1081 ipsa
639 1016 769 1067 urbe
799 1021 954 1082 capta
988 1010 1209 1075 faciant,
1232 1010 1373 1079 quod
1398 1009 1595 1063 factum
1617 1023 1723 1073 non
1756 1007 1982 1082 luisset,

431 1028 460 1068 ιι
496 1027 607 1081 Ipsa
639 1027 769 1067 urbe
799 1027 954 1082 capta
988 1027 1209 1075 laetam,
1232 1027 1373 1079 quon
1398 1027 1595 1063 tactum
1617 1027 1723 1073 non
1756 1027 1970 1070 lUlssel.

408 1027 456 1156 :5
485 1102 624 1158 ullus
655 1103 870 1158 miseris
887 1101 1128 1158 subsidio
1156 1101 1406 1169 veniens,
1426 1099 1573 1158 ferro
1601 1096 1972 1168 grassantibus

407 1194 717 1249 restitisset.
745 1194 1064 1250 Polluendas
1084 1204 1266 1249 autem
1295 1193 1547 1259 mulieres
1569 1191 1823 1263 allirmat,
1878 1204 1975 1259 per

404 1285 514 1339 vim
541 1287 607 1339 ab
637 1285 758 1339 aliis
807 1294 1073 1354 raptatas,
1101 1292 1156 1339 et
1215 1283 1444 1354 turpiter
1486 1291 1866 1350 constupratss
1917 1278 1969 1331 in

404 1386 696 1446 conspectu
719 1391 906 1431 eorum
931 1377 1250 1446 quibuscum
1280 1375 1479 1444 sacpius
1524 1372 1830 1443 coniugalia
1882 1386 1966 1425 sco

402 1478 550 1524 creta
597 1468 840 1538 legitime
905 1469 1254 1525 miscuerant.
1290 1466 1456 1538 796
1506 1464 1612 1523 Sed
1671 1468 1784 1520 hanc
1846 1462 1969 1518 belli

400 1572 528 1616 sunt
605 1562 988 1630 incommoda,
1063 1573 1118 1618 et
1168 1543 1505 1616 calamitates
1585 1557 1751 1614 semel
1798 1557 1973 1626 captis

398 1655 652 1724 omnique
680 1654 884 1711 auxilio
914 1654 1126 1725 penitus
1152 1653 1425 1708 destitutis
1460 1667 1564 1708 non
1603 1650 1810 1706 alienae.

2071 829 2129 882 δὲ
2162 827 2615 899 προσπιπτόντων
2645 827 2826 890 αὐτοῖς
2846 829 2954 880 τῶν
2987 829 3390 899 κατῳκηκότων
3416 829 3516 899 τὴν
3543 828 3655 884 ἀνω

2072 913 2228 981 πόλιν
2269 914 2363 966 καὶ
2391 914 2453 966 τὸ
2485 913 2644 984 ἱερόν.
2673 913 2782 967 Θέα
2809 914 2886 979 δὲ,
2920 915 3068 979 ὅπως
3113 917 3194 979 είς
3235 916 3394 969 τοῦτο
3421 916 3654 985 θάρσους

2067 1003 2359 1074 ἀφίξεσθαί
2405 1022 2538 1076 φησι
2577 1006 2701 1068 τοὺς
2739 1005 3110 1075 νενικηκότας.
3141 1005 3217 1070 ὡς
3246 1007 3663 1078 διαρπάσαντας.

2067 1095 2166 1158 τὰς
2191 1094 2387 1159 οἰκίας,
2419 1095 2497 1166 μὴ
2529 1096 2731 1160 εὐθέως
2755 1097 3122 1166 ἀποφοιτῆσαι
3150 1100 3271 1160 ταῖς
3299 1096 3471 1162 λείαις
3490 1099 3649 1170 ὁμοῦ,

2071 1187 2164 1240 καὶ
2215 1186 2463 1256 σχολαῖον
2511 1187 2843 1258 ποιήσασθαι
2886 1189 2978 1241 τὸν
3018 1189 3378 1260 διαμερισμὸν
3429 1191 3487 1244 ὲν
3532 1194 3662 1254 ταῖς·

2069 1278 2278 1332 ἑαυτῶν
2339 1282 2566 1350 σκηναῖς
2614 1280 2954 1350 ἀφιγμένους
2976 1295 2991 1311 ·
3050 1280 3167 1334 ἀλλ’
3197 1282 3255 1334 έν
3306 1281 3441 1352 αὐτῇ
3493 1281 3649 1337 τοῦτο

2067 1371 2264 1443 δράσαι
2297 1375 2364 1443 τῇ
2394 1373 2600 1446 ἀλούσῃ
2641 1373 2814 1436 πόλει,
2845 1374 2982 1445 ὅπερ
3013 1375 3075 1427 οὐ
3110 1373 3333 1442 γέγονεν
3376 1373 3461 1438 ἂν,
3489 1374 3650 1446 εἰπερ

2067 1485 2148 1532 τις
2176 1463 2244 1538 ἦν
2275 1455 2412 1531 ὅλως
2443 1468 2557 1529 τοῖς
2595 1464 2796 1528 ἀθλίως
2827 1465 3166 1536 πεπραχόσιν
3195 1467 3521 1539 ἐπικουρῶν,
3552 1469 3647 1522 καὶ

2065 1561 2178 1623 τοῖς
2222 1551 2558 1631 ’καταδῃοῦσι
2611 1557 2937 1628 μαχόμενος.
2981 1557 3424 1630 Μολυνθήσεσθαι
3453 1559 3511 1614 δὲ
3548 1561 3647 1623 τὰς

2065 1650 2327 1717 γυναῖκάς
2356 1666 2542 1719 φησιν,
2575 1648 2887 1718 ἀϐουλήτως
2912 1648 3121 1718 ἑτέροις
3147 1649 3528 1718 ὲφελκομένας,
3552 1651 3645 1704 καὶ

398 1744 506 1799 τῶν
546 1748 648 1816 τῆς
691 1746 1016 1818 σεμνότητος
1048 1745 1417 1809 ὲκπιπτούσας
1445 1745 1604 1812 ἐθῷν,
1666 1745 1760 1796 καὶ
1797 1744 1854 1796 ἐν
1881 1741 2000 1812 ὄψει
2038 1743 2298 1809 πολλάκις
2357 1742 2465 1796 τῶν
2495 1742 2854 1812 κατὰ-νόμους
2889 1742 3298 1814 συνῳκηκότων.
3325 1740 3564 1811 Πολέμου
3585 1739 3642 1793 δὲ

395 1837 465 1890 τὰ
484 1835 706 1890 τοιαῦτα
739 1837 908 1907 πάθη,
937 1837 1031 1891 καὶ
1057 1840 1169 1904 τοῖς
1194 1836 1352 1909 ἅπαξ.
1369 1835 1634 1890 ἑαλωκόσι
1662 1835 1754 1889 καὶ
1780 1835 2228 1905 ἀνεπικουρήτοις
2257 1832 2535 1897 παντελῶς
2570 1831 2875 1904 πρέπουσαι
2906 1831 3204 1915 συμφοραί.

466 1925 532 1980 At
589 1925 774 2002 reliqui
849 1926 1028 1995 populi
1090 1927 1189 1978 mei
1248 1941 1350 1978 non
1404 1925 1644 1996 peribunt
1700 1925 1765 1978 de
1826 1924 1956 1992 cipi-

2131 1925 2195 1976 Ol
2235 1922 2305 1976 δὲ
2350 1921 2703 1976 κατάλοιποι
2741 1921 2851 1977 τοῦ
2887 1922 3044 1977 λαοῦ
3069 1924 3141 1977 οὐ
3166 1920 3254 1990 μὴ
3292 1921 3640 1991 ἑξολοθρευ-

395 2025 522 2068 tate.

464 2105 596 2162 Clll.
621 2105 754 2174 Hoc,
786 2107 1000 2179 opinor,
1035 2108 1184 2165 aliud
1218 2123 1325 2167 non
1355 2117 1438 2165 est
1471 2122 1632 2178 quam
1670 2105 1812 2176 quod
1849 2104 1960 2159 dixi

394 2201 576 2266 modo,
605 2215 819 2270 parsum
849 2215 969 2256 esse
1009 2201 1383 2268 habitantibus
1434 2200 1770 2270 superiorem
1829 2198 1961 2252 civi-

394 2293 583 2356 tatem,
611 2299 928 2363 partemque
952 2291 1340 2365 Hierosolyma:
1375 2282 1695 2348 incolumem
1732 2289 1963 2345 mansis-

391 2395 472 2437 se.
506 2380 685 2438 Duces
704 2381 899 2452 quippe
921 2382 1150 2439 Romani
1174 2376 1396 2439 militem
1425 2398 1582 2440 suum
1646 2396 1960 2451 compesce-

390 2473 549 2540 bant,
568 2475 614 2529 si
641 2491 776 2545 quos
807 2475 1000 2539 ﬂentes
1029 2491 1257 2548 seseque
1289 2477 1681 2543 submittentes,
1733 2487 1788 2533 et
1838 2492 1960 2548 pro-

383 2567 544 2634 jectis
573 2567 816 2623 armisin
837 2583 1020 2640 genua,
1047 2571 1246 2626 cadere
1302 2569 1580 2626 videbant.
1647 2569 1756 2623 Aut
1793 2567 1958 2638 igitur

387 2656 625 2726 reliquos
662 2656 838 2726 populi
882 2658 967 2725 sui
1001 2669 1270 2713 servatam
1321 2659 1472 2714 urbis
1524 2667 1733 2728 partem
1783 2656 1958 2713 nami-

386 2760 482 2805 nat
511 2766 523 2800 :
555 2760 648 2804 aut
675 2751 1036 2822 fortassis'qui
1066 2749 1429 2822 inChristum
1457 2767 1796 2808 communem
1833 2766 1955 2806 om-

384 2840 532 2900 nium
567 2839 901 2910 salvatorem
931 2841 1310 2908 credidissent,
1353 2845 1418 2897 de
1451 2844 1646 2914 quibus
1697 2855 1752 2898 et
1801 2844 1953 2904 dicit,

384 2944 488 2991 non
521 2943 640 2984 esse
680 2928 947 2999 perituros
976 2928 1043 2984 de
1072 2929 1312 2984 civitate.
1344 2928 1516 2983 Erunt
1560 2930 1703 2990 enim
1741 2942 1958 3000 semper

381 3021 642 3076 Ecclesiae
686 3021 853 3086 cives,
895 3029 957 3084 et.
1015 3020 1262 3093 quamvis
1308 3031 1576 3077 terrenam
1635 3031 1691 3074 et
1721 3020 1952 3076 deletam

381 3113 695 3177 Jerusalem
719 3114 1021 3182 amiserint,
1052 3123 1230 3169 tamen
1273 3129 1561 3184 supernam
1616 3114 1840 3186 habent.
1885 3115 1954 3170 de

379 3220 487 3275 qua
510 3214 569 3269 et
588 3206 799 3261 divinus
819 3204 1015 3261 Paulus
1048 3220 1062 3257 :
1119 3224 1138 3258 ι
1175 3204 1305 3286 Quae
1349 3220 1563 3264 sursum
1603 3215 1685 3260 est
1735 3203 1954 3265 Jerusa-

2066 2015 2254 2071 θῶσιν
2281 2017 2350 2069 ἐκ
2381 2013 2492 2086 τῆς
2522 2016 2754 2080 πόλεως

2138 2107 2252 2161 ΡΓ’.
2294 2106 2486 2168 Τοῦτο.
2539 2102 2713 2177 οἶμαι,
2766 2105 2914 2161 ἔστιν
2968 2108 3155 2179 ἕτερον
3195 2107 3368 2172 οὐδὲν,
3418 2107 3462 2177 ἦ
3500 2109 3643 2174 ὅπερ

2063 2198 2202 2269 ἔφην
2229 2198 2451 2272 ἀρτίως,
2480 2197 2556 2261 ὡς
2584 2196 2778 2265 γέγονέ
2807 2214 2888 2260 τις
2915 2196 3080 2266 φειδὼ
3105 2197 3213 2251 τῶν
3244 2196 3638 2251 κατοικούντων

2060 2289 2160 2360 τὴν
2192 2289 2305 2343 ἄνω
2335 2289 2512 2347 πόλιν,
2557 2289 2650 2343 καί⁵
2684 2287 2954 2342 σέσωσται
3003 2289 3169 2361 μέρος
3194 2289 3303 2342 τῶν
3343 2287 3637 2358 Ὶεροσολύυ

2065 2397 2203 2451 μων.
2242 2379 2574 2434 Ἀνέκοπτον
2608 2378 2718 2450 γὰρ
2743 2380 2793 2432 οί
2831 2378 3118 2450 Ῥωμαίων
3169 2379 3467 2452 στρατηγοὶ
3507 2379 3636 2441 τοὺς

2060 2471 2169 2525 τῶν
2217 2473 2540 2543 μαχομένων
2569 2470 2796 2544 θυμοὺς.
2847 2472 2895 2524 εί
2928 2471 2990 2541 δή
3038 2470 3140 2525 πού
3189 2489 3341 2535 τινας
3377 2470 3634 2524 τεθέαντο

2061 2564 2350 2626 κλαίοντας
2378 2581 2437 2616 τε
2467 2565 2559 2617 καὶ
2591 2564 2994 2626 ὑποπίπτοντας
3033 2563 3128 2616 καὶ
3157 2563 3362 2633 ἀμαχεὶ
3406 2562 3636 2631 προσπί-

2059 2671 2314 2719 πτοντας.
2343 2656 2413 2708 Ἢ
2440 2655 2620 2708 τοίνυν
2646 2655 3008 2718 καταλοίπους
3032 2654 3126 2707 τοῦ
3156 2654 3286 2708 λαοῦ
3311 2653 3473 2708 αὐτοῦ
3507 2654 3633 2716 τοὺς

2060 2746 2120 2797 ὲν
2155 2744 2232 2816 τῷ
2259 2745 2589 2816 σεσωσμένῳ
2617 2746 2716 2816 τῆς
2756 2744 2964 2807 πόλεως
2994 2744 3149 2815 μέρει
3198 2744 3390 2814 φησίν·
3425 2744 3460 2812 ἢ
3490 2743 3632 2814 τάχα

2059 2852 2162 2889 που
2200 2837 2327 2900 τοὺς
2367 2835 2803 2899 πεπιστευκότας
2840 2837 2920 2899 είς
2964 2834 3055 2887 τὸν
3089 2833 3197 2887 τῶν
3232 2835 3369 2888 ὅλων
3401 2835 3630 2904 Σωτῆρα

2059 2928 2315 3000 Χριστὸν,
2345 2929 2474 2994 περὶ
2512 2921 2588 2980 ὧν
2614 2928 2707 2981 καί
2751 2943 2939 2998 φησιν,
2977 2925 3054 2990 ὡς
3087 2925 3188 2978 οὐκ
3213 2925 3279 2980 ἂν
3319 2924 3630 2994 ὲξολοθρευ-

2059 3013 2203 3070 θεῖεν
2232 3018 2295 3070 ὲκ
2321 3017 2421 3087 τῆς
2449 3017 2676 3080 πόλεως.
2706 3017 2958 3069 Ἔσονται
3000 3014 3108 3086 γὰρ
3138 3015 3224 3068 ἀεὶ
3264 3013 3365 3084 τῆς
3401 3013 3630 3083 Ἐκκλη-

2058 3112 2181 3176 σίας
2205 3112 2440 3177 πολῖται,
2468 3110 2568 3164 κᾶν
2595 3112 2650 3164 εί»
2667 3110 2764 3181 τῆς
2787 3111 3034 3180 ἐπιγείου
3074 3111 3168 3164 καὶ
3214 3109 3627 3183 ὠλοθρευμένης

2070 3203 2427 3275 Ἰερουσαλὴμ
2470 3203 2790 3257 ὲκπίπτοτεν
2816 3245 2831 3270 ,
2867 3203 2982 3256 ἀλλ’
3017 3199 3110 3256 οὖν
3141 3202 3324 3273 έχουσι
3360 3203 3624 3273 τὴν-ἄνω,

380 3299 518 3366 lem,
546 3296 720 3356 libera
745 3305 863 3368 est,
886 3311 1005 3366 quae
1027 3305 1112 3350 est
1146 3305 1323 3350 mater
1360 3305 1547 3354 nostra
1571 3295 1651 3367 "._
1692 3316 1712 3349 ι
1757 3296 1946 3366 Cujus-

2056 3297 2184 3368 περὶ
2213 3291 2281 3368 ἦς
2309 3296 2406 3349 καὶ
2429 3297 2458 3349 6
2492 3295 2782 3359 θεσπέσιος
2820 3296 3020 3366 γράφει
3041 3295 3278 3358 Παῦλος·
3304 3313 3323 3346 r
3345 3294 3488 3360 Ἡδὲ
3512 3296 3626 3351 ἄνω

387 3389 528 3452 modi
548 3397 604 3444 et
625 3387 995 3456 heatusDavid
1023 3387 1296 3452 insinuare
1325 3387 1540 3456 videtur
1567 3388 1645 3442 sic
1674 3388 1897 3458 loquens
1931 3405 1945 3443 :

384 3500 402 3528 ε
423 3479 538 3535 Non
567 3479 993 3539 commovebitur
1016 3481 1070 3533 in
1100 3483 1482 3548 aeternum,qui
1503 3478 1712 3535 habitat
1738 3463 1947 3535 Jerusa-

375 3572 481 3632 lem
511 3571 577 3623 ⁸⁸.
606 3589 625 3622 ι
654 3569 974 3626 Inconcussa
998 3569 1142 3624 enim
1175 3579 1358 3624 manet
1388 3569 1657 3633 Ecclesia,
1683 3583 1760 3635 et,
1788 3570 1942 3639 juxta

377 3678 567 3720 vocem
595 3662 1159 3731 Salvatorisuporne
1212 3658 1370 3715 inferi
1419 3676 1525 3717 non
1580 3649 1943 3732 praevalebunt

375 3754 636 3816 adversus
659 3766 782 3808 eam
803 3750 886 3804 διε
920 3771 938 3803 ι
990 3751 1165 3825 ipsum
1210 3750 1406 3821 quippe
1445 3764 1541 3821 pro
1593 3751 1947 3818 fundamento

375 3845 558 3908 habet.
582 3842 815 3899 Necesse
836 3851 919 3898 est
951 3843 1114 3913 igitur
1133 3825 1364 3907 omnino,
1386 3853 1444 3896 ut
1472 3841 1634 3910 etiam
1666 3843 1947 3903 inconcus-

375 3937 420 3990 si
468 3947 522 3994 et
566 3934 872 3995 immobiles
919 3935 1050 4000 sint,
1097 3935 1189 4002 qui
1241 3949 1361 3988 eam
1427 3934 1762 4006 inhabitant,
1802 3935 1946 3988 etin

372 4025 705 4097 populopejus
729 4034 1065 4097 reputantur,
1098 4035 1151 4080 et
1178 4025 1430 4096 legitimis
1457 4026 1573 4094 ejus
1646 4041 1943 4080 accensen-

374 4128 493 4185 tur.

443 4207 619 4275 Vens.
652 4206 771 4275 5—5.
813 4205 876 4271 Et
903 4208 1196 4276 egredietur
1221 4205 1496 4272 Dominus,
1538 4219 1584 4262 et
1611 4211 1947 4278 pra’l'iabitur

367 4301 684 4370 ingentibus
707 4299 835 4362 illis,
861 4300 998 4353 sicut
1025 4299 1135 4354 dies
1166 4300 1437 4370 conﬂictus
1467 4299 1579 4370 ejus
1609 4302 1661 4354 in
1715 4302 1799 4354 die
1834 4301 1944 4356 bel-

367 4393 430 4456 li.
465 4391 532 4452 Et
565 4393 775 4446 stabunt
803 4391 957 4459 pedes
981 4391 1096 4462 ejus
1144 4392 1199 4446 in
1224 4377 1309 4445 die
1362 4391 1459 4445 illa
1516 4377 1671 4462 super
1715 4403 1941 4448 montem

367 4482 646 4548 olivarum,
681 4497 800 4552 quae
819 4492 896 4537 est
930 4499 957 4536 e
988 4483 1192 4554 regione
1220 4482 1528 4547 Jerusalem
1570 4487 1642 4539 ad
1662 4487 1937 4554 orientem.

2066 3387 2416 3459 Ἰερουσαλὴμ
2456 3387 2716 3458 ἐλευθέρα
2745 3387 2911 3451 ἐστὶν,
2937 3387 3060 3458 ἥτις
3087 3386 3202 3440 ἐστὶ
3237 3387 3420 3457 μήτηρ
3446 3387 3621 3457 ἡμῶν.

2057 3480 2242 3533 Ἔοικε
2285 3479 2342 3532 δέ
2385 3496 2436 3531 τι
2485 3480 2580 3533 καὶ
2613 3480 2642 3531 6
2689 3479 2957 3550 μακάριος
3006 3478 3172 3531 Δαὸὶδ
3213 3476 3632 3532 ὑπαινίττεσϐαι.

2052 3570 2317 3633 τοιοῦτον,
2344 3563 2445 3624 ὧδέ
2476 3588 2551 3642 πῃ
2588 3570 2764 3638 λέγων
2786 3587 2801 3602 ο
2841 3591 2859 3621 ι
2901 3571 2975 3624 Οὐ
3004 3568 3395 3640 σαλευθήσεται
3420 3570 3504 3632 εὶς
3529 3567 3622 3621 τὸν

2053 3663 2222 3718 αἰῶνα
2271 3666 2299 3717 ό
2346 3662 2614 3717 κατοικῶν
2663 3662 3041 3734 Ἰερουσαλήμ.
3085 3681 3104 3713 ι
3171 3660 3282 3714 Καὶ
3323 3661 3433 3730 γάρ
3473 3662 3623 3715 ἐστιν

2053 3757 2442 3828 ἁκρὰδαντοςὴ
2484 3755 2779 3825 Ἐκκλησία
2803 3796 2818 3817 ,
2851 3754 2944 3807 καὶ
2982 3770 3000 3804 ι
3043 3753 3205 3806 πύλαι
3231 3752 3359 3825 ᾅδου
3387 3753 3448 3806 οὐ
3490 3770 3622 3806 κατ-

2051 3849 2364 3921 ισχύσουσιν
2392 3848 2578 3916 αὐτῆς,
2620 3867 2638 3898 ι
2677 3847 2816 3900 κατά
2861 3845 2959 3914 τὴν
2993 3845 3087 3899 τοῦ
3127 3845 3381 3917 Σωτῆρος
3411 3845 3616 3916 φωνήν.

2049 3942 2152 3996 Τὸν
2176 3941 2339 3995 αὑτὸν
2371 3939 2478 4010 γὰρ
2503 3939 2648 4009 ἔχειν
2679 3937 2928 4009 θεμέλιον
2958 3938 3108 3992 πᾶσά
3136 3954 3255 4000 πως
3283 3937 3496 4006 ἀνάγκη
3525 3937 3620 3990 καὶ

2046 4035 2173 4097 τοὺς
2200 4031 2589 4090 κατοικοῦντας
2616 4031 2912 4102 autumni.
2937 4030 3354 4102 λελογισμένους
3385 4030 3465 4094 είς
3487 4029 3617 4084 λαὺν

2047 4123 2204 4184 Θεοῦ,
2233 4123 2327 4176 καὶ
2357 4124 2468 4187 τοῖς
2495 4121 2738 4194 γνησίοις
2768 4121 3250 4192 συντεταγμένους.

2119 4215 2229 4269 Kal
2265 4215 2646 4280 ἐξελεύσεται
2696 4215 2931 4284 Κύριος,
2970 4215 3068 4269 καί
3111 4213 3510 4282 παρατάξεται
3547 4213 3618 4268 ἐν

2047 4305 2172 4374 τοῖς
2201 4305 2444 4360 ἔθνεσιν
2471 4305 2729 4370 ἐκείνοις
2748 4345 2762 4367 ,
2796 4303 2992 4371 καθὼς
3016 4304 3208 4374 ἡμέρα
3232 4306 3616 4376 παρατάξεως

2047 4397 2232 4473 αὐτοῦ
2255 4397 2325 4450 ἐν
2348 4395 2538 4466 ἡμέρᾳ
2577 4396 2867 4464 πολέμου.
2902 4397 3013 4450 Kal
3052 4395 3386 4461 στήσονται
3415 4399 3471 4451 οἱ
3507 4397 3613 4450 πό-

2047 4489 2148 4554 δες
2186 4486 2371 4543 αὐτοῦ
2406 4489 2476 4542 ἐν
2510 4486 2588 4557 τῇ
2627 4488 2817 4569 ἡμέρᾳ
2848 4488 3050 4557 ἐκείνῃ
3081 4489 3178 4541 ἐπὶ
3221 4488 3287 4543 τὸ
3323 4489 3460 4558 ὅρος
3497 4487 3614 4544 τῶν

365 4574 436 4634 Et
466 4575 731 4641 scindetur
775 4590 924 4629 mons
990 4575 1268 4640 olivarum,
1327 4579 1500 4649 media
1556 4596 1677 4649 pars
1701 4580 1814 4649 ejus
1867 4584 1936 4634 ad

2055 4575 2317 4638 Ἐλαιῶν,
2346 4576 2406 4630 τὸ
2438 4576 2750 4631 κατέναντι
2766 4577 3163 4647 Ἰερουσαλὴμ
3183 4577 3252 4642 ἐξ
3274 4578 3605 4633 ἀνατολῶν.

364 4668 634 4731 orientem,
665 4677 711 4721 et
753 4668 924 4737 media
979 4685 1102 4722 nar:
1155 4669 1300 4724 illius
1347 4672 1416 4724 ad
1466 4687 1635 4738 mare,
1695 4675 1938 4745 voragine

363 4774 556 4827 magna
590 4758 762 4813 valde.
795 4756 861 4812 Et
892 4758 1166 4829 inclinabit
1195 4762 1367 4828 media
1421 4780 1546 4831 pars
1616 4765 1807 4833 montis
1865 4765 1934 4819 ad

361 4849 682 4915 aquilonem,
704 4863 758 4912 et.
779 4851 950 4905 media
979 4867 1102 4917 pars
1132 4853 1245 4922 ejus
1273 4854 1348 4920 ad~
1390 4865 1649 4908 austrum.
1686 4855 1751 4908 Et
1779 4855 1929 4908 oblu-

362 4940 566 4995 rubitur
593 4941 742 5005 uallis
769 4941 1023 4994 montium
1052 4956 1304 5004 meorum,
1339 4952 1387 4996 et
1440 4943 1755 5013 adjungetur
1785 4943 1936 4999 vallis

359 5032 616 5094 montium
648 5045 810 5100 usque
830 5032 902 5093 ad.
929 5029 1106 5084 Asael.
1135 5027 1205 5082 Et
1231 5029 1562 5084 obturabitur
1607 5033 1742 5085 sicut
1773 5031 1931 5085 obtu-

301 5166 310 5172 .
360 5133 478 5175 rata
515 5133 589 5183 est
618 5123 670 5183 in
685 5121 864 5178 diebus
903 5130 1059 5193 terrae
1093 5134 1284 5190 motus,
1313 5126 1368 5178 in
1385 5123 1564 5194 diebus
1593 5121 1740 5197 Ozia:
1798 5124 1934 5194 regis

356 5212 525 5274 Juda.

433 5493 566 5550 CIV.
594 5493 873 5566 Tanquam
914 5495 981 5555 de
1002 5494 1137 5558 duce
1187 5495 1366 5564 aliquo
1395 5495 1814 5568 generosissimo
1860 5496 1936 5551 lo-

362 5589 570 5658 quitur,
596 5587 794 5643 milites
842 5603 972 5645 suos
1027 5587 1098 5644 ad
1149 5601 1381 5658 pugnam
1421 5587 1750 5654 concitante,
1778 5597 1832 5643 et
1881 5590 1932 5642 in

2044 4671 2154 4723 Kal
2187 4668 2589 4737 σχισθήσεται
2617 4669 2686 4723 τὸ
2712 4669 2850 4738 ὄρος
2870 4669 2989 4723 τῶν
3020 4669 3296 4734 Ἐλαιῶν,
3318 4670 3386 4724 τὸ
3421 4670 3610 4742 ἣμισυ

2025 4762 2228 4831 ,αὑτοῦ
2264 4761 2410 4831 πρὸς
2441 4761 2762 4827 ἀνατολὰς,
2790 4761 2889 4816 καί
2921 4757 3208 4830 τάἧμισυ
3241 4762 3427 4816 αὐτοῦ
3460 4747 3610 4831 πρὸξ

2043 4852 2395 4915 θάλασσαν,
2441 4851 2590 4921 χάος
2626 4852 2783 4922 μέγα
2837 4851 3088 4920 σφόδρα.
3136 4851 3245 4906 Kal
3303 4852 3503 4906 κλινεῖ
3541 4855 3609 4907 τὸ

2041 4941 2231 5010 ἣμισυ
2261 4940 2368 4995 τοῦ
2402 4941 2581 5009 ὅρους
2609 4936 2757 5009 πρὸς
2786 4938 3042 5010 βορρᾶν,
3069 4941 3254 4994 καὶτὸ
3285 4941 3472 5010 ἣμισυ
3502 4944 3610 4996 αὺ-

2040 5034 2148 5089 τοῦ
2194 5034 2342 5102 πρὸς
2392 5035 2591 5089 νότον.
2651 5035 2763 5087 Καὶ
2826 5033 3310 5102 ἑμφραχθήσεται
3374 5035 3612 5106 φάραγξ

2041 5125 2226 5193 ὀρέων
2261 5143 2401 5195 μου,
2457 5126 2554 5180 καί
2599 5123 3112 5195 ἐγκολληθήσεται
3155 5123 3391 5195 φάραγξ
3429 5125 3612 5195 ὀρέων

2039 5219 2150 5285 ἕως
2183 5218 2433 5287 Ἀσαήλ.
2454 5217 2562 5272 Kal
2593 5215 3075 5287 ἐμφραχθήσεται
3097 5215 3292 5282 καθὼς
3311 5216 3608 5288 erasade

2037 5313 2107 5364 ἐν
2155 5310 2284 5377 ταῖς
2327 5309 2574 5378 ἡμέραις
2625 5307 2731 5361 τοῦ
2779 5305 3202 5375 συσσεισμοῦ..
3251 5307 3322 5362 ἐν
3361 5307 3608 5378 ἡμέραις

2049 5402 2228 5464 Ὀζῖου
2247 5401 2556 5468 ,ϐασιλέως
2588 5399 2793 5456 Ἰούδα.

2106 5492 2223 5566 PA'.
2278 5492 2579 5565 Πεποίηται
2635 5492 2734 5563 μὲν
2780 5493 2810 5544 6
2855 5493 3011 5562 λόγος
3055 5493 3131 5558 ὼς
3179 5493 3272 5546 ἐπί
3309 5509 3456 5558 τινος
3495 5490 3604 5548 τῶν

2036 5589 2428 5658 γενναιοτάτων
2471 5588 2812 5662 στρατηγῶν,
2859 5588 3284 5663 παραθήγονιως.
3310 5591 3392 5655 είς
3424 5589 3604 5663 μάχην

429 5768 476 5805 δ’
502 5768 674 5827 Galat.
703 5785 775 5840 tv,
814 5770 905 5829 26.
978 5775 1021 5808 "
1047 5773 1191 5831 Psal.
1231 5789 1414 5842 cxxtv,
1459 5773 1506 5829 l.
1587 5771 1631 5806 “
1668 5771 1857 5830 Matth.
1894 5787 2000 5841 xvr,
2038 5770 2125 5830 18.
