4120 6376
398 404 503 459 ρετ

1210 390 1748 454 COMMENTARIUS
1784 388 1853 443 ΙΝ
1890 381 2284 442 ΖᾹΟΗΑΒΙᾹΜ
2326 378 2757 435 PROPHETAM.

3524 368 3629 424 246

399 520 527 581 τοὺς
558 517 1004 578 συνασπίζοντας,
1021 514 1113 567 καὶ
1136 516 1254 575 ταῖς
1272 513 1381 567 τῶν
1407 510 1679 581 πολεμίων
1706 504 1962 575 φάλαγξι,
1994 532 2005 559 Α

2089 498 2302 555 ιοειίυιη
2342 497 2639 567 phalangas
2702 490 2997 549 exercitum
3048 494 3433 547 exsuscitante.
3469 486 3628 542 Acci-

404 606 888 673 κατεξανιστῶντος
912 605 972 658 τὸ
1000 604 1256 675 μάχιμον.
1284 602 1501 657 Νοείταί
1532 617 1596 669 γε
1632 599 1736 669 μὴν
1775 596 1849 659 ὡς
1872 596 1963 647 ἐπὶ

401 702 559 765 Θεοῦ,
589 698 870 770 μονονουχὶ
898 697 1277 767 συμπαρόντος
1305 712 1364 748 τε
1388 693 1485 748 καὶ
1508 703 1963 762 συμπαραταττο-

406 794 567 863 μένου
621 793 733 854 τοῖς
780 789 957 841 ἔθνεσι
1000 790 1112 850 τοῖς
1159 784 1487 858 καταδῃοῦσι
1527 782 1628 854 τὴν
1686 778 1963 844 Ἰουδαίαν,

404 886 777 956 πεπορθηκόσι
806 884 865 937 δὲ
897 883 989 936 καὶ
1016 881 1155 935 αὐτὰ
1184 881 1252 934 τά
1290 878 1661 950 Ἱεροσόλυμα.

473 974 815 1047 Μεμνήμεθα
845 975 922 1038 δὲ,
969 974 1051 1027 ὅτι
1094 973 1190 1026 καὶ
1220 976 1277 1025 ὲν
1320 969 1656 1041 παραϐολαῖς
1685 964 1969 1033 εύαγγελιυ

406 1074 533 1134 καῖςη
574 1069 813 1123 τοιοῦτόν
858 1069 910 1120 τί
950 1085 1131 1139 φησιν.
1172 1067 1230 1117 '0
1269 1065 1368 1136 μὲν
1400 1063 1517 1135 γὰρ.
1554 1060 1804 1133 βασιλεὺς
1844 1059 1968 1119 τοὺς

408 1163 619 1231 γάμους
649 1158 910 1212 ἐπιτελῶν
939 1158 1017 1229 τῷ
1048 1157 1147 1226 υίῷ
1175 1156 1362 1219 αὑτοῦ,
1394 1154 1649 1224 πέπομφε
1678 1154 1803 1213 τοὺς
1827 1150 1972 1203 οίκέ-

407 1267 508 1314 τας
539 1248 880 1318 συναγείρειν
911 1248 1035 1310 τοὺς
1081 1245 1468 1317 κεκλημένους.
1506 1245 1567 1297 Οἱ
1614 1243 1670 1295 δὲ
1712 1240 1839 1303 τοὺς
1875 1256 1989 1292 και-ν

409 1342 634 1405 λοῦντας
680 1339 910 1403 ἀνοσίως
958 1338 1410 1409 περιυϐρίσαντες
1453 1338 1550 1390 καὶ
1592 1332 1968 1394 ἀπεκτονότες,

408 1432 716 1486 τελευταῖον
759 1431 847 1484 ἐπ’
894 1430 1076 1494 αὐτοῖς
1101 1432 1451 1501 διεχρήσαντο
1476 1429 1568 1482 τὸν
1596 1427 1729 1481 υἱόν.
1761 1421 1897 1480 Εἶτα
1921 1424 1975 1477 τί

413 1540 546 1591 φησι
568 1524 666 1592 τῆς
696 1522 1011 1593 παραϐολῆς
1034 1525 1063 1576 ὁ
1086 1522 1243 1592 λόγος
1265 1539 1279 1587 ;
1315 1540 1333 1573 ι
1357 1523 1414 1574 Ὀ
1439 1521 1495 1574 δὲ
1529 1519 1781 1588 βασιλεὺς
1810 1517 1975 1588 ὠργί-

415 1613 542 1683 σθη,
578 1614 669 1667 καὶ
701 1612 923 1683 πέμψας
956 1614 1025 1666 τά
1058 1611 1443 1684 στρατεύματα
1488 1609 1675 1672 αὑτοῦ,
1728 1607 1977 1663 ἀπώλεσε

413 1704 538 1766 τοὺς
564 1704 743 1771 φονεῖς
788 1703 1028 1765 ἐκείνους
1046 1743 1060 1766 ,
1096 1703 1190 1755 καὶ
1216 1701 1315 1772 τὴν
1345 1701 1496 1755 πόλιν
1520 1699 1706 1761 αὐτῶν
1735 1698 1984 1769 ἐνέπρηη

416 1809 526 1847 σεν.
564 1811 583 1845 ι
618 1794 810 1847 Ἔσται
850 1792 914 1863 δὴ
957 1788 1050 1845 οὖν
1078 1794 1133 1845 ὲν
1168 1793 1288 1862 ἴσῳ,
1327 1791 1493 1862 φησὶ,
1543 1792 1655 1853 τοῖς
1695 1790 1765 1841 ἐν.
1797 1789 1985 1859 ἡμέρᾳ

2065 589 2258 663 pienda
2292 599 2613 643 suntautem
2634 595 2692 639 ut
2717 586 2782 639 de
2806 585 2932 650 Deo,
2962 589 3171 637 tantum
3198 595 3304 636 non
3339 586 3626 650 prasente,

2066 687 2121 735 et
2146 676 2307 734 simul
2322 678 2380 732 in
2415 676 2529 730 acie
2547 682 2724 731 stante
2744 687 2865 727 cum
2898 670 3145 739 gentibus
3171 667 3406 724 Juda'am
3440 680 3631 737 perva-

2072 768 2363 834 stantibus,
2389 766 2548 838 791
2576 766 2853 833 ipsamque
2879 759 3308 831 Hierosolymam
3332 756 3629 813 evertenti-

2071 874 2192 915 nus.

2141 947 2501 1003 Meminimus.
2534 960 2696 1016 porro
2733 944 2896 1003 etiam
2940 942 2993 998 in
3024 940 3293 1010 parabolis
3312 938 3635 1010 evangelicis

2073 1039 2180 1096 tale
2242 1038 2493 1109 quiddam
2564 1045 2798 1097 exstare.
2876 1032 2989 1093 Rex
3054 1033 3197 1087 enim
3254 1029 3365 1084 filio
3425 1026 3637 1098 nuptias

2074 1132 2303 1196 faciens,
2323 1129 2672 1184 misitservos
2701 1139 2826 1179 suos
2847 1134 2904 1178 ut
2935 1122 3192 1180 invitatos
3219 1123 3631 1190 congregarent.

2073 1223 2170 1276 Ast
2202 1220 2273 1275 illi
2304 1235 2425 1279 cum
2462 1216 2895 1284 vocantesimpie
2942 1223 2995 1269 et
3022 1212 3438 1280 injuriosissime
3494 1222 3640 1265 tece-

2072 1321 2195 1383 plos
2221 1305 3047 1373 occidissent,novissime.etiam
3080 1303 3247 1358 lilium
3271 1311 3636 1372 peremerunt.

2077 1403 2217 1471 Quid
2252 1401 2446 1457 deinde
2475 1386 2768 1469 parabola?
2800 1415 2818 1448 ι
2849 1395 3167 1459 Πειλουιευι
3224 1395 3395 1448 iratus
3432 1402 3535 1459 est,
3589 1400 3643 1448 et

2078 1494 2263 1549 missis
2288 1492 2617 1548 exercitibus
2647 1489 2762 1546 suis
2786 1489 3017 1559 perdidit
3050 1487 3351 1545 homicidas
3393 1486 3536 1552 illos,
3589 1496 3644 1541 et

2078 1586 2355 1647 civitatem
2388 1583 2600 1643 illorum
2632 1581 2909 1640 succendit
2939 1580 3007 1634 “.
3040 1599 3059 1633 ι
3082 1579 3311 1635 Perinde
3332 1579 3494 1651 igitur
3518 1580 3643 1646 erit,

2073 1681 2274 1750 inquit,
2297 1686 2360 1739 ut
2392 1690 2513 1732 cum
2542 1675 2594 1733 in
2619 1674 2706 1729 die
2728 1673 3007 1729 conﬂictus
3055 1686 3313 1743 generose
3355 1670 3411 1726 in
3466 1670 3648 1727 hostes

2083 1786 2253 1842 usque
2288 1770 2354 1825 ad
2385 1766 2810 1823 internecionem
2835 1763 3148 1833 insurgitur.
3162 1761 3291 1828 Quae
3322 1763 3651 1818 demonstra-

417 1886 773 1956 παρατάξεως
800 1854 1283 1956 άντανισταμένοις
1301 1854 1565 1954 γεννικῶς
1613 1882 1707 1935 καὶ
1732 1854 1981 1934 δαπανῶί-

2089 1866 2159 1922 lio
2190 1873 2274 1920 est
2303 1866 2398 1919 ira:
2424 1871 2700 1923 extremas,
2725 1867 2781 1915 et
2810 1858 3051 1914 victoriae
3081 1854 3340 1919 caelestis,
3402 1863 3455 1909 et
3497 1855 3563 1909 iis
3618 1871 3648 1909 a

380 2034 383 2037 _
420 1993 503 2029 σιν
531 1976 762 2047 ἐχθροῖς.
781 1975 1079 2040 Ἀπόδειξις
1105 1976 1163 2029 δὲ
1190 1975 1348 2029 τοῦτο
1379 1974 1481 2044 τῆς
1502 1975 1580 2037 είς
1606 1972 1758 2044 λῆξιν
1787 1972 1979 2042 ὀργῆς,

418 2070 512 2121 καὶ
534 2069 849 2140 νικημάτων
877 2069 987 2122 τῶν
1015 2069 1298 2133 ἀνωτάτω,
1330 2069 1423 2122 καὶ
1450 2065 1680 2135 ίσοπαλῆ
1705 2064 1805 2135 τὴν
1825 2065 1982 2133 νίκην

417 2156 711 2225 ἐπάγοντος
728 2159 838 2221 τοῖς
855 2157 934 2222 είς
956 2156 1114 2213 αὑτὸν
1134 2160 1607 2230 πεπαρῳνηκόσιν.
1626 2156 1983 2212 Ἀπεκτόνασι

418 2249 546 2319 γάρ,
576 2248 652 2313 ώς
677 2249 831 2320 ἔφην,
857 2250 947 2303 τὸν
976 2251 1217 2322 ἀρχηγὸν
1241 2252 1339 2322 τῆς
1370 2253 1537 2320 ζωῆς.
1577 2250 1796 2321 Ἐπειδὴ
1825 2251 1882 2303 δὲ
1912 2247 1981 2302 τά

418 2341 565 2411 πέρα
625 2340 805 2410 λόγου,
852 2344 947 2396 καὶ
994 2342 1269 2413 θαύματος
1316 2344 1515 2414 πρέποι
1567 2342 1633 2397 ἂν
1678 2343 1841 2413 αὐτῇ,
1892 2342 1984 2394 καὶ

422 2431 561 2505 μόνῃ
587 2429 848 2486 δύνασθαι
877 2433 1176 2505 κατορθοῦν
1203 2438 1270 2506 τῇ
1305 2435 1413 2489 τῶν
1441 2434 1579 2488 ὅλων
1610 2433 1841 2504 βασιλίδι
1884 2433 1986 2502 φύν
2014 2448 2019 2453 ’

417 2538 522 2588 σίν,
566 2521 852 2596 ταύτῃτοι
892 2526 1055 2594 φησὶν
1097 2526 1173 2590 ώς
1200 2544 1219 2578 ι
1256 2527 1549 2597 Στήσονται
1590 2525 1705 2596 μὲν
1733 2526 1783 2578 ol
1828 2523 1987 2586 πόδες

419 2610 607 2678 αὐτοῦ,
658 2612 816 2684 δῆλον
848 2614 906 2668 δὲ
952 2615 1032 2668 ὅτι
1076 2614 1333 2688 Χριστοῦ,
1377 2616 1437 2668 ὲν
1469 2618 1534 2687 τῇ
1576 2614 1758 2685 ήμέρᾳ
1804 2614 1988 2687 ἐκείνῃ

420 2702 513 2755 ἐπὶ
551 2702 612 2754 τὸ
653 2702 778 2774 ὅρος
809 2705 915 2757 τῶν
954 2707 1196 2760 Ἐλαιῶν.
1239 2726 1257 2759 ι
1304 2707 1378 2760 Τὸ
1403 2707 1460 2761 δὲ
1502 2706 1682 2778 ῥήξεις
1731 2711 1990 2779 ὑπομενεῖ

418 2794 709 2866 τέσσαρας,
737 2796 831 2850 δύο
869 2798 985 2867 μὲν,
1010 2800 1090 2862 είς
1116 2798 1198 2869 ήώ
1223 2816 1282 2853 τε
1308 2800 1402 2854 καὶ
1433 2800 1512 2863 είς
1534 2801 1793 2872 ἑσπέραν,
1823 2803 1990 2873 ἤγουν

422 2889 503 2953 είς
550 2887 824 2943 θάλασσαν
869 2888 1053 2959 (οὕτω
1096 2891 1206 2961 γὰρ
1253 2891 1346 2945 τὸν
1407 2892 1507 2962 τῆς
1554 2892 1791 2962 ἑσπέρας
1829 2892 1991 2945 τόπον

422 2980 716 3034 ἀποκαλεῖν
756 2981 872 3046 ἔθος
904 2984 968 3053 τῇ
1013 2982 1354 3053 θεοπνεύστῳ
1399 2984 1588 3055 Γραφῇ
1613 2984 1630 3053 )
1653 3000 1669 3017 ί
1694 2984 1763 3037 τά
1790 3000 1852 3051 γε
1886 2984 1991 3054 μὴν

423 3071 585 3142 ἐτερα
615 3070 707 3124 δύο
746 3072 1113 3127 κατανεύοντά
1141 3090 1288 3138 πως,
1334 3074 1396 3126 τὸ
1430 3074 1527 3142 μὲν
1558 3075 1636 3137 είς
1664 3073 1863 3145 ἄρκτον
1899 3075 1992 3126 καὶ

427 3163 647 3235 βορρᾶν,
676 3166 735 3218 τὸ
762 3165 818 3218 δὲ
849 3167 929 3229 είς
956 3166 1125 3237 κλῖμα
1153 3168 1215 3219 τὸ
1241 3168 1433 3222 νότιον.
1462 3168 1991 3240 Καταρραγήσεσθαι

2084 1956 2277 2026 quibus
2303 1954 2566 2023 probrose
2585 1962 2669 2005 est
2722 1948 2962 2016 habitus,
3006 1947 3154 2017 paria
3195 1961 3319 2002 cum
3382 1945 3651 2014 triumpho

2089 2050 2459 2108 remetientis.
2506 2044 2895 2101 luterfecerunt
2925 2041 3088 2105 enim,
3127 2049 3187 2094 ut
3215 2037 3349 2103 tlixi,
3377 2045 3649 2093 auctorem

2084 2149 2210 2201 vita:
2233 2140 2591 2209 “.Quouiam
2672 2152 2802 2191 vero
2856 2136 3025 2205 ipsam
3083 2141 3137 2187 et
3188 2130 3356 2187 solam
3416 2127 3651 2184 omnium

2085 2239 2324 2308 reginam
2350 2243 2592 2288 naturam
2618 2231 2770 2284 decet
2806 2241 3020 2281 omnem
3045 2223 3302 2279 orationis
3344 2220 3652 2276 facultatem

2085 2342 2142 2386 et
2212 2324 2619 2382 admirationem
2706 2316 3013 2388 superantia
3108 2312 3363 2384 praeclare
3443 2309 3656 2366 efﬁcere

2088 2433 2265 2490 posse,
2310 2418 2428 2473 ideo
2456 2411 2634 2470 dicit:
2676 2430 2694 2462 ι
2722 2409 2955 2465 Stabunt
3005 2405 3167 2474 pedes
3214 2404 3353 2474 ejus,
3398 2419 3418 2456 ι
3453 2400 3655 2457 Christi

2088 2513 2295 2581 utique,
2324 2528 2343 2561 ‹
2372 2511 2425 2564 in
2465 2510 2555 2564 die
2580 2507 2668 2563 Illa
2697 2516 2859 2575 super
2881 2506 3113 2557 montem
3166 2497 3452 2553 olivarum.
3484 2513 3504 2547 ι
3557 2491 3656 2559 Qui

2088 2611 2321 2674 quatuor
2388 2608 2640 2669 rupturas
2712 2597 2967 2667 patietur,
3018 2594 3150 2648 duas
3201 2587 3418 2661 quidem
3477 2593 3658 2657 partes

2087 2696 2355 2750 orientem
2398 2702 2455 2746 et
2474 2704 2725 2747 occasum
2749 2702 2955 2752 versus,
2984 2686 3098 2741 sive
3126 2682 3191 2736 ad
3230 2695 3378 2737 mare
3402 2679 3501 2749 (sic
3517 2678 3660 2733 enim

2091 2786 2347 2843 divinitus
2375 2783 2636 2852 inspirata
2664 2779 2943 2849 Scriptura
3015 2785 3223 2847 partem
3275 2769 3659 2829 occidentalem

2092 2878 2365 2948 appellare
2392 2872 2872 2941 consuevit),alias
2903 2868 3038 2926 duas
3061 2866 3363 2928 tendentes,
3400 2877 3561 2917 unam
3594 2861 3660 2915 ad

2092 2980 2302 3025 arctum
2331 2977 2385 3023 et
2407 2966 2733 3036 aquilonem,
2768 2963 2990 3017 alteram
3008 2961 3073 3016 ad
3101 2955 3495 3026 austrum.lpsa
3526 2966 3662 3020 quo-

2093 3076 2197 3132 que
2224 3058 2513 3116 cacumina.
2538 3057 2810 3122 diruptum
2840 3052 2905 3106 iri
2936 3052 3031 3116 ait,
3055 3058 3115 3104 ut
3138 3047 3343 3103 medias
3371 3044 3663 3100 vallesim-

2093 3154 2292 3224 pleaut,
2321 3148 2615 3221 improviso
2639 3158 2905 3202 concussa
2935 3157 3103 3212 usque
3144 3141 3211 3196 ad
3249 3138 3432 3202 Asael,
3461 3136 3575 3208 qui,
3607 3148 3666 3191 ut

424 3229 618 3307 δένκαὶ
674 3255 843 3318 αύτάς
887 3255 991 3323 ἔφη
1035 3229 1134 3319 τὰς
1185 3255 1469 3327 κορυφὰς,
1518 3256 1595 3320 ώς
1622 3229 1753 3319 ’τὰς’
1787 3229 1993 3326 μεταξὺ

2096 3245 2291 3309 fertur,
2320 3243 2473 3296 vicus
2504 3249 2588 3294 est
2617 3239 2669 3293 in
2701 3245 2947 3292 extremo
2990 3248 3207 3288 recessu
3249 3230 3444 3286 montis
3506 3229 3660 3283 situs.

428 3343 712 3416 πληρῶσαι
749 3345 1039 3416 φάραγγας
1059 3386 1073 3410 ,
1104 3347 1384 3417 ἀδοκήτως
1413 3349 1913 3419 κατασεσεισμένας
1938 3350 1996 3412 ἐς

441 3433 669 3504 ’Δσαήλο
708 3433 873 3504 κώμη
916 3435 972 3488 δὲ
1006 3434 1145 3504 αῦτη
1179 3434 1317 3506 πρὸς
1360 3435 1659 3507 ἐσχατιαῖς,
1700 3436 1777 3499 ὼς
1820 3436 1995 3505 λόγος,

427 3523 524 3578 τοῦ
559 3526 718 3597 ὅρους
752 3527 1002 3597 κειμένη.
1035 3525 1366 3598 Παρεικάζει
1408 3544 1471 3597 γε
1501 3527 1608 3598 μὴν
1630 3527 1722 3580 τὸν
1746 3520 1846 3580 ὧδε
1879 3527 1997 3581 διαρ-

429 3616 592 3690 ϐριθῆ
642 3619 873 3689 σεισμὸν»,
919 3620 999 3691 τῷ
1039 3620 1392 3692 γεγενημένῳ
1439 3620 1582 3674 κατά
1630 3617 1855 3692 καιροΰς
1901 3621 1999 3673 ἐπὶ

444 3707 639 3775 Ὀζίου,
687 3710 797 3764 τοῦ·
829 3712 922 3769 καὶ
978 3707 1251 3781 Ἀζαρίου.
1302 3712 1522 3784 Ἐπειδὴ
1569 3711 1679 3783 γὰρ
1723 3714 1850 3775 τοὺς
1901 3712 1999 3782 τῆς

433 3801 707 3871 βασιλείας
739 3802 938 3857 διέπων
968 3803 1177 3869 θώκους
1226 3808 1283 3857 ἐν
1314 3805 1427 3868 τοῖς
1463 3803 1872 3875 Ἰεροσολύμοις,
1903 3804 1998 3857 ἀτε

331 3958 335 3966 1
429 3892 631 3963 δὴριαὶ
687 3893 949 3963 ὑπάρχων
998 3897 1061 3949 ἐκ
1097 3895 1196 3964 τῆς
1247 3894 1416 3949 Ἰώδα
1462 3894 1655 3966 φυλῆς,
1699 3895 1998 3965 τετόλμηκε

432 3981 761 4052 παρανόμως
809 3982 916 4035 τῶν
971 3983 1069 4052 τῆς
1118 3983 1414 4054 ἱερωσύνης
1470 3982 1709 4051 ἅψασθαι
1756 3984 2001 4055 λειτουρ-

433 4071 587 4139 γιῶν,
621 4071 950 4143 λελέπρωται
987 4074 1085 4144 μὲν
1127 4075 1310 4139 εὐθὺς,
1354 4074 1488 4128 Θεοῦ
1526 4075 1582 4127 δὲ
1636 4076 1699 4143 δὴ
1742 4077 1862 4129 τότε
1901 4076 1999 4146 τὴν

434 4163 525 4215 ἐπὶ
574 4162 784 4225 τούτοις
824 4163 995 4234 ὀργὴν
1035 4165 1408 4235 ἐμφαίνοντος,
1453 4164 1779 4237 κατεδονήθη
1814 4165 1999 4228 δεινῶς

434 4253 540 4308 τῶν
576 4253 839 4309 Ἰουδαίων
874 4257 907 4327 ὴ
943 4257 1116 4327 χώρα,
1148 4257 1242 4309 καὶ
1274 4257 1409 4313 αὐτά
1442 4257 1499 4310 δὲ
1520 4256 1589 4310 τά
1627 4257 1995 4327 Ἱεροσόλυμα.

434 4344 543 4397 Καὶ
581 4344 656 4415 δὴ,
690 4345 781 4398 καί
833 4362 965 4414 φασι
1018 4347 1079 4398 τὸ
1126 4346 1253 4417 ὅρος
1290 4347 1350 4401 τὸ
1396 4347 1533 4401 Σιὼν
1581 4349 1830 4402 τοσοῦτον
1867 4351 1999 4402 ὑπο-

436 4436 615 4503 μεῖναι
648 4435 855 4499 κλόνον,
887 4435 963 4499 ώς
1012 4437 1242 4506 ῥαγῆναι
1294 4439 1393 4507 μὲν
1445 4440 1525 4503 είς
1569 4439 1661 4492 δύο
1711 4440 1997 4511 τμήματα,

433 4526 779 4597 ἐμφραγῆναι
841 4525 898 4581 δὲ
937 4530 1058 4590 ταῖς
1104 4530 1853 4606 παρακειμέναιςφάραγξι,
1901 4532 1998 4596 τάς

2098 3335 2389 3404 Comparat
2420 3341 2597 3385 autem
2621 3329 2763 3383 hunc
2792 3342 3010 3396 gravem
3047 3331 3410 3377 terrmmotum
3449 3317 3550 3384 illi,
3573 3319 3665 3388 qui

2101 3423 2432 3497 temporibus
2469 3420 2615 3477 Ozias
2653 3419 2768 3475 sive
2826 3415 3037 3471 Azariae
3080 3412 3323 3483 contigit.
3373 3408 3663 3477 Postquam

2099 3521 2242 3573 enim
2281 3513 2667 3585 Hierosolymis
2691 3511 2743 3565 in
2793 3510 2986 3566 throno
3011 3507 3158 3573 regni
3188 3504 3500 3569 collocatus,
3539 3508 3598 3554 ut
3636 3514 3668 3552 ο

2100 3610 2240 3663 tribu
2294 3606 2430 3661 Juda
2477 3604 2807 3676 progenitus,
2885 3598 3242 3655 ministerium
3322 3589 3661 3650 sacerdotale

2103 3700 2345 3771 improbe
2371 3713 2531 3753 ausus
2552 3695 3008 3766 capessere,lepra
3036 3690 3264 3745 foedatus
3290 3686 3508 3754 est,Deo
3528 3683 3670 3739 banc

2101 3796 2170 3849 ob
2204 3806 2424 3847 causam
2448 3805 2507 3845 se
2544 3789 2737 3843 iratum
2776 3787 3060 3857 prodente,
3104 3779 3436 3837 borribiliter
3462 3773 3669 3829 Judazo-

2103 3902 2219 3942 rum
2250 3885 2415 3955 regio,
2436 3892 2597 3953 atque
2625 3881 2787 3936 etiam
2855 3880 2965 3948 ipsa
3028 3873 3394 3944 Hierosolyma
3451 3877 3672 3925 contre-

2102 3975 2316 4030 muit".
2357 3975 2524 4028 Aiunt
2554 3974 2680 4026 item
2718 3970 2887 4039 ipsam
2916 3979 3130 4037 quoque
3171 3963 3298 4017 Sion
3327 3962 3400 4015 ita
3446 3970 3673 4027 quassa-

2104 4077 2235 4132 tam,
2264 4066 2396 4121 utin
2438 4066 2571 4119 duas
2604 4070 2786 4133 partes
2834 4061 3254 4126 dirumperetur,
3305 4063 3357 4107 et
3390 4050 3557 4104 valles
3582 4048 3671 4102 ad-

2097 4161 2341 4233 jacentes
2370 4158 2510 4227 jugis
2553 4156 2669 4224 ejus
2717 4153 3084 4223 opplerentur.
3145 4146 3248 4202 Per
3291 4141 3664 4214 hujuscemodi

2102 4261 2444 4311 terrmmotus
2480 4249 2735 4319 propheta
2767 4245 2920 4301 nobis
2952 4242 3165 4297 videtur
3198 4239 3343 4293 illum
3373 4236 3669 4297 insinuare,

2102 4360 2261 4416 quem
2296 4345 2348 4398 in
2372 4340 2669 4396 veneranda
2686 4336 3040 4395 crucifixione
3079 4333 3276 4386 factum
3334 4325 3670 4397 evangelica-

2104 4453 2222 4492 rum
2257 4435 2694 4507 przedicationum
2756 4429 2893 4484 sacri
2937 4427 3167 4493 ministri
3214 4423 3666 4476 commemorant.

2102 4529 2158 4584 In
2187 4529 2271 4583 liis
2298 4528 2459 4595 igitur
2494 4541 2614 4579 eum
2651 4538 2837 4577 casum
2885 4519 3053 4572 fusius
3087 4515 3325 4585 exponit.
3388 4510 3672 4566 Mattha’us

433 4617 697 4688 κορυφάς.
732 4618 915 4672 Ἔοικε
944 4619 1000 4673 δὲ
1028 4619 1117 4673 διὰ
1144 4619 1345 4675 τούτων
1381 4624 1513 4693 ἡμῖν
1543 4624 1572 4675 ό
1596 4625 1882 4695 προφήτης
1908 4625 1998 4679 τὸν

2104 4619 2540 4690 sapientissimus
2569 4612 2893 4668 breviterita
2946 4618 3167 4664 narrat:
3205 4624 3225 4659 ι
3264 4605 3423 4661 Jesus
3485 4611 3669 4657 autem

434 4710 655 4780 σεισμὸν
684 4709 1005 4782 ύποδηλοῦν,
1034 4710 1092 4765 ὃν
1121 4712 1178 4766 ἐν
1200 4713 1279 4783 τῷ
1312 4691 1479 4785 τιμίῳ
1515 4691 1733 4787 σταυρῷ
1767 4691 2000 4788 γεγενῆ-

2104 4715 2301 4768 iterum
2321 4709 2563 4767 clamans
2600 4720 2726 4760 voce
2780 4720 2993 4771 magna,
3054 4699 3237 4770 emisit
3274 4696 3547 4766 Spiritum.
3594 4691 3663 4751 Et

433 4800 557 4855 σθαί
588 4818 751 4872 φασιν
775 4804 823 4856 oi
860 4803 969 4858 τῶν
994 4804 1364 4874 εὐαγγελικῶν
1389 4806 1761 4878 κηρυγμάτων
1787 4810 1931 4879 ἱερου
1939 4826 1999 4877 ρο

2103 4804 2279 4857 velum
2302 4799 2483 4871 templi
2518 4800 2745 4852 scissum
2779 4805 2863 4849 est
2904 4809 2932 4845 a
2959 4805 3169 4847 summo
3198 4802 3370 4857 usque
3394 4789 3695 4849 deorsum,“

430 4894 537 4962 γοί.
589 4895 933 4966 Πλατύτερον
989 4898 1088 4968 μέν
1143 4894 1235 4953 οὖν
1284 4900 1342 4952 ἐν
1387 4898 1596 4965 τούτοις
1639 4902 1669 4953 ό
1713 4904 1999 4973 προφήτης

2104 4894 2280 4969 798»
2298 4904 2353 4949 et
2383 4902 2524 4947 terra
2551 4901 2691 4943 mota
2723 4899 2827 4952 est,
2855 4894 2908 4939 et
2955 4893 3122 4952 petrae
3188 4879 3371 4934 scissae
3405 4884 3579 4945 sunt,‘
3614 4883 3672 4928 et

428 4986 794 5057 διαμέμνηται
816 4989 910 5042 τοῦ
940 4989 1364 5061 συμϐεϐηκότος.
1415 4992 1474 5044 '0
1504 4991 1562 5043 δέ
1589 5008 1653 5060 γε
1684 4990 1999 5062 σοφώτατος

2101 4996 2448 5045 tnonumenta
2473 4992 2659 5054 aperta
2681 4990 2829 5045 sunt,
2854 4987 2907 5033 et
2936 4974 3101 5030 multa
3118 4985 3345 5038 corpora
3359 4976 3669 5034 sanctorum

430 5055 563 5146 ἡμῖν
599 5055 887 5142 ήΜατθαῑος
929 5055 1352 5150 ὲπίτεμνόμενος
1387 5080 1485 5151 τὴν
1534 5055 1809 5153 ἀφήγησιν
1852 5055 1995 5136 οὕτω

2105 5080 2196 5150 qui
2224 5078 2551 5135 dormierant
2598 5064 2956 5127 surrexerunt
2981 5066 3049 5119 ⁸⁸.
3118 5083 3136 5117 ›
3169 5062 3236 5116 Et
3298 5058 3554 5129 quoniam
3584 5055 3668 5110 his

431 5163 615 5236 φησίν·
656 5185 675 5219 ι
698 5166 756 5221 '0
786 5168 846 5221 δὲ
888 5167 1092 5239 Ἰησοῦς
1142 5170 1302 5223 πάλιν
1332 5169 1537 5240 κράξας
1568 5173 1718 5241 φωνῇ
1748 5172 1992 5242 μεγάλῃ,

2104 5185 2225 5242 qua:
2246 5160 2936 5237 contigeruntprobabilem
2971 5161 3237 5212 rationem
3279 5161 3467 5220 aptare
3504 5162 3670 5225 ope;-

429 5256 610 5328 ἀφῆκε
651 5258 711 5312 τὸ
762 5258 997 5332 πνεῦμα.
1043 5261 1153 5316 Καὶ
1196 5261 1306 5316 ἰδοὺ
1350 5262 1413 5315 τὸ
1463 5264 1871 5333 καταπέτασμα
1899 5264 1992 5317 τοῦ

2104 5271 2202 5328 tet,
2227 5271 2406 5331 petras
2422 5260 2667 5328 diruptas
2688 5266 2741 5309 et
2774 5253 2939 5307 valles
2955 5250 3238 5314 obturatas
3288 5259 3407 5300 esse
3456 5242 3668 5297 videtur

429 5349 561 5403 ναοῦ
594 5351 817 5423 ἐσχίσθη
863 5354 943 5416 είς
985 5351 1096 5418 δύο,
1126 5354 1235 5407 ἀπὸ
1262 5353 1467 5407 ἄνωθεν
1495 5354 1600 5419 ἓως
1631 5354 1803 5419 κάτω,
1836 5357 1929 5411 καὶ
1963 5358 1997 5425 ἡ

428 5442 501 5509 γῆ
546 5440 782 5509 ἐσείσθη,
813 5444 906 5499 καὶ
936 5446 992 5497 αἱ
1022 5444 1219 5517 πέτραι
1257 5445 1604 5517 ἐσχίσθησαν,
1632 5447 1725 5498 καὶ
1760 5447 1828 5507 τὰ
1860 5463 1997 5517 μνη-

436 5533 563 5601 μεῖα
594 5531 963 5605 ἀνεῴχθησαν,
1001 5538 1094 5591 καὶ
1135 5536 1306 5599 πολλά
1337 5536 1565 5608 σώματα
1589 5538 1698 5591 τῶν
1737 5555 2000 5609 κεκοιμη-

441 5623 619 5692 μένων
649 5624 817 5692 ἁγίων
845 5626 1072 5697 ήγέοθη.
1112 5647 1131 5681 ›
1152 5628 1367 5699 Ἐπειδὴ
1396 5630 1451 5682 δὲ
1481 5629 1585 5699 χρὴ
1616 5632 1727 5694 τοῖς
1750 5631 1998 5699 γεγονόσι

2099 5353 2494 5425 quodammodo
2523 5348 2825 5419 signiﬁcare
2889 5344 3216 5408 Judaeqrum,
3237 5333 3668 5403 obcmcationem,

2098 5423 2152 5503 et
2177 5446 2585 5503 idololatrarum
2613 5443 2678 5495 ad
2710 5438 2965 5494 salutaria
2988 5432 3409 5490 festinationem.
3439 5425 3505 5482 lli
3522 5423 3675 5481 enim.

2098 5554 2218 5596 cum
2253 5548 2531 5595 creaturae
2573 5534 2752 5604 potius
2801 5532 3085 5601 servirent.
3117 5542 3278 5601 quam
3326 5520 3571 5580 Creatori
3595 5518 3671 5584 δ’,

2100 5630 2248 5685 velut
2286 5629 2556 5699 lapideum
2583 5642 2675 5681 cor
2696 5626 2994 5692 durumque
3019 5629 3074 5676 et
3133 5615 3447 5681 inﬂexibile,
3505 5621 3577 5671 et.
3614 5610 3674 5667 ln

515 5805 558 5849 ⁸)
582 5805 768 5862 Matth.
801 5822 934 5874 xm,
964 5806 999 5859 2
1026 5823 1177 5883 seqq.
1254 5812 1299 5842 ⁴⁶
1321 5811 1437 5868 Act.
1467 5828 1522 5868 Ill
1580 5814 1661 5870 lS.
1743 5816 1781 5845 δ’
1806 5813 2002 5873 lLPara

2089 5829 2230 5881 mm,
2268 5810 2451 5869 16-21.
2534 5808 2575 5869 δε
2608 5807 2793 5872 Matth.
2826 5820 2994 5877 xxvu,
3032 5801 3222 5873 50-52,
3265 5801 3309 5834 δ’
3327 5798 3488 5870 Rom.
3515 5814 3552 5865 ι,
3579 5794 3671 5871 2,5.
