4120 6376
449 387 550 444 ἳίῖ

1435 383 1492 436 S.
1533 381 1817 442 CYIULILI,
1851 380 2320 438 ALEXANDRINI
2357 379 2674 438 ABCHIEP.

3571 379 3676 437 248

448 515 650 554 morem
687 478 954 567 petrarum
991 499 1164 552 nullos
1216 498 1422 553 fructus
1457 495 1798 557 merentium
1833 497 2003 551 habe-

2106 491 2330 547 πιθανὺν
2397 493 2708 564 ἐφαρμόσαι
2774 491 2965 557 λόγον,
3031 490 3207 544 ἔοικεν
3271 490 3568 562 ὑποδηλοῦν
3615 491 3679 546 τὺ

447 583 592 646 bant.
627 589 732 645 Sed
762 589 903 643 enim
931 589 1056 659 quid
1082 589 1300 658 deipsis
1338 589 1478 645 Deus
1517 604 1614 659 per
1657 588 2000 643 Ezechielem

449 682 562 736 ait?
603 700 622 733 ι
661 680 724 734 Ει
751 680 989 734 auferam
1015 695 1109 734 cor
1139 681 1406 750 lapideum
1433 683 1499 734 de
1516 693 1682 734 carne
1710 693 1920 742 eorum,
1951 687 2008 734 et

446 772 586 825 dabo
621 772 748 840 ipsis
802 786 896 824 cor
934 784 1208 835 corneum,
1266 780 1324 823 ut
1376 777 1711 839 cognoscant
1759 783 1844 822 me
1870 769 1942 820 ⁸ο.
1981 787 2000 818 ι

446 864 624 917 Scissa
647 873 771 916 sunt
801 863 961 928 igitur
984 862 1144 916 corda
1167 863 1496 927 errantium,
1513 860 1621 915 Deo
1646 859 2004 929 expandente,

443 953 816 1008 ntsalutil'erae
849 954 1249 1023 prmdicationis
1307 967 1614 1006 sermonem
1669 951 2003 1019 exciperent.

447 1043 634 1098 Simile
672 1045 926 1113 quiddam
959 1043 1263 1099 subindicat
1299 1059 1395 1114 per
1421 1036 1758 1102 Jeremiam':
1792 1058 1812 1092 ι
1860 1040 2010 1094 Nom.

444 1149 515 1190 ne
545 1135 705 1188 verba
731 1151 845 1190 mea
875 1137 1014 1190 sicut
1063 1136 1201 1204 ignis
1248 1137 1598 1200 comburens,
1626 1132 1757 1187 dicit
1818 1130 2006 1185 Domi-

445 1241 569 1292 nus,
610 1235 663 1280 et
693 1227 832 1281 sicut
854 1227 1061 1280 securis
1093 1225 1335 1280 incidens
1361 1235 1565 1296 petram
1587 1223 1666 1277 5'?
1689 1241 1815 1274 )——¢
1841 1222 2008 1276 Vivus

443 1329 527 1375 est
557 1318 698 1372 enim
727 1333 904 1372 sermo
934 1318 1048 1383 Dei,
1073 1325 1125 1372 et
1169 1316 1379 1382 efﬁcax,
1416 1325 1472 1370 et
1521 1315 1587 1369 ad
1617 1313 2006 1384 penetrandum

443 1411 788 1466 acutissimus
809 1411 874 1465 ⁸³.
912 1429 930 1462 ι
956 1410 1218 1476 Quocirca
1259 1409 1514 1463 discissas
1539 1421 1656 1461 esse
1681 1415 1886 1476 petras,
1915 1419 2007 1457 ar-

443 1511 755 1570 gumentum
788 1501 991 1556 clarum
1014 1499 1377 1554 contentionis
1402 1499 1468 1551 ad
1507 1506 1715 1552 statum.
1768 1497 2006 1551 sanctio-

443 1609 555 1646 rem
585 1608 768 1648 eorum
799 1591 890 1662 qui
923 1601 1247 1646 erraverunt
1272 1604 1391 1644 esse
1415 1597 1610 1658 potest,
1641 1596 1700 1642 ut
1733 1588 1868 1644 dixi.
1895 1586 2006 1643 Ob-

443 1694 648 1737 turatas
674 1693 849 1736 autem
869 1698 987 1737 esse
1019 1682 1204 1749 valles,
1236 1679 1542 1736 Iudaeorum
1572 1679 1864 1733 cmcitatem
1918 1677 2005 1731 in-

441 1777 638 1838 sinuat,
677 1776 923 1830 utdocui.
959 1773 1232 1842 Ejusmodi
1265 1772 1406 1827 enim
1449 1772 1705 1842 quiddam
1739 1769 2008 1838 reperitur

2107 584 2590 657 καταρῤήγνυσθαι
2641 582 2742 653 μὲν
2772 580 2870 646 τὰς
2901 581 3126 652 πέτρας,
3175 580 3582 652 ἐμφράττεσθαι
3621 583 3678 636 δὲ

2105 679 2205 743 τὰς
2251 680 2543 750 φάραγγας
2587 679 2696 748 τήν,
2731 695 2792 731 τε
2823 676 2933 730 τῶν
2981 676 3250 730 Ἰουδαίων
3293 673 3547 746 πώρωσιν
3585 675 3681 729 καὶ

2105 771 2203 842 τὴν
2230 769 2339 824 τῶν
2371 772 2485 834 τοῖς
2513 768 2758 835 εἰδώλοις
2794 767 3232 840 λελατρευκότων
3269 768 3348 831 είς
3376 766 3438 820 τὸ
3461 766 3680 836 ἄμεινον

2110 862 2473 933 μεταδρομήν.
2523 862 2586 915 Oi
2645 861 2743 931 μὲν
2790 860 2900 930 γὰρ
2933 861 2998 932 τῇ
3030 860 3203 914 κτίσει
3240 858 3389 930 παρὰ
3431 857 3522 912 τὸν
3568 857 3683 912 κτί-

2108 970 2275 1007 σαντα
2301 953 2795 1024 προσκυνήσαντες,
2821 952 3028 1022 λιθίνην
3057 951 3245 1024 ῶσπερ
3285 951 3550 1022 ἐσχήκασι
3583 950 3682 1020 τὴν

2107 1045 2352 1115 καρδίαν,
2403 1043 2644 1114 σκληρὰν
2672 1061 2731 1097 τε
2779 1044 2874 1096 καὶ
2906 1042 3191 1110 ἄτεγκτον,
3233 1043 3327 1096 καὶ
3360 1043 3585 1113 πέτραις
3622 1043 3694 1094 ἐν..

2109 1134 2220 1206 ἴσῳ,
2254 1138 2378 1198 ταῖς
2436 1134 2648 1204 καρπὸν
2688 1134 2942 1204 ἐχούσαις
2991 1134 3199 1187 οὐδένα.
3233 1133 3393 1187 Ἀλλὰ
3439 1134 3491 1187 τί
3550 1134 3680 1204 περὶ

2107 1227 2288 1281 αὐτῶν
2335 1227 2439 1296 ἔφη
2489 1227 2648 1290 Θεὸς,
2704 1226 2792 1280 διὰ
2833 1227 3015 1295 φωνῆς
3054 1223 3340 1296 Ἰεζεχιήλ;
3387 1245 3405 1275 ι
3439 1225 3549 1279 Καὶ
3591 1225 3679 1276 ἐκ-

2109 1321 2300 1374 σπάσω
2327 1321 2426 1390 τὴν
2453 1318 2679 1390 καρδίαν
2703 1318 2882 1372 αὐτῶν
2903 1318 3002 1388 τὴν
3030 1316 3239 1388 λιθίνην
3261 1317 3325 1370 ἐκ
3353 1315 3450 1387 τῆς
3478 1315 3678 1385 σαρκὸς

2107 1414 2305 1476 αὐτῶν,
2340 1414 2434 1467 καὶ
2458 1411 2614 1466 δώσω
2642 1412 2829 1475 αὐτοῖς
2855 1409 3097 1481 καρδίαν..
3117 1409 3382 1480 σαρκίνην
3416 1407 3511 1461 τοῦ
3541 1407 3688 1460 είδέ-.

2107 1520 2194 1556 ναι
2242 1502 2441 1565 αὐτοὺς
2470 1500 2591 1570 ἐμέ.
2633 1518 2652 1552 ι
2693 1498 2900 1554 Οὐκοῦν
2929 1497 3256 1569 ἐσχίσθησαν
3299 1499 3353 1550 αἱ
3400 1496 3507 1550 τῶν
3540 1497 3676 1550 πλα-

2107 1592 2362 1662 νωμένων
2397 1592 2649 1662 καρδίαι,
2685 1589 2819 1645 Θεοῦ
2850 1590 3291 1652 διαπτύσσοντος,
3334 1588 3423 1642 ἵνα
3455 1589 3546 1642 τὸν
3582 1587 3676 1641 τοῦ

2110 1683 2375 1753 σωτηρίου
2418 1682 2775 1754 κηρύγματος
2825 1681 3212 1753 παραδέξοιντο
3254 1680 3430 1748 λόγον.
3478 1679 3588 1734 Καί
3626 1696 3679 1742 τι

2104 1774 2350 1828 τοιοῦτον
2378 1775 2634 1844 ὑποδηλοί
2659 1775 2750 1828 διὰ
2778 1774 2962 1844 φωνῆς
2995 1773 3258 1844 Ἱερεμίου
3283 1773 3456 1841 λέγων
3476 1789 3491 1803 ·
3519 1791 3537 1823 ι
3569 1772 3680 1841 Οὐχ

441 1867 579 1932 apud
602 1868 839 1920 divinum
869 1868 1065 1930 lsaiam
1095 1883 1110 1920 ι
1151 1885 1169 1918 ι
1210 1865 1278 1920 Et
1333 1865 1436 1918 erit
1461 1864 1513 1917 in
1540 1863 1626 1917 die
1648 1863 1758 1925 illa,
1786 1859 2005 1915 conelu-r

2106 1869 2153 1921 οἱ
2190 1866 2338 1934 λόγοι
2385 1883 2487 1937 μου
2529 1866 2605 1930 ὡς
2638 1866 2749 1937 πῦρ
2781 1866 2999 1935 φλέγον,
3029 1866 3178 1936 λέγει
3204 1866 3407 1937 Κύριος
3427 1906 3441 1928 ,
3470 1866 3565 1918 καὶ
3603 1866 3680 1928 ὠς

440 1959 531 2012 det
573 1956 880 2012 Dominusa
919 1958 1062 2012 fossa
1101 1956 1340 2020 llurnims
1390 1970 1560 2025 usque
1616 1956 1682 2009 ad
1733 1954 2004 2008 Rhinoce-

441 2065 498 2102 ιιι
525 2049 605 2100 ἠε
639 2068 657 2100 ι
693 2050 743 2102 id
781 2059 882 2115 est,
932 2049 1273 2106 obturabitur
1329 2049 1568 2102 omnium
1641 2060 1739 2113 per
1768 2044 2005 2103 Judaam

442 2158 613 2206 mens,
651 2161 667 2192 ι
707 2142 775 2196 Ut
799 2143 1039 2196 videntes
1061 2155 1166 2194 non
1194 2140 1431 2206 videant,
1459 2148 1514 2193 et
1548 2139 1826 2193 audientes
1895 2151 2001 2198 non

441 2234 682 2299 audiant,
727 2249 898 2302 neque
928 2232 1312 2302 intelligant”.
1348 2250 1367 2282 ι
1407 2260 1476 2271 -
1509 2249 1528 2282 ι
1566 2228 1823 2287 Yelamen
1859 2229 2004 2284 enim

441 2339 605 2392 super
642 2338 736 2376 cor
761 2338 946 2377 eorum
975 2325 1207 2392 positum
1242 2332 1344 2387 est,
1383 2342 1401 2374 ι
1437 2323 1581 2377 sicut
1603 2323 1868 2391 scriptum
1898 2331 2004 2385 est,

442 2416 495 2469 in
521 2415 751 2469 lectione
789 2412 1002 2469 Veteris
1042 2413 1376 2477 'lZestamenti
1397 2415 1465 2468 ⁸⁸.
1491 2413 1802 2468 Tremuisse
1827 2422 2006 2466 autem

441 2517 748 2571 terram,ex
772 2506 874 2559 alia
902 2521 959 2560 re
995 2506 1045 2560 in
1095 2506 1252 2560 aliam
1321 2506 1723 2571 transitionem,
1755 2515 1814 2559 ut
1855 2513 2006 2574 puto,

439 2597 1005 2667 signiﬁcaverit..llinc
1031 2597 1242 2652 divinus
1268 2597 1431 2652 David
1450 2597 1770 2652 exclamavit
1799 2613 1814 2649 :
1845 2614 1864 2647 ι
1905 2595 2006 2662 Qui

441 2691 597 2744 sedes
621 2704 782 2758 super
809 2689 1120 2755 Cherubim,
1157 2699 1438 2747 moveatur
1463 2695 1609 2752 terra
1623 2687 1689 2740 ⁸⁸.
1726 2706 1745 2739 ι
1777 2686 1889 2741 Nec
1912 2701 2007 2741 vo-

439 2781 617 2835 lumus
655 2798 775 2835 eum
828 2791 1090 2837 terrarum
1119 2783 1302 2837 orbem
1336 2798 1432 2837 sua
1461 2781 1600 2836 mole
1643 2793 1922 2849 corporea,
1953 2789 2010 2834 et

437 2879 498 2926 ut
531 2875 796 2928 sentiatur
858 2875 1057 2927 moveri
1114 2883 1169 2928 et
1223 2874 1434 2929 concuti
1469 2873 1694 2943 jubere:
1728 2882 1812 2928 est
1843 2873 2009 2942 siqui-

439 2963 561 3019 dem
589 2981 675 3020 res
699 2965 919 3032 usitata,
945 2980 1044 3020 nec
1062 2965 1216 3020 nobis
1237 2967 1530 3035 quidquam
1554 2965 1802 3020 utilitatis
1825 2964 2002 3030 alfert,

2108 1955 2274 2020 πέλυξ
2293 1994 2308 2019 ,
2342 1956 2561 2009 κόπτων
2589 1955 2796 2027 πέτραν
2818 1971 2834 2021 ;
2855 1975 2875 2007 ι
2906 1985 2978 1994 -—
3010 1972 3028 2006 ι
3066 1955 3182 2009 Ζῶν
3211 1954 3317 2025 γὰρ
3341 1954 3369 2006 ὁ
3390 1953 3545 2020 λόγος
3584 1950 3693 2015 τοῦ,

2105 2047 2275 2112 Θεοῦ,
2319 2049 2415 2101 καὶ
2461 2048 2712 2118 ἐνεργὴς,
2765 2047 2860 2100 καὶ
2892 2048 3226 2118 τομώτατος.
3263 2064 3283 2096 ι
3317 2045 3557 2109 Οὐκοῦν,
3601 2043 3679 2108 ὡς

2105 2137 2262 2208 ἔφην,
2289 2139 2389 2209 τῆς
2422 2141 2503 2202 είς
2541 2139 2604 2192 τὺ
2634 2138 2860 2209 ἄμεινον
2894 2137 3238 2209 μεταδῳμῆς
3262 2137 3369 2190 τῶν
3399 2136 3688 2204 πεπλανη-.

2110 2231 2287 2302 μένων
2329 2234 2555 2302 σημεῖον
2583 2231 2650 2284 ἂν
2679 2231 2912 2300 γένοιτο,
2939 2231 3035 2284 καὶ
3064 2231 3210 2302 μάλα
3238 2229 3426 2298 σαφὲς,
3455 2227 3516 2281 τὺ
3537 2226 3692 2298 διερτ.

2109 2321 2304 2392 ρἦθαι
2350 2323 2449 2386 τὰς
2498 2322 2726 2394 πέτρας.
2777 2322 2850 2374 Τό
2896 2338 2960 2390 γε
3001 2321 3108 2394 μὴν
3151 2319 3534 2392 ἐμπεφράχθαι
3582 2318 3681 2380 τὰς

2074 2415 2416 2486 ’φάραγγας,
2453 2414 2551 2486 τὴν
2591 2415 2700 2466 τῶν
2754 2414 3025 2468 Ἰουδαίων
3077 2413 3354 2486 πώρωσιν,
3401 2413 3476 2476 ὼς
3523 2411 3691 2481 ἔφην,-

2108 2506 2393 2576 ὑποδηλοῖ.-
2429 2507 2573 2576 Ἔφη
2623 2508 2732 2578 γάρ
2781 2524 2833 2561 τι
2883 2505 3125 2561 τοιοῦτον
3168 2506 3264 2560 καὶ
3315 2506 3345 2558 ὀ
3395 2502 3692 2566 θεσπέσιος,

2118 2601 2368 2664 Ἡσαΐας·
2393 2621 2410 2652 ι
2437 2603 2545 2655 Καὶ
2573 2599 2726 2654 ἔσται
2754 2604 2812 2656 ὲν
2840 2605 2907 2674 τῇ
2939 2602 3124 2673 ἡμέρᾳ
3158 2601 3341 2676 ἐκείνῃ
3376 2598 3694 2671 συμιρράξεει,¹

2109 2693 2318 2763 Κύριος
2355 2693 2462 2746 ἀπὸ
2504 2693 2599 2746 τοῦ
2637 2692 2901 2764 διώρυχος
2937 2693 3032 2746 τοῦ
3078 2692 3327 2763 ποταμοῦ
3365 2692 3470 2755 ἓως
3513 2692 3684 2744 Ῥινο-

2108 2784 2342 2853 κούρων,
2379 2801 2399 2835 ι
2431 2783 2730 2850 τουτέστιν,
2757 2785 3207 2857 ἐμφραχθήσεται
3245 2784 3354 2840 τῶν
3375 2783 3479 2838 ἀνὰ
3502 2786 3699 2838 πᾶσαν,

2105 2874 2204 2946 τὴν
2241 2875 2504 2929 Ἰουδαίαν
2550 2875 2579 2927 ὁ
2617 2875 2761 2940 νοῦς,
2795 2895 2815 2928 ‹
2849 2877 2966 2930 Ἵνα
2999 2876 3283 2948 βλέποντες
3313 2876 3386 2947 μὴ
3423 2874 3678 2945 βλέψωσι,

2107 2967 2202 3020 καὶ
2256 2965 2545 3030 ἀκούοντες
2600 2967 2675 3038 μὴ
2731 2967 3038 3032 ἀκούσωσι,
3091 2967 3226 3038 μηδέ
3270 2967 3510 3020 συνιῶσι.
3552 2984 3571 3017 ι
3612 2993 3696 3017 -.

439 3059 532 3110 sed
555 3057 682 3110 illud
706 3057 882 3126 potius
909 3056 1211 3126 postulasse
1233 3071 1347 3123 eos,
1415 3066 1472 3110 ut
1523 3057 1714 3127 spiritu
1753 3057 2004 3126 repletos,

2112 3078 2133 3109 ι
2165 3058 2442 3130 κάλυμμα
2483 3059 2591 3131 γὰρ
2647 3061 2740 3113 ἐπὶ
2791 3059 2890 3131 τὴν
2930 3059 3159 3132 καρδίαν
3197 3058 3376 3114 αὐτῶν
3421 3059 3616 3121 κεῖται,
3655 3073 3688 3108 ι.

443 3149 595 3216 quasi
619 3147 904 3202 transferri
927 3157 1126 3202 terram
1159 3164 1226 3204 ex
1245 3149 1389 3202 cultu
1416 3148 1674 3202 idolorum
1702 3148 1769 3202 ad
1811 3163 2005 3218 cogno-

2109 3151 2251 3206 καθὰ
2297 3151 2640 3222 γέγραπται,
2685 3152 2777 3204 ἐπὶ
2822 3154 2891 3223 τῇ
2939 3148 3241 3219 ἀναγνώσει
3288 3149 3390 3218 τῆς
3439 3148 3696 3213 Παλαιᾶςη

437 3240 692 3294 scendum
727 3239 1075 3309 imposterum
1122 3255 1243 3294 eum
1272 3241 1361 3309 qui
1413 3249 1496 3293 est
1534 3250 1723 3294 natura
1762 3248 1820 3294 et.
1877 3253 2002 3293 vere

2106 3241 2396 3312 Διαθήκης.
2425 3240 2497 3294 Τὸ
2519 3241 2578 3295 δέ
2605 3259 2668 3311 γε
2710 3243 2998 3313 σεισθῆναι.
3024 3243 3124 3313 τὴν
3149 3242 3274 3311 γῆν,
3309 3239 3684 3311 ὑπεμφήνειεν

445 3327 633 3384 Deus:
667 3337 721 3383 et
751 3345 819 3384 ex
863 3345 1024 3384 sensu
1067 3329 1246 3384 carnis
1294 3330 1360 3384 ad
1419 3331 1746 3384 voluntatem
1796 3329 2004 3383 vivendi

2106 3333 2195 3400 ἂν,
2221 3328 2374 3403 οἶμαί
2407 3349 2513 3386 που
2533 3372 2547 3395 ,
2576 3333 2676 3402 τὴν
2711 3331 2770 3398 ἐξ
2798 3335 2988 3404 ἐτέρου
3021 3334 3344 3405 πράγματος
3379 3333 3459 3393 είς
3495 3331 3682 3402 ἔτερόν

435 3423 811 3490 spiritualiter,
842 3431 917 3487 et,
949 3431 1006 3476 ut
1028 3424 1333 3476 summatim
1354 3422 1549 3484 dicam,
1579 3437 1608 3474 a
1665 3422 1896 3476 terrenis
1939 3421 2005 3473 ad

2106 3440 2160 3476 τι
2191 3423 2543 3493 μετάστασιν.
2575 3425 2684 3478 Καὶ
2724 3423 2854 3494 γοῦν
2885 3429 2913 3479 ὁ
2942 3424 3226 3489 θεσπέσιος
3269 3422 3436 3477 Δαϐὶδ
3481 3422 3687 3477 ἀνακέ-.

437 3512 702 3568 caelestia.
725 3513 875 3578 Quod
910 3513 1129 3581 insuper
1173 3520 1516 3572 monumenta
1562 3525 1746 3567 eorum
1771 3512 1860 3580 qui
1887 3511 2005 3566 dor-

2106 3529 2278 3584 κραγε
2321 3512 2528 3582 λέγων·
2580 3533 2598 3564 ι
2637 3513 2695 3568 '0
2741 3514 3049 3584 καθήμενος
3091 3516 3182 3567 ἐπὶ
3225 3512 3334 3566 τῶν
3376 3511 3678 3583 Χερουϐὶμ,

439 3606 678 3661 mierant
706 3615 887 3673 aperta
924 3605 1091 3659 fuisse
1119 3605 1270 3668 dicit,
1302 3605 1532 3660 dicimus
1581 3604 1752 3673 ipsam
1789 3617 2000 3672 quoque

2113 3603 2434 3674 σαλευθήτω,,
2455 3605 2489 3675 ὴ
2525 3604 2621 3675 γῆ.
2657 3623 2676 3655 ι
2707 3605 2819 3659 Καὶ
2848 3604 3028 3660 οὐκέτι
3056 3604 3159 3658 πού
3198 3620 3376 3674 φαμεν
3400 3603 3475 3666 ώς
3513 3618 3692 3657 κατα·..

434 3709 662 3752 mortem
700 3697 1172 3769 Christo'799in
1207 3713 1369 3752 carne
1390 3713 1487 3767 pro
1538 3695 1693 3753 nobis
1716 3695 2002 3764 dispensa-

2110 3693 2376 3748 δονεῖσθαι
2426 3694 2752 3766 σωματικῶς
2813 3713 2872 3752 τε
2921 3696 3016 3749 καὶ
3061 3694 3330 3766 αἰσθητῶς
3378 3694 3688 3766 παρακαλεέ

439 3789 576 3841 turie
602 3797 812 3842 mortuo
840 3801 1148 3858 superatam
1174 3789 1367 3853 videri,
1398 3806 1417 3840 ι
1457 3788 1527 3841 Et
1559 3797 1618 3840 ut
1657 3786 1902 3840 vivorum
1952 3795 2005 3839 et

2110 3784 2208 3857 τὴν
2249 3786 2338 3839 ὑπ’
2377 3786 2636 3858 οὐρανόν·
2683 3786 2916 3859 σύνηθες
2956 3787 3062 3859 γὰρ
3089 3787 3150 3841 τὸ
3177 3787 3386 3858 χρῆμα,
3419 3787 3514 3840 καὶ
3535 3785 3696 3839 οὑδε-.

439 3889 772 3935 mortuorum
805 3881 1112 3936 dominetur
1137 3881 1203 3934 ⁸⁷.
1247 3900 1274 3933 ι,

2121 3877 2249 3948 μίαν
2297 3881 2428 3950 ἡμῖν
2471 3879 2659 3935 ποιοῦν
2700 3883 2800 3952 τὴν
2845 3881 3066 3954 δνησινο
3115 3884 3290 3937 ἐκεῖνο
3337 3881 3395 3935 δὲ
3443 3880 3678 3952 μᾶλλον

436 3973 621 4045 ἠξίουν
650 3975 756 4046 γὰρ
789 3975 864 4039 ὡς
893 3976 1348 4047 τνευματοφόροι,
1398 3969 1507 4029 οἷον
1541 3974 1896 4044 μεθίστασθαι
1935 3973 2033 4044 τὴν
2073 3974 2174 4043 νῆν
2199 3977 2262 4028 ἐκ
2325 3974 2418 4028 τοῦ
2459 3974 2740 4046 λατρεύειν
2781 3975 3021 4040 εἰδώλοις
3063 3976 3157 4029 ἐπί
3183 3975 3243 4030 τὸ
3268 3976 3465 4031 εἰδέναι
3499 3975 3694 4035 λοιπὸν,

437 4065 529 4117 τὸν
562 4065 719 4134 φύσει
749 4083 806 4118 τε
848 4068 940 4119 καί
971 4066 1186 4138 ἀληθῶς
1224 4067 1350 4130 ὅντα
1387 4065 1540 4130 Θεὸν,
1578 4065 1641 4118 ἐκ
1699 4063 1794 4117 τοῦ
1855 4066 2072 4134 φρονεῖν
2108 4064 2175 4116 τὰ
2221 4064 2444 4135 σαρκὸς,
2493 4065 2594 4122 ἐπὶ.
2630 4064 2691 4117 τὸ
2733 4064 2832 4136 ζῇν
2881 4065 3086 4130 ἐθέλειν
3144 4066 3550 4136 πνευματικῶς,
3588 4061 3696 4126 καὶ,

439 4155 771 4219 ἁπαξαπλῶς
800 4156 906 4210 ἀπὸ
937 4156 1045 4210 τῶν
1091 4158 1344 4226 ἐπιγείων
1388 4158 1466 4220 είς
1495 4157 1564 4211 τὰ
1592 4156 1905 4227 ἐπουράνια.
1940 4155 2004 4208 Ei
2040 4154 2096 4207 δὲ
2124 4155 2187 4225 δὴ
2214 4156 2306 4210 καὶ⁵
2366 4155 2505 4209 αὐτὰ
2530 4156 2641 4209 τῶν
2701 4157 3118 4228 κεκοιμημένων
3159 4159 3427 4231 ἀνεῷχθαι
3457 4160 3523 4214 τὰ
3549 4161 3681 4232 μνή-

442 4270 588 4323 ματα
617 4253 782 4321 λέγει,
829 4253 1007 4324 φαμὲν
1049 4254 1130 4307 ὅτι
1173 4254 1266 4306 καὶ
1300 4253 1462 4307 αὐτὸν
1495 4252 1600 4305 ἔδει
1637 4251 1729 4304 τδν
1766 4251 1996 4304 θάνατον
2033 4250 2261 4320 ὁρᾶσθαι
2322 4251 2699 4322 νενικημένον,
2769 4252 3130 4316 ἀποθανόντος
3154 4252 3391 4324 Χριστοῦ
3421 4255 3584 4325 σαρκὶ
3613 4253 3682 4306 δι’

437 4348 584 4415 ἡμᾶς
631 4346 1004 4416 οἰκονομικῶς,
1041 4364 1066 4398 ι
1109 4346 1224 4398 Ἵνα
1267 4346 1359 4399 καὶ
1407 4346 1614 4415 νεκρῶν
1657 4347 1751 4396 καὶ
1797 4342 2013 4408 ζώντων
2054 4343 2336 4415 κυριεύσῃ.
2377 4363 2395 4395 ι

516 4441 670 4495 Vens.
707 4441 760 4500 6,
796 4441 849 4494 7.
895 4440 960 4494 Et
1011 4442 1172 4494 veniet
1230 4439 1485 4493 Dominus
1538 4437 1702 4504 Deus,
1734 4450 1781 4492 et
1825 4453 2001 4491 omnes

2176 4437 2284 4492 Kal
2307 4435 2440 4503 ἣξει
2461 4438 2673 4506 Κύριος
2699 4441 2732 4492 ὁ
2757 4439 2918 4504 Θεὸς,
2939 4437 3039 4493 καί
3061 4438 3283 4505 πάντες
3303 4441 3359 4493 οἱ
3385 4439 3537 4508 ἅγιοι
3552 4425 3683 4509 μετ’

438 4533 608 4585 sancti
635 4549 749 4584 cum
781 4539 871 4584 eo.
897 4530 962 4584 In
993 4533 1087 4583 illa
1121 4533 1204 4584 die
1233 4537 1451 4587 nouerit
1481 4530 1594 4596 lux,
1619 4531 1706 4584 sed
1731 4530 1921 4600 frigus,
1954 4540 2000 4582 et

2107 4527 2444 4598 αὐτοῦ.,Ἐν
2469 4528 2670 4598 ἐκείνῃ
2701 4527 2784 4598 τῇ
2811 4530 3000 4598 ἡμέρᾳ
3035 4533 3146 4585 οὐκ
3175 4531 3345 4584 ἔσται
3390 4531 3538 4600 φῶς,
3582 4531 3682 4587 καὶ

437 4624 628 4692 glacies
654 4626 751 4676 erit
777 4641 880 4678 una
902 4624 1003 4687 die,
1028 4635 1075 4676 et
1103 4624 1212 4677 dies
1251 4622 1344 4676 illa
1396 4635 1520 4676 nota
1550 4623 1793 4689 Domino,
1826 4632 1873 4675 et
1898 4638 2000 4677 non

2107 4619 2324 4687 ψύχος,
2350 4619 2446 4672 καὶ
2476 4617 2666 4688 πάγος
2692 4619 2862 4674 ἔσται
2883 4622 3034 4689 μίαν
3047 4619 3293 4688 ἡμέραν,
3312 4620 3408 4672 καὶ
3431 4620 3470 4686 ἠ
3495 4619 3684 4688 ἡμέρα

439 4719 547 4777 dies
569 4734 730 4787 neque
758 4733 879 4784 nox,
917 4727 966 4771 et
989 4716 1067 4770 ad.
1089 4733 1348 4787 vesperam
1384 4718 1480 4771 erit
1503 4718 1616 4773 lux.

2109 4710 2310 4776 ἐκείνη
2362 4709 2600 4780 γνωστὴ
2651 4710 2732 4775 τῷ
2777 4712 3003 4779 Κυρίῳ,
3039 4712 3137 4765 καὶ
3173 4714 3285 4780 οὐχ
3328 4712 3537 4781 ἡμέρα,
3580 4712 3679 4766 καὶ

2104 4805 2194 4858 οὑ-
2214 4802 2350 4866 νὺξ,
2380 4802 2648 4870 καὶπρὸς
2677 4803 2945 4872 ἑσπέραν
2973 4803 3147 4865 ἔσται
3167 4802 3312 4872 φῶς.

508 4892 619 4948 CV.
658 4891 948 4961 Postquam
983 4893 1184 4948 cursim
1215 4888 1442 4946 nefanda
1480 4898 1532 4947 et
1566 4893 1729 4961 impia
1785 4891 2003 4948 ,1υάωο-

2176 4893 2296 4946 ΡΕ⁰.
2343 4893 2733 4966 Ἐπιτροχάδην
2782 4893 2950 4948 είπὼν
2987 4894 3055 4948 τὰ
3101 4893 3190 4946 ἐπί
3234 4911 3297 4962 γε
3344 4893 3422 4964 τῷ
3461 4893 3679 4947 πάντων

437 5003 554 5045 rum
617 4987 668 5040 in
736 4985 1009 5040 Christum
1064 4987 1303 5039 omnium
1364 4994 1606 5043 nostrum
1666 4984 2003 5039 Salvatorem

2106 4985 2264 5058 ἡμῶν
2311 4984 2525 5055 Σωτῆρι
2573 4985 2792 5057 Χριστῷ
2840 4986 2949 5038 τῶν
3001 4985 3269 5038 Ἰουδαίων
3320 4985 3678 5054 ἀνοσιουργή-

436 5079 761 5144 commissa,
827 5089 880 5131 et
945 5077 1163 5142 Iudaeas,
1233 5077 1470 5146 adeoque
1501 5075 2002 5146 Hierosolymorum

2115 5094 2280 5148 ματα,
2331 5077 2425 5134 καὶ
2465 5076 2564 5146 τῆς
2601 5076 2859 5141 Ἰουδαίας
2883 5078 2979 5148 τὴν
3012 5077 3239 5143 ἅλωσιν,
3289 5076 3383 5129 καὶ
3414 5075 3591 5139 αὐτῶν
3621 5074 3678 5128 δὲ

434 5172 887 5241 expugnationem
941 5168 1244 5237 recensuit,
1293 5168 1562 5235 deinceps
1606 5171 1670 5222 ad
1727 5170 2005 5238 praesentis

2110 5168 2219 5222 τῶν
2256 5168 2658 5239 Ἰεροσολύμων,
2687 5169 2774 5222 ἐπ’
2797 5170 2926 5223 αὐτὸ
2956 5170 3142 5222 λοιπὸν
3171 5169 3389 5242 ἔρχεται
3415 5168 3509 5222 τοῦ
3539 5185 3684 5238 παρ-,

435 5263 615 5316 steculi
663 5262 820 5316 linem
861 5261 1223 5330 progreditur,
1273 5260 1584 5326 utiliterque
1643 5260 2005 5315 Emmanuelis

2106 5260 2255 5323 ὄντος
2287 5262 2481 5326 αἰῶνος
2506 5261 2567 5314 τὸ
2597 5261 2767 5327 τέλος,
2817 5262 2911 5315 καὶ
2945 5263 3237 5334 ἀφηγεῖται
3269 5261 3554 5333 χρησίμως
3579 5261 3678 5328 τὴν

438 5357 503 5406 de
540 5353 678 5409 coelo
717 5355 1031 5407 descensum
1065 5359 1350 5405 memorat.
1379 5349 1679 5404 Descendet
1719 5351 1860 5405 enim
1884 5365 2005 5406 cum

2106 5352 2168 5417 ἐξ
2211 5351 2440 5423 οὐρανοῦ
2485 5354 2874 5423 καταφοίτησιν
2919 5353 3012 5406 τοῦ
3067 5353 3437 5424 Ἐμμανουήλ.
3494 5353 3678 5405 Κατα-

357 5492 364 5500 .
436 5445 639 5498 sanctis
665 5445 872 5515 angelis
903 5445 954 5498 in
1007 5444 1173 5512 gloria
1207 5443 1298 5498 Dei
1332 5449 1393 5502 et
1416 5440 1612 5506 Patris,
1645 5461 1664 5493 ι
1705 5451 1762 5496 ut
1806 5442 2005 5510 iudicet

2107 5443 2335 5514 ϐήσεται
2368 5444 2476 5514 γὰρ
2510 5445 2647 5514 μετὰ
2685 5445 2794 5499 τῶν
2835 5444 3005 5514 ἁγίων
3039 5445 3316 5514 ἀγγέλων,
3353 5446 3411 5498 ἐν
3451 5447 3517 5514 τῇ
3551 5441 3676 5513 δόξῃ

435 5533 622 5588 orbem
659 5533 710 5586 in
738 5533 946 5601 iustitia
986 5533 1056 5600 ⁵⁸,
1087 5552 1106 5586 ι
1151 5533 1425 5603 quoniam,
1451 5541 1508 5588 ut
1541 5533 1768 5592 divinus,
1806 5530 2005 5596 Paulus

2107 5535 2200 5588 τοῦ
2225 5535 2359 5600 Θεοῦ
2388 5537 2483 5590 καὶ
2503 5537 2752 5608 Πατρὸς,
2769 5537 2918 5591 «Ἵνα
2948 5537 3111 5611 κρίνῃ
3135 5535 3590 5608 τὴνοίκουμένην
3617 5537 3676 5587 ἐν

509 5728 875 5803 ³⁸ῌΕῑεςιιεξι,
896 5728 1000 5803 _19.
1076 5729 1120 5761 ⁸¹
1158 5727 1354 5803 dorem,
1381 5745 1539 5803 ακιιι,
1565 5730 1657 5787 29.
1707 5728 1778 5803 *δ’
1809 5727 1971 5803 Hebr.
2003 5748 2005 5783 ι

2107 5731 2201 5803 12ἒ
2269 5731 2315 5766 ³³
2348 5691 2650 5799 Ιθαξιχνιι,
2687 5731 2773 5788 12.
2850 5734 2895 5768 ³⁸
2928 5733 3062 5793 Luc.
3088 5748 3204 5803 vm,
3241 5733 3329 5788 to.
3405 5733 3452 5767 ⁵³
3479 5731 3680 5792 “Cora

440 5816 521 5867 ut,
549 5799 636 5856 15.
708 5797 754 5830 ⁸⁸
788 5797 929 5854 Psal.
960 5814 1144 5865 ιιτιι,
1167 5802 1218 5861 5,
1295 5799 1341 5831 "
1375 5802 1528 5858 Rom.
1559 5815 1672 5870 Juv,
1701 5799 1757 5856 9.
1830 5801 1878 5833 ”
1909 5799 2049 5856 Psal.
2075 5814 2152 5869 ιιι,
2177 5801 2231 5857 9.
