4120 6376
406 352 515 414 Ξνίῦ

1219 346 1768 407 COMMENTARIUS
1807 346 1871 402 IN
1912 346 2312 403 ZACHARIAM
2353 344 2788 403 PROPHETAM.

3547 351 3652 407 250

410 468 724 537 δικαιοσύνῃ
746 482 772 505 ἠ
793 485 811 516 ι
840 467 914 529 ὡς
934 469 967 520 ὁ
993 466 1278 532 θεσπέσιος
1302 472 1503 541 γράφει
1541 467 1775 531 Παῦλος,
1800 485 1817 517 ι
1844 466 1982 528 Τοὺς

2085 464 2298 529 scribit,
2359 481 2378 514 ι
2413 462 2614 520 Omnes
2649 478 2747 519 nos
2780 463 3116 519 manifestari
3159 473 3373 533 oportet
3402 475 3529 520 ante
3554 469 3654 522 tri-

412 557 620 621 πάντας
666 556 813 626 ἡμᾶς
858 556 945 609 δεῖ
971 556 1353 629 φανερωθῆναι
1398 558 1706 632 ἔμπροσθεν
1750 556 1843 611 τοῦ
1884 555 1981 626 βή-

414 663 581 716 ματος
611 646 705 699 τοῦ
736 647 997 719 Χριστοῦ,
1043 650 1128 702 ἵνα
1168 650 1460 721 κομίσηται
1489 652 1716 713 ἕκαστος
1745 648 1815 702 τὰ
1859 648 1978 703 κατ’

412 740 569 806 ἀξίαν
598 740 734 812 πρὸς
763 739 799 794 ἃ
824 740 1079 813 ἔπραξεν,
1124 744 1234 797 εἴτε
1278 743 1479 812 ἀγαθὸν
1506 745 1614 797 εἴτε
1654 740 1877 812 φαῦλον.
1911 771 1979 783 --

414 830 570 896 ’Ἥξει
597 831 659 903 δὴ
699 828 813 896 οὖν,
848 834 1001 903 ἥξει,
1041 835 1194 905 φησὶν,
1239 838 1333 890 καὶ
1372 838 1572 902 πάντες
1604 840 1652 891 οἱ
1687 838 1830 906 ἅγιοι
1862 837 1979 908 μετ’

413 916 598 983 αὐτοῦ,
626 922 979 993 τουτέστιυ,ἡ
1010 923 1115 976 τῶν
1146 925 1314 991 ἁγίων
1341 926 1588 993 ἀγγέλων
1617 926 1983 996 καθαρωτάτη

415 1009 642 1077 πληθὺς,
678 1013 1048 1082 δορυφοροῦνσα
1086 1016 1458 1079 πάντως,νκαὶ
1498 1018 1838 1089 ὐπουργικὴν
1876 1019 1981 1070 είσ-

414 1101 654 1170 φέρουσα
679 1104 776 1173 τὴν
799 1105 1160 1173 παράστασιν.
1191 1106 1392 1177 Κύριος
1421 1108 1530 1179 γάρ
1563 1111 1680 1161 ἐστι
1710 1109 1817 1162 τῶν
1842 1109 1980 1162 ὅλων

412 1193 443 1244 ὀ
482 1191 867 1266 Ἐμμανουήλ,
917 1200 1012 1250 καὶ
1060 1197 1415 1267 δοξολογείται
1464 1202 1613 1272 παρὰ.
1653 1201 1858 1255 τούτων
1905 1201 1989 1265 ὡς»

412 1282 565 1348 Θεὸς,
597 1286 690 1338 καὶ
725 1290 1115 1360 συγκατάρχων
1147 1290 1224 1360 τῷ
1265 1292 1651 1363 Γεγεννηκότι.
1694 1295 1756 1347 EE
1806 1293 1861 1346 δὲ
1913 1294 1976 1365 δὴ

414 1390 499 1435 τις
543 1375 687 1444 λέγοι
723 1379 816 1431 καὶ
845 1380 1039 1444 αὐτοὺς
1078 1382 1227 1453 αὐτῷ
1265 1386 1826 1457 συμπαραστήσεσθαι
1854 1385 1981 1451 τοὺς

415 1465 604 1532 ἁγίους
634 1469 979 1539 ἁρπαγέντας
1005 1474 1062 1525 ἐν
1089 1474 1338 1541 νεφέλαις
1371 1479 1450 1539 είς
1477 1478 1780 1548 ἀπάντησιν
1815 1477 1980 1531 αὐτοῦ

410 1558 494 1620 είς
533 1557 690 1627 ἀέρα,
736 1562 874 1629 μετά
917 1579 981 1631 γε
1010 1563 1106 1634 τὴν
1137 1567 1203 1619 ἐκ
1242 1568 1449 1639 νεκρῶν
1480 1568 1793 1632 ἀναϐίωσιν,
1839 1570 1981 1623 καθά

414 1651 506 1703 καὶ
540 1650 618 1721 τῷ
645 1655 939 1726 σοφωτάτῳ
969 1658 1163 1729 Παύλῳ
1190 1661 1356 1727 δοκεῖ,
1402 1662 1502 1732 τῆς
1547 1662 1638 1714 τού
1681 1662 1983 1734 πρέποντος

415 1740 587 1814 θήρας
618 1744 968 1816 ἀμοιρήσειεν
993 1748 1059 1802 ἂν
1083 1751 1508 1822 οὐδαμῶς.Ἕφη
1537 1754 1645 1823 γάρ
1665 1770 1716 1806 τι
1744 1752 1983 1806 τοιοῦτον

2080 553 2240 610 bunal
2259 553 2482 618 Christi,
2512 563 2569 610 ut
2610 553 2838 625 recipiat
2867 554 3235 625 unusquisque
3256 564 3414 624 prout
3463 560 3650 627 gessit,

2080 647 2193 701 sive
2211 646 2408 700 bonum
2443 647 2555 701 sive
2578 645 2778 699 malum
2799 646 3003 700 ".i—t
3018 646 3207 702 Veniet
3234 647 3418 717 igitur,
3451 649 3647 715 veniet,

2082 739 2273 807 inquit,
2303 748 2358 792 et
2385 752 2573 792 omnes
2621 738 2791 793 sancti
2835 736 2953 804 ejus
3007 754 3127 793 cum
3176 752 3262 804 eo,
3299 757 3318 791 ι
3394 738 3498 795 hoc
3544 749 3651 804 est,

2080 840 2389 883 sanctorum
2430 827 2746 897 angelorum
2784 843 2976 898 agmen
3020 830 3394 899 purissimum,
3444 830 3653 899 stipans

2081 936 2205 975 eum
2227 929 2281 975 et
2310 920 2376 973 ad
2406 919 2820 975 ministrantium
2865 919 3152 974 assistens.
3190 918 3453 975 Dominus
3507 922 3651 975 enim

2080 1014 2316 1068 omnium
2352 1022 2439 1067 est
2477 1013 2815 1076 Emmanuel,
2866 1020 2922 1066 et
2974 1012 3042 1065 ab
3090 1012 3173 1066 his
3224 1012 3564 1067 collaudatur
3595 1022 3655 1066 ut

2080 1105 2242 1168 Deus,
2276 1113 2331 1159 et
2361 1104 2519 1158 simul
2552 1112 2744 1171 regnat
2786 1118 2908 1156 cum
2940 1102 3122 1158 Patre.
3157 1102 3311 1168 Quod
3346 1104 3389 1157 si
3420 1104 3540 1173 quis
3562 1105 3646 1158 di-

2081 1208 2169 1252 cat
2192 1198 2335 1265 ipsos
2382 1211 2596 1266 quoque
2628 1205 2844 1251 sanctos
2869 1197 2919 1249 ei
2943 1196 3223 1261 astituros,
3247 1204 3432 1263 raptos
3459 1196 3509 1249 in
3542 1211 3644 1248 nu-

2080 1290 2235 1343 bibus
2269 1289 2321 1343 in
2354 1303 2641 1344 occursum
2674 1287 2791 1357 ejus
2826 1288 2878 1340 in
2925 1302 3083 1353 aera,
3119 1302 3242 1342 cum
3297 1303 3363 1342 ex
3412 1288 3639 1342 mortuis

2083 1381 2395 1446 revixerint,
2424 1389 2482 1434 ut
2522 1390 2576 1434 et
2621 1379 3020 1448 sapientissimo
3058 1378 3224 1434 Paulo
3262 1379 3433 1433 visum
3463 1387 3550 1432 est
3568 1379 3636 1431 ‘°.

2082 1474 2148 1526 ab
2168 1486 2232 1527 eo
2266 1472 2407 1542 quod
2434 1471 2688 1525 convenit
2741 1470 3049 1540 neutiquam
3106 1472 3456 1526 aberraverit.
3504 1469 3639 1524 Nam

2086 1561 2188 1616 tale
2218 1562 2343 1629 quid
2370 1560 2582 1615 divinus
2603 1575 2818 1630 quoque
2843 1559 3010 1615 Isaias
3032 1560 3098 1614 de
3130 1561 3262 1630 ipsis
3285 1561 3417 1615 dicit
3442 1574 3459 1614 :
3491 1578 3508 1612 ι
3544 1558 3655 1614 Illic

2081 1667 2259 1707 cerva:
2303 1660 2681 1716 occurrerunt,
2705 1659 2760 1706 et
2804 1652 3057 1707 viderunt
3105 1652 3273 1707 facies
3300 1653 3368 1707 ad
3390 1651 3652 1708 invicem.

2084 1743 2325 1799 Numero
2358 1744 2712 1806 transierunt,
2743 1751 2799 1797 et
2820 1758 2922 1795 una
2952 1757 3015 1797 ex
3046 1743 3125 1797 eis
3156 1758 3260 1797 non
3286 1742 3648 1813 periit,altera

411 1834 443 1885 ὁ
488 1834 771 1900 θεσπέσιος
808 1838 1034 1903 Ἡσαΐας
1079 1842 1210 1912 περὶ
1266 1844 1478 1897 αὐτῶνθ
1534 1863 1554 1895 ι
1599 1846 1744 1898 Ἐκεῖ
1789 1845 1976 1913 ἔλαφοι

2082 1835 2307 1889 alteram
2338 1850 2443 1890 non
2473 1836 2826 1904 quaesierunt.
2850 1834 2985 1901 Quia
3013 1836 3269 1890 Dominus
3293 1834 3423 1903 ipsis
3450 1849 3665 1903 prace~

413 1925 770 1997 συνήντησαν,
793 1929 889 1982 καὶ
918 1925 1055 1985 εἶδον
1074 1935 1143 1986 τά
1165 1934 1431 2004 πρόσωπα
1453 1934 1716 2007 ἀλλήλων,
1738 1935 1982 2006 Ἀριθμῷ

413 2017 709 2088 παρῆλθον,
743 2021 836 2074 καὶ⁵
871 2023 969 2091 μία
999 2023 1178 2079 αὐτῶν
1207 2026 1306 2079 οὐκ
1363 2026 1629 2090 ἀπώλετο,
1677 2028 1837 2099 ἑτέρα
1885 2027 1987 2099 τὴν

408 2109 609 2179 ἑτέραν
630 2111 729 2164 οὐκ
757 2111 1180 2193 ὲζήτηοαν.”υτι
1203 2118 1408 2188 Κύριος
1433 2119 1742 2173 ἐνετείλατο
1766 2120 1977 2183 αὐταῖς.

412 2199 506 2252 καὶ
542 2200 602 2253 τὸ
638 2202 855 2274 πνεῦμα
893 2206 1055 2259 αὐτοῦ
1110 2209 1414 2280 συνήγαγεν
1465 2211 1681 2274 αὐτούς.
1721 2230 1740 2263 ι
1775 2212 1985 2265 Ψάλλει.

410 2290 468 2343 δὲ
511 2292 605 2344 καὶ
651 2295 679 2345 ό
722 2293 1005 2359 θεσπέσιος
1049 2298 1242 2363 Δαϐὶδ,
1280 2299 1378 2371 τὴν
1422 2299 1481 2366 ἐξ
1532 2300 1777 2371 οὐρανῶν
1812 2319 1981 2356 κατα-

410 2379 655 2451 φοίτησιν
695 2382 789 2437 τοῦ
820 2384 1035 2440 πάντων
1066 2387 1222 2458 ἡμῶν
1269 2389 1522 2459 Σωτῆρος
1568 2390 1804 2461 Χριστοῦ
1846 2409 1983 2462 προ-

412 2474 747 2542 αναφωνῶν·
793 2478 953 2533 «Ὅτι
1003 2480 1105 2534 οὐκ
1147 2480 1427 2535 ἀπώσεται
1478 2484 1683 2554 Κύριος
1717 2482 1808 2537 τὸν
1854 2482 1984 2538 λαὸν

411 2565 596 2630 αὐτοῦ,
627 2568 721 2622 καὶ
741 2568 839 2640 τὴν
860 2571 1227 2643 κληρονομίαν
1252 2574 1416 2627 αὐτοῦ
1443 2576 1545 2629 οὐκ
1577 2575 1981 2646 ἐγκαταλείψει,

411 2654 515 2721 ἕως
535 2651 594 2711 οὐ
618 2657 929 2730 δικαιοσύνη
953 2663 1252 2736 ἐπιστρέψῃ
1274 2665 1354 2729 είς
1376 2665 1577 2737 κρίσιν,
1612 2667 1705 2719 καὶ
1736 2668 1984 2738 ἐχόμενοι

413 2747 583 2818 αὐτῆς
627 2750 824 2814 πάντες
868 2753 920 2810 οἱ
962 2752 1139 2817 εὐθεῖς
1184 2759 1250 2828 τῇ
1301 2757 1517 2828 καρδίᾳ.
1552 2777 1571 2808 ι
1625 2758 1984 2829 Δικαιοσύνην

417 2839 516 2909 μὲν
538 2839 645 2910 γὰρ
667 2842 924 2912 ὀνομάζει
957 2845 1213 2915 Χριστὸν,
1246 2848 1568 2919 ἐπιστρέψαι
1602 2849 1659 2902 δέ
1696 2868 1860 2921 φησιν
1904 2853 1984 2914 εἰς

415 2929 595 3002 κρίσιν
623 2934 807 2987 αὐτόν.
825 2934 1125 3007 ’Δνελήφθη
1156 2938 1254 3007 μὲν
1285 2938 1392 3010 γὰρ
1419 2940 1665 3010 πατήσας
1698 2941 1787 2995 τὸν
1816 2942 1982 2997 Θάνα-

412 3035 525 3084 τον,
570 3020 667 3073 καὶ
708 3021 874 3093 ἀνέϐη
921 3025 1059 3094 πρὸς
1099 3025 1189 3079 τὸν
1237 3027 1295 3080 ὲν
1338 3028 1586 3098 οὐρανοῖς
1627 3029 1847 3100 Πατέρα
1892 3032 1985 3083 καὶ

414 3109 564 3163 Θεόν.
606 3111 744 3163 Ἀλλ’
777 3113 1055 3183 ἐπιτρέψει
1102 3116 1242 3168 κατὰ
1270 3120 1495 3189 καιροὺς
1535 3121 1615 3183 είς
1646 3120 1845 3191 κρίσιν,
1886 3121 1984 3174 καὶ

2086 1927 2184 1997 pit,
2213 1937 2268 1982 et
2290 1926 2515 1996 spiritus
2544 1926 2662 1993 ejus
2683 1924 3033 1996 congregavit
3055 1926 3233 1980 eos“.
3261 1944 3283 1977 ι
3312 1924 3497 1980 Psallit
3520 1939 3658 1994 quo-

2083 2034 2188 2088 que
2226 2019 2438 2073 divinus
2462 2016 2630 2070 David
2656 2017 2976 2071 descensum
3021 2031 3049 2070 ρ
3079 2015 3228 2070 cm-lo
3279 2015 3518 2070 omnium
3560 2029 3658 2069 uo-

2087 2124 2259 2167 strum
2288 2110 2588 2166 Salvatoris
2624 2109 3031 2180 prtenuntians:
3067 2128 3085 2161 ι
3126 2109 3261 2176 Quia
3287 2125 3392 2164 nou
3433 2108 3658 2180 repellet

2087 2202 2344 2257 Dominus
2365 2202 2571 2272 plebem
2594 2218 2771 2267 suam,
2792 2213 2847 2257 et
2869 2202 3234 2257 luereditatem
3262 2217 3412 2256 suam
3435 2217 3541 2256 non
3560 2201 3656 2257 de-

2086 2294 2375 2363 relinquet,
2403 2295 2576 2349 donec
2610 2293 2819 2362 justitia
2845 2303 3193 2348 convertatur
3220 2294 3271 2347 in
3292 2292 3577 2362 judicium,
3600 2305 3657 2349 et

2085 2386 2419 2440 adhaerentes
2435 2384 2510 2438 illi
2534 2400 2721 2439 omnes
2745 2385 2876 2440 recti
2910 2385 3072 2441 corde
3088 2386 3155 2439 “.
3179 2404 3198 2437 ι
3219 2384 3487 2439 Justitiam
3509 2385 3653 2441 enim

2083 2475 2358 2530 Christum
2385 2483 2562 2539 vocat,
2595 2490 2755 2545 quem
2789 2491 3113 2531 conversum
3149 2478 3216 2533 ad
3266 2477 3524 2548 judicium
3568 2476 3655 2532 di-

2084 2567 2177 2620 cit.
2218 2570 2537 2635 Assumptus
2563 2574 2648 2618 est
2673 2565 2816 2619 enim
2858 2566 3069 2623 calcata
3099 2577 3295 2631 morte,
3328 2577 3382 2623 et
3410 2566 3655 2622 ascendit

2085 2656 2151 2711 ad
2181 2671 2302 2711 eum
2348 2656 2437 2725 qui
2471 2668 2556 2712 est
2586 2656 2639 2711 in
2683 2657 2841 2712 caelis
2888 2656 3105 2713 Patrem
3143 2667 3199 2713 et
3252 2657 3421 2713 Deum
3452 2657 3519 2726 ⁸³,
3547 2657 3653 2715 Sed

2085 2758 2389 2804 revertetur
2450 2749 2577 2804 olim
2613 2750 2679 2803 ad
2703 2748 2989 2817 judicium,
3032 2759 3088 2804 et
3140 2765 3259 2806 cum
3324 2752 3416 2806 illo
3468 2766 3659 2807 omnes

2087 2840 2215 2894 recti
2241 2840 2427 2902 corde,
2456 2841 2555 2895 hoc
2588 2850 2691 2907 est,
2715 2841 2927 2906 sancti,
2961 2842 3101 2896 sicut
3126 2844 3285 2898 modo
3324 2844 3457 2899 dixi.
3519 2844 3662 2900 Fore

2085 2941 2263 2983 autem
2291 2929 2458 3000 800
2482 2940 2724 3001 tempore
2754 2933 3240 2989 consummationis
3282 2934 3462 2988 seaculi
3493 2949 3654 3004 aspeo

2086 3020 2303 3076 ctabilis
2329 3032 2597 3078 creaturae
2640 3031 2839 3076 statum
2874 3023 3061 3087 alium,
3111 3034 3165 3079 et
3220 3026 3392 3095 ipsam
3440 3041 3659 3096 quoque

2088 3112 2442 3167 transituram
2498 3114 2550 3166 in
2585 3112 2804 3178 melius,
2837 3128 2934 3181 per
2986 3114 3260 3168 Christum
3313 3127 3655 3181 renuvatam,

416 3201 512 3252 σὺν
555 3202 704 3271 αὐτῷ
734 3202 931 3267 πάντες
969 3206 1019 3257 οἱ
1048 3205 1225 3270 εὐθεῖς
1250 3211 1314 3279 τῇ
1351 3210 1573 3280 καρδίᾳ,
1601 3211 1898 3275 τουτέστιν,
1928 3215 1977 3267 οί

2083 3202 2399 3258 testificatur
2438 3204 2741 3274 prepheta:
2787 3221 2806 3256 ι
2836 3203 2890 3257 In
2925 3204 3012 3258 illa
3064 3205 3154 3260 die
3185 3221 3288 3260 non
3335 3207 3571 3272 eritlux,
3601 3216 3659 3263 et

414 3290 578 3359 ἅγιοι,
610 3293 863 3366 καθάπερ
906 3295 1043 3368 έφην
1095 3298 1315 3369 ἀρτίως.
1345 3301 1467 3354 Ὅτι
1490 3301 1546 3354 δὲ
1585 3303 1724 3356 κατά
1753 3304 1843 3357 τὸν
1879 3305 1980 3371 τῆς

414 3382 720 3449 συντελείας
784 3388 975 3458 καιρὸν
1020 3390 1183 3462 ἑτέρα
1225 3408 1308 3455 τις
1352 3390 1505 3445 ἐσται
1550 3393 1651 3462 τῆς
1695 3395 1981 3466 ὁρωμένης

412 3474 702 3546 κτίσεωςή
746 3479 1109 3545 κατάστασις,
1141 3482 1234 3535 καὶ
1287 3485 1669 3554 μετοιχὴσεται
1709 3488 1802 3540 καὶ
1843 3488 1979 3559 αὐτὴ

412 3566 548 3638 πρὸς
567 3567 628 3620 τὺ
650 3567 873 3638 ἄμεινον
910 3571 1278 3643 ἀνανεουμένη
1302 3574 1391 3627 διὰ
1427 3575 1687 3645 Χριστοῦ,
1718 3577 1984 3632 πιστώσε-

410 3672 499 3710 ται
534 3656 707 3726 λέγων
742 3661 770 3713 ὁ
812 3663 1129 3732 προφήτηςο
1166 3682 1184 3714 ι
1218 3665 1305 3717 Ἐν
1347 3666 1533 3739 ἐκείνῃ
1564 3670 1628 3739 τῇ
1669 3669 1850 3739 ἡμέρᾳ
1881 3670 1981 3724 οὐκ

411 3746 560 3801 ἔσται
598 3748 732 3816 φῶς,
761 3752 853 3803 καὶ
875 3752 1064 3823 ψύχος,
1097 3757 1189 3809 καὶ
1214 3756 1389 3821 πάγος
1418 3756 1568 3811 ἔσται
1594 3759 1722 3829 μίαν
1742 3761 1976 3831 ἡμέραν,

410 3837 503 3891 καὶ
536 3840 569 3909 ἡ
612 3840 793 3910 ἡμέρα
824 3841 1002 3913 ἐκείνη
1034 3846 1246 3915 γνωστὴ
1278 3845 1353 3914 τῷ
1395 3846 1600 3916 Κυρίῳ.
1641 3866 1659 3898 ι
1696 3848 1834 3901 Νυνὶ
1880 3850 1980 3919 μὲν

408 3932 517 4001 γὰρ
540 3933 718 4003 ἡμέρα
745 3951 804 3986 τε
836 3935 928 3987 καὶ
948 3935 1043 4000 νὺξ
1067 3936 1427 4008 διακέκριται,
1459 3939 1554 3992 καὶ
1581 3938 1827 4009 διέλαχον
1854 3942 1979 4004 τοὺς

410 4025 633 4093 καιροὺς
658 4028 768 4088 τοῖς
808 4025 900 4078 τοῦ
935 4028 1298 4099 πεποιηκότος
1344 4029 1597 4099 νεύμασι,
1641 4031 1736 4083 καὶ
1768 4030 1978 4100 ἀνίσχει

413 4114 511 4181 μὲν
530 4115 626 4184 τῆς
647 4116 860 4186 ἡμέρας
884 4117 944 4171 τὸ
965 4118 1101 4187 φῶς,
1115 4114 1233 4175 εἶτα
1262 4120 1564 4190 διαδέχεται
1589 4120 1705 4185 νύξ.
1724 4123 1978 4177 Ἐπειδὰν

406 4204 464 4257 δὲ
494 4208 866 4277 παραγένηται
892 4211 920 4262 ό
944 4211 1156 4282 κριτὴς,
1186 4212 1363 4266 πάντα
1391 4213 1811 4283 μετασκευάζων
1836 4216 1979 4282 κατὰ

407 4296 470 4347 τὸ
497 4295 643 4367 αὐτῷ
668 4296 877 4362 δοκοῦν,
918 4299 1132 4370 ἑτέραν,
1159 4300 1235 4365 ὡς
1258 4301 1418 4373 ἔφην,
1455 4304 1488 4372 ἡ
1517 4304 1695 4367 κτίσις
1717 4303 1818 4375 τὴν
1863 4304 1978 4357 δια-

409 4386 675 4459 κόσμησιν
698 4388 925 4453 δέξεται.
960 4410 987 4443 ι»
1011 4391 1083 4443 Οὐ
1116 4390 1224 4461 γὰρ
1266 4391 1343 4444 ἔτι
1382 4393 1496 4461 φῶς
1524 4394 1698 4459 ἔσται,
1744 4394 1838 4448 καὶ
1882 4395 1979 4463 ψύ-

408 4496 520 4550 χος,
549 4481 645 4533 καὶ
681 4481 854 4549 πάγος
884 4482 962 4545 εἰς
1003 4482 1132 4551 μίαν
1161 4484 1393 4554 ἡμέραν.
1437 4502 1455 4535 ι
1502 4485 1763 4555 Σημαίνει
1792 4487 1847 4539 δὲ
1888 4487 1977 4541 διά

2084 3294 2253 3364 frigus
2278 3302 2331 3349 et
2358 3293 2558 3363 glacies
2584 3304 2742 3349 erunt
2770 3296 2856 3351 die
2882 3311 3010 3361 uno,
3046 3306 3100 3351 et
3123 3297 3239 3353 dies
3269 3298 3360 3352 illa
3390 3308 3518 3353 nuta
3541 3298 3651 3354 Do-

2081 3384 2248 3440 mino.
2292 3404 2312 3436 ι
2360 3383 2514 3440 Nunc
2554 3386 2696 3440 enim
2738 3386 2854 3443 dies
2885 3398 2940 3441 et
2984 3403 3089 3443 nos
3124 3389 3530 3457 discernuntur,
3589 3402 3647 3447 et

2081 3486 2212 3531 nutu
2238 3477 2533 3533 conditoris
2564 3478 2819 3534 distincta
2856 3488 3098 3549 tempora
3149 3482 3339 3536 sortita
3392 3491 3538 3550 sunt,
3596 3493 3655 3539 et

2080 3569 2323 3624 exoritur
2348 3569 2453 3624 diei
2483 3570 2596 3633 lux,
2624 3580 2810 3639 postea
2856 3572 3096 3627 succedit
3123 3587 3251 3627 nox.
3298 3572 3530 3640 Quando
3558 3588 3669 3627 au-.

2083 3670 2190 3715 tem
2226 3661 2709 3735 adveneritjudex,
2736 3663 2915 3716 omnia
2960 3677 3059 3729 pro
3103 3664 3371 3719 arbitratu
3401 3680 3501 3721 suo
3549 3664 3652 3719 im-

2081 3762 2315 3817 mutans,
2345 3753 2528 3817 aliam,
2556 3762 2614 3808 ut
2654 3754 2788 3820 dixi,
2830 3754 3193 3808 conditionem
3244 3764 3492 3808 creatura
3533 3770 3653 3810 sus-

2080 3843 2261 3913 cipiet.
2300 3861 2319 3894 ι
2342 3842 2472 3897 -Νοη
2501 3845 2643 3898 enim
2676 3848 2742 3898 de
2770 3854 2966 3898 caetero
3003 3844 3091 3897 lux
3124 3844 3250 3908 erit,
3283 3855 3338 3899 et
3394 3844 3565 3914 frigus
3594 3857 3651 3901 et

2080 3935 2278 4005 glacies
2317 3943 2476 3989 erunt
2505 3937 2590 3990 die
2621 3951 2748 3993 uno.
2782 3956 2802 3989 ι
2847 3934 2953 3989 Per
2990 3936 3217 4006 glaciem
3269 3944 3323 3990 et
3356 3936 3527 4003 frigus
3553 3951 3653 3992 no-

2080 4036 2220 4080 ctem
2251 4026 2528 4095 exprimit,
2583 4042 2683 4095 pro
2713 4042 2817 4081 una
2845 4029 2992 4083 enim
3043 4026 3132 4082 die
3182 4037 3464 4097 reputatur
3512 4027 3669 4096 (ιυοὼ

2079 4117 2278 4172 dicitur
2327 4116 2691 4189 νυχθήμερον,
2753 4118 2806 4171 id
2841 4128 2944 4179 est,
3001 4118 3159 4171 unius
3213 4118 3391 4171 noctis
3441 4125 3494 4171 et
3542 4117 3653 4171 diei

2078 4208 2335 4277 spatium,
2369 4207 2594 4276 proinde
2645 4224 2707 4262 ac
2750 4208 2796 4262 si
2828 4209 2973 4263 dicat
3021 4207 3159 4262 forte
3193 4226 3208 4263 :
3243 4207 3508 4275 Tempore
3559 4206 3665 4262 illo.

2078 4314 2187 4367 quo
2220 4299 2288 4353 de
2323 4300 2467 4354 coelo
2488 4299 2781 4354 adveniens
2820 4298 3229 4353 transformabit
3279 4298 3484 4364 omnia,
3513 4307 3569 4352 et
3595 4301 3669 4359 ιιι

2079 4391 2272 4446 faciem
2300 4402 2469 4461 atque
2505 4401 2705 4446 statum
2742 4392 3018 4449 meliorem
3055 4398 3351 4452 convertet,
3382 4390 3652 4445 utcondi-

2082 4492 2166 4536 tor
2198 4486 2312 4553 ipse
2338 4493 2392 4537 et
2414 4482 2617 4551 opifex,
2652 4498 2756 4537 non
2804 4483 2910 4537 erit
2954 4496 3083 4548 nox,
3116 4497 3215 4536 nec
3269 4480 3360 4535 lux
3394 4482 3448 4535 in
3489 4480 3665 4543 diema

406 4588 469 4639 γε
495 4572 586 4625 τοῦ
616 4574 822 4641 πάγους
852 4591 910 4627 τε
951 4575 1045 4628 καὶ
1069 4574 1271 4644 ψύχους
1317 4576 1415 4646 τὴν
1445 4576 1637 4630 νύκτα·
1667 4577 1975 4645 λελόγισται

2083 4575 2196 4628 Non
2239 4575 2485 4629 absimile
2507 4585 2591 4629 est
2635 4576 2777 4645 apud
2832 4575 3150 4645 prephetam
3196 4572 3431 4629 Isaiam:
3472 4592 3491 4624 ι
3536 4572 3659 4629 Non

404 4662 514 4733 γὰρ
542 4664 620 4725 εἰς
652 4663 779 4733 μίαν
805 4664 1016 4734 ἡμέραν
1062 4664 1121 4717 τὸ
1165 4665 1560 4735 νυχθήμερον·
1591 4668 1772 4737 ὅμοιον
1818 4670 1891 4732 ὡς
1925 4673 1975 4727 εἰ

404 4754 551 4823 λέγοι
578 4755 735 4825 τυχόν
756 4769 771 4783 ο
802 4756 936 4808 Κατ’
969 4758 1174 4813 ἐκεῖνον
1195 4758 1285 4810 τὸν
1316 4759 1527 4825 καιρὸν,
1565 4759 1689 4812 καθ’
1716 4760 1775 4813 ὃν
1814 4761 1880 4814 ἂν
1915 4761 1974 4825 ἐξ

404 4845 648 4915 οὐρανῶν
704 4846 1035 4917 ἀφιγμένος,
1103 4847 1464 4923 μεταπλάττη
1502 4849 1572 4902 τὰ
1620 4850 1828 4915 πάντα,
1880 4854 1973 4905 καὶ

409 4935 790 5009 μετασκευάζῃ
833 4936 969 5007 πρὸς
1006 4936 1067 4989 τὸ
1110 4937 1352 5007 ἄμεινον,
1395 4938 1470 5003 ὡς
1514 4940 1844 5012 δημιουργὸς
1892 4943 1970 5009 δὲ,

405 5025 505 5077 οὐκ
532 5025 682 5078 ἔσται
710 5026 823 5091 νὺξ,
855 5027 973 5079 οὐδὲ
1004 5027 1115 5095 φῶς
1139 5030 1217 5091 εἰς
1242 5029 1472 5105 ἡμέραν.
1492 5030 1738 5085 Τοιοῦτόν
1768 5034 1819 5084 τί
1841 5050 1975 5104 φησι

406 5116 497 5168 καὶ
523 5118 551 5168 ὁ
586 5118 854 5188 μακάριος
887 5120 1173 5189 προφήτης
1217 5121 1472 5185 Ἡσαΐας·
1516 5142 1532 5173 ι
1567 5123 1681 5176 Οὐκ
1709 5124 1862 5177 ἕσται
1892 5142 1976 5178 σοι

403 5207 434 5259 ό
474 5207 622 5277 ήλιος
650 5209 729 5273 είς
774 5209 888 5279 φῶς
916 5213 1015 5281 τῆς
1043 5212 1277 5284 ἡμέρας,
1315 5213 1433 5265 οὐδὲ
1479 5214 1711 5285 ἀνατολὴ
1743 5216 1975 5288 σελήνης

406 5304 596 5369 φωτιεῖ
620 5301 717 5373 τὴν
756 5302 957 5357 νύκτα·
991 5302 1104 5356 ἀλλ’
1137 5302 1288 5358 ἔσται
1325 5322 1405 5358 σοι
1432 5305 1634 5376 Κύριος
1684 5306 1797 5373 φῶς
1844 5307 1975 5361 ntidi-

405 5410 536 5456 νιον,
568 5396 663 5446 καὶ
685 5396 714 5445 ὁ
736 5393 867 5458 Θεὸς
890 5394 1013 5459 δόξα
1041 5412 1154 5448 σου.
1182 5414 1200 5446 ι
1221 5396 1343 5449 Ὅτι
1368 5396 1423 5449 δὲ
1456 5398 1803 5468 ἀπρακτήσει
1830 5398 1971 5451 κατὰ

405 5483 629 5553 καιροὺς
648 5481 743 5534 καὶ
761 5482 899 5553 αὐτὴ
922 5482 1030 5535 τῶν
1062 5482 1336 5555 στοιχείων
1365 5485 1398 5553 ἡ
1427 5484 1606 5555 χρεία,
1636 5483 1968 5537 πιστώσεται

479 5682 521 5713 "
548 5680 589 5735 ll
615 5678 739 5735 Cor.
779 5679 951 5745 v,10.
1064 5679 1107 5710 ⁶⁰
1137 5680 1150 5732 Ι
1180 5678 1369 5736 Thess.
1397 5695 1470 5745 tv,
1514 5683 1598 5738 16.

404 5750 450 5787 ⁸³
478 5751 577 5809 lsa.
606 5765 694 5816 ιι,
727 5750 813 5805 19.
890 5751 934 5782 ⁸⁸
963 5748 1151 5805 Matth.
1188 5766 1339 5815 “tv,
1370 5752 1459 5805 ‘29.

1710 5686 1747 5717 ⁶¹
1791 5686 1889 5743 lsa.
1924 5701 2104 5754 ηυγ,
2138 5685 2223 5750 15.
2257 5687 2339 5742 16.

2082 4670 2185 4720 erit
2217 4666 2308 4720 tibi
2330 4666 2558 4735 amplius
2582 4667 2662 4720 sol
2706 4667 2760 4720 in
2784 4667 2960 4721 lucem
2987 4666 3118 4730 diei,
3148 4680 3319 4735 neque
3340 4674 3493 4720 ortus
3516 4664 3655 4719 luna:

2081 4756 2401 4811 illuminabit
2442 4755 2537 4810 tibi
2574 4766 2784 4811 noctem
2813 4772 2827 4820 ;
2853 4757 2946 4810 sed
2983 4755 3087 4809 erit
3122 4756 3213 4809 tibi
3258 4755 3515 4809 Dominus
3560 4754 3665 4817 lux,

2080 4855 2304 4910 aeterna,
2340 4853 2394 4900 et
2436 4848 2573 4899 Deus
2614 4845 2787 4915 gloria
2824 4854 2911 4899 tua
2935 4845 3004 4900 “.
3038 4865 3056 4897 ›
3109 4845 3288 4901 Otiosa
3338 4854 3515 4899 autem
3564 4844 3665 4898 ali-.

2079 4936 2293 5006 quando
2322 4936 2503 4991 futura
2538 4948 2590 4992 et
2626 4938 2740 5008 ipsa
2794 4937 3081 5002 elementa,
3138 4938 3297 4992 fidem
3356 4937 3484 4991 facit
3539 4935 3665 5007 ipse.

2078 5029 2351 5085 Christus.
2388 5047 2405 5079 ι
2436 5028 2630 5085 Statim
2661 5040 2839 5084 autem
2871 5041 2991 5098 post
3024 5028 3421 5084 tribulationem
3444 5027 3661 5083 dierum

2078 5120 2289 5183 illorum
2323 5119 2402 5173 sol
2444 5120 2843 5189 obscurabitur,
2872 5130 2929 5176 et
2964 5120 3087 5174 luna
3130 5136 3234 5174 non
3276 5120 3427 5174 dabit
3469 5118 3665 5177 lumen.

2078 5228 2233 5267 suum
2266 5214 2332 5267 ⁸⁵.
2366 5232 2386 5267 ι
2430 5212 2650 5268 Suﬂicit
2679 5214 2822 5268 enim
2869 5214 3024 5268 nobis
3069 5212 3321 5268 Chrisms
3365 5213 3432 5267 ad
3480 5210 3666 5271 lucem.

2080 5313 2361 5371 aeternam,
2382 5314 2437 5359 et
2470 5306 2583 5373 ipse
2628 5308 2734 5361 erit
2766 5307 2923 5376 longa
2952 5320 3018 5360 ac
3045 5314 3302 5375 perpetua
3336 5305 3471 5361 dies.
3495 5302 3655 5360 Diem.

2078 5406 2259 5451 autem
2289 5396 2430 5451 illam
2465 5410 2646 5453 notam
2679 5399 2907 5453 Domino
2933 5413 3055 5454 esse
3086 5398 3237 5453 dicit.
3289 5396 3447 5453 Solus
3502 5398 3661 5459 enim,

2078 5483 2218 5539 Deus
2255 5496 2309 5540 et
2334 5487 2492 5541 Pater
2517 5487 3004 5544 consummationis
3033 5487 3176 5543 diem
3232 5486 3649 5543 nevit.Persua-

2447 5690 2490 5721 "
2512 5687 2650 5744 Psal.
2682 5703 2833 5755 xsut,
2867 5687 2951 5756 u,
2980 5688 3063 5746 15.
3177 5688 3223 5722 ⁸³
3254 5689 3407 5749 toan.
3434 5689 3645 5760 ιτλίῖ,
