4120 6376
445 353 545 409 251

1433 355 1493 411 s.
1535 357 1816 416 cmest
1855 356 2327 417 ALEXANDRINI
2357 342 2683 418 Ἀιιοιιιερ.

3599 364 3705 422 233%

441 468 535 521 det
560 465 717 520 nobis
763 465 867 520 hoc
918 465 1036 533 ipse
1082 479 1302 536 quoque
1352 466 1550 534 Filius,
1610 472 1683 526 ita
1750 472 2022 542 loquens:

2149 473 2305 540 ιέγων
2328 472 2492 537 αὐτὸς
2518 474 2548 525 6
2579 470 2835 544 Χριστός·
2862 491 2880 523 ι
2910 471 3128 535 Εὐθέως
3154 471 3212 526 δὲ
3245 475 3384 544 μετά
3408 473 3505 545 τὴν
3532 474 3708 547 Θλίψιν

444 556 580 617 «De
613 556 901 611 diesetem
934 557 1027 609 illo
1086 567 1143 611 et
1178 557 1310 611 hora
1346 573 1504 613 nemo
1539 563 1706 627 novit,
1733 579 1905 634 neque
1927 580 2023 618 an-

438 648 542 719 geli
570 648 623 702 in
653 646 813 711 caelo,
843 661 1017 717 neque
1038 646 1227 714 Filius,
1259 650 1363 704 nisi
1389 648 1549 705 Pater
1575 652 1721 707 solus
1740 655 1837 708 ⁸⁸.»
1875 656 2023 723 Qua-

443 753 599 794 tenus
658 740 805 794 enim
889 740 1049 795 homo
1127 743 1294 795 nostri
1370 743 1567 798 similis
1641 745 2022 816 cognoscitur,

443 832 615 886 nescit
651 844 772 899 quae
807 832 859 885 in
887 830 1047 888 Patre
1072 842 1219 887 sunt.
1260 832 1540 899 Quatenus
1585 846 1765 889 autem
1829 847 2020 891 natura

440 931 523 976 est
560 922 721 987 Deus,
747 932 803 976 et
832 938 897 978 ex
928 926 1043 993 ipso
1077 925 1499 995 exstitit,utique
1523 928 1687 982 etiam
1711 937 2021 983 extremum

445 1013 588 1066 diem
621 1014 789 1077 novit,
820 1015 1032 1069 tametsi
1058 1015 1205 1069 illum
1255 1032 1312 1070 se
1368 1032 1527 1072 nosse
1567 1028 1742 1089 neget,
1802 1028 2026 1087 propter

442 1106 733 1160 humanam
754 1117 997 1161 naturam
1031 1123 1181 1162 suam
1222 1110 1495 1164 videlicet.
1521 1109 1891 1179 Interpretans
1930 1128 2026 1164 an-

445 1208 553 1250 tem
589 1198 742 1253 nobis
766 1200 1047 1269 propheta,
1091 1212 1145 1255 et
1196 1200 1481 1256 declarans
1522 1203 1667 1271 quod
1726 1203 1881 1267 dixit,
1941 1204 2027 1258 his

444 1289 693 1359 adjungit
729 1307 744 1344 :
779 1291 893 1344 tEt
920 1307 1025 1345 non
1052 1293 1190 1355 dies,
1244 1303 1297 1347 et
1341 1308 1447 1346 non
1485 1308 1586 1346 nox
1633 1293 1761 1357 erit,
1809 1294 1903 1348 sed
1959 1295 2026 1348 ad

445 1396 723 1451 vesperam
763 1384 867 1437 erit
893 1385 1017 1451 lux;
1052 1404 1070 1437 ι
1107 1386 1284 1449 idest,
1318 1386 1373 1439 in
1414 1396 1655 1455 tempore
1705 1388 1881 1441 noctis
1933 1387 2027 1441 lux

2126 565 2238 619 τῶν
2264 564 2489 636 ήμερῶν
2517 565 2764 629 ἐκείνων,
2811 567 2839 619 6
2885 566 3036 636 ἥλιος
3076 565 3524 636 σκοτισθήσεται,
3554 570 3648 622 καὶ
3673 572 3707 643 ή

2130 657 2326 729 σελήνη
2358 658 2417 711 ού
2448 656 2608 711 δώσει
2652 657 2713 709 τὸ
2741 656 2944 725 φέγγος
2975 656 3165 727 αὐτῆς.
3208 675 3227 707 ι
3275 657 3522 727 Ἀρκέσει
3548 658 3656 729 γάρ
3681 661 3711 713 6

2127 749 2363 820 Χριστὸς
2390 750 2470 812 εἰς
2495 748 2613 817 φῶς
2643 750 2774 819 ἡμῖν
2811 747 3051 814 αἰώνιον,
3085 747 3181 802 καὶ
3229 746 3392 812 αὐτὸς
3422 747 3573 801 ἔσται
3615 767 3710 821 μα-

2128 841 2236 913 κρὰ
2281 841 2375 895 καὶ
2402 840 2658 911 διηνεκὴς
2700 839 2910 911 ἡμέρα.
2946 840 3057 909 Τὴν
3080 839 3138 893 δέ
3167 856 3230 908 γε
3258 840 3471 911 ἡμέραν
3497 841 3709 915 ἐκείνην

2127 931 2374 1003 γνωστὴν
2419 926 2560 985 εἷναί
2604 930 2845 1002 φησιτῷ
2892 931 3102 1003 Κυρίῳ.
3154 930 3328 994 Μόνος
3361 932 3470 1004 γὰρ
3500 929 3642 986 οἶδεν
3681 936 3710 988 6

2127 1024 2259 1087 Θεὸς
2289 1026 2382 1077 καὶ⁵
2409 1023 2599 1095 Πατὴρ
2623 1024 2723 1093 τὴν
2760 1027 2860 1095 τῆς
2888 1024 3199 1087 συντελείας
3232 1024 3466 1096 ἡμέραν.
3510 1026 3713 1095 Ἐμπε-

2126 1117 2207 1170 δοί
2241 1116 2377 1185 πρὸς
2399 1115 2559 1169 τοῦτο
2590 1116 2738 1185 ἡμᾶς
2764 1115 2859 1169 καὶ
2908 1114 3068 1179 αὐτὸς
3096 1117 3125 1169 6
3152 1115 3301 1180 Υίὸς,
3327 1114 3468 1170 οὕτω
3499 1114 3673 1185 λέγων
3692 1132 3708 1147 ⁸

2135 1228 2153 1259 s
2194 1209 2328 1278 Περὶ
2376 1207 2432 1259 δὲ
2461 1210 2558 1277 τῆς
2590 1206 2801 1277 ἡμέρας
2850 1206 3067 1276 ἐκείνης
3114 1207 3211 1260 καὶ
3256 1207 3404 1279 ὥρας
3430 1208 3604 1271 οὐδεὶς
3635 1203 3713 1261 οῖ-

2128 1300 2238 1361 δεν,
2273 1298 2393 1352 οὐδὲ
2418 1300 2467 1351 οἱ
2496 1298 2716 1366 ἄγγελοι
2746 1300 2803 1351 ὲν
2841 1298 3077 1370 οὐρανῷ,
3104 1299 3225 1352 οὐδὲ
3253 1301 3282 1353 6
3319 1300 3467 1365 Υἱὸς,
3496 1302 3544 1353 εί
3582 1299 3657 1371 μὴ
3685 1302 3714 1353 6

2132 1388 2329 1461 Πατὴρ
2359 1390 2536 1460 μόνος.
2571 1409 2588 1441 ι
2626 1382 2701 1460 ᾞ
2738 1390 2837 1458 μὲν
2869 1390 2977 1460 γὰρ
3009 1391 3212 1443 νοεῖται
3260 1388 3381 1442 καθ’
3434 1390 3581 1461 ἡμᾶς
3624 1390 3714 1444 ἀν-

446 1476 553 1528 erit
582 1491 818 1541 rursum,
844 1492 962 1546 quac
1008 1493 1104 1548 per
1154 1478 1432 1533 Christum
1476 1480 1565 1547 qui
1602 1481 1703 1534 sub
1754 1480 1898 1534 cado
1946 1487 2030 1533 est

2149 1481 2378 1551 lpwmg,
2403 1480 2502 1533 οὐκ
2535 1478 2601 1533 ἂν
2644 1480 2811 1551 εἰδείη
2841 1482 2909 1534 τὰ
2943 1484 3000 1534 ὲν
3042 1479 3119 1551 τῷ
3148 1480 3341 1551 Πατρί.
3374 1473 3452 1553 ᾟ
3496 1480 3555 1534 δέ
3597 1482 3712 1534 ἐστι

449 1569 704 1622 mundum
768 1569 1096 1634 illustravit,
1164 1572 1399 1625 tenebris
1462 1574 1675 1630 penitus
1745 1572 2026 1635 discussis,

2149 1573 2289 1640 ρύσει
2314 1570 2466 1636 Θεὸς,
2495 1571 2590 1623 καὶ
2622 1572 2682 1638 ἐξ
2723 1571 2889 1626 αὐτοῦ
2923 1572 3200 1643 πεφηνὼς,
3231 1569 3338 1626 οἶδέ
3366 1589 3468 1625 που
3498 1573 3714 1636 πάντως

450 1676 550 1716 nec
589 1672 900 1717 sanctorum
923 1664 1095 1718 oculis
1125 1665 1357 1733 attiplius
1382 1664 1723 1734 superfusis.
1770 1664 1889 1719 Non
1913 1665 2030 1720 sine

2149 1663 2226 1716 ιαὶ
2265 1666 2365 1734 τὴν
2391 1661 2630 1733 ἐσχάτην
2655 1663 2889 1733 ἡμέραν,
2909 1663 3012 1717 κᾶν
3042 1665 3090 1716 εί
3115 1663 3267 1731 λέγοι
3293 1664 3366 1735 μὴ
3393 1663 3592 1717 εἰδέναι
3628 1662 3716 1718 διά

447 1761 596 1806 certa
636 1766 798 1819 porro
848 1754 1059 1807 ratione
1107 1769 1276 1822 ipsam
1328 1769 1544 1823 quoque
1602 1763 1908 1825 creaturam
1977 1756 2028 1807 in

2149 1754 2193 1807 τὸ
2221 1754 2586 1826 ἀνθρώπινον.
2634 1753 3018 1826 Διερμηνεύων
3064 1754 3121 1808 δὲ
3163 1756 3295 1825 ἡμῖν
3336 1755 3364 1807 6
3407 1754 3714 1826 προφήτης,

449 1839 642 1895 melius
677 1840 1071 1896 reformandam
1132 1843 1530 1907 existimamus,
1586 1854 1641 1897 ct
1684 1844 1788 1898 ilde
1837 1843 2032 1913 dignus

2149 1845 2229 1899 ιαὶ
2278 1846 2615 1918 σαφέστερον
2671 1846 2937 1910 καθιστὰς
2989 1846 3127 1917 ὅπερ
3176 1845 3319 1917 ἐφη,
3376 1845 3716 1917 προσεπάγει

446 1931 855 1989 estSalvatoris
906 1934 1226 2005 discipulus,
1278 1934 1369 2006 qui
1428 1936 1503 1991 ait
1561 1944 1841 1989 venturum
1885 1934 2028 1988 diem

2149 1937 2349 2001 τούτοις
2369 1954 2382 1968 ·
2434 1958 2451 1989 ι
2488 1938 2598 1992 Καὶ
2623 1937 2722 2007 οὐχ
2750 1937 2969 2009 ἡμέρα,
3016 1937 3109 1990 καὶ
3135 1937 3195 1990 ού
3229 1938 3323 2003 νὺξ
3352 1936 3505 1990 ἔσται
3525 1976 3540 2000 ,
3578 1935 3715 1990 ἀλλά

450 2022 663 2077 Domini
696 2032 754 2077 ut
774 2024 935 2096 θοι
973 2024 1143 2081 furem
1168 2026 1222 2080 in
1247 2036 1425 2091 nocte,
1447 2035 1501 2081 et
1528 2025 1695 2080 caelos
1721 2039 1915 2093 magno
1940 2025 2033 2075 im-

2149 2028 2278 2099 πρὸς
2326 2027 2565 2098 ἑσπέραν
2613 2026 2768 2079 ἔσται
2821 2025 2970 2096 φῶς,
3011 2045 3030 2078 ι
3077 2026 3387 2089 τουτέστιν,
3438 2026 3496 2079 ὲν
3540 2023 3717 2096 καιρῷ

452 2127 575 2184 petu
613 2118 957 2183 transituros,
1015 2118 1282 2173 elementa
1338 2134 1470 2173 vero
1506 2116 1831 2173 conﬂuentia
1882 2115 2029 2170 solu-

2149 2120 2353 2183 νυκτὸς,
2378 2118 2493 2188 φῶς
2519 2118 2671 2172 ἔσται
2702 2118 2867 2172 πάλιν
2897 2118 2960 2172 τὸ
2988 2118 3075 2172 διά
3121 2115 3359 2188 Χριστοῦ
3402 2115 3717 2185 καταστρά-

453 2218 589 2272 tum,
623 2218 678 2264 et
714 2217 939 2273 terram,
972 2220 1168 2278 etquae
1194 2210 1247 2264 in
1284 2210 1398 2279 ipsa
1431 2219 1557 2265 sunt
1580 2225 1743 2279 opera
1776 2218 2029 2262 exustum

2149 2211 2239 2281 [av
2285 2210 2383 2282 τὴν
2435 2210 2526 2263 ὑπ’
2574 2209 2825 2279 οὐρανὸν,
2890 2210 3234 2281 ἀνηρημένου
3284 2206 3565 2271 παντελῶς
3622 2204 3716 2261 τοῦ

452 2300 519 2354 iri
557 2302 762 2365 omnia,
822 2302 991 2357 caelos
1024 2310 1202 2357 autem
1252 2319 1417 2359 novos
1471 2313 1527 2358 et
1579 2315 1779 2357 terram
1839 2318 2032 2357 novant

2149 2300 2382 2364 sx6toug,
2411 2299 2504 2353 καὶ
2526 2302 2639 2363 τοῖς
2664 2300 2771 2353 τῶν
2797 2298 2967 2368 ἁγίων
2994 2298 3294 2369 ὀφθαλμοῖς
3318 2298 3419 2352 ούκ
3453 2296 3717 2351 ἐπιπολά-

452 2390 749 2444 secundum
843 2392 1115 2459 promissa
1186 2392 1355 2460 ipsius
1419 2408 1516 2447 nos
1593 2400 1909 2461 exspectare
1965 2393 2033 2444 ⁸⁷.

2149 2392 2319 2457 ’ξοντος
2340 2390 2442 2444 ἔτι.
2479 2392 2633 2461 Ἔχει
2667 2391 2722 2444 δὲ
2750 2391 2842 2444 τὸν
2867 2391 3064 2444 οἰκεῖον
3095 2388 3253 2458 λόγον
3278 2388 3357 2452 τὸ,
3404 2390 3500 2443 καὶ
3546 2389 3718 2457 αὐτὴν

462 2482 615 2546 Quod
646 2497 745 2537 nos
773 2482 1018 2551 cogitare
1045 2484 1207 2537 etiam
1248 2499 1471 2539 necesse
1496 2494 1601 2539 est.
1641 2482 1697 2538 Si
1741 2485 1884 2539 enim
1943 2498 2037 2535 no-

2149 2482 2341 2537 ti'eciiat
2368 2482 2547 2536 κτίσιν
2575 2484 2670 2537 ἐπὶ
2697 2482 2766 2537 τά
2789 2482 2999 2553 ἀμείνω
3029 2480 3593 2554 μεταρρυθμίζεσθαι,
3618 2482 3712 2535 καὶ⁵

453 2584 566 2626 stra
594 2574 816 2628 omnino
853 2585 1014 2628 erunt
1045 2575 1097 2629 in
1128 2575 1366 2630 novitate
1416 2578 1558 2642 vitae,
1614 2591 1750 2629 nova
1816 2590 2032 2645 Quoque

2149 2574 2440 2645 ἀξιόχρεως
2476 2575 2575 2642 μὲν
2614 2574 2709 2628 τοῦ
2755 2574 3007 2645 Σωτῆρος
3051 2575 3079 2627 6
3129 2572 3391 2645 μαθητὴς,
3436 2573 3586 2643 ἥξειν
3621 2572 3721 2645 τὴν

454 2674 701 2718 creatura
731 2665 887 2720 nobis
913 2682 1049 2735 opus
1072 2667 1196 2721 erit.
1262 2666 1415 2731 Nam,
1463 2679 1521 2721 ut
1562 2668 1753 2721 scribit
1814 2668 2033 2721 divinus

2149 2667 2354 2739 ἡμέραν
2399 2668 2607 2738 Κυρίου
2655 2667 2730 2731 ὼς
2757 2666 3000 2738 κλέπτην
3025 2666 3219 2735 λέγων,
3247 2665 3506 2737 οὐρανοὺς
3530 2666 3585 2719 δὲ
3613 2668 3722 2737 ῥοι-

456 2753 658 2810 Pauius
689 2773 703 2809 :
738 2774 756 2807 ι
795 2755 1139 2811 Liberabitur
1167 2767 1221 2812 et
1253 2757 1367 2827 ipsa
1392 2767 1640 2811 creatura
1678 2756 1969 2824 aliquando
2003 2769 2033 2808 a

2149 2754 2300 2827 ζηδὸν
2334 2756 2785 2827 παρελεύσεσθαι,
2822 2758 3062 2826 στοιχεῖα
3092 2757 3149 2810 δὲ
3180 2756 3529 2827 καυσούμενα
3556 2753 3723 2826 Neq-

458 2848 719 2903 servitute
754 2849 804 2903 itt
837 2850 1140 2904 libertatem
1170 2850 1355 2918 gloriae
1379 2850 1609 2905 liliorum
1652 2850 1740 2903 Dei
1775 2850 1840 2901 ⁸⁸.
1876 2868 1894 2900 ι

2149 2846 2355 2912 σεσθαι,
2396 2850 2498 2919 γῆν
2525 2848 2603 2911 δὲ,
2637 2849 2731 2901 xui.
2762 2846 2832 2901 τὰ
2862 2849 2919 2900 ἐν
2952 2848 3089 2919 αὐτῇ
3137 2847 3275 2918 ἔργα
3305 2848 3724 2918 κατακαυθήσε⁶

460 2940 584 2994 σθαι
623 2941 820 3005 πάντα,
852 2943 1113 3012 οὐρανοὺς
1155 2943 1212 2996 δὲ
1276 2946 1497 3006 καινοὺς
1534 2945 1682 3013 ἡμᾶς
1705 2982 1719 3006 ,
1754 2944 1845 2996 καὶ
1873 2943 2068 3014 καινὴν
2108 2942 2211 3012 γῆν
2275 2943 2416 2995 κατὰ
2448 2941 2516 2995 τὰ
2560 2940 2955 3010 ἐπαγγέλματα
3000 2940 3167 2994 αὑτοῦ
3198 2941 3520 3013 προσδοκᾷν.
3573 2940 3725 3013 Πλὴν

460 3034 554 3086 καὶ
580 3030 641 3097 ἐξ
700 3033 1016 3101 ἀναγκαίων
1061 3034 1139 3098 είς
1186 3032 1340 3086 τοῦτο
1390 3032 1720 3104 βαδιούμεθα
1768 3032 2064 3105 λογισμῶν.
2106 3033 2169 3085 Ei
2216 3032 2325 3101 γὰρ
2369 3030 2520 3085 ἔσται
2570 3032 2789 3095 πάντως
2838 3034 2894 3086 ὲν
2945 3031 3226 3102 καινότητι
3280 3033 3426 3102 ζωῆς
3470 3035 3538 3087 τὰ
3602 3033 3725 3087 καθ’

459 3124 628 3193 ήμᾶς,
652 3124 844 3190 καινῆς
867 3126 1000 3194 ἡμῖν
1028 3123 1107 3175 δεῖ
1170 3123 1261 3177 καὶ
1316 3122 1568 3187 κτίσεως.
1606 3125 1697 3186 Ὠς
1758 3124 1866 3195 γὰρ
1893 3126 1923 3177 6
1984 3122 2273 3184 θεσπέσιος
2316 3122 2515 3192 γράφει
2562 3121 2795 3186 Παῦλος,
2829 3141 2847 3173 ι
2887 3121 3417 3193 Ἐλευθερωθήσεται
3456 3123 3550 3176 καὶ
3590 3123 3727 3194 αὑτὴ

462 3216 603 3272 κατά
646 3218 872 3287 καιροὺς
919 3218 953 3287 ἡ
995 3216 1173 3281 κτίσις
1223 3218 1331 3271 ἀπὸ
1378 3217 1476 3287 τῆς
1527 3217 1769 3281 δουλείας
1811 3220 1892 3280 είς
1937 3217 2036 3287 τὴν
2076 3214 2388 3286 ἐλευθερίαν
2420 3216 2517 3285 τῆς
2573 3215 2733 3285 δόξης
2756 3214 2865 3268 τῶν
2903 3216 3109 3270 τέκνων
3144 3214 3238 3268 τοῦ
3262 3214 3419 3268 Θεοῦ.
3458 3233 3477 3266 ι

535 3309 700 3365 Vnus.
737 3309 792 3375 8,
831 3310 886 3365 9.
930 3309 1103 3363 lndie
1149 3313 1246 3364 illa
1296 3312 1581 3379 egredietur
1639 3326 1778 3380 aqua
1820 3311 1932 3364 viva
1979 3313 2041 3363 de
2071 3318 2113 3373 ο

464 3401 784 3464 Jerusalem,
820 3402 992 3455 media
1038 3418 1163 3465 pars
1211 3403 1323 3469 ejus
1378 3402 1436 3453 in
1482 3417 1628 3454 mare
1694 3402 1945 3465 primum,
1997 3410 2045 3455 et

467 3491 645 3547 media
669 3508 794 3562 pars
828 3492 943 3562 ejus
977 3495 1030 3544 in
1073 3508 1217 3546 mare
1271 3493 1637 3556 novissimum,
1667 3505 1713 3545 et
1756 3493 1810 3545 in
1844 3503 2045 3554 «estate,

470 3586 598 3640 etin
622 3600 736 3640 uere
761 3585 836 3638 sic
865 3585 984 3637 erit.
1025 3581 1090 3636 Et
1118 3584 1217 3637 erit
1269 3583 1525 3638 Dominus
1582 3586 1634 3636 in
1676 3600 1843 3654 regem
1892 3600 2050 3653 super

473 3691 677 3732 omnem
704 3689 917 3729 terram.

547 3855 679 3913 CVI.
721 3855 955 3910 Rursum
991 3866 1178 3910 narrat
1213 3855 1392 3920 nobis,
1437 3858 1686 3927 quamvis
1736 3856 2050 3921 involutius,

478 3948 737 4018 Spiritum
757 3957 1003 4002 sanctum
1032 3962 1197 4017 super
1219 3958 1435 4002 sanctos
1468 3947 1775 4018 largissime
1797 3957 1851 4002 et
1890 3949 2051 4002 uber-

480 4041 615 4095 rime
641 4037 871 4094 eﬂ'usum
912 4039 1001 4104 iri,
1041 4053 1106 4094 eo
1160 4038 1499 4107 potissimum
1549 4049 1811 4108 tempore,
1866 4040 2051 4109 quoin

479 4138 719 4186 sanctam
754 4138 808 4183 et
844 4142 1059 4197 semper
1085 4127 1397 4181 duraturam
1431 4128 1594 4179 vitam
1650 4128 1888 4182 subvecti
1939 4127 2054 4182 fne-

480 4225 611 4286 rinl,
633 4224 697 4276 ad
723 4223 894 4284 illam,
924 4222 1166 4291 inquam,
1194 4218 1359 4274 futuri
1391 4220 1593 4276 saeculi.
1617 4218 1771 4276 Nunc
1788 4222 1927 4274 enim
1961 4235 2056 4289 per

480 4316 641 4371 [idem
676 4314 729 4368 in
759 4313 1037 4369 Christum
1067 4313 1219 4381 quasi
1251 4312 1610 4365 arrhabonent
1631 4321 1683 4366 et
1724 4312 1916 4382 pignus
1942 4314 2053 4381 pri-

481 4407 663 4462 mitias
707 4406 878 4461 sancti
911 4406 1146 4473 Spiritus
1187 4419 1283 4473 pro
1332 4403 1535 4459 divitiis
1576 4406 1902 4472 accepimus.
1957 4402 2053 4458 Ubi

481 4507 663 4554 autem
687 4513 716 4550 a
753 4498 975 4551 mortuis
1015 4496 1365 4559 redierimus,
1404 4504 1624 4564 peccato
1675 4510 1897 4564 prorsus
1932 4498 2057 4550 sub-

481 4592 615 4656 lato,
649 4604 753 4642 non
804 4598 1057 4657 tanquam
1093 4588 1332 4643 arrhabo
1361 4587 1593 4657 amplius
1632 4596 1685 4640 et
1720 4589 1770 4641 in
1805 4604 2056 4641 mensura

2232 3309 2332 3362 Ἐν
2382 3306 2455 3375 τῇ
2510 3305 2699 3375 ἡμέρᾳ
2737 3306 2940 3376 ἐκείνῃ
2984 3305 3368 3371 ἐξελεύσεται
3413 3304 3570 3375 ὕδωρ
3619 3304 3731 3367 ζῶν

2145 3404 2215 3465 εξ
2257 3399 2673 3470 Ἰερουσαλὴμ,
2713 3399 2779 3453 τὸ
2810 3399 3005 3469 ἣμισυ
3029 3398 3215 3454 αὐτοῦ
3238 3403 3326 3465 εὶς
3364 3398 3479 3467 τὴν
3501 3397 3731 3453 θάλασ-

2151 3509 2276 3548 σαν
2302 3492 2418 3560 τὴν
2456 3492 2716 3560 πρώτην,
2782 3492 2883 3545 καὶ
2933 3492 2998 3546 τὸ
3049 3491 3240 3561 ἣμισυ
3267 3488 3453 3545 αὐτοῦ
3476 3491 3563 3557 είς
3618 3491 3734 3555 τὴν

2149 3584 2470 3639 θάλασσαν
2530 3582 2643 3651 τὴν
2692 3584 2983 3651 ἐσχάτην,
3044 3582 3144 3637 καί
3199 3583 3268 3637 ἐν
3305 3582 3478 3651 θέρει,
3519 3583 3619 3636 καὶ
3664 3584 3735 3636 ἐν

2150 3675 2277 3742 ἔαρι
2303 3672 2475 3726 ἔσται
2503 3672 2712 3738 οὕτως.
2764 3671 2874 3725 Καὶ
2911 3671 3082 3724 ἔσται
3123 3671 3338 3738 Κύριος
3363 3670 3450 3736 είς
3471 3665 3739 3733 βασιλέα

2151 3766 2248 3819 ἐπὶ
2273 3764 2480 3819 πᾶσαν
2507 3763 2622 3830 τὴν
2647 3762 2780 3832 γῆν.

2224 3859 2361 3924 PG’.
2404 3856 2713 3925 Ἐξηγεῖται
2746 3855 2908 3910 πάλιν
2938 3856 3068 3926 ήμῖν
3099 3852 3533 3923 αἰνιγματωδῶς,
3560 3853 3642 3906 δτι
3670 3852 3736 3922 δὴ

2156 3948 2381 4018 πλείστη
2409 3966 2467 4001 τε
2493 3948 2615 4018 ὅση,
2640 3947 2735 4000 καὶ
2766 3945 3086 4017 ἀμφιλαφὴς
3119 3946 3152 4014 ή
3183 3943 3278 3997 τοῦ
3302 3944 3457 4012 ἁγίου
3484 3940 3738 4012 Πνεύμα·

2155 4058 2246 4103 τος
2274 4040 2429 4109 χύσις
2463 4042 2573 4102 τοῖς
2621 4039 2799 4107 ἁγίοις
2853 4037 3330 4108 ὲκνεμηθήσεται,
3392 4036 3512 4089 κατ’
3558 4037 3736 4088 έκεῖνο

2160 4134 2392 4205 μάλιστα
2442 4131 2535 4185 τοῦ
2590 4130 2806 4202 καιροῦ,
2844 4129 2966 4183 καθ’
3020 4131 3078 4182 ὃν
3111 4129 3177 4183 ἂν
3223 4131 3303 4193 είς
3351 4130 3513 4198 ἁγίαν
3561 4128 3739 4183 τεκαὶ

2156 4227 2436 4297 ἁείδρυτον
2482 4208 2898 4295 ἀνακομισθεῖεν
2959 4222 3137 4293 ζωὴν,
3186 4223 3285 4292 τὴν
3326 4224 3402 4286 ὡς
3451 4223 3509 4275 ὲν
3555 4221 3733 4281 αίῶνι.

2159 4319 2323 4388 φημὶ,
2372 4317 2452 4387 τῷ
2488 4317 2758 4387 μέλλοντι.
2787 4314 2923 4368 Νυνὶ
2952 4315 3050 4385 μὲν
3100 4314 3212 4384 γὰρ
3244 4313 3329 4368 διά
3360 4314 3599 4377 πίστεως
3641 4311 3741 4381 τῆς

2158 4412 2236 4474 είς
2260 4409 2494 4481 Χριστὸν
2526 4407 2600 4471 ὼς
2621 4410 2679 4460 ὲν
2707 4405 3026 4479 ἁρῤαδῶνος
3062 4406 3212 4472 τάξει
3250 4404 3348 4475 τὴν
3370 4405 3625 4476 ἀπαρχὴν
3645 4402 3739 4458 τοῦ

2158 4501 2313 4569 ἁγίου
2343 4498 2660 4569 ῐΙνεύματος
2684 4496 3164 4566 πεπλουτήκαμεν.
3202 4495 3357 4549 Μετὰ
3380 4494 3435 4548 δέ
3461 4512 3528 4564 γε
3554 4494 3653 4566 τὴν
3676 4496 3741 4547 ἐκ

2160 4592 2368 4663 νεκρῶν
2390 4592 2706 4653 ἀναϐίωσιν,
2740 4590 3092 4661 ἀνῃρημένης
3119 4590 3197 4650 είς
3223 4587 3369 4641 ἁπαν
3413 4586 3512 4655 τῆς
3563 4586 3741 4656 ἁμαρ⁴

482 4680 698 4737 divinus
725 4679 958 4748 Spiritus
994 4680 1045 4733 in
1075 4679 1227 4733 nobis
1241 4678 1366 4739 erit,
1398 4677 1491 4730 sed
1515 4676 1787 4730 ali'atimet
1816 4677 2047 4746 copiose,

2156 4687 2298 4751 τίας,
2327 4686 2429 4740 ούκ
2452 4687 2513 4737 ὲν
2541 4684 2860 4756 ἀρραϐῶνας
2910 4682 2989 4736 έτι
3023 4682 3175 4747 τάξει
3206 4678 3280 4734 ’τε
3340 4680 3435 4734 καὶ
3472 4678 3654 4749 μέτρῳ
3679 4677 3741 4731 τὸ

483 4772 689 4836 utdixi,
721 4780 777 4826 et
814 4780 923 4825 tum
959 4772 1197 4840 perfecte
1228 4770 1279 4823 in
1316 4771 1471 4823 donis
1520 4785 1616 4838 per
1651 4769 1932 4825 Christum
1968 4785 2061 4824 aco

483 4864 699 4934 quisitis
733 4862 1054 4919 laetabimur.
1099 4865 1315 4931 Aquam
1373 4863 1538 4933 igitur
1584 4863 1763 4915 vivam
1829 4862 2061 4931 appellat

486 4955 772 5027 Spiritum,
802 4972 821 5006 ι
852 4954 979 5022 Quae
1010 4964 1064 5009 et
1093 4956 1159 5009 de
1187 4970 1422 5023 superna
1460 4952 1761 5009 Jerusalem
1810 4954 2060 5021 egredie-

484 5055 595 5112 tur,
634 5065 656 5099 ›
684 5047 877 5115 inquit.
932 5046 1194 5113 Quoniam
1225 5048 1369 5100 enim
1398 5047 1774 5100 universorum
1816 5046 1980 5099 Deum
2011 5044 2064 5100 in

488 5139 649 5197 caelis
677 5139 922 5194 habitare
951 5141 1019 5192 ab
1045 5138 1160 5208 ipso
1194 5138 1460 5207 inspirata
1503 5138 1783 5204 Scriptura
1809 5154 2060 5207 praenun-

486 5232 608 5299 tiet,
635 5233 880 5300 quamvis
915 5231 1114 5300 ubique
1141 5231 1210 5285 sit
1234 5240 1287 5285 et
1312 5246 1377 5283 eo
1408 5229 1563 5301 plena
1608 5230 1719 5284 sint
1746 5232 1950 5296 omnia,
1983 5232 2063 5285 id-

491 5324 641 5378 circo
674 5324 837 5377 etiam
860 5322 1130 5377 viviﬁcum
1169 5320 1431 5391 Spiritum
1464 5325 1534 5377 de
1563 5323 1700 5377 coelo
1725 5336 2067 5390 egressurum

496 5415 648 5470 dicit.
683 5414 873 5470 Solere
900 5425 1077 5468 autem
1126 5414 1367 5467 divinum
1418 5413 1677 5483 Spiritum
1716 5412 1872 5479 aquis
1919 5428 2070 5467 com-

2166 4776 2310 4830 θεῖον
2333 4777 2394 4830 ὲν
2416 4778 2550 4846 ἡμῖν
2583 4775 2737 4828 ἔσται
2770 4772 3015 4845 Πνεῦμα,
3048 4770 3316 4833 πλουσίως
3344 4770 3399 4823 δὲ
3432 4768 3528 4822 καὶ
3569 4768 3738 4838 ἀμφιο

2164 4868 2370 4938 λαφῶς,
2393 4868 2469 4930 ὡς
2494 4866 2649 4938 ἔφην,
2682 4866 2777 4920 καὶ
2804 4865 2903 4937 ήδη
2938 4863 3159 4927 τελείως
3204 4863 3318 4925 τοῖς
3369 4859 3455 4913 διὰ
3502 4856 3741 4929 Χριστοῦ

2167 4961 2499 5031 χαρίσμασιν
2525 4958 2955 5028 ὲντρυφήσομεν.
2986 4955 3173 5025 ’Ύδωρ
3193 4953 3258 5023 δὴ
3285 4949 3379 5006 οὖν
3404 4949 3513 5016 ζῶν
3547 4948 3743 5019 ὀνομάο

2169 5051 2251 5115 ζει
2281 5050 2341 5103 τὸ
2370 5049 2615 5119 Πνεῦμα,
2671 5066 2689 5099 ι
2726 5048 2791 5101 Ὅ
2822 5048 2914 5099 καὶ
2970 5046 3035 5099 ὲκ
3082 5045 3182 5113 τῆς
3212 5043 3326 5097 ἀνω
3389 5040 3746 5112 Ἰερουσαλὴμ

2167 5141 2527 5207 ἐξελεύσεται,
2558 5143 2743 5213 φησίν.
2782 5137 2998 5206 Ἐπειδὴ
3042 5136 3153 5206 γάρ
3186 5135 3461 5188 κατοικεῖν
3502 5132 3559 5185 ὲν
3591 5130 3745 5200 ούρα-

2166 5236 2275 5296 νοῖς
2303 5233 2394 5285 τὸν
2415 5234 2524 5286 τῶν
2555 5233 2691 5286 ὅλων
2721 5230 2852 5283 Θεὸν
2873 5230 2907 5299 ἡ
2941 5226 3298 5288 θεόπνευστος
3327 5224 3432 5294 ἔφη
3459 5220 3671 5294 Γραφὴ,
3697 5222 3752 5274 ει

2169 5326 2264 5379 καὶ
2291 5325 2405 5379 ἐστι
2436 5324 2711 5395 πανταχοῦ
2739 5322 2831 5375 καὶ
2861 5320 3192 5388 πεπλήρωκε
3222 5316 3291 5371 τά
3321 5318 3519 5381 πάντα,
3571 5314 3758 5395 ταύτῃ,

2168 5434 2250 5469 τοι
2290 5416 2422 5486 φησι⁷
2455 5415 2549 5468 καὶ
2592 5413 2651 5477 ἐξ
2698 5409 2929 5482 ούρανοῦ
2981 5409 3043 5462 τὸ
3084 5407 3345 5472 ζωοποιδν
3402 5403 3757 5472 ἐξελεύσεται

498 5505 683 5577 parari
705 5505 759 5561 in
790 5503 1234 5569 sacris-Litteris,
1264 5506 1377 5573 ipse
1421 5504 1539 5576 ejus
1566 5506 1719 5561 dator
1753 5504 2047 5561 testiﬁcabi

2172 5508 2415 5579 Πνεῦμα.
2453 5508 2574 5560 Ὅτι
2620 5506 2677 5559 δὲ
2712 5503 2865 5557 ῦδασι
2909 5501 3262 5573 παρεικάζειν
3293 5499 3413 5564 ἔθος
3441 5499 3561 5560 τοῖς
3582 5496 3744 5565 ἱεροῖς

505 5607 613 5662 tur,
643 5593 812 5652 Filius
833 5612 1067 5667 nempe:
1106 5594 1247 5663 «Qui
1293 5598 1466 5652 credit
1515 5597 1566 5652 itt
1599 5612 1705 5663 me,
1758 5597 1903 5651 sicut
1944 5597 2046 5653 dici

2174 5598 2468 5669 Γρὰμμασι
2498 5598 2556 5650 τὸ
2583 5593 2802 5665 Πνεῦμα
2831 5594 2890 5647 τὸ
2918 5592 3079 5659 θεῖον,
3110 5590 3270 5654 αὐτὸς
3300 5588 3625 5641 πιστῶσεται
3660 5581 3757 5635 λέον

573 5774 616 5810 ⁸⁸
654 5771 818 5830 Marc.
850 5774 1081 5842 suum.
1163 5776 1201 5806 ⁶⁷
1234 5775 1247 5829 I
1278 5770 1420 5830 Pctr.
1459 5791 1538 5843 ιιι,
1586 5775 1766 5841 IO-N.
1845 5776 1891 5807 "
1931 5775 2086 5837 Rom.
2128 5791 2251 5841 vm,
2279 5774 2367 5829 Si.
