4120 6376
333 374 439 432 285

1148 362 1694 424 COMMENTARIUS
1728 362 1800 419 ΙΝ
1840 361 2241 419 ZACHARIAM
2283 363 2725 426 PROPHETAM.

3463 359 3569 415 εει

325 506 439 559 γων
464 490 495 542 ὁ
517 489 704 544 τούτου
733 489 917 559 δοτηρ,
941 483 1239 551 τουτέστιν,
1259 487 1289 539 ὁ
1306 484 1454 549 Υἱόςο
1480 502 1499 535 ι
1536 484 1605 537 '0
1621 482 1889 537 πιστεύων

1996 485 2318 558 Scriptura,
2374 487 2599 542 ﬂumina
2648 487 2719 542 de
2782 491 2991 543 ventre‘
3023 489 3142 558 ejus
3195 487 3359 542 ﬂuent
3418 497 3575 553 aqua

326 586 407 647 sic
438 583 559 652 ἐμὲ.
590 580 773 643 καθὼς
806 575 959 632 εἶπεν
990 578 1024 647 ἠ
1048 576 1259 648 Γραφὴ,
1283 577 1515 646 ποταμοὶ
1562 578 1625 629 ἐκ
1650 576 1746 645 τῆς
1773 591 1889 628 κοι-

323 672 445 738 λίας
469 671 630 728 αὑτοῦ
663 670 944 742 ῥεύσουσιν
970 667 1157 732 ὓδατος
1189 668 1353 738 ζωῆς.
1383 686 1403 718 ι
1433 668 1543 721 Καὶ
1566 666 1729 720 τοῦτο
1754 666 1894 737 διερ-

328 767 574 839 μηνεύων
613 767 642 820 ὁ
694 763 977 827 θεσπέσιος
1028 760 1433 831 εὐαγγελιστὴς,
1494 761 1586 813 καὶ
1632 759 1892 822 καθιστάς

323 857 574 927 ἐναργὲς,
612 875 631 908 ι
662 854 831 908 Τοῦτο
854 853 911 906 δέ
944 848 1086 913 εἷπε,
1119 851 1271 921 φησὶ.
1292 853 1420 921 περὶ
1441 850 1534 903 τοῦ
1558 848 1890 920 Πνεύματοςλ.

322 941 630 1017 οὖεμελλον
683 944 977 1014 λαμϐάνειν
1025 946 1072 997 οἱ
1133 941 1477 1005 πιστεύοντες
1524 944 1604 1005 είς
1645 941 1825 997 αὐτόν.
1867 959 1888 993 ι

336 1037 556 1107 Ἐπειδὴ
590 1039 697 1108 γὰρ
724 1037 783 1091 τὸ
811 1035 1033 1105 Πνεῦμά
1060 1036 1175 1089 ἐστι
1232 1034 1511 1099 ζωοποιὸν,
1543 1033 1695 1088 ὕδατι
1724 1033 1894 1106 ταύτῃ

318 1145 404 1183 τοι
431 1128 541 1182 τῶν
569 1130 833 1199 σωμάτων
876 1128 1121 1197 ζωοποιῷ
1170 1126 1584 1197 παρεικάζεται,
1624 1130 1716 1179 καὶ
1750 1124 1894 1195 μάλα

319 1221 517 1292 ὀρθῶς.
542 1222 663 1275 Ὀτι
689 1222 747 1275 δὲ
778 1223 888 1285 τοῖς
911 1221 1009 1290 τῆς
1036 1219 1195 1288 άγίας
1228 1219 1516 1289 ἠξιωμένοι
1541 1218 1686 1289 ζωῆς
1715 1235 1894 1289 παραυ

317 1310 556 1366 τέθειται
579 1311 843 1374 πλουσίως
861 1310 920 1364 τὸ
941 1312 1128 1382 χρῆμα
1159 1310 1478 1379 μεταλαχεῖν
1497 1309 1597 1379 τῆς
1616 1307 1708 1361 τοῦ
1736 1308 1891 1376 ἁγίου

322 1401 636 1473 Πνεύματος
668 1402 949 1472 χορηγίας,
1011 1401 1104 1453 καὶ
1135 1397 1330 1472 οἷάπερ
1375 1400 1581 1455 ὑδάτων
1637 1400 1893 1469 ἐμφορεῖ-

322 1494 446 1548 σθαι
476 1492 774 1557 ζωοποιῶν,
810 1492 1140 1564 ύπεμφαίνει
1190 1493 1383 1561 λέγων,
1416 1493 1497 1545 ὅτι
1540 1491 1632 1545 τοῦ
1671 1490 1889 1555 ὓδατος,

332 1586 416 1640 σοῦ
466 1586 913 1658 προσδοκωμένου
967 1584 1108 1639 κατὰ
1158 1586 1383 1656 καιροὺς
1439 1584 1499 1649 ἐξ
1540 1582 1893 1654 Ἰερουσαλὴμ

321 1678 720 1743 ἐξελεύσεσθαι,
757 1678 818 1730 τὸ
867 1677 967 1748 μὲν
994 1679 1167 1749 ἥμισυ
1223 1677 1481 1747 βαδιεῖται
1532 1675 1668 1745 πρὸς
1692 1674 1891 1727 θάλασ-

325 1787 425 1825 σαν
453 1769 550 1841 τὴν
572 1768 817 1840 πρώτην,
844 1769 906 1821 τὸ
926 1769 982 1822 δὲ
1008 1769 1181 1839 ἥμισυ
1211 1768 1345 1839 πρὸς
1375 1768 1475 1837 τὴν
1496 1766 1771 1821 θάλασσαν
1793 1764 1892 1834 τὴν

2002 577 2134 631 vim
2158 578 2222 631 ⁶’;
2259 596 2278 629 ι
2329 576 2481 644 Quod
2512 593 2790 648 exponens
2818 578 3184 634 clientela-ns
3214 591 3377 632 sacer
3396 590 3570 631 em-

1999 667 2260 738 geiistan
2304 668 2419 723 Hoc
2458 682 2635 724 autem
2689 670 2925 736 dicebat,
2980 671 3178 740 inquit.
3239 671 3307 725 de
3358 668 3571 738 Spiritu

2000 774 2157 827 quem
2182 762 2453 828 accepturi
2489 775 2644 817 erant
2676 762 2957 817 credentes
2986 764 3038 817 in
3083 778 3203 816 eum
3234 763 3301 815 '°.
3354 781 3372 814 ο
3433 760 3570 826 Quia

2002 866 2232 921 namque
2262 853 2496 922 Spiritus
2529 864 2612 908 est
2641 854 2909 920 vivificus,
2948 855 3080 909 ideo
3108 869 3230 909 cum
3271 867 3408 923 aqua
3445 850 3573 905 vivi-

2000 940 2193 996 ﬁcante
2214 943 2613 1013 appositissime
2639 946 2934 1000 confertur.
2969 944 3123 1012 Quod
3155 954 3334 999 autem
3375 944 3568 1013 digna-

2000 1035 2068 1087 tis
2104 1045 2290 1089 sancta
2320 1037 2428 1089 vita
2462 1036 2627 1091 liceat
2670 1037 2883 1093 abunde
2932 1036 3114 1092 sortiri
3161 1035 3569 1106 possessionem

1999 1126 2172 1182 sancti
2201 1127 2457 1197 Spiritus,
2509 1129 2672 1198 802
2707 1140 2762 1184 et
2786 1138 3044 1197 tanquam
3068 1128 3224 1197 aquis
3254 1125 3573 1180 viviﬁcanti-

1999 1220 2101 1272 bus
2153 1217 2371 1284 repleri,
2424 1219 2649 1283 indicat,
2701 1234 2823 1273 cum
2876 1219 3026 1281 dicit,
3059 1233 3213 1286 aqum
3257 1216 3401 1271 illius
3451 1230 3571 1285 quae

1999 1308 2283 1375 aliquando
2308 1308 2697 1379 Hierosolymis
2727 1324 3010 1380 egressura
3055 1317 3424 1379 exspectatur,
3482 1307 3568 1360 di-

2000 1401 2219 1454 midium
2260 1402 2530 1457 abiturum
2566 1406 2630 1455 ad
2684 1419 2833 1457 mare
2864 1406 3121 1472 primum,
3184 1411 3239 1456 et
3290 1399 3569 1454 dimidium

2000 1492 2065 1545 ad
2112 1507 2259 1547 mare
2319 1504 2643 1549 extremum.
2699 1494 2811 1550 lloc
2864 1510 2992 1549 vero
3024 1484 3152 1565 quid
3182 1503 3263 1549 est
3293 1493 3321 1547 τ
3358 1492 3487 1545 Mari
3515 1500 3574 1546 et

1998 1584 2152 1651 aquis
2210 1583 2519 1655 frequenter
2566 1585 2761 1640 multas
2810 1596 2998 1653 gentes
3058 1597 3113 1640 et
3171 1584 3568 1639 multitudinem

1999 1671 2441 1726 innumerabilem
2465 1673 2660 1729 divina:
2690 1675 2907 1730 Littera:
2935 1675 3257 1729 assimilant.
3284 1674 3460 1744 Atque
3497 1672 3570 1727 ita

2000 1780 2097 1833 per
2122 1767 2411 1833 quemdam
2441 1776 2753 1822 sanctorum
2801 1768 3191 1839 pr0phetarum
3224 1768 3299 1822 ait
3326 1785 3341 1822 :
3382 1787 3401 1819 ι
3436 1766 3571 1833 Quia

323 1861 576 1931 ἐσχάτην.
612 1861 722 1915 Καὶ
767 1860 820 1913 τί
875 1860 940 1928 δὴ
973 1859 1131 1913 τοῦτό
1160 1863 1312 1925 seu;
1360 1859 1669 1920 Θαλάσσαις
1704 1874 1762 1910 τε
1803 1858 1894 1910 καὶ

1998 1856 2197 1925 repleta
2223 1867 2307 1912 est
2336 1858 2511 1913 omnis
2532 1867 2674 1913 terra
2708 1871 2766 1914 ut
2797 1870 3089 1931 cognoscat
3120 1860 3427 1928 Dominum,
3454 1860 3565 1914 sic-

324 1951 507 2006 ὖδασιν
541 1950 775 2022 ἐξομοιοῖ
806 1951 1065 2014 πολλάκις
1118 1953 1151 2022 ἡ
1186 1949 1308 2003 θεία
1333 1948 1525 2021 Γραφὴ
1568 1948 1736 2002 πολλὰ
1786 1947 1893 2001 τῶν

322 2040 623 2113 ἀνθρώπων
648 2041 796 2112 ἔθνη,
830 2040 923 2094 καὶ
969 2039 1068 2110 τὴν
1092 2038 1325 2110 ἀριθμοῦ
1355 2038 1639 2109 κρείττονα
1665 2037 1891 2109 πληθύν.

322 2135 433 2188 Καὶ
456 2133 599 2187 οὕτω
648 2133 747 2187 πού
797 2150 928 2205 φησι
954 2132 1019 2186 δι’
1056 2132 1173 2195 ἐνὸς
1201 2131 1309 2184 τῶν
1364 2131 1534 2200 ἁγίων
1567 2130 1891 2202 προφητῶν,

326 2246 346 2280 ι
390 2228 510 2282 Ὀτι
533 2226 835 2297 ἐνεπλήσθη
861 2228 893 2296 ἠ
920 2226 1179 2296 σύμπασα
1200 2226 1272 2295 γῆ
1293 2225 1386 2278 τοῦ
1415 2225 1615 2294 γνῶναι
1640 2223 1732 2277 τὸν
1782 2222 1895 2277 Κύ-

322 2334 457 2389 ριον,
484 2316 560 2380 ὡς
598 2316 741 2387 ὕδωρ
761 2316 895 2370 πολὺ
923 2314 1303 2385 κατακαλύψαι
1333 2314 1624 2378 θαλάσσας.
1662 2334 1680 2367 ι
1746 2315 1890 2385 Ἔφη

318 2406 375 2461 δέ
405 2423 507 2460 που
529 2407 623 2460 καὶ
645 2408 674 2458 ὁ
707 2404 991 2469 θεσπέσιος
1028 2404 1247 2474 Δανιὴλ,
1299 2404 1367 2457 τὰ
1399 2405 1457 2457 ἐν
1489 2407 1738 2475 ἐσχάτοις
1762 2421 1889 2458 -και-

322 2502 436 2572 ροῖς
466 2498 856 2570 συμϐησόμενα
910 2501 1021 2557 τοῖς
1049 2496 1153 2551 ἀνὰ
1197 2498 1378 2550 πᾶσαν
1423 2496 1521 2567 τὴν
1567 2496 1893 2565 οἰκουμένην

320 2591 741 2664 προαναιρωνῶν·
779 2610 799 2643 ι
847 2589 988 2658 Ἐγὼ
1024 2588 1219 2660 Δανιὴλ
1266 2586 1550 2659 ἐθεώρουν,
1584 2588 1678 2641 καὶ
1707 2587 1813 2641 ἰδοὺ
1842 2587 1893 2639 oi

317 2684 580 2753 τέσσαρες
630 2683 820 2753 ἄνεμοι
870 2680 965 2734 τοῦ
1015 2678 1244 2751 οὐρανοῦ
1294 2678 1630 2750 προσέϐαλον
1678 2678 1758 2741 εις
1792 2675 1893 2747 τὴν

318 2776 593 2830 θάλασσαν
620 2773 719 2843 τὴν
754 2773 1017 2843 μεγάλην,
1049 2772 1143 2825 καὶ
1194 2769 1435 2842 τέσσαρα
1469 2769 1632 2841 θηρία
1682 2768 1893 2839 μεγάλα

316 2866 596 2922 ἀνέϐαινον
632 2867 696 2918 ἐκ
724 2866 822 2935 τῆς
850 2865 1143 2934 θαλάσσης,
1205 2862 1531 2934 διαφέροντα
1569 2861 1829 2933 ἀλλήλων.
1866 2879 1885 2912 ι

319 2960 656 3030 Μφέστερον
687 2957 742 3010 δὲ
772 2956 928 3010 τοῦτο
956 2956 1086 3010 αὐτὸ
1111 2954 1370 3018 καθιστὰς
1394 2955 1423 3007 ὁ
1446 2954 1715 3024 μακάριος
1731 2952 1894 3005 Δαϐὶδ

317 3051 642 3121 ἁναμέλπει,
674 3048 865 3115 λέγων·
907 3068 926 3099 ι
952 3046 1103 3115 Αὕτη
1128 3050 1160 3117 ἠ
1194 3046 1438 3100 θάλασσα
1464 3047 1497 3116 ὴ
1556 3045 1764 3116 μεγάλη
1795 3046 1892 3098 καὶ

318 3143 648 3215 εὐρύχωρος,
674 3142 791 3195 ἐκεῖ
825 3139 1049 3211 ἑρπετὰ,
1085 3133 1160 3193 ὧν
1185 3139 1285 3192 οὐκ
1319 3137 1466 3190 ἔστιν
1494 3136 1746 3208 ἀριθμὸς,
1777 3135 1891 3200 ζῶα

2001 1958 2060 2000 ιιι
2093 1962 2232 2016 aqua
2274 1949 2440 2003 multa
2494 1950 2703 2020 operiet
2726 1954 2895 2006 maria
2929 1953 2997 2005 ".
3038 1971 3059 2004 ι
3095 1951 3233 2019 Quin
3264 1961 3319 2007 et
3353 1952 3571 2006 divinus

1998 2037 2183 2092 Daniel
2216 2041 2479 2097 extremis
2507 2042 2842 2110 temporibus
2871 2052 3129 2100 eventura
3153 2042 3406 2098 omnibus
3428 2056 3572 2097 moro

1996 2128 2192 2183 talibus
2244 2133 2660 2198 praznttntians:
2716 2150 2735 2183 ι
2786 2134 2894 2203 Ego
2956 2134 3139 2189 Daniel
3196 2134 3465 2195 videbam,
3516 2141 3572 2186 et

1994 2235 2123 2276 ecce
2144 2233 2377 2288 quatuor
2411 2224 2555 2277 venti
2579 2224 2698 2279 coeli
2729 2224 3007 2279 irruebant
3037 2226 3088 2279 in
3118 2239 3264 2279 mare
3289 2239 3567 2295 magnum,

1995 2320 2046 2366 et
2070 2322 2303 2380 quatuor
2328 2315 2514 2369 bestiae
2542 2331 2753 2386 magum
2777 2317 3135 2372 ascendentes
3163 2316 3230 2371 de
3275 2315 3433 2378 mari,
3464 2314 3570 2369 dif-

1997 2403 2230 2460 ferentes
2259 2405 2488 2462 invicem
2510 2409 2577 2462 ⁷³.
2623 2427 2640 2460 ι
2675 2408 2827 2476 Quod
2874 2409 3115 2479 apertius
3164 2408 3355 2464 beatus
3403 2406 3570 2461 David

1993 2496 2141 2549 canit
2183 2513 2197 2548 :
2248 2514 2267 2546 ι
2322 2496 2435 2551 Hoc
2486 2512 2635 2552 mare
2685 2513 2936 2569 magnum
2983 2508 3039 2554 et
3097 2500 3415 2568 spatiosum,
3459 2497 3572 2553 illic

1994 2587 2210 2656 reptilia
2246 2603 2475 2657 quorum
2506 2605 2610 2643 non
2645 2598 2727 2643 est
2756 2606 3033 2657 numerus,
3073 2590 3324 2645 animalia
3379 2588 3567 2659 pusilla

1992 2691 2115 2731 cum
2143 2679 2372 2749 magnis.
2419 2677 2533 2733 Illic
2574 2695 2737 2734 naves
2786 2682 3224 2749 pertransibunt,
3264 2681 3429 2732 draco
3465 2678 3569 2732 iste

1991 2784 2151 2839 quem
2183 2768 2429 2825 formasti
2456 2772 2523 2825 ad
2561 2771 2892 2825 illudendum
2931 2773 2978 2825 ei
3002 2772 3069 2825 ".
3105 2791 3123 2823 ι
3159 2772 3382 2839 Qualem
3421 2770 3566 2824 enim

1992 2860 2285 2913 draconem
2308 2861 2359 2914 in
2390 2861 2524 2915 mari
2552 2863 2799 2916 sensibus
2840 2869 3059 2930 patente
3092 2863 3159 2916 ab
3196 2862 3570 2931 omnipotente

1996 2947 2102 3003 Deo
2130 2950 2195 3002 ad
2217 2949 2545 3006 illudendum
2584 2952 2787 3006 homini
2818 2951 3107 3007 formatum
3136 2967 3257 3008 esse
3282 2952 3565 3008 dicemus?

1991 3038 2282 3095 Consuevit
2314 3042 2478 3112 igitur
2509 3058 2662 3098 sacra
2690 3041 2968 3113 Scriptura
2997 3044 3160 3099 etiam
3204 3053 3375 3098 totum
3409 3058 3566 3097 mun-

1993 3131 2142 3197 dum,
2169 3143 2222 3186 et
2242 3149 2629 3205 nonnunquam
2668 3153 2917 3207 magnam
2952 3136 3228 3190 hominum
3263 3134 3567 3189 multitudi-

311 3234 491 3307 ’μικρὰ
522 3233 659 3305 μετὰ
705 3232 976 3303 μεγάλων.
1044 3232 1191 3284 Ἐκεῖ
1237 3230 1396 3283 πλοῖα
1444 3228 1887 3299 διαπορεύονται,

1995 3240 2114 3279 nem
2143 3227 2278 3281 mari
2306 3242 2645 3297 comparare.
2673 3230 2932 3297 Quocirca
2961 3242 3210 3283 mensura
3247 3227 3363 3297 pari
3398 3225 3570 3293 Spiri-

312 3327 527 3399 δράκων
552 3320 705 3389 οὗτος
733 3325 791 3379 ὃν
841 3324 1080 3389 ἔπλασας
1113 3323 1402 3394 ἐμπαίζειν
1461 3320 1632 3392 αὐτῷ.
1674 3339 1691 3372 ι
1730 3320 1890 3373 Ποῖον

312 3419 422 3492 γὰρ
453 3415 589 3471 εἶναί
617 3433 796 3487 φαμεν
849 3418 907 3469 ἐν
966 3418 1031 3486 τῇ
1070 3414 1301 3485 αίσθητῇ
1333 3412 1577 3485 θαλάσσῃ
1625 3411 1720 3466 τὸν
1760 3410 1889 3481 δράο

314 3526 477 3563 κοντα
530 3506 912 3575 πεπλασμένον
963 3508 1043 3569 είς
1088 3506 1150 3559 τὸ
1203 3503 1564 3576 ἐμπαίζεσθαι
1613 3503 1765 3574 παρὰ
1790 3503 1886 3557 τοῦ

314 3600 529 3654 πάντων
557 3599 885 3672 κρατοῦντος
931 3596 1100 3661 Θεοῦ;
1159 3594 1321 3659 Ἐθος
1352 3596 1416 3664 δὴ
1446 3593 1540 3649 οῦν
1567 3597 1679 3658 τοῖς
1721 3596 1887 3666 ἱεροῖς

313 3691 609 3762 Γράμμασι
632 3692 726 3744 καὶ
745 3691 921 3744 πάντα
938 3689 1029 3742 τὸν
1044 3688 1246 3758 κόσμον
1268 3686 1564 3750 θαλάσσαις
1585 3685 1885 3756 ἐξομοιοῦν,

314 3785 408 3839 καὶ
436 3783 635 3855 πολλὴν
662 3781 963 3852 ἀνθρώπων
992 3780 1103 3834 ἔσθ’
1139 3782 1228 3834 ὅτε
1262 3778 1492 3850 πληθύν.
1535 3781 1658 3832 Ὀτι
1706 3779 1886 3832 τοίνυν

317 3873 416 3944 ἴσῳ
447 3873 631 3945 μέτρῳ
677 3872 1132 3943 διανεμηθήσεται
1183 3869 1334 3943 παρὰ
1355 3868 1491 3923 Θεοῦ
1522 3871 1556 3940 ἠ
1592 3869 1685 3923 τοῦ
1715 3867 1887 3923 Πνεύ-

318 3982 484 4036 ματος
508 3968 666 4038 χάρις
693 3968 805 4028 τοῖς
829 3983 888 4019 τε
916 3965 976 4030 ἐξ
1007 3963 1227 4035 Ἰσραὴλ
1257 3962 1606 4021 πιστεύσασι,
1641 3963 1736 4014 καὶ
1768 3962 1884 4024 τοῖς

314 4056 372 4124 ἐξ
400 4057 587 4120 ἐθνῶν,
648 4056 977 4127 ὑπεμφαίνει
1031 4057 1205 4125 λέγων
1254 4056 1381 4126 περὶ
1427 4053 1522 4107 τοῦ
1567 4052 1758 4115 ὓδατος
1790 4051 1883 4105 τοῦ

312 4146 595 4212 ζωοποιοῦ,
623 4147 699 4212 ὡς
742 4148 1078 4213 ἐξελεύσεται
1113 4148 1173 4201 τὸ
1196 4148 1368 4218 ἣμισυ
1404 4147 1504 4214 μὲν
1527 4146 1607 4205 είς
1637 4145 1735 4213 τὴν
1787 4142 1885 4197 θά-

312 4235 516 4291 λασσαν
546 4236 644 4308 τὴν
667 4236 909 4309 πρώτην,
936 4237 995 4291 τὸ
1014 4238 1073 4290 δέ
1097 4237 1283 4309 ἕτερον
1315 4238 1485 4309 ἥμισυ
1529 4238 1608 4299 είς
1656 4234 1757 4304 τὴν
1791 4233 1887 4287 θά-

311 4328 515 4382 λασσαν
551 4327 648 4399 τὴν
680 4328 934 4398 ἐσχάτην.
982 4328 1267 4385 Θάλασσαν
1299 4328 1354 4381 δὲ
1411 4325 1635 4399 πρώτην
1683 4324 1884 4394 ὀνομάο

312 4419 393 4485 ζει
417 4420 507 4473 τὸν
541 4420 775 4491 Ἰσραήλ·
808 4420 1042 4491 ἐσχάτην
1072 4420 1128 4473 δέ
1171 4420 1269 4490 τὴν
1316 4420 1424 4472 τῶν
1480 4420 1597 4489 μετ’
1639 4418 1881 4480 ἐκείνους

310 4510 748 4565 πεπιστευκότων
776 4509 1005 4581 πληθὺν,
1034 4508 1279 4563 τουτέστι
1339 4509 1409 4561 τὰ
1448 4508 1596 4578 ἔθνη.
1630 4507 1741 4561 Καὶ
1767 4505 1882 4559 οὔτι

1994 3325 2079 3369 tus
2116 3316 2351 3383 gratiam
2384 3319 2731 3374 distributum
2765 3320 2828 3375 iri
2855 3321 2944 3385 iis,
2972 3320 3059 3390 qui
3093 3334 3157 3373 ex
3192 3318 3361 3374 israel
3386 3318 3567 3375 credi.

1990 3407 2167 3462 derint
2213 3417 2269 3463 et
2298 3409 2363 3463 iis
2392 3410 2483 3479 qui
2513 3426 2577 3465 ex
2627 3411 2901 3482 gentibus,
2956 3411 3193 3467 ostendit
3244 3411 3449 3476 dicens,
3501 3410 3569 3466 de

1989 3512 2127 3567 aqua
2150 3500 2299 3554 vitali
2337 3517 2683 3573 egressurum
2722 3505 3003 3559 dimidium
3030 3506 3246 3575 quidem
3303 3506 3358 3560 iu
3413 3518 3566 3559 mare

1988 3588 2253 3655 primum,
2288 3589 2517 3645 alterum
2563 3592 2845 3648 dimidium
2906 3596 2959 3649 in
3027 3609 3180 3649 mare
3238 3600 3564 3649 estremum.

1987 3677 2135 3735 Mare
2161 3681 2390 3751 primum
2440 3685 2681 3739 nominat
2729 3684 2915 3751 Israel,
2964 3693 3262 3741 extremum
3325 3684 3569 3741 multituo

1987 3771 2188 3839 dinem,
2215 3789 2336 3843 qua:
2360 3784 2480 3844 post
2508 3775 2659 3829 illum
2694 3776 2851 3831 iidem
2877 3786 2961 3831 est
2998 3776 3322 3845 amplexata,
3376 3787 3564 3849 gentes

1987 3863 2213 3918 scilicet.
2269 3864 2377 3919 Nec
2413 3866 2643 3922 dicimus
2683 3868 2929 3922 divisum
2968 3882 3093 3923 esse
3150 3867 3411 3937 Spiritum
3440 3883 3568 3923 san-

1986 3964 2156 4019 ctum,
2188 3966 2244 4011 et
2274 3957 2326 4011 in
2358 3960 2604 4027 utrisque
2653 3959 3027 4025 imperfectum
3060 3959 3195 4024 iure,
3237 3961 3363 4030 quia
3405 3959 3568 4014 dimi-

1986 4046 2134 4102 dium
2165 4048 2363 4103 dicitur
2391 4068 2404 4104 :
2439 4051 2604 4117 absit;
2635 4051 2725 4105 sed
2750 4051 3068 4120 prophetam
3104 4052 3233 4106 illud
3260 4052 3438 4121 potius
3467 4052 3567 4107 in—

1987 4141 2169 4194 dicare
2201 4140 2337 4195 velle
2396 4144 2730 4211 putabimus,
2785 4143 3070 4214 aqualiter
3110 4144 3339 4213 gratiam
3382 4143 3468 4199 his
3511 4150 3568 4199 et

1985 4232 2089 4286 illis
2116 4233 2444 4300 impertitum
2475 4236 2561 4291 iri.
2604 4234 2736 4289 Nam
2765 4237 2999 4290 medium
3028 4245 3082 4290 et
3105 4237 3337 4290 medium
3370 4234 3421 4289 in
3445 4235 3566 4306 pari

1984 4330 2039 4377 et
2066 4322 2257 4390 aequali
2292 4324 2674 4381 liberalitatem
2704 4335 2759 4381 et
2780 4326 3149 4397 aequalitatem
3181 4327 3350 4396 ipsam
3374 4326 3561 4381 declaq

1985 4420 2089 4466 rat.
2118 4411 2435 4482 Perpetuam
2457 4426 2636 4471 autem
2656 4432 2779 4473 esse
2805 4418 3033 4488 gratiam
3051 4428 3105 4473 et
3130 4418 3183 4472 in
3202 4433 3361 4473 omne
3390 4434 3563 4473 aevum

1991 4519 2322 4571 mansuram,
2356 4523 2461 4561 non
2489 4508 2703 4566 diiIicile
2731 4521 2815 4564 est
2839 4511 3022 4565 videre
3043 4526 3109 4567 ex
3130 4525 3197 4566 eo
3219 4512 3362 4579 quod
3402 4511 3556 4571 addi—

311 4597 412 4652 πού
439 4616 638 4670 φαμεν,
668 4599 744 4662 ὼς
779 4599 1104 4671 μεμέρισται
1147 4599 1208 4652 τὺ
1237 4598 1462 4669 Πνεῦμα
1491 4598 1554 4652 τὸ
1586 4594 1882 4666 ἆγιον,”καὶ

1993 4608 2076 4652 tur
2108 4617 2121 4653 ε
2160 4618 2180 4651 ι
2221 4598 2356 4665 Quia
2396 4600 2448 4654 in
2474 4610 2682 4668 testate,
2712 4612 2766 4657 et
2788 4604 2841 4658 iu
2867 4620 2994 4659 vere
3027 4605 3107 4659 sic
3136 4604 3257 4664 erit.
3286 4623 3305 4656 ι
3333 4604 3435 4658 hoc
3457 4610 3568 4669 est,

311 4687 495 4753 ἀτελὲς
520 4691 576 4742 ἐν
598 4689 877 4759 ἑκατέροις
903 4688 1076 4755 ἔσται,
1102 4688 1188 4744 διά
1213 4707 1296 4743 τοι
1315 4689 1376 4741 τὸ
1404 4690 1574 4760 ἥμισυ
1603 4687 1880 4756 λέγεσθαι,

312 4782 505 4837 πολλοῦ
530 4799 594 4850 γε
624 4781 719 4836 καὶ
746 4782 845 4836 δεῖ·
880 4781 1183 4853 οἰησόμεθα
1206 4781 1264 4835 δὲ
1290 4780 1511 4851 μᾶλλον,
1544 4782 1721 4833 ἐκεῖνο
1759 4780 1883 4849 βούο

308 4872 493 4926 λεσθαι
518 4872 614 4933 τὸν
638 4875 921 4943 προφήτην
972 4870 1292 4943 ύποδηλοῦν,
1319 4871 1395 4934 ὼς
1427 4873 1486 4923 ἐν
1536 4870 1739 4941 ἰσότητι
1783 4869 1884 4938 τῆς

310 4964 530 5035 χάριτος
557 4966 590 5034 ἡ
616 4963 843 5035 διανομὴ
870 4963 1079 5028 τούτοις
1103 4980 1162 5017 τε
1209 4963 1481 5028 κάκείνοις
1509 4962 1882 5035 ἐκνεμηθήσε-

308 5074 417 5111 ται.
449 5056 653 5127 Τὺγὰρ
674 5056 844 5126 ἥμισυ
892 5058 988 5111 καὶ
1041 5058 1236 5128 ἣμισυ,
1276 5056 1379 5127 τῆς
1434 5055 1761 5126 ίσοστάθμου
1795 5072 1883 5124 φι-

308 5146 556 5216 λοτιμίας
602 5148 697 5200 καὶ
741 5147 842 5218 τῆς
904 5148 1145 5217 ἰσότητος
1166 5148 1318 5202 ἔσται
1357 5147 1710 5220 σημαντικόν.
1758 5147 1882 5200 Ὅτι

308 5236 365 5289 δὲ
390 5236 698 5308 διηνεκὴςὴ
735 5239 913 5309 χάρις,
960 5239 1213 5294 καὶκατὰ
1246 5238 1423 5303 πάντα
1460 5237 1651 5307 καιρὸν
1684 5238 1717 5307 ἡ
1752 5234 1881 5305 μέθ-

308 5322 439 5389 εξις,
498 5324 879 5397 ἀταλαίπωρον
932 5326 1078 5392 ἰδεῖν,
1132 5328 1240 5395 ἀπὸ
1305 5326 1398 5381 τοῦ
1453 5328 1620 5396 φάναι
1676 5327 1840 5382 πάλιν
1863 5367 1879 5390 ,

312 5434 331 5466 ι
376 5415 505 5477 Ὅτι,
535 5416 629 5469 καὶ
672 5419 731 5471 ἐν
771 5418 952 5487 θέρει,
1002 5419 1095 5471 καὶ
1146 5420 1205 5472 ἐν
1262 5418 1385 5490 ἔαρι
1434 5418 1594 5475 ἔσται
1631 5418 1824 5484 οὕτως.
1856 5437 1875 5470 ι

318 5508 514 5565 ’ἰστέον
541 5508 624 5573 δέ,
680 5510 763 5562 ὃτι
825 5509 948 5564 ἀντὶ
979 5510 1093 5577 τοῦ,
1120 5512 1215 5580 λέν
1261 5512 1412 5584 ἔαρι,
1444 5512 1503 5566 τὸ
1527 5512 1597 5566 ἐν
1638 5511 1882 5583 χειμῶνι

308 5601 440 5672 φησι
469 5600 580 5654 τῶν
628 5602 887 5674 Ἐϐραίων
934 5606 967 5675 ὴ
1004 5604 1229 5669 ἓκδοσις.
1260 5606 1454 5669 Ἔσται
1474 5605 1538 5677 δὴ
1581 5601 1696 5670 οῦν,
1724 5605 1879 5678 φησὶ,

1988 4705 2217 4758 semper.
2245 4690 2400 4745 Scias
2428 4691 2607 4755 velim,
2651 4709 2749 4762 pro
2779 4710 2893 4748 vere
2937 4694 3223 4749 Hebraeum
3272 4693 3564 4749 editionem

1989 4782 2187 4854 legere,
2217 4784 2273 4837 in
2310 4784 2496 4838 hieme.
2538 4784 2644 4840 Sed
2689 4785 3076 4841 inconveniens
3134 4800 3241 4841 non
3303 4794 3406 4849 est,
3467 4799 3569 4853 pro

1989 4874 2155 4930 hieme
2183 4875 2349 4946 803
2372 4875 2533 4930 etiam
2565 4892 2653 4930 ver
2690 4877 2872 4932 dicere
2922 4878 3218 4933 secundum
3243 4874 3385 4930 LXX
3415 4875 3568 4931 Scri.

1990 4973 2203 5033 pturam
2257 4983 2272 5019 :
2329 4966 2381 5019 in
2423 4965 2601 5020 medio
2650 4968 2849 5038 quippe
2898 4967 3044 5023 velut
3096 4968 3270 5038 spatio
3325 4968 3564 5022 acierum

1990 5057 2220 5111 duarum
2262 5058 2424 5111 situm
2454 5067 2556 5121 est,
2591 5068 2650 5112 ut
2674 5060 2720 5113 si
2750 5060 2872 5128 quis
2902 5061 3065 5115 etiam
3109 5060 3283 5129 ipsum
3328 5058 3565 5114 hiberna

1991 5150 2304 5219 tempestati
2337 5150 2595 5215 ascribat,
2632 5151 2763 5206 nihil
2809 5152 3185 5221 improbabile,
3229 5161 3321 5205 aut
3351 5165 3381 5203 a
3417 5157 3565 5204 recto

1989 5241 2226 5296 alienum
2248 5245 2319 5298 sit
2348 5242 2611 5298 facturus.
2638 5243 2790 5310 Quod
2824 5245 2867 5299 si
2895 5244 3018 5314 quis
3050 5253 3105 5298 et
3131 5243 3235 5299 alio
3282 5241 3440 5297 modo
3475 5240 3564 5294 in-

2000 5331 2245 5402 telligere
2267 5332 2522 5400 voluerit,
2564 5335 2706 5403 quod
2740 5334 2807 5390 de
2838 5349 2976 5404 aqua
3014 5334 3114 5390 sub
3151 5333 3561 5403 intelligentiam

1990 5426 2221 5481 cadente
2253 5427 2473 5494 dicitur,
2504 5441 2717 5497 nempe,
2740 5428 2881 5497 quod
2915 5446 2934 5479 ι
2963 5426 3561 5498 egredieturdimidium

1989 5516 2105 5585 ejus
2137 5516 2189 5571 iu
2217 5531 2366 5572 mare
2385 5518 2641 5587 primum,
2668 5527 2725 5573 et
2745 5517 3026 5572 dimidium
3057 5516 3175 5587 ejus
3201 5518 3253 5573 in
3286 5532 3433 5583 mare
3467 5531 3562 5573 ex-

1988 5614 2241 5673 tremum,
2278 5618 2333 5663 et
2366 5609 2419 5664 in
2448 5618 2633 5664 aestate
2662 5618 2821 5677 atque
2851 5624 2976 5665 vere
2992 5609 3069 5666 sic
3085 5610 3240 5678 erit,»
3267 5609 3424 5666 talem
3439 5622 3565 5665 ver-

376 5780 421 5812 ⁸⁹
454 5778 607 5836 Joan.
648 5796 738 5850 vu,
771 5780 857 5839 58.
937 5783 981 5815 ⁷ο
1007 5779 1137 5839 Ibid.
1171 5783 1256 5837 39.
1335 5784 1379 5815 “
1408 5780 1510 5838 lsa.
1542 5798 1615 5849 XI,
1647 5784 1698 5837 9.
1776 5784 1819 5816 τ’
1848 5782 1903 5840 D:

2012 5799 2111 5849 vtt,
2134 5782 2195 5859 9,
2216 5785 2268 5845 5,
2347 5786 2391 5819 ’³
2415 5785 2557 5843 Psal.
2583 5785 2809 5856 cut,25,
2834 5787 2925 5841 26.
