  <div class='ocr_page' id='page_1' title='image "/cluster/home/n/w/nwhite01/storage/ocr_20150623/72/nnc1.0046980300/133.png"; bbox 0 0 4120 6376; ppageno 0'>
   <div class='ocr_carea' id='block_1_1' title="bbox 531 322 642 379">
    <p class='ocr_par' dir='ltr' id='par_1_1' title="bbox 531 322 642 379">
     <span class='ocr_line' id='line_1_1' title="bbox 531 322 642 379; baseline 0.018 -2"><span class='ocrx_word' id='word_1_1' title='bbox 531 322 642 379; x_wconf 72' lang='grc'><strong>955</strong></span> 
     </span>
    </p>
   </div>
   <div class='ocr_carea' id='block_1_2' title="bbox 1530 324 2769 389">
    <p class='ocr_par' dir='ltr' id='par_1_2' title="bbox 1530 324 2769 389">
     <span class='ocr_line' id='line_1_2' title="bbox 1530 324 2769 389; baseline 0.006 -9"><span class='ocrx_word' id='word_1_2' title='bbox 1530 325 1587 380; x_wconf 91' lang='lat' dir='ltr'><strong>S.</strong></span> <span class='ocrx_word' id='word_1_3' title='bbox 1630 324 1902 382; x_wconf 78' lang='lat' dir='ltr'><strong>CYRILLI</strong></span> <span class='ocrx_word' id='word_1_4' title='bbox 1940 326 2408 383; x_wconf 74' lang='lat' dir='ltr'><strong>ALEXANDRINI</strong></span> <span class='ocrx_word' id='word_1_5' title='bbox 2448 330 2769 389; x_wconf 78' lang='lat' dir='ltr'><strong>ARCHIEP.</strong></span> 
     </span>
    </p>
   </div>
   <div class='ocr_carea' id='block_1_3' title="bbox 3686 333 3792 388">
    <p class='ocr_par' dir='ltr' id='par_1_3' title="bbox 3686 333 3792 388">
     <span class='ocr_line' id='line_1_3' title="bbox 3686 333 3792 388; baseline 0.019 -2"><span class='ocrx_word' id='word_1_6' title='bbox 3686 333 3792 388; x_wconf 72' lang='lat'><strong>236</strong></span> 
     </span>
    </p>
   </div>
   <div class='ocr_carea' id='block_1_4' title="bbox 533 444 2120 522">
    <p class='ocr_par' dir='ltr' id='par_1_4' title="bbox 533 444 2117 514">
     <span class='ocr_line' id='line_1_4' title="bbox 533 444 2117 514; baseline 0.001 -14"><span class='ocrx_word' id='word_1_7' title='bbox 533 445 724 500; x_wconf 81' lang='lat' dir='ltr'><strong>borum</strong></span> <span class='ocrx_word' id='word_1_8' title='bbox 747 453 973 498; x_wconf 77' lang='lat' dir='ltr'><strong>istorum</strong></span> <span class='ocrx_word' id='word_1_9' title='bbox 1014 459 1232 498; x_wconf 78' lang='lat' dir='ltr'><strong>sensum</strong></span> <span class='ocrx_word' id='word_1_10' title='bbox 1278 444 1723 513; x_wconf 84' lang='lat' dir='ltr'><strong>accipiet:Mare</strong></span> <span class='ocrx_word' id='word_1_11' title='bbox 1757 447 1990 514; x_wconf 87' lang='lat' dir='ltr'><strong>primum</strong></span> <span class='ocrx_word' id='word_1_12' title='bbox 2022 464 2117 502; x_wconf 83' lang='lat' dir='ltr'><strong>no-</strong></span> 
     </span>
    </p>
   </div>
   <div class='ocr_carea' id='block_1_5' title="bbox 2226 444 3797 522">
    <p class='ocr_par' dir='ltr' id='par_1_5' title="bbox 2226 450 3797 522">
     <span class='ocr_line' id='line_1_5' title="bbox 2226 450 3797 522; baseline 0.001 -18"><span class='ocrx_word' id='word_1_13' title='bbox 2226 453 2365 506; x_wconf 80' lang='grc' dir='ltr'><strong>κατὰ</strong></span> <span class='ocrx_word' id='word_1_14' title='bbox 2394 452 2462 506; x_wconf 81' lang='grc' dir='ltr'><strong>τὰ</strong></span> <span class='ocrx_word' id='word_1_15' title='bbox 2495 452 2654 517; x_wconf 79' lang='grc' dir='ltr'><strong>αὐτὰ,</strong></span> <span class='ocrx_word' id='word_1_16' title='bbox 2697 453 2789 506; x_wconf 75' lang='grc' dir='ltr'><strong>καὶ</strong></span> <span class='ocrx_word' id='word_1_17' title='bbox 2837 451 3096 515; x_wconf 78' lang='grc' dir='ltr'><strong>ὡσαύτως</strong></span> <span class='ocrx_word' id='word_1_18' title='bbox 3148 453 3181 521; x_wconf 80' lang='grc' dir='ltr'><strong>ἡ</strong></span> <span class='ocrx_word' id='word_1_19' title='bbox 3217 451 3322 505; x_wconf 84' lang='grc' dir='ltr'><strong>τῶν</strong></span> <span class='ocrx_word' id='word_1_20' title='bbox 3355 451 3559 522; x_wconf 82' lang='grc' dir='ltr'><strong>νοητῶν</strong></span> <span class='ocrx_word' id='word_1_21' title='bbox 3589 450 3797 506; x_wconf 80' lang='grc' dir='ltr'><strong>ὑδάτων</strong></span> 
     </span>
    </p>
   </div>
   <div class='ocr_carea' id='block_1_6' title="bbox 536 532 2110 600">
    <p class='ocr_par' dir='ltr' id='par_1_6' title="bbox 536 532 2110 600">
     <span class='ocr_line' id='line_1_6' title="bbox 536 532 2110 600; baseline 0.005 -13"><span class='ocrx_word' id='word_1_22' title='bbox 536 534 705 588; x_wconf 86' lang='lat' dir='ltr'><strong>minat</strong></span> <span class='ocrx_word' id='word_1_23' title='bbox 726 532 792 588; x_wconf 87' lang='lat' dir='ltr'><strong>ad</strong></span> <span class='ocrx_word' id='word_1_24' title='bbox 817 535 1081 590; x_wconf 76' lang='lat' dir='ltr'><strong>orientem</strong></span> <span class='ocrx_word' id='word_1_25' title='bbox 1109 534 1341 591; x_wconf 74' lang='lat' dir='ltr'><strong>fortasse</strong></span> <span class='ocrx_word' id='word_1_26' title='bbox 1364 536 1555 600; x_wconf 86' lang='lat' dir='ltr'><strong>situm,</strong></span> <span class='ocrx_word' id='word_1_27' title='bbox 1587 535 1725 591; x_wconf 87' lang='lat' dir='ltr'><strong>ultra</strong></span> <span class='ocrx_word' id='word_1_28' title='bbox 1750 546 1911 593; x_wconf 63' lang='lat' dir='ltr'><strong>terra</strong></span> <span class='ocrx_word' id='word_1_29' title='bbox 1945 539 2110 595; x_wconf 90' lang='lat' dir='ltr'><strong>totius</strong></span> 
     </span>
    </p>
   </div>
   <div class='ocr_carea' id='block_1_7' title="bbox 532 629 2106 695">
    <p class='ocr_par' dir='ltr' id='par_1_7' title="bbox 532 629 2106 695">
     <span class='ocr_line' id='line_1_7' title="bbox 532 629 2106 695; baseline 0.003 -14"><span class='ocrx_word' id='word_1_30' title='bbox 532 642 686 695; x_wconf 82' lang='lat' dir='ltr'><strong>oras;</strong></span> <span class='ocrx_word' id='word_1_31' title='bbox 732 638 1037 682; x_wconf 81' lang='lat' dir='ltr'><strong>extremum</strong></span> <span class='ocrx_word' id='word_1_32' title='bbox 1073 668 1089 691; x_wconf 92' lang='lat'><strong>,</strong></span> <span class='ocrx_word' id='word_1_33' title='bbox 1147 629 1215 685; x_wconf 88' lang='lat' dir='ltr'><strong>ad</strong></span> <span class='ocrx_word' id='word_1_34' title='bbox 1274 639 1553 684; x_wconf 78' lang='lat' dir='ltr'><strong>estremos</strong></span> <span class='ocrx_word' id='word_1_35' title='bbox 1600 630 1899 685; x_wconf 88' lang='lat' dir='ltr'><strong>occidentis</strong></span> <span class='ocrx_word' id='word_1_36' title='bbox 1952 631 2106 687; x_wconf 84' lang='lat' dir='ltr'><strong>lines.</strong></span> 
     </span>
    </p>
   </div>
   <div class='ocr_carea' id='block_1_8' title="bbox 539 716 2112 789">
    <p class='ocr_par' dir='ltr' id='par_1_8' title="bbox 539 716 2112 789">
     <span class='ocr_line' id='line_1_8' title="bbox 539 716 2112 789; baseline 0.003 -17"><span class='ocrx_word' id='word_1_37' title='bbox 539 716 693 774; x_wconf 75' lang='lat' dir='ltr'><strong>V’eiut</strong></span> <span class='ocrx_word' id='word_1_38' title='bbox 712 720 854 774; x_wconf 87' lang='lat' dir='ltr'><strong>enim</strong></span> <span class='ocrx_word' id='word_1_39' title='bbox 881 719 1073 774; x_wconf 81' lang='lat' dir='ltr'><strong>faciem</strong></span> <span class='ocrx_word' id='word_1_40' title='bbox 1099 731 1156 776; x_wconf 93' lang='lat' dir='ltr'><strong>et</strong></span> <span class='ocrx_word' id='word_1_41' title='bbox 1185 720 1508 789; x_wconf 89' lang='lat' dir='ltr'><strong>principium</strong></span> <span class='ocrx_word' id='word_1_42' title='bbox 1536 720 1705 786; x_wconf 86' lang='lat' dir='ltr'><strong>orbis,</strong></span> <span class='ocrx_word' id='word_1_43' title='bbox 1734 721 1998 776; x_wconf 86' lang='lat' dir='ltr'><strong>orientem</strong></span> <span class='ocrx_word' id='word_1_44' title='bbox 2013 722 2112 777; x_wconf 89' lang='lat' dir='ltr'><strong>de-</strong></span> 
     </span>
    </p>
   </div>
   <div class='ocr_carea' id='block_1_9' title="bbox 535 810 2111 880">
    <p class='ocr_par' dir='ltr' id='par_1_9' title="bbox 535 810 2111 880">
     <span class='ocr_line' id='line_1_9' title="bbox 535 810 2111 880; baseline 0.004 -18"><span class='ocrx_word' id='word_1_45' title='bbox 535 810 654 864; x_wconf 80' lang='lat' dir='ltr'><strong>ﬂuit</strong></span> <span class='ocrx_word' id='word_1_46' title='bbox 687 829 702 864; x_wconf 87' lang='lat'><strong>:</strong></span> <span class='ocrx_word' id='word_1_47' title='bbox 732 820 972 866; x_wconf 66' lang='lat' dir='ltr'><strong>aestatem</strong></span> <span class='ocrx_word' id='word_1_48' title='bbox 1014 820 1212 874; x_wconf 88' lang='lat' dir='ltr'><strong>autem,</strong></span> <span class='ocrx_word' id='word_1_49' title='bbox 1247 811 1463 880; x_wconf 88' lang='lat' dir='ltr'><strong>opinor,</strong></span> <span class='ocrx_word' id='word_1_50' title='bbox 1501 812 1707 868; x_wconf 84' lang='lat' dir='ltr'><strong>calidas</strong></span> <span class='ocrx_word' id='word_1_51' title='bbox 1740 822 1796 868; x_wconf 88' lang='lat' dir='ltr'><strong>et</strong></span> <span class='ocrx_word' id='word_1_52' title='bbox 1845 814 2111 869; x_wconf 83' lang='lat' dir='ltr'><strong>australes</strong></span> 
     </span>
    </p>
   </div>
   <div class='ocr_carea' id='block_1_10' title="bbox 536 901 2110 974">
    <p class='ocr_par' dir='ltr' id='par_1_10' title="bbox 536 901 2110 974">
     <span class='ocr_line' id='line_1_10' title="bbox 536 901 2110 974; baseline 0.004 -23"><span class='ocrx_word' id='word_1_53' title='bbox 536 901 724 955; x_wconf 88' lang='lat' dir='ltr'><strong>mundi</strong></span> <span class='ocrx_word' id='word_1_54' title='bbox 779 910 960 969; x_wconf 83' lang='lat' dir='ltr'><strong>partes</strong></span> <span class='ocrx_word' id='word_1_55' title='bbox 1004 912 1205 958; x_wconf 86' lang='lat' dir='ltr'><strong>vocat:</strong></span> <span class='ocrx_word' id='word_1_56' title='bbox 1237 918 1331 957; x_wconf 86' lang='lat' dir='ltr'><strong>ver</strong></span> <span class='ocrx_word' id='word_1_57' title='bbox 1379 903 1727 971; x_wconf 82' lang='lat' dir='ltr'><strong>aquilonares</strong></span> <span class='ocrx_word' id='word_1_58' title='bbox 1770 916 1828 959; x_wconf 92' lang='lat' dir='ltr'><strong>et</strong></span> <span class='ocrx_word' id='word_1_59' title='bbox 1865 904 2110 974; x_wconf 80' lang='lat' dir='ltr'><strong>frigidas.</strong></span> 
     </span>
    </p>
   </div>
   <div class='ocr_carea' id='block_1_11' title="bbox 538 994 2109 1065">
    <p class='ocr_par' dir='ltr' id='par_1_11' title="bbox 538 994 2109 1065">
     <span class='ocr_line' id='line_1_11' title="bbox 538 994 2109 1065; baseline 0.003 -18"><span class='ocrx_word' id='word_1_60' title='bbox 538 994 629 1048; x_wconf 79' lang='lat' dir='ltr'><strong>Sic</strong></span> <span class='ocrx_word' id='word_1_61' title='bbox 658 994 803 1048; x_wconf 91' lang='lat' dir='ltr'><strong>enim</strong></span> <span class='ocrx_word' id='word_1_62' title='bbox 835 995 1051 1051; x_wconf 87' lang='lat' dir='ltr'><strong>divinus</strong></span> <span class='ocrx_word' id='word_1_63' title='bbox 1085 995 1250 1049; x_wconf 83' lang='lat' dir='ltr'><strong>David</strong></span> <span class='ocrx_word' id='word_1_64' title='bbox 1284 1005 1519 1065; x_wconf 82' lang='lat' dir='ltr'><strong>quatuor</strong></span> <span class='ocrx_word' id='word_1_65' title='bbox 1566 997 1667 1050; x_wconf 89' lang='lat' dir='ltr'><strong>sub</strong></span> <span class='ocrx_word' id='word_1_66' title='bbox 1708 996 1845 1050; x_wconf 67' lang='lat' dir='ltr'><strong>caelo</strong></span> <span class='ocrx_word' id='word_1_67' title='bbox 1889 998 2109 1051; x_wconf 86' lang='lat' dir='ltr'><strong>climata</strong></span> 
     </span>
    </p>
   </div>
   <div class='ocr_carea' id='block_1_12' title="bbox 537 1085 2115 1154">
    <p class='ocr_par' dir='ltr' id='par_1_12' title="bbox 537 1085 2115 1154">
     <span class='ocr_line' id='line_1_12' title="bbox 537 1085 2115 1154; baseline 0.002 -16"><span class='ocrx_word' id='word_1_68' title='bbox 537 1085 847 1154; x_wconf 78' lang='lat' dir='ltr'><strong>signiﬁcare</strong></span> <span class='ocrx_word' id='word_1_69' title='bbox 897 1087 1106 1151; x_wconf 88' lang='lat' dir='ltr'><strong>volens,</strong></span> <span class='ocrx_word' id='word_1_70' title='bbox 1142 1087 1209 1140; x_wconf 94' lang='lat' dir='ltr'><strong>ad</strong></span> <span class='ocrx_word' id='word_1_71' title='bbox 1250 1086 1415 1142; x_wconf 89' lang='lat' dir='ltr'><strong>Deum</strong></span> <span class='ocrx_word' id='word_1_72' title='bbox 1447 1087 1837 1142; x_wconf 81' lang='lat' dir='ltr'><strong>exclamabat:</strong></span> <span class='ocrx_word' id='word_1_73' title='bbox 1879 1106 1899 1138; x_wconf 76' lang='grc' dir='ltr'><strong>ι</strong></span> <span class='ocrx_word' id='word_1_74' title='bbox 1931 1087 2115 1143; x_wconf 65' lang='grc' dir='ltr'><strong>κΕδιθ-</strong></span> 
     </span>
    </p>
   </div>
   <div class='ocr_carea' id='block_1_13' title="bbox 539 1178 2117 1248">
    <p class='ocr_par' dir='ltr' id='par_1_13' title="bbox 539 1178 2117 1248">
     <span class='ocr_line' id='line_1_13' title="bbox 539 1178 2117 1248; baseline 0.002 -18"><span class='ocrx_word' id='word_1_75' title='bbox 539 1188 645 1231; x_wconf 89' lang='lat' dir='ltr'><strong>tem</strong></span> <span class='ocrx_word' id='word_1_76' title='bbox 671 1187 726 1231; x_wconf 93' lang='lat' dir='ltr'><strong>et</strong></span> <span class='ocrx_word' id='word_1_77' title='bbox 752 1192 849 1232; x_wconf 77' lang='lat' dir='ltr'><strong>ver</strong></span> <span class='ocrx_word' id='word_1_78' title='bbox 870 1186 926 1231; x_wconf 96' lang='lat' dir='ltr'><strong>tu</strong></span> <span class='ocrx_word' id='word_1_79' title='bbox 958 1178 1235 1248; x_wconf 83' lang='lat' dir='ltr'><strong>plasmasti</strong></span> <span class='ocrx_word' id='word_1_80' title='bbox 1269 1195 1330 1233; x_wconf 85' lang='lat' dir='ltr'><strong>ea</strong></span> <span class='ocrx_word' id='word_1_81' title='bbox 1366 1179 1435 1233; x_wconf 70' lang='lat'><strong>“.</strong></span> <span class='ocrx_word' id='word_1_82' title='bbox 1476 1198 1495 1231; x_wconf 71' lang='grc' dir='ltr'><strong>ι</strong></span> <span class='ocrx_word' id='word_1_83' title='bbox 1544 1180 1609 1232; x_wconf 85' lang='grc' dir='ltr'><strong>Ει</strong></span> <span class='ocrx_word' id='word_1_84' title='bbox 1641 1179 1833 1233; x_wconf 88' lang='lat' dir='ltr'><strong>iterum</strong></span> <span class='ocrx_word' id='word_1_85' title='bbox 1860 1198 1872 1235; x_wconf 91' lang='lat'>:</span> <span class='ocrx_word' id='word_1_86' title='bbox 1899 1198 1918 1231; x_wconf 78' lang='grc' dir='ltr'>ι</span> <span class='ocrx_word' id='word_1_87' title='bbox 1949 1178 2117 1247; x_wconf 60' lang='lat' dir='ltr'><strong>Aqui-</strong></span> 
     </span>
    </p>
   </div>
   <div class='ocr_carea' id='block_1_14' title="bbox 539 1270 2116 1341">
    <p class='ocr_par' dir='ltr' id='par_1_14' title="bbox 539 1270 2116 1341">
     <span class='ocr_line' id='line_1_14' title="bbox 539 1270 2116 1341; baseline 0.004 -22"><span class='ocrx_word' id='word_1_88' title='bbox 539 1270 713 1323; x_wconf 79' lang='lat' dir='ltr'><strong>lnnetn</strong></span> <span class='ocrx_word' id='word_1_89' title='bbox 740 1279 794 1323; x_wconf 92' lang='lat' dir='ltr'><strong>et</strong></span> <span class='ocrx_word' id='word_1_90' title='bbox 821 1284 971 1323; x_wconf 86' lang='lat' dir='ltr'><strong>mare</strong></span> <span class='ocrx_word' id='word_1_91' title='bbox 1008 1280 1060 1324; x_wconf 94' lang='lat' dir='ltr'><strong>tu</strong></span> <span class='ocrx_word' id='word_1_92' title='bbox 1092 1274 1291 1326; x_wconf 87' lang='lat' dir='ltr'><strong>creasti</strong></span> <span class='ocrx_word' id='word_1_93' title='bbox 1326 1273 1392 1325; x_wconf 82' lang='grc'><strong>⁷⁸.</strong></span> <span class='ocrx_word' id='word_1_94' title='bbox 1456 1288 1477 1322; x_wconf 75' lang='grc' dir='ltr'>ι</span> <span class='ocrx_word' id='word_1_95' title='bbox 1524 1270 1703 1339; x_wconf 87' lang='lat' dir='ltr'><strong>lnquit</strong></span> <span class='ocrx_word' id='word_1_96' title='bbox 1751 1286 1899 1339; x_wconf 88' lang='lat' dir='ltr'><strong>ergo,</strong></span> <span class='ocrx_word' id='word_1_97' title='bbox 1949 1272 2116 1341; x_wconf 85' lang='lat' dir='ltr'><strong>Egre-</strong></span> 
     </span>
    </p>
   </div>
   <div class='ocr_carea' id='block_1_15' title="bbox 536 1361 2117 1433">
    <p class='ocr_par' dir='ltr' id='par_1_15' title="bbox 536 1361 2117 1433">
     <span class='ocr_line' id='line_1_15' title="bbox 536 1361 2117 1433; baseline 0.001 -20"><span class='ocrx_word' id='word_1_98' title='bbox 536 1361 717 1415; x_wconf 86' lang='lat' dir='ltr'><strong>dietur</strong></span> <span class='ocrx_word' id='word_1_99' title='bbox 749 1376 888 1429; x_wconf 83' lang='lat' dir='ltr'><strong>aqua</strong></span> <span class='ocrx_word' id='word_1_100' title='bbox 924 1361 1042 1416; x_wconf 84' lang='lat' dir='ltr'><strong>viva</strong></span> <span class='ocrx_word' id='word_1_101' title='bbox 1071 1364 1373 1432; x_wconf 63' lang='lat' dir='ltr'><strong>aequaliter,</strong></span> <span class='ocrx_word' id='word_1_102' title='bbox 1407 1372 1463 1418; x_wconf 90' lang='lat' dir='ltr'><strong>et</strong></span> <span class='ocrx_word' id='word_1_103' title='bbox 1485 1363 1536 1416; x_wconf 90' lang='lat' dir='ltr'><strong>in</strong></span> <span class='ocrx_word' id='word_1_104' title='bbox 1564 1364 1676 1431; x_wconf 89' lang='lat' dir='ltr'><strong>pari</strong></span> <span class='ocrx_word' id='word_1_105' title='bbox 1709 1363 1881 1433; x_wconf 85' lang='lat' dir='ltr'><strong>gratia</strong></span> <span class='ocrx_word' id='word_1_106' title='bbox 1919 1364 1971 1416; x_wconf 90' lang='lat' dir='ltr'><strong>in</strong></span> <span class='ocrx_word' id='word_1_107' title='bbox 2002 1378 2117 1416; x_wconf 85' lang='lat' dir='ltr'><strong>ma-</strong></span> 
     </span>
    </p>
   </div>
   <div class='ocr_carea' id='block_1_16' title="bbox 536 1452 2115 1521">
    <p class='ocr_par' dir='ltr' id='par_1_16' title="bbox 536 1452 2115 1521">
     <span class='ocr_line' id='line_1_16' title="bbox 536 1452 2115 1521; baseline 0.003 -16"><span class='ocrx_word' id='word_1_108' title='bbox 536 1467 595 1506; x_wconf 83' lang='lat' dir='ltr'><strong>re</strong></span> <span class='ocrx_word' id='word_1_109' title='bbox 627 1452 858 1521; x_wconf 89' lang='lat' dir='ltr'><strong>primum</strong></span> <span class='ocrx_word' id='word_1_110' title='bbox 886 1462 939 1508; x_wconf 88' lang='lat' dir='ltr'><strong>et</strong></span> <span class='ocrx_word' id='word_1_111' title='bbox 978 1455 1032 1508; x_wconf 91' lang='lat' dir='ltr'><strong>in</strong></span> <span class='ocrx_word' id='word_1_112' title='bbox 1062 1465 1395 1519; x_wconf 79' lang='lat' dir='ltr'><strong>extremum,</strong></span> <span class='ocrx_word' id='word_1_113' title='bbox 1448 1455 1551 1510; x_wconf 88' lang='lat' dir='ltr'><strong>boc</strong></span> <span class='ocrx_word' id='word_1_114' title='bbox 1604 1464 1705 1519; x_wconf 86' lang='lat' dir='ltr'><strong>est,</strong></span> <span class='ocrx_word' id='word_1_115' title='bbox 1762 1456 1815 1510; x_wconf 92' lang='lat' dir='ltr'><strong>in</strong></span> <span class='ocrx_word' id='word_1_116' title='bbox 1853 1456 2115 1512; x_wconf 78' lang='lat' dir='ltr'><strong>orientem</strong></span> 
     </span>
    </p>
   </div>
   <div class='ocr_carea' id='block_1_17' title="bbox 538 1546 2113 1613">
    <p class='ocr_par' dir='ltr' id='par_1_17' title="bbox 538 1546 2113 1613">
     <span class='ocr_line' id='line_1_17' title="bbox 538 1546 2113 1613; baseline 0.003 -15"><span class='ocrx_word' id='word_1_117' title='bbox 538 1546 961 1610; x_wconf 83' lang='lat' dir='ltr'><strong>etnccidentem,</strong></span> <span class='ocrx_word' id='word_1_118' title='bbox 989 1558 1043 1602; x_wconf 93' lang='lat' dir='ltr'><strong>et</strong></span> <span class='ocrx_word' id='word_1_119' title='bbox 1074 1549 1126 1600; x_wconf 91' lang='lat' dir='ltr'><strong>in</strong></span> <span class='ocrx_word' id='word_1_120' title='bbox 1150 1556 1341 1602; x_wconf 64' lang='lat' dir='ltr'><strong>aetate</strong></span> <span class='ocrx_word' id='word_1_121' title='bbox 1374 1557 1429 1601; x_wconf 90' lang='lat' dir='ltr'><strong>et</strong></span> <span class='ocrx_word' id='word_1_122' title='bbox 1462 1547 1515 1601; x_wconf 92' lang='lat' dir='ltr'><strong>in</strong></span> <span class='ocrx_word' id='word_1_123' title='bbox 1546 1562 1693 1613; x_wconf 84' lang='lat' dir='ltr'><strong>vere,</strong></span> <span class='ocrx_word' id='word_1_124' title='bbox 1728 1547 1831 1602; x_wconf 91' lang='lat' dir='ltr'><strong>boc</strong></span> <span class='ocrx_word' id='word_1_125' title='bbox 1853 1556 1935 1601; x_wconf 89' lang='lat' dir='ltr'><strong>est</strong></span> <span class='ocrx_word' id='word_1_126' title='bbox 1963 1548 2113 1613; x_wconf 87' lang='lat' dir='ltr'><strong>item,</strong></span> 
     </span>
    </p>
   </div>
   <div class='ocr_carea' id='block_1_18' title="bbox 538 1638 2117 1710">
    <p class='ocr_par' dir='ltr' id='par_1_18' title="bbox 538 1638 2117 1710">
     <span class='ocr_line' id='line_1_18' title="bbox 538 1638 2117 1710; baseline 0.003 -20"><span class='ocrx_word' id='word_1_127' title='bbox 538 1640 590 1691; x_wconf 89' lang='lat' dir='ltr'><strong>in</strong></span> <span class='ocrx_word' id='word_1_128' title='bbox 622 1647 864 1692; x_wconf 83' lang='lat' dir='ltr'><strong>austrum</strong></span> <span class='ocrx_word' id='word_1_129' title='bbox 899 1649 953 1692; x_wconf 89' lang='lat' dir='ltr'><strong>et</strong></span> <span class='ocrx_word' id='word_1_130' title='bbox 981 1639 1307 1709; x_wconf 83' lang='lat' dir='ltr'><strong>aquilonem.</strong></span> <span class='ocrx_word' id='word_1_131' title='bbox 1360 1638 1672 1710; x_wconf 81' lang='lat' dir='ltr'><strong>Replebitur</strong></span> <span class='ocrx_word' id='word_1_132' title='bbox 1708 1639 1851 1693; x_wconf 91' lang='lat' dir='ltr'><strong>enim</strong></span> <span class='ocrx_word' id='word_1_133' title='bbox 1884 1640 2117 1694; x_wconf 88' lang='lat' dir='ltr'><strong>mundus</strong></span> 
     </span>
    </p>
   </div>
   <div class='ocr_carea' id='block_1_19' title="bbox 2218 540 3798 613">
    <p class='ocr_par' dir='ltr' id='par_1_19' title="bbox 2218 540 3798 613">
     <span class='ocr_line' id='line_1_19' title="bbox 2218 540 3798 613; baseline 0.003 -18"><span class='ocrx_word' id='word_1_134' title='bbox 2218 542 2395 613; x_wconf 81' lang='grc' dir='ltr'><strong>χύσις,</strong></span> <span class='ocrx_word' id='word_1_135' title='bbox 2426 545 2483 597; x_wconf 81' lang='grc' dir='ltr'><strong>ἐν</strong></span> <span class='ocrx_word' id='word_1_136' title='bbox 2533 542 2761 613; x_wconf 81' lang='grc' dir='ltr'><strong>χειμῶνί</strong></span> <span class='ocrx_word' id='word_1_137' title='bbox 2811 558 2869 596; x_wconf 86' lang='grc' dir='ltr'><strong>τε</strong></span> <span class='ocrx_word' id='word_1_138' title='bbox 2900 541 2996 597; x_wconf 74' lang='grc' dir='ltr'><strong>καὶ</strong></span> <span class='ocrx_word' id='word_1_139' title='bbox 3041 544 3100 595; x_wconf 81' lang='grc' dir='ltr'><strong>ἐν</strong></span> <span class='ocrx_word' id='word_1_140' title='bbox 3125 540 3293 612; x_wconf 84' lang='grc' dir='ltr'><strong>θέρει,</strong></span> <span class='ocrx_word' id='word_1_141' title='bbox 3336 542 3601 610; x_wconf 77' lang='grc' dir='ltr'><strong>τουτέστι,</strong></span> <span class='ocrx_word' id='word_1_142' title='bbox 3657 546 3798 601; x_wconf 79' lang='grc' dir='ltr'><strong>κατὰ</strong></span> 
     </span>
    </p>
   </div>
   <div class='ocr_carea' id='block_1_20' title="bbox 2219 633 3799 707">
    <p class='ocr_par' dir='ltr' id='par_1_20' title="bbox 2219 633 3799 707">
     <span class='ocr_line' id='line_1_20' title="bbox 2219 633 3799 707; baseline 0.001 -19"><span class='ocrx_word' id='word_1_143' title='bbox 2219 635 2397 689; x_wconf 78' lang='grc' dir='ltr'><strong>πάντα</strong></span> <span class='ocrx_word' id='word_1_144' title='bbox 2424 635 2634 707; x_wconf 84' lang='grc' dir='ltr'><strong>καιρόν.</strong></span> <span class='ocrx_word' id='word_1_145' title='bbox 2656 636 2832 691; x_wconf 82' lang='grc' dir='ltr'><strong>Λυπεῖ</strong></span> <span class='ocrx_word' id='word_1_146' title='bbox 2850 634 2907 689; x_wconf 83' lang='grc' dir='ltr'><strong>δὲ</strong></span> <span class='ocrx_word' id='word_1_147' title='bbox 2935 633 3085 687; x_wconf 79' lang='grc' dir='ltr'><strong>οὐδὲν</strong></span> <span class='ocrx_word' id='word_1_148' title='bbox 3118 634 3213 687; x_wconf 81' lang='grc' dir='ltr'><strong>καὶ</strong></span> <span class='ocrx_word' id='word_1_149' title='bbox 3238 634 3360 688; x_wconf 74' lang='grc' dir='ltr'><strong>ἀντὶ</strong></span> <span class='ocrx_word' id='word_1_150' title='bbox 3390 633 3482 687; x_wconf 93' lang='grc' dir='ltr'><strong>τοῦ</strong></span> <span class='ocrx_word' id='word_1_151' title='bbox 3509 634 3799 704; x_wconf 75' lang='grc' dir='ltr'><strong>χειμῶνος</strong></span> 
     </span>
    </p>
   </div>
   <div class='ocr_carea' id='block_1_21' title="bbox 2220 725 3797 797">
    <p class='ocr_par' dir='ltr' id='par_1_21' title="bbox 2220 725 3797 797">
     <span class='ocr_line' id='line_1_21' title="bbox 2220 725 3797 797; baseline 0.002 -18"><span class='ocrx_word' id='word_1_152' title='bbox 2220 726 2280 779; x_wconf 79' lang='grc' dir='ltr'><strong>τὸ</strong></span> <span class='ocrx_word' id='word_1_153' title='bbox 2309 727 2412 795; x_wconf 76' lang='grc' dir='ltr'><strong>ἔαρ</strong></span> <span class='ocrx_word' id='word_1_154' title='bbox 2443 729 2639 791; x_wconf 78' lang='grc' dir='ltr'><strong>εἰπεῖν,</strong></span> <span class='ocrx_word' id='word_1_155' title='bbox 2677 727 2816 782; x_wconf 82' lang='grc' dir='ltr'><strong>κατὰ</strong></span> <span class='ocrx_word' id='word_1_156' title='bbox 2850 726 2948 797; x_wconf 83' lang='grc' dir='ltr'><strong>τὴν</strong></span> <span class='ocrx_word' id='word_1_157' title='bbox 2966 726 3075 781; x_wconf 83' lang='grc' dir='ltr'><strong>τῶν</strong></span> <span class='ocrx_word' id='word_1_158' title='bbox 3133 725 3532 797; x_wconf 75' lang='grc' dir='ltr'><strong>Ἕϐδομήκοντα</strong></span> <span class='ocrx_word' id='word_1_159' title='bbox 3558 727 3797 797; x_wconf 81' lang='grc' dir='ltr'><strong>γραφήν·</strong></span> 
     </span>
    </p>
   </div>
   <div class='ocr_carea' id='block_1_22' title="bbox 2220 815 3797 889">
    <p class='ocr_par' dir='ltr' id='par_1_22' title="bbox 2220 815 3797 889">
     <span class='ocr_line' id='line_1_22' title="bbox 2220 815 3797 889; baseline -0.001 -18"><span class='ocrx_word' id='word_1_160' title='bbox 2220 819 2398 871; x_wconf 75' lang='grc' dir='ltr'><strong>κεῖται</strong></span> <span class='ocrx_word' id='word_1_161' title='bbox 2424 819 2534 889; x_wconf 76' lang='grc' dir='ltr'><strong>γὰρ</strong></span> <span class='ocrx_word' id='word_1_162' title='bbox 2555 818 2631 881; x_wconf 86' lang='grc' dir='ltr'><strong>ὠς</strong></span> <span class='ocrx_word' id='word_1_163' title='bbox 2655 819 2712 871; x_wconf 83' lang='grc' dir='ltr'>έν</span> <span class='ocrx_word' id='word_1_164' title='bbox 2747 818 3055 889; x_wconf 79' lang='grc' dir='ltr'><strong>μεταιχμίῳ</strong></span> <span class='ocrx_word' id='word_1_165' title='bbox 3082 816 3349 888; x_wconf 84' lang='grc' dir='ltr'><strong>χειμῶνός</strong></span> <span class='ocrx_word' id='word_1_166' title='bbox 3379 833 3436 870; x_wconf 88' lang='grc' dir='ltr'><strong>τε</strong></span> <span class='ocrx_word' id='word_1_167' title='bbox 3462 816 3555 869; x_wconf 78' lang='grc' dir='ltr'><strong>καὶ</strong></span> <span class='ocrx_word' id='word_1_168' title='bbox 3586 815 3797 887; x_wconf 90' lang='grc' dir='ltr'><strong>θέρους,</strong></span> 
     </span>
    </p>
   </div>
   <div class='ocr_carea' id='block_1_23' title="bbox 2220 908 3793 981">
    <p class='ocr_par' dir='ltr' id='par_1_23' title="bbox 2220 908 3793 981">
     <span class='ocr_line' id='line_1_23' title="bbox 2220 908 3793 981; baseline -0.001 -19"><span class='ocrx_word' id='word_1_169' title='bbox 2220 908 2361 962; x_wconf 83' lang='grc' dir='ltr'><strong>ὥστε</strong></span> <span class='ocrx_word' id='word_1_170' title='bbox 2394 909 2496 964; x_wconf 82' lang='grc' dir='ltr'><strong>κᾶν</strong></span> <span class='ocrx_word' id='word_1_171' title='bbox 2528 911 2660 974; x_wconf 77' lang='grc' dir='ltr'><strong>εῐτις</strong></span> <span class='ocrx_word' id='word_1_172' title='bbox 2686 910 2816 963; x_wconf 79' lang='grc' dir='ltr'><strong>αὐτὸ</strong></span> <span class='ocrx_word' id='word_1_173' title='bbox 2835 912 2946 973; x_wconf 83' lang='grc' dir='ltr'><strong>τοῖς</strong></span> <span class='ocrx_word' id='word_1_174' title='bbox 2976 908 3077 963; x_wconf 83' lang='grc' dir='ltr'><strong>τοῦ</strong></span> <span class='ocrx_word' id='word_1_175' title='bbox 3104 908 3370 980; x_wconf 78' lang='grc' dir='ltr'><strong>χειμῶνος</strong></span> <span class='ocrx_word' id='word_1_176' title='bbox 3393 908 3644 981; x_wconf 76' lang='grc' dir='ltr'><strong>ἀπονέμῃ</strong></span> <span class='ocrx_word' id='word_1_177' title='bbox 3675 924 3793 961; x_wconf 84' lang='grc' dir='ltr'><strong>και-</strong></span> 
     </span>
    </p>
   </div>
   <div class='ocr_carea' id='block_1_24' title="bbox 2225 1000 3790 1073">
    <p class='ocr_par' dir='ltr' id='par_1_24' title="bbox 2225 1000 3790 1073">
     <span class='ocr_line' id='line_1_24' title="bbox 2225 1000 3790 1073; baseline -0.001 -19"><span class='ocrx_word' id='word_1_178' title='bbox 2225 1004 2357 1072; x_wconf 82' lang='grc' dir='ltr'><strong>ροῖς,</strong></span> <span class='ocrx_word' id='word_1_179' title='bbox 2384 1002 2476 1055; x_wconf 83' lang='grc' dir='ltr'><strong>τὸν</strong></span> <span class='ocrx_word' id='word_1_180' title='bbox 2513 1002 2604 1055; x_wconf 88' lang='grc' dir='ltr'><strong>τοῦ</strong></span> <span class='ocrx_word' id='word_1_181' title='bbox 2640 1002 2865 1066; x_wconf 80' lang='grc' dir='ltr'><strong>εἰκότος,</strong></span> <span class='ocrx_word' id='word_1_182' title='bbox 2893 1001 2927 1073; x_wconf 81' lang='grc' dir='ltr'>ἢ</span> <span class='ocrx_word' id='word_1_183' title='bbox 2966 1001 3059 1055; x_wconf 78' lang='grc' dir='ltr'><strong>καὶ</strong></span> <span class='ocrx_word' id='word_1_184' title='bbox 3084 1001 3260 1073; x_wconf 80' lang='grc' dir='ltr'><strong>ὀρθῶς</strong></span> <span class='ocrx_word' id='word_1_185' title='bbox 3288 1001 3523 1072; x_wconf 76' lang='grc' dir='ltr'><strong>ἔχοντος,</strong></span> <span class='ocrx_word' id='word_1_186' title='bbox 3553 1000 3652 1054; x_wconf 81' lang='grc' dir='ltr'><strong>οὐκ</strong></span> <span class='ocrx_word' id='word_1_187' title='bbox 3685 1000 3790 1053; x_wconf 75' lang='grc' dir='ltr'><strong>ἀδι⁸</strong></span> 
     </span>
    </p>
   </div>
   <div class='ocr_carea' id='block_1_25' title="bbox 2224 1092 3798 1164">
    <p class='ocr_par' dir='ltr' id='par_1_25' title="bbox 2224 1092 3798 1164">
     <span class='ocr_line' id='line_1_25' title="bbox 2224 1092 3798 1164; baseline -0.001 -19"><span class='ocrx_word' id='word_1_188' title='bbox 2224 1094 2379 1162; x_wconf 88' lang='grc' dir='ltr'><strong>κήσει</strong></span> <span class='ocrx_word' id='word_1_189' title='bbox 2406 1094 2583 1162; x_wconf 91' lang='grc' dir='ltr'><strong>λόγον.</strong></span> <span class='ocrx_word' id='word_1_190' title='bbox 2626 1092 2688 1147; x_wconf 79' lang='lat' dir='ltr'><strong>El</strong></span> <span class='ocrx_word' id='word_1_191' title='bbox 2720 1094 2777 1146; x_wconf 83' lang='grc' dir='ltr'><strong>δὲ</strong></span> <span class='ocrx_word' id='word_1_192' title='bbox 2807 1094 2869 1164; x_wconf 85' lang='grc' dir='ltr'><strong>δή</strong></span> <span class='ocrx_word' id='word_1_193' title='bbox 2920 1110 3005 1157; x_wconf 88' lang='grc' dir='ltr'><strong>τις</strong></span> <span class='ocrx_word' id='word_1_194' title='bbox 3052 1092 3293 1163; x_wconf 81' lang='grc' dir='ltr'><strong>βούλοιτο</strong></span> <span class='ocrx_word' id='word_1_195' title='bbox 3339 1096 3433 1147; x_wconf 72' lang='grc' dir='ltr'><strong>καὶ</strong></span> <span class='ocrx_word' id='word_1_196' title='bbox 3463 1092 3583 1146; x_wconf 86' lang='grc' dir='ltr'><strong>καθ’</strong></span> <span class='ocrx_word' id='word_1_197' title='bbox 3613 1092 3798 1163; x_wconf 73' lang='grc' dir='ltr'><strong>ἕτερον</strong></span> 
     </span>
    </p>
   </div>
   <div class='ocr_carea' id='block_1_26' title="bbox 2226 1181 3799 1254">
    <p class='ocr_par' dir='ltr' id='par_1_26' title="bbox 2226 1181 3799 1254">
     <span class='ocr_line' id='line_1_26' title="bbox 2226 1181 3799 1254; baseline 0.002 -21"><span class='ocrx_word' id='word_1_198' title='bbox 2226 1182 2464 1235; x_wconf 80' lang='grc' dir='ltr'><strong>συνιέναι</strong></span> <span class='ocrx_word' id='word_1_199' title='bbox 2495 1183 2694 1254; x_wconf 85' lang='grc' dir='ltr'><strong>τρόπον</strong></span> <span class='ocrx_word' id='word_1_200' title='bbox 2714 1183 2775 1235; x_wconf 86' lang='grc' dir='ltr'><strong>τὸ</strong></span> <span class='ocrx_word' id='word_1_201' title='bbox 2800 1183 2929 1253; x_wconf 71' lang='grc' dir='ltr'><strong>τιεῲ⁵</strong></span> <span class='ocrx_word' id='word_1_202' title='bbox 2976 1182 3071 1235; x_wconf 91' lang='grc' dir='ltr'><strong>τοῦ</strong></span> <span class='ocrx_word' id='word_1_203' title='bbox 3106 1183 3297 1254; x_wconf 87' lang='grc' dir='ltr'><strong>νοητοῦ</strong></span> <span class='ocrx_word' id='word_1_204' title='bbox 3356 1182 3647 1253; x_wconf 88' lang='grc' dir='ltr'><strong>λεγόμενον</strong></span> <span class='ocrx_word' id='word_1_205' title='bbox 3673 1181 3799 1236; x_wconf 85' lang='grc' dir='ltr'><strong>ῦδα-</strong></span> 
     </span>
    </p>
   </div>
   <div class='ocr_carea' id='block_1_27' title="bbox 2222 1273 3800 1346">
    <p class='ocr_par' dir='ltr' id='par_1_27' title="bbox 2222 1273 3800 1346">
     <span class='ocr_line' id='line_1_27' title="bbox 2222 1273 3800 1346; baseline 0.001 -20"><span class='ocrx_word' id='word_1_206' title='bbox 2222 1290 2332 1338; x_wconf 91' lang='grc' dir='ltr'><strong>τος,</strong></span> <span class='ocrx_word' id='word_1_207' title='bbox 2356 1273 2432 1337; x_wconf 84' lang='grc' dir='ltr'><strong>ὡς</strong></span> <span class='ocrx_word' id='word_1_208' title='bbox 2472 1295 2491 1326; x_wconf 74' lang='grc' dir='ltr'><strong>ι</strong></span> <span class='ocrx_word' id='word_1_209' title='bbox 2518 1274 2859 1339; x_wconf 80' lang='grc' dir='ltr'><strong>ἐξελεύσεται</strong></span> <span class='ocrx_word' id='word_1_210' title='bbox 2886 1275 2948 1327; x_wconf 86' lang='grc' dir='ltr'><strong>τὸ</strong></span> <span class='ocrx_word' id='word_1_211' title='bbox 2979 1276 3150 1345; x_wconf 69' lang='grc' dir='ltr'><strong>ἥμισυ</strong></span> <span class='ocrx_word' id='word_1_212' title='bbox 3176 1275 3341 1329; x_wconf 86' lang='grc' dir='ltr'><strong>αὑτοῦ</strong></span> <span class='ocrx_word' id='word_1_213' title='bbox 3372 1277 3450 1340; x_wconf 84' lang='grc' dir='ltr'><strong>εἱς</strong></span> <span class='ocrx_word' id='word_1_214' title='bbox 3476 1276 3575 1346; x_wconf 81' lang='grc' dir='ltr'><strong>τὴν</strong></span> <span class='ocrx_word' id='word_1_215' title='bbox 3610 1274 3800 1328; x_wconf 80' lang='grc' dir='ltr'><strong>θάλασ-</strong></span> 
     </span>
    </p>
   </div>
   <div class='ocr_carea' id='block_1_28' title="bbox 2225 1365 3799 1438">
    <p class='ocr_par' dir='ltr' id='par_1_28' title="bbox 2225 1365 3799 1438">
     <span class='ocr_line' id='line_1_28' title="bbox 2225 1365 3799 1438; baseline 0.001 -21"><span class='ocrx_word' id='word_1_216' title='bbox 2225 1382 2323 1418; x_wconf 90' lang='grc' dir='ltr'><strong>σαν</strong></span> <span class='ocrx_word' id='word_1_217' title='bbox 2344 1365 2441 1436; x_wconf 88' lang='grc' dir='ltr'><strong>τὴν</strong></span> <span class='ocrx_word' id='word_1_218' title='bbox 2475 1365 2720 1437; x_wconf 86' lang='grc' dir='ltr'><strong>πρώτην,</strong></span> <span class='ocrx_word' id='word_1_219' title='bbox 2751 1368 2845 1422; x_wconf 76' lang='grc' dir='ltr'><strong>καὶ</strong></span> <span class='ocrx_word' id='word_1_220' title='bbox 2872 1368 2932 1421; x_wconf 84' lang='grc' dir='ltr'><strong>τὸ</strong></span> <span class='ocrx_word' id='word_1_221' title='bbox 2953 1369 3124 1438; x_wconf 76' lang='grc' dir='ltr'><strong>ἥμισυ</strong></span> <span class='ocrx_word' id='word_1_222' title='bbox 3154 1366 3319 1421; x_wconf 78' lang='grc' dir='ltr'><strong>αὐτοῦ</strong></span> <span class='ocrx_word' id='word_1_223' title='bbox 3358 1368 3438 1431; x_wconf 83' lang='grc' dir='ltr'><strong>είς</strong></span> <span class='ocrx_word' id='word_1_224' title='bbox 3466 1367 3564 1436; x_wconf 84' lang='grc' dir='ltr'><strong>τὴν</strong></span> <span class='ocrx_word' id='word_1_225' title='bbox 3601 1365 3799 1421; x_wconf 81' lang='grc' dir='ltr'><strong>θάλασ-</strong></span> 
     </span>
    </p>
   </div>
   <div class='ocr_carea' id='block_1_29' title="bbox 2224 1457 3798 1530">
    <p class='ocr_par' dir='ltr' id='par_1_29' title="bbox 2224 1457 3798 1530">
     <span class='ocr_line' id='line_1_29' title="bbox 2224 1457 3798 1530; baseline 0.003 -21"><span class='ocrx_word' id='word_1_226' title='bbox 2224 1474 2321 1510; x_wconf 91' lang='grc' dir='ltr'><strong>σαν</strong></span> <span class='ocrx_word' id='word_1_227' title='bbox 2353 1457 2450 1528; x_wconf 86' lang='grc' dir='ltr'><strong>τὴν</strong></span> <span class='ocrx_word' id='word_1_228' title='bbox 2499 1459 2755 1529; x_wconf 80' lang='grc' dir='ltr'><strong>ἐσχάτην,</strong></span> <span class='ocrx_word' id='word_1_229' title='bbox 2803 1459 2899 1513; x_wconf 67' lang='grc' dir='ltr'><strong>καὶ</strong></span> <span class='ocrx_word' id='word_1_230' title='bbox 2950 1460 3007 1513; x_wconf 84' lang='grc' dir='ltr'><strong>ἐν</strong></span> <span class='ocrx_word' id='word_1_231' title='bbox 3037 1459 3208 1530; x_wconf 80' lang='grc' dir='ltr'><strong>θέρει,</strong></span> <span class='ocrx_word' id='word_1_232' title='bbox 3253 1458 3349 1513; x_wconf 72' lang='grc' dir='ltr'><strong>καὶ</strong></span> <span class='ocrx_word' id='word_1_233' title='bbox 3386 1460 3444 1511; x_wconf 83' lang='grc' dir='ltr'><strong>ἐν</strong></span> <span class='ocrx_word' id='word_1_234' title='bbox 3469 1458 3611 1529; x_wconf 77' lang='grc' dir='ltr'><strong>ἔαρι,</strong></span> <span class='ocrx_word' id='word_1_235' title='bbox 3648 1457 3798 1513; x_wconf 75' lang='grc' dir='ltr'><strong>ἔσται</strong></span> 
     </span>
    </p>
   </div>
   <div class='ocr_carea' id='block_1_30' title="bbox 2220 1545 3798 1620">
    <p class='ocr_par' dir='ltr' id='par_1_30' title="bbox 2220 1545 3798 1620">
     <span class='ocr_line' id='line_1_30' title="bbox 2220 1545 3798 1620; baseline 0.003 -22"><span class='ocrx_word' id='word_1_236' title='bbox 2220 1545 2383 1607; x_wconf 80' lang='grc' dir='ltr'><strong>οὕτω,</strong></span> <span class='ocrx_word' id='word_1_237' title='bbox 2418 1564 2436 1597; x_wconf 72' lang='grc' dir='ltr'>ι</span> <span class='ocrx_word' id='word_1_238' title='bbox 2478 1548 2739 1616; x_wconf 79' lang='grc' dir='ltr'><strong>τοιαύτην</strong></span> <span class='ocrx_word' id='word_1_239' title='bbox 2792 1548 2917 1601; x_wconf 82' lang='grc' dir='ltr'><strong>τινὰ</strong></span> <span class='ocrx_word' id='word_1_240' title='bbox 2960 1548 3055 1601; x_wconf 87' lang='grc' dir='ltr'><strong>τοῦ</strong></span> <span class='ocrx_word' id='word_1_241' title='bbox 3107 1548 3469 1620; x_wconf 80' lang='grc' dir='ltr'><strong>προκειμένου</strong></span> <span class='ocrx_word' id='word_1_242' title='bbox 3521 1548 3798 1618; x_wconf 88' lang='grc' dir='ltr'><strong>περίνοιαν</strong></span> 
     </span>
    </p>
   </div>
   <div class='ocr_carea' id='block_1_31' title="bbox 2221 1637 3799 1713">
    <p class='ocr_par' dir='ltr' id='par_1_31' title="bbox 2221 1637 3799 1713">
     <span class='ocr_line' id='line_1_31' title="bbox 2221 1637 3799 1713; baseline 0.003 -23"><span class='ocrx_word' id='word_1_243' title='bbox 2221 1637 2537 1702; x_wconf 76' lang='grc' dir='ltr'><strong>είσδέξεται’</strong></span> <span class='ocrx_word' id='word_1_244' title='bbox 2562 1639 2847 1693; x_wconf 81' lang='grc' dir='ltr'><strong>Θάλασσαν</strong></span> <span class='ocrx_word' id='word_1_245' title='bbox 2875 1640 2975 1711; x_wconf 78' lang='grc' dir='ltr'><strong>μὲν</strong></span> <span class='ocrx_word' id='word_1_246' title='bbox 3009 1640 3119 1713; x_wconf 79' lang='grc' dir='ltr'><strong>γὰρ</strong></span> <span class='ocrx_word' id='word_1_247' title='bbox 3144 1639 3396 1711; x_wconf 78' lang='grc' dir='ltr'><strong>ὀνομάζει</strong></span> <span class='ocrx_word' id='word_1_248' title='bbox 3422 1638 3668 1711; x_wconf 83' lang='grc' dir='ltr'><strong>πρώτην,</strong></span> <span class='ocrx_word' id='word_1_249' title='bbox 3701 1640 3799 1711; x_wconf 82' lang='grc' dir='ltr'><strong>τὴν</strong></span> 
     </span>
    </p>
   </div>
   <div class='ocr_carea' id='block_1_32' title="bbox 537 1729 2120 1804">
    <p class='ocr_par' dir='ltr' id='par_1_32' title="bbox 537 1730 2118 1802">
     <span class='ocr_line' id='line_1_32' title="bbox 537 1730 2118 1802; baseline 0.003 -19"><span class='ocrx_word' id='word_1_250' title='bbox 537 1731 958 1789; x_wconf 81' lang='lat' dir='ltr'><strong>ebarismatibus</strong></span> <span class='ocrx_word' id='word_1_251' title='bbox 988 1747 1083 1802; x_wconf 89' lang='lat' dir='ltr'><strong>per</strong></span> <span class='ocrx_word' id='word_1_252' title='bbox 1106 1730 1403 1795; x_wconf 84' lang='lat' dir='ltr'><strong>Christum,</strong></span> <span class='ocrx_word' id='word_1_253' title='bbox 1432 1742 1487 1787; x_wconf 93' lang='lat' dir='ltr'><strong>et</strong></span> <span class='ocrx_word' id='word_1_254' title='bbox 1518 1733 1857 1801; x_wconf 87' lang='lat' dir='ltr'><strong>permanebit</strong></span> <span class='ocrx_word' id='word_1_255' title='bbox 1894 1733 2118 1787; x_wconf 85' lang='lat' dir='ltr'><strong>omnino</strong></span> 
     </span>
    </p>
   </div>
   <div class='ocr_carea' id='block_1_33' title="bbox 2226 1729 3800 1804">
    <p class='ocr_par' dir='ltr' id='par_1_33' title="bbox 2226 1729 3800 1804">
     <span class='ocr_line' id='line_1_33' title="bbox 2226 1729 3800 1804; baseline 0.002 -22"><span class='ocrx_word' id='word_1_256' title='bbox 2226 1732 2353 1800; x_wconf 83' lang='grc' dir='ltr'><strong>πρὸς</strong></span> <span class='ocrx_word' id='word_1_257' title='bbox 2382 1729 2466 1800; x_wconf 86' lang='grc' dir='ltr'><strong>ὴὼ</strong></span> <span class='ocrx_word' id='word_1_258' title='bbox 2518 1731 2658 1801; x_wconf 84' lang='grc' dir='ltr'><strong>τάχα</strong></span> <span class='ocrx_word' id='word_1_259' title='bbox 2716 1749 2818 1785; x_wconf 86' lang='grc' dir='ltr'><strong>που</strong></span> <span class='ocrx_word' id='word_1_260' title='bbox 2852 1733 3131 1803; x_wconf 81' lang='grc' dir='ltr'><strong>κειμένην,</strong></span> <span class='ocrx_word' id='word_1_261' title='bbox 3184 1732 3282 1803; x_wconf 78' lang='grc' dir='ltr'><strong>τὴν</strong></span> <span class='ocrx_word' id='word_1_262' title='bbox 3345 1731 3602 1787; x_wconf 77' lang='grc' dir='ltr'><strong>ἐπέκεινα</strong></span> <span class='ocrx_word' id='word_1_263' title='bbox 3658 1748 3800 1804; x_wconf 75' lang='grc' dir='ltr'><strong>φημι</strong></span> 
     </span>
    </p>
   </div>
   <div class='ocr_carea' id='block_1_34' title="bbox 538 1822 2113 1893">
    <p class='ocr_par' dir='ltr' id='par_1_34' title="bbox 538 1822 2113 1893">
     <span class='ocr_line' id='line_1_34' title="bbox 538 1822 2113 1893; baseline 0.001 -18"><span class='ocrx_word' id='word_1_264' title='bbox 538 1825 737 1877; x_wconf 74' lang='lat' dir='ltr'><strong>donum</strong></span> <span class='ocrx_word' id='word_1_265' title='bbox 766 1824 818 1877; x_wconf 91' lang='lat' dir='ltr'><strong>in</strong></span> <span class='ocrx_word' id='word_1_266' title='bbox 854 1824 919 1878; x_wconf 91' lang='lat' dir='ltr'><strong>iis</strong></span> <span class='ocrx_word' id='word_1_267' title='bbox 949 1826 1037 1892; x_wconf 94' lang='lat' dir='ltr'><strong>qui</strong></span> <span class='ocrx_word' id='word_1_268' title='bbox 1094 1825 1424 1893; x_wconf 82' lang='lat' dir='ltr'><strong>acceperint.</strong></span> <span class='ocrx_word' id='word_1_269' title='bbox 1454 1822 1625 1888; x_wconf 89' lang='lat' dir='ltr'><strong>Tunc,</strong></span> <span class='ocrx_word' id='word_1_270' title='bbox 1664 1834 1791 1879; x_wconf 91' lang='lat' dir='ltr'><strong>tunc</strong></span> <span class='ocrx_word' id='word_1_271' title='bbox 1824 1841 1843 1874; x_wconf 76' lang='grc' dir='ltr'><strong>ι</strong></span> <span class='ocrx_word' id='word_1_272' title='bbox 1877 1825 1979 1877; x_wconf 89' lang='lat' dir='ltr'><strong>erit</strong></span> <span class='ocrx_word' id='word_1_273' title='bbox 2006 1822 2113 1878; x_wconf 85' lang='lat' dir='ltr'><strong>Do—</strong></span> 
     </span>
    </p>
   </div>
   <div class='ocr_carea' id='block_1_35' title="bbox 538 1912 2116 1984">
    <p class='ocr_par' dir='ltr' id='par_1_35' title="bbox 538 1912 2116 1984">
     <span class='ocr_line' id='line_1_35' title="bbox 538 1912 2116 1984; baseline 0.004 -21"><span class='ocrx_word' id='word_1_274' title='bbox 538 1912 715 1966; x_wconf 88' lang='lat' dir='ltr'><strong>minus</strong></span> <span class='ocrx_word' id='word_1_275' title='bbox 745 1913 794 1966; x_wconf 88' lang='lat' dir='ltr'><strong>in</strong></span> <span class='ocrx_word' id='word_1_276' title='bbox 830 1928 1009 1984; x_wconf 89' lang='lat' dir='ltr'><strong>regem</strong></span> <span class='ocrx_word' id='word_1_277' title='bbox 1038 1928 1200 1982; x_wconf 86' lang='lat' dir='ltr'><strong>super</strong></span> <span class='ocrx_word' id='word_1_278' title='bbox 1254 1930 1469 1967; x_wconf 85' lang='lat' dir='ltr'><strong>omnem</strong></span> <span class='ocrx_word' id='word_1_279' title='bbox 1522 1924 1741 1971; x_wconf 85' lang='lat' dir='ltr'><strong>terram.</strong></span> <span class='ocrx_word' id='word_1_280' title='bbox 1782 1933 1801 1967; x_wconf 74' lang='grc' dir='ltr'><strong>ι</strong></span> <span class='ocrx_word' id='word_1_281' title='bbox 1858 1913 1969 1968; x_wconf 89' lang='lat' dir='ltr'><strong>Sub</strong></span> <span class='ocrx_word' id='word_1_282' title='bbox 2000 1914 2116 1982; x_wconf 92' lang='lat' dir='ltr'><strong>ipso</strong></span> 
     </span>
    </p>
   </div>
   <div class='ocr_carea' id='block_1_36' title="bbox 538 2003 2116 2076">
    <p class='ocr_par' dir='ltr' id='par_1_36' title="bbox 538 2003 2116 2076">
     <span class='ocr_line' id='line_1_36' title="bbox 538 2003 2116 2076; baseline 0.001 -18"><span class='ocrx_word' id='word_1_283' title='bbox 538 2004 684 2058; x_wconf 90' lang='lat' dir='ltr'><strong>enim</strong></span> <span class='ocrx_word' id='word_1_284' title='bbox 716 2003 830 2059; x_wconf 83' lang='lat' dir='ltr'><strong>solo</strong></span> <span class='ocrx_word' id='word_1_285' title='bbox 846 2006 1071 2069; x_wconf 87' lang='lat' dir='ltr'><strong>erimus,</strong></span> <span class='ocrx_word' id='word_1_286' title='bbox 1110 2016 1165 2060; x_wconf 91' lang='lat' dir='ltr'><strong>et</strong></span> <span class='ocrx_word' id='word_1_287' title='bbox 1193 2007 1305 2074; x_wconf 87' lang='lat' dir='ltr'><strong>ipse</strong></span> <span class='ocrx_word' id='word_1_288' title='bbox 1337 2007 1707 2061; x_wconf 78' lang='lat' dir='ltr'><strong>dominabitur</strong></span> <span class='ocrx_word' id='word_1_289' title='bbox 1746 2007 1937 2061; x_wconf 87' lang='lat' dir='ltr'><strong>deletis</strong></span> <span class='ocrx_word' id='word_1_290' title='bbox 1968 2008 2116 2076; x_wconf 83' lang='lat' dir='ltr'><strong>peni-</strong></span> 
     </span>
    </p>
   </div>
   <div class='ocr_carea' id='block_1_37' title="bbox 538 2096 2115 2169">
    <p class='ocr_par' dir='ltr' id='par_1_37' title="bbox 538 2096 2115 2169">
     <span class='ocr_line' id='line_1_37' title="bbox 538 2096 2115 2169; baseline 0.001 -20"><span class='ocrx_word' id='word_1_291' title='bbox 538 2106 622 2150; x_wconf 89' lang='lat' dir='ltr'><strong>tus</strong></span> <span class='ocrx_word' id='word_1_292' title='bbox 638 2096 971 2167; x_wconf 84' lang='lat' dir='ltr'><strong>principibus</strong></span> <span class='ocrx_word' id='word_1_293' title='bbox 997 2098 1373 2151; x_wconf 65' lang='lat' dir='ltr'><strong>mundiszeculi</strong></span> <span class='ocrx_word' id='word_1_294' title='bbox 1395 2096 1791 2168; x_wconf 38' lang='lat' dir='ltr'><strong>bujus,et.omni</strong></span> <span class='ocrx_word' id='word_1_295' title='bbox 1816 2098 2115 2169; x_wconf 90' lang='lat' dir='ltr'><strong>principatu</strong></span> 
     </span>
    </p>
   </div>
   <div class='ocr_carea' id='block_1_38' title="bbox 536 2191 2117 2262">
    <p class='ocr_par' dir='ltr' id='par_1_38' title="bbox 536 2191 2117 2262">
     <span class='ocr_line' id='line_1_38' title="bbox 536 2191 2117 2262; baseline 0.003 -21"><span class='ocrx_word' id='word_1_296' title='bbox 536 2205 811 2255; x_wconf 81' lang='lat' dir='ltr'><strong>perverso,</strong></span> <span class='ocrx_word' id='word_1_297' title='bbox 845 2201 899 2245; x_wconf 91' lang='lat' dir='ltr'><strong>et</strong></span> <span class='ocrx_word' id='word_1_298' title='bbox 930 2192 1211 2262; x_wconf 83' lang='lat' dir='ltr'><strong>tyrannide</strong></span> <span class='ocrx_word' id='word_1_299' title='bbox 1241 2201 1426 2244; x_wconf 88' lang='lat' dir='ltr'><strong>contra</strong></span> <span class='ocrx_word' id='word_1_300' title='bbox 1465 2206 1563 2245; x_wconf 89' lang='lat' dir='ltr'><strong>nos</strong></span> <span class='ocrx_word' id='word_1_301' title='bbox 1588 2191 1955 2261; x_wconf 88' lang='lat' dir='ltr'><strong>trittmpbatis,</strong></span> <span class='ocrx_word' id='word_1_302' title='bbox 2001 2191 2117 2258; x_wconf 87' lang='lat' dir='ltr'><strong>ipso</strong></span> 
     </span>
    </p>
   </div>
   <div class='ocr_carea' id='block_1_39' title="bbox 538 2280 1947 2352">
    <p class='ocr_par' dir='ltr' id='par_1_39' title="bbox 538 2280 1947 2352">
     <span class='ocr_line' id='line_1_39' title="bbox 538 2280 1947 2352; baseline 0.001 -20"><span class='ocrx_word' id='word_1_303' title='bbox 538 2281 736 2334; x_wconf 83' lang='lat' dir='ltr'><strong>Satana</strong></span> <span class='ocrx_word' id='word_1_304' title='bbox 762 2298 882 2336; x_wconf 83' lang='lat' dir='ltr'><strong>cum</strong></span> <span class='ocrx_word' id='word_1_305' title='bbox 906 2282 1196 2335; x_wconf 84' lang='lat' dir='ltr'><strong>virtutibus</strong></span> <span class='ocrx_word' id='word_1_306' title='bbox 1225 2281 1339 2346; x_wconf 76' lang='lat' dir='ltr'><strong>ejus</strong></span> <span class='ocrx_word' id='word_1_307' title='bbox 1370 2280 1618 2350; x_wconf 79' lang='lat' dir='ltr'><strong>malignis</strong></span> <span class='ocrx_word' id='word_1_308' title='bbox 1643 2280 1947 2352; x_wconf 82' lang='lat' dir='ltr'><strong>proﬂigato.</strong></span> 
     </span>
    </p>
   </div>
   <div class='ocr_carea' id='block_1_40' title="bbox 2221 1824 3803 1897">
    <p class='ocr_par' dir='ltr' id='par_1_40' title="bbox 2221 1824 3803 1897">
     <span class='ocr_line' id='line_1_40' title="bbox 2221 1824 3803 1897; baseline 0.001 -21"><span class='ocrx_word' id='word_1_309' title='bbox 2221 1824 2509 1894; x_wconf 82' lang='grc' dir='ltr'><strong>τερμάτων</strong></span> <span class='ocrx_word' id='word_1_310' title='bbox 2531 1825 2630 1894; x_wconf 88' lang='grc' dir='ltr'><strong>τῆς</strong></span> <span class='ocrx_word' id='word_1_311' title='bbox 2662 1824 2789 1894; x_wconf 85' lang='grc' dir='ltr'><strong>ὅλης</strong></span> <span class='ocrx_word' id='word_1_312' title='bbox 2818 1826 2941 1895; x_wconf 83' lang='grc' dir='ltr'><strong>γῆς,</strong></span> <span class='ocrx_word' id='word_1_313' title='bbox 2990 1825 3227 1895; x_wconf 81' lang='grc' dir='ltr'><strong>ἐσχάτην</strong></span> <span class='ocrx_word' id='word_1_314' title='bbox 3273 1841 3338 1893; x_wconf 84' lang='grc' dir='ltr'><strong>γε</strong></span> <span class='ocrx_word' id='word_1_315' title='bbox 3402 1827 3509 1897; x_wconf 87' lang='grc' dir='ltr'><strong>μὴν</strong></span> <span class='ocrx_word' id='word_1_316' title='bbox 3538 1824 3635 1895; x_wconf 84' lang='grc' dir='ltr'><strong>τὴν</strong></span> <span class='ocrx_word' id='word_1_317' title='bbox 3668 1825 3803 1896; x_wconf 80' lang='grc' dir='ltr'><strong>πρὸς</strong></span> 
     </span>
    </p>
   </div>
   <div class='ocr_carea' id='block_1_41' title="bbox 2222 1908 3803 1989">
    <p class='ocr_par' dir='ltr' id='par_1_41' title="bbox 2222 1908 3803 1989">
     <span class='ocr_line' id='line_1_41' title="bbox 2222 1908 3803 1989; baseline 0.003 -23"><span class='ocrx_word' id='word_1_318' title='bbox 2222 1914 2415 1977; x_wconf 83' lang='grc' dir='ltr'><strong>αὐταῖς</strong></span> <span class='ocrx_word' id='word_1_319' title='bbox 2441 1908 2561 1977; x_wconf 78' lang='grc' dir='ltr'><strong>ταῖς</strong></span> <span class='ocrx_word' id='word_1_320' title='bbox 2585 1914 2824 1986; x_wconf 75' lang='grc' dir='ltr'><strong>ἑσπέρας</strong></span> <span class='ocrx_word' id='word_1_321' title='bbox 2861 1916 3153 1985; x_wconf 77' lang='grc' dir='ltr'><strong>ἐσχατιαῖς.</strong></span> <span class='ocrx_word' id='word_1_322' title='bbox 3188 1917 3483 1989; x_wconf 82' lang='grc' dir='ltr'><strong>Πρόσωπον</strong></span> <span class='ocrx_word' id='word_1_323' title='bbox 3511 1918 3620 1988; x_wconf 86' lang='grc' dir='ltr'><strong>γὰρ</strong></span> <span class='ocrx_word' id='word_1_324' title='bbox 3640 1917 3803 1971; x_wconf 80' lang='grc' dir='ltr'><strong>οἱονεί</strong></span> 
     </span>
    </p>
   </div>
   <div class='ocr_carea' id='block_1_42' title="bbox 2224 2006 3801 2080">
    <p class='ocr_par' dir='ltr' id='par_1_42' title="bbox 2224 2006 3801 2080">
     <span class='ocr_line' id='line_1_42' title="bbox 2224 2006 3801 2080; baseline 0.003 -22"><span class='ocrx_word' id='word_1_325' title='bbox 2224 2023 2361 2069; x_wconf 85' lang='grc' dir='ltr'><strong>πως,</strong></span> <span class='ocrx_word' id='word_1_326' title='bbox 2405 2008 2501 2059; x_wconf 78' lang='grc' dir='ltr'><strong>καὶ</strong></span> <span class='ocrx_word' id='word_1_327' title='bbox 2522 2006 2695 2078; x_wconf 78' lang='grc' dir='ltr'><strong>ἀρχὴν</strong></span> <span class='ocrx_word' id='word_1_328' title='bbox 2724 2006 2965 2078; x_wconf 73' lang='grc' dir='ltr'><strong>ὁρίζεται</strong></span> <span class='ocrx_word' id='word_1_329' title='bbox 3015 2009 3113 2078; x_wconf 88' lang='grc' dir='ltr'><strong>τῆς</strong></span> <span class='ocrx_word' id='word_1_330' title='bbox 3137 2010 3461 2079; x_wconf 83' lang='grc' dir='ltr'><strong>οἰκουμένης</strong></span> <span class='ocrx_word' id='word_1_331' title='bbox 3482 2010 3581 2080; x_wconf 88' lang='grc' dir='ltr'><strong>τὴν</strong></span> <span class='ocrx_word' id='word_1_332' title='bbox 3607 2011 3801 2063; x_wconf 83' lang='grc' dir='ltr'><strong>ἀνατο-</strong></span> 
     </span>
    </p>
   </div>
   <div class='ocr_carea' id='block_1_43' title="bbox 2224 2092 3804 2169">
    <p class='ocr_par' dir='ltr' id='par_1_43' title="bbox 2224 2092 3804 2169">
     <span class='ocr_line' id='line_1_43' title="bbox 2224 2092 3804 2169; baseline 0.002 -21"><span class='ocrx_word' id='word_1_333' title='bbox 2224 2095 2341 2167; x_wconf 85' lang='grc' dir='ltr'><strong>λήν·</strong></span> <span class='ocrx_word' id='word_1_334' title='bbox 2377 2094 2535 2167; x_wconf 82' lang='grc' dir='ltr'>Θέρος</span> <span class='ocrx_word' id='word_1_335' title='bbox 2574 2095 2648 2161; x_wconf 83' lang='grc' dir='ltr'><strong>δὲ,</strong></span> <span class='ocrx_word' id='word_1_336' title='bbox 2691 2092 2847 2165; x_wconf 72' lang='grc' dir='ltr'><strong>οἶμαί</strong></span> <span class='ocrx_word' id='word_1_337' title='bbox 2894 2113 3018 2163; x_wconf 89' lang='grc' dir='ltr'>που,</span> <span class='ocrx_word' id='word_1_338' title='bbox 3046 2097 3115 2150; x_wconf 86' lang='grc' dir='ltr'><strong>τὰ</strong></span> <span class='ocrx_word' id='word_1_339' title='bbox 3147 2096 3347 2168; x_wconf 79' lang='grc' dir='ltr'><strong>θερμὰ.</strong></span> <span class='ocrx_word' id='word_1_340' title='bbox 3402 2099 3497 2152; x_wconf 77' lang='grc' dir='ltr'><strong>καὶ</strong></span> <span class='ocrx_word' id='word_1_341' title='bbox 3533 2096 3680 2153; x_wconf 81' lang='grc' dir='ltr'><strong>νότια</strong></span> <span class='ocrx_word' id='word_1_342' title='bbox 3705 2101 3804 2169; x_wconf 81' lang='grc' dir='ltr'><strong>τῆς</strong></span> 
     </span>
    </p>
   </div>
   <div class='ocr_carea' id='block_1_44' title="bbox 2222 2183 3808 2260">
    <p class='ocr_par' dir='ltr' id='par_1_44' title="bbox 2222 2183 3808 2260">
     <span class='ocr_line' id='line_1_44' title="bbox 2222 2183 3808 2260; baseline 0.004 -23"><span class='ocrx_word' id='word_1_343' title='bbox 2222 2183 2545 2254; x_wconf 82' lang='grc' dir='ltr'>οἰκουμένης</span> <span class='ocrx_word' id='word_1_344' title='bbox 2576 2184 2839 2238; x_wconf 83' lang='grc' dir='ltr'><strong>ἀποκαλεῖ</strong></span> <span class='ocrx_word' id='word_1_345' title='bbox 2870 2185 3034 2257; x_wconf 87' lang='grc' dir='ltr'><strong>μέρη,</strong></span> <span class='ocrx_word' id='word_1_346' title='bbox 3075 2186 3176 2259; x_wconf 73' lang='grc' dir='ltr'><strong>ἔαρ</strong></span> <span class='ocrx_word' id='word_1_347' title='bbox 3223 2189 3279 2242; x_wconf 85' lang='grc' dir='ltr'><strong>δὲ</strong></span> <span class='ocrx_word' id='word_1_348' title='bbox 3332 2188 3492 2242; x_wconf 78' lang='grc' dir='ltr'><strong>πάλιν</strong></span> <span class='ocrx_word' id='word_1_349' title='bbox 3522 2188 3589 2243; x_wconf 76' lang='grc' dir='ltr'><strong>τὰ</strong></span> <span class='ocrx_word' id='word_1_350' title='bbox 3622 2188 3808 2260; x_wconf 78' lang='grc' dir='ltr'><strong>βόρειά</strong></span> 
     </span>
    </p>
   </div>
   <div class='ocr_carea' id='block_1_45' title="bbox 2222 2276 3807 2350">
    <p class='ocr_par' dir='ltr' id='par_1_45' title="bbox 2222 2276 3807 2350">
     <span class='ocr_line' id='line_1_45' title="bbox 2222 2276 3807 2350; baseline 0.003 -19"><span class='ocrx_word' id='word_1_351' title='bbox 2222 2295 2281 2331; x_wconf 90' lang='grc' dir='ltr'><strong>τε</strong></span> <span class='ocrx_word' id='word_1_352' title='bbox 2303 2279 2397 2331; x_wconf 75' lang='grc' dir='ltr'><strong>καὶ</strong></span> <span class='ocrx_word' id='word_1_353' title='bbox 2424 2277 2630 2348; x_wconf 77' lang='grc' dir='ltr'><strong>ψυχρά.</strong></span> <span class='ocrx_word' id='word_1_354' title='bbox 2673 2276 2833 2331; x_wconf 81' lang='grc' dir='ltr'><strong>Οὕτω</strong></span> <span class='ocrx_word' id='word_1_355' title='bbox 2863 2280 2971 2350; x_wconf 83' lang='grc' dir='ltr'><strong>γὰρ</strong></span> <span class='ocrx_word' id='word_1_356' title='bbox 2997 2283 3026 2334; x_wconf 84' lang='grc' dir='ltr'>ὁ</span> <span class='ocrx_word' id='word_1_357' title='bbox 3054 2281 3342 2346; x_wconf 84' lang='grc' dir='ltr'><strong>θεσπέσιος</strong></span> <span class='ocrx_word' id='word_1_358' title='bbox 3393 2281 3558 2337; x_wconf 72' lang='grc' dir='ltr'><strong>Δαϐὶδ</strong></span> <span class='ocrx_word' id='word_1_359' title='bbox 3581 2284 3651 2336; x_wconf 82' lang='grc' dir='ltr'><strong>τὰ</strong></span> <span class='ocrx_word' id='word_1_360' title='bbox 3684 2282 3807 2336; x_wconf 84' lang='grc' dir='ltr'><strong>τέσ-</strong></span> 
     </span>
    </p>
   </div>
   <div class='ocr_carea' id='block_1_46' title="bbox 538 2366 3806 2447">
    <p class='ocr_par' dir='ltr' id='par_1_46' title="bbox 538 2366 3806 2447">
     <span class='ocr_line' id='line_1_46' title="bbox 538 2366 3806 2447; baseline -0.002 -19"><span class='ocrx_word' id='word_1_361' title='bbox 538 2393 678 2447; x_wconf 85' lang='grc' dir='ltr'><strong>σαρα</strong></span> <span class='ocrx_word' id='word_1_362' title='bbox 730 2376 831 2445; x_wconf 89' lang='grc' dir='ltr'><strong>τῆς</strong></span> <span class='ocrx_word' id='word_1_363' title='bbox 884 2376 974 2428; x_wconf 80' lang='grc' dir='ltr'><strong>ὑπ’</strong></span> <span class='ocrx_word' id='word_1_364' title='bbox 1050 2375 1279 2444; x_wconf 78' lang='grc' dir='ltr'><strong>οὐρανὸν</strong></span> <span class='ocrx_word' id='word_1_365' title='bbox 1334 2373 1579 2441; x_wconf 86' lang='grc' dir='ltr'><strong>κλίματα</strong></span> <span class='ocrx_word' id='word_1_366' title='bbox 1649 2373 1893 2443; x_wconf 84' lang='grc' dir='ltr'><strong>σημῆναι</strong></span> <span class='ocrx_word' id='word_1_367' title='bbox 1943 2372 2144 2434; x_wconf 81' lang='grc' dir='ltr'>θέλων,</span> <span class='ocrx_word' id='word_1_368' title='bbox 2187 2367 2451 2437; x_wconf 80' lang='grc' dir='ltr'><strong>ἁνεφώνει</strong></span> <span class='ocrx_word' id='word_1_369' title='bbox 2493 2368 2626 2438; x_wconf 75' lang='grc' dir='ltr'><strong>πρὸς</strong></span> <span class='ocrx_word' id='word_1_370' title='bbox 2675 2366 2833 2421; x_wconf 59' lang='grc' dir='ltr'><strong>Θεόνε</strong></span> <span class='ocrx_word' id='word_1_371' title='bbox 2874 2387 2892 2420; x_wconf 82' lang='grc' dir='ltr'><strong>ι</strong></span> <span class='ocrx_word' id='word_1_372' title='bbox 2926 2370 3114 2440; x_wconf 87' lang='grc' dir='ltr'>Θέρος,</span> <span class='ocrx_word' id='word_1_373' title='bbox 3183 2372 3278 2425; x_wconf 85' lang='grc' dir='ltr'><strong>καὶ</strong></span> <span class='ocrx_word' id='word_1_374' title='bbox 3325 2370 3426 2443; x_wconf 83' lang='grc' dir='ltr'><strong>έαρ</strong></span> <span class='ocrx_word' id='word_1_375' title='bbox 3470 2374 3535 2427; x_wconf 82' lang='grc' dir='ltr'><strong>σὺ</strong></span> <span class='ocrx_word' id='word_1_376' title='bbox 3566 2372 3806 2427; x_wconf 78' lang='grc' dir='ltr'><strong>ἔπλασας</strong></span> 
     </span>
    </p>
   </div>
   <div class='ocr_carea' id='block_1_47' title="bbox 536 2460 3807 2541">
    <p class='ocr_par' dir='ltr' id='par_1_47' title="bbox 536 2460 3807 2541">
     <span class='ocr_line' id='line_1_47' title="bbox 536 2460 3807 2541; baseline -0.001 -19"><span class='ocrx_word' id='word_1_377' title='bbox 536 2470 697 2523; x_wconf 80' lang='grc' dir='ltr'><strong>αὑτά.</strong></span> <span class='ocrx_word' id='word_1_378' title='bbox 734 2489 751 2522; x_wconf 75' lang='grc' dir='ltr'><strong>ι</strong></span> <span class='ocrx_word' id='word_1_379' title='bbox 782 2470 892 2523; x_wconf 76' lang='grc' dir='ltr'><strong>Καὶ</strong></span> <span class='ocrx_word' id='word_1_380' title='bbox 915 2468 1105 2533; x_wconf 81' lang='grc' dir='ltr'><strong>πάλιν,</strong></span> <span class='ocrx_word' id='word_1_381' title='bbox 1144 2488 1162 2521; x_wconf 78' lang='grc' dir='ltr'>ι</span> <span class='ocrx_word' id='word_1_382' title='bbox 1201 2470 1306 2521; x_wconf 85' lang='grc' dir='ltr'><strong>Τὸν</strong></span> <span class='ocrx_word' id='word_1_383' title='bbox 1340 2469 1561 2541; x_wconf 70' lang='grc' dir='ltr'><strong>βορρᾶν,</strong></span> <span class='ocrx_word' id='word_1_384' title='bbox 1595 2468 1689 2521; x_wconf 67' lang='grc' dir='ltr'><strong>καὶ</strong></span> <span class='ocrx_word' id='word_1_385' title='bbox 1713 2468 1811 2537; x_wconf 84' lang='grc' dir='ltr'><strong>τὴν</strong></span> <span class='ocrx_word' id='word_1_386' title='bbox 1834 2466 2112 2520; x_wconf 79' lang='grc' dir='ltr'><strong>Θάλασσαν</strong></span> <span class='ocrx_word' id='word_1_387' title='bbox 2154 2465 2219 2517; x_wconf 75' lang='grc' dir='ltr'><strong>σὺ</strong></span> <span class='ocrx_word' id='word_1_388' title='bbox 2255 2463 2495 2525; x_wconf 83' lang='grc' dir='ltr'><strong>ἔκτισας.</strong></span> <span class='ocrx_word' id='word_1_389' title='bbox 2536 2482 2554 2515; x_wconf 74' lang='grc' dir='ltr'>ι</span> <span class='ocrx_word' id='word_1_390' title='bbox 2613 2460 2979 2527; x_wconf 83' lang='grc' dir='ltr'><strong>Ἐξελεύσεται</strong></span> <span class='ocrx_word' id='word_1_391' title='bbox 3048 2463 3111 2535; x_wconf 85' lang='grc' dir='ltr'><strong>δὴ</strong></span> <span class='ocrx_word' id='word_1_392' title='bbox 3181 2460 3295 2529; x_wconf 83' lang='grc' dir='ltr'><strong>οῦν,</strong></span> <span class='ocrx_word' id='word_1_393' title='bbox 3329 2464 3493 2536; x_wconf 77' lang='grc' dir='ltr'><strong>φημὶ,</strong></span> <span class='ocrx_word' id='word_1_394' title='bbox 3547 2463 3611 2518; x_wconf 82' lang='grc' dir='ltr'><strong>τὸ</strong></span> <span class='ocrx_word' id='word_1_395' title='bbox 3663 2463 3807 2537; x_wconf 82' lang='grc' dir='ltr'><strong>ὓδωρ</strong></span> 
     </span>
    </p>
   </div>
   <div class='ocr_carea' id='block_1_48' title="bbox 537 2555 3807 2633">
    <p class='ocr_par' dir='ltr' id='par_1_48' title="bbox 537 2555 3807 2633">
     <span class='ocr_line' id='line_1_48' title="bbox 537 2555 3807 2633; baseline -0.001 -20"><span class='ocrx_word' id='word_1_396' title='bbox 537 2562 598 2615; x_wconf 84' lang='grc' dir='ltr'><strong>τὸ</strong></span> <span class='ocrx_word' id='word_1_397' title='bbox 637 2560 746 2625; x_wconf 83' lang='grc' dir='ltr'><strong>ζῶν</strong></span> <span class='ocrx_word' id='word_1_398' title='bbox 784 2564 841 2615; x_wconf 87' lang='grc' dir='ltr'><strong>ἐν</strong></span> <span class='ocrx_word' id='word_1_399' title='bbox 904 2561 1130 2631; x_wconf 83' lang='grc' dir='ltr'><strong>ἰσότητι,</strong></span> <span class='ocrx_word' id='word_1_400' title='bbox 1177 2563 1271 2614; x_wconf 73' lang='grc' dir='ltr'><strong>καὶ</strong></span> <span class='ocrx_word' id='word_1_401' title='bbox 1334 2561 1687 2633; x_wconf 82' lang='grc' dir='ltr'><strong>ίσομοιρούσῃ</strong></span> <span class='ocrx_word' id='word_1_402' title='bbox 1739 2562 1923 2630; x_wconf 84' lang='grc' dir='ltr'><strong>χάριτι</strong></span> <span class='ocrx_word' id='word_1_403' title='bbox 1953 2559 2034 2621; x_wconf 80' lang='grc' dir='ltr'><strong>εἰς</strong></span> <span class='ocrx_word' id='word_1_404' title='bbox 2094 2574 2155 2610; x_wconf 89' lang='grc' dir='ltr'><strong>τε</strong></span> <span class='ocrx_word' id='word_1_405' title='bbox 2192 2556 2292 2627; x_wconf 85' lang='grc' dir='ltr'><strong>τὴν</strong></span> <span class='ocrx_word' id='word_1_406' title='bbox 2325 2556 2601 2609; x_wconf 79' lang='grc' dir='ltr'><strong>Θάλασσαν</strong></span> <span class='ocrx_word' id='word_1_407' title='bbox 2663 2556 2762 2626; x_wconf 81' lang='grc' dir='ltr'><strong>τὴν</strong></span> <span class='ocrx_word' id='word_1_408' title='bbox 2815 2555 3063 2628; x_wconf 85' lang='grc' dir='ltr'><strong>πρώτην,</strong></span> <span class='ocrx_word' id='word_1_409' title='bbox 3093 2558 3188 2612; x_wconf 75' lang='grc' dir='ltr'><strong>καὶ</strong></span> <span class='ocrx_word' id='word_1_410' title='bbox 3227 2558 3326 2629; x_wconf 90' lang='grc' dir='ltr'><strong>μέν</strong></span> <span class='ocrx_word' id='word_1_411' title='bbox 3373 2576 3458 2613; x_wconf 91' lang='grc' dir='ltr'><strong>τοι</strong></span> <span class='ocrx_word' id='word_1_412' title='bbox 3486 2558 3583 2612; x_wconf 73' lang='grc' dir='ltr'><strong>καὶ</strong></span> <span class='ocrx_word' id='word_1_413' title='bbox 3606 2560 3685 2621; x_wconf 78' lang='grc' dir='ltr'><strong>εἰς</strong></span> <span class='ocrx_word' id='word_1_414' title='bbox 3707 2556 3807 2630; x_wconf 77' lang='grc' dir='ltr'><strong>τὴν</strong></span> 
     </span>
    </p>
   </div>
   <div class='ocr_carea' id='block_1_49' title="bbox 538 2649 3809 2724">
    <p class='ocr_par' dir='ltr' id='par_1_49' title="bbox 538 2649 3809 2724">
     <span class='ocr_line' id='line_1_49' title="bbox 538 2649 3809 2724; baseline 0.001 -19"><span class='ocrx_word' id='word_1_415' title='bbox 538 2655 795 2724; x_wconf 81' lang='grc' dir='ltr'><strong>ἐσχάτην,</strong></span> <span class='ocrx_word' id='word_1_416' title='bbox 851 2657 1147 2718; x_wconf 82' lang='grc' dir='ltr'><strong>τουτέστιν,</strong></span> <span class='ocrx_word' id='word_1_417' title='bbox 1185 2657 1266 2719; x_wconf 85' lang='grc' dir='ltr'><strong>είς</strong></span> <span class='ocrx_word' id='word_1_418' title='bbox 1312 2654 1388 2709; x_wconf 75' lang='grc' dir='ltr'><strong>ἕω</strong></span> <span class='ocrx_word' id='word_1_419' title='bbox 1439 2673 1497 2708; x_wconf 88' lang='grc' dir='ltr'><strong>τε</strong></span> <span class='ocrx_word' id='word_1_420' title='bbox 1542 2656 1636 2707; x_wconf 78' lang='grc' dir='ltr'><strong>καὶ</strong></span> <span class='ocrx_word' id='word_1_421' title='bbox 1674 2656 1845 2719; x_wconf 75' lang='grc' dir='ltr'><strong>δύσιν,</strong></span> <span class='ocrx_word' id='word_1_422' title='bbox 1879 2655 1972 2706; x_wconf 78' lang='grc' dir='ltr'><strong>καὶ</strong></span> <span class='ocrx_word' id='word_1_423' title='bbox 2026 2654 2084 2704; x_wconf 88' lang='grc' dir='ltr'><strong>ἐν</strong></span> <span class='ocrx_word' id='word_1_424' title='bbox 2123 2651 2293 2723; x_wconf 80' lang='grc' dir='ltr'><strong>θέρει,</strong></span> <span class='ocrx_word' id='word_1_425' title='bbox 2322 2651 2417 2705; x_wconf 75' lang='grc' dir='ltr'><strong>καὶ</strong></span> <span class='ocrx_word' id='word_1_426' title='bbox 2448 2652 2507 2703; x_wconf 92' lang='grc' dir='ltr'><strong>ἐν</strong></span> <span class='ocrx_word' id='word_1_427' title='bbox 2557 2650 2701 2721; x_wconf 85' lang='grc' dir='ltr'><strong>έαρι,</strong></span> <span class='ocrx_word' id='word_1_428' title='bbox 2730 2651 2978 2705; x_wconf 85' lang='grc' dir='ltr'><strong>τουτέστι</strong></span> <span class='ocrx_word' id='word_1_429' title='bbox 3012 2652 3194 2718; x_wconf 81' lang='grc' dir='ltr'><strong>πάλιν,</strong></span> <span class='ocrx_word' id='word_1_430' title='bbox 3228 2655 3307 2717; x_wconf 89' lang='grc' dir='ltr'><strong>είς</strong></span> <span class='ocrx_word' id='word_1_431' title='bbox 3328 2653 3420 2707; x_wconf 86' lang='grc' dir='ltr'><strong>τὸν</strong></span> <span class='ocrx_word' id='word_1_432' title='bbox 3456 2653 3607 2709; x_wconf 87' lang='grc' dir='ltr'><strong>νότον</strong></span> <span class='ocrx_word' id='word_1_433' title='bbox 3626 2670 3686 2709; x_wconf 76' lang='grc' dir='ltr'><strong>τε</strong></span> <span class='ocrx_word' id='word_1_434' title='bbox 3715 2649 3809 2709; x_wconf 78' lang='grc' dir='ltr'><strong>καὶ</strong></span> 
     </span>
    </p>
   </div>
   <div class='ocr_carea' id='block_1_50' title="bbox 538 2741 3808 2817">
    <p class='ocr_par' dir='ltr' id='par_1_50' title="bbox 538 2741 3808 2817">
     <span class='ocr_line' id='line_1_50' title="bbox 538 2741 3808 2817; baseline 0.002 -20"><span class='ocrx_word' id='word_1_435' title='bbox 538 2747 619 2808; x_wconf 79' lang='grc' dir='ltr'><strong>εἰς</strong></span> <span class='ocrx_word' id='word_1_436' title='bbox 646 2744 869 2815; x_wconf 78' lang='grc' dir='ltr'><strong>βορρᾶν.</strong></span> <span class='ocrx_word' id='word_1_437' title='bbox 914 2746 1393 2816; x_wconf 80' lang='grc' dir='ltr'><strong>Ἐμπλησθήσεται</strong></span> <span class='ocrx_word' id='word_1_438' title='bbox 1430 2746 1540 2817; x_wconf 81' lang='grc' dir='ltr'><strong>γὰρ</strong></span> <span class='ocrx_word' id='word_1_439' title='bbox 1571 2748 1603 2815; x_wconf 84' lang='grc' dir='ltr'>ὴ</span> <span class='ocrx_word' id='word_1_440' title='bbox 1634 2745 1725 2798; x_wconf 81' lang='grc' dir='ltr'><strong>ὑπ’</strong></span> <span class='ocrx_word' id='word_1_441' title='bbox 1765 2744 1990 2815; x_wconf 75' lang='grc' dir='ltr'><strong>οὐρανὸν</strong></span> <span class='ocrx_word' id='word_1_442' title='bbox 2022 2742 2129 2796; x_wconf 85' lang='grc' dir='ltr'><strong>τῶν</strong></span> <span class='ocrx_word' id='word_1_443' title='bbox 2168 2741 2257 2795; x_wconf 84' lang='grc' dir='ltr'><strong>διὰ</strong></span> <span class='ocrx_word' id='word_1_444' title='bbox 2287 2743 2524 2813; x_wconf 83' lang='grc' dir='ltr'><strong>Χριστοῦ</strong></span> <span class='ocrx_word' id='word_1_445' title='bbox 2553 2743 2931 2814; x_wconf 86' lang='grc' dir='ltr'><strong>χαρισμάτων,</strong></span> <span class='ocrx_word' id='word_1_446' title='bbox 3005 2746 3330 2815; x_wconf 80' lang='grc' dir='ltr'><strong>ἐναπομενεῖ</strong></span> <span class='ocrx_word' id='word_1_447' title='bbox 3353 2744 3410 2798; x_wconf 83' lang='grc' dir='ltr'><strong>δὲ</strong></span> <span class='ocrx_word' id='word_1_448' title='bbox 3443 2744 3663 2811; x_wconf 85' lang='grc' dir='ltr'><strong>πάντως</strong></span> <span class='ocrx_word' id='word_1_449' title='bbox 3691 2750 3808 2812; x_wconf 77' lang='grc' dir='ltr'><strong>τοῖς</strong></span> 
     </span>
    </p>
   </div>
   <div class='ocr_carea' id='block_1_51' title="bbox 538 2836 3805 2919">
    <p class='ocr_par' dir='ltr' id='par_1_51' title="bbox 538 2836 3805 2919">
     <span class='ocr_line' id='line_1_51' title="bbox 538 2836 3805 2919; baseline 0.001 -28"><span class='ocrx_word' id='word_1_450' title='bbox 538 2836 797 2892; x_wconf 76' lang='grc' dir='ltr'><strong>λαϐοῦσιν</strong></span> <span class='ocrx_word' id='word_1_451' title='bbox 828 2840 861 2910; x_wconf 82' lang='grc' dir='ltr'>ἡ</span> <span class='ocrx_word' id='word_1_452' title='bbox 891 2837 1089 2910; x_wconf 85' lang='grc' dir='ltr'><strong>δωρεά.</strong></span> <span class='ocrx_word' id='word_1_453' title='bbox 1116 2840 1250 2893; x_wconf 83' lang='grc' dir='ltr'><strong>Τότε</strong></span> <span class='ocrx_word' id='word_1_454' title='bbox 1275 2840 1363 2912; x_wconf 85' lang='grc' dir='ltr'><strong>δὴ,</strong></span> <span class='ocrx_word' id='word_1_455' title='bbox 1403 2841 1524 2919; x_wconf 85' lang='grc' dir='ltr'><strong>τότε</strong></span> <span class='ocrx_word' id='word_1_456' title='bbox 1557 2860 1575 2891; x_wconf 81' lang='grc' dir='ltr'><strong>ι</strong></span> <span class='ocrx_word' id='word_1_457' title='bbox 1604 2839 1758 2894; x_wconf 75' lang='grc' dir='ltr'><strong>ἔσται</strong></span> <span class='ocrx_word' id='word_1_458' title='bbox 1786 2839 1989 2907; x_wconf 80' lang='grc' dir='ltr'><strong>Κύριος</strong></span> <span class='ocrx_word' id='word_1_459' title='bbox 2038 2839 2119 2902; x_wconf 86' lang='grc' dir='ltr'><strong>εἰς</strong></span> <span class='ocrx_word' id='word_1_460' title='bbox 2190 2839 2413 2911; x_wconf 82' lang='grc' dir='ltr'><strong>βασιλέα</strong></span> <span class='ocrx_word' id='word_1_461' title='bbox 2445 2838 2539 2891; x_wconf 71' lang='grc' dir='ltr'><strong>ἐπὶ</strong></span> <span class='ocrx_word' id='word_1_462' title='bbox 2570 2839 2751 2893; x_wconf 77' lang='grc' dir='ltr'><strong>πᾶσαν</strong></span> <span class='ocrx_word' id='word_1_463' title='bbox 2782 2838 2881 2909; x_wconf 80' lang='grc' dir='ltr'><strong>τὴν</strong></span> <span class='ocrx_word' id='word_1_464' title='bbox 2951 2838 3073 2908; x_wconf 88' lang='grc' dir='ltr'><strong>γῆν.</strong></span> <span class='ocrx_word' id='word_1_465' title='bbox 3118 2858 3135 2891; x_wconf 82' lang='grc' dir='ltr'><strong>ι</strong></span> <span class='ocrx_word' id='word_1_466' title='bbox 3192 2838 3315 2891; x_wconf 83' lang='grc' dir='ltr'><strong>’Υπ’</strong></span> <span class='ocrx_word' id='word_1_467' title='bbox 3356 2838 3505 2911; x_wconf 81' lang='grc' dir='ltr'><strong>αὐτῷ</strong></span> <span class='ocrx_word' id='word_1_468' title='bbox 3542 2838 3652 2908; x_wconf 80' lang='grc' dir='ltr'><strong>γὰρ</strong></span> <span class='ocrx_word' id='word_1_469' title='bbox 3681 2840 3805 2894; x_wconf 71' lang='grc' dir='ltr'><strong>ἐσόα</strong></span> 
     </span>
    </p>
   </div>
   <div class='ocr_carea' id='block_1_52' title="bbox 543 2930 3809 3010">
    <p class='ocr_par' dir='ltr' id='par_1_52' title="bbox 543 2930 3809 3010">
     <span class='ocr_line' id='line_1_52' title="bbox 543 2930 3809 3010; baseline -0.001 -22"><span class='ocrx_word' id='word_1_470' title='bbox 543 2935 681 3010; x_wconf 88' lang='grc' dir='ltr'><strong>μεθα</strong></span> <span class='ocrx_word' id='word_1_471' title='bbox 714 2934 879 3005; x_wconf 85' lang='grc' dir='ltr'><strong>μόνῳ,</strong></span> <span class='ocrx_word' id='word_1_472' title='bbox 912 2936 1008 2987; x_wconf 72' lang='grc' dir='ltr'><strong>καὶ</strong></span> <span class='ocrx_word' id='word_1_473' title='bbox 1036 2933 1197 2997; x_wconf 78' lang='grc' dir='ltr'><strong>αὐτὸς</strong></span> <span class='ocrx_word' id='word_1_474' title='bbox 1222 2934 1483 3007; x_wconf 75' lang='grc' dir='ltr'><strong>κατάρξει</strong></span> <span class='ocrx_word' id='word_1_475' title='bbox 1527 2936 1636 2989; x_wconf 88' lang='grc' dir='ltr'><strong>τῶν</strong></span> <span class='ocrx_word' id='word_1_476' title='bbox 1698 2936 1836 2989; x_wconf 85' lang='grc' dir='ltr'><strong>ὅλων</strong></span> <span class='ocrx_word' id='word_1_477' title='bbox 1908 2934 2345 3006; x_wconf 70' lang='grc' dir='ltr'><strong>κατηρτημένων</strong></span> <span class='ocrx_word' id='word_1_478' title='bbox 2409 2936 2489 2997; x_wconf 84' lang='grc' dir='ltr'><strong>εἰς</strong></span> <span class='ocrx_word' id='word_1_479' title='bbox 2552 2933 2698 2988; x_wconf 85' lang='grc' dir='ltr'><strong>ἆπαν</strong></span> <span class='ocrx_word' id='word_1_480' title='bbox 2762 2933 2872 2987; x_wconf 86' lang='grc' dir='ltr'><strong>τῶν</strong></span> <span class='ocrx_word' id='word_1_481' title='bbox 2933 2932 3396 3003; x_wconf 82' lang='grc' dir='ltr'><strong>κοσμοκρατόρων</strong></span> <span class='ocrx_word' id='word_1_482' title='bbox 3456 2930 3551 2985; x_wconf 89' lang='grc' dir='ltr'><strong>τοῦ</strong></span> <span class='ocrx_word' id='word_1_483' title='bbox 3609 2931 3809 2993; x_wconf 73' lang='grc' dir='ltr'><strong>αἰῶνος</strong></span> 
     </span>
    </p>
   </div>
   <div class='ocr_carea' id='block_1_53' title="bbox 538 3024 3810 3103">
    <p class='ocr_par' dir='ltr' id='par_1_53' title="bbox 538 3024 3810 3103">
     <span class='ocr_line' id='line_1_53' title="bbox 538 3024 3810 3103; baseline -0.002 -19"><span class='ocrx_word' id='word_1_484' title='bbox 538 3030 873 3093; x_wconf 62' lang='grc' dir='ltr'><strong>τοῦτο’),καὶ</strong></span> <span class='ocrx_word' id='word_1_485' title='bbox 897 3029 1117 3102; x_wconf 80' lang='grc' dir='ltr'><strong>ἁπάσης</strong></span> <span class='ocrx_word' id='word_1_486' title='bbox 1161 3032 1336 3103; x_wconf 87' lang='grc' dir='ltr'><strong>ἀρχῆς</strong></span> <span class='ocrx_word' id='word_1_487' title='bbox 1410 3034 1653 3100; x_wconf 75' lang='grc' dir='ltr'><strong>πονηρᾶς</strong></span> <span class='ocrx_word' id='word_1_488' title='bbox 1708 3030 2238 3102; x_wconf 81' lang='grc' dir='ltr'><strong>τεθριαμϐευμένης,</strong></span> <span class='ocrx_word' id='word_1_489' title='bbox 2310 3031 2404 3082; x_wconf 75' lang='grc' dir='ltr'><strong>καὶ</strong></span> <span class='ocrx_word' id='word_1_490' title='bbox 2464 3028 2563 3098; x_wconf 84' lang='grc' dir='ltr'><strong>τῆς</strong></span> <span class='ocrx_word' id='word_1_491' title='bbox 2625 3028 2748 3082; x_wconf 77' lang='grc' dir='ltr'><strong>καθ’</strong></span> <span class='ocrx_word' id='word_1_492' title='bbox 2787 3028 2948 3099; x_wconf 76' lang='grc' dir='ltr'><strong>ἡμῶν</strong></span> <span class='ocrx_word' id='word_1_493' title='bbox 2998 3026 3332 3091; x_wconf 79' lang='grc' dir='ltr'><strong>πλεονεξίας,</strong></span> <span class='ocrx_word' id='word_1_494' title='bbox 3395 3024 3810 3096; x_wconf 74' lang='grc' dir='ltr'><strong>ἐκϐεϐλημένων</strong></span> 
     </span>
    </p>
   </div>
   <div class='ocr_carea' id='block_1_54' title="bbox 540 3119 2429 3193">
    <p class='ocr_par' dir='ltr' id='par_1_54' title="bbox 540 3119 2429 3193">
     <span class='ocr_line' id='line_1_54' title="bbox 540 3119 2429 3193; baseline -0.001 -18"><span class='ocrx_word' id='word_1_495' title='bbox 540 3122 703 3175; x_wconf 85' lang='grc' dir='ltr'><strong>αὐτοῦ</strong></span> <span class='ocrx_word' id='word_1_496' title='bbox 729 3139 788 3175; x_wconf 90' lang='grc' dir='ltr'><strong>τε</strong></span> <span class='ocrx_word' id='word_1_497' title='bbox 813 3119 905 3175; x_wconf 85' lang='grc' dir='ltr'><strong>τοῦ</strong></span> <span class='ocrx_word' id='word_1_498' title='bbox 937 3122 1151 3176; x_wconf 83' lang='grc' dir='ltr'><strong>Σατανᾶ</strong></span> <span class='ocrx_word' id='word_1_499' title='bbox 1197 3122 1292 3176; x_wconf 78' lang='grc' dir='ltr'><strong>καὶ</strong></span> <span class='ocrx_word' id='word_1_500' title='bbox 1334 3122 1442 3175; x_wconf 81' lang='grc' dir='ltr'><strong>τῶν</strong></span> <span class='ocrx_word' id='word_1_501' title='bbox 1500 3124 1594 3176; x_wconf 80' lang='grc' dir='ltr'><strong>σὺν</strong></span> <span class='ocrx_word' id='word_1_502' title='bbox 1638 3122 1784 3193; x_wconf 77' lang='grc' dir='ltr'><strong>αὐτῷ</strong></span> <span class='ocrx_word' id='word_1_503' title='bbox 1832 3122 2116 3193; x_wconf 80' lang='grc' dir='ltr'><strong>δυνάμεων</strong></span> <span class='ocrx_word' id='word_1_504' title='bbox 2156 3121 2429 3192; x_wconf 58' lang='grc' dir='ltr'><strong>πονηρῶνυ</strong></span> 
     </span>
    </p>
   </div>
   <div class='ocr_carea' id='block_1_55' title="bbox 612 3209 2191 3276">
    <p class='ocr_par' dir='ltr' id='par_1_55' title="bbox 612 3209 2191 3276">
     <span class='ocr_line' id='line_1_55' title="bbox 612 3209 2191 3276; baseline -0.001 -12"><span class='ocrx_word' id='word_1_505' title='bbox 612 3210 777 3267; x_wconf 71' lang='lat' dir='ltr'><strong>Vens.</strong></span> <span class='ocrx_word' id='word_1_506' title='bbox 808 3211 897 3276; x_wconf 80' lang='lat'><strong>10,</strong></span> <span class='ocrx_word' id='word_1_507' title='bbox 935 3210 1022 3264; x_wconf 83' lang='grc' dir='ltr'><strong>Η.</strong></span> <span class='ocrx_word' id='word_1_508' title='bbox 1061 3209 1128 3263; x_wconf 87' lang='grc' dir='ltr'><strong>1η</strong></span> <span class='ocrx_word' id='word_1_509' title='bbox 1157 3212 1243 3264; x_wconf 83' lang='lat' dir='ltr'><strong>die</strong></span> <span class='ocrx_word' id='word_1_510' title='bbox 1289 3211 1381 3263; x_wconf 81' lang='lat' dir='ltr'><strong>ilia</strong></span> <span class='ocrx_word' id='word_1_511' title='bbox 1412 3215 1513 3264; x_wconf 84' lang='lat' dir='ltr'><strong>erit</strong></span> <span class='ocrx_word' id='word_1_512' title='bbox 1557 3212 1815 3265; x_wconf 79' lang='lat' dir='ltr'><strong>Dominus</strong></span> <span class='ocrx_word' id='word_1_513' title='bbox 1876 3228 2034 3275; x_wconf 84' lang='lat' dir='ltr'><strong>unus,</strong></span> <span class='ocrx_word' id='word_1_514' title='bbox 2071 3220 2118 3263; x_wconf 88' lang='lat' dir='ltr'><strong>et</strong></span> <span class='ocrx_word' id='word_1_515' title='bbox 2148 3216 2191 3272; x_wconf 87' lang='lat' dir='ltr'><strong>C</strong></span> 
     </span>
    </p>
   </div>
   <div class='ocr_carea' id='block_1_56' title="bbox 543 3304 2125 3375">
    <p class='ocr_par' dir='ltr' id='par_1_56' title="bbox 543 3304 2125 3375">
     <span class='ocr_line' id='line_1_56' title="bbox 543 3304 2125 3375; baseline -0.003 -15"><span class='ocrx_word' id='word_1_516' title='bbox 543 3321 728 3360; x_wconf 82' lang='lat' dir='ltr'><strong>nomen</strong></span> <span class='ocrx_word' id='word_1_517' title='bbox 754 3305 867 3375; x_wconf 83' lang='lat' dir='ltr'><strong>ejus</strong></span> <span class='ocrx_word' id='word_1_518' title='bbox 891 3322 1073 3369; x_wconf 86' lang='lat' dir='ltr'><strong>unum,</strong></span> <span class='ocrx_word' id='word_1_519' title='bbox 1091 3304 1400 3356; x_wconf 78' lang='lat' dir='ltr'><strong>circumiens</strong></span> <span class='ocrx_word' id='word_1_520' title='bbox 1426 3319 1625 3357; x_wconf 87' lang='lat' dir='ltr'><strong>onmem</strong></span> <span class='ocrx_word' id='word_1_521' title='bbox 1651 3313 1928 3369; x_wconf 84' lang='lat' dir='ltr'><strong>terram,et</strong></span> <span class='ocrx_word' id='word_1_522' title='bbox 1948 3304 2125 3357; x_wconf 76' lang='lat' dir='ltr'><strong>deser-</strong></span> 
     </span>
    </p>
   </div>
   <div class='ocr_carea' id='block_1_57' title="bbox 542 3395 2118 3466">
    <p class='ocr_par' dir='ltr' id='par_1_57' title="bbox 542 3395 2118 3466">
     <span class='ocr_line' id='line_1_57' title="bbox 542 3395 2118 3466; baseline -0.001 -14"><span class='ocrx_word' id='word_1_523' title='bbox 542 3410 653 3453; x_wconf 83' lang='lat' dir='ltr'><strong>tum</strong></span> <span class='ocrx_word' id='word_1_524' title='bbox 682 3414 712 3450; x_wconf 89' lang='lat' dir='ltr'><strong>a</strong></span> <span class='ocrx_word' id='word_1_525' title='bbox 743 3396 890 3451; x_wconf 84' lang='lat' dir='ltr'><strong>Caba</strong></span> <span class='ocrx_word' id='word_1_526' title='bbox 923 3414 1086 3466; x_wconf 83' lang='lat' dir='ltr'><strong>usque</strong></span> <span class='ocrx_word' id='word_1_527' title='bbox 1117 3395 1371 3451; x_wconf 86' lang='lat' dir='ltr'><strong>Remmon</strong></span> <span class='ocrx_word' id='word_1_528' title='bbox 1408 3398 1476 3450; x_wconf 86' lang='lat' dir='ltr'><strong>ad</strong></span> <span class='ocrx_word' id='word_1_529' title='bbox 1513 3407 1753 3450; x_wconf 83' lang='lat' dir='ltr'><strong>austrum</strong></span> <span class='ocrx_word' id='word_1_530' title='bbox 1797 3395 2118 3451; x_wconf 77' lang='lat' dir='ltr'><strong>Jerusalem.</strong></span> 
     </span>
    </p>
   </div>
   <div class='ocr_carea' id='block_1_58' title="bbox 546 3488 2123 3559">
    <p class='ocr_par' dir='ltr' id='par_1_58' title="bbox 546 3488 2123 3559">
     <span class='ocr_line' id='line_1_58' title="bbox 546 3488 2123 3559; baseline -0.001 -16"><span class='ocrx_word' id='word_1_531' title='bbox 546 3490 716 3544; x_wconf 77' lang='lat' dir='ltr'><strong>Roma</strong></span> <span class='ocrx_word' id='word_1_532' title='bbox 743 3499 918 3542; x_wconf 87' lang='lat' dir='ltr'><strong>autem</strong></span> <span class='ocrx_word' id='word_1_533' title='bbox 940 3491 995 3542; x_wconf 83' lang='lat' dir='ltr'><strong>in</strong></span> <span class='ocrx_word' id='word_1_534' title='bbox 1031 3489 1145 3542; x_wconf 82' lang='lat' dir='ltr'><strong>loco</strong></span> <span class='ocrx_word' id='word_1_535' title='bbox 1196 3489 1521 3559; x_wconf 80' lang='lat' dir='ltr'><strong>permanebit</strong></span> <span class='ocrx_word' id='word_1_536' title='bbox 1576 3505 1606 3541; x_wconf 91' lang='lat' dir='ltr'><strong>a</strong></span> <span class='ocrx_word' id='word_1_537' title='bbox 1641 3500 1793 3556; x_wconf 76' lang='lat' dir='ltr'><strong>porta</strong></span> <span class='ocrx_word' id='word_1_538' title='bbox 1845 3488 2123 3558; x_wconf 84' lang='lat' dir='ltr'><strong>Benjamin</strong></span> 
     </span>
    </p>
   </div>
   <div class='ocr_carea' id='block_1_59' title="bbox 543 3579 2123 3651">
    <p class='ocr_par' dir='ltr' id='par_1_59' title="bbox 543 3579 2123 3651">
     <span class='ocr_line' id='line_1_59' title="bbox 543 3579 2123 3651; baseline -0.002 -17"><span class='ocrx_word' id='word_1_539' title='bbox 543 3597 703 3651; x_wconf 85' lang='lat' dir='ltr'><strong>usque</strong></span> <span class='ocrx_word' id='word_1_540' title='bbox 730 3583 798 3633; x_wconf 83' lang='lat' dir='ltr'><strong>ad</strong></span> <span class='ocrx_word' id='word_1_541' title='bbox 825 3579 997 3633; x_wconf 81' lang='lat' dir='ltr'><strong>locum</strong></span> <span class='ocrx_word' id='word_1_542' title='bbox 1030 3592 1195 3649; x_wconf 66' lang='lat' dir='ltr'><strong>porta!</strong></span> <span class='ocrx_word' id='word_1_543' title='bbox 1227 3584 1435 3649; x_wconf 67' lang='lat' dir='ltr'><strong>primm,</strong></span> <span class='ocrx_word' id='word_1_544' title='bbox 1464 3597 1627 3650; x_wconf 81' lang='lat' dir='ltr'><strong>usque</strong></span> <span class='ocrx_word' id='word_1_545' title='bbox 1656 3583 1923 3651; x_wconf 86' lang='lat' dir='ltr'><strong>adportas</strong></span> <span class='ocrx_word' id='word_1_546' title='bbox 1953 3597 2123 3650; x_wconf 82' lang='lat' dir='ltr'><strong>angu-</strong></span> 
     </span>
    </p>
   </div>
   <div class='ocr_carea' id='block_1_60' title="bbox 545 3670 2127 3742">
    <p class='ocr_par' dir='ltr' id='par_1_60' title="bbox 545 3670 2127 3742">
     <span class='ocr_line' id='line_1_60' title="bbox 545 3670 2127 3742; baseline -0.003 -14"><span class='ocrx_word' id='word_1_547' title='bbox 545 3674 736 3737; x_wconf 83' lang='lat' dir='ltr'><strong>lorum,</strong></span> <span class='ocrx_word' id='word_1_548' title='bbox 751 3682 797 3725; x_wconf 84' lang='lat' dir='ltr'><strong>et</strong></span> <span class='ocrx_word' id='word_1_549' title='bbox 826 3689 986 3742; x_wconf 79' lang='lat' dir='ltr'><strong>usque</strong></span> <span class='ocrx_word' id='word_1_550' title='bbox 1006 3673 1075 3725; x_wconf 84' lang='lat' dir='ltr'><strong>ad</strong></span> <span class='ocrx_word' id='word_1_551' title='bbox 1106 3674 1295 3726; x_wconf 88' lang='lat' dir='ltr'><strong>turrim</strong></span> <span class='ocrx_word' id='word_1_552' title='bbox 1317 3672 1485 3725; x_wconf 78' lang='lat' dir='ltr'><strong>Anam</strong></span> <span class='ocrx_word' id='word_1_553' title='bbox 1496 3672 1596 3726; x_wconf 85' lang='lat' dir='ltr'><strong>uel.</strong></span> <span class='ocrx_word' id='word_1_554' title='bbox 1616 3670 1787 3741; x_wconf 79' lang='lat' dir='ltr'><strong>Usque</strong></span> <span class='ocrx_word' id='word_1_555' title='bbox 1803 3676 1869 3726; x_wconf 86' lang='lat' dir='ltr'><strong>ad</strong></span> <span class='ocrx_word' id='word_1_556' title='bbox 1894 3674 2127 3726; x_wconf 85' lang='lat' dir='ltr'><strong>torcula-</strong></span> 
     </span>
    </p>
   </div>
   <div class='ocr_carea' id='block_1_61' title="bbox 545 3763 2122 3833">
    <p class='ocr_par' dir='ltr' id='par_1_61' title="bbox 545 3763 2122 3833">
     <span class='ocr_line' id='line_1_61' title="bbox 545 3763 2122 3833; baseline 0.001 -17"><span class='ocrx_word' id='word_1_557' title='bbox 545 3766 626 3816; x_wconf 78' lang='lat' dir='ltr'><strong>rio</strong></span> <span class='ocrx_word' id='word_1_558' title='bbox 660 3765 792 3833; x_wconf 83' lang='lat' dir='ltr'><strong>regis</strong></span> <span class='ocrx_word' id='word_1_559' title='bbox 810 3763 1115 3817; x_wconf 73' lang='lat' dir='ltr'><strong>habitabant</strong></span> <span class='ocrx_word' id='word_1_560' title='bbox 1149 3766 1201 3817; x_wconf 89' lang='lat' dir='ltr'><strong>in</strong></span> <span class='ocrx_word' id='word_1_561' title='bbox 1222 3782 1302 3827; x_wconf 88' lang='lat' dir='ltr'><strong>ea,</strong></span> <span class='ocrx_word' id='word_1_562' title='bbox 1326 3774 1373 3817; x_wconf 83' lang='lat' dir='ltr'><strong>et</strong></span> <span class='ocrx_word' id='word_1_563' title='bbox 1395 3765 1673 3818; x_wconf 75' lang='lat' dir='ltr'><strong>auat/tenta</strong></span> <span class='ocrx_word' id='word_1_564' title='bbox 1702 3781 1802 3818; x_wconf 87' lang='lat' dir='ltr'><strong>non</strong></span> <span class='ocrx_word' id='word_1_565' title='bbox 1826 3768 1924 3819; x_wconf 84' lang='lat' dir='ltr'><strong>eri:</strong></span> <span class='ocrx_word' id='word_1_566' title='bbox 1959 3766 2122 3830; x_wconf 85' lang='lat' dir='ltr'><strong>ultra,</strong></span> 
     </span>
    </p>
   </div>
   <div class='ocr_carea' id='block_1_62' title="bbox 553 3855 1588 3925">
    <p class='ocr_par' dir='ltr' id='par_1_62' title="bbox 553 3855 1588 3925">
     <span class='ocr_line' id='line_1_62' title="bbox 553 3855 1588 3925; baseline -0.001 -12"><span class='ocrx_word' id='word_1_567' title='bbox 553 3869 599 3913; x_wconf 82' lang='lat' dir='ltr'><strong>et</strong></span> <span class='ocrx_word' id='word_1_568' title='bbox 630 3857 886 3909; x_wconf 82' lang='lat' dir='ltr'><strong>habitabit</strong></span> <span class='ocrx_word' id='word_1_569' title='bbox 918 3855 1215 3910; x_wconf 82' lang='lat' dir='ltr'><strong>Jerusalem</strong></span> <span class='ocrx_word' id='word_1_570' title='bbox 1249 3858 1588 3925; x_wconf 78' lang='lat' dir='ltr'><strong>conﬁdenter.</strong></span> 
     </span>
    </p>
   </div>
   <div class='ocr_carea' id='block_1_63' title="bbox 617 4129 2124 4199">
    <p class='ocr_par' dir='ltr' id='par_1_63' title="bbox 617 4129 2124 4199">
     <span class='ocr_line' id='line_1_63' title="bbox 617 4129 2124 4199; baseline 0.001 -17"><span class='ocrx_word' id='word_1_571' title='bbox 617 4129 772 4183; x_wconf 83' lang='lat' dir='ltr'><strong>CVII.</strong></span> <span class='ocrx_word' id='word_1_572' title='bbox 814 4130 1040 4199; x_wconf 86' lang='lat' dir='ltr'><strong>Semper</strong></span> <span class='ocrx_word' id='word_1_573' title='bbox 1079 4130 1191 4185; x_wconf 81' lang='lat' dir='ltr'><strong>fere</strong></span> <span class='ocrx_word' id='word_1_574' title='bbox 1238 4138 1413 4185; x_wconf 87' lang='lat' dir='ltr'><strong>tectus</strong></span> <span class='ocrx_word' id='word_1_575' title='bbox 1439 4138 1493 4183; x_wconf 90' lang='lat' dir='ltr'><strong>et</strong></span> <span class='ocrx_word' id='word_1_576' title='bbox 1532 4130 1797 4183; x_wconf 87' lang='lat' dir='ltr'><strong>obscurus</strong></span> <span class='ocrx_word' id='word_1_577' title='bbox 1837 4139 1919 4184; x_wconf 88' lang='lat' dir='ltr'><strong>est</strong></span> <span class='ocrx_word' id='word_1_578' title='bbox 1992 4148 2124 4185; x_wconf 85' lang='lat' dir='ltr'><strong>sau-</strong></span> 
     </span>
    </p>
   </div>
   <div class='ocr_carea' id='block_1_64' title="bbox 548 4220 2128 4292">
    <p class='ocr_par' dir='ltr' id='par_1_64' title="bbox 548 4220 2128 4292">
     <span class='ocr_line' id='line_1_64' title="bbox 548 4220 2128 4292; baseline 0.004 -19"><span class='ocrx_word' id='word_1_579' title='bbox 548 4234 755 4275; x_wconf 73' lang='lat' dir='ltr'><strong>ciorum</strong></span> <span class='ocrx_word' id='word_1_580' title='bbox 792 4222 1174 4292; x_wconf 86' lang='lat' dir='ltr'><strong>prophetarum</strong></span> <span class='ocrx_word' id='word_1_581' title='bbox 1220 4236 1422 4288; x_wconf 78' lang='lat' dir='ltr'><strong>sermo,</strong></span> <span class='ocrx_word' id='word_1_582' title='bbox 1454 4220 1615 4290; x_wconf 81' lang='lat' dir='ltr'><strong>idque</strong></span> <span class='ocrx_word' id='word_1_583' title='bbox 1650 4238 1677 4275; x_wconf 87' lang='lat' dir='ltr'><strong>a</strong></span> <span class='ocrx_word' id='word_1_584' title='bbox 1719 4222 1829 4276; x_wconf 90' lang='lat' dir='ltr'><strong>Dco</strong></span> <span class='ocrx_word' id='word_1_585' title='bbox 1856 4222 2128 4290; x_wconf 76' lang='lat' dir='ltr'><strong>sapienter</strong></span> 
     </span>
    </p>
   </div>
   <div class='ocr_carea' id='block_1_65' title="bbox 551 4308 2123 4381">
    <p class='ocr_par' dir='ltr' id='par_1_65' title="bbox 551 4308 2123 4381">
     <span class='ocr_line' id='line_1_65' title="bbox 551 4308 2123 4381; baseline 0.004 -20"><span class='ocrx_word' id='word_1_586' title='bbox 551 4308 921 4369; x_wconf 84' lang='lat' dir='ltr'><strong>administrari</strong></span> <span class='ocrx_word' id='word_1_587' title='bbox 947 4321 1101 4377; x_wconf 88' lang='lat' dir='ltr'><strong>puto,</strong></span> <span class='ocrx_word' id='word_1_588' title='bbox 1134 4326 1201 4363; x_wconf 87' lang='lat' dir='ltr'><strong>ne.</strong></span> <span class='ocrx_word' id='word_1_589' title='bbox 1240 4320 1427 4365; x_wconf 85' lang='lat' dir='ltr'><strong>sancta</strong></span> <span class='ocrx_word' id='word_1_590' title='bbox 1458 4312 1685 4365; x_wconf 83' lang='lat' dir='ltr'><strong>canibus</strong></span> <span class='ocrx_word' id='word_1_591' title='bbox 1714 4323 2123 4381; x_wconf 84' lang='lat' dir='ltr'><strong>proponantur;</strong></span> 
     </span>
    </p>
   </div>
   <div class='ocr_carea' id='block_1_66' title="bbox 550 4401 2127 4474">
    <p class='ocr_par' dir='ltr' id='par_1_66' title="bbox 550 4401 2127 4474">
     <span class='ocr_line' id='line_1_66' title="bbox 550 4401 2127 4474; baseline 0.003 -19"><span class='ocrx_word' id='word_1_592' title='bbox 550 4416 725 4470; x_wconf 87' lang='lat' dir='ltr'><strong>neque</strong></span> <span class='ocrx_word' id='word_1_593' title='bbox 750 4416 875 4461; x_wconf 81' lang='lat' dir='ltr'><strong>vere</strong></span> <span class='ocrx_word' id='word_1_594' title='bbox 926 4401 1093 4474; x_wconf 61' lang='lat' dir='ltr'><strong>80k</strong></span> <span class='ocrx_word' id='word_1_595' title='bbox 1147 4405 1382 4472; x_wconf 75' lang='lat' dir='ltr'><strong>pretiosa</strong></span> <span class='ocrx_word' id='word_1_596' title='bbox 1448 4404 1739 4473; x_wconf 76' lang='lat' dir='ltr'><strong>margarita</strong></span> <span class='ocrx_word' id='word_1_597' title='bbox 1788 4415 1914 4458; x_wconf 85' lang='lat' dir='ltr'><strong>ante</strong></span> <span class='ocrx_word' id='word_1_598' title='bbox 1965 4408 2127 4473; x_wconf 86' lang='lat' dir='ltr'><strong>pedes</strong></span> 
     </span>
    </p>
   </div>
   <div class='ocr_carea' id='block_1_67' title="bbox 550 4492 2127 4563">
    <p class='ocr_par' dir='ltr' id='par_1_67' title="bbox 550 4492 2127 4563">
     <span class='ocr_line' id='line_1_67' title="bbox 550 4492 2127 4563; baseline 0.004 -20"><span class='ocrx_word' id='word_1_599' title='bbox 550 4509 834 4561; x_wconf 81' lang='lat' dir='ltr'><strong>porcorum</strong></span> <span class='ocrx_word' id='word_1_600' title='bbox 880 4492 1239 4562; x_wconf 82' lang='lat' dir='ltr'><strong>negligentius</strong></span> <span class='ocrx_word' id='word_1_601' title='bbox 1281 4492 1540 4563; x_wconf 70' lang='lat' dir='ltr'><strong>proiecta,</strong></span> <span class='ocrx_word' id='word_1_602' title='bbox 1574 4494 2127 4549; x_wconf 85' lang='lat' dir='ltr'><strong>contumeliosissimo</strong></span> 
     </span>
    </p>
   </div>
   <div class='ocr_carea' id='block_1_68' title="bbox 2308 3203 3808 3281">
    <p class='ocr_par' dir='ltr' id='par_1_68' title="bbox 2308 3203 3808 3281">
     <span class='ocr_line' id='line_1_68' title="bbox 2308 3203 3808 3281; baseline 0.001 -18"><span class='ocrx_word' id='word_1_603' title='bbox 2308 3211 2410 3264; x_wconf 85' lang='grc' dir='ltr'><strong>Ἐν</strong></span> <span class='ocrx_word' id='word_1_604' title='bbox 2427 3208 2503 3278; x_wconf 77' lang='grc' dir='ltr'><strong>τῇ</strong></span> <span class='ocrx_word' id='word_1_605' title='bbox 2530 3210 2720 3279; x_wconf 73' lang='grc' dir='ltr'><strong>ἡμέρᾳ</strong></span> <span class='ocrx_word' id='word_1_606' title='bbox 2755 3210 2957 3281; x_wconf 74' lang='grc' dir='ltr'><strong>ἐκείνῃ</strong></span> <span class='ocrx_word' id='word_1_607' title='bbox 2987 3210 3157 3263; x_wconf 83' lang='grc' dir='ltr'><strong>ἕσται</strong></span> <span class='ocrx_word' id='word_1_608' title='bbox 3199 3211 3413 3278; x_wconf 84' lang='grc' dir='ltr'><strong>Κύριος</strong></span> <span class='ocrx_word' id='word_1_609' title='bbox 3462 3203 3569 3276; x_wconf 76' lang='grc' dir='ltr'><strong>εἷς,</strong></span> <span class='ocrx_word' id='word_1_610' title='bbox 3621 3208 3718 3264; x_wconf 74' lang='grc' dir='ltr'><strong>καὶ</strong></span> <span class='ocrx_word' id='word_1_611' title='bbox 3742 3209 3808 3264; x_wconf 83' lang='grc' dir='ltr'><strong>τὸ</strong></span> 
     </span>
    </p>
   </div>
   <div class='ocr_carea' id='block_1_69' title="bbox 2229 3300 3812 3372">
    <p class='ocr_par' dir='ltr' id='par_1_69' title="bbox 2229 3300 3812 3372">
     <span class='ocr_line' id='line_1_69' title="bbox 2229 3300 3812 3372; baseline -0.001 -15"><span class='ocrx_word' id='word_1_612' title='bbox 2229 3304 2415 3372; x_wconf 72' lang='grc' dir='ltr'><strong>ὄνομα</strong></span> <span class='ocrx_word' id='word_1_613' title='bbox 2442 3303 2627 3357; x_wconf 85' lang='grc' dir='ltr'><strong>αὐτοῦ</strong></span> <span class='ocrx_word' id='word_1_614' title='bbox 2655 3302 2743 3366; x_wconf 81' lang='grc' dir='ltr'><strong>ἓν,</strong></span> <span class='ocrx_word' id='word_1_615' title='bbox 2763 3301 3007 3356; x_wconf 73' lang='grc' dir='ltr'><strong>κυκλῶν</strong></span> <span class='ocrx_word' id='word_1_616' title='bbox 3033 3302 3149 3369; x_wconf 81' lang='grc' dir='ltr'><strong>τὴν</strong></span> <span class='ocrx_word' id='word_1_617' title='bbox 3170 3301 3308 3371; x_wconf 75' lang='grc' dir='ltr'><strong>γῆν,</strong></span> <span class='ocrx_word' id='word_1_618' title='bbox 3331 3301 3429 3355; x_wconf 79' lang='grc' dir='ltr'><strong>καί</strong></span> <span class='ocrx_word' id='word_1_619' title='bbox 3453 3301 3569 3369; x_wconf 81' lang='grc' dir='ltr'><strong>τὴν</strong></span> <span class='ocrx_word' id='word_1_620' title='bbox 3589 3300 3812 3369; x_wconf 77' lang='grc' dir='ltr'><strong>ἔρημον</strong></span> 
     </span>
    </p>
   </div>
   <div class='ocr_carea' id='block_1_70' title="bbox 2226 3391 3809 3465">
    <p class='ocr_par' dir='ltr' id='par_1_70' title="bbox 2226 3391 3809 3465">
     <span class='ocr_line' id='line_1_70' title="bbox 2226 3391 3809 3465; baseline -0.003 -14"><span class='ocrx_word' id='word_1_621' title='bbox 2226 3395 2345 3451; x_wconf 85' lang='grc' dir='ltr'><strong>ἀπὸ</strong></span> <span class='ocrx_word' id='word_1_622' title='bbox 2383 3395 2549 3451; x_wconf 80' lang='grc' dir='ltr'><strong>Γαϐὰ</strong></span> <span class='ocrx_word' id='word_1_623' title='bbox 2575 3396 2685 3461; x_wconf 80' lang='grc' dir='ltr'><strong>ἕως</strong></span> <span class='ocrx_word' id='word_1_624' title='bbox 2723 3393 2977 3465; x_wconf 83' lang='grc' dir='ltr'><strong>Ῥεμνὼν</strong></span> <span class='ocrx_word' id='word_1_625' title='bbox 2998 3394 3147 3448; x_wconf 86' lang='grc' dir='ltr'><strong>κατὰ</strong></span> <span class='ocrx_word' id='word_1_626' title='bbox 3174 3395 3354 3447; x_wconf 81' lang='grc' dir='ltr'><strong>νότον</strong></span> <span class='ocrx_word' id='word_1_627' title='bbox 3402 3391 3809 3463; x_wconf 69' lang='grc' dir='ltr'><strong>Ἰερουσαλήμ.</strong></span> 
     </span>
    </p>
   </div>
   <div class='ocr_carea' id='block_1_71' title="bbox 2238 3484 3812 3559">
    <p class='ocr_par' dir='ltr' id='par_1_71' title="bbox 2238 3484 3812 3559">
     <span class='ocr_line' id='line_1_71' title="bbox 2238 3484 3812 3559; baseline -0.001 -16"><span class='ocrx_word' id='word_1_628' title='bbox 2238 3489 2424 3559; x_wconf 82' lang='grc' dir='ltr'><strong>Ῥαμὰ</strong></span> <span class='ocrx_word' id='word_1_629' title='bbox 2484 3488 2549 3542; x_wconf 83' lang='grc' dir='ltr'><strong>δὲ</strong></span> <span class='ocrx_word' id='word_1_630' title='bbox 2604 3488 2699 3541; x_wconf 69' lang='grc' dir='ltr'><strong>ἐπὶ</strong></span> <span class='ocrx_word' id='word_1_631' title='bbox 2764 3488 2952 3541; x_wconf 81' lang='grc' dir='ltr'><strong>τόπου</strong></span> <span class='ocrx_word' id='word_1_632' title='bbox 3009 3486 3213 3556; x_wconf 81' lang='grc' dir='ltr'><strong>μενεῖ,</strong></span> <span class='ocrx_word' id='word_1_633' title='bbox 3260 3484 3377 3539; x_wconf 80' lang='grc' dir='ltr'><strong>ἀπὸ</strong></span> <span class='ocrx_word' id='word_1_634' title='bbox 3439 3484 3551 3554; x_wconf 83' lang='grc' dir='ltr'><strong>τῆς</strong></span> <span class='ocrx_word' id='word_1_635' title='bbox 3611 3486 3812 3555; x_wconf 74' lang='grc' dir='ltr'><strong>πύλης</strong></span> 
     </span>
    </p>
   </div>
   <div class='ocr_carea' id='block_1_72' title="bbox 2226 3576 3811 3651">
    <p class='ocr_par' dir='ltr' id='par_1_72' title="bbox 2226 3576 3811 3651">
     <span class='ocr_line' id='line_1_72' title="bbox 2226 3576 3811 3651; baseline -0.001 -16"><span class='ocrx_word' id='word_1_636' title='bbox 2226 3581 2509 3651; x_wconf 79' lang='grc' dir='ltr'><strong>Βενιαμὶν</strong></span> <span class='ocrx_word' id='word_1_637' title='bbox 2551 3582 2661 3645; x_wconf 83' lang='grc' dir='ltr'><strong>ἕως</strong></span> <span class='ocrx_word' id='word_1_638' title='bbox 2703 3579 2810 3633; x_wconf 86' lang='grc' dir='ltr'><strong>τοῦ</strong></span> <span class='ocrx_word' id='word_1_639' title='bbox 2862 3581 3049 3634; x_wconf 83' lang='grc' dir='ltr'><strong>τόπου</strong></span> <span class='ocrx_word' id='word_1_640' title='bbox 3099 3577 3210 3647; x_wconf 84' lang='grc' dir='ltr'><strong>τῆς</strong></span> <span class='ocrx_word' id='word_1_641' title='bbox 3252 3579 3452 3646; x_wconf 75' lang='grc' dir='ltr'><strong>πύλης</strong></span> <span class='ocrx_word' id='word_1_642' title='bbox 3492 3576 3603 3646; x_wconf 85' lang='grc' dir='ltr'><strong>τῆς</strong></span> <span class='ocrx_word' id='word_1_643' title='bbox 3657 3579 3811 3648; x_wconf 53' lang='lat' dir='ltr'><strong>apd».</strong></span> 
     </span>
    </p>
   </div>
   <div class='ocr_carea' id='block_1_73' title="bbox 2227 3667 3809 3739">
    <p class='ocr_par' dir='ltr' id='par_1_73' title="bbox 2227 3667 3809 3739">
     <span class='ocr_line' id='line_1_73' title="bbox 2227 3667 3809 3739; baseline -0.001 -13"><span class='ocrx_word' id='word_1_644' title='bbox 2227 3690 2356 3737; x_wconf 83' lang='grc' dir='ltr'><strong>της,</strong></span> <span class='ocrx_word' id='word_1_645' title='bbox 2390 3671 2502 3737; x_wconf 81' lang='grc' dir='ltr'><strong>ἕως</strong></span> <span class='ocrx_word' id='word_1_646' title='bbox 2554 3671 2668 3739; x_wconf 82' lang='grc' dir='ltr'><strong>τῆς</strong></span> <span class='ocrx_word' id='word_1_647' title='bbox 2708 3672 2910 3737; x_wconf 79' lang='grc' dir='ltr'><strong>πύλης</strong></span> <span class='ocrx_word' id='word_1_648' title='bbox 2968 3667 3089 3722; x_wconf 84' lang='grc' dir='ltr'><strong>τῶν</strong></span> <span class='ocrx_word' id='word_1_649' title='bbox 3122 3667 3365 3738; x_wconf 80' lang='grc' dir='ltr'><strong>γωνιῶν,</strong></span> <span class='ocrx_word' id='word_1_650' title='bbox 3396 3669 3495 3723; x_wconf 73' lang='grc' dir='ltr'><strong>καὶ</strong></span> <span class='ocrx_word' id='word_1_651' title='bbox 3544 3669 3655 3737; x_wconf 80' lang='grc' dir='ltr'><strong>ἕως</strong></span> <span class='ocrx_word' id='word_1_652' title='bbox 3700 3670 3809 3725; x_wconf 83' lang='grc' dir='ltr'><strong>τοῦ</strong></span> 
     </span>
    </p>
   </div>
   <div class='ocr_carea' id='block_1_74' title="bbox 2229 3760 3811 3834">
    <p class='ocr_par' dir='ltr' id='par_1_74' title="bbox 2229 3760 3811 3834">
     <span class='ocr_line' id='line_1_74' title="bbox 2229 3760 3811 3834; baseline 0 -17"><span class='ocrx_word' id='word_1_653' title='bbox 2229 3765 2460 3834; x_wconf 74' lang='grc' dir='ltr'><strong>πύργου</strong></span> <span class='ocrx_word' id='word_1_654' title='bbox 2521 3763 2883 3833; x_wconf 79' lang='grc' dir='ltr'><strong>Ἀναμουήλ.</strong></span> <span class='ocrx_word' id='word_1_655' title='bbox 2934 3762 3087 3827; x_wconf 83' lang='grc' dir='ltr'><strong>Ἕως</strong></span> <span class='ocrx_word' id='word_1_656' title='bbox 3139 3760 3257 3814; x_wconf 86' lang='grc' dir='ltr'><strong>τῶν</strong></span> <span class='ocrx_word' id='word_1_657' title='bbox 3301 3762 3651 3829; x_wconf 76' lang='grc' dir='ltr'><strong>ὑποληνίων</strong></span> <span class='ocrx_word' id='word_1_658' title='bbox 3704 3761 3811 3817; x_wconf 85' lang='grc' dir='ltr'><strong>τοῦ</strong></span> 
     </span>
    </p>
   </div>
   <div class='ocr_carea' id='block_1_75' title="bbox 2225 3852 3811 3923">
    <p class='ocr_par' dir='ltr' id='par_1_75' title="bbox 2225 3852 3811 3923">
     <span class='ocr_line' id='line_1_75' title="bbox 2225 3852 3811 3923; baseline 0 -16"><span class='ocrx_word' id='word_1_659' title='bbox 2225 3855 2531 3922; x_wconf 80' lang='grc' dir='ltr'><strong>βασιλέως</strong></span> <span class='ocrx_word' id='word_1_660' title='bbox 2567 3852 3041 3921; x_wconf 78' lang='grc' dir='ltr'><strong>κατοικήσουσιν</strong></span> <span class='ocrx_word' id='word_1_661' title='bbox 3077 3853 3148 3906; x_wconf 86' lang='grc' dir='ltr'><strong>ἐν</strong></span> <span class='ocrx_word' id='word_1_662' title='bbox 3178 3852 3354 3922; x_wconf 76' lang='grc' dir='ltr'><strong>αὐτῇ,</strong></span> <span class='ocrx_word' id='word_1_663' title='bbox 3409 3853 3507 3907; x_wconf 78' lang='grc' dir='ltr'><strong>καὶ</strong></span> <span class='ocrx_word' id='word_1_664' title='bbox 3544 3852 3811 3923; x_wconf 82' lang='grc' dir='ltr'><strong>ἀνάθεμα</strong></span> 
     </span>
    </p>
   </div>
   <div class='ocr_carea' id='block_1_76' title="bbox 2230 3944 3810 4017">
    <p class='ocr_par' dir='ltr' id='par_1_76' title="bbox 2230 3944 3810 4017">
     <span class='ocr_line' id='line_1_76' title="bbox 2230 3944 3810 4017; baseline 0 -16"><span class='ocrx_word' id='word_1_665' title='bbox 2230 3950 2341 4001; x_wconf 79' lang='grc' dir='ltr'><strong>οὐκ</strong></span> <span class='ocrx_word' id='word_1_666' title='bbox 2365 3947 2536 4002; x_wconf 77' lang='grc' dir='ltr'><strong>ἔσται</strong></span> <span class='ocrx_word' id='word_1_667' title='bbox 2582 3947 2689 4012; x_wconf 81' lang='grc' dir='ltr'><strong>ἐτι,</strong></span> <span class='ocrx_word' id='word_1_668' title='bbox 2744 3947 2839 4001; x_wconf 78' lang='grc' dir='ltr'><strong>καὶ</strong></span> <span class='ocrx_word' id='word_1_669' title='bbox 2880 3944 3223 4013; x_wconf 82' lang='grc' dir='ltr'><strong>κατοικήσει</strong></span> <span class='ocrx_word' id='word_1_670' title='bbox 3268 3946 3661 4017; x_wconf 69' lang='grc' dir='ltr'><strong>Ἰερουσαλὴμ</strong></span> <span class='ocrx_word' id='word_1_671' title='bbox 3706 3960 3810 4001; x_wconf 80' lang='grc' dir='ltr'><strong>πε-</strong></span> 
     </span>
    </p>
   </div>
   <div class='ocr_carea' id='block_1_77' title="bbox 2230 4040 2537 4105">
    <p class='ocr_par' dir='ltr' id='par_1_77' title="bbox 2230 4040 2537 4105">
     <span class='ocr_line' id='line_1_77' title="bbox 2230 4040 2537 4105; baseline -0.003 -13"><span class='ocrx_word' id='word_1_672' title='bbox 2230 4040 2537 4105; x_wconf 82' lang='grc' dir='ltr'><strong>ποιθότως.</strong></span> 
     </span>
    </p>
   </div>
   <div class='ocr_carea' id='block_1_78' title="bbox 2302 4129 3813 4203">
    <p class='ocr_par' dir='ltr' id='par_1_78' title="bbox 2302 4129 3813 4203">
     <span class='ocr_line' id='line_1_78' title="bbox 2302 4129 3813 4203; baseline -0.001 -19"><span class='ocrx_word' id='word_1_673' title='bbox 2302 4132 2420 4185; x_wconf 84' lang='lat' dir='ltr'><strong>PZ&#39;.</strong></span> <span class='ocrx_word' id='word_1_674' title='bbox 2458 4130 2698 4200; x_wconf 76' lang='grc' dir='ltr'><strong>’Λσαφὴς</strong></span> <span class='ocrx_word' id='word_1_675' title='bbox 2727 4131 2811 4183; x_wconf 82' lang='grc' dir='ltr'><strong>ἀεί</strong></span> <span class='ocrx_word' id='word_1_676' title='bbox 2837 4129 2953 4194; x_wconf 84' lang='grc' dir='ltr'><strong>πώς</strong></span> <span class='ocrx_word' id='word_1_677' title='bbox 2978 4130 3094 4184; x_wconf 86' lang='grc' dir='ltr'><strong>ἐστι</strong></span> <span class='ocrx_word' id='word_1_678' title='bbox 3114 4130 3219 4184; x_wconf 83' lang='grc' dir='ltr'><strong>τῶν</strong></span> <span class='ocrx_word' id='word_1_679' title='bbox 3255 4130 3425 4199; x_wconf 81' lang='grc' dir='ltr'><strong>ἁγίων</strong></span> <span class='ocrx_word' id='word_1_680' title='bbox 3459 4129 3753 4203; x_wconf 81' lang='grc' dir='ltr'><strong>προφητῶν</strong></span> <span class='ocrx_word' id='word_1_681' title='bbox 3783 4134 3813 4183; x_wconf 86' lang='grc' dir='ltr'>ὁ</span> 
     </span>
    </p>
   </div>
   <div class='ocr_carea' id='block_1_79' title="bbox 2229 4219 3810 4293">
    <p class='ocr_par' dir='ltr' id='par_1_79' title="bbox 2229 4219 3810 4293">
     <span class='ocr_line' id='line_1_79' title="bbox 2229 4219 3810 4293; baseline -0.003 -14"><span class='ocrx_word' id='word_1_682' title='bbox 2229 4226 2403 4293; x_wconf 82' lang='grc' dir='ltr'><strong>λόγος,</strong></span> <span class='ocrx_word' id='word_1_683' title='bbox 2427 4224 2521 4277; x_wconf 74' lang='grc' dir='ltr'><strong>καὶ</strong></span> <span class='ocrx_word' id='word_1_684' title='bbox 2558 4222 2737 4289; x_wconf 84' lang='grc' dir='ltr'><strong>τοῦτο,</strong></span> <span class='ocrx_word' id='word_1_685' title='bbox 2793 4219 2966 4293; x_wconf 72' lang='grc' dir='ltr'><strong>οἶμαι,</strong></span> <span class='ocrx_word' id='word_1_686' title='bbox 3004 4222 3182 4293; x_wconf 83' lang='grc' dir='ltr'>σοφῶς</span> <span class='ocrx_word' id='word_1_687' title='bbox 3246 4221 3613 4292; x_wconf 81' lang='grc' dir='ltr'><strong>διοικουμένου</strong></span> <span class='ocrx_word' id='word_1_688' title='bbox 3653 4220 3810 4288; x_wconf 89' lang='grc' dir='ltr'><strong>Θεοῦ,</strong></span> 
     </span>
    </p>
   </div>
   <div class='ocr_carea' id='block_1_80' title="bbox 2232 4313 3815 4386">
    <p class='ocr_par' dir='ltr' id='par_1_80' title="bbox 2232 4313 3815 4386">
     <span class='ocr_line' id='line_1_80' title="bbox 2232 4313 3815 4386; baseline -0.002 -16"><span class='ocrx_word' id='word_1_689' title='bbox 2232 4318 2318 4371; x_wconf 84' lang='grc' dir='ltr'><strong>ἴνα</strong></span> <span class='ocrx_word' id='word_1_690' title='bbox 2353 4314 2427 4386; x_wconf 79' lang='grc' dir='ltr'><strong>μὴ</strong></span> <span class='ocrx_word' id='word_1_691' title='bbox 2460 4314 2743 4385; x_wconf 82' lang='grc' dir='ltr'><strong>προκέοιτο</strong></span> <span class='ocrx_word' id='word_1_692' title='bbox 2772 4314 2839 4367; x_wconf 81' lang='grc' dir='ltr'><strong>τὰ</strong></span> <span class='ocrx_word' id='word_1_693' title='bbox 2869 4314 3002 4383; x_wconf 86' lang='grc' dir='ltr'><strong>ἆγια</strong></span> <span class='ocrx_word' id='word_1_694' title='bbox 3033 4316 3144 4378; x_wconf 85' lang='grc' dir='ltr'><strong>τοῖς</strong></span> <span class='ocrx_word' id='word_1_695' title='bbox 3165 4314 3311 4367; x_wconf 89' lang='grc' dir='ltr'><strong>κυσί·</strong></span> <span class='ocrx_word' id='word_1_696' title='bbox 3356 4315 3493 4385; x_wconf 88' lang='grc' dir='ltr'><strong>μήτε</strong></span> <span class='ocrx_word' id='word_1_697' title='bbox 3526 4314 3634 4385; x_wconf 82' lang='grc' dir='ltr'><strong>μὴν</strong></span> <span class='ocrx_word' id='word_1_698' title='bbox 3665 4313 3815 4385; x_wconf 82' lang='grc' dir='ltr'><strong>παρὰ</strong></span> 
     </span>
    </p>
   </div>
   <div class='ocr_carea' id='block_1_81' title="bbox 2229 4402 3815 4476">
    <p class='ocr_par' dir='ltr' id='par_1_81' title="bbox 2229 4402 3815 4476">
     <span class='ocr_line' id='line_1_81' title="bbox 2229 4402 3815 4476; baseline -0.001 -16"><span class='ocrx_word' id='word_1_699' title='bbox 2229 4410 2339 4469; x_wconf 83' lang='grc' dir='ltr'><strong>τοῖς</strong></span> <span class='ocrx_word' id='word_1_700' title='bbox 2369 4404 2509 4459; x_wconf 84' lang='grc' dir='ltr'><strong>συῶν</strong></span> <span class='ocrx_word' id='word_1_701' title='bbox 2534 4404 2690 4456; x_wconf 72' lang='grc' dir='ltr'><strong>ποσὶν</strong></span> <span class='ocrx_word' id='word_1_702' title='bbox 2739 4404 3026 4475; x_wconf 84' lang='grc' dir='ltr'><strong>ἀτημελῶς</strong></span> <span class='ocrx_word' id='word_1_703' title='bbox 3061 4402 3412 4476; x_wconf 78' lang='grc' dir='ltr'><strong>ἐρριμμένος,</strong></span> <span class='ocrx_word' id='word_1_704' title='bbox 3445 4404 3474 4456; x_wconf 83' lang='grc' dir='ltr'><strong>ὁ</strong></span> <span class='ocrx_word' id='word_1_705' title='bbox 3521 4403 3815 4474; x_wconf 85' lang='grc' dir='ltr'><strong>πολύτιμος</strong></span> 
     </span>
    </p>
   </div>
   <div class='ocr_carea' id='block_1_82' title="bbox 2229 4492 3814 4566">
    <p class='ocr_par' dir='ltr' id='par_1_82' title="bbox 2229 4492 3814 4566">
     <span class='ocr_line' id='line_1_82' title="bbox 2229 4492 3814 4566; baseline -0.003 -17"><span class='ocrx_word' id='word_1_706' title='bbox 2229 4494 2445 4566; x_wconf 84' lang='grc' dir='ltr'><strong>ἀληθῶς</strong></span> <span class='ocrx_word' id='word_1_707' title='bbox 2466 4512 2530 4548; x_wconf 87' lang='grc' dir='ltr'><strong>πε</strong></span> <span class='ocrx_word' id='word_1_708' title='bbox 2541 4492 2868 4566; x_wconf 77' lang='grc' dir='ltr'><strong>ριυῦρίζοιτο</strong></span> <span class='ocrx_word' id='word_1_709' title='bbox 2896 4493 3260 4565; x_wconf 84' lang='grc' dir='ltr'><strong>μαργαρίτης.</strong></span> <span class='ocrx_word' id='word_1_710' title='bbox 3278 4492 3425 4563; x_wconf 80' lang='grc' dir='ltr'><strong>Πλὴν</strong></span> <span class='ocrx_word' id='word_1_711' title='bbox 3441 4492 3814 4547; x_wconf 80' lang='grc' dir='ltr'><strong>ἀποκαλύπτει</strong></span> 
     </span>
    </p>
   </div>
   <div class='ocr_carea' id='block_1_83' title="bbox 547 4583 2120 4660">
    <p class='ocr_par' dir='ltr' id='par_1_83' title="bbox 547 4584 2120 4654">
     <span class='ocr_line' id='line_1_83' title="bbox 547 4584 2120 4654; baseline -0.001 -15"><span class='ocrx_word' id='word_1_712' title='bbox 547 4585 895 4639; x_wconf 69' lang='lat' dir='ltr'><strong>conculcetur</strong></span> <span class='ocrx_word' id='word_1_713' title='bbox 926 4584 995 4637; x_wconf 78' lang='grc'><strong>⁷⁸.</strong></span> <span class='ocrx_word' id='word_1_714' title='bbox 1034 4604 1052 4637; x_wconf 77' lang='grc' dir='ltr'>ι</span> <span class='ocrx_word' id='word_1_715' title='bbox 1084 4584 1469 4639; x_wconf 73' lang='lat' dir='ltr'><strong>Verumtamen</strong></span> <span class='ocrx_word' id='word_1_716' title='bbox 1530 4585 1779 4638; x_wconf 81' lang='lat' dir='ltr'><strong>Christus</strong></span> <span class='ocrx_word' id='word_1_717' title='bbox 1825 4585 1877 4637; x_wconf 92' lang='lat' dir='ltr'><strong>in</strong></span> <span class='ocrx_word' id='word_1_718' title='bbox 1930 4584 2120 4654; x_wconf 89' lang='lat' dir='ltr'><strong>spiritu</strong></span> 
     </span>
    </p>
   </div>
   <div class='ocr_carea' id='block_1_84' title="bbox 2226 4583 3815 4660">
    <p class='ocr_par' dir='ltr' id='par_1_84' title="bbox 2231 4583 3815 4660">
     <span class='ocr_line' id='line_1_84' title="bbox 2231 4583 3815 4660; baseline -0.002 -19"><span class='ocrx_word' id='word_1_719' title='bbox 2231 4588 2463 4660; x_wconf 82' lang='grc' dir='ltr'><strong>Χριστὸς</strong></span> <span class='ocrx_word' id='word_1_720' title='bbox 2497 4589 2554 4640; x_wconf 87' lang='grc' dir='ltr'><strong>ἐν</strong></span> <span class='ocrx_word' id='word_1_721' title='bbox 2576 4586 2977 4656; x_wconf 66' lang='grc' dir='ltr'><strong>πνεύματιτοίς</strong></span> <span class='ocrx_word' id='word_1_722' title='bbox 3016 4584 3184 4649; x_wconf 79' lang='grc' dir='ltr'>ἀξίοις</span> <span class='ocrx_word' id='word_1_723' title='bbox 3220 4583 3321 4654; x_wconf 83' lang='grc' dir='ltr'><strong>τὴν</strong></span> <span class='ocrx_word' id='word_1_724' title='bbox 3342 4583 3559 4652; x_wconf 79' lang='grc' dir='ltr'><strong>γνῶσιν,</strong></span> <span class='ocrx_word' id='word_1_725' title='bbox 3596 4585 3689 4638; x_wconf 75' lang='grc' dir='ltr'><strong>καὶ</strong></span> <span class='ocrx_word' id='word_1_726' title='bbox 3716 4585 3815 4648; x_wconf 70' lang='grc' dir='ltr'><strong>τὰς</strong></span> 
     </span>
    </p>
   </div>
   <div class='ocr_carea' id='block_1_85' title="bbox 548 4675 2121 4749">
    <p class='ocr_par' dir='ltr' id='par_1_85' title="bbox 548 4675 2121 4749">
     <span class='ocr_line' id='line_1_85' title="bbox 548 4675 2121 4749; baseline -0.002 -17"><span class='ocrx_word' id='word_1_727' title='bbox 548 4679 727 4749; x_wconf 79' lang='lat' dir='ltr'><strong>dignis</strong></span> <span class='ocrx_word' id='word_1_728' title='bbox 778 4677 1143 4748; x_wconf 85' lang='lat' dir='ltr'><strong>cognitionem</strong></span> <span class='ocrx_word' id='word_1_729' title='bbox 1174 4677 1398 4743; x_wconf 82' lang='lat' dir='ltr'><strong>revelat,</strong></span> <span class='ocrx_word' id='word_1_730' title='bbox 1433 4686 1485 4730; x_wconf 89' lang='lat' dir='ltr'><strong>et</strong></span> <span class='ocrx_word' id='word_1_731' title='bbox 1517 4676 1678 4729; x_wconf 77' lang='lat' dir='ltr'><strong>futuri</strong></span> <span class='ocrx_word' id='word_1_732' title='bbox 1723 4675 1907 4730; x_wconf 70' lang='lat' dir='ltr'><strong>smculi</strong></span> <span class='ocrx_word' id='word_1_733' title='bbox 1946 4678 2121 4729; x_wconf 82' lang='lat' dir='ltr'><strong>virtu-</strong></span> 
     </span>
    </p>
   </div>
   <div class='ocr_carea' id='block_1_86' title="bbox 548 4768 2121 4828">
    <p class='ocr_par' dir='ltr' id='par_1_86' title="bbox 548 4768 2121 4828">
     <span class='ocr_line' id='line_1_86' title="bbox 548 4768 2121 4828; baseline -0.004 0"><span class='ocrx_word' id='word_1_734' title='bbox 548 4785 629 4828; x_wconf 83' lang='lat' dir='ltr'><strong>tes</strong></span> <span class='ocrx_word' id='word_1_735' title='bbox 655 4788 748 4825; x_wconf 90' lang='lat' dir='ltr'><strong>seu</strong></span> <span class='ocrx_word' id='word_1_736' title='bbox 789 4771 1154 4825; x_wconf 87' lang='lat' dir='ltr'><strong>beatitudines</strong></span> <span class='ocrx_word' id='word_1_737' title='bbox 1188 4770 1521 4823; x_wconf 80' lang='lat' dir='ltr'><strong>manifestat.</strong></span> <span class='ocrx_word' id='word_1_738' title='bbox 1554 4768 1916 4823; x_wconf 81' lang='lat' dir='ltr'><strong>Informanlur</strong></span> <span class='ocrx_word' id='word_1_739' title='bbox 1942 4778 2121 4823; x_wconf 85' lang='lat' dir='ltr'><strong>autem</strong></span> 
     </span>
    </p>
   </div>
   <div class='ocr_carea' id='block_1_87' title="bbox 548 4860 2120 4936">
    <p class='ocr_par' dir='ltr' id='par_1_87' title="bbox 548 4860 2120 4936">
     <span class='ocr_line' id='line_1_87' title="bbox 548 4860 2120 4936; baseline -0.005 -15"><span class='ocrx_word' id='word_1_740' title='bbox 548 4883 681 4936; x_wconf 86' lang='lat' dir='ltr'><strong>pene</strong></span> <span class='ocrx_word' id='word_1_741' title='bbox 713 4880 926 4935; x_wconf 87' lang='lat' dir='ltr'><strong>semper</strong></span> <span class='ocrx_word' id='word_1_742' title='bbox 962 4866 1013 4919; x_wconf 89' lang='lat' dir='ltr'><strong>in</strong></span> <span class='ocrx_word' id='word_1_743' title='bbox 1070 4865 1151 4917; x_wconf 87' lang='lat' dir='ltr'><strong>his</strong></span> <span class='ocrx_word' id='word_1_744' title='bbox 1236 4879 1355 4932; x_wconf 71' lang='lat' dir='ltr'><strong>qua!</strong></span> <span class='ocrx_word' id='word_1_745' title='bbox 1414 4864 1665 4916; x_wconf 85' lang='lat' dir='ltr'><strong>sensibus</strong></span> <span class='ocrx_word' id='word_1_746' title='bbox 1729 4860 2120 4930; x_wconf 86' lang='lat' dir='ltr'><strong>percipiuntur,</strong></span> 
     </span>
    </p>
   </div>
   <div class='ocr_carea' id='block_1_88' title="bbox 545 4955 2120 5026">
    <p class='ocr_par' dir='ltr' id='par_1_88' title="bbox 545 4955 2120 5026">
     <span class='ocr_line' id='line_1_88' title="bbox 545 4955 2120 5026; baseline -0.005 -13"><span class='ocrx_word' id='word_1_747' title='bbox 545 4959 757 5015; x_wconf 83' lang='lat' dir='ltr'><strong>occulta</strong></span> <span class='ocrx_word' id='word_1_748' title='bbox 790 4968 843 5013; x_wconf 84' lang='lat' dir='ltr'><strong>et</strong></span> <span class='ocrx_word' id='word_1_749' title='bbox 867 4958 932 5012; x_wconf 84' lang='lat' dir='ltr'><strong>ad</strong></span> <span class='ocrx_word' id='word_1_750' title='bbox 990 4957 1401 5026; x_wconf 84' lang='lat' dir='ltr'><strong>intelligentiam</strong></span> <span class='ocrx_word' id='word_1_751' title='bbox 1439 4955 1790 5024; x_wconf 84' lang='lat' dir='ltr'><strong>pertinentia,</strong></span> <span class='ocrx_word' id='word_1_752' title='bbox 1827 4963 1881 5007; x_wconf 83' lang='lat' dir='ltr'><strong>et</strong></span> <span class='ocrx_word' id='word_1_753' title='bbox 1932 4969 2120 5007; x_wconf 80' lang='lat' dir='ltr'><strong>eorum</strong></span> 
     </span>
    </p>
   </div>
   <div class='ocr_carea' id='block_1_89' title="bbox 545 5047 2124 5121">
    <p class='ocr_par' dir='ltr' id='par_1_89' title="bbox 545 5047 2124 5121">
     <span class='ocr_line' id='line_1_89' title="bbox 545 5047 2124 5121; baseline -0.003 -16"><span class='ocrx_word' id='word_1_754' title='bbox 545 5070 665 5121; x_wconf 69' lang='lat' dir='ltr'><strong>qua:</strong></span> <span class='ocrx_word' id='word_1_755' title='bbox 698 5061 974 5120; x_wconf 80' lang='lat' dir='ltr'><strong>aspectum</strong></span> <span class='ocrx_word' id='word_1_756' title='bbox 1002 5062 1242 5105; x_wconf 88' lang='lat' dir='ltr'><strong>nostrum</strong></span> <span class='ocrx_word' id='word_1_757' title='bbox 1259 5049 1487 5117; x_wconf 80' lang='lat' dir='ltr'><strong>fugiunt,</strong></span> <span class='ocrx_word' id='word_1_758' title='bbox 1506 5064 1567 5102; x_wconf 88' lang='lat' dir='ltr'><strong>ea</strong></span> <span class='ocrx_word' id='word_1_759' title='bbox 1595 5064 1713 5117; x_wconf 71' lang='lat' dir='ltr'><strong>qua:</strong></span> <span class='ocrx_word' id='word_1_760' title='bbox 1739 5049 1792 5101; x_wconf 92' lang='lat' dir='ltr'><strong>in</strong></span> <span class='ocrx_word' id='word_1_761' title='bbox 1820 5047 2007 5101; x_wconf 86' lang='lat' dir='ltr'><strong>oculos</strong></span> <span class='ocrx_word' id='word_1_762' title='bbox 2030 5062 2124 5100; x_wconf 89' lang='lat' dir='ltr'><strong>no-</strong></span> 
     </span>
    </p>
   </div>
   <div class='ocr_carea' id='block_1_90' title="bbox 545 5139 2122 5211">
    <p class='ocr_par' dir='ltr' id='par_1_90' title="bbox 545 5139 2122 5211">
     <span class='ocr_line' id='line_1_90' title="bbox 545 5139 2122 5211; baseline -0.003 -12"><span class='ocrx_word' id='word_1_763' title='bbox 545 5157 687 5199; x_wconf 75' lang='lat' dir='ltr'><strong>strns</strong></span> <span class='ocrx_word' id='word_1_764' title='bbox 720 5144 1024 5207; x_wconf 85' lang='lat' dir='ltr'><strong>incurrunt,</strong></span> <span class='ocrx_word' id='word_1_765' title='bbox 1058 5146 1210 5211; x_wconf 85' lang='lat' dir='ltr'><strong>quasi</strong></span> <span class='ocrx_word' id='word_1_766' title='bbox 1244 5158 1440 5209; x_wconf 90' lang='lat' dir='ltr'><strong>corpus</strong></span> <span class='ocrx_word' id='word_1_767' title='bbox 1466 5143 1620 5196; x_wconf 80' lang='lat' dir='ltr'><strong>ﬁunt.</strong></span> <span class='ocrx_word' id='word_1_768' title='bbox 1649 5141 1740 5195; x_wconf 88' lang='lat' dir='ltr'><strong>Ait</strong></span> <span class='ocrx_word' id='word_1_769' title='bbox 1768 5141 1951 5210; x_wconf 88' lang='lat' dir='ltr'><strong>igitur,</strong></span> <span class='ocrx_word' id='word_1_770' title='bbox 1980 5158 1999 5190; x_wconf 74' lang='grc' dir='ltr'>ι</span> <span class='ocrx_word' id='word_1_771' title='bbox 2031 5139 2122 5195; x_wconf 85' lang='lat' dir='ltr'><strong>Illa</strong></span> 
     </span>
    </p>
   </div>
   <div class='ocr_carea' id='block_1_91' title="bbox 548 5233 2127 5305">
    <p class='ocr_par' dir='ltr' id='par_1_91' title="bbox 548 5233 2127 5305">
     <span class='ocr_line' id='line_1_91' title="bbox 548 5233 2127 5305; baseline -0.001 -18"><span class='ocrx_word' id='word_1_772' title='bbox 548 5240 687 5300; x_wconf 44' lang='lat' dir='ltr'><strong>die”</strong></span> <span class='ocrx_word' id='word_1_773' title='bbox 725 5239 774 5289; x_wconf 88' lang='lat' dir='ltr'><strong>id</strong></span> <span class='ocrx_word' id='word_1_774' title='bbox 802 5245 903 5301; x_wconf 88' lang='lat' dir='ltr'><strong>est,</strong></span> <span class='ocrx_word' id='word_1_775' title='bbox 937 5237 1027 5291; x_wconf 91' lang='lat' dir='ltr'><strong>illo</strong></span> <span class='ocrx_word' id='word_1_776' title='bbox 1059 5247 1321 5305; x_wconf 87' lang='lat' dir='ltr'><strong>tempore,</strong></span> <span class='ocrx_word' id='word_1_777' title='bbox 1358 5236 1513 5290; x_wconf 86' lang='lat' dir='ltr'><strong>nobis</strong></span> <span class='ocrx_word' id='word_1_778' title='bbox 1549 5235 1601 5288; x_wconf 91' lang='lat' dir='ltr'><strong>in</strong></span> <span class='ocrx_word' id='word_1_779' title='bbox 1656 5234 1949 5287; x_wconf 88' lang='lat' dir='ltr'><strong>novitatem</strong></span> <span class='ocrx_word' id='word_1_780' title='bbox 2002 5233 2127 5286; x_wconf 65' lang='lat' dir='ltr'><strong>vita:</strong></span> 
     </span>
    </p>
   </div>
   <div class='ocr_carea' id='block_1_92' title="bbox 549 5327 2126 5399">
    <p class='ocr_par' dir='ltr' id='par_1_92' title="bbox 549 5327 2126 5399">
     <span class='ocr_line' id='line_1_92' title="bbox 549 5327 2126 5399; baseline -0.003 -16"><span class='ocrx_word' id='word_1_781' title='bbox 549 5329 846 5391; x_wconf 77' lang='lat' dir='ltr'><strong>translatis.</strong></span> <span class='ocrx_word' id='word_1_782' title='bbox 879 5330 1100 5399; x_wconf 87' lang='lat' dir='ltr'><strong>ipsaque</strong></span> <span class='ocrx_word' id='word_1_783' title='bbox 1153 5340 1402 5383; x_wconf 81' lang='lat' dir='ltr'><strong>creatura</strong></span> <span class='ocrx_word' id='word_1_784' title='bbox 1437 5330 1489 5381; x_wconf 91' lang='lat' dir='ltr'><strong>in</strong></span> <span class='ocrx_word' id='word_1_785' title='bbox 1523 5338 1723 5381; x_wconf 88' lang='lat' dir='ltr'><strong>statum</strong></span> <span class='ocrx_word' id='word_1_786' title='bbox 1756 5328 1939 5397; x_wconf 88' lang='lat' dir='ltr'><strong>priore</strong></span> <span class='ocrx_word' id='word_1_787' title='bbox 1973 5327 2126 5380; x_wconf 90' lang='lat' dir='ltr'><strong>nobi-</strong></span> 
     </span>
    </p>
   </div>
   <div class='ocr_carea' id='block_1_93' title="bbox 550 5423 2125 5487">
    <p class='ocr_par' dir='ltr' id='par_1_93' title="bbox 550 5423 2125 5487">
     <span class='ocr_line' id='line_1_93' title="bbox 550 5423 2125 5487; baseline -0.002 -11"><span class='ocrx_word' id='word_1_788' title='bbox 550 5424 740 5477; x_wconf 74' lang='lat' dir='ltr'><strong>iiorem</strong></span> <span class='ocrx_word' id='word_1_789' title='bbox 779 5423 1094 5487; x_wconf 75' lang='lat' dir='ltr'><strong>reformata,</strong></span> <span class='ocrx_word' id='word_1_790' title='bbox 1130 5424 1245 5478; x_wconf 77' lang='lat' dir='ltr'><strong>fore</strong></span> <span class='ocrx_word' id='word_1_791' title='bbox 1299 5423 1581 5477; x_wconf 90' lang='lat' dir='ltr'><strong>Dominum</strong></span> <span class='ocrx_word' id='word_1_792' title='bbox 1622 5437 1812 5485; x_wconf 89' lang='lat' dir='ltr'><strong>unum,</strong></span> <span class='ocrx_word' id='word_1_793' title='bbox 1848 5431 1903 5475; x_wconf 88' lang='lat' dir='ltr'><strong>et</strong></span> <span class='ocrx_word' id='word_1_794' title='bbox 1932 5434 2125 5474; x_wconf 88' lang='lat' dir='ltr'><strong>nomen</strong></span> 
     </span>
    </p>
   </div>
   <div class='ocr_carea' id='block_1_94' title="bbox 550 5512 2128 5583">
    <p class='ocr_par' dir='ltr' id='par_1_94' title="bbox 550 5512 2128 5583">
     <span class='ocr_line' id='line_1_94' title="bbox 550 5512 2128 5583; baseline -0.004 -14"><span class='ocrx_word' id='word_1_795' title='bbox 550 5514 665 5582; x_wconf 84' lang='lat' dir='ltr'><strong>ejus</strong></span> <span class='ocrx_word' id='word_1_796' title='bbox 697 5530 887 5577; x_wconf 90' lang='lat' dir='ltr'><strong>unum,</strong></span> <span class='ocrx_word' id='word_1_797' title='bbox 917 5514 1245 5569; x_wconf 88' lang='lat' dir='ltr'><strong>circumiens</strong></span> <span class='ocrx_word' id='word_1_798' title='bbox 1292 5528 1508 5583; x_wconf 82' lang='lat' dir='ltr'><strong>omnem</strong></span> <span class='ocrx_word' id='word_1_799' title='bbox 1559 5523 1783 5567; x_wconf 86' lang='lat' dir='ltr'><strong>terram.</strong></span> <span class='ocrx_word' id='word_1_800' title='bbox 1843 5512 1974 5566; x_wconf 87' lang='lat' dir='ltr'><strong>Erat</strong></span> <span class='ocrx_word' id='word_1_801' title='bbox 2008 5514 2128 5579; x_wconf 85' lang='lat' dir='ltr'><strong>qui-</strong></span> 
     </span>
    </p>
   </div>
   <div class='ocr_carea' id='block_1_95' title="bbox 552 5603 2125 5675">
    <p class='ocr_par' dir='ltr' id='par_1_95' title="bbox 552 5603 2125 5675">
     <span class='ocr_line' id='line_1_95' title="bbox 552 5603 2125 5675; baseline -0.003 -16"><span class='ocrx_word' id='word_1_802' title='bbox 552 5605 694 5667; x_wconf 76' lang='lat' dir='ltr'><strong>dem.</strong></span> <span class='ocrx_word' id='word_1_803' title='bbox 729 5613 781 5658; x_wconf 91' lang='lat' dir='ltr'><strong>et</strong></span> <span class='ocrx_word' id='word_1_804' title='bbox 811 5615 913 5668; x_wconf 88' lang='lat' dir='ltr'><strong>est,</strong></span> <span class='ocrx_word' id='word_1_805' title='bbox 951 5614 1005 5659; x_wconf 93' lang='lat' dir='ltr'><strong>et</strong></span> <span class='ocrx_word' id='word_1_806' title='bbox 1033 5605 1138 5660; x_wconf 89' lang='lat' dir='ltr'><strong>erit</strong></span> <span class='ocrx_word' id='word_1_807' title='bbox 1167 5620 1378 5675; x_wconf 87' lang='lat' dir='ltr'><strong>semper</strong></span> <span class='ocrx_word' id='word_1_808' title='bbox 1405 5619 1543 5658; x_wconf 85' lang='lat' dir='ltr'><strong>unus</strong></span> <span class='ocrx_word' id='word_1_809' title='bbox 1589 5603 1867 5657; x_wconf 86' lang='lat' dir='ltr'><strong>Dominus.</strong></span> <span class='ocrx_word' id='word_1_810' title='bbox 1937 5612 2125 5656; x_wconf 88' lang='lat' dir='ltr'><strong>natura</strong></span> 
     </span>
    </p>
   </div>
   <div class='ocr_carea' id='block_1_96' title="bbox 624 5789 1193 5859">
    <p class='ocr_par' dir='ltr' id='par_1_96' title="bbox 624 5789 1193 5859">
     <span class='ocr_line' id='line_1_96' title="bbox 624 5789 1193 5859; baseline 0 -12"><span class='ocrx_word' id='word_1_811' title='bbox 624 5790 647 5816; x_wconf 77' lang='lat'><strong>&#39;</strong></span> <span class='ocrx_word' id='word_1_812' title='bbox 702 5789 844 5848; x_wconf 72' lang='lat' dir='ltr'><strong>Psal.</strong></span> <span class='ocrx_word' id='word_1_813' title='bbox 881 5808 1073 5859; x_wconf 74' lang='lat' dir='ltr'><strong>Lxxm,</strong></span> <span class='ocrx_word' id='word_1_814' title='bbox 1111 5792 1193 5847; x_wconf 80' lang='grc'><strong>17.</strong></span> 
     </span>
    </p>
   </div>
   <div class='ocr_carea' id='block_1_97' title="bbox 2230 4677 3811 4750">
    <p class='ocr_par' dir='ltr' id='par_1_97' title="bbox 2230 4677 3811 4750">
     <span class='ocr_line' id='line_1_97' title="bbox 2230 4677 3811 4750; baseline -0.002 -19"><span class='ocrx_word' id='word_1_815' title='bbox 2230 4679 2325 4733; x_wconf 86' lang='grc' dir='ltr'><strong>τοῦ</strong></span> <span class='ocrx_word' id='word_1_816' title='bbox 2360 4679 2640 4750; x_wconf 87' lang='grc' dir='ltr'><strong>μέλλοντος</strong></span> <span class='ocrx_word' id='word_1_817' title='bbox 2666 4678 2858 4741; x_wconf 82' lang='grc' dir='ltr'><strong>αἰῶνος</strong></span> <span class='ocrx_word' id='word_1_818' title='bbox 2891 4677 3150 4748; x_wconf 83' lang='grc' dir='ltr'><strong>δυνάμεις</strong></span> <span class='ocrx_word' id='word_1_819' title='bbox 3185 4677 3507 4747; x_wconf 86' lang='grc' dir='ltr'><strong>καθίστησιν</strong></span> <span class='ocrx_word' id='word_1_820' title='bbox 3545 4679 3811 4747; x_wconf 85' lang='grc' dir='ltr'><strong>ἐναργεῖς.</strong></span> 
     </span>
    </p>
   </div>
   <div class='ocr_carea' id='block_1_98' title="bbox 2246 4768 3817 4837">
    <p class='ocr_par' dir='ltr' id='par_1_98' title="bbox 2246 4768 3817 4837">
     <span class='ocr_line' id='line_1_98' title="bbox 2246 4768 3817 4837; baseline -0.003 -12"><span class='ocrx_word' id='word_1_821' title='bbox 2246 4771 2634 4827; x_wconf 84' lang='grc' dir='ltr'><strong>Ἀνατυποῦται</strong></span> <span class='ocrx_word' id='word_1_822' title='bbox 2685 4771 2741 4823; x_wconf 81' lang='grc' dir='ltr'><strong>δὲ</strong></span> <span class='ocrx_word' id='word_1_823' title='bbox 2787 4771 2862 4835; x_wconf 87' lang='grc' dir='ltr'><strong>ὼς</strong></span> <span class='ocrx_word' id='word_1_824' title='bbox 2894 4770 3096 4824; x_wconf 79' lang='grc' dir='ltr'><strong>ἐπίπαν</strong></span> <span class='ocrx_word' id='word_1_825' title='bbox 3117 4769 3171 4821; x_wconf 78' lang='grc' dir='ltr'><strong>ἐν</strong></span> <span class='ocrx_word' id='word_1_826' title='bbox 3204 4785 3268 4837; x_wconf 87' lang='grc' dir='ltr'><strong>γε</strong></span> <span class='ocrx_word' id='word_1_827' title='bbox 3305 4772 3417 4832; x_wconf 80' lang='grc' dir='ltr'><strong>τοῖς</strong></span> <span class='ocrx_word' id='word_1_828' title='bbox 3449 4768 3722 4837; x_wconf 84' lang='grc' dir='ltr'><strong>αίσθητοῖς</strong></span> <span class='ocrx_word' id='word_1_829' title='bbox 3749 4768 3817 4821; x_wconf 86' lang='grc' dir='ltr'><strong>τὰ</strong></span> 
     </span>
    </p>
   </div>
   <div class='ocr_carea' id='block_1_99' title="bbox 2233 4859 3815 4938">
    <p class='ocr_par' dir='ltr' id='par_1_99' title="bbox 2233 4859 3815 4938">
     <span class='ocr_line' id='line_1_99' title="bbox 2233 4859 3815 4938; baseline -0.005 -18"><span class='ocrx_word' id='word_1_830' title='bbox 2233 4866 2587 4938; x_wconf 77' lang='grc' dir='ltr'><strong>κεκρυμμένα</strong></span> <span class='ocrx_word' id='word_1_831' title='bbox 2618 4865 2711 4917; x_wconf 72' lang='grc' dir='ltr'><strong>καὶ</strong></span> <span class='ocrx_word' id='word_1_832' title='bbox 2744 4862 2928 4933; x_wconf 72' lang='grc' dir='ltr'><strong>νοητὰ,</strong></span> <span class='ocrx_word' id='word_1_833' title='bbox 2963 4862 3055 4916; x_wconf 72' lang='grc' dir='ltr'><strong>καὶ</strong></span> <span class='ocrx_word' id='word_1_834' title='bbox 3077 4862 3241 4914; x_wconf 76' lang='grc' dir='ltr'><strong>οἱονεὶ</strong></span> <span class='ocrx_word' id='word_1_835' title='bbox 3286 4861 3444 4930; x_wconf 84' lang='grc' dir='ltr'><strong>σῶμα</strong></span> <span class='ocrx_word' id='word_1_836' title='bbox 3476 4859 3585 4913; x_wconf 86' lang='grc' dir='ltr'><strong>τῶν</strong></span> <span class='ocrx_word' id='word_1_837' title='bbox 3613 4861 3815 4928; x_wconf 80' lang='grc' dir='ltr'><strong>ἀφανε-</strong></span> 
     </span>
    </p>
   </div>
   <div class='ocr_carea' id='block_1_100' title="bbox 2235 4951 3816 5031">
    <p class='ocr_par' dir='ltr' id='par_1_100' title="bbox 2235 4951 3816 5031">
     <span class='ocr_line' id='line_1_100' title="bbox 2235 4951 3816 5031; baseline -0.006 -19"><span class='ocrx_word' id='word_1_838' title='bbox 2235 4959 2439 5031; x_wconf 82' lang='grc' dir='ltr'><strong>στέρων</strong></span> <span class='ocrx_word' id='word_1_839' title='bbox 2467 4958 2535 5011; x_wconf 72' lang='grc' dir='ltr'><strong>τὰ</strong></span> <span class='ocrx_word' id='word_1_840' title='bbox 2568 4956 2784 5026; x_wconf 77' lang='grc' dir='ltr'><strong>ἐμφανῆ</strong></span> <span class='ocrx_word' id='word_1_841' title='bbox 2814 4955 3041 5024; x_wconf 82' lang='grc' dir='ltr'><strong>γίνεται.</strong></span> <span class='ocrx_word' id='word_1_842' title='bbox 3081 4955 3225 5022; x_wconf 85' lang='grc' dir='ltr'><strong>Ἔφη</strong></span> <span class='ocrx_word' id='word_1_843' title='bbox 3282 4953 3481 5015; x_wconf 87' lang='grc' dir='ltr'><strong>τοίνυν,</strong></span> <span class='ocrx_word' id='word_1_844' title='bbox 3513 4952 3595 5005; x_wconf 83' lang='grc' dir='ltr'><strong>ὅτι</strong></span> <span class='ocrx_word' id='word_1_845' title='bbox 3624 4969 3642 5002; x_wconf 78' lang='grc' dir='ltr'><strong>ι</strong></span> <span class='ocrx_word' id='word_1_846' title='bbox 3680 4951 3816 5004; x_wconf 83' lang='grc' dir='ltr'><strong>Κατ’</strong></span> 
     </span>
    </p>
   </div>
   <div class='ocr_carea' id='block_1_101' title="bbox 2235 5040 3816 5122">
    <p class='ocr_par' dir='ltr' id='par_1_101' title="bbox 2235 5040 3816 5122">
     <span class='ocr_line' id='line_1_101' title="bbox 2235 5040 3816 5122; baseline -0.006 -19"><span class='ocrx_word' id='word_1_847' title='bbox 2235 5052 2447 5122; x_wconf 80' lang='grc' dir='ltr'><strong>ἐκείνην</strong></span> <span class='ocrx_word' id='word_1_848' title='bbox 2470 5051 2566 5119; x_wconf 79' lang='grc' dir='ltr'><strong>τὴν</strong></span> <span class='ocrx_word' id='word_1_849' title='bbox 2595 5049 2827 5119; x_wconf 80' lang='grc' dir='ltr'><strong>ἡμέραν,</strong></span> <span class='ocrx_word' id='word_1_850' title='bbox 2872 5066 2889 5098; x_wconf 78' lang='grc' dir='ltr'><strong>ι</strong></span> <span class='ocrx_word' id='word_1_851' title='bbox 2954 5047 3120 5117; x_wconf 68' lang='grc' dir='ltr'><strong>ἤγουν</strong></span> <span class='ocrx_word' id='word_1_852' title='bbox 3144 5044 3234 5097; x_wconf 75' lang='grc' dir='ltr'><strong>τὸν</strong></span> <span class='ocrx_word' id='word_1_853' title='bbox 3258 5043 3466 5114; x_wconf 72' lang='grc' dir='ltr'><strong>καιρὸν,</strong></span> <span class='ocrx_word' id='word_1_854' title='bbox 3502 5040 3816 5113; x_wconf 88' lang='grc' dir='ltr'><strong>μετατεθει-</strong></span> 
     </span>
    </p>
   </div>
   <div class='ocr_carea' id='block_1_102' title="bbox 2237 5132 3815 5211">
    <p class='ocr_par' dir='ltr' id='par_1_102' title="bbox 2237 5132 3815 5211">
     <span class='ocr_line' id='line_1_102' title="bbox 2237 5132 3815 5211; baseline -0.007 -16"><span class='ocrx_word' id='word_1_855' title='bbox 2237 5143 2411 5211; x_wconf 82' lang='grc' dir='ltr'><strong>μένων</strong></span> <span class='ocrx_word' id='word_1_856' title='bbox 2440 5142 2548 5195; x_wconf 81' lang='grc' dir='ltr'><strong>τῶν</strong></span> <span class='ocrx_word' id='word_1_857' title='bbox 2574 5140 2697 5194; x_wconf 86' lang='grc' dir='ltr'><strong>καθ’</strong></span> <span class='ocrx_word' id='word_1_858' title='bbox 2721 5140 2866 5209; x_wconf 73' lang='grc' dir='ltr'><strong>ἡμᾶς</strong></span> <span class='ocrx_word' id='word_1_859' title='bbox 2896 5140 2975 5200; x_wconf 83' lang='grc' dir='ltr'><strong>εἰς</strong></span> <span class='ocrx_word' id='word_1_860' title='bbox 3022 5135 3312 5205; x_wconf 83' lang='grc' dir='ltr'><strong>καινότητα</strong></span> <span class='ocrx_word' id='word_1_861' title='bbox 3356 5133 3522 5203; x_wconf 81' lang='grc' dir='ltr'><strong>ζωῆς,</strong></span> <span class='ocrx_word' id='word_1_862' title='bbox 3576 5132 3815 5185; x_wconf 80' lang='grc' dir='ltr'><strong>ἀνεστοι-</strong></span> 
     </span>
    </p>
   </div>
   <div class='ocr_carea' id='block_1_103' title="bbox 2226 5221 3811 5306">
    <p class='ocr_par' dir='ltr' id='par_1_103' title="bbox 2226 5221 3811 5306">
     <span class='ocr_line' id='line_1_103' title="bbox 2226 5221 3811 5306; baseline -0.008 -19"><span class='ocrx_word' id='word_1_863' title='bbox 2226 5234 2529 5306; x_wconf 79' lang='grc' dir='ltr'><strong>χειωμένης</strong></span> <span class='ocrx_word' id='word_1_864' title='bbox 2550 5232 2605 5285; x_wconf 82' lang='grc' dir='ltr'><strong>δὲ</strong></span> <span class='ocrx_word' id='word_1_865' title='bbox 2644 5232 2737 5284; x_wconf 71' lang='grc' dir='ltr'><strong>καὶ</strong></span> <span class='ocrx_word' id='word_1_866' title='bbox 2761 5230 2929 5299; x_wconf 70' lang='grc' dir='ltr'><strong>αὐτῆς</strong></span> <span class='ocrx_word' id='word_1_867' title='bbox 2952 5229 3048 5297; x_wconf 81' lang='grc' dir='ltr'><strong>τῆς</strong></span> <span class='ocrx_word' id='word_1_868' title='bbox 3076 5226 3303 5289; x_wconf 80' lang='grc' dir='ltr'><strong>κτίσεως</strong></span> <span class='ocrx_word' id='word_1_869' title='bbox 3326 5227 3406 5288; x_wconf 84' lang='grc' dir='ltr'><strong>είς</strong></span> <span class='ocrx_word' id='word_1_870' title='bbox 3443 5224 3504 5277; x_wconf 84' lang='grc' dir='ltr'><strong>τὸ</strong></span> <span class='ocrx_word' id='word_1_871' title='bbox 3533 5223 3755 5294; x_wconf 78' lang='grc' dir='ltr'><strong>ἄμεινον</strong></span> <span class='ocrx_word' id='word_1_872' title='bbox 3777 5221 3811 5294; x_wconf 73' lang='grc' dir='ltr'><strong>ἢ</strong></span> 
     </span>
    </p>
   </div>
   <div class='ocr_carea' id='block_1_104' title="bbox 2230 5314 3810 5396">
    <p class='ocr_par' dir='ltr' id='par_1_104' title="bbox 2230 5314 3810 5396">
     <span class='ocr_line' id='line_1_104' title="bbox 2230 5314 3810 5396; baseline -0.009 -15"><span class='ocrx_word' id='word_1_873' title='bbox 2230 5328 2379 5396; x_wconf 68' lang='grc' dir='ltr'><strong>πρὶν,</strong></span> <span class='ocrx_word' id='word_1_874' title='bbox 2427 5327 2621 5379; x_wconf 83' lang='grc' dir='ltr'><strong>Ἔσται</strong></span> <span class='ocrx_word' id='word_1_875' title='bbox 2667 5324 2873 5394; x_wconf 81' lang='grc' dir='ltr'><strong>Κύριος</strong></span> <span class='ocrx_word' id='word_1_876' title='bbox 2921 5317 3022 5383; x_wconf 73' lang='grc' dir='ltr'><strong>εἷς,</strong></span> <span class='ocrx_word' id='word_1_877' title='bbox 3057 5319 3152 5373; x_wconf 68' lang='grc' dir='ltr'><strong>καὶ</strong></span> <span class='ocrx_word' id='word_1_878' title='bbox 3197 5318 3257 5371; x_wconf 86' lang='grc' dir='ltr'><strong>τδ</strong></span> <span class='ocrx_word' id='word_1_879' title='bbox 3303 5318 3474 5388; x_wconf 75' lang='grc' dir='ltr'><strong>ὄνομα</strong></span> <span class='ocrx_word' id='word_1_880' title='bbox 3527 5314 3691 5369; x_wconf 68' lang='grc' dir='ltr'><strong>αὐτοῦ</strong></span> <span class='ocrx_word' id='word_1_881' title='bbox 3731 5314 3810 5380; x_wconf 75' lang='grc' dir='ltr'><strong>ἓν,</strong></span> 
     </span>
    </p>
   </div>
   <div class='ocr_carea' id='block_1_105' title="bbox 2230 5405 3809 5487">
    <p class='ocr_par' dir='ltr' id='par_1_105' title="bbox 2230 5405 3809 5487">
     <span class='ocr_line' id='line_1_105' title="bbox 2230 5405 3809 5487; baseline -0.009 -14"><span class='ocrx_word' id='word_1_882' title='bbox 2230 5418 2461 5473; x_wconf 77' lang='grc' dir='ltr'><strong>κυκλοῦν</strong></span> <span class='ocrx_word' id='word_1_883' title='bbox 2490 5418 2670 5470; x_wconf 78' lang='grc' dir='ltr'><strong>πᾶσαν</strong></span> <span class='ocrx_word' id='word_1_884' title='bbox 2699 5415 2797 5487; x_wconf 75' lang='grc' dir='ltr'><strong>τὴν</strong></span> <span class='ocrx_word' id='word_1_885' title='bbox 2823 5414 2945 5484; x_wconf 89' lang='grc' dir='ltr'><strong>γῆν.</strong></span> <span class='ocrx_word' id='word_1_886' title='bbox 2977 5408 3085 5466; x_wconf 87' lang='grc' dir='ltr'><strong>Ἦν</strong></span> <span class='ocrx_word' id='word_1_887' title='bbox 3122 5412 3219 5484; x_wconf 79' lang='grc' dir='ltr'><strong>μὲν</strong></span> <span class='ocrx_word' id='word_1_888' title='bbox 3251 5411 3360 5481; x_wconf 82' lang='grc' dir='ltr'><strong>γὰρ</strong></span> <span class='ocrx_word' id='word_1_889' title='bbox 3404 5411 3510 5474; x_wconf 75' lang='grc' dir='ltr'><strong>ἀεὶ,</strong></span> <span class='ocrx_word' id='word_1_890' title='bbox 3546 5408 3638 5462; x_wconf 72' lang='grc' dir='ltr'><strong>καὶ</strong></span> <span class='ocrx_word' id='word_1_891' title='bbox 3674 5405 3809 5469; x_wconf 70' lang='grc' dir='ltr'><strong>ἔστι,</strong></span> 
     </span>
    </p>
   </div>
   <div class='ocr_carea' id='block_1_106' title="bbox 2230 5497 3813 5577">
    <p class='ocr_par' dir='ltr' id='par_1_106' title="bbox 2230 5497 3813 5577">
     <span class='ocr_line' id='line_1_106' title="bbox 2230 5497 3813 5577; baseline -0.009 -14"><span class='ocrx_word' id='word_1_892' title='bbox 2230 5512 2323 5563; x_wconf 73' lang='grc' dir='ltr'><strong>καὶ</strong></span> <span class='ocrx_word' id='word_1_893' title='bbox 2353 5509 2502 5562; x_wconf 72' lang='grc' dir='ltr'><strong>ἔσται</strong></span> <span class='ocrx_word' id='word_1_894' title='bbox 2524 5505 2727 5577; x_wconf 77' lang='grc' dir='ltr'><strong>Κύριος</strong></span> <span class='ocrx_word' id='word_1_895' title='bbox 2752 5499 2851 5568; x_wconf 75' lang='grc' dir='ltr'><strong>εἷς,</strong></span> <span class='ocrx_word' id='word_1_896' title='bbox 2870 5507 2898 5557; x_wconf 82' lang='grc' dir='ltr'>ὁ</span> <span class='ocrx_word' id='word_1_897' title='bbox 2925 5499 3097 5572; x_wconf 52' lang='grc' dir='ltr'><strong>φύσει,</strong></span> <span class='ocrx_word' id='word_1_898' title='bbox 3117 5520 3175 5556; x_wconf 90' lang='grc' dir='ltr'><strong>τε</strong></span> <span class='ocrx_word' id='word_1_899' title='bbox 3202 5502 3294 5556; x_wconf 77' lang='grc' dir='ltr'><strong>καὶ</strong></span> <span class='ocrx_word' id='word_1_900' title='bbox 3318 5500 3533 5573; x_wconf 83' lang='grc' dir='ltr'><strong>ἀληθῶς</strong></span> <span class='ocrx_word' id='word_1_901' title='bbox 3547 5499 3654 5553; x_wconf 86' lang='grc' dir='ltr'><strong>τῶν</strong></span> <span class='ocrx_word' id='word_1_902' title='bbox 3674 5497 3813 5551; x_wconf 80' lang='grc' dir='ltr'><strong>ὅλων</strong></span> 
     </span>
    </p>
   </div>
   <div class='ocr_carea' id='block_1_107' title="bbox 2228 5588 3815 5670">
    <p class='ocr_par' dir='ltr' id='par_1_107' title="bbox 2228 5588 3815 5670">
     <span class='ocr_line' id='line_1_107' title="bbox 2228 5588 3815 5670; baseline -0.007 -16"><span class='ocrx_word' id='word_1_903' title='bbox 2228 5602 2380 5664; x_wconf 84' lang='grc' dir='ltr'><strong>Θεὸς,</strong></span> <span class='ocrx_word' id='word_1_904' title='bbox 2423 5600 2515 5653; x_wconf 70' lang='grc' dir='ltr'><strong>καὶ</strong></span> <span class='ocrx_word' id='word_1_905' title='bbox 2548 5597 2897 5670; x_wconf 83' lang='grc' dir='ltr'><strong>παρενεγκὼν</strong></span> <span class='ocrx_word' id='word_1_906' title='bbox 2920 5598 2996 5659; x_wconf 83' lang='grc' dir='ltr'><strong>είς</strong></span> <span class='ocrx_word' id='word_1_907' title='bbox 3020 5596 3080 5649; x_wconf 76' lang='grc' dir='ltr'><strong>τὸ</strong></span> <span class='ocrx_word' id='word_1_908' title='bbox 3114 5590 3341 5650; x_wconf 76' lang='grc' dir='ltr'><strong>εἶναιτὰ</strong></span> <span class='ocrx_word' id='word_1_909' title='bbox 3366 5595 3467 5647; x_wconf 86' lang='grc' dir='ltr'><strong>οὐκ</strong></span> <span class='ocrx_word' id='word_1_910' title='bbox 3499 5593 3625 5651; x_wconf 72' lang='grc' dir='ltr'><strong>ὄντα</strong></span> <span class='ocrx_word' id='word_1_911' title='bbox 3660 5588 3815 5643; x_wconf 76' lang='grc' dir='ltr'><strong>ποτέ.</strong></span> 
     </span>
    </p>
   </div>
   <div class='ocr_carea' id='block_1_108' title="bbox 1274 5786 2479 5857">
    <p class='ocr_par' dir='ltr' id='par_1_108' title="bbox 1274 5786 2479 5857">
     <span class='ocr_line' id='line_1_108' title="bbox 1274 5786 2479 5857; baseline 0.006 -13"><span class='ocrx_word' id='word_1_912' title='bbox 1274 5794 1315 5825; x_wconf 66' lang='grc' dir='ltr'><strong>τ’</strong></span> <span class='ocrx_word' id='word_1_913' title='bbox 1341 5790 1483 5847; x_wconf 84' lang='lat' dir='ltr'><strong>Psal.</strong></span> <span class='ocrx_word' id='word_1_914' title='bbox 1527 5806 1794 5857; x_wconf 63' lang='lat' dir='ltr'><strong>Luxu&quot;,</strong></span> <span class='ocrx_word' id='word_1_915' title='bbox 1835 5790 1921 5849; x_wconf 77' lang='lat' dir='ltr'><strong>l5.</strong></span> <span class='ocrx_word' id='word_1_916' title='bbox 1996 5790 2039 5820; x_wconf 75' lang='lat'>”</span> <span class='ocrx_word' id='word_1_917' title='bbox 2070 5786 2259 5845; x_wconf 83' lang='lat' dir='ltr'><strong>Matth.</strong></span> <span class='ocrx_word' id='word_1_918' title='bbox 2300 5802 2399 5854; x_wconf 64' lang='lat' dir='ltr'><strong>vn,</strong></span> <span class='ocrx_word' id='word_1_919' title='bbox 2426 5786 2479 5840; x_wconf 77' lang='grc'><strong>6·</strong></span> 
     </span>
    </p>
   </div>
  </div>
