4120 6376
349 342 453 399 2-37

1156 342 1698 403 COMMENTARIUS
1736 344 1801 400 ΙΝ
1841 344 2241 403 ZACHARIAM
2276 348 2712 406 PRUPHETAM.

3476 356 3580 410 358

365 461 575 533 Ἐπειδὴ
599 447 658 514 δέ
684 461 996 531 πεπλάνηκε
1049 463 1147 534 τὴν
1179 466 1270 519 ὑπ’
1310 464 1532 536 οὐρανὸν
1563 467 1592 519 ὀ
1623 466 1720 536 τῆς
1748 468 1915 538 ἁμαρ-

2019 477 2075 522 et
2104 483 2230 523 vere
2263 471 2634 525 universorum
2661 472 2822 536 Deus,
2853 478 2944 541 qui
2981 486 3102 541 quae
3141 472 3430 543 aliquando
3477 489 3583 528 non

348 557 467 620 τίας
499 557 744 629 εὑρετὴς,
774 556 1047 611 τουτέστιν
1100 558 1128 610 ὁ
1180 558 1441 621 Σατανᾶς,
1495 560 1574 621 είς
1600 558 1789 629 ψευδῆ,
1821 560 1916 612 καὶ

351 646 575 717 βέϐηλον
603 646 854 719 λατρείαν
883 650 930 700 οί
956 648 1173 702 δείλαιοι
1227 648 1769 720 παρακεκομίσμεθα,
1824 650 1916 702 καὶ

346 736 686 810 διετελοῦμεν
717 742 774 791 ἐν
827 740 1018 809 κόσμῳ
1045 739 1236 809 τυφλοὶ
1294 742 1388 793 καλ⁵
1439 741 1631 812 μωροὶ,
1695 742 1914 813 κυρίους

346 831 698 903 ὀνομάζοντες
725 834 850 895 τοὺς
874 833 1304 902 πεπλανηκότας,
1330 834 1422 886 καὶ
1460 832 1519 886 τὺ
1542 834 1637 904 τῆς
1667 833 1914 904 θεότητος

344 921 513 994 ὄνομα
541 926 652 985 τοῖς
681 924 1006 996 ἀκαθάρτοις
1034 924 1279 993 δαίμοσιν
1320 926 1737 995 ἐπιφημίζοντες
1766 929 1913 997 ἁμα-

346 1015 473 1079 θῶς.
510 1016 656 1086 Πλὴν
682 1015 1090 1086 παρῳχηκότος,
1122 1014 1213 1067 καὶ
1244 1016 1321 1077 είς
1355 1016 1525 1087 πέραν
1554 1017 1654 1087 ἥδη
1687 1018 1913 1086 ἥκοντος

343 1106 437 1160 τοῦ
460 1107 719 1179 παρόντος
749 1106 959 1171 αἰῶνος,
984 1107 1101 1159 τότε
1130 1107 1215 1178 δὴ,
1239 1109 1357 1161 τότε
1385 1109 1477 1160 καὶ
1496 1107 1911 1178 φρενοϐλαϐείας

343 1197 561 1269 ἁπάσης
581 1198 638 1264 ἐξ
666 1200 697 1269 ἡ
708 1196 822 1267 μῶν
850 1197 1211 1270 ἐξῃρημένης,
1240 1199 1562 1269 τεθειμένων
1592 1199 1646 1252 δὲ
1674 1201 1770 1271 ἤδη
1801 1201 1910 1254 τῶν

340 1288 551 1361 ἐχθρῶν
585 1291 688 1343 ὑπὸ
719 1290 882 1353 πόδας
910 1290 1166 1361 Χριστοῦ,
1209 1290 1408 1361 Κύριος
1440 1285 1518 1354 εἷς
1546 1291 1696 1345 ἔσται
1725 1292 1907 1344 λοιπὸν

342 1383 434 1436 ἐπὶ
461 1384 640 1436 πᾶσαν
670 1381 766 1451 τὴν
798 1382 920 1451 γῆν,
954 1382 1165 1445 οὐδενὸς
1211 1382 1306 1435 ἀπ’
1339 1381 1502 1435 αὑτοῦ
1553 1382 1651 1453 τὴν
1678 1385 1775 1452 τῆς
1808 1400 1893 1436 κυ-

2015 568 2189 621 erant,
2218 569 2475 614 utessent
2500 559 2696 615 eﬁ‘ecit.
2727 564 2827 616 Ast
2853 562 2940 616 ubi
2972 565 3176 632 peccati
3206 565 3457 620 inventor
3479 563 3583 619 Sa-

2018 660 2172 703 tanas
2203 650 2461 705 mundum
2486 654 2718 715 seduxit,
2761 654 2826 706 ad
2851 653 3041 707 falsum
3066 665 3119 708 et
3145 656 3415 725 impurum
3463 657 3581 711 cul-

2016 752 2125 794 tum
2151 741 2389 797 infelices
2410 744 2646 806 deducti,
2677 747 3028 800 manebamus
3059 746 3109 800 in
3142 747 3339 801 mundo
3369 748 3498 801 caeci
3525 759 3581 800 et

2017 835 2169 899 fatui,
2197 836 2444 891 dominos
2475 839 2813 893 nominantes
2855 839 3191 903 seductores,
3240 850 3295 893 et
3325 839 3574 892 divinita-

2016 928 2084 981 tis
2119 943 2311 982 nomen
2366 929 2656 984 immundis
2688 931 3020 984 damonibus
3076 932 3236 984 stulte
3278 930 3578 984 attribuen-

2014 1027 2113 1072 tes.
2142 1019 2404 1074 Caeterum
2450 1022 2540 1075 ubi
2572 1022 2911 1086 prmterierit,
2938 1031 2991 1076 et
3029 1021 3139 1089 jam
3174 1023 3240 1075 ad
3287 1022 3449 1075 linem
3480 1023 3575 1074 de-

2014 1109 2223 1161 venerit
2250 1108 2503 1162 saeculum
2523 1124 2779 1177 praesens,
2804 1119 2948 1173 tunc,
2977 1121 3103 1165 tunc
3132 1113 3278 1166 omni
3310 1114 3577 1167 dementia

2011 1214 2040 1251 a
2077 1200 2231 1253 nobis
2259 1199 2437 1253 ablata
2492 1211 2547 1255 et
2593 1202 2828 1259 inimicis
2867 1204 2967 1258 sub
2986 1204 3147 1272 pedes
3195 1203 3398 1258 Christi
3450 1221 3575 1273 pro-

2010 1289 2215 1354 stratis,
2250 1289 2507 1345 Dominus
2539 1306 2677 1345 unus
2704 1290 2959 1360 deinceps
3003 1293 3106 1346 erit
3159 1307 3322 1362 super
3359 1310 3574 1347 onmem

2012 1388 2233 1445 terram,
2259 1382 2582 1435 dominicam
2615 1383 2843 1451 gloriam
2880 1384 3094 1437 nemine
3138 1383 3215 1437 illi
3269 1383 3570 1439 auferente.

342 1472 587 1543 ριότητος
633 1472 967 1543 ἁρπάζοντος
1000 1471 1176 1537 δόξαν.
1234 1474 1433 1546 Κύριος
1480 1474 1539 1527 δὲ
1583 1475 1677 1527 καί⁵
1707 1476 1906 1546 ἑτέρως

2007 1470 2126 1524 Alia
2176 1485 2389 1540 quoque
2412 1474 2624 1528 ratione
2677 1473 2925 1528 Christus
2958 1474 3063 1527 erit
3107 1490 3246 1529 unus
3293 1475 3574 1539 Dominus,

338 1559 417 1628 εἷς
457 1562 607 1617 ἔσται
628 1565 878 1635 Χριστὸς,
923 1564 1304 1637 ἀπρακτούσης
1340 1566 1436 1635 μὲν
1458 1567 1636 1638 πάσης
1662 1568 1903 1634 ἐπιγείου

2008 1573 2254 1618 cessante
2280 1565 2423 1618 omni
2462 1581 2645 1634 regno,
2680 1576 2896 1621 terreno
2919 1568 3144 1632 scilicet,
3176 1577 3229 1621 et
3250 1568 3321 1621 illi
3350 1568 3446 1622 soli
3474 1572 3571 1621 im-

341 1654 632 1725 βασιλείας,
658 1656 752 1707 καὶ
806 1653 952 1724 αὑτῷ
1001 1654 1065 1724 δὴ
1114 1656 1207 1708 καὶ
1262 1656 1407 1726 μόνῳ
1435 1658 1495 1709 τὸ
1525 1659 1664 1712 κατὰ
1688 1659 1904 1713 πάντων

2007 1655 2157 1722 perio
2190 1655 2354 1709 totius
2401 1660 2582 1710 mundi
2624 1668 2959 1714 consecrato.
3017 1659 3147 1715 Tale
3190 1661 3317 1730 quid
3365 1660 3572 1716 dictum

339 1747 537 1818 κράτος
582 1746 926 1818 ἁνατιθείσης
989 1746 1088 1815 τῆς
1146 1749 1236 1801 ὑπ’
1266 1749 1510 1819 οὐρανόν.
1565 1752 1708 1821 Ἔφη
1762 1752 1820 1806 δέ
1851 1770 1903 1804 τι

2008 1755 2189 1799 exstat
2217 1762 2245 1799 a
2288 1748 2691 1814 sapientissimo
2726 1750 2967 1805 Daniele.
2998 1752 3274 1807 Enarrans
3304 1754 3448 1807 enim
3488 1754 3568 1806 vi—

335 1838 573 1893 τοιοῦτον
602 1840 695 1892 καὶ
719 1840 748 1891 ὁ
773 1839 1079 1908 σοφώτατος
1107 1840 1321 1911 Δανιήλ.
1367 1842 1767 1913 Ἀφηγούμενος
1797 1842 1902 1915 γὰρ

2006 1836 2234 1902 sionem,
2287 1839 2461 1906 inquit
2495 1855 2510 1893 :
2552 1859 2570 1891 ι
2605 1840 3063 1907 Quemadmodum
3123 1843 3325 1909 vidisti,
3366 1847 3571 1910 rex,de

337 1929 461 1994 τοὺς
479 1930 586 1983 τῶν
611 1932 855 2003 ὁράσεων
873 1931 1127 2002 τρόπους,
1151 1933 1333 2003 φησίνο
1365 1951 1383 1984 ι
1414 1934 1508 1986 Ὃν
1538 1935 1736 2004 τρόπον
1765 1930 1905 1998 εἶδες

2009 1933 2188 1979 monte
2227 1926 2523 1981 abscissum
2559 1928 2786 2000 lapidem
2822 1934 2939 1987 sine
2981 1948 3163 1998 manu,
3196 1943 3412 2001 testam,
3458 1935 3567 1988 fer-

334 2022 418 2074 ὅτι
436 2022 543 2077 ἀπὸ
568 2022 724 2093 ὅρους
740 2023 948 2094 ἐτμήθη
975 2022 1121 2085 λίθος
1143 2024 1270 2077 ἄνευ
1308 2025 1510 2096 χειρὸς,
1535 2025 1630 2078 καὶ
1647 2025 1902 2079 ὲλέπτυνε

2008 2030 2146 2079 rum,
2184 2031 2278 2081 aes,
2327 2030 2607 2088 argentum
2658 2030 2709 2076 ct
2757 2038 2946 2076 aurum
2980 2026 3369 2080 comminuere.
3431 2027 3568 2081 Deus

333 2112 426 2167 τὸν
453 2112 737 2185 ὄστρακον,
769 2114 859 2166 τὸν
885 2114 1001 2180 σίδη
1012 2131 1120 2185 ρον,
1148 2114 1238 2168 τὸν
1273 2114 1493 2186 χαλκὸν,
1526 2116 1617 2170 τὸν
1645 2116 1900 2188 ἄργυρον,

2006 2121 2231 2174 magnus
2262 2118 2384 2163 nota
2416 2109 2546 2164 fecit
2582 2112 2692 2183 regi
2748 2128 2866 2181 qua:
2898 2126 3113 2183 oportet
3144 2117 3257 2171 lieri
3287 2128 3408 2185 post
3430 2120 3565 2185 haec,

333 2206 425 2260 τὸν
450 2206 669 2277 χρυσόν.
720 2206 779 2258 '0
808 2205 937 2268 Θεὸς
964 2205 992 2255 ὁ
1023 2207 1194 2274 μέγας
1231 2207 1493 2278 ἐγνώρισε
1531 2206 1609 2278 τῷ
1660 2207 1898 2277 βασιλεῖ,

2002 2208 2056 2251 et
2086 2213 2269 2252 verum
2302 2203 2590 2263 somnium,
2637 2214 2692 2257 et
2726 2203 2901 2260 ﬁdelis
2930 2209 3240 2276 conjectura
3291 2209 3409 2279 ejus
3440 2210 3506 2266 ⁷⁷.
3539 2228 3563 2264 ι

332 2296 369 2350 ἃ
392 2297 472 2352 δεῖ
493 2296 741 2364 γενέσθαι
767 2296 903 2367 μετὰ
932 2296 1123 2359 ταῦτα,
1152 2299 1245 2350 καὶ
1268 2297 1518 2368 ἀληθινὸν
1545 2298 1606 2352 τὸ
1633 2298 1897 2359 ἐνύπνιον,

2003 2287 2186 2356 Itaque
2211 2306 2348 2346 unus
2389 2302 2447 2347 et
2493 2293 2641 2348 solus
2687 2296 2811 2361 erit,
2850 2298 2941 2365 qui
2990 2300 3157 2368 gloria
3195 2316 3289 2355 sua
3327 2314 3563 2358 sanctam

333 2390 430 2440 καὶ
463 2388 627 2457 πιστὴ
658 2389 690 2458 ἡ
720 2387 1002 2459 σύγκρισις
1026 2388 1208 2442 αὑτοῦ.
1233 2408 1251 2441 ι
1286 2388 1492 2443 Οὐκοῦν
1524 2384 1605 2452 εἷς
1626 2389 1776 2443 ἔσται
1808 2389 1901 2443 καὶ

335 2479 515 2547 μόνος,
566 2479 660 2533 καὶ
694 2477 969 2549 πληρώσει
1021 2480 1119 2549 τῆς
1169 2480 1358 2533 ἑαυτοῦ
1392 2480 1549 2551 δόξης
1608 2482 1708 2552 τὴν
1739 2481 1900 2549 ἁγίαν

332 2569 505 2634 πόλιν,
534 2569 777 2639 τουτέστι
832 2570 929 2640 τὴν
962 2570 1154 2641 νοητὴν
1199 2570 1567 2643 Ἰερουσαλὴμ,
1601 2568 1670 2643 ἧς
1719 2572 1778 2625 τὸ
1811 2568 1900 2624 εὖ·

328 2677 423 2733 ,ρος
444 2662 534 2714 καὶ
565 2660 735 2732 μῆκος
760 2661 834 2725 ὡς
862 2663 920 2714 ἐν
943 2660 1096 2732 τύπῳ
1127 2661 1287 2715 πάλιν
1302 2665 1368 2733 τῇ
1392 2663 1619 2733 ἐπιγείῳ
1631 2663 1899 2717 δείκνυσιν

340 2752 707 2823 Ἰερουσαλήμ.
756 2750 1009 2822 Ῥεμμὼν
1039 2752 1096 2805 δὲ
1148 2752 1210 2823 δὴ
1264 2753 1438 2824 πέτρα
1474 2754 1557 2817 τίς
1590 2756 1726 2816 ἐστι,
1759 2754 1899 2809 κατὰ

329 2843 426 2915 τὴν
457 2843 634 2897 νοτίαν
661 2842 882 2913 ἔρημον.
932 2843 1137 2897 Οὐκοῦν
1167 2844 1226 2897 τὸ
1256 2845 1353 2914 μὲν
1385 2840 1541 2915 εὖρος
1560 2845 1661 2915 τῆς
1701 2846 1897 2916 Ἰερου-

332 2934 531 3005 σαλὴμ,
560 2934 667 2988 ἀπὸ
695 2933 843 2988 Fuﬁ
862 2934 964 2998 ἕως
1006 2935 1278 3007 Ῥεμμών.
1323 2938 1593 3008 Ὀρίζεται
1622 2938 1679 2992 δὲ
1721 2939 1814 2991 καὶ
1836 2939 1897 2990 τὸ

331 3025 502 3095 μῆκος
528 3023 669 3077 οὕτω
702 3024 891 3093 λέγων·
945 3044 963 3076 ι
1009 3026 1138 3079 Ἀπὸ
1158 3027 1256 3098 τῆς
1291 3027 1464 3097 πύλης
1487 3029 1738 3099 Βενιαμὶν
1792 3030 1897 3092 ἕως

327 3115 425 3185 τῆς
448 3115 620 3179 πύλης
636 3115 741 3186 ,τῆς
765 3117 982 3186 πρώτης
1011 3119 1114 3182 ἓως
1145 3118 1252 3171 τῶν
1303 3119 1488 3173 πυλῶν
1518 3120 1627 3174 τῶν
1646 3122 1858 3189 γωνιῶν
1876 3163 1891 3187 ,

2001 2380 2277 2436 civitatem
2303 2384 2564 2454 implebit,
2615 2388 2714 2442 hoc
2747 2399 2853 2453 est,
2907 2391 3295 2460 intelligibilem
3340 2393 3564 2450 Jerusa.

2000 2472 2127 2539 lem,
2165 2475 2317 2544 cujus
2349 2476 2680 2533 latitudinem
2708 2489 2764 2533 et
2804 2480 3189 2550 longitudinem
3244 2500 3459 2540 rursum
3506 2497 3566 2540 ut

2002 2564 2053 2618 in
2104 2575 2230 2636 typo
2261 2581 2356 2635 per
2402 2579 2714 2624 terrestrem
2758 2570 3057 2627 Jerusalem
3100 2576 3355 2630 ostendit.
3393 2576 3558 2630 [lem-

2002 2671 2127 2711 mou
2161 2673 2323 2726 porro
2355 2668 2505 2728 petra
2539 2663 2782 2729 qumdam
2815 2664 2978 2718 estin
3003 2666 3290 2721 solitudine
3313 2669 3559 2723 australi.

2000 2746 2166 2814 Igitur
2203 2749 2427 2805 latitudo
2484 2754 2698 2821 quidem
2744 2753 3042 2811 Jerusalem
3100 2773 3131 2812 a
3190 2757 3335 2813 Gaha
3390 2775 3561 2830 usque

2002 2840 2292 2895 Remmon.
2349 2843 2543 2899 Dellnit
2574 2847 2733 2900 etiam
2780 2848 3165 2918 longitudinem
3219 2852 3303 2905 his
3342 2854 3555 2908 verbis:

2005 2948 2024 2981 ι
2059 2934 2100 2986 Α
2128 2944 2279 3002 porta
2306 2932 2581 3004 Beujamiu
2599 2952 2768 3005 usque
2796 2940 2862 2991 ad
2884 2950 3091 3007 portam
3113 2941 3363 3007 primam,
3388 2956 3560 3012 usque

2000 3026 2066 3077 ad
2101 3036 2284 3093 portas
2318 3027 2653 3095 angulorum,
2685 3038 2739 3081 et
2773 3044 2940 3098 usque
2971 3031 3036 3084 ad
3063 3031 3251 3085 turrim
3279 3032 3556 3094 Anameel,

2001 3131 2167 3184 usque
2195 3117 2263 3170 ad
2316 3117 2603 3171 toreularia
2662 3119 2823 3187 regis.
2867 3138 2885 3170 ι
2920 3119 3078 3174 Porta
3125 3131 3303 3175 autem
3362 3124 3557 3192 prima,

327 3205 423 3260 καὶ
451 3206 554 3270 ἕως
590 3205 685 3260 τοῦ
731 3206 938 3276 πύργου
978 3209 1265 3281 Ἀναμεὴλ,
1322 3211 1426 3274 ἓως
1450 3211 1557 3265 τῶν
1592 3212 1893 3284 ὑποληνίων

1998 3215 2049 3259 et
2107 3217 2260 3274 porta
2311 3208 2626 3276 angulorum
2684 3219 2841 3264 erant
2890 3210 3278 3282 Hierosolymis
3328 3214 3407 3268 sic
3458 3229 3558 3279 ap‘

325 3298 420 3351 τοῦ
449 3297 727 3367 βασιλέως.
764 3317 783 3351 ι
818 3299 966 3368 Πύλη
994 3299 1049 3353 δέ
1094 3300 1304 3371 πρώτη,
1337 3302 1430 3354 καὶ
1480 3303 1588 3372 μὴν
1618 3305 1712 3358 καὶ
1749 3303 1890 3374 πύλη

1998 3298 2203 3367 pellatze
2238 3315 2252 3350 :
2285 3299 2452 3352 turris
2473 3306 2589 3352 erat
2617 3298 2876 3352 Anameel
2903 3300 3065 3365 dicta,
3094 3312 3216 3369 post
3244 3318 3403 3369 quam
3446 3313 3560 3357 sta-

324 3390 534 3457 γωνιῶν
593 3388 734 3443 οὕτω
783 3392 928 3454 τινὲς
971 3388 1111 3461 ἦσαν
1168 3392 1309 3445 κατὰ
1349 3392 1700 3464 Ἰερουσαλὴμ
1760 3393 1894 3447 ὠνο-

1998 3392 2089 3445 tim
2105 3389 2469 3459 sequebantur
2488 3392 2774 3445 toreularia
2795 3392 2935 3460 regis
2952 3410 2966 3446 :
2982 3407 3100 3460 qua:
3115 3392 3276 3463 805
3297 3393 3405 3447 loca
3430 3394 3555 3449 Hie-

327 3481 619 3551 μασμέναι·
670 3482 766 3534 καλ¹
804 3481 1008 3553 πύργος
1041 3482 1096 3535 δὲ
1124 3478 1191 3553 ἦν
1230 3484 1498 3553 Ἀναμεὴλ
1527 3484 1890 3555 καλούμενος,

328 3572 444 3642 μεθ’
476 3573 534 3626 ὃν
556 3572 717 3637 εὐθὺς
768 3574 863 3628 καὶ
913 3574 981 3626 τὰ
1014 3573 1274 3644 ύπολήνια
1300 3574 1395 3627 τοῦ
1429 3575 1707 3644 βασιλέως·
1739 3576 1891 3629 τόποι

323 3661 381 3714 δέ
404 3654 548 3715 οὗτοι
580 3662 677 3732 τῆς
740 3662 1091 3733 Ἰερουσαλὴμ
1118 3664 1177 3716 τὸ
1218 3663 1391 3733 μῆκος
1420 3665 1494 3729 ώς
1524 3666 1579 3715 ἐν
1610 3664 1763 3734 τύπῳ
1791 3682 1890 3717 κα-

322 3754 767 3824 τασημαίνοντες.
825 3754 1034 3825 Ὥσπερ
1080 3755 1183 3827 γὰρ
1238 3756 1454 3809 ἐκέλευε
1508 3755 1584 3826 τῷ
1641 3757 1891 3828 μακαρίῳ

324 3849 576 3919 προφήτῃ
616 3847 869 3919 Ἰεζεχιὴλ
898 3848 925 3900 6
954 3848 1061 3901 τῶν
1098 3850 1235 3902 ὅλων
1272 3849 1402 3914 Θεὸς
1433 3851 1756 3920 ἀναμετρεὼ
1791 3866 1887 3902 κα-

322 3937 479 4009 λάμῳ
504 3938 594 3993 τὸν
624 3933 790 4004 οἶκον,
824 3939 946 4010 τῇδέ
1007 3956 1067 3991 τε
1092 3941 1256 3992 νκὰκεῖ
1287 3939 1584 4011 διᾴττοντα,
1616 3939 1891 4008 ὑπεμφαί-

323 4047 448 4095 νων,
474 4032 556 4084 δτι
589 4030 778 4085 πολλαὶ
804 4032 961 4101 μοναὶ
1002 4031 1154 4101 παρὰ
1204 4031 1282 4103 τῷ
1318 4032 1459 4102 Θεῷ,
1508 4030 1679 4101 μυρία
1700 4047 1759 4082 τε
1790 4032 1890 4084 ὅσα

322 4122 429 4175 τῶν
457 4123 627 4191 ἁγίων
677 4122 1086 4195 ἐνδιαιτήματαο
1138 4122 1280 4176 οὓτω
1332 4141 1422 4195 μοι
1471 4127 1698 4183 κάνθάδε
1745 4131 1891 4183 δοκεί

322 4212 410 4266 διὰ
432 4212 608 4267 τόπων
641 4212 1001 4283 ύπεμεραίνειν
1049 4208 1206 4284 εὖρός
1234 4231 1294 4266 τε
1324 4216 1420 4268 καὶ
1448 4219 1641 4287 μῆκος,
1670 4221 1760 4273 καὶ
1793 4239 1889 4274 κα·

319 4304 619 4376 ταγρὰφειν
659 4306 792 4374 ἡμῖν
850 4304 949 4376 τὴν
997 4305 1191 4377 νοητὴν
1224 4307 1595 4379 Ἰερουσαλὴμ,
1646 4312 1886 4365 τουτέστι

1996 3484 2273 3554 rosolyma:
2308 3482 2695 3553 longitudinem
2725 3493 2785 3536 ut
2811 3482 2862 3535 iu
2888 3494 3012 3552 typo
3043 3483 3371 3550 signiﬁcant.
3404 3485 3557 3540 Sicut

1992 3574 2134 3628 enim
2160 3573 2433 3627 mandavit
2451 3574 2607 3627 beato
2634 3572 2905 3643 propheta:
2920 3572 3188 3628 Ezechieli
3206 3572 3251 3604 ⁷⁸
3278 3576 3555 3655 universo-

1993 3680 2109 3718 rum
2136 3664 2275 3718 Deus
2303 3665 2509 3719 calamo
2536 3665 2713 3719 metiri
2766 3666 3002 3730 domum,
3052 3666 3157 3720 huc
3204 3667 3328 3721 illuc
3366 3682 3553 3735 porre-

1991 3763 2157 3819 ctam,
2201 3755 2590 3809 subostendeus
2646 3757 2843 3810 multas
2885 3771 3006 3811 esse
3049 3758 3357 3812 mansiones
3409 3762 3550 3828 apud

1995 3847 2180 3908 Deum,
2212 3856 2266 3900 et
2297 3845 2461 3898 multa
2491 3845 2658 3899 millia
2707 3846 3130 3902 diversoriorum
3180 3864 3277 3918 pro
3308 3850 3509 3904 sanctis
3536 3865 3551 3902 :

1992 3941 2063 3993 ita
2093 3939 2224 3993 mihi
2276 3946 2330 3993 et
2374 3939 2461 3993 hic
2484 3938 2697 3992 videtur
2728 3952 2825 4003 per
2859 3938 3098 3995 locorum
3132 3941 3467 3996 latitudinem
3499 3952 3554 3995 ct

1990 4029 2380 4099 longitudinem
2416 4029 2675 4083 insinuari
2708 4039 2763 4083 et
2796 4030 3031 4085 describi
3053 4032 3205 4086 nobis
3230 4029 3551 4098 Jerusalem,

1988 4137 2147 4192 quam
2198 4123 2405 4177 ratione
2448 4132 2501 4175 et
2550 4122 2875 4191 cogitatione
2919 4122 3445 4190 comprehendimus,
3499 4124 3552 4176 id

1988 4222 2071 4268 est
2097 4213 2390 4268 Ecclesiam
2426 4212 2651 4276 Christi,
2678 4213 2763 4267 cui
2810 4224 2862 4266 et
2894 4213 3108 4267 divinus
3144 4214 3305 4267 Isaias
3349 4215 3551 4268 clama-

1990 4307 2079 4359 hat
2110 4319 2126 4357 :
2157 4324 2177 4355 ι
2211 4304 2381 4358 Dilata
2407 4306 2580 4360 locum
2620 4304 2835 4358 teutorii
2865 4304 2963 4367 tui,
3000 4314 3053 4357 et
3092 4304 3384 4357 aulicorum
3428 4314 3546 4358 tuo-

321 4396 419 4467 τὴν
463 4396 787 4467 Ἐκκλησίαν
828 4395 1086 4466 Χριστοῦ,
1136 4397 1271 4468 πρὸς
1325 4397 1383 4449 ὃν
1431 4400 1576 4452 καὶὸ
1606 4398 1887 4466 θεσπέσιος

1998 4415 2106 4452 rum
2138 4415 2151 4451 :
2183 4399 2306 4467 ﬁge,
2347 4413 2415 4452 ne
2457 4412 2668 4467 pareas,
2708 4397 2967 4465 protende
3023 4395 3289 4451 funiculos
3326 4404 3465 4460 tuos,
3498 4409 3552 4449 et

333 4488 558 4552 Ἡσαΐας
586 4487 868 4557 ἁνεφώνει,
888 4488 1081 4557 λέγων·
1125 4507 1143 4540 ι
1175 4488 1447 4544 Πλὰτυνον
1475 4491 1565 4544 τὸν
1590 4492 1751 4546 τόπον
1785 4493 1885 4564 τῆς

1998 4492 2169 4545 clavos
2214 4488 2455 4545 conferta
2507 4490 2701 4551 adhuc,
2760 4490 2825 4541 ad
2870 4489 3143 4543 dexteram
3194 4498 3247 4542 et
3300 4489 3367 4543 ad
3416 4489 3550 4543 sini-

322 4580 525 4651 σκηνῆς
560 4597 677 4644 σου,
712 4581 805 4633 καὶ
834 4579 940 4632 τῶν
963 4580 1201 4633 αὺλαιῶν
1235 4597 1349 4645 σου,
1378 4581 1564 4651 πῆξον,
1599 4582 1675 4653 μὴ
1697 4586 1880 4656 φείσῃ,
1913 4590 1915 4595 ⁴

1998 4592 2151 4637 stram
2170 4582 2330 4636 dilata
2366 4582 2437 4634 ⁷⁸-
2466 4600 2485 4633 ι
2514 4580 2796 4634 Dilatatam
2817 4596 2947 4650 ergo
2972 4591 3213 4634 sanctam
3251 4579 3551 4643 civitatem,

323 4672 594 4745 μάκρυνον
617 4671 687 4725 τὰ
730 4672 1082 4743 σχοινίσματὰ
1107 4689 1228 4736 σου,
1276 4674 1370 4725 καὶ
1399 4674 1524 4736 τοὺς
1571 4676 1881 4740 πασσάλους

1998 4685 2038 4729 et
2067 4675 2117 4728 in
2151 4674 2535 4744 longitudinem
2560 4674 2906 4742 proportione
2931 4673 3233 4728 latitudinis
3270 4683 3549 4726 extensam

320 4784 414 4821 σου
446 4768 772 4837 κατίσχυσαν
791 4767 892 4830 ἐτι,
923 4768 1003 4830 είς
1030 4766 1097 4820 τὰ
1126 4765 1276 4831 δεξιὰ
1302 4767 1397 4820 καὶ
1420 4768 1497 4829 εἰς
1522 4767 1591 4819 τὰ
1620 4768 1879 4838 ἀριστερὰ

1998 4766 2305 4821 habitabunt
2343 4766 2537 4828 sancti,
2578 4775 2631 4818 et
2664 4780 2767 4817 non
2808 4765 2933 4826 erit,
2973 4765 3170 4834 inquit,
3209 4783 3227 4815 ι
3262 4764 3549 4818 anathema

321 4858 640 4913 ἐκπέτασον.
676 4874 695 4907 ι
724 4855 1196 4927 Κατευρυνθεῖσαν
1230 4854 1295 4924 δὴ
1323 4849 1414 4907 οὖν
1445 4854 1544 4924 τὴν
1579 4855 1738 4921 ἁγίαν
1780 4856 1878 4905 πό-

317 4948 419 5014 λιν,
459 4948 552 5003 καὶ
600 4951 680 5011 εἰς
714 4948 886 5019 μῆκος
939 4948 1001 5001 τὸ
1022 4947 1192 5019 ταύτῃ
1236 4946 1444 5014 πρέπον
1477 4947 1875 5017 ἐκτεινομένην,

320 5038 727 5109 κατοικήσουσιν
755 5039 805 5090 oi
836 5037 1003 5104 ἅγιοι,
1032 5037 1126 5090 καὶ
1155 5036 1254 5088 οὐκ
1274 5034 1445 5097 ἔσται,
1491 5036 1673 5105 φησὶν,
1704 5054 1723 5086 ι
1744 5037 1875 5089 ἁνὰ-

318 5128 458 5199 θεμα
483 5127 584 5195 ἔτι,
605 5148 625 5180 ι
646 5130 909 5194 τουτέστι,
939 5129 1060 5181 κατ’
1088 5127 1276 5181 οὐδένα
1295 5127 1493 5197 τρόπον
1519 5126 1877 5198 ἁλλοτριωθή-

319 5237 469 5274 σεται
501 5219 657 5275 Θεοῦ·
688 5219 911 5291 βεϐαίαν
932 5219 1042 5291 γὰρ
1068 5220 1204 5289 αὐτῇ
1231 5220 1496 5289 χαριεῖται
1524 5216 1622 5288 τὴν
1658 5219 1875 5288 ἀγάπη-

319 5329 423 5376 σιν,
458 5312 553 5367 καὶ
579 5313 678 5367 οὐκ
709 5312 776 5367 ἂν
803 5313 1091 5367 ἐκπέσοιεν
1116 5311 1195 5365 ἐτι
1228 5311 1365 5383 πρὸς
1403 5311 1464 5364 τὸ
1519 5310 1875 5382 προσκρούειν

316 5402 455 5474 Θεῷ,
502 5404 869 5477 ἀνῃρημένης,
921 5404 996 5468 ὼς
1040 5402 1195 5472 ἔφην,
1249 5401 1350 5469 τῆς
1407 5400 1676 5471 ἁμαρτίας
1705 5404 1782 5463 εἰς
1818 5402 1879 5455 τὸ

318 5495 595 5560 παντελὲς,
621 5496 716 5550 καὶ
744 5495 838 5548 τοῦ
878 5494 1227 5567 πειράζοντος
1250 5492 1481 5546 Σατανᾶ.
1506 5492 1581 5546 Οὐ
1596 5492 1704 5562 γὰρ
1727 5492 1878 5545 ἔσται

315 5589 429 5641 ἐκεῖ
448 5588 605 5656 λέων,
626 5588 745 5641 οὐδὲ
771 5588 877 5641 τῶν
909 5586 1111 5658 θηρίων
1138 5586 1243 5639 τῶν
1266 5584 1515 5656 πονηρῶν
1542 5585 1692 5638 οὐδὲν
1716 5586 1774 5638 ού
1803 5585 1878 5656 μὴ

386 5763 430 5795 ’⁷
467 5763 599 5819 Dan.
639 5781 696 5829 ιι,
726 5766 814 5819 45.
890 5766 936 5797 ⁷⁸
977 5766 1171 5820 Ezeeh.
1208 5781 1291 5825 ιι,
1318 5763 1377 5817 6i
1409 5778 1560 5836 seqq.

1984 4856 2216 4925 amplius
2249 4872 2264 4908 :
2303 4873 2323 4905 ι
2358 4855 2460 4909 hoc
2491 4864 2597 4921 est,
2623 4854 2769 4909 nullo
2802 4856 2961 4910 modo
2993 4871 3020 4908 a
3055 4857 3162 4909 Deo
3204 4854 3545 4919 alienahitur,

1984 4947 2229 5003 stabilem
2259 4946 2401 5001 enim
2435 4948 2484 5002 ei
2519 4948 2835 5002 cbarilatem
2874 4948 3147 5017 largietur,
3176 4961 3276 5000 nec
3304 4947 3441 5001 ultra
3469 4949 3550 4999 la-

1986 5042 2179 5093 bentur
2204 5047 2263 5092 ut
2293 5038 2457 5093 Deum
2493 5037 2793 5102 oﬂ'endant,
2836 5047 3076 5108 peccato,
3106 5048 3165 5091 ut
3207 5039 3339 5102 dixi,
3370 5049 3425 5093 et
3453 5037 3549 5091 Sa-

1987 5140 2109 5185 taua
2140 5139 2405 5184 tentatore
2433 5145 2654 5199 prorsus
2679 5129 2930 5184 sublatis.
2973 5128 3087 5182 Non
3132 5129 3275 5183 enim
3320 5131 3425 5182 erit
3476 5128 3547 5181 ibi

1986 5223 2091 5286 leo,
2121 5236 2219 5276 nec
2249 5222 2352 5275 ulla
2394 5221 2658 5274 malarum
2684 5220 2982 5273 bestiarum
3008 5219 3074 5271 ad
3104 5218 3246 5271 illam
3271 5219 3548 5283 ascendet,

1985 5326 2084 5366 nec
2102 5312 2411 5367 invenietur
2433 5312 2525 5366 ibi.
2558 5330 2577 5363 ι
2624 5308 2953 5365 llahitabunt
2981 5311 3122 5363 enim
3140 5309 3490 5363 confidenter.
3525 5328 3546 5360 ι

1984 5404 2246 5469 Quoniam
2275 5414 2454 5459 autem
2484 5404 2749 5458 insertum
2779 5412 2861 5456 est
2894 5420 2907 5455 :
2944 5421 2962 5451 ι
3003 5401 3167 5454 ﬂama
3190 5416 3319 5455 vero
3352 5401 3403 5455 iu
3432 5401 3550 5457 loco

1983 5496 2343 5562 permanebit,
2381 5515 2401 5549 ι
2431 5511 2640 5550 rursum
2693 5494 2825 5551 illud
2881 5493 3111 5548 dicimus
3164 5507 3379 5547 sensum
3423 5507 3543 5549 ver-

1985 5589 2175 5642 borum
2201 5598 2464 5659 quautum
2506 5588 2562 5643 in
2600 5589 2755 5645 nobis
2786 5594 2872 5644 est
2906 5586 3343 5653 interpretantes.
3375 5574 3546 5637 Rama

1634 5766 1679 5797 τ’
1712 5764 1812 5820 lsa.
1837 5777 1944 5831 Liv,
1972 5764 2027 5835 2,
2053 5764 2107 5821 5.
