4120 6376
601 358 711 415 259

1606 353 1664 410 S.
1705 352 1985 411 CYRILLI
2027 349 2494 409 ALEXANDRINI
2534 346 2831 405 ARCHIEP

3747 342 3851 398 260

602 469 914 543 oppidulum
935 478 1038 534 est,
1074 471 1189 527 sive
1219 473 1389 533 vicus,
1426 483 1548 524 sors
1583 469 1967 524 contribulium
2014 468 2162 523 Aser.

2276 464 2451 536 ἀναϐῇ
2476 465 2562 517 ἔπ’
2591 463 2779 533 αὐτὴν,
2810 462 2918 515 οὐδ’
2948 461 3009 514 οὐ
3044 462 3117 532 μὴ
3151 461 3346 532 εὑρεθῇ
3371 462 3503 514 ἐκεῖ.
3534 477 3554 511 t
3580 459 3851 528 Κατοικὴ-

605 562 672 617 Et
698 570 786 617 est
812 561 917 616 alia
952 562 1174 631 insuper
1216 560 1388 615 Rama
1405 559 1970 631 Nephthalimitarum.
2008 558 2177 631 Igitur

602 664 829 711 sanctus
857 655 1114 724 propheta
1147 663 1239 708 aut
1266 653 1457 707 harum
1486 652 1646 706 unius
1677 661 1770 706 aut
1819 650 2041 707 aiterius
2074 650 2177 706 Ra-

599 759 688 799 ma
726 744 993 800 meminit.
1023 742 1113 797 Ait
1144 755 1376 808 namque
1412 758 1426 794 :
1469 758 1488 792 ι
1524 737 1636 794 Vox
1675 740 1729 793 in
1771 738 1939 793 Rama
1990 740 2171 792 audita

596 843 703 902 est,
737 835 1075 899 lamentatio,
1108 842 1159 888 et
1199 832 1379 897 ﬂetus,
1411 841 1467 886 et
1500 831 1754 902 gemitus.
1803 829 2006 884 Rachel
2053 829 2169 899 plo-

597 943 727 984 rans
753 943 919 998 super
951 927 1078 981 ﬁliis
1110 926 1246 990 suis,
1271 934 1329 981 et
1378 924 1546 979 noluit
1576 922 1867 987 consolari,
1897 924 2021 991 quia
2066 938 2169 977 non

600 1028 730 1075 sunt
754 1020 824 1073 “.
863 1019 1010 1073 ιιΙοο
1040 1028 1217 1072 actum
1255 1031 1376 1071 esse
1411 1017 1464 1070 in
1496 1015 1772 1071 Bethleem
1799 1025 2035 1078 constat,
2066 1014 2173 1068 lle-

597 1114 732 1167 rotle
800 1110 1029 1181 jubente
1089 1108 1329 1163 infantes
1379 1108 1432 1161 in
1495 1123 1557 1162 ea
1607 1118 1850 1176 repertos
1895 1106 2067 1161 occidi
2099 1106 2166 1159 εί.

594 1201 764 1256 Rama
796 1216 927 1271 ergo
948 1210 1110 1255 vocat
1129 1197 1460 1265 Jerusalem,
1494 1200 1634 1268 quod
1672 1199 1723 1251 in
1748 1198 1860 1267 ipsa
1884 1197 1994 1265 jam
2013 1208 2167 1266 capta

593 1293 765 1350 multa
800 1294 967 1348 fuerit
1013 1292 1353 1355 lamentatio,
1381 1305 1542 1360 quam
1592 1289 1853 1359 propheta
1898 1285 2169 1342 Jeremias

592 1387 747 1455 quasi
781 1386 1190 1457 Iacrymantem,
1214 1395 1269 1438 et
1293 1398 1458 1451 super
1480 1382 1604 1436 ﬁliis
1624 1383 1850 1455 perditis
1875 1381 2169 1451 ejulantem

593 1478 917 1533 introduxit.
954 1478 1043 1531 Ait
1071 1476 1215 1529 enim
1255 1492 1269 1528 :
1314 1493 1332 1527 ι
1360 1473 1590 1528 Ploraus
1621 1473 1865 1542 plorabat
1901 1473 1953 1526 iu
1990 1482 2163 1535 nocte,

594 1579 651 1624 et
687 1569 947 1640 Iacrymze
978 1567 1095 1635 ejus
1135 1568 1187 1620 in
1230 1566 1469 1621 maxillis
1500 1564 1617 1632 ejus
1647 1565 1713 1617 ⁸².
1748 1584 1767 1617 ι
1800 1564 1868 1619 Ει
1900 1564 2025 1633 quid
2057 1564 2169 1633 plo-

590 1658 791 1715 rabat?
826 1677 845 1710 ι
886 1658 1135 1725 Virgines
1168 1670 1301 1709 mea:
1327 1664 1381 1708 et
1408 1654 1638 1724 juvenes
1684 1654 1790 1707 mei
1821 1652 2072 1705 abierunt
2112 1652 2164 1705 in

592 1752 981 1821 captivitatem,
1021 1748 1072 1802 in
1101 1747 1281 1816 gladio
1306 1756 1361 1799 et
1397 1747 1449 1798 in
1484 1743 1625 1797 fame
1651 1742 1918 1805 occidisti,
1974 1741 2028 1795 in
2079 1742 2168 1794 die

588 1819 685 1899 irae
717 1852 820 1896 tute
843 1841 1061 1906 coxisti,
1088 1855 1191 1893 non
1220 1838 1508 1907 pepercisti
1532 1836 1599 1889 ⁸⁸.
1634 1853 1653 1886 ›
1690 1837 1767 1889 Ac
1787 1835 1829 1888 si
1851 1834 1974 1902 quis
1996 1832 2160 1887 etiam
2197 1819 2238 1872 Β

590 1937 658 1990 de
684 1932 951 2002 spirituali
983 1930 1306 1996 Jerusalem,
1340 1929 1390 1982 id
1422 1938 1528 1992 εει,
1556 1928 1798 1982 Ecclesia
1838 1942 2021 1981 vocem
2057 1926 2165 1979 [la-

588 2040 678 2082 ma
709 2040 854 2079 nunc
885 2025 1113 2091 positam
1145 2038 1268 2077 esse
1298 2021 1551 2086 senserit,
1582 2034 1680 2075 nos
1705 2020 1755 2073 id
1782 2019 1936 2073 valde
1971 2019 2166 2087 proha-

589 2131 733 2172 mus.
772 2116 922 2170 Multi
959 2115 1102 2170 enim
1132 2123 1258 2169 sunt
1294 2112 1486 2168 ﬁentes
1515 2115 1566 2166 iu
1596 2110 1877 2175 Ecclesiis,
1909 2110 2076 2181 806
2111 2120 2166 2165 et

589 2211 773 2266 tristes
801 2207 1097 2265 secundum
1129 2207 1321 2271 Deum,
1345 2221 1464 2274 qua:
1495 2205 1715 2275 quidem
1748 2204 1963 2257 tristitia
2000 2220 2018 2254 ι
2046 2217 2163 2272 ρω-

586 2302 868 2357 niteutiain
906 2300 959 2353 in
990 2299 1222 2353 salutem
1255 2297 1505 2352 stabilem
1542 2305 1801 2365 operatur
1827 2295 1893 2347 “.
1941 2312 1960 2345 ι
1999 2293 2162 2348 Com-

587 2394 809 2449 mendat
861 2393 995 2448 tales
1038 2392 1202 2445 etiam
1233 2391 1352 2461 ipse
1383 2388 1679 2442 Christus:
1717 2404 1736 2437 ι
1778 2385 1928 2439 Beati
1964 2385 2054 2454 qui
2079 2384 2161 2437 lu-

584 2494 735 2556 gent,
758 2484 1012 2554 quoniam
1063 2482 1163 2551 ipsi
1213 2480 1638 2535 consolabuntur
1659 2478 1729 2530 ⁸⁸.
1776 2494 1795 2527 ι
1831 2476 1897 2530 Et
1924 2476 2161 2530 iterum:

591 2595 613 2628 ι
645 2574 795 2631 Beati
836 2575 928 2644 qui
978 2588 1119 2626 nunc
1161 2570 1326 2635 ﬂetis,
1362 2569 1491 2638 quia
1522 2568 1765 2623 ridebitis
1792 2566 1860 2621 “.
1894 2586 1912 2619 ι
1958 2565 2162 2632 Quam-

585 2671 795 2732 obrem,
824 2666 1068 2737 quamvis
1102 2666 1267 2718 lIama
1304 2679 1333 2715 a
1372 2662 1631 2731 prepheta
1659 2660 1872 2714 dicatur
1896 2658 2157 2722 Ecclesia,

583 2762 749 2816 etiam
778 2761 862 2815 sic
895 2756 1308 2813 verisituilitudo
1335 2754 1661 2809 servabitur.
1690 2750 2075 2807 Verumtamen
2106 2750 2160 2804 in

583 2853 703 2906 luco
757 2865 1067 2906 mansuram
1123 2850 1234 2915 ait,
1287 2850 1390 2904 hoe
1426 2860 1543 2912 est,
1591 2861 1697 2900 non
1758 2844 2019 2914 agitatum
2071 2843 2161 2897 iri.

583 2942 828 2998 Firmato
860 2942 1028 3006 enim,
1073 2951 1128 2994 ut
1173 2941 1307 3005 dixi,
1336 2950 1393 2994 et
1448 2936 1741 2994 immobilis
1786 2945 1869 2990 est
1919 2934 2158 2989 Ecclesia

581 3031 809 3089 Christi.

2281 572 2432 609 σουσι
2454 554 2563 625 γὰρ
2585 551 2942 615 πεποιθότως.
2973 569 2992 602 ι
3022 549 3242 621 Ἐπειδὴ
3266 549 3323 602 δὲ
3354 547 3591 602 τέθειται
3623 545 3846 616 μεταξὺ,

2274 666 2301 698 ι(
2353 646 2530 716 Ῥαμά
2548 634 2604 698 δὲ
2640 644 2735 697 ἐπὶ
2759 643 2925 696 τόπου
2956 644 3127 714 μενεῖ,
3158 660 3177 694 s
3236 639 3400 693 πάλιν
3426 638 3602 692 ἐκεῖνό
3629 654 3809 707 φαμεν
3831 681 3847 705 ,

2274 740 2373 802 τὰς
2404 739 2512 792 τῶν
2542 737 2920 809 προκειμένων
2965 735 3195 801 ἐννοίας,
3224 734 3297 796 ὡς
3340 732 3441 796 ἔνι,
3467 730 3847 802 διερμηνεύον-

2272 849 2385 894 τες.
2435 831 2614 901 Ῥαμὰ
2660 830 2885 902 πολίχνη
2914 831 2993 894 τίς
3027 831 3195 892 ἐστιν,
3247 827 3363 898 ἦτοι
3408 824 3597 895 κώμη,
3650 823 3853 894 κλῆρος

2272 924 2329 977 δὲ
2357 926 2469 987 τοῖς
2502 925 2567 977 ἐκ
2600 923 2771 992 φυλῆς
2809 924 2999 993 Ἀσήρ.
3041 923 3150 976 Καὶ
3183 921 3343 992 ἑτέρα
3373 920 3510 991 πρὸς
3539 919 3712 990 ταύτῃ
3741 918 3850 971 τῶν

2271 1017 2335 1067 ἐκ
2361 1013 2532 1083 φυλῆς
2562 1013 2899 1083 Νεφθαλείμ’
2945 1012 3312 1083 διαμέμνηται
3346 1009 3403 1062 δὲ
3430 1009 3523 1063 καὶ
3566 1010 3847 1079 προφήτης

2272 1106 2425 1173 ἅγιος
2455 1106 2488 1177 ἢ
2516 1104 2720 1158 τούτων
2742 1106 2890 1175 μιᾶς,
2912 1105 3079 1176 ὴγουν
3101 1102 3293 1173 ἐτέρας
3323 1102 3519 1171 Ῥαμά.
3542 1100 3689 1171 Ἔφη
3715 1101 3845 1171 γὰρ,

2270 1198 2351 1251 ὅτι
2387 1218 2405 1248 ι
2434 1197 2589 1268 Φωνὴ
2624 1198 2683 1250 ὲν
2709 1195 2889 1267 Ῥαμά
2915 1195 3182 1265 ἠκούσθη,
3218 1194 3415 1266 θρῆνος
3446 1194 3540 1247 καὶ
3570 1191 3849 1262 κλαυθμὸς

2271 1291 2365 1344 καὶ
2395 1291 2624 1362 ὀδυρμὸς
2684 1288 2871 1352 πολύς.
2919 1288 3119 1360 Ῥαχὴλ
3168 1287 3575 1357 ἀποκλαιομένη
3610 1286 3702 1339 ἐπὶ
3734 1287 3848 1347 τοῖς

2271 1383 2408 1444 υίοῖς
2439 1381 2629 1451 αὐτῆς,
2670 1382 2764 1435 καὶ
2805 1381 2903 1434 οὐκ
2939 1381 3096 1451 ὴθελε
3136 1379 3577 1450 παρακληθῆναι,
3615 1378 3696 1431 ὅτι
3747 1377 3848 1431 οὐκ

2271 1473 2397 1527 εἰσί.
2444 1492 2461 1525 ι
2500 1472 2670 1526 Τοῦτο
2690 1472 3007 1544 πεπρᾶχθαι
3036 1472 3214 1543 φαμὲν
3241 1472 3381 1526 κατά
3409 1472 3507 1541 τὴν
3557 1470 3802 1541 Βηθλεὲμ
3826 1507 3845 1537 ,

2282 1565 2521 1639 Ἡρώδου
2540 1568 2967 1637 προστεταχότος
2985 1566 3052 1620 τὰ
3069 1568 3125 1619 ὲν
3146 1568 3283 1638 αὐτῇ
3305 1565 3626 1635 φονεύεσθαι
3646 1564 3842 1637 βρέφη.

2281 1660 2461 1729 Ῥαμὰ
2493 1659 2667 1713 τοίνυν
2696 1659 2949 1729 ὀνομάζει
2979 1659 3079 1730 τὴν
3107 1659 3475 1729 Ἰερουσαλὴμ,
3498 1658 3666 1711 διάτοι
3699 1656 3759 1711 τὸ
3788 1659 3846 1709 ὲν

2269 1753 2408 1821 αὐτῇ
2438 1751 2605 1805 πολὺν
2649 1750 2902 1819 γενέσθαι
2930 1752 3024 1803 ἐπὶ
3081 1753 3147 1821 τῇ
3187 1746 3385 1803 ἁλώσει
3426 1749 3642 1821 θρῆνον·
3670 1751 3846 1803 είσκε-

2267 1843 2461 1914 κόμικε
2485 1842 2592 1912 γὰρ
2628 1841 2797 1911 αὐτὴν
2834 1843 2864 1894 ὁ
2897 1842 3180 1912 προφήτης
3231 1841 3500 1913 Ἱερεμίας
3565 1840 3845 1911 μονονουχὶ

2265 1933 2608 2004 δακρύουσάν
2636 1951 2693 1987 τε
2719 1934 2811 1987 καὶ
2857 1937 2970 1997 τοῖς
3010 1934 3159 1998 ἰδίοις
3214 1932 3550 1987 ἀπολωλόσιν
3605 1932 3846 2002 ἐποιμώ-

2267 2021 2466 2086 ζουσαν
2495 2023 2721 2088 τέκνοις.
2761 2023 2908 2094 Ἔφη
2957 2024 3101 2095 γὰρ,
3147 2026 3229 2078 ὅτι
3282 2043 3300 2075 ι
3340 2024 3616 2077 Κλαίουσα
3660 2022 3843 2076 ἔκλαιε

2269 2118 2444 2179 νυκτὶ,
2471 2116 2565 2170 καὶ
2598 2116 2667 2169 τὰ
2709 2115 2917 2178 δάκρυα
2948 2117 3118 2188 αὐτῆς
3144 2117 3236 2170 ἐπὶ
3288 2116 3399 2170 τῶν
3434 2119 3693 2185 σιαγόνων
3743 2116 3844 2169 αύ-

2267 2212 2384 2281 τῆς.
2422 2230 2440 2261 ι
2472 2211 2585 2263 Καὶ
2646 2209 2730 2275 τίς
2776 2205 2843 2281 ἦν
2885 2211 2914 2262 ὁ
2962 2209 3191 2281 θρῆνος;
3226 2229 3244 2262 ι
3291 2209 3558 2281 Παρθένοι
3588 2226 3712 2281 μου,
3748 2209 3844 2262 καὶ

2264 2301 2535 2355 νεανίσκοι
2560 2317 2664 2371 μου
2695 2299 3070 2372 ἐπορεύθησαν
3116 2302 3172 2353 ὲν
3210 2300 3575 2370 αἰχμαλωσίᾳ,
3604 2302 3660 2352 ἐν
3707 2302 3844 2372 ῥομ-

2264 2391 2421 2461 φαίᾳ,
2458 2391 2552 2445 καὶ
2577 2392 2635 2443 ὲν
2664 2389 2808 2460 λιμῷ
2837 2391 3184 2454 ἀπέκτεινας,
3218 2390 3277 2441 ὲν
3310 2389 3493 2461 ἡμέρᾳ
3544 2388 3713 2457 ὀργῆς
3746 2403 3842 2439 σου

2263 2482 2687 2554 ὲμαγείρευσας,
2722 2483 2822 2535 οὐκ
2871 2482 3093 2551 ἐφείσω.
3139 2501 3157 2533 ι
3198 2481 3261 2534 Εἰ
3293 2481 3349 2533 δὲ
3397 2481 3460 2552 δή
3494 2497 3574 2543 τις
3601 2478 3843 2549 βούλοιτο

2267 2576 2405 2629 κάπὶ
2427 2575 2535 2644 ’τῆς
2589 2575 2784 2646 νοητῆς
2831 2574 3206 2645 Ἰερουσαλὴμ,
3259 2573 3527 2639 τουτέστι,
3574 2571 3676 2641 τῆς
3719 2560 3843 2623 Ἔκ-

2263 2664 2492 2735 κλησίας
2515 2663 2786 2718 τεθεῖσθαι
2837 2666 2938 2736 τὴν
2966 2665 3177 2735 κλῆσιν,
3226 2665 3404 2734 Ῥαμά
3430 2681 3489 2717 τε
3515 2661 3684 2734 αὐτὴν
3707 2660 3844 2715 ὠνο-

2267 2756 2471 2826 μάσθαι
2521 2757 2659 2821 νυνὶ,
2720 2757 2900 2827 φαμὲν
2949 2758 3032 2810 ὅτι
3083 2758 3176 2811 καὶ
3214 2756 3359 2828 μάλα
3421 2754 3596 2827 ὀρθῶς
3633 2754 3840 2821 όλόγος

2263 2848 2398 2918 ἔχει.
2426 2848 2618 2903 Πολλοὶ
2662 2848 2768 2920 γὰρ
2817 2852 2868 2902 οἰ
2916 2850 3194 2914 κλαίοντες
3234 2852 3291 2902 έν
3346 2848 3715 2920 Ἐκκλησίαις,
3747 2855 3841 2902 καί

2262 2941 2363 3009 τὴν
2389 2940 2527 2994 κατὰ
2556 2941 2688 2994 Θεὸν
2735 2941 2948 3011 ἔχοντες
2995 2942 3193 3012 λύπην,
3237 2942 3359 3012 ἥτις
3390 2961 3407 2992 ι
3440 2942 3724 3011 μετάνοιαν
3761 2942 3839 3002 εἰς

2266 3032 2538 3103 σωτηρίαν
2585 3034 3001 3106 ἀμεταμέλητον
3045 3035 3460 3107 κατεργάζεται.
3492 3054 3510 3085 ι
3558 3032 3840 3103 Ἀποδέχε-

581 3143 674 3180 ται
700 3125 829 3189 τοὺς
858 3126 1130 3189 τοιούτους
1161 3126 1255 3178 καὶ⁵
1280 3124 1440 3187 αὐτὸς
1459 3125 1489 3177 ὁ
1511 3122 1767 3194 Χριστὸς,
1791 3120 1935 3175 οὕτω
1962 3120 2156 3189 λέγων’
2205 3141 2222 3173 ι
2259 3125 2537 3180 Μακάριοι
2569 3127 2619 3180 οἱ
2683 3127 3028 3191 πενθοῦντες,
3050 3129 3133 3182 ὅτι
3194 3129 3350 3182 αὐτοὶ
3386 3128 3840 3200 παρακληθήσον-

580 3235 693 3273 ται.
733 3236 752 3267 s
785 3218 893 3271 Καὶ
920 3217 1099 3271 πάλιν·
1136 3235 1155 3268 ι
1186 3217 1462 3288 Μακάριοι
1506 3218 1556 3269 οί
1609 3215 1887 3279 κλαίοντες
1920 3215 2036 3281 νῦν,
2079 3216 2159 3270 ὅτι
2231 3218 2384 3271 αὐτοὶ
2455 3219 2784 3287 γελάσονται.
2819 3240 2837 3272 ι
2886 3221 3095 3275 Οὐκοῦν
3156 3222 3258 3277 κᾶν
3309 3225 3356 3276 εἰ
3404 3223 3614 3291 λέγοιτο
3661 3220 3842 3293 Ῥαμά

578 3312 669 3367 διὰ
699 3312 795 3382 τῆς
822 3309 918 3363 τοῦ
948 3312 1228 3382 προφήτου
1273 3312 1455 3379 φωνῆς
1503 3312 1536 3378 ἡ
1582 3308 1897 3379 Ἐκκλησία,
1940 3311 2156 3380 φορέσει
2196 3314 2291 3366 καὶ
2355 3315 2497 3368 οὕτω
2519 3316 2579 3368 τὸ
2611 3315 2836 3368 πιθανὸν
2888 3317 2917 3369 ό
2971 3316 3145 3384 λόγος.
3180 3317 3325 3387 Πλὴν
3387 3317 3478 3370 ἐπὶ
3504 3318 3667 3371 τόπου
3708 3320 3843 3387 φησὶ

586 3406 761 3475 μενεῖ,
796 3402 1094 3465 τουτέστιν,
1155 3402 1216 3454 οὐ
1242 3401 1653 3471 σαλευθήσεται.
1689 3401 2038 3473 Ἐρήρεισται
2099 3401 2227 3473 γὰρ,
2270 3405 2347 3468 ὡς
2382 3406 2551 3475 ἔφην,
2591 3406 2686 3459 καὶ
2731 3406 2876 3460 ἐστιν
2930 3408 3224 3479 ἀκλόνητος
3266 3410 3301 3479 ὴ
3357 3407 3649 3478 Ἐκκλησία
3704 3407 3839 3478 Χρι-

584 3495 732 3550 στοῦ.

658 3587 821 3644 Vens.
867 3588 952 3643 12.
994 3586 1062 3641 Et
1101 3589 1213 3642 hac
1246 3588 1342 3642 erit
1377 3588 1531 3642 ruina
1566 3603 1669 3659 qua
1702 3587 1953 3656 percutiet
1984 3587 2162 3641 Domi-

2336 3586 2446 3641 Καὶ
2487 3586 2639 3652 αὕτη
2687 3587 2859 3640 ἔσται
2906 3586 2945 3653 ἠ
2995 3584 3241 3651 πτῶσις,
3278 3584 3358 3652 ἦν
3402 3589 3576 3656 attigi-st
3625 3590 3840 3658 Κύριος

585 3697 683 3736 nus
729 3697 903 3735 omnes
947 3684 1198 3749 populos,
1243 3681 1536 3751 quicunque
1580 3680 1936 3734 militaverunt
1978 3690 2163 3733 contra

582 3772 901 3829 Jerusalem.
934 3770 1217 3826 Tabescent
1255 3787 1441 3826 carnes
1476 3787 1680 3836 eorum,
1714 3772 1971 3826 stantium
2007 3786 2164 3840 super

579 3866 736 3931 pedes
772 3879 925 3929 suos,
962 3871 1011 3917 et
1055 3863 1191 3916 oculi
1228 3878 1410 3915 eorum
1450 3862 1677 3931 deﬂuent
1712 3862 1776 3915 de
1811 3862 2160 3932 foraminibus

582 3972 788 4023 eorum,
816 3964 866 4009 et
899 3954 1082 4025 lingua
1113 3969 1293 4008 eorum
1324 3956 1548 4007 tabescet
1580 3954 1634 4007 in
1666 3968 1753 4007 ore
1783 3953 2036 4021 ipsorum.

653 4219 829 4277 CVIII.
872 4237 890 4271 ι
931 4219 1250 4274 Pressuram
1283 4218 1336 4273 in
1370 4219 1475 4274 hoc
1505 4219 1709 4273 mundo
1738 4220 2006 4275 habebitis
2029 4221 2096 4285 "’,
2132 4237 2153 4272 ι

579 4313 634 4367 In
680 4329 740 4367 se
782 4311 1133 4367 credentibus
1170 4310 1423 4365 Christus
1466 4311 1738 4382 praedixit.
1774 4309 2158 4366 Verumtamen

580 4405 649 4457 ad
683 4403 936 4459 ﬁduciam
971 4418 1067 4457 eos
1099 4403 1285 4471 erigit,
1321 4402 1530 4457 utiliter
1558 4403 1894 4472 subjungens
1931 4422 1945 4457 :
1989 4422 2008 4456 σ
2051 4403 2158 4458 Sed

578 4495 865 4559 conﬁdite,
899 4509 1000 4565 ego
1032 4494 1139 4550 vici
1174 4495 1431 4550 mundum
1457 4494 1525 4548 ⁵⁸.
1569 4512 1589 4545 s
1631 4493 1789 4549 Dedit
1818 4497 1963 4548 enim
1999 4496 2158 4550 nobis

583 4606 606 4638 ο
648 4587 865 4642 calcare
905 4601 1069 4656 super
1104 4596 1390 4656 serpentes
1429 4595 1485 4641 et
1524 4588 1872 4655 scorpiones.
1906 4598 1963 4640 et.
1995 4602 2157 4658 supra

576 4692 793 4733 omnem
824 4680 1076 4733 virtutem
1108 4679 1317 4734 inimici
1342 4678 1409 4730 ε’.
1448 4697 1467 4731 ι
1501 4678 1607 4733 Sed
1637 4679 1729 4749 qui
1760 4688 1887 4735 sunt
1915 4680 2156 4747 scorpio-

574 4787 696 4835 nes,
722 4781 778 4824 et
803 4772 1021 4839 qulnam
1045 4772 1364 4840 serpentes?
1391 4770 1527 4825 Num
1551 4771 1803 4825 videlicet
1832 4773 2158 4826 detestanda:

574 4875 631 4915 et
660 4874 902 4917 cruenta:
929 4864 1311 4933 pestiferorum
1340 4866 1675 4931 daemonum,
1701 4874 1755 4918 et
1784 4876 2000 4919 sanctos
2028 4880 2155 4935 per-

2264 3676 2495 3743 πάντας
2543 3677 2689 3741 τοὺς
2741 3677 2930 3741 λαοὺς
2949 3720 2965 3744 ,
3028 3676 3162 3732 ὅσοι
3204 3678 3694 3751 ἐπεστράτευσαν
3736 3683 3839 3736 ἐπὶ

2273 3768 2677 3840 Ἰερουσαλήμ.
2745 3767 3115 3835 Tumidos-tat.
3185 3774 3245 3824 al
3311 3770 3535 3839 σάρκες
3592 3772 3789 3827 αὐτῶν
3819 3813 3835 3836 ,

2261 3862 2607 3929 ἑστηκότων
2632 3860 2832 3914 αὐτῶν
2860 3860 2959 3913 ἐπὶ
2993 3861 3136 3925 τοὺς
3161 3860 3353 3927 πόδας
3398 3862 3613 3928 αὐτῶν,
3647 3865 3744 3918 καί
3782 3869 3837 3920 οι

2270 3952 2565 4023 ὀφθαλμοί
2589 3950 2788 4006 αὐτῶν
2818 3950 3153 4019 ρυήσονται
3181 3952 3248 4005 ἐκ
3284 3952 3401 4005 τῶν
3431 3952 3599 4008 ὀπῶν
3616 3953 3834 4019 αὐτῶν,

2261 4044 2361 4098 καί
2400 4046 2441 4112 ἡ
2480 4043 2731 4114 γλῶσσα
2763 4041 2962 4097 αὐτῶν
3000 4042 3323 4111 τακήσεται
3351 4044 3421 4097 ἐν
3448 4043 3528 4110 τῷ
3583 4046 3832 4115 στόματι

2259 4135 2480 4193 αὐτῶν.

2330 4226 2456 4281 PH’.
2497 4248 2515 4278 ι
2544 4227 2733 4297 Θλίψιν
2763 4227 2912 4292 ἕξετε
2937 4229 2995 4281 ὲν
3039 4227 3116 4299 τῷ
3163 4228 3376 4299 κόσμῳ,
3414 4249 3431 4280 ι
3482 4232 3596 4292 τοῖς
3624 4232 3703 4295 είς
3733 4231 3833 4285 αό-

2259 4321 2350 4374 τὸν
2389 4320 2709 4373 πιστεύσασι
2733 4304 3226 4391 προπεφώνηκενίό
3271 4322 3524 4392 Χριστός.
3565 4321 3714 4394 Πλὴν
3740 4323 3833 4375 εὐ-

2261 4411 2657 4481 θαρσεστέρους
2689 4410 2963 4479 ἀποτελεῖ,
2992 4413 3279 4484 χρησίμως
3307 4413 3565 4481 ὲνεγκών·
3604 4433 3623 4466 ι
3673 4414 3834 4468 Ἀλλά

2260 4505 2529 4575 θαρσεῖτε,
2565 4501 2674 4573 ἐγὼ
2707 4504 2969 4574 νενίκηκα
2997 4505 3089 4558 τὸν
3141 4505 3363 4577 κόσμον.
3401 4526 3420 4558 ι
3482 4507 3693 4561 Δέδωκε
3723 4507 3835 4579 γὰρ

2259 4597 2392 4664 ἡμῖν
2424 4613 2443 4645 ι
2484 4597 2676 4648 πατεῖν
2706 4593 2897 4648 ἐπάνω
2923 4594 3118 4665 ὖφεων,
3145 4597 3239 4649 καὶ
3273 4595 3568 4667 σκορπίων,
3603 4598 3696 4651 καὶ
3740 4598 3832 4650 ἐπὶ

2260 4687 2444 4739 πᾶσαν
2474 4686 2574 4757 τὴν
2600 4685 2830 4757 δύναμιν
2854 4686 2949 4740 τοῦ
2978 4687 3195 4758 ἐχθροῦ.
3246 4708 3266 4740 s
3308 4689 3465 4753 Τίνες
3485 4690 3542 4743 δὲ
3566 4691 3616 4743 oi
3666 4706 3830 4762 σκορ-

2260 4778 2397 4842 πίοι,
2432 4779 2524 4830 καὶ
2556 4777 2700 4840 τίνες
2729 4779 2777 4831 οἱ
2808 4779 2991 4847 δφειςς
3023 4774 3099 4831 ἿΙ
3124 4778 3365 4850 δηλονότι
3390 4782 3458 4833 τὰ
3481 4781 3702 4851 μυσαρά
3735 4767 3832 4833 καὶ

2262 4870 2520 4939 μιαιφόνα
2546 4871 2801 4942 τάγματα
2835 4871 2944 4925 τῶν
2967 4871 3263 4942 ἀλιτηρίων
3289 4872 3581 4942 δαιμόνων,
3609 4873 3704 4925 καὶ
3725 4872 3833 4926 τῶν

574 4955 917 5022 sequentium
957 4954 1242 5020 cohortes,
1279 4972 1401 5025 qua
1433 4957 1599 5011 etiam
1636 4956 1898 5009 ministra:
1934 4954 2151 5009 fuerunt

2265 4961 2555 5014 Ξιωκόντων
2585 4939 2792 5031 ἁγίους,
2849 4962 2898 5015 οἳ
2948 4963 3042 5016 καὶ
3090 4939 3394 5032 γεγόνασιν-
3432 4964 3698 5035 ὑπουργοὶ
3732 4966 3832 5033 τῆς

575 5060 801 5100 summa:
828 5047 1051 5100 insanire
1072 5048 1359 5116 spirituum
1390 5048 1444 5101 in
1473 5048 1573 5102 hoc
1599 5049 1822 5111 mundo,
1846 5047 1938 5115 qui
1964 5056 2020 5101 et
2044 5048 2147 5101 hoc

575 5136 889 5191 universum
938 5137 1311 5203 circumeunt,
1357 5139 1563 5193 sanctis
1610 5138 1960 5191 multiiariain
2013 5138 2146 5193 insi-

575 5228 809 5292 dientes,
833 5229 1080 5295 quamvis
1103 5243 1199 5297 per
1220 5230 1495 5284 Christqu
1520 5229 1860 5297 triumphati,
1883 5231 1974 5299 qui
2000 5230 2147 5284 cruci

576 5333 689 5372 sua:
716 5320 1137 5389 chirographum
1169 5331 1355 5374 contra
1389 5335 1488 5374 nos
1515 5320 1682 5374 afﬁxit
1705 5320 1773 5387 ’°,
1807 5330 1865 5375 ut
1895 5336 1993 5378 nos
2024 5321 2143 5376 illo-

575 5426 697 5465 rum
723 5411 1000 5466 dominatu
1030 5413 1322 5468 liberaret?
1348 5413 1525 5478 Quare
1547 5413 1802 5484 quoniam
1823 5412 2141 5476 Jerusalem.

576 5516 696 5571 qua:
723 5512 808 5557 est
836 5502 1074 5559 Ecclesia
1103 5504 1194 5559 Dei
1224 5505 1456 5560 virentis
1479 5506 1547 5571 ",
1576 5506 1908 5561 conﬁdenter
1934 5508 2145 5561 habita-

2253 5051 2490 5121 ἀκράτου
2526 5052 2721 5121 μανίας
2748 5051 2857 5104 τῶν
2900 5052 2960 5104 ὲν
3019 5052 3209 5123 κόσμῳ
3266 5054 3611 5123 πνευμάτων,
3670 5052 3707 5107 ἃ
3738 5053 3833 5105 καὶ

2253 5141 2370 5195 τόδε
2400 5142 2461 5194 τὸ
2495 5143 2715 5213 σύμπαν
2771 5147 3095 5214 περινοστεῖ,
3141 5144 3495 5217 πολυτρόπως
3524 5149 3636 5205 τοῖς
3659 5146 3833 5215 ἁγίοις

2254 5234 2691 5298 ἐπιϐουλεύοντα,
2720 5235 2896 5288 καίτοι
2920 5237 3394 5308 τεθριαμϐευμένα
3426 5238 3513 5291 διὰ
3571 5237 3827 5306 Χριστοῦ,

2255 5326 2704 5397 πῳσηλώσαντος
2730 5326 2809 5397 τῷ
2855 5328 2969 5398 ἰδίῳ
3022 5327 3240 5400 σταυρῷ
3270 5329 3331 5382 τὸ
3376 5329 3497 5384 καθ’
3525 5329 3680 5401 ἡμῶν
3719 5347 3831 5399 χειο

2253 5421 2546 5489 ρόγραφον,
2566 5419 2653 5471 ἵνα
2668 5419 2764 5489 τῆς
2779 5420 3001 5473 ἐκείνων
3017 5422 3164 5490 ἡμᾶς
3184 5421 3467 5493 ἀπαλλάξῃ
3494 5422 3829 5486 πλεονεξίας,

2251 5509 2461 5565 υύκοῦν
2496 5510 2681 5581 ἐπειδὴ
2708 5515 3050 5582 κατοικήσειν
3082 5512 3185 5583 ἔφη
3226 5514 3561 5578 πεποιθότως
3590 5514 3687 5585 τὴν
3726 5513 3831 5567 Ἱε-

647 5704 692 5778 'f
715 5703 911 5778 Jerem.
940 5708 1194 5772 xxm,l5.
1258 5709 1298 5740 ⁸¹
1332 5708 1515 5761 Matth.
1538 5726 1597 5770 Il,
1627 5709 1816 5764 16-18.
1882 5711 1925 5741 ⁸²
1961 5710 2159 5767 Thrcn.

2265 5713 2298 5765 ί.
2377 5712 2421 5743 ⁸³
2460 5712 2591 5766 Ibid.
2620 5714 2794 5778 i8z'tl,
2820 5716 2910 5770 21.
2988 5718 3032 5748 “
3058 5716 3095 5768 II
3121 5717 3241 5769 Cor.
3276 5732 3347 5770 vn
3395 5717 3479 5771 iO.
3554 5718 3600 5749 ⁸⁸
3632 5715 3827 5771 Matth.

578 5788 629 5840 v,
657 5774 710 5829 5.
785 5777 830 5807 ⁸⁸
865 5775 991 5832 Luc.
1038 5794 1108 5842 γι,
1141 5778 1229 5832 2|.
1308 5779 1348 5812 ⁸⁷
1385 5779 1540 5834 Juau.
1568 5796 1678 5847 xt't,
1710 5782 1798 5837 53.
1877 5782 1918 5813 "
1951 5782 2083 5836 Ibid.

2265 5797 2371 5838 .uc.
2420 5798 2470 5837 ι.
2513 5785 2594 5838 i9.
2672 5774 2717 5816 “
2749 5774 2953 5842 Coloss.
2980 5803 3041 5855 II,
3082 5789 3163 5842 ⁸4.
3244 5793 3285 5819 ³³
3328 5786 3514 5844 ITiut.
3560 5804 3640 5853 III,
3672 5789 3759 5842 15.
