  <div class='ocr_page' id='page_1' title='image "/cluster/home/n/w/nwhite01/storage/ocr_20150623/72/nnc1.0046980300/136.png"; bbox 0 0 4120 6376; ppageno 0'>
   <div class='ocr_carea' id='block_1_1' title="bbox 367 344 1931 429">
    <p class='ocr_par' dir='ltr' id='par_1_1' title="bbox 367 344 1931 409">
     <span class='ocr_line' id='line_1_1' title="bbox 367 344 1931 409; baseline -0.006 0"><span class='ocrx_word' id='word_1_1' title='bbox 367 353 465 409; x_wconf 70' lang='grc'><strong>261</strong></span> <span class='ocrx_word' id='word_1_2' title='bbox 1198 345 1747 405; x_wconf 69' lang='lat' dir='ltr'><strong>COMMENTARIUS</strong></span> <span class='ocrx_word' id='word_1_3' title='bbox 1784 344 1850 401; x_wconf 78' lang='lat' dir='ltr'><strong>IN</strong></span> <span class='ocrx_word' id='word_1_4' title='bbox 1894 345 1931 400; x_wconf 87' lang='grc' dir='ltr'><strong>Ζ</strong></span> 
     </span>
    </p>
   </div>
   <div class='ocr_carea' id='block_1_2' title="bbox 2034 344 3623 429">
    <p class='ocr_par' dir='ltr' id='par_1_2' title="bbox 2034 345 3623 429">
     <span class='ocr_line' id='line_1_2' title="bbox 2034 345 3623 429; baseline 0.004 -27"><span class='ocrx_word' id='word_1_5' title='bbox 2034 345 2296 404; x_wconf 76' lang='lat' dir='ltr'><strong>HARIAM</strong></span> <span class='ocrx_word' id='word_1_6' title='bbox 2336 348 2778 429; x_wconf 60' lang='lat' dir='ltr'><strong>momenti.</strong></span> <span class='ocrx_word' id='word_1_7' title='bbox 3521 354 3623 409; x_wconf 64' lang='lat' dir='ltr'><strong>es:</strong></span> 
     </span>
    </p>
   </div>
   <div class='ocr_carea' id='block_1_3' title="bbox 362 461 1931 544">
    <p class='ocr_par' dir='ltr' id='par_1_3' title="bbox 362 461 1931 544">
     <span class='ocr_line' id='line_1_3' title="bbox 362 461 1931 544; baseline -0.004 -19"><span class='ocrx_word' id='word_1_8' title='bbox 362 468 648 544; x_wconf 82' lang='grc' dir='ltr'>ρουσαλὴμ</span> <span class='ocrx_word' id='word_1_9' title='bbox 674 508 688 533; x_wconf 94' lang='grc'>,</span> <span class='ocrx_word' id='word_1_10' title='bbox 731 468 852 539; x_wconf 77' lang='grc' dir='ltr'>ῆιιις</span> <span class='ocrx_word' id='word_1_11' title='bbox 900 467 1048 522; x_wconf 78' lang='grc' dir='ltr'>ἐστὶν</span> <span class='ocrx_word' id='word_1_12' title='bbox 1098 467 1395 539; x_wconf 76' lang='grc' dir='ltr'><strong>Ἐκκλησία</strong></span> <span class='ocrx_word' id='word_1_13' title='bbox 1430 468 1565 521; x_wconf 82' lang='grc' dir='ltr'><strong>Θεοῦ</strong></span> <span class='ocrx_word' id='word_1_14' title='bbox 1616 465 1837 533; x_wconf 77' lang='grc' dir='ltr'>ζῶντος,</span> <span class='ocrx_word' id='word_1_15' title='bbox 1876 461 1931 537; x_wconf 65' lang='lat' dir='ltr'><strong>ip</strong></span> 
     </span>
    </p>
   </div>
   <div class='ocr_carea' id='block_1_4' title="bbox 2034 461 3624 544">
    <p class='ocr_par' dir='ltr' id='par_1_4' title="bbox 2053 463 3624 544">
     <span class='ocr_line' id='line_1_4' title="bbox 2053 463 3624 544; baseline 0.004 -24"><span class='ocrx_word' id='word_1_16' title='bbox 2053 475 2228 521; x_wconf 87' lang='lat' dir='ltr'><strong>turam</strong></span> <span class='ocrx_word' id='word_1_17' title='bbox 2265 468 2420 532; x_wconf 76' lang='lat' dir='ltr'><strong>dixit,</strong></span> <span class='ocrx_word' id='word_1_18' title='bbox 2458 463 2759 539; x_wconf 65' lang='lat' dir='ltr'><strong>licebalque</strong></span> <span class='ocrx_word' id='word_1_19' title='bbox 2787 469 3147 544; x_wconf 78' lang='lat' dir='ltr'><strong>jure,oplimo</strong></span> <span class='ocrx_word' id='word_1_20' title='bbox 3179 470 3282 526; x_wconf 87' lang='lat' dir='ltr'><strong>hoc</strong></span> <span class='ocrx_word' id='word_1_21' title='bbox 3318 471 3624 527; x_wconf 74' lang='lat' dir='ltr'><strong>confectum</strong></span> 
     </span>
    </p>
   </div>
   <div class='ocr_carea' id='block_1_5' title="bbox 363 558 1931 634">
    <p class='ocr_par' dir='ltr' id='par_1_5' title="bbox 363 558 1931 634">
     <span class='ocr_line' id='line_1_5' title="bbox 363 558 1931 634; baseline -0.002 -18"><span class='ocrx_word' id='word_1_22' title='bbox 363 563 421 617; x_wconf 85' lang='grc' dir='ltr'><strong>δέ</strong></span> <span class='ocrx_word' id='word_1_23' title='bbox 471 562 536 634; x_wconf 80' lang='grc' dir='ltr'>δὴ</span> <span class='ocrx_word' id='word_1_24' title='bbox 585 560 765 622; x_wconf 87' lang='grc' dir='ltr'>τοῦτο,</span> <span class='ocrx_word' id='word_1_25' title='bbox 816 561 911 615; x_wconf 67' lang='grc' dir='ltr'><strong>καὶ</strong></span> <span class='ocrx_word' id='word_1_26' title='bbox 942 561 1095 631; x_wconf 80' lang='grc' dir='ltr'>μάλα</span> <span class='ocrx_word' id='word_1_27' title='bbox 1151 560 1349 633; x_wconf 76' lang='grc' dir='ltr'><strong>ὀρθῶς,</strong></span> <span class='ocrx_word' id='word_1_28' title='bbox 1391 558 1931 630; x_wconf 83' lang='grc' dir='ltr'>ἁποπερανθήσεσθαι</span> 
     </span>
    </p>
   </div>
   <div class='ocr_carea' id='block_1_6' title="bbox 2034 558 3621 634">
    <p class='ocr_par' dir='ltr' id='par_1_6' title="bbox 2047 558 3621 631">
     <span class='ocr_line' id='line_1_6' title="bbox 2047 558 3621 631; baseline 0.004 -19"><span class='ocrx_word' id='word_1_29' title='bbox 2047 558 2112 612; x_wconf 91' lang='lat' dir='ltr'><strong>iri</strong></span> <span class='ocrx_word' id='word_1_30' title='bbox 2148 574 2368 626; x_wconf 84' lang='lat' dir='ltr'><strong>sperare</strong></span> <span class='ocrx_word' id='word_1_31' title='bbox 2397 560 2624 615; x_wconf 74' lang='lat' dir='ltr'><strong>sublatis</strong></span> <span class='ocrx_word' id='word_1_32' title='bbox 2655 562 2919 628; x_wconf 87' lang='lat' dir='ltr'><strong>hostibus,</strong></span> <span class='ocrx_word' id='word_1_33' title='bbox 2946 571 2999 619; x_wconf 85' lang='lat' dir='ltr'><strong>et</strong></span> <span class='ocrx_word' id='word_1_34' title='bbox 3027 563 3233 618; x_wconf 78' lang='lat' dir='ltr'><strong>eversis</strong></span> <span class='ocrx_word' id='word_1_35' title='bbox 3267 562 3336 618; x_wconf 88' lang='lat' dir='ltr'><strong>iis</strong></span> <span class='ocrx_word' id='word_1_36' title='bbox 3369 562 3463 631; x_wconf 87' lang='lat' dir='ltr'><strong>qui</strong></span> <span class='ocrx_word' id='word_1_37' title='bbox 3501 577 3621 618; x_wconf 85' lang='lat' dir='ltr'><strong>eam</strong></span> 
     </span>
    </p>
   </div>
   <div class='ocr_carea' id='block_1_7' title="bbox 366 646 1931 726">
    <p class='ocr_par' dir='ltr' id='par_1_7' title="bbox 366 646 1931 726">
     <span class='ocr_line' id='line_1_7' title="bbox 366 646 1931 726; baseline -0.006 -19"><span class='ocrx_word' id='word_1_38' title='bbox 366 653 668 726; x_wconf 77' lang='grc' dir='ltr'>προσδοκᾷν</span> <span class='ocrx_word' id='word_1_39' title='bbox 705 650 1116 723; x_wconf 74' lang='grc' dir='ltr'><strong>ἀναιρουμένων</strong></span> <span class='ocrx_word' id='word_1_40' title='bbox 1145 649 1379 722; x_wconf 79' lang='grc' dir='ltr'>ἐχθρῶν,</span> <span class='ocrx_word' id='word_1_41' title='bbox 1413 650 1506 701; x_wconf 78' lang='grc' dir='ltr'><strong>καὶ</strong></span> <span class='ocrx_word' id='word_1_42' title='bbox 1538 648 1647 701; x_wconf 85' lang='grc' dir='ltr'>τῶν</span> <span class='ocrx_word' id='word_1_43' title='bbox 1675 646 1931 700; x_wconf 61' lang='grc' dir='ltr'>είωθότωκ</span> 
     </span>
    </p>
   </div>
   <div class='ocr_carea' id='block_1_8' title="bbox 2034 646 3615 726">
    <p class='ocr_par' dir='ltr' id='par_1_8' title="bbox 2046 652 3615 721">
     <span class='ocr_line' id='line_1_8' title="bbox 2046 652 3615 721; baseline 0.005 -18"><span class='ocrx_word' id='word_1_44' title='bbox 2046 652 2294 721; x_wconf 77' lang='lat' dir='ltr'><strong>persequi</strong></span> <span class='ocrx_word' id='word_1_45' title='bbox 2319 662 2737 716; x_wconf 83' lang='lat' dir='ltr'><strong>consueverant,</strong></span> <span class='ocrx_word' id='word_1_46' title='bbox 2760 656 3066 711; x_wconf 82' lang='lat' dir='ltr'><strong>necessario</strong></span> <span class='ocrx_word' id='word_1_47' title='bbox 3088 664 3143 710; x_wconf 93' lang='lat' dir='ltr'><strong>et</strong></span> <span class='ocrx_word' id='word_1_48' title='bbox 3168 656 3283 710; x_wconf 64' lang='lat' dir='ltr'><strong>haec</strong></span> <span class='ocrx_word' id='word_1_49' title='bbox 3306 656 3463 711; x_wconf 83' lang='lat' dir='ltr'><strong>nobis</strong></span> <span class='ocrx_word' id='word_1_50' title='bbox 3486 671 3615 711; x_wconf 88' lang='lat' dir='ltr'><strong>nar-</strong></span> 
     </span>
    </p>
   </div>
   <div class='ocr_carea' id='block_1_9' title="bbox 362 740 1941 815">
    <p class='ocr_par' dir='ltr' id='par_1_9' title="bbox 362 740 1941 815">
     <span class='ocr_line' id='line_1_9' title="bbox 362 740 1941 815; baseline -0.004 -16"><span class='ocrx_word' id='word_1_51' title='bbox 362 746 581 799; x_wconf 84' lang='grc' dir='ltr'>διώκειν</span> <span class='ocrx_word' id='word_1_52' title='bbox 608 743 781 815; x_wconf 78' lang='grc' dir='ltr'>αὐτὴν</span> <span class='ocrx_word' id='word_1_53' title='bbox 812 743 1334 814; x_wconf 83' lang='grc' dir='ltr'>ἀνατετραμμένων,</span> <span class='ocrx_word' id='word_1_54' title='bbox 1378 740 1681 809; x_wconf 78' lang='grc' dir='ltr'>ἀναγκαίαν</span> <span class='ocrx_word' id='word_1_55' title='bbox 1709 741 1941 792; x_wconf 82' lang='grc' dir='ltr'>ποιεῖται</span> 
     </span>
    </p>
   </div>
   <div class='ocr_carea' id='block_1_10' title="bbox 363 832 1937 906">
    <p class='ocr_par' dir='ltr' id='par_1_10' title="bbox 363 832 1937 906">
     <span class='ocr_line' id='line_1_10' title="bbox 363 832 1937 906; baseline -0.006 -13"><span class='ocrx_word' id='word_1_56' title='bbox 363 842 457 893; x_wconf 74' lang='grc' dir='ltr'><strong>καὶ</strong></span> <span class='ocrx_word' id='word_1_57' title='bbox 482 836 687 892; x_wconf 88' lang='grc' dir='ltr'>τούτων</span> <span class='ocrx_word' id='word_1_58' title='bbox 714 838 848 906; x_wconf 82' lang='grc' dir='ltr'>ἡμῖν</span> <span class='ocrx_word' id='word_1_59' title='bbox 875 836 974 906; x_wconf 84' lang='grc' dir='ltr'>τὴν</span> <span class='ocrx_word' id='word_1_60' title='bbox 1028 836 1323 906; x_wconf 72' lang='grc' dir='ltr'><strong>ἀφήγησιν.</strong></span> <span class='ocrx_word' id='word_1_61' title='bbox 1364 854 1382 885; x_wconf 77' lang='grc' dir='ltr'><strong>ι</strong></span> <span class='ocrx_word' id='word_1_62' title='bbox 1411 832 1558 904; x_wconf 79' lang='grc' dir='ltr'>Αὕτη</span> <span class='ocrx_word' id='word_1_63' title='bbox 1618 832 1727 903; x_wconf 88' lang='grc' dir='ltr'><strong>γάρ</strong></span> <span class='ocrx_word' id='word_1_64' title='bbox 1756 834 1937 897; x_wconf 75' lang='grc' dir='ltr'>ἔσται,</span> 
     </span>
    </p>
   </div>
   <div class='ocr_carea' id='block_1_11' title="bbox 362 926 1936 1001">
    <p class='ocr_par' dir='ltr' id='par_1_11' title="bbox 362 926 1936 1001">
     <span class='ocr_line' id='line_1_11' title="bbox 362 926 1936 1001; baseline -0.004 -17"><span class='ocrx_word' id='word_1_65' title='bbox 362 932 544 1001; x_wconf 76' lang='grc' dir='ltr'>φησὶν,</span> <span class='ocrx_word' id='word_1_66' title='bbox 576 930 611 1001; x_wconf 90' lang='grc' dir='ltr'><strong>ή</strong></span> <span class='ocrx_word' id='word_1_67' title='bbox 636 928 864 992; x_wconf 78' lang='grc' dir='ltr'><strong>πτῶσις,</strong></span> <span class='ocrx_word' id='word_1_68' title='bbox 888 929 955 999; x_wconf 82' lang='grc' dir='ltr'>ἢν</span> <span class='ocrx_word' id='word_1_69' title='bbox 976 928 1130 998; x_wconf 76' lang='grc' dir='ltr'>κόψει</span> <span class='ocrx_word' id='word_1_70' title='bbox 1160 928 1361 1001; x_wconf 81' lang='grc' dir='ltr'>Κύριος</span> <span class='ocrx_word' id='word_1_71' title='bbox 1382 928 1589 990; x_wconf 79' lang='grc' dir='ltr'>πάντας</span> <span class='ocrx_word' id='word_1_72' title='bbox 1608 927 1731 990; x_wconf 83' lang='grc' dir='ltr'>τοὺς</span> <span class='ocrx_word' id='word_1_73' title='bbox 1754 926 1936 988; x_wconf 87' lang='grc' dir='ltr'>λαοὺς,</span> 
     </span>
    </p>
   </div>
   <div class='ocr_carea' id='block_1_12' title="bbox 360 1018 1939 1093">
    <p class='ocr_par' dir='ltr' id='par_1_12' title="bbox 360 1018 1939 1093">
     <span class='ocr_line' id='line_1_12' title="bbox 360 1018 1939 1093; baseline -0.006 -14"><span class='ocrx_word' id='word_1_74' title='bbox 360 1024 475 1079; x_wconf 81' lang='grc' dir='ltr'>ὅσοι</span> <span class='ocrx_word' id='word_1_75' title='bbox 502 1022 947 1093; x_wconf 73' lang='grc' dir='ltr'><strong>ἐπεστράτευσαν</strong></span> <span class='ocrx_word' id='word_1_76' title='bbox 969 1022 1063 1073; x_wconf 77' lang='grc' dir='ltr'>ἐπὶ</span> <span class='ocrx_word' id='word_1_77' title='bbox 1107 1018 1482 1092; x_wconf 84' lang='grc' dir='ltr'>Ἰερουσαλήμ·</span> <span class='ocrx_word' id='word_1_78' title='bbox 1514 1020 1570 1072; x_wconf 87' lang='lat' dir='ltr'><strong>al</strong></span> <span class='ocrx_word' id='word_1_79' title='bbox 1604 1018 1806 1089; x_wconf 84' lang='grc' dir='ltr'>σάρκες</span> <span class='ocrx_word' id='word_1_80' title='bbox 1840 1018 1939 1070; x_wconf 86' lang='grc' dir='ltr'>αύ-</span> 
     </span>
    </p>
   </div>
   <div class='ocr_carea' id='block_1_13' title="bbox 357 1109 1934 1185">
    <p class='ocr_par' dir='ltr' id='par_1_13' title="bbox 357 1109 1934 1185">
     <span class='ocr_line' id='line_1_13' title="bbox 357 1109 1934 1185; baseline -0.004 -16"><span class='ocrx_word' id='word_1_81' title='bbox 357 1114 466 1172; x_wconf 82' lang='grc' dir='ltr'>τῶν</span> <span class='ocrx_word' id='word_1_82' title='bbox 482 1115 973 1185; x_wconf 84' lang='grc' dir='ltr'>κατατακήσονται,</span> <span class='ocrx_word' id='word_1_83' title='bbox 991 1113 1351 1185; x_wconf 87' lang='grc' dir='ltr'>ἐκρυήσονται</span> <span class='ocrx_word' id='word_1_84' title='bbox 1378 1113 1436 1166; x_wconf 84' lang='grc' dir='ltr'>δὲ</span> <span class='ocrx_word' id='word_1_85' title='bbox 1464 1112 1557 1165; x_wconf 78' lang='grc' dir='ltr'>καὶ</span> <span class='ocrx_word' id='word_1_86' title='bbox 1582 1114 1630 1165; x_wconf 81' lang='grc' dir='ltr'>οἱ</span> <span class='ocrx_word' id='word_1_87' title='bbox 1648 1109 1934 1181; x_wconf 77' lang='grc' dir='ltr'>ὀφθαλμοὶ,</span> 
     </span>
    </p>
   </div>
   <div class='ocr_carea' id='block_1_14' title="bbox 360 1203 1938 1280">
    <p class='ocr_par' dir='ltr' id='par_1_14' title="bbox 360 1203 1938 1280">
     <span class='ocr_line' id='line_1_14' title="bbox 360 1203 1938 1280; baseline -0.005 -17"><span class='ocrx_word' id='word_1_88' title='bbox 360 1208 765 1280; x_wconf 80' lang='grc' dir='ltr'>συντηκομένης</span> <span class='ocrx_word' id='word_1_89' title='bbox 819 1208 914 1261; x_wconf 77' lang='grc' dir='ltr'><strong>καὶ</strong></span> <span class='ocrx_word' id='word_1_90' title='bbox 976 1205 1246 1277; x_wconf 88' lang='grc' dir='ltr'>γλώττης.</span> <span class='ocrx_word' id='word_1_91' title='bbox 1290 1225 1309 1257; x_wconf 87' lang='lat' dir='ltr'><strong>s</strong></span> <span class='ocrx_word' id='word_1_92' title='bbox 1358 1204 1416 1257; x_wconf 84' lang='grc' dir='ltr'><strong>ὐ</strong></span> <span class='ocrx_word' id='word_1_93' title='bbox 1474 1203 1573 1277; x_wconf 81' lang='grc' dir='ltr'>μὲν</span> <span class='ocrx_word' id='word_1_94' title='bbox 1602 1204 1711 1276; x_wconf 80' lang='grc' dir='ltr'>γὰρ</span> <span class='ocrx_word' id='word_1_95' title='bbox 1760 1203 1938 1267; x_wconf 85' lang='grc' dir='ltr'>κοινὸς</span> 
     </span>
    </p>
   </div>
   <div class='ocr_carea' id='block_1_15' title="bbox 356 1294 1938 1368">
    <p class='ocr_par' dir='ltr' id='par_1_15' title="bbox 356 1294 1938 1368">
     <span class='ocr_line' id='line_1_15' title="bbox 356 1294 1938 1368; baseline -0.004 -15"><span class='ocrx_word' id='word_1_96' title='bbox 356 1294 534 1365; x_wconf 77' lang='grc' dir='ltr'>οὗτος,</span> <span class='ocrx_word' id='word_1_97' title='bbox 568 1299 663 1353; x_wconf 79' lang='grc' dir='ltr'>καὶ</span> <span class='ocrx_word' id='word_1_98' title='bbox 714 1299 779 1352; x_wconf 83' lang='grc' dir='ltr'><strong>ἐκ</strong></span> <span class='ocrx_word' id='word_1_99' title='bbox 830 1297 929 1368; x_wconf 82' lang='grc' dir='ltr'>τῆς</span> <span class='ocrx_word' id='word_1_100' title='bbox 978 1296 1192 1367; x_wconf 80' lang='grc' dir='ltr'>φύσεως</span> <span class='ocrx_word' id='word_1_101' title='bbox 1234 1296 1462 1359; x_wconf 85' lang='grc' dir='ltr'>θάνατος</span> <span class='ocrx_word' id='word_1_102' title='bbox 1514 1297 1671 1368; x_wconf 87' lang='grc' dir='ltr'>τήκει</span> <span class='ocrx_word' id='word_1_103' title='bbox 1702 1295 1801 1366; x_wconf 85' lang='grc' dir='ltr'>μὲν</span> <span class='ocrx_word' id='word_1_104' title='bbox 1836 1294 1938 1358; x_wconf 90' lang='grc' dir='ltr'><strong>τάς</strong></span> 
     </span>
    </p>
   </div>
   <div class='ocr_carea' id='block_1_16' title="bbox 355 1386 1937 1461">
    <p class='ocr_par' dir='ltr' id='par_1_16' title="bbox 355 1386 1937 1461">
     <span class='ocr_line' id='line_1_16' title="bbox 355 1386 1937 1461; baseline -0.003 -17"><span class='ocrx_word' id='word_1_105' title='bbox 355 1391 619 1446; x_wconf 79' lang='grc' dir='ltr'>ἁπάντων</span> <span class='ocrx_word' id='word_1_106' title='bbox 673 1390 902 1461; x_wconf 88' lang='grc' dir='ltr'>σάρκας,</span> <span class='ocrx_word' id='word_1_107' title='bbox 969 1389 1064 1443; x_wconf 78' lang='grc' dir='ltr'>καὶ</span> <span class='ocrx_word' id='word_1_108' title='bbox 1112 1388 1397 1458; x_wconf 74' lang='grc' dir='ltr'>ἀποκείρει</span> <span class='ocrx_word' id='word_1_109' title='bbox 1450 1386 1783 1457; x_wconf 72' lang='grc' dir='ltr'>ὀφθαλμοὺς,</span> <span class='ocrx_word' id='word_1_110' title='bbox 1842 1387 1937 1440; x_wconf 77' lang='grc' dir='ltr'><strong>καὶ</strong></span> 
     </span>
    </p>
   </div>
   <div class='ocr_carea' id='block_1_17' title="bbox 356 1477 1935 1553">
    <p class='ocr_par' dir='ltr' id='par_1_17' title="bbox 356 1477 1935 1553">
     <span class='ocr_line' id='line_1_17' title="bbox 356 1477 1935 1553; baseline -0.003 -18"><span class='ocrx_word' id='word_1_111' title='bbox 356 1481 625 1551; x_wconf 66' lang='grc' dir='ltr'>γλώσσας</span> <span class='ocrx_word' id='word_1_112' title='bbox 674 1482 955 1535; x_wconf 88' lang='grc' dir='ltr'>πάνδεινον</span> <span class='ocrx_word' id='word_1_113' title='bbox 987 1480 1065 1545; x_wconf 84' lang='grc' dir='ltr'>δὲ,</span> <span class='ocrx_word' id='word_1_114' title='bbox 1124 1481 1218 1535; x_wconf 65' lang='grc' dir='ltr'><strong>κα)⁸</strong></span> <span class='ocrx_word' id='word_1_115' title='bbox 1244 1480 1340 1553; x_wconf 85' lang='grc' dir='ltr'><strong>τῆς</strong></span> <span class='ocrx_word' id='word_1_116' title='bbox 1370 1481 1451 1542; x_wconf 87' lang='grc' dir='ltr'><strong>είς</strong></span> <span class='ocrx_word' id='word_1_117' title='bbox 1483 1479 1635 1549; x_wconf 76' lang='grc' dir='ltr'>λῆξιν</span> <span class='ocrx_word' id='word_1_118' title='bbox 1694 1477 1935 1549; x_wconf 78' lang='grc' dir='ltr'>ἡκούσης</span> 
     </span>
    </p>
   </div>
   <div class='ocr_carea' id='block_1_18' title="bbox 356 1570 1934 1645">
    <p class='ocr_par' dir='ltr' id='par_1_18' title="bbox 356 1570 1934 1645">
     <span class='ocr_line' id='line_1_18' title="bbox 356 1570 1934 1645; baseline -0.003 -18"><span class='ocrx_word' id='word_1_119' title='bbox 356 1575 642 1645; x_wconf 79' lang='grc' dir='ltr'>συμφορᾶς</span> <span class='ocrx_word' id='word_1_120' title='bbox 693 1573 779 1645; x_wconf 69' lang='grc' dir='ltr'>εἴη</span> <span class='ocrx_word' id='word_1_121' title='bbox 836 1572 902 1626; x_wconf 84' lang='grc' dir='ltr'><strong>ἂν</strong></span> <span class='ocrx_word' id='word_1_122' title='bbox 930 1572 1155 1635; x_wconf 72' lang='grc' dir='ltr'>εἰκότως</span> <span class='ocrx_word' id='word_1_123' title='bbox 1192 1571 1254 1625; x_wconf 83' lang='grc' dir='ltr'><strong>τὸ</strong></span> <span class='ocrx_word' id='word_1_124' title='bbox 1280 1570 1521 1637; x_wconf 82' lang='grc' dir='ltr'><strong>ζώντων,</strong></span> <span class='ocrx_word' id='word_1_125' title='bbox 1548 1570 1642 1624; x_wconf 80' lang='grc' dir='ltr'><strong>καὶ</strong></span> <span class='ocrx_word' id='word_1_126' title='bbox 1684 1570 1934 1624; x_wconf 81' lang='grc' dir='ltr'>ἑστώτων</span> 
     </span>
    </p>
   </div>
   <div class='ocr_carea' id='block_1_19' title="bbox 356 1662 1931 1735">
    <p class='ocr_par' dir='ltr' id='par_1_19' title="bbox 356 1662 1931 1735">
     <span class='ocr_line' id='line_1_19' title="bbox 356 1662 1931 1735; baseline 0 -18"><span class='ocrx_word' id='word_1_127' title='bbox 356 1662 435 1717; x_wconf 62' lang='grc' dir='ltr'>ἔτι</span> <span class='ocrx_word' id='word_1_128' title='bbox 468 1663 699 1733; x_wconf 81' lang='grc' dir='ltr'>τακῆναι</span> <span class='ocrx_word' id='word_1_129' title='bbox 738 1664 836 1734; x_wconf 82' lang='grc' dir='ltr'>μὲν</span> <span class='ocrx_word' id='word_1_130' title='bbox 873 1664 1102 1735; x_wconf 81' lang='grc' dir='ltr'>σάρκας,</span> <span class='ocrx_word' id='word_1_131' title='bbox 1150 1664 1242 1717; x_wconf 71' lang='grc' dir='ltr'><strong>καὶ</strong></span> <span class='ocrx_word' id='word_1_132' title='bbox 1264 1664 1524 1734; x_wconf 72' lang='grc' dir='ltr'>ἀπορρεῖν</span> <span class='ocrx_word' id='word_1_133' title='bbox 1579 1662 1892 1733; x_wconf 80' lang='grc' dir='ltr'>ὀφθαλμοὺς</span> <span class='ocrx_word' id='word_1_134' title='bbox 1916 1703 1931 1728; x_wconf 92' lang='grc'><strong>,</strong></span> 
     </span>
    </p>
   </div>
   <div class='ocr_carea' id='block_1_20' title="bbox 356 1752 1931 1826">
    <p class='ocr_par' dir='ltr' id='par_1_20' title="bbox 356 1752 1931 1826">
     <span class='ocr_line' id='line_1_20' title="bbox 356 1752 1931 1826; baseline -0.001 -17"><span class='ocrx_word' id='word_1_135' title='bbox 356 1754 675 1821; x_wconf 80' lang='grc' dir='ltr'>κολάζεσθαι</span> <span class='ocrx_word' id='word_1_136' title='bbox 694 1756 751 1809; x_wconf 83' lang='grc' dir='ltr'>δὲ</span> <span class='ocrx_word' id='word_1_137' title='bbox 772 1755 865 1809; x_wconf 74' lang='grc' dir='ltr'>καὶ</span> <span class='ocrx_word' id='word_1_138' title='bbox 885 1754 1148 1824; x_wconf 87' lang='grc' dir='ltr'>γλώττας.</span> <span class='ocrx_word' id='word_1_139' title='bbox 1169 1752 1241 1808; x_wconf 82' lang='grc' dir='ltr'><strong>Εὖ</strong></span> <span class='ocrx_word' id='word_1_140' title='bbox 1258 1755 1315 1808; x_wconf 87' lang='grc' dir='ltr'>δὲ</span> <span class='ocrx_word' id='word_1_141' title='bbox 1336 1754 1401 1825; x_wconf 86' lang='grc' dir='ltr'>δὴ</span> <span class='ocrx_word' id='word_1_142' title='bbox 1431 1755 1636 1826; x_wconf 84' lang='grc' dir='ltr'>σφόδρα</span> <span class='ocrx_word' id='word_1_143' title='bbox 1656 1755 1725 1808; x_wconf 85' lang='grc' dir='ltr'>τὰ</span> <span class='ocrx_word' id='word_1_144' title='bbox 1754 1755 1931 1808; x_wconf 84' lang='grc' dir='ltr'>τοιάδε</span> 
     </span>
    </p>
   </div>
   <div class='ocr_carea' id='block_1_21' title="bbox 357 1828 2007 1921">
    <p class='ocr_par' dir='ltr' id='par_1_21' title="bbox 357 1828 2007 1921">
     <span class='ocr_line' id='line_1_21' title="bbox 357 1828 2007 1921; baseline -0.001 -20"><span class='ocrx_word' id='word_1_145' title='bbox 357 1847 730 1921; x_wconf 78' lang='grc' dir='ltr'>συμϐήσεσθαι</span> <span class='ocrx_word' id='word_1_146' title='bbox 760 1865 892 1918; x_wconf 87' lang='grc' dir='ltr'>φησι</span> <span class='ocrx_word' id='word_1_147' title='bbox 918 1851 1029 1911; x_wconf 83' lang='grc' dir='ltr'>τοῖς</span> <span class='ocrx_word' id='word_1_148' title='bbox 1059 1847 1288 1918; x_wconf 77' lang='grc' dir='ltr'>Θεομισῆ</span> <span class='ocrx_word' id='word_1_149' title='bbox 1322 1847 1417 1901; x_wconf 67' lang='grc' dir='ltr'><strong>καὶ¹</strong></span> <span class='ocrx_word' id='word_1_150' title='bbox 1443 1848 1717 1918; x_wconf 85' lang='grc' dir='ltr'>ἐπάρατον</span> <span class='ocrx_word' id='word_1_151' title='bbox 1735 1848 1930 1917; x_wconf 84' lang='grc' dir='ltr'>ἐπιτη-</span> <span class='ocrx_word' id='word_1_152' title='bbox 1962 1828 2007 1884; x_wconf 77' lang='grc' dir='ltr'><strong><em>Β</em></strong></span> 
     </span>
    </p>
   </div>
   <div class='ocr_carea' id='block_1_22' title="bbox 356 1936 1933 2011">
    <p class='ocr_par' dir='ltr' id='par_1_22' title="bbox 356 1936 1933 2011">
     <span class='ocr_line' id='line_1_22' title="bbox 356 1936 1933 2011; baseline -0.001 -19"><span class='ocrx_word' id='word_1_153' title='bbox 356 1938 575 1994; x_wconf 82' lang='grc' dir='ltr'>δεύσασι</span> <span class='ocrx_word' id='word_1_154' title='bbox 602 1938 769 2010; x_wconf 76' lang='grc' dir='ltr'>ζωήν.</span> <span class='ocrx_word' id='word_1_155' title='bbox 810 1938 1324 2011; x_wconf 83' lang='grc' dir='ltr'>Είσπραχθήσονται</span> <span class='ocrx_word' id='word_1_156' title='bbox 1346 1936 1453 2009; x_wconf 86' lang='grc' dir='ltr'><strong>γάρ</strong></span> <span class='ocrx_word' id='word_1_157' title='bbox 1475 1938 1647 2002; x_wconf 84' lang='grc' dir='ltr'>δίκας,</span> <span class='ocrx_word' id='word_1_158' title='bbox 1671 1938 1768 2008; x_wconf 80' lang='grc' dir='ltr'><strong>οὐχ</strong></span> <span class='ocrx_word' id='word_1_159' title='bbox 1790 1938 1933 2009; x_wconf 82' lang='grc' dir='ltr'>ὑπέρ</span> 
     </span>
    </p>
   </div>
   <div class='ocr_carea' id='block_1_23' title="bbox 356 2029 1929 2101">
    <p class='ocr_par' dir='ltr' id='par_1_23' title="bbox 356 2029 1929 2101">
     <span class='ocr_line' id='line_1_23' title="bbox 356 2029 1929 2101; baseline -0.003 -16"><span class='ocrx_word' id='word_1_160' title='bbox 356 2046 421 2098; x_wconf 82' lang='grc' dir='ltr'><strong>γε</strong></span> <span class='ocrx_word' id='word_1_161' title='bbox 459 2030 617 2101; x_wconf 86' lang='grc' dir='ltr'>μόνον</span> <span class='ocrx_word' id='word_1_162' title='bbox 645 2030 756 2084; x_wconf 81' lang='grc' dir='ltr'><strong>τῶν</strong></span> <span class='ocrx_word' id='word_1_163' title='bbox 788 2032 867 2093; x_wconf 85' lang='grc' dir='ltr'><strong>είς</strong></span> <span class='ocrx_word' id='word_1_164' title='bbox 889 2030 1079 2099; x_wconf 81' lang='grc' dir='ltr'>ἁγίους</span> <span class='ocrx_word' id='word_1_165' title='bbox 1110 2030 1293 2093; x_wconf 80' lang='grc' dir='ltr'>αὐτοῖς</span> <span class='ocrx_word' id='word_1_166' title='bbox 1342 2029 1894 2100; x_wconf 84' lang='grc' dir='ltr'>πεπλημμελημένων</span> <span class='ocrx_word' id='word_1_167' title='bbox 1913 2047 1929 2061; x_wconf 76' lang='grc' dir='ltr'><strong>ο</strong></span> 
     </span>
    </p>
   </div>
   <div class='ocr_carea' id='block_1_24' title="bbox 355 2116 1934 2194">
    <p class='ocr_par' dir='ltr' id='par_1_24' title="bbox 355 2116 1934 2194">
     <span class='ocr_line' id='line_1_24' title="bbox 355 2116 1934 2194; baseline -0.001 -20"><span class='ocrx_word' id='word_1_168' title='bbox 355 2120 493 2175; x_wconf 86' lang='grc' dir='ltr'><strong>ἀλλά</strong></span> <span class='ocrx_word' id='word_1_169' title='bbox 518 2121 614 2175; x_wconf 76' lang='grc' dir='ltr'>καὶ</span> <span class='ocrx_word' id='word_1_170' title='bbox 642 2120 784 2192; x_wconf 81' lang='grc' dir='ltr'>ὑπὲρ</span> <span class='ocrx_word' id='word_1_171' title='bbox 809 2116 875 2194; x_wconf 83' lang='grc' dir='ltr'>ἧς</span> <span class='ocrx_word' id='word_1_172' title='bbox 911 2121 1209 2192; x_wconf 79' lang='grc' dir='ltr'>ἐσχήκασιν</span> <span class='ocrx_word' id='word_1_173' title='bbox 1261 2123 1319 2173; x_wconf 85' lang='grc' dir='ltr'><strong>ἐν</strong></span> <span class='ocrx_word' id='word_1_174' title='bbox 1370 2119 1504 2191; x_wconf 81' lang='grc' dir='ltr'>τῷδε</span> <span class='ocrx_word' id='word_1_175' title='bbox 1529 2119 1605 2191; x_wconf 81' lang='grc' dir='ltr'>τῷ</span> <span class='ocrx_word' id='word_1_176' title='bbox 1628 2121 1818 2193; x_wconf 84' lang='grc' dir='ltr'>κόσμῳ</span> <span class='ocrx_word' id='word_1_177' title='bbox 1850 2138 1934 2191; x_wconf 83' lang='grc' dir='ltr'><strong>φι-</strong></span> 
     </span>
    </p>
   </div>
   <div class='ocr_carea' id='block_1_25' title="bbox 354 2211 1933 2285">
    <p class='ocr_par' dir='ltr' id='par_1_25' title="bbox 354 2211 1933 2285">
     <span class='ocr_line' id='line_1_25' title="bbox 354 2211 1933 2285; baseline 0.001 -21"><span class='ocrx_word' id='word_1_178' title='bbox 354 2211 668 2284; x_wconf 86' lang='grc' dir='ltr'>λοσαρκίας·</span> <span class='ocrx_word' id='word_1_179' title='bbox 698 2213 732 2285; x_wconf 81' lang='grc' dir='ltr'><strong>ἥ</strong></span> <span class='ocrx_word' id='word_1_180' title='bbox 757 2212 851 2266; x_wconf 77' lang='grc' dir='ltr'><strong>καὶ</strong></span> <span class='ocrx_word' id='word_1_181' title='bbox 874 2212 1094 2281; x_wconf 88' lang='grc' dir='ltr'>γέγονεν</span> <span class='ocrx_word' id='word_1_182' title='bbox 1112 2213 1296 2276; x_wconf 85' lang='grc' dir='ltr'>αὐτοῖς</span> <span class='ocrx_word' id='word_1_183' title='bbox 1326 2213 1473 2266; x_wconf 81' lang='grc' dir='ltr'>αἰτία</span> <span class='ocrx_word' id='word_1_184' title='bbox 1490 2212 1582 2266; x_wconf 91' lang='grc' dir='ltr'><strong>τοῦ</strong></span> <span class='ocrx_word' id='word_1_185' title='bbox 1608 2214 1743 2285; x_wconf 86' lang='grc' dir='ltr'>μήτε</span> <span class='ocrx_word' id='word_1_186' title='bbox 1769 2229 1933 2283; x_wconf 89' lang='grc' dir='ltr'>προσ-</span> 
     </span>
    </p>
   </div>
   <div class='ocr_carea' id='block_1_26' title="bbox 354 2301 1927 2374">
    <p class='ocr_par' dir='ltr' id='par_1_26' title="bbox 354 2301 1927 2374">
     <span class='ocr_line' id='line_1_26' title="bbox 354 2301 1927 2374; baseline 0.004 -22"><span class='ocrx_word' id='word_1_187' title='bbox 354 2303 593 2371; x_wconf 78' lang='grc' dir='ltr'>ήκασθαι</span> <span class='ocrx_word' id='word_1_188' title='bbox 622 2301 718 2373; x_wconf 84' lang='grc' dir='ltr'>τὴν</span> <span class='ocrx_word' id='word_1_189' title='bbox 746 2303 950 2367; x_wconf 86' lang='grc' dir='ltr'>πίστιν,</span> <span class='ocrx_word' id='word_1_190' title='bbox 994 2303 1131 2373; x_wconf 85' lang='grc' dir='ltr'>μήτε</span> <span class='ocrx_word' id='word_1_191' title='bbox 1164 2302 1270 2374; x_wconf 79' lang='grc' dir='ltr'>μὴν</span> <span class='ocrx_word' id='word_1_192' title='bbox 1296 2301 1511 2356; x_wconf 77' lang='grc' dir='ltr'>ἑλέσθαι</span> <span class='ocrx_word' id='word_1_193' title='bbox 1543 2303 1643 2374; x_wconf 80' lang='grc' dir='ltr'><strong>ζῇν</strong></span> <span class='ocrx_word' id='word_1_194' title='bbox 1669 2303 1927 2369; x_wconf 75' lang='grc' dir='ltr'>εὐσεϐῶς,</span> 
     </span>
    </p>
   </div>
   <div class='ocr_carea' id='block_1_27' title="bbox 354 2390 1927 2464">
    <p class='ocr_par' dir='ltr' id='par_1_27' title="bbox 354 2390 1927 2464">
     <span class='ocr_line' id='line_1_27' title="bbox 354 2390 1927 2464; baseline 0.001 -19"><span class='ocrx_word' id='word_1_195' title='bbox 354 2391 571 2462; x_wconf 78' lang='grc' dir='ltr'>καὶτῆς</span> <span class='ocrx_word' id='word_1_196' title='bbox 602 2394 659 2446; x_wconf 85' lang='grc' dir='ltr'><strong>ἐν</strong></span> <span class='ocrx_word' id='word_1_197' title='bbox 688 2390 909 2463; x_wconf 80' lang='grc' dir='ltr'>Χριστῷ</span> <span class='ocrx_word' id='word_1_198' title='bbox 961 2391 1236 2457; x_wconf 78' lang='grc' dir='ltr'>πολιτείας</span> <span class='ocrx_word' id='word_1_199' title='bbox 1292 2392 1577 2463; x_wconf 83' lang='grc' dir='ltr'>ἀγαπῆσαι</span> <span class='ocrx_word' id='word_1_200' title='bbox 1607 2391 1705 2464; x_wconf 84' lang='grc' dir='ltr'>τὴν</span> <span class='ocrx_word' id='word_1_201' title='bbox 1748 2392 1927 2460; x_wconf 80' lang='grc' dir='ltr'>δόξαν.</span> 
     </span>
    </p>
   </div>
   <div class='ocr_carea' id='block_1_28' title="bbox 355 2480 1931 2553">
    <p class='ocr_par' dir='ltr' id='par_1_28' title="bbox 355 2480 1931 2553">
     <span class='ocr_line' id='line_1_28' title="bbox 355 2480 1931 2553; baseline 0.003 -20"><span class='ocrx_word' id='word_1_202' title='bbox 355 2480 616 2550; x_wconf 84' lang='grc' dir='ltr'>Γεγόνασι</span> <span class='ocrx_word' id='word_1_203' title='bbox 649 2481 747 2551; x_wconf 77' lang='grc' dir='ltr'>μὲν</span> <span class='ocrx_word' id='word_1_204' title='bbox 768 2481 897 2552; x_wconf 86' lang='grc' dir='ltr'>γάρ,</span> <span class='ocrx_word' id='word_1_205' title='bbox 931 2480 1005 2544; x_wconf 87' lang='grc' dir='ltr'><strong>ώς</strong></span> <span class='ocrx_word' id='word_1_206' title='bbox 1034 2480 1192 2553; x_wconf 80' lang='grc' dir='ltr'>ἔφην,</span> <span class='ocrx_word' id='word_1_207' title='bbox 1248 2482 1669 2547; x_wconf 85' lang='grc' dir='ltr'>ἀπονενευκότες</span> <span class='ocrx_word' id='word_1_208' title='bbox 1714 2483 1931 2547; x_wconf 84' lang='grc' dir='ltr'>ἀτόπως</span> 
     </span>
    </p>
   </div>
   <div class='ocr_carea' id='block_1_29' title="bbox 354 2574 1931 2649">
    <p class='ocr_par' dir='ltr' id='par_1_29' title="bbox 354 2574 1931 2649">
     <span class='ocr_line' id='line_1_29' title="bbox 354 2574 1931 2649; baseline 0.003 -22"><span class='ocrx_word' id='word_1_209' title='bbox 354 2577 433 2639; x_wconf 86' lang='grc' dir='ltr'><strong>είς</strong></span> <span class='ocrx_word' id='word_1_210' title='bbox 479 2575 742 2638; x_wconf 82' lang='grc' dir='ltr'>ἐκτόπους</span> <span class='ocrx_word' id='word_1_211' title='bbox 800 2574 1012 2645; x_wconf 70' lang='grc' dir='ltr'><strong>ἡδονάς⁸</strong></span> <span class='ocrx_word' id='word_1_212' title='bbox 1044 2574 1309 2645; x_wconf 88' lang='grc' dir='ltr'>ἐσχήκασι</span> <span class='ocrx_word' id='word_1_213' title='bbox 1357 2575 1412 2629; x_wconf 83' lang='grc' dir='ltr'>δὲ</span> <span class='ocrx_word' id='word_1_214' title='bbox 1453 2577 1550 2629; x_wconf 78' lang='grc' dir='ltr'><strong>καὶ</strong></span> <span class='ocrx_word' id='word_1_215' title='bbox 1597 2577 1682 2646; x_wconf 82' lang='grc' dir='ltr'><strong>ἐφ’</strong></span> <span class='ocrx_word' id='word_1_216' title='bbox 1716 2578 1931 2649; x_wconf 78' lang='grc' dir='ltr'>ἑκάστῳ</span> 
     </span>
    </p>
   </div>
   <div class='ocr_carea' id='block_1_30' title="bbox 352 2666 1929 2739">
    <p class='ocr_par' dir='ltr' id='par_1_30' title="bbox 352 2666 1929 2739">
     <span class='ocr_line' id='line_1_30' title="bbox 352 2666 1929 2739; baseline 0 -19"><span class='ocrx_word' id='word_1_217' title='bbox 352 2666 460 2721; x_wconf 80' lang='grc' dir='ltr'><strong>τῶν</strong></span> <span class='ocrx_word' id='word_1_218' title='bbox 484 2666 778 2738; x_wconf 81' lang='grc' dir='ltr'>ὁρωμένων</span> <span class='ocrx_word' id='word_1_219' title='bbox 800 2666 1114 2738; x_wconf 74' lang='grc' dir='ltr'>ἐπιθυμίαν,</span> <span class='ocrx_word' id='word_1_220' title='bbox 1152 2667 1435 2739; x_wconf 81' lang='grc' dir='ltr'>μονονουχὶ</span> <span class='ocrx_word' id='word_1_221' title='bbox 1463 2668 1657 2738; x_wconf 85' lang='grc' dir='ltr'>χανδὸν</span> <span class='ocrx_word' id='word_1_222' title='bbox 1679 2669 1929 2722; x_wconf 88' lang='grc' dir='ltr'>ἐκπίνον-</span> 
     </span>
    </p>
   </div>
   <div class='ocr_carea' id='block_1_31' title="bbox 351 2759 1925 2831">
    <p class='ocr_par' dir='ltr' id='par_1_31' title="bbox 351 2759 1925 2831">
     <span class='ocr_line' id='line_1_31' title="bbox 351 2759 1925 2831; baseline 0 -19"><span class='ocrx_word' id='word_1_223' title='bbox 351 2777 459 2823; x_wconf 82' lang='grc' dir='ltr'>τες.</span> <span class='ocrx_word' id='word_1_224' title='bbox 505 2759 804 2831; x_wconf 86' lang='grc' dir='ltr'>Ἠκόνησαν</span> <span class='ocrx_word' id='word_1_225' title='bbox 853 2759 911 2812; x_wconf 84' lang='grc' dir='ltr'>δὲ</span> <span class='ocrx_word' id='word_1_226' title='bbox 956 2761 1050 2814; x_wconf 78' lang='grc' dir='ltr'><strong>καὶ</strong></span> <span class='ocrx_word' id='word_1_227' title='bbox 1077 2759 1321 2828; x_wconf 85' lang='grc' dir='ltr'>γλῶτταν</span> <span class='ocrx_word' id='word_1_228' title='bbox 1358 2760 1500 2814; x_wconf 76' lang='grc' dir='ltr'>κατὰ</span> <span class='ocrx_word' id='word_1_229' title='bbox 1531 2759 1791 2831; x_wconf 80' lang='grc' dir='ltr'>Χριστοῦ,</span> <span class='ocrx_word' id='word_1_230' title='bbox 1832 2760 1925 2812; x_wconf 81' lang='grc' dir='ltr'><strong>καὶ</strong></span> 
     </span>
    </p>
   </div>
   <div class='ocr_carea' id='block_1_32' title="bbox 2044 742 3617 818">
    <p class='ocr_par' dir='ltr' id='par_1_32' title="bbox 2044 742 3617 818">
     <span class='ocr_line' id='line_1_32' title="bbox 2044 742 3617 818; baseline 0.005 -24"><span class='ocrx_word' id='word_1_231' title='bbox 2044 752 2148 795; x_wconf 85' lang='lat' dir='ltr'><strong>rat.</strong></span> <span class='ocrx_word' id='word_1_232' title='bbox 2191 742 2367 812; x_wconf 86' lang='lat' dir='ltr'><strong>lnquit</strong></span> <span class='ocrx_word' id='word_1_233' title='bbox 2400 749 2543 798; x_wconf 84' lang='lat' dir='ltr'><strong>enim</strong></span> <span class='ocrx_word' id='word_1_234' title='bbox 2586 762 2598 798; x_wconf 93' lang='lat'>:</span> <span class='ocrx_word' id='word_1_235' title='bbox 2643 764 2661 797; x_wconf 77' lang='grc' dir='ltr'><strong>ι</strong></span> <span class='ocrx_word' id='word_1_236' title='bbox 2706 744 2831 800; x_wconf 66' lang='lat' dir='ltr'><strong>Haec</strong></span> <span class='ocrx_word' id='word_1_237' title='bbox 2870 747 2975 800; x_wconf 88' lang='lat' dir='ltr'><strong>erit</strong></span> <span class='ocrx_word' id='word_1_238' title='bbox 3013 747 3163 800; x_wconf 82' lang='lat' dir='ltr'><strong>ruina</strong></span> <span class='ocrx_word' id='word_1_239' title='bbox 3214 761 3322 818; x_wconf 83' lang='lat' dir='ltr'><strong>qua</strong></span> <span class='ocrx_word' id='word_1_240' title='bbox 3357 750 3617 817; x_wconf 89' lang='lat' dir='ltr'><strong>percutiet</strong></span> 
     </span>
    </p>
   </div>
   <div class='ocr_carea' id='block_1_33' title="bbox 2042 832 3621 906">
    <p class='ocr_par' dir='ltr' id='par_1_33' title="bbox 2042 832 3621 906">
     <span class='ocr_line' id='line_1_33' title="bbox 2042 832 3621 906; baseline 0.004 -21"><span class='ocrx_word' id='word_1_241' title='bbox 2042 832 2301 888; x_wconf 85' lang='lat' dir='ltr'><strong>Dominus</strong></span> <span class='ocrx_word' id='word_1_242' title='bbox 2346 848 2537 888; x_wconf 85' lang='lat' dir='ltr'><strong>omnes</strong></span> <span class='ocrx_word' id='word_1_243' title='bbox 2582 834 2844 904; x_wconf 90' lang='lat' dir='ltr'><strong>populos,</strong></span> <span class='ocrx_word' id='word_1_244' title='bbox 2892 836 3201 906; x_wconf 87' lang='lat' dir='ltr'><strong>quicunque</strong></span> <span class='ocrx_word' id='word_1_245' title='bbox 3247 836 3621 891; x_wconf 84' lang='lat' dir='ltr'><strong>militaverunt</strong></span> 
     </span>
    </p>
   </div>
   <div class='ocr_carea' id='block_1_34' title="bbox 2042 923 3613 991">
    <p class='ocr_par' dir='ltr' id='par_1_34' title="bbox 2042 923 3613 991">
     <span class='ocr_line' id='line_1_34' title="bbox 2042 923 3613 991; baseline 0.003 -14"><span class='ocrx_word' id='word_1_246' title='bbox 2042 933 2229 977; x_wconf 89' lang='lat' dir='ltr'><strong>contra</strong></span> <span class='ocrx_word' id='word_1_247' title='bbox 2256 923 2553 979; x_wconf 82' lang='lat' dir='ltr'><strong>Jerusalem</strong></span> <span class='ocrx_word' id='word_1_248' title='bbox 2584 944 2597 979; x_wconf 90' lang='lat'><strong>:</strong></span> <span class='ocrx_word' id='word_1_249' title='bbox 2624 941 2817 981; x_wconf 88' lang='lat' dir='ltr'><strong>carnes</strong></span> <span class='ocrx_word' id='word_1_250' title='bbox 2842 942 3029 980; x_wconf 84' lang='lat' dir='ltr'><strong>eorum</strong></span> <span class='ocrx_word' id='word_1_251' title='bbox 3062 927 3362 991; x_wconf 89' lang='lat' dir='ltr'><strong>tabescent,</strong></span> <span class='ocrx_word' id='word_1_252' title='bbox 3390 936 3443 981; x_wconf 89' lang='lat' dir='ltr'><strong>et</strong></span> <span class='ocrx_word' id='word_1_253' title='bbox 3470 925 3613 982; x_wconf 89' lang='lat' dir='ltr'><strong>oculi</strong></span> 
     </span>
    </p>
   </div>
   <div class='ocr_carea' id='block_1_35' title="bbox 2041 1016 3619 1090">
    <p class='ocr_par' dir='ltr' id='par_1_35' title="bbox 2041 1016 3619 1090">
     <span class='ocr_line' id='line_1_35' title="bbox 2041 1016 3619 1090; baseline 0.001 -20"><span class='ocrx_word' id='word_1_254' title='bbox 2041 1030 2229 1070; x_wconf 90' lang='lat' dir='ltr'><strong>eorum</strong></span> <span class='ocrx_word' id='word_1_255' title='bbox 2262 1016 2518 1081; x_wconf 79' lang='lat' dir='ltr'><strong>detinent,</strong></span> <span class='ocrx_word' id='word_1_256' title='bbox 2547 1018 2706 1073; x_wconf 80' lang='lat' dir='ltr'><strong>simul</strong></span> <span class='ocrx_word' id='word_1_257' title='bbox 2739 1019 3047 1074; x_wconf 84' lang='lat' dir='ltr'><strong>tabescente</strong></span> <span class='ocrx_word' id='word_1_258' title='bbox 3073 1020 3273 1090; x_wconf 80' lang='lat' dir='ltr'><strong>lingua.</strong></span> <span class='ocrx_word' id='word_1_259' title='bbox 3308 1039 3327 1070; x_wconf 74' lang='grc' dir='ltr'><strong>ι</strong></span> <span class='ocrx_word' id='word_1_260' title='bbox 3360 1018 3619 1075; x_wconf 82' lang='lat' dir='ltr'><strong>Commu-</strong></span> 
     </span>
    </p>
   </div>
   <div class='ocr_carea' id='block_1_36' title="bbox 2040 1109 3617 1180">
    <p class='ocr_par' dir='ltr' id='par_1_36' title="bbox 2040 1109 3617 1180">
     <span class='ocr_line' id='line_1_36' title="bbox 2040 1109 3617 1180; baseline -0.001 -17"><span class='ocrx_word' id='word_1_261' title='bbox 2040 1109 2126 1163; x_wconf 91' lang='lat' dir='ltr'><strong>nis</strong></span> <span class='ocrx_word' id='word_1_262' title='bbox 2167 1110 2309 1163; x_wconf 88' lang='lat' dir='ltr'><strong>enim</strong></span> <span class='ocrx_word' id='word_1_263' title='bbox 2352 1110 2486 1175; x_wconf 88' lang='lat' dir='ltr'><strong>ista,</strong></span> <span class='ocrx_word' id='word_1_264' title='bbox 2532 1120 2586 1166; x_wconf 90' lang='lat' dir='ltr'><strong>et</strong></span> <span class='ocrx_word' id='word_1_265' title='bbox 2630 1110 2896 1164; x_wconf 91' lang='lat' dir='ltr'><strong>naturalis</strong></span> <span class='ocrx_word' id='word_1_266' title='bbox 2940 1126 3085 1165; x_wconf 90' lang='lat' dir='ltr'><strong>mors</strong></span> <span class='ocrx_word' id='word_1_267' title='bbox 3123 1112 3362 1165; x_wconf 88' lang='lat' dir='ltr'><strong>omnium</strong></span> <span class='ocrx_word' id='word_1_268' title='bbox 3400 1110 3617 1180; x_wconf 87' lang='lat' dir='ltr'><strong>quidem</strong></span> 
     </span>
    </p>
   </div>
   <div class='ocr_carea' id='block_1_37' title="bbox 2037 1201 3619 1273">
    <p class='ocr_par' dir='ltr' id='par_1_37' title="bbox 2037 1201 3619 1273">
     <span class='ocr_line' id='line_1_37' title="bbox 2037 1201 3619 1273; baseline -0.004 -15"><span class='ocrx_word' id='word_1_269' title='bbox 2037 1218 2229 1258; x_wconf 87' lang='lat' dir='ltr'><strong>carnes</strong></span> <span class='ocrx_word' id='word_1_270' title='bbox 2253 1202 2525 1269; x_wconf 81' lang='lat' dir='ltr'><strong>tabefacit,</strong></span> <span class='ocrx_word' id='word_1_271' title='bbox 2550 1214 2605 1258; x_wconf 90' lang='lat' dir='ltr'><strong>et</strong></span> <span class='ocrx_word' id='word_1_272' title='bbox 2628 1204 2802 1259; x_wconf 88' lang='lat' dir='ltr'><strong>oculis</strong></span> <span class='ocrx_word' id='word_1_273' title='bbox 2824 1211 2986 1272; x_wconf 82' lang='lat' dir='ltr'><strong>atque</strong></span> <span class='ocrx_word' id='word_1_274' title='bbox 3006 1202 3205 1273; x_wconf 83' lang='lat' dir='ltr'><strong>linguis</strong></span> <span class='ocrx_word' id='word_1_275' title='bbox 3226 1201 3441 1270; x_wconf 84' lang='lat' dir='ltr'><strong>spoliat,</strong></span> <span class='ocrx_word' id='word_1_276' title='bbox 3465 1215 3619 1255; x_wconf 88' lang='lat' dir='ltr'><strong>acer-</strong></span> 
     </span>
    </p>
   </div>
   <div class='ocr_carea' id='block_1_38' title="bbox 2039 1293 3618 1350">
    <p class='ocr_par' dir='ltr' id='par_1_38' title="bbox 2039 1293 3618 1350">
     <span class='ocr_line' id='line_1_38' title="bbox 2039 1293 3618 1350; baseline -0.001 -1"><span class='ocrx_word' id='word_1_277' title='bbox 2039 1295 2318 1350; x_wconf 88' lang='lat' dir='ltr'><strong>bissimum</strong></span> <span class='ocrx_word' id='word_1_278' title='bbox 2352 1304 2531 1350; x_wconf 84' lang='lat' dir='ltr'><strong>autem</strong></span> <span class='ocrx_word' id='word_1_279' title='bbox 2560 1306 2615 1349; x_wconf 82' lang='lat' dir='ltr'><strong>et</strong></span> <span class='ocrx_word' id='word_1_280' title='bbox 2642 1295 3172 1350; x_wconf 88' lang='lat' dir='ltr'><strong>calamitosissimum</strong></span> <span class='ocrx_word' id='word_1_281' title='bbox 3199 1310 3308 1349; x_wconf 88' lang='lat' dir='ltr'><strong>non</strong></span> <span class='ocrx_word' id='word_1_282' title='bbox 3344 1293 3618 1348; x_wconf 89' lang='lat' dir='ltr'><strong>immerito</strong></span> 
     </span>
    </p>
   </div>
   <div class='ocr_carea' id='block_1_39' title="bbox 2039 1387 3618 1453">
    <p class='ocr_par' dir='ltr' id='par_1_39' title="bbox 2039 1387 3618 1453">
     <span class='ocr_line' id='line_1_39' title="bbox 2039 1387 3618 1453; baseline -0.001 -11"><span class='ocrx_word' id='word_1_283' title='bbox 2039 1388 2235 1453; x_wconf 81' lang='lat' dir='ltr'><strong>fuerit,</strong></span> <span class='ocrx_word' id='word_1_284' title='bbox 2279 1390 2575 1445; x_wconf 81' lang='lat' dir='ltr'><strong>viventium</strong></span> <span class='ocrx_word' id='word_1_285' title='bbox 2616 1397 2671 1443; x_wconf 87' lang='lat' dir='ltr'><strong>el.</strong></span> <span class='ocrx_word' id='word_1_286' title='bbox 2712 1390 2971 1444; x_wconf 85' lang='lat' dir='ltr'><strong>stantium</strong></span> <span class='ocrx_word' id='word_1_287' title='bbox 3017 1390 3193 1443; x_wconf 83' lang='lat' dir='ltr'><strong>adhuc</strong></span> <span class='ocrx_word' id='word_1_288' title='bbox 3236 1401 3428 1443; x_wconf 80' lang='lat' dir='ltr'><strong>carnes</strong></span> <span class='ocrx_word' id='word_1_289' title='bbox 3465 1387 3618 1441; x_wconf 83' lang='lat' dir='ltr'><strong>tabe-</strong></span> 
     </span>
    </p>
   </div>
   <div class='ocr_carea' id='block_1_40' title="bbox 2037 1478 3614 1551">
    <p class='ocr_par' dir='ltr' id='par_1_40' title="bbox 2037 1478 3614 1551">
     <span class='ocr_line' id='line_1_40' title="bbox 2037 1478 3614 1551; baseline -0.003 -14"><span class='ocrx_word' id='word_1_290' title='bbox 2037 1496 2225 1548; x_wconf 85' lang='lat' dir='ltr'><strong>scere;</strong></span> <span class='ocrx_word' id='word_1_291' title='bbox 2259 1491 2314 1537; x_wconf 90' lang='lat' dir='ltr'><strong>et</strong></span> <span class='ocrx_word' id='word_1_292' title='bbox 2350 1482 2601 1538; x_wconf 79' lang='lat' dir='ltr'><strong>excidere</strong></span> <span class='ocrx_word' id='word_1_293' title='bbox 2640 1482 2856 1547; x_wconf 90' lang='lat' dir='ltr'><strong>oculos,</strong></span> <span class='ocrx_word' id='word_1_294' title='bbox 2890 1492 2946 1537; x_wconf 91' lang='lat' dir='ltr'><strong>et</strong></span> <span class='ocrx_word' id='word_1_295' title='bbox 2979 1482 3153 1551; x_wconf 89' lang='lat' dir='ltr'><strong>puniri</strong></span> <span class='ocrx_word' id='word_1_296' title='bbox 3194 1482 3428 1551; x_wconf 77' lang='lat' dir='ltr'><strong>linguas.</strong></span> <span class='ocrx_word' id='word_1_297' title='bbox 3463 1478 3614 1534; x_wconf 84' lang='lat' dir='ltr'><strong>Talia</strong></span> 
     </span>
    </p>
   </div>
   <div class='ocr_carea' id='block_1_41' title="bbox 2037 1570 3615 1628">
    <p class='ocr_par' dir='ltr' id='par_1_41' title="bbox 2037 1570 3615 1628">
     <span class='ocr_line' id='line_1_41' title="bbox 2037 1570 3615 1628; baseline -0.003 -1"><span class='ocrx_word' id='word_1_298' title='bbox 2037 1581 2215 1627; x_wconf 85' lang='lat' dir='ltr'><strong>autem</strong></span> <span class='ocrx_word' id='word_1_299' title='bbox 2246 1570 2357 1627; x_wconf 90' lang='lat' dir='ltr'><strong>Deo</strong></span> <span class='ocrx_word' id='word_1_300' title='bbox 2386 1588 2605 1628; x_wconf 80' lang='lat' dir='ltr'><strong>exosam</strong></span> <span class='ocrx_word' id='word_1_301' title='bbox 2638 1583 2694 1627; x_wconf 92' lang='lat' dir='ltr'><strong>et</strong></span> <span class='ocrx_word' id='word_1_302' title='bbox 2722 1574 3109 1627; x_wconf 78' lang='lat' dir='ltr'><strong>exsecrandam</strong></span> <span class='ocrx_word' id='word_1_303' title='bbox 3137 1573 3301 1625; x_wconf 83' lang='lat' dir='ltr'><strong>vitam</strong></span> <span class='ocrx_word' id='word_1_304' title='bbox 3334 1581 3615 1625; x_wconf 84' lang='lat' dir='ltr'><strong>consecta-</strong></span> 
     </span>
    </p>
   </div>
   <div class='ocr_carea' id='block_1_42' title="bbox 2032 1663 3616 1736">
    <p class='ocr_par' dir='ltr' id='par_1_42' title="bbox 2032 1663 3616 1736">
     <span class='ocr_line' id='line_1_42' title="bbox 2032 1663 3616 1736; baseline -0.001 -17"><span class='ocrx_word' id='word_1_305' title='bbox 2032 1666 2108 1720; x_wconf 87' lang='lat' dir='ltr'><strong>tis</strong></span> <span class='ocrx_word' id='word_1_306' title='bbox 2133 1676 2390 1721; x_wconf 81' lang='lat' dir='ltr'><strong>eventura</strong></span> <span class='ocrx_word' id='word_1_307' title='bbox 2422 1665 2711 1721; x_wconf 89' lang='lat' dir='ltr'><strong>admodum</strong></span> <span class='ocrx_word' id='word_1_308' title='bbox 2740 1666 2907 1736; x_wconf 89' lang='lat' dir='ltr'><strong>probe</strong></span> <span class='ocrx_word' id='word_1_309' title='bbox 2936 1666 3086 1720; x_wconf 89' lang='lat' dir='ltr'><strong>dicit.</strong></span> <span class='ocrx_word' id='word_1_310' title='bbox 3114 1664 3280 1736; x_wconf 73' lang='lat'><strong>807</strong></span> <span class='ocrx_word' id='word_1_311' title='bbox 3308 1663 3616 1733; x_wconf 82' lang='lat' dir='ltr'><strong>Reposcen-</strong></span> 
     </span>
    </p>
   </div>
   <div class='ocr_carea' id='block_1_43' title="bbox 2038 1757 3615 1828">
    <p class='ocr_par' dir='ltr' id='par_1_43' title="bbox 2038 1757 3615 1828">
     <span class='ocr_line' id='line_1_43' title="bbox 2038 1757 3615 1828; baseline -0.004 -15"><span class='ocrx_word' id='word_1_312' title='bbox 2038 1767 2126 1814; x_wconf 90' lang='lat' dir='ltr'><strong>tur</strong></span> <span class='ocrx_word' id='word_1_313' title='bbox 2155 1759 2297 1814; x_wconf 83' lang='lat' dir='ltr'><strong>enim</strong></span> <span class='ocrx_word' id='word_1_314' title='bbox 2334 1774 2551 1828; x_wconf 62' lang='lat' dir='ltr'><strong>poenas,</strong></span> <span class='ocrx_word' id='word_1_315' title='bbox 2588 1774 2696 1813; x_wconf 83' lang='lat' dir='ltr'><strong>nun</strong></span> <span class='ocrx_word' id='word_1_316' title='bbox 2731 1758 2900 1813; x_wconf 85' lang='lat' dir='ltr'><strong>solum</strong></span> <span class='ocrx_word' id='word_1_317' title='bbox 2935 1773 3124 1812; x_wconf 87' lang='lat' dir='ltr'><strong>eorum</strong></span> <span class='ocrx_word' id='word_1_318' title='bbox 3158 1773 3277 1826; x_wconf 74' lang='lat' dir='ltr'><strong>quae</strong></span> <span class='ocrx_word' id='word_1_319' title='bbox 3309 1757 3363 1811; x_wconf 89' lang='lat' dir='ltr'><strong>in</strong></span> <span class='ocrx_word' id='word_1_320' title='bbox 3398 1764 3615 1810; x_wconf 84' lang='lat' dir='ltr'><strong>sanctos</strong></span> 
     </span>
    </p>
   </div>
   <div class='ocr_carea' id='block_1_44' title="bbox 2032 1847 3610 1916">
    <p class='ocr_par' dir='ltr' id='par_1_44' title="bbox 2032 1847 3610 1916">
     <span class='ocr_line' id='line_1_44' title="bbox 2032 1847 3610 1916; baseline -0.006 -10"><span class='ocrx_word' id='word_1_321' title='bbox 2032 1851 2455 1916; x_wconf 90' lang='lat' dir='ltr'><strong>commiserunt,</strong></span> <span class='ocrx_word' id='word_1_322' title='bbox 2498 1852 2590 1904; x_wconf 90' lang='lat' dir='ltr'><strong>sed</strong></span> <span class='ocrx_word' id='word_1_323' title='bbox 2634 1851 2795 1903; x_wconf 87' lang='lat' dir='ltr'><strong>etiam</strong></span> <span class='ocrx_word' id='word_1_324' title='bbox 2842 1850 3003 1905; x_wconf 88' lang='lat' dir='ltr'><strong>studii</strong></span> <span class='ocrx_word' id='word_1_325' title='bbox 3051 1864 3231 1905; x_wconf 89' lang='lat' dir='ltr'><strong>rerum</strong></span> <span class='ocrx_word' id='word_1_326' title='bbox 3275 1847 3610 1913; x_wconf 79' lang='lat' dir='ltr'><strong>carnalium,</strong></span> 
     </span>
    </p>
   </div>
   <div class='ocr_carea' id='block_1_45' title="bbox 2031 1938 3613 2013">
    <p class='ocr_par' dir='ltr' id='par_1_45' title="bbox 2031 1938 3613 2013">
     <span class='ocr_line' id='line_1_45' title="bbox 2031 1938 3613 2013; baseline -0.003 -18"><span class='ocrx_word' id='word_1_327' title='bbox 2031 1957 2139 2013; x_wconf 88' lang='lat' dir='ltr'><strong>quo</strong></span> <span class='ocrx_word' id='word_1_328' title='bbox 2171 1943 2222 1996; x_wconf 93' lang='lat' dir='ltr'><strong>in</strong></span> <span class='ocrx_word' id='word_1_329' title='bbox 2255 1942 2357 1998; x_wconf 89' lang='lat' dir='ltr'><strong>hoc</strong></span> <span class='ocrx_word' id='word_1_330' title='bbox 2387 1940 2591 1995; x_wconf 90' lang='lat' dir='ltr'><strong>mundo</strong></span> <span class='ocrx_word' id='word_1_331' title='bbox 2621 1940 2919 2011; x_wconf 80' lang='lat' dir='ltr'><strong>ﬂagrarunt</strong></span> <span class='ocrx_word' id='word_1_332' title='bbox 2952 1962 2965 1996; x_wconf 86' lang='lat'>:</span> <span class='ocrx_word' id='word_1_333' title='bbox 2996 1955 3117 2010; x_wconf 72' lang='lat' dir='ltr'><strong>quae</strong></span> <span class='ocrx_word' id='word_1_334' title='bbox 3150 1940 3277 1995; x_wconf 87' lang='lat' dir='ltr'><strong>item</strong></span> <span class='ocrx_word' id='word_1_335' title='bbox 3313 1938 3417 1993; x_wconf 91' lang='lat' dir='ltr'><strong>illis</strong></span> <span class='ocrx_word' id='word_1_336' title='bbox 3449 1952 3613 1993; x_wconf 81' lang='lat' dir='ltr'><strong>causa</strong></span> 
     </span>
    </p>
   </div>
   <div class='ocr_carea' id='block_1_46' title="bbox 2030 2031 3611 2102">
    <p class='ocr_par' dir='ltr' id='par_1_46' title="bbox 2030 2031 3611 2102">
     <span class='ocr_line' id='line_1_46' title="bbox 2030 2031 3611 2102; baseline -0.001 -17"><span class='ocrx_word' id='word_1_337' title='bbox 2030 2031 2135 2087; x_wconf 69' lang='lat' dir='ltr'><strong>fuit</strong></span> <span class='ocrx_word' id='word_1_338' title='bbox 2172 2048 2269 2088; x_wconf 90' lang='lat' dir='ltr'><strong>cur</strong></span> <span class='ocrx_word' id='word_1_339' title='bbox 2302 2047 2475 2102; x_wconf 89' lang='lat' dir='ltr'><strong>neque</strong></span> <span class='ocrx_word' id='word_1_340' title='bbox 2512 2032 2668 2088; x_wconf 80' lang='lat' dir='ltr'><strong>ﬁdem</strong></span> <span class='ocrx_word' id='word_1_341' title='bbox 2712 2034 3097 2097; x_wconf 85' lang='lat' dir='ltr'><strong>admitterent,</strong></span> <span class='ocrx_word' id='word_1_342' title='bbox 3135 2046 3312 2101; x_wconf 89' lang='lat' dir='ltr'><strong>neque</strong></span> <span class='ocrx_word' id='word_1_343' title='bbox 3354 2032 3611 2102; x_wconf 85' lang='lat' dir='ltr'><strong>pietatem</strong></span> 
     </span>
    </p>
   </div>
   <div class='ocr_carea' id='block_1_47' title="bbox 2030 2118 3609 2192">
    <p class='ocr_par' dir='ltr' id='par_1_47' title="bbox 2030 2118 3609 2192">
     <span class='ocr_line' id='line_1_47' title="bbox 2030 2118 3609 2192; baseline -0.003 -15"><span class='ocrx_word' id='word_1_344' title='bbox 2030 2122 2239 2187; x_wconf 90' lang='lat' dir='ltr'><strong>colere,</strong></span> <span class='ocrx_word' id='word_1_345' title='bbox 2275 2132 2332 2175; x_wconf 85' lang='lat' dir='ltr'><strong>et</strong></span> <span class='ocrx_word' id='word_1_346' title='bbox 2366 2122 2591 2192; x_wconf 82' lang='lat' dir='ltr'><strong>gloriam</strong></span> <span class='ocrx_word' id='word_1_347' title='bbox 2625 2123 2750 2177; x_wconf 76' lang='lat' dir='ltr'><strong>vitze</strong></span> <span class='ocrx_word' id='word_1_348' title='bbox 2785 2122 2838 2175; x_wconf 90' lang='lat' dir='ltr'><strong>in</strong></span> <span class='ocrx_word' id='word_1_349' title='bbox 2876 2121 3093 2175; x_wconf 83' lang='lat' dir='ltr'><strong>Christo</strong></span> <span class='ocrx_word' id='word_1_350' title='bbox 3125 2120 3351 2190; x_wconf 86' lang='lat' dir='ltr'><strong>diligere</strong></span> <span class='ocrx_word' id='word_1_351' title='bbox 3384 2118 3609 2175; x_wconf 82' lang='lat' dir='ltr'><strong>vellent.</strong></span> 
     </span>
    </p>
   </div>
   <div class='ocr_carea' id='block_1_48' title="bbox 2031 2210 3612 2281">
    <p class='ocr_par' dir='ltr' id='par_1_48' title="bbox 2031 2210 3612 2281">
     <span class='ocr_line' id='line_1_48' title="bbox 2031 2210 3612 2281; baseline -0.001 -14"><span class='ocrx_word' id='word_1_352' title='bbox 2031 2214 2446 2269; x_wconf 87' lang='lat' dir='ltr'><strong>Declinaverunt</strong></span> <span class='ocrx_word' id='word_1_353' title='bbox 2469 2214 2635 2279; x_wconf 85' lang='lat' dir='ltr'><strong>enim,</strong></span> <span class='ocrx_word' id='word_1_354' title='bbox 2661 2223 2720 2268; x_wconf 92' lang='lat' dir='ltr'><strong>ut</strong></span> <span class='ocrx_word' id='word_1_355' title='bbox 2742 2214 2876 2277; x_wconf 78' lang='lat' dir='ltr'><strong>dixi,</strong></span> <span class='ocrx_word' id='word_1_356' title='bbox 2898 2213 2966 2268; x_wconf 86' lang='lat' dir='ltr'><strong>ad</strong></span> <span class='ocrx_word' id='word_1_357' title='bbox 2992 2210 3259 2268; x_wconf 87' lang='lat' dir='ltr'><strong>absurdas</strong></span> <span class='ocrx_word' id='word_1_358' title='bbox 3282 2211 3612 2281; x_wconf 78' lang='lat' dir='ltr'><strong>voluptates,</strong></span> 
     </span>
    </p>
   </div>
   <div class='ocr_carea' id='block_1_49' title="bbox 2030 2299 3613 2371">
    <p class='ocr_par' dir='ltr' id='par_1_49' title="bbox 2030 2299 3613 2371">
     <span class='ocr_line' id='line_1_49' title="bbox 2030 2299 3613 2371; baseline 0 -17"><span class='ocrx_word' id='word_1_359' title='bbox 2030 2310 2085 2354; x_wconf 91' lang='lat' dir='ltr'><strong>et</strong></span> <span class='ocrx_word' id='word_1_360' title='bbox 2131 2315 2465 2371; x_wconf 62' lang='lat' dir='ltr'><strong>quaecunque</strong></span> <span class='ocrx_word' id='word_1_361' title='bbox 2506 2302 2793 2366; x_wconf 84' lang='lat' dir='ltr'><strong>videbant,</strong></span> <span class='ocrx_word' id='word_1_362' title='bbox 2841 2317 2938 2357; x_wconf 90' lang='lat' dir='ltr'><strong>ore</strong></span> <span class='ocrx_word' id='word_1_363' title='bbox 2985 2301 3171 2356; x_wconf 83' lang='lat' dir='ltr'><strong>hiante</strong></span> <span class='ocrx_word' id='word_1_364' title='bbox 3212 2299 3613 2370; x_wconf 74' lang='lat' dir='ltr'><strong>quodammodo</strong></span> 
     </span>
    </p>
   </div>
   <div class='ocr_carea' id='block_1_50' title="bbox 2030 2390 3613 2465">
    <p class='ocr_par' dir='ltr' id='par_1_50' title="bbox 2030 2390 3613 2465">
     <span class='ocr_line' id='line_1_50' title="bbox 2030 2390 3613 2465; baseline -0.001 -18"><span class='ocrx_word' id='word_1_365' title='bbox 2030 2394 2356 2461; x_wconf 83' lang='lat' dir='ltr'><strong>appetebant</strong></span> <span class='ocrx_word' id='word_1_366' title='bbox 2389 2409 2453 2448; x_wconf 90' lang='lat' dir='ltr'><strong>ac</strong></span> <span class='ocrx_word' id='word_1_367' title='bbox 2485 2393 2871 2465; x_wconf 70' lang='lat' dir='ltr'><strong>deglutieliaut.</strong></span> <span class='ocrx_word' id='word_1_368' title='bbox 2906 2392 3187 2447; x_wconf 79' lang='lat' dir='ltr'><strong>Acuerunt</strong></span> <span class='ocrx_word' id='word_1_369' title='bbox 3218 2392 3362 2447; x_wconf 89' lang='lat' dir='ltr'><strong>enim</strong></span> <span class='ocrx_word' id='word_1_370' title='bbox 3400 2390 3613 2462; x_wconf 84' lang='lat' dir='ltr'><strong>linguas</strong></span> 
     </span>
    </p>
   </div>
   <div class='ocr_carea' id='block_1_51' title="bbox 2030 2482 3614 2555">
    <p class='ocr_par' dir='ltr' id='par_1_51' title="bbox 2030 2482 3614 2555">
     <span class='ocr_line' id='line_1_51' title="bbox 2030 2482 3614 2555; baseline -0.004 -12"><span class='ocrx_word' id='word_1_371' title='bbox 2030 2497 2219 2543; x_wconf 87' lang='lat' dir='ltr'><strong>contra</strong></span> <span class='ocrx_word' id='word_1_372' title='bbox 2253 2487 2529 2543; x_wconf 84' lang='lat' dir='ltr'><strong>Christum</strong></span> <span class='ocrx_word' id='word_1_373' title='bbox 2550 2528 2567 2554; x_wconf 94' lang='lat'><strong>,</strong></span> <span class='ocrx_word' id='word_1_374' title='bbox 2604 2496 2659 2543; x_wconf 93' lang='lat' dir='ltr'><strong>et</strong></span> <span class='ocrx_word' id='word_1_375' title='bbox 2691 2502 2845 2542; x_wconf 86' lang='lat' dir='ltr'><strong>sacra</strong></span> <span class='ocrx_word' id='word_1_376' title='bbox 2877 2486 3133 2541; x_wconf 64' lang='lat' dir='ltr'><strong>Ecclesiae</strong></span> <span class='ocrx_word' id='word_1_377' title='bbox 3164 2486 3415 2555; x_wconf 81' lang='lat' dir='ltr'><strong>dogmata</strong></span> <span class='ocrx_word' id='word_1_378' title='bbox 3450 2482 3614 2554; x_wconf 89' lang='lat' dir='ltr'><strong>impie</strong></span> 
     </span>
    </p>
   </div>
   <div class='ocr_carea' id='block_1_52' title="bbox 2031 2575 3612 2649">
    <p class='ocr_par' dir='ltr' id='par_1_52' title="bbox 2031 2575 3612 2649">
     <span class='ocr_line' id='line_1_52' title="bbox 2031 2575 3612 2649; baseline -0.003 -15"><span class='ocrx_word' id='word_1_379' title='bbox 2031 2585 2373 2649; x_wconf 83' lang='lat' dir='ltr'><strong>carpserunt.</strong></span> <span class='ocrx_word' id='word_1_380' title='bbox 2396 2578 2525 2635; x_wconf 82' lang='lat' dir='ltr'><strong>Jure</strong></span> <span class='ocrx_word' id='word_1_381' title='bbox 2552 2581 2715 2649; x_wconf 87' lang='lat' dir='ltr'><strong>igitur</strong></span> <span class='ocrx_word' id='word_1_382' title='bbox 2739 2580 2792 2634; x_wconf 95' lang='lat' dir='ltr'><strong>in</strong></span> <span class='ocrx_word' id='word_1_383' title='bbox 2819 2593 3004 2642; x_wconf 88' lang='lat' dir='ltr'><strong>carne,</strong></span> <span class='ocrx_word' id='word_1_384' title='bbox 3028 2587 3082 2633; x_wconf 91' lang='lat' dir='ltr'><strong>et</strong></span> <span class='ocrx_word' id='word_1_385' title='bbox 3110 2576 3303 2643; x_wconf 84' lang='lat' dir='ltr'><strong>oculis,</strong></span> <span class='ocrx_word' id='word_1_386' title='bbox 3331 2586 3384 2631; x_wconf 90' lang='lat' dir='ltr'><strong>et</strong></span> <span class='ocrx_word' id='word_1_387' title='bbox 3412 2575 3612 2647; x_wconf 85' lang='lat' dir='ltr'><strong>linguis</strong></span> 
     </span>
    </p>
   </div>
   <div class='ocr_carea' id='block_1_53' title="bbox 2030 2668 3611 2739">
    <p class='ocr_par' dir='ltr' id='par_1_53' title="bbox 2030 2668 3611 2739">
     <span class='ocr_line' id='line_1_53' title="bbox 2030 2668 3611 2739; baseline -0.003 -16"><span class='ocrx_word' id='word_1_388' title='bbox 2030 2685 2245 2739; x_wconf 77' lang='lat' dir='ltr'><strong>ptenam</strong></span> <span class='ocrx_word' id='word_1_389' title='bbox 2290 2679 2666 2739; x_wconf 89' lang='lat' dir='ltr'><strong>susceperunt.</strong></span> <span class='ocrx_word' id='word_1_390' title='bbox 2711 2669 3176 2738; x_wconf 87' lang='lat' dir='ltr'><strong>Quemadmodum</strong></span> <span class='ocrx_word' id='word_1_391' title='bbox 3224 2668 3369 2723; x_wconf 91' lang='lat' dir='ltr'><strong>enim</strong></span> <span class='ocrx_word' id='word_1_392' title='bbox 3416 2682 3611 2735; x_wconf 85' lang='lat' dir='ltr'><strong>aquam</strong></span> 
     </span>
    </p>
   </div>
   <div class='ocr_carea' id='block_1_54' title="bbox 2029 2757 3612 2835">
    <p class='ocr_par' dir='ltr' id='par_1_54' title="bbox 2029 2757 3612 2835">
     <span class='ocr_line' id='line_1_54' title="bbox 2029 2757 3612 2835; baseline -0.003 -17"><span class='ocrx_word' id='word_1_393' title='bbox 2029 2764 2425 2835; x_wconf 86' lang='lat' dir='ltr'><strong>redargutionis</strong></span> <span class='ocrx_word' id='word_1_394' title='bbox 2458 2765 2650 2820; x_wconf 82' lang='lat' dir='ltr'><strong>bibens</strong></span> <span class='ocrx_word' id='word_1_395' title='bbox 2685 2764 2900 2828; x_wconf 90' lang='lat' dir='ltr'><strong>mulier,</strong></span> <span class='ocrx_word' id='word_1_396' title='bbox 2939 2771 2993 2818; x_wconf 89' lang='lat' dir='ltr'><strong>et</strong></span> <span class='ocrx_word' id='word_1_397' title='bbox 3025 2760 3277 2832; x_wconf 85' lang='lat' dir='ltr'><strong>pejerans</strong></span> <span class='ocrx_word' id='word_1_398' title='bbox 3313 2762 3366 2813; x_wconf 91' lang='lat' dir='ltr'><strong>in</strong></span> <span class='ocrx_word' id='word_1_399' title='bbox 3404 2757 3612 2813; x_wconf 82' lang='lat' dir='ltr'><strong>femore</strong></span> 
     </span>
    </p>
   </div>
   <div class='ocr_carea' id='block_1_55' title="bbox 350 2850 1931 2926">
    <p class='ocr_par' dir='ltr' id='par_1_55' title="bbox 350 2850 1931 2922">
     <span class='ocr_line' id='line_1_55' title="bbox 350 2850 1931 2922; baseline -0.001 -19"><span class='ocrx_word' id='word_1_400' title='bbox 350 2850 457 2903; x_wconf 86' lang='grc' dir='ltr'><strong>τῶν</strong></span> <span class='ocrx_word' id='word_1_401' title='bbox 481 2850 640 2921; x_wconf 82' lang='grc' dir='ltr'>ἱερῶν</span> <span class='ocrx_word' id='word_1_402' title='bbox 656 2851 755 2920; x_wconf 82' lang='grc' dir='ltr'>τῆς</span> <span class='ocrx_word' id='word_1_403' title='bbox 783 2851 1109 2922; x_wconf 85' lang='grc' dir='ltr'>Ἐκκλησίας</span> <span class='ocrx_word' id='word_1_404' title='bbox 1126 2851 1412 2922; x_wconf 82' lang='grc' dir='ltr'>δογμάτων</span> <span class='ocrx_word' id='word_1_405' title='bbox 1434 2851 1653 2904; x_wconf 85' lang='grc' dir='ltr'>ἀνοσίαν</span> <span class='ocrx_word' id='word_1_406' title='bbox 1677 2851 1931 2920; x_wconf 82' lang='grc' dir='ltr'>πεποίην-</span> 
     </span>
    </p>
   </div>
   <div class='ocr_carea' id='block_1_56' title="bbox 2034 2850 3609 2926">
    <p class='ocr_par' dir='ltr' id='par_1_56' title="bbox 2034 2850 3609 2926">
     <span class='ocr_line' id='line_1_56' title="bbox 2034 2850 3609 2926; baseline -0.004 -17"><span class='ocrx_word' id='word_1_407' title='bbox 2034 2856 2369 2926; x_wconf 90' lang='lat' dir='ltr'><strong>puniebatur,</strong></span> <span class='ocrx_word' id='word_1_408' title='bbox 2395 2855 2484 2910; x_wconf 92' lang='lat' dir='ltr'><strong>ubi</strong></span> <span class='ocrx_word' id='word_1_409' title='bbox 2513 2865 2569 2910; x_wconf 90' lang='lat' dir='ltr'><strong>et</strong></span> <span class='ocrx_word' id='word_1_410' title='bbox 2596 2857 2802 2911; x_wconf 84' lang='lat' dir='ltr'><strong>crimen</strong></span> <span class='ocrx_word' id='word_1_411' title='bbox 2831 2854 3207 2909; x_wconf 82' lang='lat' dir='ltr'><strong>fornicationis</strong></span> <span class='ocrx_word' id='word_1_412' title='bbox 3229 2850 3609 2916; x_wconf 88' lang='lat' dir='ltr'><strong>committitur;</strong></span> 
     </span>
    </p>
   </div>
   <div class='ocr_carea' id='block_1_57' title="bbox 351 2937 1931 3019">
    <p class='ocr_par' dir='ltr' id='par_1_57' title="bbox 351 2939 1929 3014">
     <span class='ocr_line' id='line_1_57' title="bbox 351 2939 1929 3014; baseline 0.002 -22"><span class='ocrx_word' id='word_1_413' title='bbox 351 2956 439 2993; x_wconf 82' lang='grc' dir='ltr'><strong>ται</strong></span> <span class='ocrx_word' id='word_1_414' title='bbox 465 2940 561 3011; x_wconf 78' lang='grc' dir='ltr'>τὴν</span> <span class='ocrx_word' id='word_1_415' title='bbox 583 2942 941 3012; x_wconf 75' lang='grc' dir='ltr'>κατάρῤησιν.</span> <span class='ocrx_word' id='word_1_416' title='bbox 975 2943 1213 3005; x_wconf 84' lang='grc' dir='ltr'>Εἰκότως</span> <span class='ocrx_word' id='word_1_417' title='bbox 1252 2942 1317 3012; x_wconf 82' lang='grc' dir='ltr'>δὴ</span> <span class='ocrx_word' id='word_1_418' title='bbox 1354 2939 1447 2995; x_wconf 71' lang='grc' dir='ltr'><strong>οὖν</strong></span> <span class='ocrx_word' id='word_1_419' title='bbox 1493 2944 1574 3007; x_wconf 79' lang='grc' dir='ltr'>εἰς</span> <span class='ocrx_word' id='word_1_420' title='bbox 1612 2944 1823 3014; x_wconf 85' lang='grc' dir='ltr'>σάρκας</span> <span class='ocrx_word' id='word_1_421' title='bbox 1871 2959 1929 2995; x_wconf 88' lang='grc' dir='ltr'><strong>τε</strong></span> 
     </span>
    </p>
   </div>
   <div class='ocr_carea' id='block_1_58' title="bbox 2034 2937 3604 3019">
    <p class='ocr_par' dir='ltr' id='par_1_58' title="bbox 2034 2937 3604 3019">
     <span class='ocr_line' id='line_1_58' title="bbox 2034 2937 3604 3019; baseline -0.006 -17"><span class='ocrx_word' id='word_1_422' title='bbox 2034 2949 2100 3002; x_wconf 73' lang='lat' dir='ltr'><strong>ait</strong></span> <span class='ocrx_word' id='word_1_423' title='bbox 2124 2949 2388 3019; x_wconf 90' lang='lat' dir='ltr'><strong>siquidem</strong></span> <span class='ocrx_word' id='word_1_424' title='bbox 2416 2966 2430 3003; x_wconf 87' lang='lat'><strong>:</strong></span> <span class='ocrx_word' id='word_1_425' title='bbox 2465 2967 2483 3000; x_wconf 75' lang='grc' dir='ltr'><strong>ι</strong></span> <span class='ocrx_word' id='word_1_426' title='bbox 2512 2949 2813 3017; x_wconf 81' lang='lat' dir='ltr'><strong>Rumpetur</strong></span> <span class='ocrx_word' id='word_1_427' title='bbox 2832 2956 2889 3001; x_wconf 92' lang='lat' dir='ltr'><strong>et</strong></span> <span class='ocrx_word' id='word_1_428' title='bbox 2911 2945 3124 3001; x_wconf 84' lang='lat' dir='ltr'><strong>decidet</strong></span> <span class='ocrx_word' id='word_1_429' title='bbox 3149 2942 3327 2998; x_wconf 81' lang='lat' dir='ltr'><strong>femur</strong></span> <span class='ocrx_word' id='word_1_430' title='bbox 3347 2937 3465 3010; x_wconf 83' lang='lat' dir='ltr'><strong>ejus</strong></span> <span class='ocrx_word' id='word_1_431' title='bbox 3481 2942 3552 3005; x_wconf 83' lang='lat'><strong>&quot;,</strong></span> <span class='ocrx_word' id='word_1_432' title='bbox 3585 2961 3604 2992; x_wconf 71' lang='grc' dir='ltr'><strong>ι</strong></span> 
     </span>
    </p>
   </div>
   <div class='ocr_carea' id='block_1_59' title="bbox 350 3033 1931 3111">
    <p class='ocr_par' dir='ltr' id='par_1_59' title="bbox 350 3033 1920 3107">
     <span class='ocr_line' id='line_1_59' title="bbox 350 3033 1920 3107; baseline 0.003 -22"><span class='ocrx_word' id='word_1_433' title='bbox 350 3034 446 3086; x_wconf 76' lang='grc' dir='ltr'><strong>καὶ</strong></span> <span class='ocrx_word' id='word_1_434' title='bbox 472 3033 800 3104; x_wconf 68' lang='grc' dir='ltr'>ὀφθαλμοὺς,</span> <span class='ocrx_word' id='word_1_435' title='bbox 851 3036 947 3088; x_wconf 72' lang='grc' dir='ltr'><strong>καὶ</strong></span> <span class='ocrx_word' id='word_1_436' title='bbox 994 3034 1240 3103; x_wconf 89' lang='grc' dir='ltr'>γλώττας</span> <span class='ocrx_word' id='word_1_437' title='bbox 1283 3036 1382 3106; x_wconf 77' lang='grc' dir='ltr'><strong>τὴν</strong></span> <span class='ocrx_word' id='word_1_438' title='bbox 1408 3036 1562 3106; x_wconf 86' lang='grc' dir='ltr'>δίκην</span> <span class='ocrx_word' id='word_1_439' title='bbox 1604 3037 1920 3107; x_wconf 89' lang='grc' dir='ltr'>ἐσχήκασιν.</span> 
     </span>
    </p>
   </div>
   <div class='ocr_carea' id='block_1_60' title="bbox 2034 3033 3613 3111">
    <p class='ocr_par' dir='ltr' id='par_1_60' title="bbox 2034 3035 3613 3111">
     <span class='ocr_line' id='line_1_60' title="bbox 2034 3035 3613 3111; baseline -0.008 -14"><span class='ocrx_word' id='word_1_440' title='bbox 2034 3040 2243 3107; x_wconf 85' lang='lat' dir='ltr'><strong>eodem,</strong></span> <span class='ocrx_word' id='word_1_441' title='bbox 2280 3041 2491 3111; x_wconf 80' lang='lat' dir='ltr'><strong>Opinor,</strong></span> <span class='ocrx_word' id='word_1_442' title='bbox 2534 3040 2694 3096; x_wconf 80' lang='lat' dir='ltr'><strong>modo</strong></span> <span class='ocrx_word' id='word_1_443' title='bbox 2731 3048 2786 3095; x_wconf 92' lang='lat' dir='ltr'><strong>et</strong></span> <span class='ocrx_word' id='word_1_444' title='bbox 2827 3047 3069 3093; x_wconf 82' lang='lat' dir='ltr'><strong>sanctam</strong></span> <span class='ocrx_word' id='word_1_445' title='bbox 3108 3035 3385 3090; x_wconf 91' lang='lat' dir='ltr'><strong>civitatem</strong></span> <span class='ocrx_word' id='word_1_446' title='bbox 3427 3048 3613 3103; x_wconf 86' lang='lat' dir='ltr'><strong>perse-</strong></span> 
     </span>
    </p>
   </div>
   <div class='ocr_carea' id='block_1_61' title="bbox 353 3122 1931 3202">
    <p class='ocr_par' dir='ltr' id='par_1_61' title="bbox 353 3124 1924 3197">
     <span class='ocr_line' id='line_1_61' title="bbox 353 3124 1924 3197; baseline 0.001 -20"><span class='ocrx_word' id='word_1_447' title='bbox 353 3125 565 3195; x_wconf 79' lang='grc' dir='ltr'>’Ὡσπερ</span> <span class='ocrx_word' id='word_1_448' title='bbox 601 3124 709 3196; x_wconf 81' lang='grc' dir='ltr'><strong>γάρ</strong></span> <span class='ocrx_word' id='word_1_449' title='bbox 734 3127 767 3196; x_wconf 89' lang='grc' dir='ltr'><strong>ή</strong></span> <span class='ocrx_word' id='word_1_450' title='bbox 792 3125 848 3178; x_wconf 80' lang='grc' dir='ltr'>τὸ</span> <span class='ocrx_word' id='word_1_451' title='bbox 878 3125 1021 3197; x_wconf 75' lang='grc' dir='ltr'>ὕδωρ</span> <span class='ocrx_word' id='word_1_452' title='bbox 1068 3126 1163 3180; x_wconf 75' lang='grc' dir='ltr'><strong>τοῦ</strong></span> <span class='ocrx_word' id='word_1_453' title='bbox 1204 3126 1437 3197; x_wconf 86' lang='grc' dir='ltr'>ἐλεγμοῦ</span> <span class='ocrx_word' id='word_1_454' title='bbox 1490 3127 1721 3181; x_wconf 88' lang='grc' dir='ltr'>πίνουσα</span> <span class='ocrx_word' id='word_1_455' title='bbox 1753 3126 1889 3196; x_wconf 78' lang='grc' dir='ltr'>γυνὴ</span> <span class='ocrx_word' id='word_1_456' title='bbox 1910 3170 1924 3192; x_wconf 90' lang='grc'><strong>,</strong></span> 
     </span>
    </p>
   </div>
   <div class='ocr_carea' id='block_1_62' title="bbox 2034 3122 3607 3202">
    <p class='ocr_par' dir='ltr' id='par_1_62' title="bbox 2034 3122 3607 3202">
     <span class='ocr_line' id='line_1_62' title="bbox 2034 3122 3607 3202; baseline -0.006 -16"><span class='ocrx_word' id='word_1_457' title='bbox 2034 3133 2319 3202; x_wconf 86' lang='lat' dir='ltr'><strong>quentibus</strong></span> <span class='ocrx_word' id='word_1_458' title='bbox 2347 3133 2398 3186; x_wconf 91' lang='lat' dir='ltr'><strong>in</strong></span> <span class='ocrx_word' id='word_1_459' title='bbox 2431 3145 2627 3196; x_wconf 88' lang='lat' dir='ltr'><strong>carne,</strong></span> <span class='ocrx_word' id='word_1_460' title='bbox 2653 3140 2709 3186; x_wconf 91' lang='lat' dir='ltr'><strong>et</strong></span> <span class='ocrx_word' id='word_1_461' title='bbox 2736 3130 2935 3194; x_wconf 84' lang='lat' dir='ltr'><strong>oculis,</strong></span> <span class='ocrx_word' id='word_1_462' title='bbox 2965 3138 3021 3184; x_wconf 92' lang='lat' dir='ltr'><strong>et</strong></span> <span class='ocrx_word' id='word_1_463' title='bbox 3048 3122 3251 3199; x_wconf 87' lang='lat' dir='ltr'><strong>linguis</strong></span> <span class='ocrx_word' id='word_1_464' title='bbox 3279 3123 3607 3195; x_wconf 80' lang='lat' dir='ltr'><strong>supplicium</strong></span> 
     </span>
    </p>
   </div>
   <div class='ocr_carea' id='block_1_63' title="bbox 351 3215 1931 3293">
    <p class='ocr_par' dir='ltr' id='par_1_63' title="bbox 351 3215 1924 3292">
     <span class='ocr_line' id='line_1_63' title="bbox 351 3215 1924 3292; baseline 0.004 -24"><span class='ocrx_word' id='word_1_465' title='bbox 351 3216 445 3269; x_wconf 73' lang='grc' dir='ltr'>καὶ</span> <span class='ocrx_word' id='word_1_466' title='bbox 467 3215 783 3288; x_wconf 76' lang='grc' dir='ltr'>ψευσαμένη</span> <span class='ocrx_word' id='word_1_467' title='bbox 803 3216 894 3270; x_wconf 82' lang='grc' dir='ltr'><strong>τὸν</strong></span> <span class='ocrx_word' id='word_1_468' title='bbox 921 3218 1102 3289; x_wconf 84' lang='grc' dir='ltr'>ὅρκον,</span> <span class='ocrx_word' id='word_1_469' title='bbox 1137 3219 1217 3283; x_wconf 87' lang='grc' dir='ltr'><strong>είς</strong></span> <span class='ocrx_word' id='word_1_470' title='bbox 1252 3218 1423 3290; x_wconf 75' lang='grc' dir='ltr'>μηρὸν</span> <span class='ocrx_word' id='word_1_471' title='bbox 1448 3217 1760 3285; x_wconf 77' lang='grc' dir='ltr'>ἐκολάζετο,</span> <span class='ocrx_word' id='word_1_472' title='bbox 1795 3222 1924 3292; x_wconf 76' lang='grc' dir='ltr'>περὶ</span> 
     </span>
    </p>
   </div>
   <div class='ocr_carea' id='block_1_64' title="bbox 2034 3215 3612 3293">
    <p class='ocr_par' dir='ltr' id='par_1_64' title="bbox 2034 3215 3612 3293">
     <span class='ocr_line' id='line_1_64' title="bbox 2034 3215 3612 3293; baseline -0.007 -15"><span class='ocrx_word' id='word_1_473' title='bbox 2034 3222 2384 3291; x_wconf 86' lang='lat' dir='ltr'><strong>irrogabitur,</strong></span> <span class='ocrx_word' id='word_1_474' title='bbox 2421 3237 2585 3291; x_wconf 90' lang='lat' dir='ltr'><strong>penes</strong></span> <span class='ocrx_word' id='word_1_475' title='bbox 2618 3237 2756 3293; x_wconf 87' lang='lat' dir='ltr'><strong>quos</strong></span> <span class='ocrx_word' id='word_1_476' title='bbox 2784 3234 3023 3276; x_wconf 90' lang='lat' dir='ltr'><strong>amorem</strong></span> <span class='ocrx_word' id='word_1_477' title='bbox 3060 3218 3242 3274; x_wconf 88' lang='lat' dir='ltr'><strong>carnis</strong></span> <span class='ocrx_word' id='word_1_478' title='bbox 3276 3226 3332 3271; x_wconf 92' lang='lat' dir='ltr'><strong>et</strong></span> <span class='ocrx_word' id='word_1_479' title='bbox 3362 3215 3612 3282; x_wconf 84' lang='lat' dir='ltr'><strong>volupta-</strong></span> 
     </span>
    </p>
   </div>
   <div class='ocr_carea' id='block_1_65' title="bbox 349 3306 1931 3383">
    <p class='ocr_par' dir='ltr' id='par_1_65' title="bbox 349 3306 1925 3382">
     <span class='ocr_line' id='line_1_65' title="bbox 349 3306 1925 3382; baseline 0.003 -23"><span class='ocrx_word' id='word_1_480' title='bbox 349 3306 411 3359; x_wconf 82' lang='grc' dir='ltr'>ὃν</span> <span class='ocrx_word' id='word_1_481' title='bbox 452 3307 691 3376; x_wconf 85' lang='grc' dir='ltr'>γίνονται</span> <span class='ocrx_word' id='word_1_482' title='bbox 736 3308 831 3360; x_wconf 78' lang='grc' dir='ltr'><strong>καὶ</strong></span> <span class='ocrx_word' id='word_1_483' title='bbox 886 3308 955 3361; x_wconf 88' lang='grc' dir='ltr'>τὰ</span> <span class='ocrx_word' id='word_1_484' title='bbox 981 3310 1066 3361; x_wconf 82' lang='grc' dir='ltr'>’ἐκ</span> <span class='ocrx_word' id='word_1_485' title='bbox 1116 3309 1217 3377; x_wconf 83' lang='grc' dir='ltr'>τῆς</span> <span class='ocrx_word' id='word_1_486' title='bbox 1270 3308 1529 3379; x_wconf 89' lang='grc' dir='ltr'>πορνείας</span> <span class='ocrx_word' id='word_1_487' title='bbox 1569 3310 1925 3382; x_wconf 83' lang='grc' dir='ltr'>ἐγκλήματα,</span> 
     </span>
    </p>
   </div>
   <div class='ocr_carea' id='block_1_66' title="bbox 2034 3306 3614 3383">
    <p class='ocr_par' dir='ltr' id='par_1_66' title="bbox 2036 3307 3614 3383">
     <span class='ocr_line' id='line_1_66' title="bbox 2036 3307 3614 3383; baseline -0.006 -15"><span class='ocrx_word' id='word_1_488' title='bbox 2036 3315 2137 3379; x_wconf 90' lang='lat' dir='ltr'><strong>tis,</strong></span> <span class='ocrx_word' id='word_1_489' title='bbox 2170 3323 2225 3367; x_wconf 94' lang='lat' dir='ltr'><strong>et</strong></span> <span class='ocrx_word' id='word_1_490' title='bbox 2259 3313 2483 3383; x_wconf 88' lang='lat' dir='ltr'><strong>insuper</strong></span> <span class='ocrx_word' id='word_1_491' title='bbox 2511 3313 2793 3367; x_wconf 88' lang='lat' dir='ltr'><strong>oculorum</strong></span> <span class='ocrx_word' id='word_1_492' title='bbox 2829 3311 3055 3378; x_wconf 82' lang='lat' dir='ltr'><strong>delicta,</strong></span> <span class='ocrx_word' id='word_1_493' title='bbox 3090 3319 3143 3365; x_wconf 92' lang='lat' dir='ltr'><strong>et</strong></span> <span class='ocrx_word' id='word_1_494' title='bbox 3180 3309 3379 3378; x_wconf 64' lang='lat' dir='ltr'><strong>linguai</strong></span> <span class='ocrx_word' id='word_1_495' title='bbox 3414 3307 3614 3360; x_wconf 87' lang='lat' dir='ltr'><strong>intem-</strong></span> 
     </span>
    </p>
   </div>
   <div class='ocr_carea' id='block_1_67' title="bbox 354 3394 1931 3474">
    <p class='ocr_par' dir='ltr' id='par_1_67' title="bbox 354 3394 1929 3474">
     <span class='ocr_line' id='line_1_67' title="bbox 354 3394 1929 3474; baseline 0.006 -27"><span class='ocrx_word' id='word_1_496' title='bbox 354 3413 373 3445; x_wconf 79' lang='grc' dir='ltr'><strong>ι</strong></span> <span class='ocrx_word' id='word_1_497' title='bbox 414 3394 776 3466; x_wconf 86' lang='grc' dir='ltr'>Πρισθήσεται</span> <span class='ocrx_word' id='word_1_498' title='bbox 805 3395 933 3468; x_wconf 84' lang='grc' dir='ltr'>γάρ,</span> <span class='ocrx_word' id='word_1_499' title='bbox 965 3398 1119 3469; x_wconf 74' lang='grc' dir='ltr'>φησὶ,</span> <span class='ocrx_word' id='word_1_500' title='bbox 1149 3399 1243 3451; x_wconf 74' lang='grc' dir='ltr'>καὶ</span> <span class='ocrx_word' id='word_1_501' title='bbox 1275 3398 1614 3453; x_wconf 86' lang='grc' dir='ltr'>διαπεσεῖται</span> <span class='ocrx_word' id='word_1_502' title='bbox 1665 3401 1695 3453; x_wconf 86' lang='grc' dir='ltr'><strong>ό</strong></span> <span class='ocrx_word' id='word_1_503' title='bbox 1755 3402 1929 3474; x_wconf 82' lang='grc' dir='ltr'>μηρὸς</span> 
     </span>
    </p>
   </div>
   <div class='ocr_carea' id='block_1_68' title="bbox 2034 3394 2819 3474">
    <p class='ocr_par' dir='ltr' id='par_1_68' title="bbox 2035 3404 2819 3472">
     <span class='ocr_line' id='line_1_68' title="bbox 2035 3404 2819 3472; baseline 0 -14"><span class='ocrx_word' id='word_1_504' title='bbox 2035 3404 2279 3472; x_wconf 90' lang='lat' dir='ltr'><strong>perantis</strong></span> <span class='ocrx_word' id='word_1_505' title='bbox 2308 3419 2469 3458; x_wconf 83' lang='lat' dir='ltr'><strong>voces</strong></span> <span class='ocrx_word' id='word_1_506' title='bbox 2499 3404 2683 3458; x_wconf 87' lang='lat' dir='ltr'><strong>videre</strong></span> <span class='ocrx_word' id='word_1_507' title='bbox 2714 3413 2819 3458; x_wconf 89' lang='lat' dir='ltr'><strong>est.</strong></span> 
     </span>
    </p>
   </div>
   <div class='ocr_carea' id='block_1_69' title="bbox 348 3485 3611 3565">
    <p class='ocr_par' dir='ltr' id='par_1_69' title="bbox 348 3485 3611 3565">
     <span class='ocr_line' id='line_1_69' title="bbox 348 3485 3611 3565; baseline 0.005 -27"><span class='ocrx_word' id='word_1_508' title='bbox 348 3486 540 3558; x_wconf 83' lang='grc' dir='ltr'>αὐτῆς·</span> <span class='ocrx_word' id='word_1_509' title='bbox 566 3506 585 3540; x_wconf 74' lang='grc' dir='ltr'><strong>ι</strong></span> <span class='ocrx_word' id='word_1_510' title='bbox 617 3488 758 3541; x_wconf 88' lang='grc' dir='ltr'><strong>κατά</strong></span> <span class='ocrx_word' id='word_1_511' title='bbox 786 3488 877 3542; x_wconf 74' lang='grc' dir='ltr'><strong>τὸν</strong></span> <span class='ocrx_word' id='word_1_512' title='bbox 909 3489 1043 3554; x_wconf 82' lang='grc' dir='ltr'>ἴσον,</span> <span class='ocrx_word' id='word_1_513' title='bbox 1074 3485 1250 3561; x_wconf 74' lang='grc' dir='ltr'>οἶμαι,</span> <span class='ocrx_word' id='word_1_514' title='bbox 1304 3491 1505 3562; x_wconf 89' lang='grc' dir='ltr'>τρόπον</span> <span class='ocrx_word' id='word_1_515' title='bbox 1551 3493 1645 3545; x_wconf 65' lang='grc' dir='ltr'><strong>καὶ⁵</strong></span> <span class='ocrx_word' id='word_1_516' title='bbox 1710 3496 1823 3557; x_wconf 87' lang='grc' dir='ltr'>τοῖς</span> <span class='ocrx_word' id='word_1_517' title='bbox 1856 3494 1957 3565; x_wconf 80' lang='grc' dir='ltr'>τὴν</span> <span class='ocrx_word' id='word_1_518' title='bbox 1994 3495 2157 3565; x_wconf 88' lang='grc' dir='ltr'>ἀγίαν</span> <span class='ocrx_word' id='word_1_519' title='bbox 2178 3495 2434 3550; x_wconf 90' lang='grc' dir='ltr'>διώκουσι</span> <span class='ocrx_word' id='word_1_520' title='bbox 2489 3496 2667 3559; x_wconf 80' lang='grc' dir='ltr'>πόλιν,</span> <span class='ocrx_word' id='word_1_521' title='bbox 2709 3496 2791 3559; x_wconf 82' lang='grc' dir='ltr'><strong>είς</strong></span> <span class='ocrx_word' id='word_1_522' title='bbox 2822 3495 3032 3565; x_wconf 88' lang='grc' dir='ltr'>σάρκας</span> <span class='ocrx_word' id='word_1_523' title='bbox 3064 3511 3122 3548; x_wconf 89' lang='grc' dir='ltr'><strong>τε</strong></span> <span class='ocrx_word' id='word_1_524' title='bbox 3162 3494 3258 3547; x_wconf 70' lang='grc' dir='ltr'>καὶ</span> <span class='ocrx_word' id='word_1_525' title='bbox 3278 3489 3611 3561; x_wconf 64' lang='grc' dir='ltr'>ὀφθαλμοὺς,</span> 
     </span>
    </p>
   </div>
   <div class='ocr_carea' id='block_1_70' title="bbox 350 3578 3615 3663">
    <p class='ocr_par' dir='ltr' id='par_1_70' title="bbox 350 3578 3615 3663">
     <span class='ocr_line' id='line_1_70' title="bbox 350 3578 3615 3663; baseline 0.002 -31"><span class='ocrx_word' id='word_1_526' title='bbox 350 3580 443 3633; x_wconf 73' lang='lat' dir='ltr'><strong>atat</strong></span> <span class='ocrx_word' id='word_1_527' title='bbox 508 3578 759 3648; x_wconf 85' lang='grc' dir='ltr'>γλώσσας</span> <span class='ocrx_word' id='word_1_528' title='bbox 812 3583 846 3653; x_wconf 79' lang='grc' dir='ltr'>ἡ</span> <span class='ocrx_word' id='word_1_529' title='bbox 903 3582 1122 3647; x_wconf 84' lang='grc' dir='ltr'>κόλασις</span> <span class='ocrx_word' id='word_1_530' title='bbox 1148 3600 1161 3613; x_wconf 74' lang='grc' dir='ltr'><strong><em>ο</em></strong></span> <span class='ocrx_word' id='word_1_531' title='bbox 1223 3584 1552 3657; x_wconf 85' lang='grc' dir='ltr'>φιλοσαρκία</span> <span class='ocrx_word' id='word_1_532' title='bbox 1608 3587 1717 3659; x_wconf 83' lang='grc' dir='ltr'><strong>γάρ</strong></span> <span class='ocrx_word' id='word_1_533' title='bbox 1759 3588 1961 3656; x_wconf 79' lang='grc' dir='ltr'>αὐτοῖς,</span> <span class='ocrx_word' id='word_1_534' title='bbox 2035 3591 2339 3663; x_wconf 85' lang='grc' dir='ltr'>ήδυπάθειά</span> <span class='ocrx_word' id='word_1_535' title='bbox 2396 3608 2458 3645; x_wconf 82' lang='grc' dir='ltr'><strong>τε</strong></span> <span class='ocrx_word' id='word_1_536' title='bbox 2504 3591 2641 3662; x_wconf 79' lang='grc' dir='ltr'>πρὸς</span> <span class='ocrx_word' id='word_1_537' title='bbox 2693 3589 2940 3657; x_wconf 84' lang='grc' dir='ltr'>τούτοις,</span> <span class='ocrx_word' id='word_1_538' title='bbox 2998 3590 3095 3642; x_wconf 79' lang='grc' dir='ltr'><strong>καὶ</strong></span> <span class='ocrx_word' id='word_1_539' title='bbox 3127 3591 3193 3642; x_wconf 82' lang='grc' dir='ltr'>δι’</span> <span class='ocrx_word' id='word_1_540' title='bbox 3242 3586 3515 3658; x_wconf 73' lang='grc' dir='ltr'>ὀμμάτων</span> <span class='ocrx_word' id='word_1_541' title='bbox 3545 3584 3615 3637; x_wconf 81' lang='grc' dir='ltr'><strong>τά</strong></span> 
     </span>
    </p>
   </div>
   <div class='ocr_carea' id='block_1_71' title="bbox 349 3670 1694 3749">
    <p class='ocr_par' dir='ltr' id='par_1_71' title="bbox 349 3670 1694 3749">
     <span class='ocr_line' id='line_1_71' title="bbox 349 3670 1694 3749; baseline 0.007 -25"><span class='ocrx_word' id='word_1_542' title='bbox 349 3670 670 3743; x_wconf 79' lang='grc' dir='ltr'>ἐγκλήματα</span> <span class='ocrx_word' id='word_1_543' title='bbox 690 3712 706 3737; x_wconf 95' lang='grc'>,</span> <span class='ocrx_word' id='word_1_544' title='bbox 736 3674 831 3727; x_wconf 78' lang='grc' dir='ltr'><strong>καὶ</strong></span> <span class='ocrx_word' id='word_1_545' title='bbox 857 3674 1183 3729; x_wconf 84' lang='grc' dir='ltr'>ἀπαιδεύτου</span> <span class='ocrx_word' id='word_1_546' title='bbox 1214 3674 1462 3749; x_wconf 83' lang='grc' dir='ltr'>γλώττης</span> <span class='ocrx_word' id='word_1_547' title='bbox 1501 3679 1694 3747; x_wconf 85' lang='grc' dir='ltr'>φωναί.</span> 
     </span>
    </p>
   </div>
   <div class='ocr_carea' id='block_1_72' title="bbox 418 3768 1922 3843">
    <p class='ocr_par' dir='ltr' id='par_1_72' title="bbox 418 3768 1922 3843">
     <span class='ocr_line' id='line_1_72' title="bbox 418 3768 1922 3843; baseline 0.007 -22"><span class='ocrx_word' id='word_1_548' title='bbox 418 3768 528 3822; x_wconf 83' lang='lat' dir='ltr'><strong>Kal</strong></span> <span class='ocrx_word' id='word_1_549' title='bbox 561 3768 732 3821; x_wconf 83' lang='grc' dir='ltr'>ἐσται</span> <span class='ocrx_word' id='word_1_550' title='bbox 769 3768 839 3822; x_wconf 77' lang='grc' dir='ltr'><strong>ἐν</strong></span> <span class='ocrx_word' id='word_1_551' title='bbox 865 3768 941 3839; x_wconf 75' lang='grc' dir='ltr'>τῇ</span> <span class='ocrx_word' id='word_1_552' title='bbox 990 3770 1179 3839; x_wconf 74' lang='grc' dir='ltr'>ᾑμέρᾳ,</span> <span class='ocrx_word' id='word_1_553' title='bbox 1218 3771 1422 3841; x_wconf 77' lang='grc' dir='ltr'>ἐκείνῃ</span> <span class='ocrx_word' id='word_1_554' title='bbox 1472 3775 1764 3843; x_wconf 77' lang='grc' dir='ltr'>ἔκστασις</span> <span class='ocrx_word' id='word_1_555' title='bbox 1802 3780 1922 3831; x_wconf 81' lang='grc' dir='ltr'><strong>Κυ-</strong></span> 
     </span>
    </p>
   </div>
   <div class='ocr_carea' id='block_1_73' title="bbox 342 3859 1925 3935">
    <p class='ocr_par' dir='ltr' id='par_1_73' title="bbox 342 3859 1925 3935">
     <span class='ocr_line' id='line_1_73' title="bbox 342 3859 1925 3935; baseline 0.006 -21"><span class='ocrx_word' id='word_1_556' title='bbox 342 3859 478 3929; x_wconf 81' lang='grc' dir='ltr'>ρίου</span> <span class='ocrx_word' id='word_1_557' title='bbox 496 3861 728 3930; x_wconf 71' lang='grc' dir='ltr'>μεγάλη</span> <span class='ocrx_word' id='word_1_558' title='bbox 753 3860 846 3914; x_wconf 82' lang='grc' dir='ltr'>ἐπ’</span> <span class='ocrx_word' id='word_1_559' title='bbox 868 3864 1109 3929; x_wconf 83' lang='grc' dir='ltr'>αὐτούς.</span> <span class='ocrx_word' id='word_1_560' title='bbox 1138 3865 1251 3918; x_wconf 78' lang='grc' dir='ltr'>Καί</span> <span class='ocrx_word' id='word_1_561' title='bbox 1272 3865 1636 3935; x_wconf 67' lang='grc' dir='ltr'>ἐπιλήψεται</span> <span class='ocrx_word' id='word_1_562' title='bbox 1668 3868 1925 3935; x_wconf 82' lang='grc' dir='ltr'>ἕκαστος</span> 
     </span>
    </p>
   </div>
   <div class='ocr_carea' id='block_1_74' title="bbox 348 3951 1925 4028">
    <p class='ocr_par' dir='ltr' id='par_1_74' title="bbox 348 3951 1925 4028">
     <span class='ocr_line' id='line_1_74' title="bbox 348 3951 1925 4028; baseline 0.006 -23"><span class='ocrx_word' id='word_1_563' title='bbox 348 3951 459 4019; x_wconf 78' lang='grc' dir='ltr'>τῆς</span> <span class='ocrx_word' id='word_1_564' title='bbox 498 3952 700 4021; x_wconf 81' lang='grc' dir='ltr'>χειρός</span> <span class='ocrx_word' id='word_1_565' title='bbox 734 3952 839 4007; x_wconf 87' lang='grc' dir='ltr'><strong>τοῦ</strong></span> <span class='ocrx_word' id='word_1_566' title='bbox 872 3956 1141 4021; x_wconf 77' lang='grc' dir='ltr'>πλησίον</span> <span class='ocrx_word' id='word_1_567' title='bbox 1170 3957 1381 4022; x_wconf 86' lang='grc' dir='ltr'>αὐτοῦ,</span> <span class='ocrx_word' id='word_1_568' title='bbox 1421 3958 1519 4012; x_wconf 86' lang='grc' dir='ltr'><strong>καί</strong></span> <span class='ocrx_word' id='word_1_569' title='bbox 1560 3959 1925 4028; x_wconf 72' lang='grc' dir='ltr'>συμπλακῆ-</span> 
     </span>
    </p>
   </div>
   <div class='ocr_carea' id='block_1_75' title="bbox 346 4045 1927 4118">
    <p class='ocr_par' dir='ltr' id='par_1_75' title="bbox 346 4045 1927 4118">
     <span class='ocr_line' id='line_1_75' title="bbox 346 4045 1927 4118; baseline 0.005 -20"><span class='ocrx_word' id='word_1_570' title='bbox 346 4062 517 4100; x_wconf 74' lang='lat' dir='ltr'><strong>astat</strong></span> <span class='ocrx_word' id='word_1_571' title='bbox 549 4046 588 4113; x_wconf 77' lang='grc' dir='ltr'><strong><em>ἠ</em></strong></span> <span class='ocrx_word' id='word_1_572' title='bbox 625 4045 755 4115; x_wconf 82' lang='grc' dir='ltr'>χείρ</span> <span class='ocrx_word' id='word_1_573' title='bbox 788 4046 973 4101; x_wconf 85' lang='grc' dir='ltr'>αὐτοῦ</span> <span class='ocrx_word' id='word_1_574' title='bbox 1011 4047 1163 4115; x_wconf 82' lang='grc' dir='ltr'>πρὸς</span> <span class='ocrx_word' id='word_1_575' title='bbox 1190 4048 1357 4117; x_wconf 82' lang='grc' dir='ltr'>χεῖρα</span> <span class='ocrx_word' id='word_1_576' title='bbox 1394 4050 1499 4104; x_wconf 86' lang='grc' dir='ltr'><strong>τοῦ</strong></span> <span class='ocrx_word' id='word_1_577' title='bbox 1530 4052 1799 4118; x_wconf 73' lang='grc' dir='ltr'>πλησίον</span> <span class='ocrx_word' id='word_1_578' title='bbox 1822 4054 1927 4106; x_wconf 84' lang='grc' dir='ltr'><strong>αὑ-</strong></span> 
     </span>
    </p>
   </div>
   <div class='ocr_carea' id='block_1_76' title="bbox 348 4137 1921 4213">
    <p class='ocr_par' dir='ltr' id='par_1_76' title="bbox 348 4137 1921 4213">
     <span class='ocr_line' id='line_1_76' title="bbox 348 4137 1921 4213; baseline 0.006 -23"><span class='ocrx_word' id='word_1_579' title='bbox 348 4137 476 4195; x_wconf 82' lang='grc' dir='ltr'>τοῦ.</span> <span class='ocrx_word' id='word_1_580' title='bbox 502 4137 613 4193; x_wconf 79' lang='lat' dir='ltr'><strong>Kal</strong></span> <span class='ocrx_word' id='word_1_581' title='bbox 641 4141 673 4192; x_wconf 85' lang='grc' dir='ltr'><strong>ό</strong></span> <span class='ocrx_word' id='word_1_582' title='bbox 709 4138 931 4204; x_wconf 85' lang='grc' dir='ltr'>Ἰούδας</span> <span class='ocrx_word' id='word_1_583' title='bbox 974 4140 1374 4207; x_wconf 76' lang='grc' dir='ltr'>παρατάξεται</span> <span class='ocrx_word' id='word_1_584' title='bbox 1410 4143 1481 4196; x_wconf 82' lang='grc' dir='ltr'><strong>ἐν</strong></span> <span class='ocrx_word' id='word_1_585' title='bbox 1513 4143 1921 4213; x_wconf 73' lang='grc' dir='ltr'>Ἰερουσαλὴμ,</span> 
     </span>
    </p>
   </div>
   <div class='ocr_carea' id='block_1_77' title="bbox 350 4228 1925 4300">
    <p class='ocr_par' dir='ltr' id='par_1_77' title="bbox 350 4228 1925 4300">
     <span class='ocr_line' id='line_1_77' title="bbox 350 4228 1925 4300; baseline 0.005 -18"><span class='ocrx_word' id='word_1_586' title='bbox 350 4228 450 4282; x_wconf 76' lang='grc' dir='ltr'><strong>καί</strong></span> <span class='ocrx_word' id='word_1_587' title='bbox 495 4228 749 4295; x_wconf 82' lang='grc' dir='ltr'>συνάξει</span> <span class='ocrx_word' id='word_1_588' title='bbox 791 4230 903 4297; x_wconf 78' lang='grc' dir='ltr'><strong>τὴν</strong></span> <span class='ocrx_word' id='word_1_589' title='bbox 946 4231 1130 4300; x_wconf 80' lang='grc' dir='ltr'>Ισχὺν</span> <span class='ocrx_word' id='word_1_590' title='bbox 1160 4231 1403 4286; x_wconf 81' lang='grc' dir='ltr'>πάντων</span> <span class='ocrx_word' id='word_1_591' title='bbox 1438 4232 1555 4287; x_wconf 82' lang='grc' dir='ltr'><strong>τῶν</strong></span> <span class='ocrx_word' id='word_1_592' title='bbox 1602 4235 1772 4289; x_wconf 70' lang='grc' dir='ltr'><em>,λαῶν</em></span> <span class='ocrx_word' id='word_1_593' title='bbox 1824 4253 1925 4290; x_wconf 82' lang='grc' dir='ltr'>κυ-</span> 
     </span>
    </p>
   </div>
   <div class='ocr_carea' id='block_1_78' title="bbox 274 4312 1926 4413">
    <p class='ocr_par' dir='ltr' id='par_1_78' title="bbox 274 4312 1926 4413">
     <span class='ocr_line' id='line_1_78' title="bbox 274 4312 1926 4413; baseline 0.004 -40"><span class='ocrx_word' id='word_1_594' title='bbox 274 4396 287 4413; x_wconf 51' lang='lat'><strong><em>.</em></strong></span> <span class='ocrx_word' id='word_1_595' title='bbox 349 4322 570 4375; x_wconf 72' lang='grc' dir='ltr'>πλόθεν</span> <span class='ocrx_word' id='word_1_596' title='bbox 598 4322 873 4390; x_wconf 77' lang='grc' dir='ltr'>χρυσίον,</span> <span class='ocrx_word' id='word_1_597' title='bbox 910 4312 1007 4374; x_wconf 56' lang='lat' dir='ltr'><strong>Stal</strong></span> <span class='ocrx_word' id='word_1_598' title='bbox 1033 4322 1336 4391; x_wconf 76' lang='grc' dir='ltr'>ἀργύριον,</span> <span class='ocrx_word' id='word_1_599' title='bbox 1364 4324 1461 4379; x_wconf 77' lang='grc' dir='ltr'>καὶ</span> <span class='ocrx_word' id='word_1_600' title='bbox 1490 4326 1810 4397; x_wconf 80' lang='grc' dir='ltr'>ἱματισμὸν</span> <span class='ocrx_word' id='word_1_601' title='bbox 1838 4328 1926 4392; x_wconf 79' lang='grc' dir='ltr'><strong>είς</strong></span> 
     </span>
    </p>
   </div>
   <div class='ocr_carea' id='block_1_79' title="bbox 349 4410 861 4482">
    <p class='ocr_par' dir='ltr' id='par_1_79' title="bbox 349 4410 861 4482">
     <span class='ocr_line' id='line_1_79' title="bbox 349 4410 861 4482; baseline 0.006 -18"><span class='ocrx_word' id='word_1_602' title='bbox 349 4410 579 4480; x_wconf 74' lang='grc' dir='ltr'>πλῆθος</span> <span class='ocrx_word' id='word_1_603' title='bbox 606 4412 861 4482; x_wconf 70' lang='grc' dir='ltr'>σφόδρα.</span> 
     </span>
    </p>
   </div>
   <div class='ocr_carea' id='block_1_80' title="bbox 2107 3764 3611 3834">
    <p class='ocr_par' dir='ltr' id='par_1_80' title="bbox 2107 3764 3611 3834">
     <span class='ocr_line' id='line_1_80' title="bbox 2107 3764 3611 3834; baseline -0.004 -7"><span class='ocrx_word' id='word_1_604' title='bbox 2107 3772 2271 3827; x_wconf 70' lang='lat' dir='ltr'><strong>Vens.</strong></span> <span class='ocrx_word' id='word_1_605' title='bbox 2309 3771 2407 3834; x_wconf 78' lang='grc'><strong>15,</strong></span> <span class='ocrx_word' id='word_1_606' title='bbox 2444 3770 2533 3825; x_wconf 71' lang='grc'><strong>14.</strong></span> <span class='ocrx_word' id='word_1_607' title='bbox 2566 3768 2633 3823; x_wconf 87' lang='lat' dir='ltr'><strong>Et</strong></span> <span class='ocrx_word' id='word_1_608' title='bbox 2667 3769 2763 3823; x_wconf 90' lang='lat' dir='ltr'><strong>erit</strong></span> <span class='ocrx_word' id='word_1_609' title='bbox 2799 3767 2855 3821; x_wconf 85' lang='lat' dir='ltr'><strong>in</strong></span> <span class='ocrx_word' id='word_1_610' title='bbox 2889 3766 2974 3821; x_wconf 83' lang='lat' dir='ltr'><strong>die</strong></span> <span class='ocrx_word' id='word_1_611' title='bbox 3008 3765 3102 3819; x_wconf 90' lang='lat' dir='ltr'><strong>illa</strong></span> <span class='ocrx_word' id='word_1_612' title='bbox 3135 3766 3360 3820; x_wconf 75' lang='lat' dir='ltr'><strong>exstasis</strong></span> <span class='ocrx_word' id='word_1_613' title='bbox 3394 3764 3611 3821; x_wconf 72' lang='lat' dir='ltr'><strong>Domini</strong></span> 
     </span>
    </p>
   </div>
   <div class='ocr_carea' id='block_1_81' title="bbox 2031 3858 3611 3934">
    <p class='ocr_par' dir='ltr' id='par_1_81' title="bbox 2031 3858 3611 3934">
     <span class='ocr_line' id='line_1_81' title="bbox 2031 3858 3611 3934; baseline -0.004 -16"><span class='ocrx_word' id='word_1_614' title='bbox 2031 3882 2222 3934; x_wconf 80' lang='lat' dir='ltr'><strong>magna</strong></span> <span class='ocrx_word' id='word_1_615' title='bbox 2246 3879 2401 3932; x_wconf 83' lang='lat' dir='ltr'><strong>super</strong></span> <span class='ocrx_word' id='word_1_616' title='bbox 2420 3878 2528 3915; x_wconf 88' lang='lat' dir='ltr'><strong>eos.</strong></span> <span class='ocrx_word' id='word_1_617' title='bbox 2551 3860 2619 3915; x_wconf 84' lang='lat' dir='ltr'><strong>Et</strong></span> <span class='ocrx_word' id='word_1_618' title='bbox 2646 3860 2991 3930; x_wconf 81' lang='lat' dir='ltr'><strong>apprehendet</strong></span> <span class='ocrx_word' id='word_1_619' title='bbox 3020 3858 3373 3928; x_wconf 77' lang='lat' dir='ltr'><strong>unusquisque</strong></span> <span class='ocrx_word' id='word_1_620' title='bbox 3395 3875 3611 3913; x_wconf 85' lang='lat' dir='ltr'><strong>manum</strong></span> 
     </span>
    </p>
   </div>
   <div class='ocr_carea' id='block_1_82' title="bbox 2032 3950 3609 4027">
    <p class='ocr_par' dir='ltr' id='par_1_82' title="bbox 2032 3950 3609 4027">
     <span class='ocr_line' id='line_1_82' title="bbox 2032 3950 3609 4027; baseline -0.003 -18"><span class='ocrx_word' id='word_1_621' title='bbox 2032 3957 2259 4027; x_wconf 72' lang='lat' dir='ltr'><strong>proximi</strong></span> <span class='ocrx_word' id='word_1_622' title='bbox 2292 3955 2410 4019; x_wconf 89' lang='lat' dir='ltr'><strong>sui,</strong></span> <span class='ocrx_word' id='word_1_623' title='bbox 2446 3964 2492 4007; x_wconf 89' lang='lat' dir='ltr'><strong>et</strong></span> <span class='ocrx_word' id='word_1_624' title='bbox 2532 3951 2889 4023; x_wconf 79' lang='lat' dir='ltr'><strong>implicabitur</strong></span> <span class='ocrx_word' id='word_1_625' title='bbox 2919 3967 3109 4005; x_wconf 86' lang='lat' dir='ltr'><strong>manus</strong></span> <span class='ocrx_word' id='word_1_626' title='bbox 3144 3950 3257 4019; x_wconf 85' lang='lat' dir='ltr'><strong>ejus</strong></span> <span class='ocrx_word' id='word_1_627' title='bbox 3290 3951 3359 4004; x_wconf 84' lang='lat' dir='ltr'><strong>ad</strong></span> <span class='ocrx_word' id='word_1_628' title='bbox 3393 3967 3609 4005; x_wconf 86' lang='lat' dir='ltr'><strong>manum</strong></span> 
     </span>
    </p>
   </div>
   <div class='ocr_carea' id='block_1_83' title="bbox 2032 4041 3609 4118">
    <p class='ocr_par' dir='ltr' id='par_1_83' title="bbox 2032 4041 3609 4118">
     <span class='ocr_line' id='line_1_83' title="bbox 2032 4041 3609 4118; baseline -0.004 -17"><span class='ocrx_word' id='word_1_629' title='bbox 2032 4047 2263 4118; x_wconf 72' lang='lat' dir='ltr'><strong>proximi</strong></span> <span class='ocrx_word' id='word_1_630' title='bbox 2290 4047 2394 4100; x_wconf 85' lang='lat' dir='ltr'><strong>sui.</strong></span> <span class='ocrx_word' id='word_1_631' title='bbox 2423 4042 2491 4098; x_wconf 82' lang='lat' dir='ltr'><strong>Et</strong></span> <span class='ocrx_word' id='word_1_632' title='bbox 2514 4043 2545 4098; x_wconf 76' lang='grc' dir='ltr'><strong>,Ι</strong></span> <span class='ocrx_word' id='word_1_633' title='bbox 2555 4045 2685 4097; x_wconf 87' lang='lat' dir='ltr'><strong>udas</strong></span> <span class='ocrx_word' id='word_1_634' title='bbox 2710 4041 2959 4111; x_wconf 82' lang='lat' dir='ltr'><strong>pugnabit</strong></span> <span class='ocrx_word' id='word_1_635' title='bbox 2987 4042 3041 4095; x_wconf 86' lang='lat' dir='ltr'><strong>in</strong></span> <span class='ocrx_word' id='word_1_636' title='bbox 3064 4041 3383 4105; x_wconf 81' lang='lat' dir='ltr'><strong>Jerusalem,</strong></span> <span class='ocrx_word' id='word_1_637' title='bbox 3406 4049 3457 4093; x_wconf 79' lang='lat' dir='ltr'><strong>et</strong></span> <span class='ocrx_word' id='word_1_638' title='bbox 3480 4057 3609 4094; x_wconf 79' lang='lat' dir='ltr'><strong>con-</strong></span> 
     </span>
    </p>
   </div>
   <div class='ocr_carea' id='block_1_84' title="bbox 2031 4134 3614 4212">
    <p class='ocr_par' dir='ltr' id='par_1_84' title="bbox 2031 4134 3614 4212">
     <span class='ocr_line' id='line_1_84' title="bbox 2031 4134 3614 4212; baseline -0.008 -16"><span class='ocrx_word' id='word_1_639' title='bbox 2031 4141 2264 4212; x_wconf 85' lang='lat' dir='ltr'><strong>gregabit</strong></span> <span class='ocrx_word' id='word_1_640' title='bbox 2293 4141 2453 4195; x_wconf 83' lang='lat' dir='ltr'><strong>robur</strong></span> <span class='ocrx_word' id='word_1_641' title='bbox 2474 4140 2708 4193; x_wconf 87' lang='lat' dir='ltr'><strong>omnium</strong></span> <span class='ocrx_word' id='word_1_642' title='bbox 2733 4137 3045 4205; x_wconf 87' lang='lat' dir='ltr'><strong>populorum</strong></span> <span class='ocrx_word' id='word_1_643' title='bbox 3071 4149 3163 4203; x_wconf 83' lang='lat' dir='ltr'><strong>per</strong></span> <span class='ocrx_word' id='word_1_644' title='bbox 3183 4134 3484 4196; x_wconf 82' lang='lat' dir='ltr'><strong>circuitum,</strong></span> <span class='ocrx_word' id='word_1_645' title='bbox 3508 4149 3614 4185; x_wconf 85' lang='lat' dir='ltr'><strong>au-</strong></span> 
     </span>
    </p>
   </div>
   <div class='ocr_carea' id='block_1_85' title="bbox 2034 4225 3533 4303">
    <p class='ocr_par' dir='ltr' id='par_1_85' title="bbox 2034 4225 3533 4303">
     <span class='ocr_line' id='line_1_85' title="bbox 2034 4225 3533 4303; baseline -0.005 -15"><span class='ocrx_word' id='word_1_646' title='bbox 2034 4250 2149 4287; x_wconf 84' lang='lat' dir='ltr'><strong>rum</strong></span> <span class='ocrx_word' id='word_1_647' title='bbox 2177 4242 2223 4287; x_wconf 84' lang='lat' dir='ltr'><strong>et</strong></span> <span class='ocrx_word' id='word_1_648' title='bbox 2252 4243 2551 4303; x_wconf 84' lang='lat' dir='ltr'><strong>argentum,</strong></span> <span class='ocrx_word' id='word_1_649' title='bbox 2578 4241 2624 4284; x_wconf 85' lang='lat' dir='ltr'><strong>et</strong></span> <span class='ocrx_word' id='word_1_650' title='bbox 2656 4237 2839 4283; x_wconf 79' lang='lat' dir='ltr'><strong>uestem</strong></span> <span class='ocrx_word' id='word_1_651' title='bbox 2866 4227 2920 4280; x_wconf 85' lang='lat' dir='ltr'><strong>in</strong></span> <span class='ocrx_word' id='word_1_652' title='bbox 2949 4225 3335 4280; x_wconf 81' lang='lat' dir='ltr'><strong>multitudinem</strong></span> <span class='ocrx_word' id='word_1_653' title='bbox 3365 4225 3533 4281; x_wconf 82' lang='lat' dir='ltr'><strong>ualde.</strong></span> 
     </span>
    </p>
   </div>
   <div class='ocr_carea' id='block_1_86' title="bbox 418 4503 1931 4582">
    <p class='ocr_par' dir='ltr' id='par_1_86' title="bbox 418 4503 1925 4582">
     <span class='ocr_line' id='line_1_86' title="bbox 418 4503 1925 4582; baseline 0.005 -26"><span class='ocrx_word' id='word_1_654' title='bbox 418 4503 537 4556; x_wconf 76' lang='lat' dir='ltr'><strong>PO&#39;.</strong></span> <span class='ocrx_word' id='word_1_655' title='bbox 584 4505 877 4557; x_wconf 83' lang='grc' dir='ltr'>Ἐκστασιν</span> <span class='ocrx_word' id='word_1_656' title='bbox 918 4507 976 4557; x_wconf 82' lang='grc' dir='ltr'><strong>ἐν</strong></span> <span class='ocrx_word' id='word_1_657' title='bbox 1012 4506 1217 4570; x_wconf 84' lang='grc' dir='ltr'>τούτοις</span> <span class='ocrx_word' id='word_1_658' title='bbox 1253 4506 1341 4561; x_wconf 82' lang='grc' dir='ltr'>τὸν</span> <span class='ocrx_word' id='word_1_659' title='bbox 1381 4508 1565 4577; x_wconf 74' lang='grc' dir='ltr'>φόϐον,</span> <span class='ocrx_word' id='word_1_660' title='bbox 1610 4510 1778 4580; x_wconf 76' lang='grc' dir='ltr'>ἧγουν</span> <span class='ocrx_word' id='word_1_661' title='bbox 1824 4509 1925 4582; x_wconf 83' lang='grc' dir='ltr'>τὴν</span> 
     </span>
    </p>
   </div>
   <div class='ocr_carea' id='block_1_87' title="bbox 2034 4503 3609 4582">
    <p class='ocr_par' dir='ltr' id='par_1_87' title="bbox 2101 4507 3609 4576">
     <span class='ocr_line' id='line_1_87' title="bbox 2101 4507 3609 4576; baseline -0.007 -7"><span class='ocrx_word' id='word_1_662' title='bbox 2101 4513 2235 4569; x_wconf 74' lang='lat' dir='ltr'><strong>CIX.</strong></span> <span class='ocrx_word' id='word_1_663' title='bbox 2274 4514 2546 4568; x_wconf 75' lang='lat' dir='ltr'><strong>Exstasim</strong></span> <span class='ocrx_word' id='word_1_664' title='bbox 2582 4512 2683 4566; x_wconf 88' lang='lat' dir='ltr'><strong>hoc</strong></span> <span class='ocrx_word' id='word_1_665' title='bbox 2718 4510 2835 4564; x_wconf 89' lang='lat' dir='ltr'><strong>loco</strong></span> <span class='ocrx_word' id='word_1_666' title='bbox 2867 4508 3145 4572; x_wconf 89' lang='lat' dir='ltr'><strong>timorem,</strong></span> <span class='ocrx_word' id='word_1_667' title='bbox 3184 4507 3297 4561; x_wconf 88' lang='lat' dir='ltr'><strong>sive</strong></span> <span class='ocrx_word' id='word_1_668' title='bbox 3332 4516 3609 4576; x_wconf 84' lang='lat' dir='ltr'><strong>stuporem</strong></span> 
     </span>
    </p>
   </div>
   <div class='ocr_carea' id='block_1_88' title="bbox 347 4594 1921 4672">
    <p class='ocr_par' dir='ltr' id='par_1_88' title="bbox 347 4594 1921 4672">
     <span class='ocr_line' id='line_1_88' title="bbox 347 4594 1921 4672; baseline 0.005 -25"><span class='ocrx_word' id='word_1_669' title='bbox 347 4594 686 4665; x_wconf 82' lang='grc' dir='ltr'>κατάπληξιν</span> <span class='ocrx_word' id='word_1_670' title='bbox 734 4594 991 4666; x_wconf 76' lang='grc' dir='ltr'>ὀνομάζει</span> <span class='ocrx_word' id='word_1_671' title='bbox 1054 4597 1231 4651; x_wconf 85' lang='grc' dir='ltr'>πάλιν.</span> <span class='ocrx_word' id='word_1_672' title='bbox 1286 4599 1424 4653; x_wconf 85' lang='grc' dir='ltr'>Κατ’</span> <span class='ocrx_word' id='word_1_673' title='bbox 1477 4600 1655 4653; x_wconf 73' lang='grc' dir='ltr'>ἐκεῖνο</span> <span class='ocrx_word' id='word_1_674' title='bbox 1697 4600 1762 4672; x_wconf 81' lang='grc' dir='ltr'>δὴ</span> <span class='ocrx_word' id='word_1_675' title='bbox 1808 4596 1921 4663; x_wconf 86' lang='grc' dir='ltr'>οὖν,</span> 
     </span>
    </p>
   </div>
   <div class='ocr_carea' id='block_1_89' title="bbox 347 4686 1923 4762">
    <p class='ocr_par' dir='ltr' id='par_1_89' title="bbox 347 4686 1923 4762">
     <span class='ocr_line' id='line_1_89' title="bbox 347 4686 1923 4762; baseline 0.004 -22"><span class='ocrx_word' id='word_1_676' title='bbox 347 4687 501 4757; x_wconf 74' lang='grc' dir='ltr'>φησὶ,</span> <span class='ocrx_word' id='word_1_677' title='bbox 531 4686 626 4741; x_wconf 85' lang='grc' dir='ltr'><strong>τοῦ</strong></span> <span class='ocrx_word' id='word_1_678' title='bbox 661 4688 877 4758; x_wconf 72' lang='grc' dir='ltr'>καιροῦ,</span> <span class='ocrx_word' id='word_1_679' title='bbox 911 4688 1031 4743; x_wconf 77' lang='grc' dir='ltr'>καθ’</span> <span class='ocrx_word' id='word_1_680' title='bbox 1062 4689 1119 4742; x_wconf 81' lang='grc' dir='ltr'>ὃν</span> <span class='ocrx_word' id='word_1_681' title='bbox 1154 4691 1220 4743; x_wconf 85' lang='grc' dir='ltr'>ἂν</span> <span class='ocrx_word' id='word_1_682' title='bbox 1247 4688 1508 4760; x_wconf 84' lang='grc' dir='ltr'>ἀλλήλους</span> <span class='ocrx_word' id='word_1_683' title='bbox 1538 4691 1849 4762; x_wconf 81' lang='grc' dir='ltr'>ἀθροίσειαν</span> <span class='ocrx_word' id='word_1_684' title='bbox 1876 4695 1923 4746; x_wconf 90' lang='grc' dir='ltr'><strong>οί</strong></span> 
     </span>
    </p>
   </div>
   <div class='ocr_carea' id='block_1_90' title="bbox 346 4776 1926 4849">
    <p class='ocr_par' dir='ltr' id='par_1_90' title="bbox 346 4776 1926 4849">
     <span class='ocr_line' id='line_1_90' title="bbox 346 4776 1926 4849; baseline 0.004 -18"><span class='ocrx_word' id='word_1_685' title='bbox 346 4776 447 4847; x_wconf 79' lang='grc' dir='ltr'>τῆς</span> <span class='ocrx_word' id='word_1_686' title='bbox 479 4777 799 4848; x_wconf 84' lang='grc' dir='ltr'>Ἐκκλησίας</span> <span class='ocrx_word' id='word_1_687' title='bbox 825 4778 1029 4849; x_wconf 73' lang='grc' dir='ltr'>ἐχθροὶ,</span> <span class='ocrx_word' id='word_1_688' title='bbox 1070 4782 1192 4845; x_wconf 86' lang='grc' dir='ltr'>ταῖς</span> <span class='ocrx_word' id='word_1_689' title='bbox 1218 4779 1359 4834; x_wconf 86' lang='grc' dir='ltr'>οῦτω</span> <span class='ocrx_word' id='word_1_690' title='bbox 1378 4781 1574 4845; x_wconf 83' lang='grc' dir='ltr'>δειναῖς</span> <span class='ocrx_word' id='word_1_691' title='bbox 1598 4784 1926 4837; x_wconf 81' lang='grc' dir='ltr'>ὑποπίπτον-</span> 
     </span>
    </p>
   </div>
   <div class='ocr_carea' id='block_1_91' title="bbox 346 4870 1921 4944">
    <p class='ocr_par' dir='ltr' id='par_1_91' title="bbox 346 4870 1921 4944">
     <span class='ocr_line' id='line_1_91' title="bbox 346 4870 1921 4944; baseline 0.003 -22"><span class='ocrx_word' id='word_1_692' title='bbox 346 4886 447 4933; x_wconf 89' lang='grc' dir='ltr'><strong>τας</strong></span> <span class='ocrx_word' id='word_1_693' title='bbox 492 4870 704 4934; x_wconf 87' lang='grc' dir='ltr'>δίκαις,</span> <span class='ocrx_word' id='word_1_694' title='bbox 765 4873 1279 4944; x_wconf 85' lang='grc' dir='ltr'>καταπλαγήσονται</span> <span class='ocrx_word' id='word_1_695' title='bbox 1337 4874 1436 4943; x_wconf 85' lang='grc' dir='ltr'><strong>μέν</strong></span> <span class='ocrx_word' id='word_1_696' title='bbox 1482 4876 1597 4937; x_wconf 81' lang='grc' dir='ltr'>τοῖς</span> <span class='ocrx_word' id='word_1_697' title='bbox 1648 4874 1921 4944; x_wconf 91' lang='grc' dir='ltr'>δείμασιν,</span> 
     </span>
    </p>
   </div>
   <div class='ocr_carea' id='block_1_92' title="bbox 345 4963 1924 5041">
    <p class='ocr_par' dir='ltr' id='par_1_92' title="bbox 345 4963 1924 5041">
     <span class='ocr_line' id='line_1_92' title="bbox 345 4963 1924 5041; baseline 0.004 -24"><span class='ocrx_word' id='word_1_698' title='bbox 345 4963 575 5032; x_wconf 79' lang='grc' dir='ltr'>ἀφέντες</span> <span class='ocrx_word' id='word_1_699' title='bbox 610 4964 666 5018; x_wconf 81' lang='grc' dir='ltr'>δὲ</span> <span class='ocrx_word' id='word_1_700' title='bbox 711 4963 854 5020; x_wconf 77' lang='grc' dir='ltr'>οὕτω</span> <span class='ocrx_word' id='word_1_701' title='bbox 890 4965 1075 5019; x_wconf 80' lang='grc' dir='ltr'>λοιπὸν</span> <span class='ocrx_word' id='word_1_702' title='bbox 1123 4968 1185 5021; x_wconf 82' lang='grc' dir='ltr'><strong>τὸ</strong></span> <span class='ocrx_word' id='word_1_703' title='bbox 1215 4966 1432 5022; x_wconf 83' lang='grc' dir='ltr'>διώκειν</span> <span class='ocrx_word' id='word_1_704' title='bbox 1467 4967 1779 5039; x_wconf 75' lang='grc' dir='ltr'>ἀποτολμᾷν</span> <span class='ocrx_word' id='word_1_705' title='bbox 1822 4970 1924 5041; x_wconf 81' lang='grc' dir='ltr'><strong>τὴν</strong></span> 
     </span>
    </p>
   </div>
   <div class='ocr_carea' id='block_1_93' title="bbox 346 5056 1922 5133">
    <p class='ocr_par' dir='ltr' id='par_1_93' title="bbox 346 5056 1922 5133">
     <span class='ocr_line' id='line_1_93' title="bbox 346 5056 1922 5133; baseline 0.003 -24"><span class='ocrx_word' id='word_1_706' title='bbox 346 5057 508 5124; x_wconf 81' lang='grc' dir='ltr'>ἁγίαν</span> <span class='ocrx_word' id='word_1_707' title='bbox 542 5056 717 5122; x_wconf 81' lang='grc' dir='ltr'>πόλιν,</span> <span class='ocrx_word' id='word_1_708' title='bbox 746 5061 1052 5130; x_wconf 82' lang='grc' dir='ltr'>οἰχήσονται</span> <span class='ocrx_word' id='word_1_709' title='bbox 1092 5062 1190 5131; x_wconf 80' lang='grc' dir='ltr'>μὲν</span> <span class='ocrx_word' id='word_1_710' title='bbox 1230 5060 1487 5130; x_wconf 84' lang='grc' dir='ltr'>φυγάδες,</span> <span class='ocrx_word' id='word_1_711' title='bbox 1520 5062 1615 5114; x_wconf 72' lang='grc' dir='ltr'><strong>καὶ</strong></span> <span class='ocrx_word' id='word_1_712' title='bbox 1656 5061 1755 5125; x_wconf 83' lang='grc' dir='ltr'>τὰς</span> <span class='ocrx_word' id='word_1_713' title='bbox 1794 5064 1922 5133; x_wconf 83' lang='grc' dir='ltr'>παρ’</span> 
     </span>
    </p>
   </div>
   <div class='ocr_carea' id='block_1_94' title="bbox 346 5148 1923 5224">
    <p class='ocr_par' dir='ltr' id='par_1_94' title="bbox 346 5148 1923 5224">
     <span class='ocr_line' id='line_1_94' title="bbox 346 5148 1923 5224; baseline 0.005 -25"><span class='ocrx_word' id='word_1_714' title='bbox 346 5148 594 5219; x_wconf 83' lang='grc' dir='ltr'>ἀλλήλων</span> <span class='ocrx_word' id='word_1_715' title='bbox 619 5148 1004 5221; x_wconf 79' lang='grc' dir='ltr'>ἐπιζητοῦντες</span> <span class='ocrx_word' id='word_1_716' title='bbox 1043 5154 1316 5223; x_wconf 86' lang='grc' dir='ltr'>ἀνονήτως</span> <span class='ocrx_word' id='word_1_717' title='bbox 1349 5153 1689 5223; x_wconf 83' lang='grc' dir='ltr'>ἐπικουρίας,</span> <span class='ocrx_word' id='word_1_718' title='bbox 1717 5155 1923 5224; x_wconf 83' lang='grc' dir='ltr'>οὶκτροί</span> 
     </span>
    </p>
   </div>
   <div class='ocr_carea' id='block_1_95' title="bbox 347 5240 1921 5316">
    <p class='ocr_par' dir='ltr' id='par_1_95' title="bbox 347 5240 1921 5316">
     <span class='ocr_line' id='line_1_95' title="bbox 347 5240 1921 5316; baseline 0.004 -23"><span class='ocrx_word' id='word_1_719' title='bbox 347 5258 406 5293; x_wconf 89' lang='grc' dir='ltr'><strong>τε</strong></span> <span class='ocrx_word' id='word_1_720' title='bbox 439 5240 672 5307; x_wconf 76' lang='grc' dir='ltr'>ἔσονται,</span> <span class='ocrx_word' id='word_1_721' title='bbox 700 5244 794 5297; x_wconf 78' lang='grc' dir='ltr'><strong>καὶ</strong></span> <span class='ocrx_word' id='word_1_722' title='bbox 820 5244 1267 5316; x_wconf 74' lang='grc' dir='ltr'>κατερριμμένοι,</span> <span class='ocrx_word' id='word_1_723' title='bbox 1292 5244 1385 5297; x_wconf 73' lang='grc' dir='ltr'><strong>καὶ</strong></span> <span class='ocrx_word' id='word_1_724' title='bbox 1409 5244 1516 5298; x_wconf 83' lang='grc' dir='ltr'><strong>ὑπὸ</strong></span> <span class='ocrx_word' id='word_1_725' title='bbox 1541 5244 1707 5308; x_wconf 87' lang='grc' dir='ltr'>πόδας</span> <span class='ocrx_word' id='word_1_726' title='bbox 1733 5246 1921 5311; x_wconf 90' lang='grc' dir='ltr'>ἀγίων.</span> 
     </span>
    </p>
   </div>
   <div class='ocr_carea' id='block_1_96' title="bbox 360 5332 1925 5406">
    <p class='ocr_par' dir='ltr' id='par_1_96' title="bbox 360 5332 1925 5406">
     <span class='ocr_line' id='line_1_96' title="bbox 360 5332 1925 5406; baseline 0.004 -21"><span class='ocrx_word' id='word_1_727' title='bbox 360 5333 421 5385; x_wconf 90' lang='lat'><strong>&#39;0</strong></span> <span class='ocrx_word' id='word_1_728' title='bbox 463 5332 523 5386; x_wconf 84' lang='grc' dir='ltr'><strong>δέ</strong></span> <span class='ocrx_word' id='word_1_729' title='bbox 557 5350 621 5401; x_wconf 88' lang='grc' dir='ltr'><strong>γε</strong></span> <span class='ocrx_word' id='word_1_730' title='bbox 652 5334 887 5400; x_wconf 81' lang='grc' dir='ltr'>Ἰούδας,</span> <span class='ocrx_word' id='word_1_731' title='bbox 920 5335 1085 5406; x_wconf 77' lang='grc' dir='ltr'>φησὶ,</span> <span class='ocrx_word' id='word_1_732' title='bbox 1131 5337 1424 5400; x_wconf 83' lang='grc' dir='ltr'>τουτέστιν,</span> <span class='ocrx_word' id='word_1_733' title='bbox 1469 5336 1519 5388; x_wconf 85' lang='grc' dir='ltr'><strong>οί</strong></span> <span class='ocrx_word' id='word_1_734' title='bbox 1561 5336 1649 5390; x_wconf 87' lang='grc' dir='ltr'><strong>διά</strong></span> <span class='ocrx_word' id='word_1_735' title='bbox 1696 5336 1925 5402; x_wconf 86' lang='grc' dir='ltr'>πίστεως</span> 
     </span>
    </p>
   </div>
   <div class='ocr_carea' id='block_1_97' title="bbox 345 5426 1928 5500">
    <p class='ocr_par' dir='ltr' id='par_1_97' title="bbox 345 5426 1928 5500">
     <span class='ocr_line' id='line_1_97' title="bbox 345 5426 1928 5500; baseline 0.001 -20"><span class='ocrx_word' id='word_1_736' title='bbox 345 5426 447 5497; x_wconf 83' lang='grc' dir='ltr'>τῆς</span> <span class='ocrx_word' id='word_1_737' title='bbox 472 5429 552 5491; x_wconf 85' lang='grc' dir='ltr'>εἰς</span> <span class='ocrx_word' id='word_1_738' title='bbox 582 5428 814 5500; x_wconf 76' lang='grc' dir='ltr'>Χριστὸν</span> <span class='ocrx_word' id='word_1_739' title='bbox 844 5428 1273 5499; x_wconf 77' lang='grc' dir='ltr'>δεδικαιωμένοι,</span> <span class='ocrx_word' id='word_1_740' title='bbox 1302 5430 1397 5481; x_wconf 76' lang='grc' dir='ltr'>καὶ</span> <span class='ocrx_word' id='word_1_741' title='bbox 1427 5429 1518 5482; x_wconf 80' lang='grc' dir='ltr'><strong>τὸν</strong></span> <span class='ocrx_word' id='word_1_742' title='bbox 1552 5428 1740 5498; x_wconf 83' lang='grc' dir='ltr'>νοητὸν</span> <span class='ocrx_word' id='word_1_743' title='bbox 1772 5446 1928 5498; x_wconf 87' lang='grc' dir='ltr'>περι-</span> 
     </span>
    </p>
   </div>
   <div class='ocr_carea' id='block_1_98' title="bbox 347 5519 1928 5591">
    <p class='ocr_par' dir='ltr' id='par_1_98' title="bbox 347 5519 1928 5591">
     <span class='ocr_line' id='line_1_98' title="bbox 347 5519 1928 5591; baseline 0.002 -20"><span class='ocrx_word' id='word_1_744' title='bbox 347 5521 605 5591; x_wconf 81' lang='grc' dir='ltr'>φέροντες</span> <span class='ocrx_word' id='word_1_745' title='bbox 647 5520 898 5574; x_wconf 87' lang='grc' dir='ltr'>Ἰουδαῖον</span> <span class='ocrx_word' id='word_1_746' title='bbox 919 5560 935 5584; x_wconf 95' lang='grc'><strong>,</strong></span> <span class='ocrx_word' id='word_1_747' title='bbox 979 5522 1074 5575; x_wconf 77' lang='grc' dir='ltr'>καὶ</span> <span class='ocrx_word' id='word_1_748' title='bbox 1125 5521 1226 5591; x_wconf 84' lang='grc' dir='ltr'>τὴν</span> <span class='ocrx_word' id='word_1_749' title='bbox 1266 5521 1325 5572; x_wconf 82' lang='grc' dir='ltr'><strong>ἐν</strong></span> <span class='ocrx_word' id='word_1_750' title='bbox 1356 5520 1633 5591; x_wconf 84' lang='grc' dir='ltr'>Πνεύματι</span> <span class='ocrx_word' id='word_1_751' title='bbox 1669 5519 1749 5591; x_wconf 81' lang='grc' dir='ltr'>τῷ</span> <span class='ocrx_word' id='word_1_752' title='bbox 1789 5520 1928 5591; x_wconf 84' lang='grc' dir='ltr'>ἁγίῳ</span> 
     </span>
    </p>
   </div>
   <div class='ocr_carea' id='block_1_99' title="bbox 348 5609 1929 5682">
    <p class='ocr_par' dir='ltr' id='par_1_99' title="bbox 348 5609 1929 5682">
     <span class='ocr_line' id='line_1_99' title="bbox 348 5609 1929 5682; baseline 0.003 -21"><span class='ocrx_word' id='word_1_753' title='bbox 348 5609 649 5681; x_wconf 80' lang='grc' dir='ltr'>περιτομὴν</span> <span class='ocrx_word' id='word_1_754' title='bbox 694 5610 1129 5680; x_wconf 86' lang='grc' dir='ltr'>πλουτήσαντες,</span> <span class='ocrx_word' id='word_1_755' title='bbox 1181 5611 1586 5681; x_wconf 79' lang='grc' dir='ltr'>παρατάξονται</span> <span class='ocrx_word' id='word_1_756' title='bbox 1632 5614 1688 5665; x_wconf 86' lang='grc' dir='ltr'><strong>ἐν</strong></span> <span class='ocrx_word' id='word_1_757' title='bbox 1730 5612 1929 5682; x_wconf 81' lang='grc' dir='ltr'>Ἰερου-</span> 
     </span>
    </p>
   </div>
   <div class='ocr_carea' id='block_1_100' title="bbox 416 5786 1375 5853">
    <p class='ocr_par' dir='ltr' id='par_1_100' title="bbox 416 5786 1375 5853">
     <span class='ocr_line' id='line_1_100' title="bbox 416 5786 1375 5853; baseline -0.005 -9"><span class='ocrx_word' id='word_1_758' title='bbox 416 5786 463 5818; x_wconf 81' lang='lat'><strong>&quot;</strong></span> <span class='ocrx_word' id='word_1_759' title='bbox 500 5786 656 5843; x_wconf 76' lang='lat' dir='ltr'><strong>Num.</strong></span> <span class='ocrx_word' id='word_1_760' title='bbox 686 5803 739 5853; x_wconf 88' lang='lat' dir='ltr'><strong>v,</strong></span> <span class='ocrx_word' id='word_1_761' title='bbox 766 5788 855 5841; x_wconf 77' lang='lat'><strong>2|.</strong></span> <span class='ocrx_word' id='word_1_762' title='bbox 933 5786 1157 5840; x_wconf 81' lang='lat' dir='ltr'><strong>&quot;Rom.</strong></span> <span class='ocrx_word' id='word_1_763' title='bbox 1197 5803 1254 5851; x_wconf 87' lang='lat' dir='ltr'><strong>ll,</strong></span> <span class='ocrx_word' id='word_1_764' title='bbox 1291 5787 1375 5841; x_wconf 77' lang='lat'><strong>&#39;29.</strong></span> 
     </span>
    </p>
   </div>
   <div class='ocr_carea' id='block_1_101' title="bbox 2035 4598 3609 4675">
    <p class='ocr_par' dir='ltr' id='par_1_101' title="bbox 2035 4598 3609 4675">
     <span class='ocr_line' id='line_1_101' title="bbox 2035 4598 3609 4675; baseline -0.008 -12"><span class='ocrx_word' id='word_1_765' title='bbox 2035 4623 2254 4663; x_wconf 88' lang='lat' dir='ltr'><strong>rursum</strong></span> <span class='ocrx_word' id='word_1_766' title='bbox 2286 4607 2540 4675; x_wconf 84' lang='lat' dir='ltr'><strong>appellat.</strong></span> <span class='ocrx_word' id='word_1_767' title='bbox 2569 4604 2665 4658; x_wconf 89' lang='lat' dir='ltr'><strong>Illo</strong></span> <span class='ocrx_word' id='word_1_768' title='bbox 2694 4613 2937 4671; x_wconf 90' lang='lat' dir='ltr'><strong>tempore</strong></span> <span class='ocrx_word' id='word_1_769' title='bbox 2966 4601 3148 4670; x_wconf 87' lang='lat' dir='ltr'><strong>igitur,</strong></span> <span class='ocrx_word' id='word_1_770' title='bbox 3184 4598 3383 4668; x_wconf 89' lang='lat' dir='ltr'><strong>inquit,</strong></span> <span class='ocrx_word' id='word_1_771' title='bbox 3411 4612 3521 4667; x_wconf 87' lang='lat' dir='ltr'><strong>quo</strong></span> <span class='ocrx_word' id='word_1_772' title='bbox 3552 4613 3609 4651; x_wconf 86' lang='lat' dir='ltr'><strong>se</strong></span> 
     </span>
    </p>
   </div>
   <div class='ocr_carea' id='block_1_102' title="bbox 2034 4692 3610 4767">
    <p class='ocr_par' dir='ltr' id='par_1_102' title="bbox 2034 4692 3610 4767">
     <span class='ocr_line' id='line_1_102' title="bbox 2034 4692 3610 4767; baseline -0.006 -13"><span class='ocrx_word' id='word_1_773' title='bbox 2034 4709 2224 4754; x_wconf 90' lang='lat' dir='ltr'><strong>mutuo</strong></span> <span class='ocrx_word' id='word_1_774' title='bbox 2262 4698 2633 4767; x_wconf 84' lang='lat' dir='ltr'><strong>aggregabunt</strong></span> <span class='ocrx_word' id='word_1_775' title='bbox 2672 4694 2926 4750; x_wconf 66' lang='lat' dir='ltr'><strong>Ecclesiae</strong></span> <span class='ocrx_word' id='word_1_776' title='bbox 2971 4693 3157 4747; x_wconf 86' lang='lat' dir='ltr'><strong>hostes</strong></span> <span class='ocrx_word' id='word_1_777' title='bbox 3204 4701 3312 4746; x_wconf 88' lang='lat' dir='ltr'><strong>tam</strong></span> <span class='ocrx_word' id='word_1_778' title='bbox 3351 4692 3610 4763; x_wconf 85' lang='lat' dir='ltr'><strong>gravibus</strong></span> 
     </span>
    </p>
   </div>
   <div class='ocr_carea' id='block_1_103' title="bbox 2032 4781 3607 4858">
    <p class='ocr_par' dir='ltr' id='par_1_103' title="bbox 2032 4781 3607 4858">
     <span class='ocr_line' id='line_1_103' title="bbox 2032 4781 3607 4858; baseline -0.004 -18"><span class='ocrx_word' id='word_1_779' title='bbox 2032 4787 2211 4858; x_wconf 79' lang='lat' dir='ltr'><strong>ptenis</strong></span> <span class='ocrx_word' id='word_1_780' title='bbox 2237 4785 2499 4850; x_wconf 86' lang='lat' dir='ltr'><strong>irretitos,</strong></span> <span class='ocrx_word' id='word_1_781' title='bbox 2524 4785 2909 4853; x_wconf 88' lang='lat' dir='ltr'><strong>obstupescent</strong></span> <span class='ocrx_word' id='word_1_782' title='bbox 2934 4781 3008 4836; x_wconf 88' lang='lat' dir='ltr'><strong>illi</strong></span> <span class='ocrx_word' id='word_1_783' title='bbox 3034 4783 3253 4852; x_wconf 86' lang='lat' dir='ltr'><strong>quidem</strong></span> <span class='ocrx_word' id='word_1_784' title='bbox 3282 4782 3607 4845; x_wconf 85' lang='lat' dir='ltr'><strong>terroribus,</strong></span> 
     </span>
    </p>
   </div>
   <div class='ocr_carea' id='block_1_104' title="bbox 2034 4875 3608 4944">
    <p class='ocr_par' dir='ltr' id='par_1_104' title="bbox 2034 4875 3608 4944">
     <span class='ocr_line' id='line_1_104' title="bbox 2034 4875 3608 4944; baseline -0.005 -10"><span class='ocrx_word' id='word_1_785' title='bbox 2034 4880 2223 4934; x_wconf 87' lang='lat' dir='ltr'><strong>relicta</strong></span> <span class='ocrx_word' id='word_1_786' title='bbox 2262 4888 2443 4934; x_wconf 83' lang='lat' dir='ltr'><strong>autem</strong></span> <span class='ocrx_word' id='word_1_787' title='bbox 2478 4878 2546 4932; x_wconf 88' lang='lat' dir='ltr'><strong>de</strong></span> <span class='ocrx_word' id='word_1_788' title='bbox 2579 4884 2778 4931; x_wconf 70' lang='lat' dir='ltr'><strong>caetero</strong></span> <span class='ocrx_word' id='word_1_789' title='bbox 2810 4875 3036 4930; x_wconf 87' lang='lat' dir='ltr'><strong>audacia</strong></span> <span class='ocrx_word' id='word_1_790' title='bbox 3076 4875 3436 4944; x_wconf 87' lang='lat' dir='ltr'><strong>persequendi</strong></span> <span class='ocrx_word' id='word_1_791' title='bbox 3478 4889 3608 4929; x_wconf 90' lang='lat' dir='ltr'><strong>san-</strong></span> 
     </span>
    </p>
   </div>
   <div class='ocr_carea' id='block_1_105' title="bbox 2032 4966 3610 5034">
    <p class='ocr_par' dir='ltr' id='par_1_105' title="bbox 2032 4966 3610 5034">
     <span class='ocr_line' id='line_1_105' title="bbox 2032 4966 3610 5034; baseline -0.005 -8"><span class='ocrx_word' id='word_1_792' title='bbox 2032 4982 2176 5026; x_wconf 88' lang='lat' dir='ltr'><strong>ctam</strong></span> <span class='ocrx_word' id='word_1_793' title='bbox 2216 4971 2513 5034; x_wconf 90' lang='lat' dir='ltr'><strong>civitatem,</strong></span> <span class='ocrx_word' id='word_1_794' title='bbox 2556 4969 2812 5024; x_wconf 88' lang='lat' dir='ltr'><strong>recedent</strong></span> <span class='ocrx_word' id='word_1_795' title='bbox 2848 4967 3085 5030; x_wconf 81' lang='lat' dir='ltr'><strong>exsules,</strong></span> <span class='ocrx_word' id='word_1_796' title='bbox 3125 4976 3181 5019; x_wconf 89' lang='lat' dir='ltr'><strong>et</strong></span> <span class='ocrx_word' id='word_1_797' title='bbox 3222 4967 3425 5021; x_wconf 79' lang='lat' dir='ltr'><strong>frustra</strong></span> <span class='ocrx_word' id='word_1_798' title='bbox 3469 4966 3610 5019; x_wconf 89' lang='lat' dir='ltr'><strong>inter</strong></span> 
     </span>
    </p>
   </div>
   <div class='ocr_carea' id='block_1_106' title="bbox 2032 5042 3607 5129">
    <p class='ocr_par' dir='ltr' id='par_1_106' title="bbox 2032 5042 3607 5129">
     <span class='ocr_line' id='line_1_106' title="bbox 2032 5042 3607 5129; baseline -0.006 -12"><span class='ocrx_word' id='word_1_799' title='bbox 2032 5078 2092 5117; x_wconf 88' lang='lat' dir='ltr'><strong>se</strong></span> <span class='ocrx_word' id='word_1_800' title='bbox 2122 5062 2321 5117; x_wconf 81' lang='lat' dir='ltr'><strong>auxilia</strong></span> <span class='ocrx_word' id='word_1_801' title='bbox 2348 5070 2593 5129; x_wconf 88' lang='lat' dir='ltr'><strong>poscent,</strong></span> <span class='ocrx_word' id='word_1_802' title='bbox 2624 5042 3066 5128; x_wconf 83' lang='lat' dir='ltr'><strong>miserabilesqne</strong></span> <span class='ocrx_word' id='word_1_803' title='bbox 3092 5067 3272 5120; x_wconf 86' lang='lat' dir='ltr'><strong>erunt,</strong></span> <span class='ocrx_word' id='word_1_804' title='bbox 3305 5068 3361 5112; x_wconf 91' lang='lat' dir='ltr'><strong>et</strong></span> <span class='ocrx_word' id='word_1_805' title='bbox 3388 5056 3607 5127; x_wconf 66' lang='lat' dir='ltr'><strong>abiecti,</strong></span> 
     </span>
    </p>
   </div>
   <div class='ocr_carea' id='block_1_107' title="bbox 2032 5148 3607 5223">
    <p class='ocr_par' dir='ltr' id='par_1_107' title="bbox 2032 5148 3607 5223">
     <span class='ocr_line' id='line_1_107' title="bbox 2032 5148 3607 5223; baseline -0.006 -13"><span class='ocrx_word' id='word_1_806' title='bbox 2032 5165 2088 5210; x_wconf 93' lang='lat' dir='ltr'><strong>et</strong></span> <span class='ocrx_word' id='word_1_807' title='bbox 2115 5163 2430 5209; x_wconf 90' lang='lat' dir='ltr'><strong>sanctorum</strong></span> <span class='ocrx_word' id='word_1_808' title='bbox 2458 5153 2687 5223; x_wconf 85' lang='lat' dir='ltr'><strong>pedibus</strong></span> <span class='ocrx_word' id='word_1_809' title='bbox 2714 5150 2965 5221; x_wconf 87' lang='lat' dir='ltr'><strong>subjecti.</strong></span> <span class='ocrx_word' id='word_1_810' title='bbox 2990 5148 3157 5204; x_wconf 70' lang='lat' dir='ltr'><strong>ludas</strong></span> <span class='ocrx_word' id='word_1_811' title='bbox 3183 5158 3386 5211; x_wconf 87' lang='lat' dir='ltr'><strong>autem,</strong></span> <span class='ocrx_word' id='word_1_812' title='bbox 3413 5148 3607 5217; x_wconf 82' lang='lat' dir='ltr'><strong>inquit.</strong></span> 
     </span>
    </p>
   </div>
   <div class='ocr_carea' id='block_1_108' title="bbox 2036 5237 3606 5313">
    <p class='ocr_par' dir='ltr' id='par_1_108' title="bbox 2036 5237 3606 5313">
     <span class='ocr_line' id='line_1_108' title="bbox 2036 5237 3606 5313; baseline -0.003 -15"><span class='ocrx_word' id='word_1_813' title='bbox 2036 5246 2137 5298; x_wconf 89' lang='lat' dir='ltr'><strong>hoc</strong></span> <span class='ocrx_word' id='word_1_814' title='bbox 2159 5253 2262 5307; x_wconf 90' lang='lat' dir='ltr'><strong>est,</strong></span> <span class='ocrx_word' id='word_1_815' title='bbox 2290 5257 2387 5313; x_wconf 89' lang='lat' dir='ltr'><strong>per</strong></span> <span class='ocrx_word' id='word_1_816' title='bbox 2411 5244 2568 5297; x_wconf 80' lang='lat' dir='ltr'><strong>[idem</strong></span> <span class='ocrx_word' id='word_1_817' title='bbox 2594 5243 2646 5295; x_wconf 91' lang='lat' dir='ltr'><strong>in</strong></span> <span class='ocrx_word' id='word_1_818' title='bbox 2671 5240 2946 5296; x_wconf 83' lang='lat' dir='ltr'><strong>Christum</strong></span> <span class='ocrx_word' id='word_1_819' title='bbox 2966 5240 3263 5310; x_wconf 85' lang='lat' dir='ltr'><strong>justilicati.</strong></span> <span class='ocrx_word' id='word_1_820' title='bbox 3290 5250 3345 5293; x_wconf 89' lang='lat' dir='ltr'><strong>ct</strong></span> <span class='ocrx_word' id='word_1_821' title='bbox 3365 5237 3606 5293; x_wconf 64' lang='lat' dir='ltr'><strong>Judaeum</strong></span> 
     </span>
    </p>
   </div>
   <div class='ocr_carea' id='block_1_109' title="bbox 2033 5331 3605 5405">
    <p class='ocr_par' dir='ltr' id='par_1_109' title="bbox 2033 5331 3605 5405">
     <span class='ocr_line' id='line_1_109' title="bbox 2033 5331 3605 5405; baseline -0.004 -15"><span class='ocrx_word' id='word_1_822' title='bbox 2033 5351 2193 5405; x_wconf 91' lang='lat' dir='ltr'><strong>quem</strong></span> <span class='ocrx_word' id='word_1_823' title='bbox 2222 5345 2399 5390; x_wconf 86' lang='lat' dir='ltr'><strong>mente</strong></span> <span class='ocrx_word' id='word_1_824' title='bbox 2427 5335 2719 5397; x_wconf 83' lang='lat' dir='ltr'><strong>intuentur,</strong></span> <span class='ocrx_word' id='word_1_825' title='bbox 2746 5332 3217 5394; x_wconf 83' lang='lat' dir='ltr'><strong>circumferentes,</strong></span> <span class='ocrx_word' id='word_1_826' title='bbox 3242 5339 3299 5386; x_wconf 84' lang='lat' dir='ltr'><strong>et</strong></span> <span class='ocrx_word' id='word_1_827' title='bbox 3323 5331 3605 5385; x_wconf 86' lang='lat' dir='ltr'><strong>circumci-</strong></span> 
     </span>
    </p>
   </div>
   <div class='ocr_carea' id='block_1_110' title="bbox 2033 5420 3603 5499">
    <p class='ocr_par' dir='ltr' id='par_1_110' title="bbox 2033 5420 3603 5499">
     <span class='ocr_line' id='line_1_110' title="bbox 2033 5420 3603 5499; baseline -0.006 -16"><span class='ocrx_word' id='word_1_828' title='bbox 2033 5427 2189 5483; x_wconf 87' lang='lat' dir='ltr'><strong>sione</strong></span> <span class='ocrx_word' id='word_1_829' title='bbox 2224 5426 2491 5499; x_wconf 85' lang='lat' dir='ltr'><strong>spirituali</strong></span> <span class='ocrx_word' id='word_1_830' title='bbox 2526 5426 2723 5482; x_wconf 87' lang='lat' dir='ltr'><strong>divites</strong></span> <span class='ocrx_word' id='word_1_831' title='bbox 2738 5426 2809 5492; x_wconf 82' lang='lat'><strong>”,</strong></span> <span class='ocrx_word' id='word_1_832' title='bbox 2844 5424 3157 5495; x_wconf 86' lang='lat' dir='ltr'><strong>pugnabunt</strong></span> <span class='ocrx_word' id='word_1_833' title='bbox 3187 5423 3240 5477; x_wconf 91' lang='lat' dir='ltr'><strong>in</strong></span> <span class='ocrx_word' id='word_1_834' title='bbox 3273 5420 3569 5478; x_wconf 82' lang='lat' dir='ltr'><strong>Jerusalem</strong></span> <span class='ocrx_word' id='word_1_835' title='bbox 3590 5461 3603 5484; x_wconf 88' lang='lat'><strong>,</strong></span> 
     </span>
    </p>
   </div>
   <div class='ocr_carea' id='block_1_111' title="bbox 2035 5511 3617 5588">
    <p class='ocr_par' dir='ltr' id='par_1_111' title="bbox 2035 5511 3617 5588">
     <span class='ocr_line' id='line_1_111' title="bbox 2035 5511 3617 5588; baseline -0.007 -15"><span class='ocrx_word' id='word_1_836' title='bbox 2035 5519 2137 5573; x_wconf 90' lang='lat' dir='ltr'><strong>hoc</strong></span> <span class='ocrx_word' id='word_1_837' title='bbox 2168 5526 2271 5584; x_wconf 90' lang='lat' dir='ltr'><strong>est,</strong></span> <span class='ocrx_word' id='word_1_838' title='bbox 2305 5516 2692 5588; x_wconf 86' lang='lat' dir='ltr'><strong>oppugnabunt</strong></span> <span class='ocrx_word' id='word_1_839' title='bbox 2726 5515 2930 5579; x_wconf 89' lang='lat' dir='ltr'><strong>hostes,</strong></span> <span class='ocrx_word' id='word_1_840' title='bbox 2962 5524 3018 5568; x_wconf 89' lang='lat' dir='ltr'><strong>et</strong></span> <span class='ocrx_word' id='word_1_841' title='bbox 3052 5513 3379 5567; x_wconf 69' lang='lat' dir='ltr'><strong>adversariis</strong></span> <span class='ocrx_word' id='word_1_842' title='bbox 3410 5511 3617 5565; x_wconf 66' lang='lat' dir='ltr'><strong>virtute</strong></span> 
     </span>
    </p>
   </div>
   <div class='ocr_carea' id='block_1_112' title="bbox 2035 5600 3605 5681">
    <p class='ocr_par' dir='ltr' id='par_1_112' title="bbox 2035 5600 3605 5681">
     <span class='ocr_line' id='line_1_112' title="bbox 2035 5600 3605 5681; baseline -0.004 -18"><span class='ocrx_word' id='word_1_843' title='bbox 2035 5608 2425 5679; x_wconf 64' lang='lat' dir='ltr'><strong>praevalebunt,</strong></span> <span class='ocrx_word' id='word_1_844' title='bbox 2465 5605 2848 5681; x_wconf 86' lang='lat' dir='ltr'><strong>conculcantes</strong></span> <span class='ocrx_word' id='word_1_845' title='bbox 2881 5620 2973 5662; x_wconf 83' lang='lat' dir='ltr'><strong>cos</strong></span> <span class='ocrx_word' id='word_1_846' title='bbox 3008 5614 3066 5659; x_wconf 92' lang='lat' dir='ltr'><strong>ut</strong></span> <span class='ocrx_word' id='word_1_847' title='bbox 3102 5604 3441 5673; x_wconf 86' lang='lat' dir='ltr'><strong>scorpiones,</strong></span> <span class='ocrx_word' id='word_1_848' title='bbox 3481 5618 3502 5655; x_wconf 79' lang='grc' dir='ltr'><strong>ι</strong></span> <span class='ocrx_word' id='word_1_849' title='bbox 3542 5600 3605 5657; x_wconf 74' lang='lat' dir='ltr'><strong>Et</strong></span> 
     </span>
    </p>
   </div>
  </div>
