4120 6376
494 366 605 424 265

1492 362 1550 417 S.
1591 358 1862 417 CYRILLI
1897 357 2369 415 ALEXANDBIM
2406 355 2723 413 ARCHIEP.

3651 355 3754 416 161

492 493 655 551 super
676 477 913 549 aspidem
939 491 1004 533 ac
1026 475 1336 532 basiliscum
1360 475 1723 540 ambulantes,
1748 475 2064 543 leonemque

2168 473 2387 544 σαλὴμ,
2434 472 2717 535 τουτέστι,
2765 473 3330 544 καταστρατεύσονται
3365 471 3473 526 τῶν
3522 472 3752 543 ἐχθρῶν,

492 582 547 626 et
581 574 871 627 draconem
892 569 940 602 ’δ
978 589 997 621 ι
1037 583 1263 639 prorsus
1300 577 1729 623 contemnentes.
1767 567 1937 622 Erunt
1975 581 2072 619 au-

492 676 599 720 tem
645 664 881 719 illustres
925 675 982 719 et
1026 660 1404 724 admirabiles,
1444 661 1613 731 808
1653 676 1719 715 ex
1765 658 2069 715 istiusmodi

492 757 766 826 praeclaris
805 755 1137 810 facinoribus
1180 755 1494 808 thesaurum
1538 764 1596 808 ut
1636 767 1853 817 aurum,
1889 762 1945 806 et
1983 767 2071 804 ar-

491 859 709 916 gentum
726 888 741 913 ,
767 856 821 902 et
843 858 1042 903 vestem
1068 850 1360 918 pretiosam
1390 846 1723 917 colligentes.
1749 846 1900 913 Quod
1924 847 2067 899 enim

492 940 790 1007 prophetia:
818 942 1083 995 sententia
1119 956 1222 996 non
1253 942 1323 994 sit
1351 941 1403 993 in
1437 941 1502 993 iis
1532 955 1652 1009 qua:
1689 954 1908 995 sensum
1942 953 2068 992 cor-

492 1031 644 1099 poris
682 1040 929 1101 tangunt,
964 1041 1173 1086 certum
1208 1041 1311 1086 est.
1346 1031 1555 1085 Divitiae
1589 1046 1821 1099 namque
1852 1040 2069 1084 sancto-

491 1134 611 1173 rum
660 1135 763 1174 non
810 1132 936 1175 sunt
984 1122 1224 1177 iuteritui
1269 1122 1517 1177 obnoxiae
1561 1134 1615 1176 et
1658 1131 1925 1185 terreuze;
1974 1119 2069 1174 sed

492 1224 612 1282 quae
664 1211 1030 1282 intelliguntur
1071 1221 1311 1277 tantum,
1360 1221 1413 1267 et
1461 1212 1712 1267 caelestes
1760 1226 1823 1266 ac
1870 1209 2069 1279 sempi-

464 1307 467 1311 ’
497 1315 699 1371 ternae,
730 1320 865 1375 quas
898 1306 1182 1360 animabus
1213 1306 1325 1360 suis
1354 1314 1685 1375 congregant
1715 1305 1805 1373 qui
1840 1303 2067 1365 docent,

493 1408 549 1453 et
581 1399 702 1453 aliis
737 1398 1038 1453 rationibus
1074 1399 1126 1451 in
1165 1398 1401 1453 Ecclesia
1436 1399 1767 1452 clarescunt.
1804 1395 2070 1463 Diripiunt

492 1493 636 1546 enim
674 1492 1075 1559 quodammodo
1110 1491 1278 1544 robur
1312 1490 1552 1545 omnium
1590 1488 1939 1557 p0pulorum,
1976 1500 2071 1555 per

493 1580 653 1634 fidem
681 1580 746 1632 ad
773 1578 1049 1634 Christum
1079 1589 1264 1649 gentes
1291 1579 1587 1647 praecipuas
1613 1577 1961 1632 adducentes.
1980 1575 2071 1629 Sic

490 1672 637 1727 enim
666 1683 718 1727 et
751 1672 862 1741 ipse
892 1672 1026 1726 dixit
1055 1688 1112 1726 se
1144 1672 1432 1741 diripuisse
1462 1686 1587 1724 vasa
1618 1670 1772 1723 fortis
1790 1670 1858 1722 ".
1918 1668 2069 1735 Quod

492 1763 539 1817 si
567 1762 688 1831 quis
718 1764 861 1817 dicat
896 1759 1089 1817 ludam
1122 1777 1450 1832 congregare
1482 1761 1645 1816 robur
1702 1762 1940 1815 omnium
1970 1775 2067 1829 po-

2172 563 2716 618 κατανεανιεύσονται
2742 562 2851 616 τῶν
2882 564 3311 634 ἀνθεστηκότων,
3345 564 3757 635 συμπατοῦντες

2168 655 2246 719 ὡς
2285 656 2613 728 σκορπίους,
2654 675 2673 706 ι
2718 656 2834 710 Ἐπ’
2872 657 3103 721 ἀσπίδα,
3149 658 3245 710 καὶ
3290 657 3600 727 βασιλίσκον
3635 659 3757 711 ἑπι-

2171 747 2467 813 6αίνοντες,
2498 748 2710 812 λέοντός
2740 765 2801 801 τε
2830 749 2925 801 καὶ
2955 748 3244 819 δράκοντος
3272 768 3289 798 ι
3325 751 3405 812 εἰς
3435 750 3580 802 ἀπαν
3605 752 3760 820 ἠφει-

2170 838 2414 909 δηκότες.
2450 839 2705 893 Ἔσονται
2745 840 2803 893 δὲ
2836 840 3118 912 λαμπροὶ,
3164 841 3259 894 καὶ
3293 840 3714 911 ἀξιοθαύμαστα
3736 883 3751 905 ,

2170 931 2260 983 τὸν
2307 933 2371 984 ἐκ
2417 931 2525 985 τῶν
2575 933 2835 986 τοιούτων
2905 931 3347 1005 κατορθωμάτων
3407 932 3753 1000 συλλέγοντες

2171 1023 2400 1076 πλοῦτον
2435 1025 2511 1089 ὡς
2550 1026 2795 1095 χρυσίον,
2838 1026 2936 1077 καὶ
2979 1025 3263 1096 ἀργύριον,
3311 1025 3405 1077 καὶ
3440 1024 3749 1094 ἱματισμόν.

2173 1115 2295 1169 Ὀτι
2322 1116 2431 1187 γάρ
2458 1117 2558 1170 οὐκ
2586 1117 2642 1171 ἐν
2680 1135 2743 1186 γε
2776 1120 2887 1181 τοῖς
2919 1116 3195 1187 αἰσθητοῖς
3223 1118 3323 1184 τῆς
3363 1116 3695 1187 προφητείας
3725 1119 3754 1169 6

2170 1208 2327 1273 νοῦς,
2370 1208 2487 1273 πῶς
2528 1208 2595 1262 ἂν
2645 1210 2935 1264 ἐνδοιάσειέ
2976 1209 3354 1273 τιςςῐῐλοῦτος
3394 1210 3505 1279 γὰρ
3559 1209 3749 1276 ἁγίων,

2169 1303 2266 1372 οὐχ
2296 1304 2324 1354 ὁ
2359 1302 2599 1372 φθαρτὸς
2634 1304 2727 1355 καὶ
2761 1302 3022 1371 ἐπίγειος,
3055 1302 3168 1355 ἀλλ’
3193 1304 3220 1354 6
3254 1302 3441 1373 νοητὸς
3471 1301 3566 1353 καί
3593 1302 3754 1353 ἐπουσ

2171 1392 2357 1463 ράνιος
2403 1392 2499 1444 κα)⁸
2542 1392 2818 1463 διηνεκὴς,
2867 1392 2926 1445 ὃν
2966 1391 3344 1463 συναγείρουσι
3378 1394 3497 1454 ταῖς
3543 1390 3751 1443 ἑαυτῶν

2167 1485 2368 1555 ψυχαῖς
2400 1488 2449 1538 οἰ
2488 1485 2830 1547 διδάσκοντες
2866 1503 2925 1538 τε
2967 1486 3063 1538 καὶ
3108 1484 3230 1539 καθ’
3270 1486 3487 1556 ἐτέρους
3517 1484 3751 1556 τρόπους

2166 1576 2576 1646 εὐδοκιμοῦντες
2599 1580 2657 1631 ἐν
2695 1577 3004 1649 Ἐκκλησία.
3032 1576 3400 1648 Διαρπάζουσι
3429 1577 3539 1648 γὰρ
3565 1577 3751 1647 ὥσπερ

2168 1668 2267 1738 τὴν
2313 1668 2465 1737 ἰσχὺν
2518 1671 2736 1721 πάντων
2783 1668 2893 1720 τῶν
2926 1667 3088 1734 λαῶν,
3122 1667 3487 1739 προσάγοντες
3530 1665 3618 1719 διὰ
3663 1665 3751 1718 πί-

2172 1776 2341 1823 στεως
2373 1758 2452 1829 τῷ
2484 1759 2705 1831 Χριστῷ
2736 1761 2802 1814 τὰ
2834 1758 3084 1831 ἐξαίρετα
3108 1760 3218 1813 τῶν
3245 1759 3433 1814 ἐθνῶν.
3460 1757 3618 1812 Οὓτω
3642 1759 3751 1828 γὰρ

491 1854 739 1922 pulorum
774 1854 827 1907 in
862 1855 1116 1919 circuitu,
1153 1869 1368 1919 aurum,
1405 1862 1712 1924 argentum,
1748 1862 1975 1915 vestem,
2012 1859 2064 1905 ut

2172 1848 2274 1920 ἔφη
2316 1850 2407 1903 καὶ
2456 1851 2620 1915 αὐτὸς
2653 1852 3013 1923 διηρπακέναι
3050 1851 3121 1904 τὰ
3168 1850 3336 1921 σκεύη
3374 1849 3466 1902 τοῦ
3507 1848 3747 1921 ἰσχυροῦ.

493 1945 857 2015 intelligamus
890 1949 1052 2000 etiam
1091 1948 1415 2001 mundanam
1455 1948 1776 2015 sapientiam
1804 1945 2070 2013 Colligen-

494 2047 608 2103 tes,
656 2038 954 2092 claritatem
1005 2038 1238 2093 nominis
1288 2038 1550 2108 adipisci,
1592 2039 1717 2090 dum
1765 2052 1860 2106 per
1900 2038 2069 2106 ipsam

492 2129 745 2200 dogmata
790 2129 1007 2199 pietatis
1050 2138 1272 2184 tuentur
1302 2144 1364 2183 ac
1401 2128 1725 2194 defendunt,
1760 2127 2070 2182 verisimilia

492 2221 709 2274 sentiet.
746 2220 1129 2288 Spoliaverunt
1161 2221 1306 2276 enim
1340 2221 1467 2274 olim
1495 2218 1782 2290 JEgyptios
1818 2219 2071 2273 mulieres

494 2312 764 2381 sapientes
806 2312 1157 2379 lsraelitides,
1199 2328 1228 2366 a
1271 2312 1462 2367 vicinis
1502 2320 1560 2366 et
1598 2310 2072 2367 contubernalibus

484 2409 608 2460 suis
635 2419 766 2459 vasa
801 2422 963 2461 aurea
1001 2414 1057 2461 et
1091 2416 1367 2478 argentea,
1399 2416 1454 2462 et
1486 2418 1691 2462 vestem
1728 2406 2065 2462 mutuatae".

493 2498 680 2568 Itaque
708 2507 766 2551 ut
797 2498 848 2551 in
881 2499 948 2553 iis
974 2514 1095 2569 qua:
1126 2499 1262 2554 foris
1290 2500 1616 2565 sentiuntur,
1648 2508 1703 2555 et
1735 2508 1793 2554 ut
1822 2501 1877 2555 in
1908 2500 2069 2556 rebus

493 2592 596 2647 sub
623 2600 898 2660 aspectum
923 2593 1266 2648 venientibus
1291 2593 1544 2663 splendor
1568 2594 1831 2649 bonorum
1859 2596 1924 2649 ad
1954 2597 2070 2648 ani-

498 2699 644 2738 mum
673 2684 1056 2753 pertinentium
1083 2687 1425 2755 exprimitur.
1454 2685 1731 2739 Primarim
1754 2696 1931 2740 autem
1957 2703 2070 2740 ma-

492 2776 783 2847 gistrorum
832 2778 1033 2832 divitia:
1083 2785 1211 2832 sunt
1259 2776 1531 2849 discipuli.
1576 2777 1809 2834 Proinde
1857 2780 2069 2835 divinus

495 2869 697 2925 Paulus
731 2886 824 2940 per
857 2870 1028 2940 ipsum
1067 2870 1303 2926 salvatos
1339 2881 1393 2925 et
1432 2871 1592 2927 fidem
1628 2872 1959 2942 amplexatos
1998 2873 2068 2927 ita

493 2962 870 3032 alloquebatur
900 2982 912 3017 :
951 2981 970 3014 ι
1006 2960 1109 3018 Per
1132 2963 1505 3033 gloriationem
1536 2975 1804 3030 vestram,
1836 2965 2029 3020 fratres
2050 3006 2063 3029 ,

493 3069 653 3123 quam
682 3055 856 3109 habeo
881 3054 931 3109 in
957 3054 1174 3111 Christo
1196 3054 1324 3110 Jesu
1342 3057 1418 3124 '7;
1450 3076 1469 3108 ι
1496 3067 1550 3112 et
1576 3073 1789 3113 rursum
1814 3073 2067 3113 coronam

494 3156 552 3202 et
582 3148 834 3218 gaudium
866 3164 1019 3202 suum
1048 3165 1142 3205 eos
1171 3151 1413 3204 nominat
1433 3150 1480 3180 "

565 3410 728 3466 Vens.
760 3411 848 3466 15.
874 3409 940 3465 Et
966 3412 1076 3466 hazc
1104 3413 1199 3465 erit
1229 3414 1385 3466 ruina
1413 3429 1684 3484 equorum,
1708 3426 1753 3468 et
1781 3416 2062 3478 mulorum,

491 3513 541 3569 et
573 3501 891 3556 camelorum
911 3542 926 3566 ,
956 3512 1004 3555 et
1036 3505 1340 3569 asinorum,
1369 3514 1419 3558 et
1452 3506 1683 3559 omnium
1705 3506 2064 3574 jumentorum

491 3610 608 3663 (μίαν
637 3604 756 3648 sunt
787 3595 844 3647 in
871 3595 1059 3648 castris
1090 3593 1195 3648 illis
1218 3594 1379 3663 juxta
1406 3598 1614 3649 ruinam
1644 3599 1797 3651 hanc.

562 3768 675 3825 CX.
730 3767 1021 3840 Postquam
1074 3772 1264 3827 modos
1306 3771 1415 3841 jam
1462 3774 1710 3830 vindictae
1759 3777 2060 3846 descripsit,

492 3862 692 3929 quibus
719 3862 834 3916 suis
865 3863 1197 3933 temporibus
1223 3877 1619 3936 oppugnatores
1646 3878 1850 3924 sanctae
1874 3871 2064 3925 civita-

490 3952 586 4017 tis,
615 3963 1113 4021 persecutoresque,
1138 3963 1193 4009 et
1218 3957 1619 4025 contumeliosi,
1640 3967 1696 4013 et
1719 3962 2060 4026 exsecrandi,

491 4051 549 4096 et
577 4042 847 4110 scelerati,
880 4054 934 4098 et
970 4043 1250 4114 loquentes
1282 4047 1619 4117 iniquitatem
1651 4061 1837 4105 contra
1869 4052 2059 4117 Deum,

496 4151 518 4185 ι
547 4144 603 4189 et
628 4133 874 4188 tollentes
916 4134 969 4187 in
998 4135 1165 4189 altum
1188 4151 1377 4203 cornu,
1408 4157 1427 4190 ι
1452 4137 1603 4205 juxta
1627 4138 1969 4196 Psalmistam
1991 4143 2059 4208 θ’,

488 4229 710 4282 omnino
736 4228 1115 4299 subjicientur,
1141 4231 1291 4284 addit
1317 4231 1522 4286 utiliter
1550 4251 1564 4287 :
1598 4252 1618 4285 ι
1652 4233 1917 4301 Quoniam
1947 4236 2062 4291 haec

488 4320 597 4373 erit
626 4319 779 4373 ruina
808 4334 1071 4387 equorum
1090 4362 1105 4386 ,
1132 4328 1187 4375 et
1215 4320 1505 4387 mulorum,
1536 4333 1593 4378 et
1619 4326 1979 4394 camelorum,
2007 4338 2060 4382 et

489 4411 785 4478 asinorum,
809 4424 865 4469 et
888 4416 1128 4469 omnium
1149 4414 1540 4483 jumentorum.
1571 4440 1592 4473 ι
1621 4424 1664 4475 A
1690 4423 2060 4495 subjugalibus

2173 1942 2238 1996 Εἰ
2281 1943 2338 1995 δὲ
2374 1944 2438 2015 δή
2487 1961 2570 2007 τις
2612 1944 2757 2011 λέγοι
2802 1944 2892 1997 τὸν
2931 1943 3128 1998 Ἰούδαν
3162 1944 3413 2012 συνάγειν
3455 1944 3553 2013 τὴν
3599 1942 3750 2011 ἰσχὺν

2172 2037 2391 2089 πάντων
2432 2036 2544 2089 τῶν
2572 2036 2719 2089 λαῶν
2750 2036 3011 2090 κυκλόθεν
3054 2038 3296 2109 χρυσίον,
3342 2037 3437 2090 καὶ
3464 2036 3746 2107 ἀργύριον,

2171 2129 2268 2181 καὶ
2296 2129 2614 2200 ἱματισμὸν,
2646 2131 2731 2183 ἵνα
2762 2130 2971 2200 νοῶμεν
2998 2131 3080 2184 ὅτι
3110 2131 3204 2183 καὶ
3234 2130 3332 2202 τὴν
3358 2131 3415 2183 ὲν
3444 2131 3574 2200 κόσα.
3614 2148 3631 2181 ›
3661 2145 3749 2182 σοι

2172 2221 2301 2289 φίαν
2333 2220 2677 2290 συλλέγοντες
2730 2220 3279 2293 καταλαμπρύνονται
3307 2220 3374 2273 δι’
3410 2220 3608 2291 αὐτῆς,
3638 2222 3748 2281 τοῖς

2170 2314 2597 2384 τῆςέὐσεὸείας
2634 2314 3096 2384 ὲπαγωνιζόμενοι
3133 2314 3420 2384 δόγμασιν,
3472 2313 3585 2384 ἔχοι
3623 2312 3687 2367 ἂν
3720 2317 3748 2366 6

2171 2404 2295 2468 νοῦς
2337 2405 2427 2458 τὸν
2478 2408 2664 2459 εἰκότα
2693 2405 2868 2475 λόγον.
2910 2404 3273 2458 Ἐσκύλευσαν
3310 2404 3419 2476 γάρ
3452 2421 3580 2457 ποτε
3622 2405 3748 2466 τοὺς
3851 2413 3864 2424 ⁵

2170 2497 2503 2565 Αἰγυπτίους
2532 2500 2587 2549 αἰ
2626 2499 2786 2566 σοφαὶ
2821 2500 3077 2566 γυναῖκες
3108 2497 3215 2552 τῶν
3249 2497 3305 2564 ἐξ
3340 2494 3574 2569 Ἰσραὴλ,
3615 2511 3752 2567 χρη-

2173 2589 2403 2658 σάμεναι
2435 2588 2585 2658 παρά
2638 2589 2877 2658 γείτονος
2922 2591 3015 2643 καὶ
3049 2590 3319 2662 συσκήνου
3360 2586 3540 2641 αὐτῶν
3578 2585 3749 2657 σκεύη

2170 2683 2368 2752 χρυσᾶ,
2398 2683 2491 2736 καὶ
2519 2683 2755 2754 ἀργυρᾶ,
2789 2684 2884 2737 καὶ
2912 2684 3227 2754 ἱματισμόν.
3258 2681 3466 2735 Οὐκοῦν
3498 2680 3575 2744 ὡς
3600 2679 3658 2733 ἐν
3684 2697 3748 2749 γε

2168 2774 2279 2834 τοῖς
2336 2771 2615 2843 αἰσθητοῖς
2652 2767 2748 2826 καὶ
2786 2774 2861 2838 ὡς
2906 2777 2963 2827 ὲν
2996 2775 3150 2838 ὕλαις
3181 2777 3297 2838 ταῖς
3339 2773 3677 2846 ὁρωμέναις,
3713 2774 3748 2842 ἡ

2168 2863 2277 2917 τῶν
2318 2865 2399 2928 είς
2435 2864 2561 2919 νοῦν
2600 2866 2820 2935 ἀγαθῶν
2849 2867 3171 2938 λαμπρότης
3213 2866 3557 2937 σημαίνεται.
3593 2864 3748 2917 Διδα-

2172 2953 2384 3007 σκάλων
2425 2954 2483 3007 δὲ
2528 2956 2761 3027 μάλιστα
2795 2957 3023 3020 πλοῦτος
3065 2960 3112 3010 οἰ
3159 2956 3417 3027 μαθηταί.
3462 2956 3571 3008 Καὶ
3617 2954 3747 3024 γοῦν

2168 3048 2196 3099 6
2223 3046 2507 3112 θεσπέσιος
2536 3049 2747 3113 Παῦλος
2780 3053 2893 3113 τοῖς
2925 3050 2992 3103 δι’
3029 3050 3193 3103 αὐτοῦ
3228 3048 3619 3121 σεσωσμένοις,
3653 3048 3748 3101 καὶ

2170 3140 2558 3193 πεπιστευκόσι
2591 3141 2929 3213 προσεφώνει
2957 3142 3129 3210 λέγων
3147 3158 3162 3172 ’
3194 3161 3211 3194 ι
3240 3140 3324 3212 Νὴ
3350 3142 3448 3211 τὴν
3477 3141 3746 3211 ὑμετέραν
3816 3198 3830 3207 ,

2170 3229 2461 3301 καύχησιν,
2494 3231 2735 3301 ἀδελφοὶ,
2766 3232 2834 3303 ἢν
2866 3232 2970 3302 ἔχω
3001 3234 3058 3285 ὲν
3083 3232 3304 3303 Χριστῷ
3338 3231 3534 3304 Ἰησοῦο
3564 3251 3585 3284 ι
3628 3233 3748 3285 στέ-

2168 3325 2335 3393 φανόν
2354 3341 2415 3376 τε
2445 3324 2538 3379 καὶ
2565 3324 2738 3396 χαράν
2764 3324 2960 3388 αὐτοὺς
2986 3324 3122 3378 ἰδίαν
3142 3324 3393 3395 ὀνομάζει
3423 3325 3602 3379 πάλιν.

2238 3415 2348 3469 Καὶ
2384 3414 2536 3482 αὕτη
2567 3415 2739 3467 ἔσται
2766 3414 2805 3482 ἡ
2837 3413 3064 3480 πτῶσις
3098 3413 3218 3468 τῶν
3247 3415 3463 3479 ἵππων,
3500 3414 3596 3468 καί
3629 3411 3747 3468 τῶν

2167 3506 2450 3574 ἡμιόνων,
2491 3505 2588 3559 καὶ
2629 3505 2748 3559 τῶν
2781 3504 3084 3575 καμήλων,
3126 3504 3223 3558 καί
3268 3503 3389 3559 τῶν
3429 3504 3602 3569 ὄνων,
3645 3506 3742 3558 καί

2166 3597 2406 3651 πάντων
2439 3598 2561 3651 τῶν
2608 3599 2845 3666 κτηνῶν
2884 3596 3005 3652 τῶν
3034 3599 3225 3654 ὄντων
3255 3600 3326 3653 ὲν
3356 3598 3487 3666 ταῖς
3522 3614 3744 3668 παρέ-με-

2164 3688 2372 3754 ϐολαῖς
2398 3688 2659 3754 ἐκείναις
2689 3689 2840 3743 κατά
2866 3689 2981 3758 τὴν
3009 3688 3241 3743 πτῶσιν
3265 3690 3512 3759 ταύτην.

2235 3778 2337 3833 Pl'.
2394 3780 2747 3850 Ὀρισάμενος
2773 3780 2873 3852 ήδη
2907 3781 3007 3850 τῆς
3034 3782 3301 3853 τιμωρίας
3330 3785 3455 3847 τοὺς
3488 3783 3740 3855 τρόπους,

2163 3870 2255 3935 οὓς
2296 3871 2473 3940 πάντη
2510 3888 2569 3923 τε
2610 3873 2705 3925 καὶ⁵
2736 3873 2952 3936 πάντως
2986 3873 3313 3942 ὑπομενοῦσι
3347 3875 3487 3928 κατὰ
3518 3876 3742 3947 καιροὺς

2163 3961 2211 4012 οί
2246 3960 2345 4030 τῆς
2374 3962 2534 4028 ἁγίας
2572 3962 2779 4025 πόλεως
2808 3964 3337 4034 κατεστρατευκότες
3371 3966 3654 4034 γεγονότες
3680 3983 3740 4018 τε

2161 4053 2409 4118 διῶκται,
2435 4054 2529 4108 καί⁵
2562 4054 2831 4125 ὑϐρισταὶ,
2862 4055 3126 4128 βδελυροὶ,
3161 4058 3256 4111 καὶ
3287 4058 3737 4130 φιλεγκλήμονες,

2164 4148 2257 4200 καὶ
2297 4146 2583 4211 λαλοῦντες
2631 4148 2844 4202 ἀδικίαν
2889 4149 3031 4202 κατὰ
3069 4148 3227 4215 Θεοῦ,
3284 4171 3304 4203 ‹
3333 4151 3649 4223 ἐπαίροντές
3678 4169 3737 4205 τε

2161 4241 2241 4303 είς
2287 4238 2419 4309 ὕψος
2451 4240 2512 4293 τὸ
2542 4240 2737 4311 κέρας,
2769 4258 2788 4292 ι
2828 4241 2968 4295 κατὰ
2999 4243 3098 4314 τὴν
3137 4244 3230 4298 τοῦ
3272 4245 3582 4310 Ψάλλοντος
3627 4263 3740 4316 φω-

2161 4332 2279 4402 νὴν,
2323 4330 2519 4401 ἐπάγει
2541 4332 2846 4403 χρησίμως,
2883 4352 2903 4385 ι
2934 4334 3055 4388 Ὅτι
3096 4335 3234 4407 αὕτη
3276 4336 3427 4391 ἔσται
3468 4340 3503 4410 ή
3533 4338 3736 4401 πτῶσις
3780 4384 3797 4406 ,

2160 4424 2271 4477 τῶν
2302 4424 2503 4489 ἵππων,
2531 4426 2627 4477 καὶ
2653 4425 2763 4479 τῶν
2791 4428 3049 4497 ήμιόνων,
3076 4430 3169 4482 καὶ
3195 4428 3303 4483 τῶν
3329 4431 3610 4502 καμήλων,
3642 4432 3735 4484 καὶ

490 4512 669 4556 autem
697 4504 1062 4559 animantibus
1087 4519 1208 4575 quae
1236 4508 1300 4560 iis
1318 4510 1586 4564 vehuntur
1605 4513 1889 4582 significat.
1914 4518 2056 4572 Ado-

2166 4516 2267 4568 τῶν
2301 4516 2459 4580 ὄνων,
2487 4516 2582 4569 καὶ
2617 4517 2836 4572 πάντων
2860 4518 2967 4572 τῶν
2994 4522 3224 4592 κτηνῶν.
3248 4541 3266 4573 ι
3303 4523 3434 4576 Ἀπὸ
3458 4524 3515 4578 δέ
3543 4540 3604 4592 γε
3629 4524 3735 4578 τῶν

488 4594 765 4649 riebantur
782 4594 928 4649 enim
950 4596 1185 4661 Judaeos,
1208 4608 1262 4650 et
1285 4599 1453 4668 ipsam
1481 4602 1903 4676 Hierosolymam
1925 4623 2056 4679 gen-

2155 4606 2463 4675 ὑποζυγίων
2483 4610 2609 4671 τοὺς
2633 4609 2816 4674 αὐτοῖς
2864 4612 3263 4683 ὲποχουμένους
3311 4616 3585 4688 ὑποδηλοί.
3616 4619 3736 4673 Ἔπ-

484 4691 575 4740 tes
612 4685 1048 4754 disiunctissime
1089 4698 1142 4742 et
1188 4691 1409 4757 vicinae;
1461 4706 1688 4762 quarum
1739 4696 1857 4751 alia:
1902 4699 2058 4768 equis

2166 4699 2381 4768 εφύοντο
2406 4700 2516 4771 γὰρ
2547 4703 2658 4765 τοῖς
2693 4702 2982 4769 Ἰουδαίοις,
3015 4708 3109 4760 καὶ
3140 4706 3319 4771 αὐτοῖς
3346 4708 3401 4761 δὲ
3433 4685 3544 4774 τοῖς
3577 4709 3736 4782 Ἰερο-

486 4777 841 4843 vehebantur,
867 4777 1147 4849 Babylonii
1175 4792 1227 4835 et
1258 4778 1403 4851 Syri,
1429 4785 1556 4851 quin
1583 4796 1635 4840 et
1658 4784 1919 4858 Egyptii,
1944 4791 2060 4843 alire

484 4866 742 4929 camelos,
768 4876 825 4921 et
849 4870 1055 4934 asinos,
1083 4879 1138 4924 et
1168 4872 1341 4927 mulos
1373 4874 1698 4941 domabant,
1728 4888 1785 4930 ut
1812 4878 2060 4936 Moabitae

482 4966 534 5011 et
584 4960 842 5013 nomades
896 4959 956 5013 in
1020 4960 1345 5029 solitudine,
1413 4980 1640 5035 quorum
1698 4977 1752 5022 et
1799 4972 2057 5040 prOpheta

480 5048 649 5119 809
677 5050 845 5104 Isaias
878 5053 1205 5107 mentionem
1242 5055 1371 5110 facit
1403 5073 1418 5111 :
1462 5077 1479 5108 ι
1522 5059 1578 5112 In
1616 5060 1967 5117 tribulatione
2000 5074 2056 5117 et

482 5143 725 5210 angustia
752 5142 834 5197 leo
857 5154 912 5197 et
932 5145 1142 5200 catulus
1165 5147 1353 5214 leonis,
1377 5149 1498 5204 inde
1520 5163 1574 5206 et
1597 5153 1808 5221 aspidcs
1830 5165 1882 5208 et
1904 5156 2053 5224 geni-

482 5236 625 5287 mina
653 5237 899 5305 aspidum
928 5238 1262 5306 volantium,
1290 5243 1379 5307 qui
1414 5245 1656 5299 ferebant
1685 5260 1845 5316 super
1871 5250 2051 5302 asinos

478 5337 534 5379 ct
564 5328 797 5384 camelos
830 5331 1046 5385 divitias
1077 5348 1202 5388 suas
1227 5335 1264 5388 ‘.
1306 5353 1325 5387 ι
1362 5334 1542 5392 Visum
1577 5348 1631 5392 ct
1662 5338 1791 5391 alibi
1825 5340 1899 5392 ait
1928 5356 1956 5392 a
1992 5355 2051 5394 se

479 5433 818 5475 ascensorem
850 5423 1023 5486 asini,
1052 5432 1106 5478 et
1135 5440 1472 5482 ascensorem
1500 5430 1754 5484 cameli’.
1790 5430 2052 5486 Describit

480 5508 643 5577 igitur
680 5512 924 5567 veritatis
967 5513 1212 5569 inimicos
1252 5526 1308 5570 ttt
1359 5518 1411 5571 in
1455 5520 1622 5590 figura
1671 5522 1721 5574 in
1768 5523 2046 5591 gentibus,

2157 4794 2409 4865 σολύμοις
2435 4798 2481 4848 οἰ
2513 4796 2769 4851 ἀποτάτω
2795 4814 2854 4850 τε
2887 4800 2982 4850 καὶ
3008 4798 3077 4850 ea:
3110 4799 3369 4870 περίοικα
3394 4800 3501 4854 τῶν
3527 4801 3697 4855 ἐθνῶν
3716 4822 3729 4833 ·

2156 4888 2205 4939 οί
2242 4886 2340 4957 μὲν
2378 4887 2565 4949 ἵπποις
2594 4886 2800 4958 έποχοι,
2844 4886 3175 4941 Βαϐυλώνιοί
3206 4906 3265 4942 τε
3302 4890 3397 4943 καὶ
3424 4889 3605 4963 Σύροι,
3642 4893 3735 4946 καὶ

2163 4978 2273 5046 μὴν
2304 4978 2399 5030 καὶ
2421 4977 2488 5030 τὰ
2514 4978 2826 5046 Αἰγυπτίων
2867 4979 3022 5050 ἔθνη·
3062 4982 3109 5032 οἰ
3142 4980 3198 5031 δὲ
3233 4980 3513 5051 καμήλους
3550 4999 3609 5035 τε
3640 4987 3735 5037 καὶ

2159 5066 2330 5131 ὅνους,
2358 5067 2453 5120 καὶ
2485 5068 2629 5138 ὀρεῖς
2663 5068 3083 5134 ὑποζεύξαντες,
3125 5066 3234 5123 οἷον
3277 5072 3591 5138 Μωαϐῖται,
3639 5073 3734 5126 καὶ

2159 5156 2207 5206 οἰ
2236 5155 2335 5225 τῆς
2372 5157 2578 5227 ἐρήμου
2617 5158 2862 5225 μονάδες,
2888 5152 2961 5209 ὧν
2990 5161 3085 5212 καὶ
3123 5162 3151 5212 6
3185 5165 3467 5233 προφήτης
3510 5162 3733 5227 Ἡσαΐας

2155 5246 2541 5318 διαμέμνηται,
2577 5248 2777 5317 λέγων·
2816 5268 2833 5299 t
2874 5248 2960 5302 Ἐν
2992 5253 3057 5322 τῇ
3093 5250 3268 5321 θλίψει
3326 5253 3419 5307 καὶ
3459 5255 3524 5326 τῇ
3555 5271 3733 5310 στενο-

2156 5341 2331 5411 χωρίᾳ
2370 5340 2506 5393 λέων
2557 5342 2650 5393 καὶ
2683 5340 2921 5411 σκύμνος
2951 5341 3183 5407 λέοντος,
3212 5344 3417 5399 ἐκεῖθεν
3454 5346 3549 5399 καὶ
3574 5345 3731 5400 ἀσπί-

2154 5432 2243 5494 δες
2302 5432 2393 5485 καὶ
2426 5431 2625 5499 ἔκγονα
2667 5432 2908 5489 ἀσπίδων
2946 5437 3279 5506 πετομένων,
3324 5436 3373 5490 οἳ
3420 5436 3612 5509 ἔφερον
3643 5438 3729 5492 ἐπ’

2156 5524 2291 5577 όνων
2327 5526 2419 5578 καὶ
2451 5526 2713 5597 καμήλων
2751 5527 2845 5579 τὸν
2877 5526 3104 5582 πλοῦτον
3146 5529 3344 5583 αὐτῶν.
3372 5549 3390 5580 ι
3430 5527 3727 5582 Τεθεᾶσθαι

547 5713 909 5808 3...?55‘1'39'
935 5718 1031 5808 .15-
1071 5721 1153 5808 .'.'
1183 5721 1310 5776 ιδυει
1346 5723 1657 5808 “:3”??-
1734 5727 1780 5757 "
1831 5727 1996 5808 Εξοο·
2030 5745 2064 5785 ιι

2166 5731 2225 5798 Ll,
2256 5732 2356 5798 22;
2401 5750 2476 5800 XI,
2508 5734 2560 5787 9..
2642 5734 2686 5766 ’⁷
2744 5733 2898 5792 Rom.
2928 5751 3013 5794 xv.
3048 5737 3132 5791 Π.
3210 5739 3255 5769 ’⁸
3289 5737 3518 5808 Philipp.
3552 5751 3624 5803 tv,
3663 5736 3715 5792 1.

477 5785 522 5816 "
547 5785 688 5841 Psal.
718 5800 901 5857 Lxxtv,
934 5788 987 5845 6.
1071 5792 1086 5822 ⁸
1122 5789 1225 5846 lsa.
1265 5785 1466 5861 nupti.
1543 5796 1563 5825 ¹
1603 5795 1703 5849 lsa.
1732 5811 1843 5865 ut,
1878 5797 1918 5853 7.
