4120 6376
409 359 518 418 265

1226 369 1782 430 COMMENTARIUS
1823 374 1889 429 IN
1930 377 2333 437 ZACIIARIAM
2379 383 2823 444 PROPIIETAII.

3572 395 3678 452 266

407 481 464 538 δὲ
493 483 587 536 καὶ
626 480 854 554 ἑτέρωθί
899 500 1064 554 φησιν
1089 485 1379 577 ἀναϐάτην
1408 490 1552 555 δνου,
1591 493 1686 546 καὶ
1715 493 1994 567 ἀναϐάτην

2099 514 2218 568 ῳιιε
2250 510 2479 557 terrenae
2505 502 2805 561 Jerusalem
2840 503 3052 562 infesta:
3083 519 3301 577 semper
3330 507 3585 575 fuerunt,
3617 521 3681 566 ut

407 572 674 644 καμήλου·
710 573 917 645 Γράφει
955 575 1021 648 δὴ
1058 571 1151 631 οὖν
1181 579 1309 642 τοὺς
1336 579 1435 650 τῆς
1471 581 1733 652 ἀληθείας
1765 585 1995 660 ἐχθροὺς

404 664 481 728 ὡς
505 665 565 718 ἐν
590 663 748 736 τύπῳ
778 668 889 730 τοῖς
925 665 1128 734 ἔθνεσι,
1167 672 1281 734 τοῖς
1313 671 1402 724 ἀεὶ
1427 673 1853 746 ηπεπολεμηκόσι
1894 677 1994 747 τὴν

404 755 646 824 ἐπίγειον
682 756 1056 830 Ἰερουσαλήμ,
1083 761 1170 814 ἵνα
1192 760 1250 828 ἐξ
1277 762 1456 817 αὐτῶν
1482 765 1693 838 νοῶμεν
1717 769 1844 833 τοὺς
1869 769 1994 824 καθ’

405 847 564 916 ήμῶν
605 849 835 919 ὁρατούς
872 868 932 905 τε
969 852 1066 906 καὶ
1110 854 1372 924 ἀοράτους
1423 857 1685 929 ἐχθροὺς,
1723 842 1862 932 πρὸς
1898 861 1994 927 οὓς

403 939 538 1008 ήμῐν
571 939 604 1010 ή
641 941 810 1013 μάχη.
858 941 920 996 Εἰ
967 943 1024 996 δὲ
1068 943 1132 1015 δὴ
1168 945 1412 1016 βούλοιτό
1450 968 1535 1014 τις
1567 952 1659 1006 καὶ
1703 955 1784 1018 είς
1821 954 1992 1010 τύπον

401 1029 696 1102 ἀναφέρειν
728 1033 836 1087 τῶν
865 1035 964 1106 τῆς
1002 1034 1330 1109 Ἐκκλησίας
1361 1041 1573 1114 ἐχθρῶν
1603 1043 1671 1098 τά
1711 1045 1822 1098 τῶν
1855 1063 1992 1118 κτη-

401 1121 509 1176 νῶν
544 1121 830 1195 ἰδιώματα,
855 1127 918 1179 τὸ
938 1126 1158 1181 ἀδικοῦν
1179 1128 1330 1183 οὐδὲν
1355 1133 1532 1186 ἐκεῖνο
1554 1134 1718 1203 φάναι
1741 1153 1802 1190 τε
1827 1139 1986 1191 νοεῖνο

399 1213 477 1280 ὡς
513 1218 563 1270 οί
607 1217 707 1289 μὲν
738 1217 1016 1291 ἐφάνησαν
1040 1221 1300 1294 όρμητίαι
1332 1224 1428 1279 καὶ
1453 1225 1696 1298 θρασεῖς,
1727 1229 1803 1294 ὼς
1834 1231 1989 1287 ἵπποι

397 1311 561 1380 τυχόν
580 1327 595 1342 ο
631 1312 879 1384 περιθείη
908 1312 956 1366 δ’
975 1313 1042 1368 ἄν
1073 1333 1157 1380 τις
1185 1317 1393 1388 αὐτοῖς,
1422 1320 1519 1374 καὶ
1559 1321 1706 1392 μάλα
1738 1324 1986 1391 εἰκότως,

398 1400 461 1454 τὸ
495 1402 777 1474 φιλήδονόν
799 1422 858 1458 τε
890 1406 984 1459 καὶ
1022 1405 1360 1480 θηλυμανές·
1390 1414 1438 1466 οἱ
1469 1413 1528 1466 δέ
1559 1415 1801 1486 ἡμιόνων
1831 1417 1989 1490 δίκην

397 1494 579 1566 ἄγριοί
609 1512 670 1548 τε
691 1495 792 1550 καὶ
815 1498 1043 1570 ἀπηνεῖς
1077 1501 1444 1576 (ἀγριωτέρας
1475 1507 1533 1561 δέ
1561 1508 1734 1575 αὐτὰς
1756 1512 1850 1566 καὶ
1876 1517 1989 1578 τοῖς

405 1585 678 1659 Ἑλλήνων
718 1593 971 1660 ποιηταῖς
1003 1591 1293 1665 ὀνομάζειν
1337 1596 1500 1669 έθος)·
1541 1603 1590 1654 οῖ
1627 1602 1684 1656 δὲ
1717 1604 1988 1677 καμήλοις

396 1679 542 1733 κατά
573 1697 636 1749 γε
662 1681 764 1753 τὴν
797 1682 911 1748 ἐξιν
941 1689 1345 1759 προσεοικότες,
1383 1693 1687 1763 τουτέστιν,
1717 1696 1891 1752 ἄνισοί
1923 1717 1986 1753 τε

2101 607 2169 648 ex
2203 595 2336 664 ipsis
2368 597 2722 666 aspectabiles
2749 607 2804 653 et
2836 614 2942 654 non
2971 601 3331 671 aspectabiles
3364 603 3549 659 hostes
3581 620 3680 658 no-

2101 695 2246 742 stros
2272 688 2688 759 perspiciamus,
2713 705 2838 746 cum
2867 691 3063 761 quibus
3090 694 3244 749 nobis
3270 707 3546 752 certamen
3572 707 3676 752 est.

2101 782 2172 834 At
2201 780 2247 834 si
2281 781 2366 835 cui
2398 781 2662 851 placuerit
2688 782 3056 852 iumentorum
3085 787 3444 856 proprietates
3476 791 3542 844 ad
3578 789 3681 844 Er-

2101 869 2280 926 clesiae
2309 872 2513 938 hostes,
2545 884 2801 944 tanquam
2833 875 2890 930 in
2922 886 3067 947 typo,
3098 878 3324 944 referre,
3353 878 3536 935 licebit
3558 880 3681 948 jure

2100 965 2371 1021 allirmare
2401 967 2482 1023 sic
2516 967 2915 1038 intelligendas.
2943 969 3047 1024 Alii
3083 969 3346 1039 siquidem
3381 971 3678 1042 importuni

2098 1067 2149 1112 et
2181 1059 2446 1124 audaces,
2480 1069 2540 1114 ut
2570 1060 2695 1132 equi
2728 1059 2899 1126 forte,
2931 1061 3129 1131 quibus
3159 1062 3679 1120 convenientissime

2098 1158 2153 1203 et
2186 1149 2426 1204 studium
2458 1149 2780 1220 voluptatis,
2812 1161 2868 1206 et
2902 1151 3127 1206 insanus
3161 1166 3316 1207 amor
3351 1153 3404 1208 in
3443 1153 3678 1209 feminas

2100 1238 2372 1294 tribuatur
2412 1258 2426 1294 :
2466 1239 2558 1295 alii
2602 1249 2844 1313 agrestes
2882 1249 2938 1297 et
2977 1241 3128 1308 satvi,
3171 1242 3341 1298 instar
3383 1244 3676 1310 mulorum,

2097 1346 2232 1400 quos
2261 1340 2317 1387 et
2344 1331 2659 1389 Graecorum
2691 1333 2866 1404 poetis
2895 1343 3139 1405 agrestes
3165 1348 3364 1390 vocare
3394 1349 3512 1392 mos
3541 1343 3627 1392 est
3657 1353 3674 1390 :

2096 1423 2186 1478 alii
2241 1425 2465 1480 camelis
2506 1425 2702 1482 aﬂ’ectu
2743 1426 2948 1482 similes
2987 1427 3238 1495 fuerunt,
3288 1430 3394 1484 hoc
3433 1437 3550 1495 est,
3590 1430 3674 1485 in-

2094 1516 2352 1588 aequales,
2371 1527 2428 1574 et
2459 1527 2804 1590 arrogantes,
2835 1528 2892 1574 et
2917 1517 3119 1575 elatam
3146 1535 3214 1576 ex
3248 1521 3486 1576 amentia
3522 1534 3675 1575 men-

2095 1619 2201 1665 tem
2239 1612 2499 1667 habentes
2535 1627 2550 1665 :
2585 1611 2700 1677 alii,
2732 1611 2866 1666 nihil
2901 1611 2970 1667 ab
3005 1612 3176 1668 asinis
3211 1611 3543 1680 diﬂ‘erentes,
3579 1629 3674 1671 ex-

2096 1714 2266 1759 trema
2313 1705 2540 1760 rationis
2587 1704 2766 1775 inopia
2810 1703 3162 1774 laborarunt;
3214 1707 3395 1778 segnis
3435 1709 3581 1764 enim
3621 1719 3676 1764 et

397 1772 493 1871 καλ
534 1773 795 1840 ἀλαζόνες
824 1775 962 1846 ὑψοῦ
1007 1796 1070 1832 τε
1103 1781 1350 1855 ῂρμένην
1394 1784 1454 1853 ἐξ
1501 1787 1847 1862 ἀποπληξίας
1881 1793 1984 1866 τὴν

2093 1798 2278 1854 tardus
2314 1807 2402 1853 est
2441 1797 2628 1852 asinus
2667 1796 2736 1851 ad
2777 1811 3028 1862 sensum,
3071 1806 3128 1853 et
3167 1799 3398 1854 extremi
3437 1799 3676 1871 stuporis

397 1865 634 1922 διάνοιαν
668 1867 914 1939 ἔχοντες⁴
943 1872 993 1925 οί
1024 1871 1084 1926 δὲ
1117 1874 1254 1929 ὄνων
1281 1877 1649 1948 διενεγκόντες
1685 1884 1859 1951 οὐδὲν,
1888 1886 1989 1957 τὴν

2095 1891 2292 1960 imago.
2347 1887 2904 1945 Animadvertendum
2957 1887 3223 1945 Ecclesiae
3274 1865 3678 1964 oppugnatores

397 1961 623 2053 ἀπασῶν
651 1962 890 2034 ἐσχάτην
921 1969 1272 2041 νενοσήκασιν
1301 1971 1557 2043 ἀλογίαν·
1588 1975 1767 2050 νωθὴς
1808 1978 1915 2050 γάρ
1949 1981 1982 2053 ή

2095 1981 2228 2035 nulli
2259 1988 2667 2036 mansnetorum
2693 1988 2753 2034 et
2780 1979 3105 2034 mundorum
3136 1965 3494 2036 animantium
3523 1999 3674 2040 com-

394 2051 514 2117 δνος
565 2055 660 2109 καὶ
719 2057 941 2130 βραδεῖα
981 2061 1121 2132 πρὸς
1166 2061 1440 2135 αἴσθησιν,
1488 2067 1718 2138 καὶτῆς
1749 2051 1987 2143 ἐσχάτης

2093 2073 2309 2141 parari,
2344 2078 2402 2126 ut
2433 2071 2558 2138 ovi,
2591 2071 2845 2141 inquam,
2877 2080 2933 2127 et
2961 2072 3085 2127 bovi
3119 2091 3133 2127 :
3166 2072 3263 2129 sed
3292 2074 3672 2132 abominandis

391 2145 616 2216 ἀλογίας
639 2148 825 2206 εἰκών.
862 2151 1206 2224 Σημειωτέον
1229 2155 1307 2222 δὲ,
1333 2156 1415 2210 ὅτι
1433 2159 1562 2223 τοὺς
1585 2162 1653 2233 τῇ
1688 2161 1986 2234 Ἐκκλησίᾳ

2092 2164 2270 2231 potius
2311 2171 2364 2218 et
2405 2162 2726 2230 immitibus,
2765 2177 2888 2234 quae
2928 2171 2983 2219 et
3021 2179 3052 2219 a
3093 2164 3212 2236 lege
3255 2175 3315 2222 ut
3354 2166 3581 2238 profana
3617 2179 3672 2226 et

392 2239 850 2312 πεπολεμηκότας
893 2243 1067 2298 οὐδενὶ
1102 2245 1203 2317 μὲν
1243 2247 1484 2321 ἐξομοιοῖ
1515 2249 1628 2306 τῶν
1671 2253 1893 2325 ήμέρων
1923 2271 1984 2308 τε

2093 2256 2302 2325 impura
2335 2255 2590 2310 damnata
2619 2263 2764 2310 sunt.

392 2331 487 2386 καὶ
516 2333 778 2405 καθαρῶν
809 2334 982 2402 ζώων,
1031 2332 1144 2392 οἷον
1174 2340 1454 2413 προϐάτῳ,
1491 2344 1657 2415 φημὶ,
1689 2345 1786 2400 καὶ
1821 2345 1927 2416 βοῒ,
1968 2347 2296 2418 παρεικάζει
2324 2347 2382 2402 δὲ
2436 2347 2636 2419 μᾶλλον
2667 2350 2781 2412 τοῖς
2820 2347 3092 2422 βδελυράς
3131 2367 3192 2404 τε
3223 2353 3320 2405 καὶ
3348 2352 3668 2426 ἀνημέροις,

387 2427 428 2484 ἀ
464 2431 561 2484 καὶ
589 2433 714 2495 ταῖς
740 2431 836 2486 τοῦ
866 2433 1030 2505 νόμου
1059 2439 1266 2504 φωναῖς
1309 2437 1387 2501 ὡς
1417 2438 1624 2513 βέϐηλά
1645 2459 1706 2495 τε
1730 2443 1826 2498 καὶ
1851 2443 2140 2518 ἀκάθαρτα
2169 2445 2574 2512 κατεδικάζετο.

459 2521 573 2578 Καὶ
611 2522 806 2591 ἔσται,
839 2525 976 2580 ὅσοι
1008 2527 1087 2581 ἂν
1123 2530 1608 2601 καταλειφθῶσιν
1636 2533 1706 2587 ἐκ
1737 2535 1981 2589 πάντων

2159 2539 2324 2594 Vens.
2365 2537 2452 2606 16,
2493 2539 2582 2596 17.
2626 2539 2692 2594 Et
2717 2541 2836 2608 erit,
2874 2540 3171 2612 quicunque
3193 2540 3430 2597 derclicti
3467 2543 3664 2613 fuerint

388 2617 510 2670 τῶν
536 2614 730 2672 ἐθνῶν
758 2617 878 2672 τῶν
908 2617 1214 2675 ἐλθόντων
1244 2623 1396 2691 πρὸς
1427 2623 1848 2696 Ἰερουσαλὴμ,
1879 2626 1980 2681 καὶ

2086 2632 2152 2687 de
2183 2633 2382 2688 cunctis
2413 2633 2680 2705 gentibus,
2711 2635 2801 2704 qui
2833 2643 3082 2690 venerunt
3115 2645 3300 2690 contra
3328 2635 3626 2692 Jerusalem
3647 2679 3662 2701 ,

387 2708 802 2779 ἀναϐήσονται
830 2714 957 2765 κατ’
973 2713 1256 2768 ἐνιαυτόν
1305 2715 1414 2770 τοῦ
1444 2715 1872 2786 προσκυνῆσαι
1897 2718 1980 2786 τῷ

2085 2736 2136 2780 et
2161 2725 2440 2780 ascendent
2464 2740 2556 2793 per
2579 2740 2744 2778 annos
2771 2725 3008 2794 singulos
3033 2734 3092 2779 ut
3117 2727 3338 2781 adorent
3365 2744 3534 2798 regem
3558 2728 3666 2784 Do-

382 2804 639 2869 βασιλεῖ
665 2805 860 2874 Κυρίῳ
900 2807 1332 2877 παντοκράτορι
1383 2809 1524 2874 Θεῷ,
1560 2810 1660 2864 καὶ
1696 2812 1805 2867 τοῦ
1845 2813 1978 2882 eop-

2086 2817 2288 2870 minum
2325 2815 2732 2885 omnipotentem
2773 2815 2959 2882 Deum,
2993 2826 3044 2870 et
3084 2827 3139 2870 ut
3179 2817 3432 2873 celebrent
3471 2819 3672 2888 festum.

388 2898 583 2960 τάξειν
616 2900 731 2970 τὴν
758 2901 974 2970 ἑορτὴν
995 2900 1106 2971 τῆς
1143 2905 1590 2975 Σκηνοπηγίας.
1629 2907 1741 2960 Καὶ
1779 2907 1971 2972 ἔσται,

2087 2906 2590 2962 Tabernaculorum.
2617 2904 2686 2960 Et
2716 2908 2836 2971 erit,
2861 2907 2952 2977 qui
2971 2925 3074 2962 non
3103 2911 3430 2963 ascenderint
3458 2926 3524 2966 ea:
3553 2927 3666 2965 om-

388 2991 522 3046 ὅσοι
552 2991 628 3046 ἂν
652 2993 738 3062 μὴ
767 2994 1072 3052 ἀναϐῶσιν
1103 2994 1171 3048 ἐκ
1204 2995 1420 3049 πασῶν
1443 3056 1446 3068 ,
1466 2995 1678 3066 φυλῶν
1709 2997 1821 3068 τῆς
1861 2998 1974 3068 γῆς

2081 2997 2232 3050 nibus
2269 2996 2510 3051 tribubus
2545 3007 2702 3052 terra:
2731 2997 2786 3052 in
2816 2997 3114 3052 Jerusalem
3148 3009 3202 3052 ut
3235 3001 3454 3054 adorent
3494 3019 3662 3072 regem

387 3086 475 3151 εις
523 3085 912 3156 Ἰερουσαλὴμ
970 3087 1077 3141 τοῦ
1125 3087 1554 3157 προσκυνῆσαι
1611 3086 1692 3154 τῷ
1721 3090 1980 3154 βασιλεῖ

2078 3089 2368 3144 Dominum
2417 3089 2822 3160 omnipotentem
2868 3089 3069 3154 Deum,
3112 3101 3161 3145 et
3211 3092 3298 3144 iui
3346 3092 3454 3146 illis
3501 3111 3663 3164 appo-

387 3179 582 3246 Κυρίῳ
635 3179 1070 3249 παντοκράτορι
1124 3179 1279 3246 Θεῷ,
1333 3180 1434 3235 καί
1487 3176 1654 3238 οὗτοι
1716 3181 1972 3250 ἐκείνοις

383 3270 922 3338 προστεθήσονται.

455 3364 606 3419 PIA'.
650 3364 790 3428 Τοὺς
819 3368 938 3429 ταῖς
974 3365 1323 3435 Ἐκκλησίαις
1358 3365 1836 3438 πεπολεμηκότας,
1884 3368 1977 3420 καὶ

383 3455 528 3510 κατά
561 3456 660 3527 τῆς
695 3457 854 3526 ἁγίας
885 3458 1243 3531 Ἰερουσαλὴμ
1277 3461 1488 3532 ὑψηλήν
1523 3478 1585 3514 τε
1617 3462 1711 3515 καὶ
1739 3460 1976 3526 ἀλαζόνα

382 3548 482 3622 τήν
520 3550 692 3622 ὀφρὺν
739 3550 1167 3616 ἀνατείναντας,
1225 3555 1348 3616 ταῖς
1397 3555 1583 3617 αὐτοῖς
1635 3554 1975 3626 πρεπούσαις

382 3642 561 3707 δίκαις
586 3640 964 3714 ἐνολισθήσειν
989 3643 1179 3710 εἰπὼν,
1207 3644 1306 3716 τήν
1329 3645 1438 3699 τῶν
1469 3645 1586 3717 μετ’
1609 3646 1849 3710 ἐκείνους
1877 3664 1975 3699 πε-

382 3732 818 3804 ριλελειμμένων
868 3734 1233 3808 προαγορεύει
1279 3735 1674 3808 προσκύνησιν,
1721 3737 1882 3808 δῆλον
1913 3736 1972 3790 δὲ

380 3823 463 3877 ὅτι
491 3825 591 3896 τὴν
620 3827 678 3878 ἐν
703 3825 926 3896 Χριστῷ
955 3825 1046 3880 διά
1073 3823 1531 3892 πίστεως.Ἀύτὺς
1561 3828 1670 3899 γάρ
1708 3829 1857 3881 ἐστιν
1887 3846 1906 3880 ι
1934 3831 1968 3899 ή

378 3915 490 3970 τῶν
536 3916 706 3970 ἐθνῶν
744 3918 1070 3988 προσδοκία,
1105 3938 1124 3970 ι
1168 3918 1310 3972 κατά
1343 3919 1444 3988 τὴν
1488 3917 1583 3972 τοῦ
1628 3919 1969 3991 πατριάρχου

379 4010 584 4080 φωνήν.
617 4009 868 4063 Τέθειται
895 4009 953 4062 δὲ
985 4012 1079 4064 καὶ
1109 4013 1190 4076 είς
1226 4011 1343 4079 φῶς
1379 4010 1573 4077 ἐθνῶν,
1607 4010 1702 4064 καὶ
1731 4013 1812 4076 εἰς
1854 4012 1969 4065 δια-

379 4100 552 4174 θήκην
575 4103 788 4172 γένους,
813 4103 1021 4169 ἀνοῖξαι
1038 4105 1352 4176 ὀφθαλμοὺς
1371 4104 1608 4175 τυφλῶν,
1634 4106 1729 4159 καὶ
1751 4105 1968 4174 ἐξάγειν

379 4195 444 4248 ἐκ
475 4195 688 4267 δεσμῶν
718 4196 1071 4266 δεδεμένους,
1115 4199 1212 4252 καὶ
1241 4197 1302 4262 ἐξ
1343 4199 1494 4252 οἴκου
1533 4197 1784 4269 φυλακῆς
1826 4198 1965 4252 καθ-

377 4286 613 4358 ημένους
635 4289 694 4342 ἐν
719 4290 1050 4344 σκότει.Ὅτι
1077 4291 1256 4345 τοίνυν
1276 4291 1375 4363 τὴν
1401 4293 1500 4363 τῆς
1517 4290 1966 4363 είδωλολατρείας

376 4381 606 4450 ἀφέντες
629 4381 798 4452 ἀχλὺν
829 4383 921 4436 καὶ
951 4383 1053 4454 τῆς
1077 4382 1173 4436 τοῦ
1205 4383 1476 4448 διαϐόλου,
1506 4385 1603 4438 καὶ
1642 4385 1964 4456 σκαιότητος

375 4469 444 4524 τά
486 4470 660 4542 δεσμά
711 4472 1098 4546 διαρρήξαντες
1144 4476 1192 4528 oi
1238 4475 1298 4540 ἐξ
1341 4474 1534 4540 ἐθνῶν,
1584 4475 1723 4547 πρὸς
1763 4475 1827 4529 τὸ
1863 4476 1966 4546 τῆς

373 4561 635 4632 ἀληθείας
663 4563 852 4634 ἥξουσι
893 4565 1032 4634 φῶς,
1078 4567 1173 4621 καὶ
1200 4565 1292 4620 τόν
1321 4567 1414 4621 τοῦ
1447 4569 1699 4640 Σωτῆρος
1729 4568 1964 4640 ὑποδρα-

375 4655 606 4728 μοῦνται
646 4655 830 4726 ζυγὸν,
871 4661 1150 4730 σαφηνιεῖ,
1197 4657 1390 4727 λέγων,
1434 4659 1510 4723 ὡς
1540 4661 1590 4712 οἱ
1639 4659 1960 4714 κατάλοιποι

371 4749 480 4802 τῶν
521 4749 962 4821 κεκολασμένων,
1005 4751 1124 4822 ἤτοι
1167 4751 1277 4804 τῶν
1305 4754 1428 4816 ταῖς
1458 4751 1810 4822 Ἐκκλησίαις
1857 4769 1958 4823 με-

2077 3196 2282 3238 nentur.

2149 3359 2287 3416 CXI.
2340 3359 2706 3416 Ecclesiarum
2751 3370 3188 3431 oppugnatores,
3229 3371 3287 3418 et
3330 3362 3422 3432 qui
3469 3373 3661 3419 contra

2079 3463 2324 3509 sanctam
2377 3451 2682 3508 Jerusalem
2735 3454 3084 3524 supercilium
3138 3457 3373 3526 superbe
3425 3457 3658 3512 sustule-

2078 3551 2226 3609 runt,
2261 3555 2452 3612 poenas
2488 3542 2784 3614 condignas
2821 3544 3051 3599 luituros
3089 3559 3213 3599 cum
3257 3545 3503 3614 dixisset,
3534 3558 3660 3619 post

2077 3635 2196 3690 illos
2223 3635 2534 3691 relictorum
2566 3636 2939 3692 adorationem
2971 3638 3334 3708 praenuntiat,
3368 3639 3516 3694 illaut
3548 3641 3658 3696 sci-

2076 3729 2203 3784 licet
2235 3744 2357 3800 quae
2395 3729 2454 3783 tit
2489 3745 2586 3800 per
2616 3729 2895 3785 Christum
2933 3731 2984 3785 in
3022 3729 3206 3786 Iidem.
3241 3731 3361 3802 Ipse
3395 3733 3540 3788 enim
3573 3743 3659 3789 est

2080 3838 2099 3872 ι
2137 3821 2474 3890 exspectatio
2502 3821 2778 3890 gentiunr,
2815 3839 2835 3874 ι
2865 3821 3020 3891 juxta
3048 3822 3375 3892 patriarchae
3399 3839 3586 3880 vocem
3610 3823 3654 3876 ³.

2072 3911 2285 3967 Positus
2342 3919 2427 3968 est
2466 3927 2685 3983 quoque
2738 3913 2793 3968 in
2837 3914 3020 3969 lumen
3061 3916 3332 3986 gentium,
3376 3926 3432 3973 et
3472 3917 3528 3973 in
3570 3926 3655 3974 te-

2070 4013 2400 4059 stamentum
2426 4005 2642 4075 generis
2661 4005 2705 4071 ‘,
2727 4015 2785 4061 ut
2809 4007 3017 4076 aperiat
3042 4007 3230 4064 oculos
3250 4023 3516 4065 caecorum
3533 4010 3578 4076 ⁵,
3598 4021 3657 4066 et

2069 4099 2279 4154 vinctos
2303 4114 2332 4154 a
2353 4099 2605 4168 vinculis,
2627 4108 2681 4155 et
2704 4113 2735 4154 a
2761 4101 2921 4156 domo
2943 4100 3112 4172 810
3133 4104 3373 4159 carceris
3397 4105 3652 4162 sedentes

2069 4193 2121 4248 iu
2158 4192 2399 4249 tenebris
2440 4191 2696 4248 liberet‘.
2734 4191 3058 4248 Idololatriae
3096 4193 3259 4262 igitur
3292 4195 3482 4252 relicta
3522 4197 3652 4254 cali-

2067 4286 2222 4357 giue,
2255 4285 2566 4358 diabolique
2595 4295 2650 4341 et
2679 4285 2994 4342 stoliditatis
3017 4285 3250 4345 vinculis
3281 4288 3513 4361 diruptis
3532 4331 3549 4358 ,
3582 4293 3650 4348 de

2066 4378 2317 4448 gentibus
2352 4379 2420 4434 ad
2449 4378 2698 4434 veritatis
2733 4379 2925 4459 lumen
2946 4390 3200 4438 venturos
3236 4390 3293 4437 et
3325 4384 3426 4439 sub
3462 4381 3651 4438 Salva-

2069 4470 2202 4524 toris
2235 4468 2423 4540 iugum
2463 4485 2820 4528 successuros
2857 4473 3122 4540 declarat,
3163 4475 3368 4541 dicens,
3411 4475 3651 4547 reliquos

2067 4561 2134 4614 (Ie
2164 4560 2367 4630 punitis
2387 4601 2402 4625 ,
2435 4562 2550 4616 sive
2578 4559 2838 4618 Ecclesia:
2867 4565 3330 4634 oppugnatoribus
3376 4565 3648 4637 (innume-

2067 4649 2266 4705 rabiles
2297 4661 2478 4706 autem
2515 4650 2650 4721 isti),
2685 4665 3009 4708 ascensuros
3028 4652 3081 4707 in
3104 4668 3276 4709 annos
3305 4656 3546 4728 singulos
3577 4659 3645 4711 ad

2065 4740 2402 4797 adorandum
2445 4741 2732 4798 Dominum
2773 4743 3198 4814 omnipotentem
3247 4743 3438 4812 Deum,
3483 4755 3540 4803 et
3580 4749 3646 4802 ad

374 4841 709 4912 μαχημένων
735 4840 1009 4914 (ἀριθμοῦ
1047 4841 1104 4894 δὲ
1155 4836 1300 4896 οὗτοι
1350 4843 1718 4916 κρείττονες),
1747 4844 1958 4916 ἀναϐή-

2077 4835 2450 4891 celebrandum
2478 4834 2676 4891 festum
2696 4834 3218 4894 Tabernaculorum.
3241 4837 3353 4895 Lex
3380 4842 3525 4896 enim
3551 4855 3648 4910 per

375 4947 556 4984 σονται
593 4930 716 4985 κατ’
760 4931 1006 4986 ἐνιαυτὸν
1047 4930 1142 4985 τοῦ
1202 4931 1579 5005 προσκυνῆσαι
1628 4931 1706 5002 τῷ
1764 4931 1957 5003 Κυρίῳ

2077 4928 2250 4984 Mosen
2285 4927 2562 4984 mandavit
2597 4929 2779 5000 peragi
2817 4928 3013 4986 I‘estum
3053 4930 3400 5004 Sceuopegite
3434 4933 3642 4989 decima

371 5023 772 5094 παντοκράτορι
819 5022 969 5094 Θεῷ,
1018 5022 1244 5077 καὶτοῦ
1292 5022 1573 5095 ἑορτάζειν
1621 5021 1719 5094 τὴν
1761 5021 1957 5094 ἑορτὴν

2077 5021 2250 5092 ιυίιιιο
2278 5020 2368 5077 die
2393 5021 2597 5078 mensis
2626 5024 2874 5094 septimi,
2906 5024 3150 5080 collectis
3176 5025 3230 5080 in
3261 5027 3458 5080 horrea
3485 5040 3645 5097 agro-

367 5115 469 5186 τῆς
503 5116 906 5190 Σκηνοπηγίας.
947 5115 1007 5170 '0
1041 5117 1142 5186 μὲν
1191 5118 1300 5190 γάρ
1345 5115 1436 5170 διά
1483 5116 1727 5180 Μωσέως
1777 5132 1953 5186 προσ-

367 5211 620 5264 ετάττετο
659 5210 844 5282 νόμος.
872 5211 1240 5266 ἐπιτελεῖσθαι
1276 5211 1376 5282 τὴν
1401 5210 1596 5283 ἑορτὴν
1623 5212 1722 5281 τῆς
1749 5209 1953 5281 Σκηνο-

367 5299 572 5370 πηγίας
604 5304 672 5374 τῇ
711 5303 1175 5376 πεντεκαιδεκάτῃ
1200 5301 1296 5358 τοῦ
1324 5301 1550 5374 ἐϐδόμου
1596 5302 1789 5374 μηνὸς,
1825 5318 1950 5354 συν-

365 5394 751 5465 αγηγερμένης
781 5397 862 5460 εἰς
886 5395 1172 5468 ἀποθήκας
1195 5397 1294 5468 τῆς
1320 5395 1380 5464 ἐξ
1403 5394 1590 5466 ἀγρῶν
1615 5393 1948 5466 εὐκαρπίας.

376 5484 642 5549 Ἐξόδιον
672 5486 729 5540 δὲ
769 5487 1028 5561 ταύτῃτοι
1063 5489 1165 5560 τὴν
1193 5488 1384 5561 ἑορτὴν
1410 5488 1690 5561 ὀνομάζει,
1733 5489 1809 5554 ὡς
1844 5491 1946 5562 ήδη

361 5575 470 5629 τῶν
503 5575 682 5648 ἔργων
709 5578 820 5633 τῶν
852 5581 909 5633 ἐν
934 5581 1120 5653 ἀγροῖς
1147 5583 1614 5654 ἐκκεχωρηκότων
1655 5585 1714 5646 ἐς
1745 5583 1942 5654 πέρας.

373 5666 621 5722 Ἐκέλευε
644 5669 702 5722 δέ
728 5671 1024 5742 λαμϐάνειν
1046 5673 1355 5746 κάλλυντρα
1381 5675 1660 5745 φοινίκων,
1687 5676 1784 5730 καὶ
1811 5693 1945 5748 καρ-

2057 5130 2178 5170 rum
2196 5115 2568 5185 proventibus.
2587 5115 2765 5186 Quare
2781 5117 2979 5175 festum
3007 5117 3263 5184 Ἐξόδιον,
3285 5116 3639 5188 Egrem’onis,

2058 5208 2325 5274 nominat,
2356 5209 2502 5278 quod
2531 5223 2696 5280 opera
2729 5211 2932 5266 rustica
2962 5210 3076 5280 jam
3109 5213 3270 5266 linem
3304 5210 3635 5280 acceperint.

2053 5295 2451 5366 Jussitlautem
2490 5299 2738 5371 accipere
2775 5300 3019 5371 spatulas
3065 5301 3398 5371 palmarum,
3434 5310 3491 5354 et
3534 5299 3640 5354 [ιιι-

2051 5403 2200 5450 ctum
2226 5392 2359 5466 ligni
2374 5394 2683 5464 pulchrum,
2703 5405 2759 5450 et
2782 5410 2967 5450 ramos
2993 5395 3205 5451 arboris
3230 5395 3448 5459 densos,
3471 5403 3528 5450 et
3555 5409 3638 5449 sa-

2049 5489 2206 5555 lices,
2236 5498 2292 5544 et
2324 5489 2448 5560 agni
2478 5505 2685 5556 ramos,
2716 5490 3014 5561 bibereque
3041 5505 3236 5562 aquam
3265 5491 3334 5547 de
3366 5499 3629 5555 torrente,

2049 5590 2108 5636 et
2131 5581 2185 5634 in
2211 5580 2280 5635 iis
2304 5579 2498 5636 laetari.
2524 5580 2589 5634 Et
2611 5595 2834 5636 causam
2861 5581 3081 5651 quidem
3107 5580 3230 5637 festi
3258 5581 3346 5638 lex
3375 5580 3632 5646 faciebat,

2050 5671 2194 5741 quod
2224 5669 2392 5727 Israel
2421 5671 2474 5727 in
2508 5673 2755 5730 tentoriis
2784 5674 3108 5745 habitasset,
3133 5673 3514 5748 Egyptiornm
3532 5675 3633 5730 do-

430 5843 452 5875 ³
485 5843 623 5902 Gen.
653 5861 806 5912 χιιι,
834 5847 922 5903 l0.
994 5847 1169 5905 ‘Luc.
1212 5865 1272 5915 ll,
1297 5850 1387 5903 52.
1467 5851 1486 5882 ⁸
1522 5850 1624 5909 lsa.
1665 5867 1828 5922 xxxv,
1862 5849 1915 5908 5.
1989 5853 1995 5882 ‘

2077 5866 2142 5908 ia.
2173 5866 2304 5919 aut,
2330 5849 2385 5907 7.

681 5938 958 6005 ΡΔτιιοι..
1005 5942 1123 6005 Gn.
1173 5943 1424 6008 LXXII.

3257 5945 3298 6010 9
