  <div class='ocr_page' id='page_1' title='image "/cluster/home/n/w/nwhite01/storage/ocr_20150623/72/nnc1.0046980300/139.png"; bbox 0 0 4120 6376; ppageno 0'>
   <div class='ocr_carea' id='block_1_1' title="bbox 463 280 3721 401">
    <p class='ocr_par' dir='ltr' id='par_1_1' title="bbox 463 280 3721 401">
     <span class='ocr_line' id='line_1_1' title="bbox 463 280 3721 401; baseline -0.006 -9"><span class='ocrx_word' id='word_1_1' title='bbox 463 345 564 401; x_wconf 72' lang='lat'><strong>267</strong></span> <span class='ocrx_word' id='word_1_2' title='bbox 1349 280 1372 304; x_wconf 54' lang='lat'><em>.</em></span> <span class='ocrx_word' id='word_1_3' title='bbox 1450 329 1507 386; x_wconf 91' lang='lat' dir='ltr'><strong>S.</strong></span> <span class='ocrx_word' id='word_1_4' title='bbox 1549 327 1821 384; x_wconf 73' lang='lat' dir='ltr'><strong>CYRILLI</strong></span> <span class='ocrx_word' id='word_1_5' title='bbox 1857 325 2331 384; x_wconf 72' lang='lat' dir='ltr'><strong>ALEXANDRINI</strong></span> <span class='ocrx_word' id='word_1_6' title='bbox 2369 326 2694 384; x_wconf 79' lang='lat' dir='ltr'><strong>ARCHlEP.</strong></span> <span class='ocrx_word' id='word_1_7' title='bbox 3613 327 3721 384; x_wconf 65' lang='lat'><strong>268</strong></span> 
     </span>
    </p>
   </div>
   <div class='ocr_carea' id='block_1_2' title="bbox 463 445 2030 521">
    <p class='ocr_par' dir='ltr' id='par_1_2' title="bbox 463 447 2030 521">
     <span class='ocr_line' id='line_1_2' title="bbox 463 447 2030 521; baseline -0.016 -4"><span class='ocrx_word' id='word_1_8' title='bbox 463 459 672 517; x_wconf 83' lang='lat' dir='ltr'><strong>minstu</strong></span> <span class='ocrx_word' id='word_1_9' title='bbox 705 457 966 513; x_wconf 82' lang='lat' dir='ltr'><strong>liberatus</strong></span> <span class='ocrx_word' id='word_1_10' title='bbox 986 447 1038 508; x_wconf 88' lang='grc'><strong>⁷.’</strong></span> <span class='ocrx_word' id='word_1_11' title='bbox 1059 451 1189 519; x_wconf 75' lang='lat' dir='ltr'><strong>Qua:</strong></span> <span class='ocrx_word' id='word_1_12' title='bbox 1219 465 1308 506; x_wconf 91' lang='lat' dir='ltr'><strong>res</strong></span> <span class='ocrx_word' id='word_1_13' title='bbox 1339 457 1496 520; x_wconf 82' lang='lat' dir='ltr'><strong>typus</strong></span> <span class='ocrx_word' id='word_1_14' title='bbox 1525 449 1744 520; x_wconf 90' lang='lat' dir='ltr'><strong>quidam</strong></span> <span class='ocrx_word' id='word_1_15' title='bbox 1775 457 1894 504; x_wconf 90' lang='lat' dir='ltr'><strong>erat</strong></span> <span class='ocrx_word' id='word_1_16' title='bbox 1924 465 2030 521; x_wconf 80' lang='lat' dir='ltr'><strong>my.</strong></span> 
     </span>
    </p>
   </div>
   <div class='ocr_carea' id='block_1_3' title="bbox 2130 445 3721 521">
    <p class='ocr_par' dir='ltr' id='par_1_3' title="bbox 2137 445 3721 519">
     <span class='ocr_line' id='line_1_3' title="bbox 2137 445 3721 519; baseline 0 -17"><span class='ocrx_word' id='word_1_17' title='bbox 2137 450 2238 503; x_wconf 82' lang='grc' dir='ltr'><strong>πὺν</strong></span> <span class='ocrx_word' id='word_1_18' title='bbox 2281 450 2482 519; x_wconf 83' lang='grc' dir='ltr'>ὡραῖον</span> <span class='ocrx_word' id='word_1_19' title='bbox 2540 449 2721 514; x_wconf 80' lang='grc' dir='ltr'>ξύλου,</span> <span class='ocrx_word' id='word_1_20' title='bbox 2766 465 2862 502; x_wconf 84' lang='grc' dir='ltr'><strong>και</strong></span> <span class='ocrx_word' id='word_1_21' title='bbox 2907 446 3137 510; x_wconf 80' lang='grc' dir='ltr'><strong>κλάδους</strong></span> <span class='ocrx_word' id='word_1_22' title='bbox 3169 445 3329 513; x_wconf 82' lang='grc' dir='ltr'>ξύλου</span> <span class='ocrx_word' id='word_1_23' title='bbox 3364 446 3580 514; x_wconf 76' lang='grc' dir='ltr'>δασεῖς,</span> <span class='ocrx_word' id='word_1_24' title='bbox 3626 450 3721 504; x_wconf 76' lang='grc' dir='ltr'><strong>καὶ</strong></span> 
     </span>
    </p>
   </div>
   <div class='ocr_carea' id='block_1_4' title="bbox 464 538 2030 612">
    <p class='ocr_par' dir='ltr' id='par_1_4' title="bbox 464 540 2030 612">
     <span class='ocr_line' id='line_1_4' title="bbox 464 540 2030 612; baseline -0.008 -5"><span class='ocrx_word' id='word_1_25' title='bbox 464 551 616 607; x_wconf 87' lang='lat' dir='ltr'><strong>sterii</strong></span> <span class='ocrx_word' id='word_1_26' title='bbox 649 550 703 604; x_wconf 94' lang='lat' dir='ltr'><strong>in</strong></span> <span class='ocrx_word' id='word_1_27' title='bbox 735 545 980 603; x_wconf 75' lang='lat' dir='ltr'><strong>Christo.</strong></span> <span class='ocrx_word' id='word_1_28' title='bbox 1012 541 1194 612; x_wconf 87' lang='lat' dir='ltr'><strong>Erepti</strong></span> <span class='ocrx_word' id='word_1_29' title='bbox 1229 540 1376 596; x_wconf 90' lang='lat' dir='ltr'><strong>enim</strong></span> <span class='ocrx_word' id='word_1_30' title='bbox 1410 554 1598 594; x_wconf 89' lang='lat' dir='ltr'><strong>sumus</strong></span> <span class='ocrx_word' id='word_1_31' title='bbox 1627 555 1728 594; x_wconf 92' lang='lat' dir='ltr'><strong>nos</strong></span> <span class='ocrx_word' id='word_1_32' title='bbox 1757 554 1971 610; x_wconf 89' lang='lat' dir='ltr'><strong>quoque</strong></span> <span class='ocrx_word' id='word_1_33' title='bbox 2005 556 2030 595; x_wconf 87' lang='lat' dir='ltr'><strong>e</strong></span> 
     </span>
    </p>
   </div>
   <div class='ocr_carea' id='block_1_5' title="bbox 2130 538 3718 612">
    <p class='ocr_par' dir='ltr' id='par_1_5' title="bbox 2139 538 3718 611">
     <span class='ocr_line' id='line_1_5' title="bbox 2139 538 3718 611; baseline -0.001 -17"><span class='ocrx_word' id='word_1_34' title='bbox 2139 542 2313 609; x_wconf 81' lang='grc' dir='ltr'>ἰτέας,</span> <span class='ocrx_word' id='word_1_35' title='bbox 2359 543 2453 596; x_wconf 74' lang='grc' dir='ltr'><strong>καὶ</strong></span> <span class='ocrx_word' id='word_1_36' title='bbox 2483 543 2647 611; x_wconf 81' lang='grc' dir='ltr'>ἄγνου</span> <span class='ocrx_word' id='word_1_37' title='bbox 2697 541 2954 605; x_wconf 80' lang='grc' dir='ltr'><strong>κλάδους,</strong></span> <span class='ocrx_word' id='word_1_38' title='bbox 2991 540 3166 593; x_wconf 81' lang='grc' dir='ltr'>πίνειν</span> <span class='ocrx_word' id='word_1_39' title='bbox 3205 557 3265 593; x_wconf 84' lang='grc' dir='ltr'><strong>τε</strong></span> <span class='ocrx_word' id='word_1_40' title='bbox 3303 538 3450 611; x_wconf 76' lang='grc' dir='ltr'>ὕδωρ</span> <span class='ocrx_word' id='word_1_41' title='bbox 3486 541 3552 592; x_wconf 85' lang='grc' dir='ltr'><strong>ἐκ</strong></span> <span class='ocrx_word' id='word_1_42' title='bbox 3603 556 3718 609; x_wconf 80' lang='grc' dir='ltr'>χει-</span> 
     </span>
    </p>
   </div>
   <div class='ocr_carea' id='block_1_6' title="bbox 463 630 2030 705">
    <p class='ocr_par' dir='ltr' id='par_1_6' title="bbox 463 631 2030 700">
     <span class='ocr_line' id='line_1_6' title="bbox 463 631 2030 700; baseline -0.01 0"><span class='ocrx_word' id='word_1_43' title='bbox 463 641 656 700; x_wconf 90' lang='lat' dir='ltr'><strong>diaboli</strong></span> <span class='ocrx_word' id='word_1_44' title='bbox 702 639 983 700; x_wconf 74' lang='lat' dir='ltr'><strong>servitute,</strong></span> <span class='ocrx_word' id='word_1_45' title='bbox 1021 644 1075 690; x_wconf 90' lang='lat' dir='ltr'><strong>et</strong></span> <span class='ocrx_word' id='word_1_46' title='bbox 1110 634 1310 700; x_wconf 89' lang='lat' dir='ltr'><strong>vocati,</strong></span> <span class='ocrx_word' id='word_1_47' title='bbox 1352 643 1412 688; x_wconf 87' lang='grc' dir='ltr'><strong>ιιι</strong></span> <span class='ocrx_word' id='word_1_48' title='bbox 1453 632 1588 698; x_wconf 83' lang='lat' dir='ltr'><strong>dixi,</strong></span> <span class='ocrx_word' id='word_1_49' title='bbox 1631 633 1683 686; x_wconf 90' lang='lat' dir='ltr'><strong>in</strong></span> <span class='ocrx_word' id='word_1_50' title='bbox 1726 631 2030 687; x_wconf 89' lang='lat' dir='ltr'><strong>libertatem</strong></span> 
     </span>
    </p>
   </div>
   <div class='ocr_carea' id='block_1_7' title="bbox 2130 630 3721 705">
    <p class='ocr_par' dir='ltr' id='par_1_7' title="bbox 2139 630 3721 705">
     <span class='ocr_line' id='line_1_7' title="bbox 2139 630 3721 705; baseline -0.003 -18"><span class='ocrx_word' id='word_1_51' title='bbox 2139 634 2374 705; x_wconf 74' lang='grc' dir='ltr'>μὰῥρου,</span> <span class='ocrx_word' id='word_1_52' title='bbox 2406 635 2502 687; x_wconf 71' lang='grc' dir='ltr'><strong>καὶ</strong></span> <span class='ocrx_word' id='word_1_53' title='bbox 2531 634 2619 688; x_wconf 79' lang='grc' dir='ltr'>ἐπ’</span> <span class='ocrx_word' id='word_1_54' title='bbox 2657 634 2841 696; x_wconf 81' lang='grc' dir='ltr'>αὐτοῖς</span> <span class='ocrx_word' id='word_1_55' title='bbox 2884 631 3400 702; x_wconf 70' lang='grc' dir='ltr'>κατευφραίνεσθαι.</span> <span class='ocrx_word' id='word_1_56' title='bbox 3437 631 3551 684; x_wconf 78' lang='grc' dir='ltr'><strong>Καὶ</strong></span> <span class='ocrx_word' id='word_1_57' title='bbox 3583 630 3721 702; x_wconf 86' lang='grc' dir='ltr'>πρό-</span> 
     </span>
    </p>
   </div>
   <div class='ocr_carea' id='block_1_8' title="bbox 461 725 2036 806">
    <p class='ocr_par' dir='ltr' id='par_1_8' title="bbox 461 725 2036 806">
     <span class='ocr_line' id='line_1_8' title="bbox 461 725 2036 806; baseline -0.007 -17"><span class='ocrx_word' id='word_1_58' title='bbox 461 750 558 806; x_wconf 89' lang='lat' dir='ltr'><strong>per</strong></span> <span class='ocrx_word' id='word_1_59' title='bbox 589 733 861 789; x_wconf 82' lang='lat' dir='ltr'><strong>Christum</strong></span> <span class='ocrx_word' id='word_1_60' title='bbox 882 730 926 797; x_wconf 84' lang='grc'><strong>⁸,</strong></span> <span class='ocrx_word' id='word_1_61' title='bbox 966 737 1022 783; x_wconf 91' lang='lat' dir='ltr'><strong>et</strong></span> <span class='ocrx_word' id='word_1_62' title='bbox 1075 725 1204 780; x_wconf 84' lang='lat' dir='ltr'><strong>facti</strong></span> <span class='ocrx_word' id='word_1_63' title='bbox 1243 725 1344 781; x_wconf 85' lang='lat' dir='ltr'><strong>sub</strong></span> <span class='ocrx_word' id='word_1_64' title='bbox 1399 725 1774 779; x_wconf 87' lang='lat' dir='ltr'><strong>universorum</strong></span> <span class='ocrx_word' id='word_1_65' title='bbox 1817 739 1944 796; x_wconf 84' lang='lat' dir='ltr'><strong>rege</strong></span> <span class='ocrx_word' id='word_1_66' title='bbox 1982 733 2036 780; x_wconf 91' lang='lat' dir='ltr'><strong>et</strong></span> 
     </span>
    </p>
   </div>
   <div class='ocr_carea' id='block_1_9' title="bbox 463 816 2032 890">
    <p class='ocr_par' dir='ltr' id='par_1_9' title="bbox 463 816 2032 890">
     <span class='ocr_line' id='line_1_9' title="bbox 463 816 2032 890; baseline -0.005 -12"><span class='ocrx_word' id='word_1_67' title='bbox 463 826 595 890; x_wconf 77' lang='lat' dir='ltr'><strong>vita,</strong></span> <span class='ocrx_word' id='word_1_68' title='bbox 643 832 882 878; x_wconf 89' lang='lat' dir='ltr'><strong>veterum</strong></span> <span class='ocrx_word' id='word_1_69' title='bbox 937 819 1273 875; x_wconf 88' lang='lat' dir='ltr'><strong>dominorum</strong></span> <span class='ocrx_word' id='word_1_70' title='bbox 1319 816 1660 871; x_wconf 77' lang='lat' dir='ltr'><strong>immanitate</strong></span> <span class='ocrx_word' id='word_1_71' title='bbox 1705 825 2032 886; x_wconf 79' lang='lat' dir='ltr'><strong>contempta.</strong></span> 
     </span>
    </p>
   </div>
   <div class='ocr_carea' id='block_1_10' title="bbox 461 905 2036 980">
    <p class='ocr_par' dir='ltr' id='par_1_10' title="bbox 461 905 2036 980">
     <span class='ocr_line' id='line_1_10' title="bbox 461 905 2036 980; baseline -0.004 -9"><span class='ocrx_word' id='word_1_72' title='bbox 461 916 810 972; x_wconf 83' lang='lat' dir='ltr'><strong>Celebramus</strong></span> <span class='ocrx_word' id='word_1_73' title='bbox 847 922 1025 967; x_wconf 91' lang='lat' dir='ltr'><strong>autem</strong></span> <span class='ocrx_word' id='word_1_74' title='bbox 1063 925 1249 965; x_wconf 91' lang='lat' dir='ltr'><strong>verum</strong></span> <span class='ocrx_word' id='word_1_75' title='bbox 1288 909 1634 980; x_wconf 68' lang='lat' dir='ltr'><strong>Scenopegite</strong></span> <span class='ocrx_word' id='word_1_76' title='bbox 1663 905 1896 973; x_wconf 49' lang='lat' dir='ltr'><strong>‘l‘estum,</strong></span> <span class='ocrx_word' id='word_1_77' title='bbox 1934 909 2036 964; x_wconf 80' lang='lat' dir='ltr'><strong>huc</strong></span> 
     </span>
    </p>
   </div>
   <div class='ocr_carea' id='block_1_11' title="bbox 459 992 2032 1070">
    <p class='ocr_par' dir='ltr' id='par_1_11' title="bbox 459 992 2032 1070">
     <span class='ocr_line' id='line_1_11' title="bbox 459 992 2032 1070; baseline -0.005 -8"><span class='ocrx_word' id='word_1_78' title='bbox 459 1018 544 1063; x_wconf 82' lang='lat' dir='ltr'><strong>est</strong></span> <span class='ocrx_word' id='word_1_79' title='bbox 591 1007 734 1062; x_wconf 88' lang='lat' dir='ltr'><strong>diem</strong></span> <span class='ocrx_word' id='word_1_80' title='bbox 772 1003 1185 1060; x_wconf 76' lang='lat' dir='ltr'><strong>resurrectionis</strong></span> <span class='ocrx_word' id='word_1_81' title='bbox 1227 1000 1460 1066; x_wconf 74' lang='lat' dir='ltr'><strong>Christi,</strong></span> <span class='ocrx_word' id='word_1_82' title='bbox 1513 992 1729 1070; x_wconf 83' lang='lat' dir='ltr'><strong>quando</strong></span> <span class='ocrx_word' id='word_1_83' title='bbox 1761 1000 1942 1055; x_wconf 88' lang='lat' dir='ltr'><strong>omnia</strong></span> <span class='ocrx_word' id='word_1_84' title='bbox 1982 1001 2032 1054; x_wconf 91' lang='lat' dir='ltr'><strong>in</strong></span> 
     </span>
    </p>
   </div>
   <div class='ocr_carea' id='block_1_12' title="bbox 459 1092 2036 1168">
    <p class='ocr_par' dir='ltr' id='par_1_12' title="bbox 459 1092 2036 1168">
     <span class='ocr_line' id='line_1_12' title="bbox 459 1092 2036 1168; baseline -0.004 -17"><span class='ocrx_word' id='word_1_85' title='bbox 459 1098 575 1168; x_wconf 91' lang='lat' dir='ltr'><strong>ipso</strong></span> <span class='ocrx_word' id='word_1_86' title='bbox 611 1110 836 1164; x_wconf 90' lang='lat' dir='ltr'><strong>corpora</strong></span> <span class='ocrx_word' id='word_1_87' title='bbox 875 1093 1026 1162; x_wconf 89' lang='lat' dir='ltr'><strong>quasi</strong></span> <span class='ocrx_word' id='word_1_88' title='bbox 1067 1093 1168 1145; x_wconf 82' lang='lat' dir='ltr'><strong>lixa</strong></span> <span class='ocrx_word' id='word_1_89' title='bbox 1206 1101 1260 1147; x_wconf 90' lang='lat' dir='ltr'><strong>et</strong></span> <span class='ocrx_word' id='word_1_90' title='bbox 1294 1102 1572 1160; x_wconf 85' lang='lat' dir='ltr'><strong>compacta</strong></span> <span class='ocrx_word' id='word_1_91' title='bbox 1610 1100 1758 1153; x_wconf 90' lang='lat' dir='ltr'><strong>sunt,</strong></span> <span class='ocrx_word' id='word_1_92' title='bbox 1790 1092 2036 1160; x_wconf 88' lang='lat' dir='ltr'><strong>quamvis</strong></span> 
     </span>
    </p>
   </div>
   <div class='ocr_carea' id='block_1_13' title="bbox 459 1181 2036 1258">
    <p class='ocr_par' dir='ltr' id='par_1_13' title="bbox 459 1181 2036 1258">
     <span class='ocr_line' id='line_1_13' title="bbox 459 1181 2036 1258; baseline -0.004 -15"><span class='ocrx_word' id='word_1_93' title='bbox 459 1186 808 1258; x_wconf 85' lang='lat' dir='ltr'><strong>corruptione</strong></span> <span class='ocrx_word' id='word_1_94' title='bbox 859 1184 1120 1240; x_wconf 91' lang='lat' dir='ltr'><strong>dissoluta</strong></span> <span class='ocrx_word' id='word_1_95' title='bbox 1172 1191 1224 1239; x_wconf 88' lang='lat' dir='ltr'><strong>et</strong></span> <span class='ocrx_word' id='word_1_96' title='bbox 1276 1197 1305 1236; x_wconf 89' lang='lat' dir='ltr'><strong>a</strong></span> <span class='ocrx_word' id='word_1_97' title='bbox 1365 1191 1538 1236; x_wconf 89' lang='lat' dir='ltr'><strong>morte</strong></span> <span class='ocrx_word' id='word_1_98' title='bbox 1589 1191 1872 1252; x_wconf 87' lang='lat' dir='ltr'><strong>occupata.</strong></span> <span class='ocrx_word' id='word_1_99' title='bbox 1917 1181 2036 1250; x_wconf 85' lang='lat' dir='ltr'><strong>Ipse</strong></span> 
     </span>
    </p>
   </div>
   <div class='ocr_carea' id='block_1_14' title="bbox 459 1267 2038 1344">
    <p class='ocr_par' dir='ltr' id='par_1_14' title="bbox 459 1267 2038 1344">
     <span class='ocr_line' id='line_1_14' title="bbox 459 1267 2038 1344; baseline -0.004 -10"><span class='ocrx_word' id='word_1_100' title='bbox 459 1279 603 1334; x_wconf 91' lang='lat' dir='ltr'><strong>enim</strong></span> <span class='ocrx_word' id='word_1_101' title='bbox 640 1288 724 1332; x_wconf 89' lang='lat' dir='ltr'><strong>est</strong></span> <span class='ocrx_word' id='word_1_102' title='bbox 763 1276 1127 1341; x_wconf 86' lang='lat' dir='ltr'><strong>resurrectio,</strong></span> <span class='ocrx_word' id='word_1_103' title='bbox 1163 1273 1284 1343; x_wconf 50' lang='lat' dir='ltr'><strong>&quot;ipse</strong></span> <span class='ocrx_word' id='word_1_104' title='bbox 1324 1275 1432 1329; x_wconf 88' lang='lat' dir='ltr'><strong>vita</strong></span> <span class='ocrx_word' id='word_1_105' title='bbox 1461 1267 1518 1339; x_wconf 58' lang='lat'><strong>&#39;9,</strong></span> <span class='ocrx_word' id='word_1_106' title='bbox 1586 1275 1733 1329; x_wconf 89' lang='lat' dir='ltr'><strong>velut</strong></span> <span class='ocrx_word' id='word_1_107' title='bbox 1787 1275 2038 1344; x_wconf 68' lang='lat' dir='ltr'><strong>primitiae</strong></span> 
     </span>
    </p>
   </div>
   <div class='ocr_carea' id='block_1_15' title="bbox 460 1359 2037 1440">
    <p class='ocr_par' dir='ltr' id='par_1_15' title="bbox 460 1359 2037 1440">
     <span class='ocr_line' id='line_1_15' title="bbox 460 1359 2037 1440; baseline -0.003 -14"><span class='ocrx_word' id='word_1_108' title='bbox 460 1386 525 1426; x_wconf 75' lang='lat' dir='ltr'><strong>ex</strong></span> <span class='ocrx_word' id='word_1_109' title='bbox 551 1359 799 1435; x_wconf 85' lang='lat' dir='ltr'><strong>mortuis,</strong></span> <span class='ocrx_word' id='word_1_110' title='bbox 827 1390 844 1422; x_wconf 78' lang='grc' dir='ltr'><strong>ι</strong></span> <span class='ocrx_word' id='word_1_111' title='bbox 869 1379 920 1425; x_wconf 92' lang='lat' dir='ltr'><strong>et</strong></span> <span class='ocrx_word' id='word_1_112' title='bbox 943 1370 1194 1440; x_wconf 76' lang='lat' dir='ltr'><strong>primitia:</strong></span> <span class='ocrx_word' id='word_1_113' title='bbox 1232 1368 1616 1423; x_wconf 85' lang='lat' dir='ltr'><strong>dormientium</strong></span> <span class='ocrx_word' id='word_1_114' title='bbox 1640 1369 1706 1433; x_wconf 88' lang='grc'>¹⁰,</span> <span class='ocrx_word' id='word_1_115' title='bbox 1754 1386 1773 1419; x_wconf 71' lang='grc' dir='ltr'><strong>ι</strong></span> <span class='ocrx_word' id='word_1_116' title='bbox 1813 1367 1904 1437; x_wconf 89' lang='lat' dir='ltr'><strong>qui</strong></span> <span class='ocrx_word' id='word_1_117' title='bbox 1939 1381 2037 1421; x_wconf 90' lang='lat' dir='ltr'><strong>nos</strong></span> 
     </span>
    </p>
   </div>
   <div class='ocr_carea' id='block_1_16' title="bbox 461 1457 2037 1532">
    <p class='ocr_par' dir='ltr' id='par_1_16' title="bbox 461 1457 2037 1532">
     <span class='ocr_line' id='line_1_16' title="bbox 461 1457 2037 1532; baseline -0.006 -12"><span class='ocrx_word' id='word_1_118' title='bbox 461 1465 748 1520; x_wconf 75' lang='lat' dir='ltr'><strong>fertilitate</strong></span> <span class='ocrx_word' id='word_1_119' title='bbox 781 1478 902 1532; x_wconf 64' lang='lat' dir='ltr'><strong>quae</strong></span> <span class='ocrx_word' id='word_1_120' title='bbox 940 1461 1289 1531; x_wconf 84' lang='lat' dir='ltr'><strong>intelligentia</strong></span> <span class='ocrx_word' id='word_1_121' title='bbox 1332 1460 1698 1528; x_wconf 77' lang='lat' dir='ltr'><strong>cognoscitur,</strong></span> <span class='ocrx_word' id='word_1_122' title='bbox 1739 1457 1944 1527; x_wconf 83' lang='lat' dir='ltr'><strong>replet,</strong></span> <span class='ocrx_word' id='word_1_123' title='bbox 1981 1464 2037 1510; x_wconf 90' lang='lat' dir='ltr'><strong>et</strong></span> 
     </span>
    </p>
   </div>
   <div class='ocr_carea' id='block_1_17' title="bbox 461 1539 2036 1627">
    <p class='ocr_par' dir='ltr' id='par_1_17' title="bbox 461 1539 2036 1627">
     <span class='ocr_line' id='line_1_17' title="bbox 461 1539 2036 1627; baseline -0.007 -16"><span class='ocrx_word' id='word_1_124' title='bbox 461 1557 617 1627; x_wconf 79' lang='lat' dir='ltr'><strong>quasi</strong></span> <span class='ocrx_word' id='word_1_125' title='bbox 654 1571 718 1611; x_wconf 85' lang='lat' dir='ltr'><strong>ex</strong></span> <span class='ocrx_word' id='word_1_126' title='bbox 760 1539 905 1625; x_wconf 80' lang='lat' dir='ltr'><strong>agris</strong></span> <span class='ocrx_word' id='word_1_127' title='bbox 941 1552 1194 1607; x_wconf 79' lang='lat' dir='ltr'><strong>collectos</strong></span> <span class='ocrx_word' id='word_1_128' title='bbox 1228 1550 1441 1604; x_wconf 88' lang='lat' dir='ltr'><strong>labores</strong></span> <span class='ocrx_word' id='word_1_129' title='bbox 1479 1551 1532 1602; x_wconf 92' lang='lat' dir='ltr'><strong>in</strong></span> <span class='ocrx_word' id='word_1_130' title='bbox 1570 1564 1803 1617; x_wconf 86' lang='lat' dir='ltr'><strong>superna</strong></span> <span class='ocrx_word' id='word_1_131' title='bbox 1842 1547 2036 1603; x_wconf 88' lang='lat' dir='ltr'><strong>horrea</strong></span> 
     </span>
    </p>
   </div>
   <div class='ocr_carea' id='block_1_18' title="bbox 461 1632 2036 1711">
    <p class='ocr_par' dir='ltr' id='par_1_18' title="bbox 461 1632 2036 1711">
     <span class='ocr_line' id='line_1_18' title="bbox 461 1632 2036 1711; baseline -0.006 -9"><span class='ocrx_word' id='word_1_132' title='bbox 461 1646 806 1704; x_wconf 88' lang='lat' dir='ltr'><strong>accumulare</strong></span> <span class='ocrx_word' id='word_1_133' title='bbox 837 1643 989 1699; x_wconf 81' lang='lat' dir='ltr'><strong>facit.</strong></span> <span class='ocrx_word' id='word_1_134' title='bbox 1022 1641 1142 1711; x_wconf 87' lang='lat' dir='ltr'><strong>Ipse</strong></span> <span class='ocrx_word' id='word_1_135' title='bbox 1176 1640 1334 1696; x_wconf 91' lang='lat' dir='ltr'><strong>nobis</strong></span> <span class='ocrx_word' id='word_1_136' title='bbox 1371 1641 1422 1694; x_wconf 92' lang='lat' dir='ltr'><strong>in</strong></span> <span class='ocrx_word' id='word_1_137' title='bbox 1461 1632 1715 1710; x_wconf 81' lang='lat' dir='ltr'><strong>paradiso</strong></span> <span class='ocrx_word' id='word_1_138' title='bbox 1747 1638 1944 1692; x_wconf 86' lang='lat' dir='ltr'><strong>victum</strong></span> <span class='ocrx_word' id='word_1_139' title='bbox 1978 1646 2036 1692; x_wconf 90' lang='lat' dir='ltr'><strong>et</strong></span> 
     </span>
    </p>
   </div>
   <div class='ocr_carea' id='block_1_19' title="bbox 461 1726 2034 1804">
    <p class='ocr_par' dir='ltr' id='par_1_19' title="bbox 461 1726 2034 1804">
     <span class='ocr_line' id='line_1_19' title="bbox 461 1726 2034 1804; baseline -0.008 -9"><span class='ocrx_word' id='word_1_140' title='bbox 461 1740 685 1796; x_wconf 86' lang='lat' dir='ltr'><strong>delicias</strong></span> <span class='ocrx_word' id='word_1_141' title='bbox 713 1736 892 1800; x_wconf 81' lang='lat' dir='ltr'><strong>dabit,</strong></span> <span class='ocrx_word' id='word_1_142' title='bbox 925 1731 1236 1804; x_wconf 87' lang='lat' dir='ltr'><strong>spirituales</strong></span> <span class='ocrx_word' id='word_1_143' title='bbox 1271 1731 1556 1796; x_wconf 88' lang='lat' dir='ltr'><strong>nimirum,</strong></span> <span class='ocrx_word' id='word_1_144' title='bbox 1587 1726 1886 1785; x_wconf 88' lang='lat' dir='ltr'><strong>victoribus</strong></span> <span class='ocrx_word' id='word_1_145' title='bbox 1913 1743 2034 1800; x_wconf 90' lang='lat' dir='ltr'><strong>pec-</strong></span> 
     </span>
    </p>
   </div>
   <div class='ocr_carea' id='block_1_20' title="bbox 460 1819 2035 1896">
    <p class='ocr_par' dir='ltr' id='par_1_20' title="bbox 460 1819 2035 1896">
     <span class='ocr_line' id='line_1_20' title="bbox 460 1819 2035 1896; baseline -0.008 -9"><span class='ocrx_word' id='word_1_146' title='bbox 460 1833 602 1896; x_wconf 86' lang='lat' dir='ltr'><strong>cati,</strong></span> <span class='ocrx_word' id='word_1_147' title='bbox 636 1827 931 1884; x_wconf 88' lang='lat' dir='ltr'><strong>secundum</strong></span> <span class='ocrx_word' id='word_1_148' title='bbox 969 1825 1302 1882; x_wconf 89' lang='lat' dir='ltr'><strong>intellectum</strong></span> <span class='ocrx_word' id='word_1_149' title='bbox 1334 1823 1470 1879; x_wconf 88' lang='lat' dir='ltr'><strong>bene</strong></span> <span class='ocrx_word' id='word_1_150' title='bbox 1499 1819 1801 1888; x_wconf 85' lang='lat' dir='ltr'><strong>olentibus,</strong></span> <span class='ocrx_word' id='word_1_151' title='bbox 1833 1823 2035 1893; x_wconf 86' lang='lat' dir='ltr'><strong>specio-</strong></span> 
     </span>
    </p>
   </div>
   <div class='ocr_carea' id='block_1_21' title="bbox 459 1912 2033 1989">
    <p class='ocr_par' dir='ltr' id='par_1_21' title="bbox 459 1912 2033 1989">
     <span class='ocr_line' id='line_1_21' title="bbox 459 1912 2033 1989; baseline -0.007 -14"><span class='ocrx_word' id='word_1_152' title='bbox 459 1933 686 1989; x_wconf 87' lang='lat' dir='ltr'><strong>sumque</strong></span> <span class='ocrx_word' id='word_1_153' title='bbox 721 1927 776 1972; x_wconf 92' lang='lat' dir='ltr'><strong>et</strong></span> <span class='ocrx_word' id='word_1_154' title='bbox 814 1916 1098 1971; x_wconf 88' lang='lat' dir='ltr'><strong>amabilem</strong></span> <span class='ocrx_word' id='word_1_155' title='bbox 1143 1913 1463 1985; x_wconf 78' lang='lat' dir='ltr'><strong>evangelicae</strong></span> <span class='ocrx_word' id='word_1_156' title='bbox 1502 1913 1626 1967; x_wconf 71' lang='lat' dir='ltr'><strong>vita:</strong></span> <span class='ocrx_word' id='word_1_157' title='bbox 1668 1912 1900 1966; x_wconf 84' lang='lat' dir='ltr'><strong>fructum</strong></span> <span class='ocrx_word' id='word_1_158' title='bbox 1944 1912 2033 1964; x_wconf 85' lang='lat' dir='ltr'><strong>ha-</strong></span> 
     </span>
    </p>
   </div>
   <div class='ocr_carea' id='block_1_22' title="bbox 457 2001 2029 2076">
    <p class='ocr_par' dir='ltr' id='par_1_22' title="bbox 457 2001 2029 2076">
     <span class='ocr_line' id='line_1_22' title="bbox 457 2001 2029 2076; baseline -0.006 -9"><span class='ocrx_word' id='word_1_159' title='bbox 457 2011 741 2076; x_wconf 83' lang='lat' dir='ltr'><strong>bentibus,</strong></span> <span class='ocrx_word' id='word_1_160' title='bbox 771 2017 919 2064; x_wconf 83' lang='lat' dir='ltr'><strong>caste</strong></span> <span class='ocrx_word' id='word_1_161' title='bbox 943 2017 997 2063; x_wconf 89' lang='lat' dir='ltr'><strong>et</strong></span> <span class='ocrx_word' id='word_1_162' title='bbox 1022 2016 1208 2063; x_wconf 56' lang='lat' dir='ltr'><strong>sancte</strong></span> <span class='ocrx_word' id='word_1_163' title='bbox 1234 2003 1586 2060; x_wconf 89' lang='lat' dir='ltr'><strong>conversatis.</strong></span> <span class='ocrx_word' id='word_1_164' title='bbox 1616 2001 1839 2072; x_wconf 80' lang='lat' dir='ltr'><strong>Signum</strong></span> <span class='ocrx_word' id='word_1_165' title='bbox 1868 2003 2029 2072; x_wconf 83' lang='lat' dir='ltr'><strong>hujus</strong></span> 
     </span>
    </p>
   </div>
   <div class='ocr_carea' id='block_1_23' title="bbox 458 2093 2027 2172">
    <p class='ocr_par' dir='ltr' id='par_1_23' title="bbox 458 2093 2027 2172">
     <span class='ocr_line' id='line_1_23' title="bbox 458 2093 2027 2172; baseline -0.007 -15"><span class='ocrx_word' id='word_1_166' title='bbox 458 2118 580 2158; x_wconf 88' lang='lat' dir='ltr'><strong>esse</strong></span> <span class='ocrx_word' id='word_1_167' title='bbox 617 2102 822 2172; x_wconf 85' lang='lat' dir='ltr'><strong>possit,</strong></span> <span class='ocrx_word' id='word_1_168' title='bbox 856 2098 999 2170; x_wconf 77' lang='lat' dir='ltr'><strong>quod</strong></span> <span class='ocrx_word' id='word_1_169' title='bbox 1037 2097 1276 2168; x_wconf 86' lang='lat' dir='ltr'><strong>spatulas</strong></span> <span class='ocrx_word' id='word_1_170' title='bbox 1314 2096 1611 2166; x_wconf 89' lang='lat' dir='ltr'><strong>palmarum</strong></span> <span class='ocrx_word' id='word_1_171' title='bbox 1650 2103 1705 2148; x_wconf 88' lang='lat' dir='ltr'><strong>et</strong></span> <span class='ocrx_word' id='word_1_172' title='bbox 1742 2093 2027 2161; x_wconf 85' lang='lat' dir='ltr'><strong>pulchrum</strong></span> 
     </span>
    </p>
   </div>
   <div class='ocr_carea' id='block_1_24' title="bbox 459 2185 2028 2265">
    <p class='ocr_par' dir='ltr' id='par_1_24' title="bbox 459 2185 2028 2265">
     <span class='ocr_line' id='line_1_24' title="bbox 459 2185 2028 2265; baseline -0.006 -16"><span class='ocrx_word' id='word_1_173' title='bbox 459 2194 589 2265; x_wconf 83' lang='lat' dir='ltr'><strong>ligni</strong></span> <span class='ocrx_word' id='word_1_174' title='bbox 631 2192 862 2247; x_wconf 76' lang='lat' dir='ltr'><strong>fructum</strong></span> <span class='ocrx_word' id='word_1_175' title='bbox 906 2189 1070 2246; x_wconf 86' lang='lat' dir='ltr'><strong>simul</strong></span> <span class='ocrx_word' id='word_1_176' title='bbox 1116 2204 1237 2244; x_wconf 86' lang='lat' dir='ltr'><strong>cum</strong></span> <span class='ocrx_word' id='word_1_177' title='bbox 1280 2187 1401 2242; x_wconf 92' lang='lat' dir='ltr'><strong>aliis</strong></span> <span class='ocrx_word' id='word_1_178' title='bbox 1445 2186 1695 2255; x_wconf 89' lang='lat' dir='ltr'><strong>colligata</strong></span> <span class='ocrx_word' id='word_1_179' title='bbox 1737 2185 2028 2240; x_wconf 86' lang='lat' dir='ltr'><strong>habebant.</strong></span> 
     </span>
    </p>
   </div>
   <div class='ocr_carea' id='block_1_25' title="bbox 458 2277 2034 2356">
    <p class='ocr_par' dir='ltr' id='par_1_25' title="bbox 458 2277 2034 2356">
     <span class='ocr_line' id='line_1_25' title="bbox 458 2277 2034 2356; baseline -0.006 -16"><span class='ocrx_word' id='word_1_180' title='bbox 458 2285 578 2356; x_wconf 80' lang='lat' dir='ltr'><strong>Ipse</strong></span> <span class='ocrx_word' id='word_1_181' title='bbox 605 2293 689 2340; x_wconf 92' lang='lat' dir='ltr'><strong>est</strong></span> <span class='ocrx_word' id='word_1_182' title='bbox 719 2293 929 2337; x_wconf 88' lang='lat' dir='ltr'><strong>torrens</strong></span> <span class='ocrx_word' id='word_1_183' title='bbox 954 2280 1292 2344; x_wconf 89' lang='lat' dir='ltr'><strong>deliciarum,</strong></span> <span class='ocrx_word' id='word_1_184' title='bbox 1319 2294 1426 2350; x_wconf 91' lang='lat' dir='ltr'><strong>quo</strong></span> <span class='ocrx_word' id='word_1_185' title='bbox 1457 2279 1657 2348; x_wconf 81' lang='lat' dir='ltr'><strong>potavit</strong></span> <span class='ocrx_word' id='word_1_186' title='bbox 1685 2292 1786 2333; x_wconf 91' lang='lat' dir='ltr'><strong>nos</strong></span> <span class='ocrx_word' id='word_1_187' title='bbox 1815 2277 1953 2331; x_wconf 89' lang='lat' dir='ltr'><strong>Deus</strong></span> <span class='ocrx_word' id='word_1_188' title='bbox 1980 2286 2034 2330; x_wconf 88' lang='lat' dir='ltr'><strong>et</strong></span> 
     </span>
    </p>
   </div>
   <div class='ocr_carea' id='block_1_26' title="bbox 457 2369 2030 2445">
    <p class='ocr_par' dir='ltr' id='par_1_26' title="bbox 457 2369 2030 2445">
     <span class='ocr_line' id='line_1_26' title="bbox 457 2369 2030 2445; baseline -0.008 -11"><span class='ocrx_word' id='word_1_189' title='bbox 457 2379 620 2434; x_wconf 84' lang='lat' dir='ltr'><strong>Pater</strong></span> <span class='ocrx_word' id='word_1_190' title='bbox 641 2377 706 2430; x_wconf 82' lang='lat'><strong>“.</strong></span> <span class='ocrx_word' id='word_1_191' title='bbox 738 2376 854 2445; x_wconf 91' lang='lat' dir='ltr'><strong>Ipse</strong></span> <span class='ocrx_word' id='word_1_192' title='bbox 884 2384 967 2429; x_wconf 89' lang='lat' dir='ltr'><strong>est</strong></span> <span class='ocrx_word' id='word_1_193' title='bbox 997 2373 1115 2428; x_wconf 82' lang='lat' dir='ltr'><strong>fons</strong></span> <span class='ocrx_word' id='word_1_194' title='bbox 1143 2375 1298 2438; x_wconf 78' lang='lat' dir='ltr'><strong>vitae,</strong></span> <span class='ocrx_word' id='word_1_195' title='bbox 1327 2381 1382 2427; x_wconf 88' lang='lat' dir='ltr'><strong>et</strong></span> <span class='ocrx_word' id='word_1_196' title='bbox 1410 2369 1604 2426; x_wconf 81' lang='lat' dir='ltr'><strong>ﬂuvius</strong></span> <span class='ocrx_word' id='word_1_197' title='bbox 1635 2369 1815 2440; x_wconf 87' lang='lat' dir='ltr'><strong>pacis,</strong></span> <span class='ocrx_word' id='word_1_198' title='bbox 1843 2369 1932 2438; x_wconf 93' lang='lat' dir='ltr'><strong>qui</strong></span> <span class='ocrx_word' id='word_1_199' title='bbox 1963 2369 2030 2422; x_wconf 87' lang='lat' dir='ltr'><strong>ad</strong></span> 
     </span>
    </p>
   </div>
   <div class='ocr_carea' id='block_1_27' title="bbox 457 2461 2034 2539">
    <p class='ocr_par' dir='ltr' id='par_1_27' title="bbox 457 2461 2034 2539">
     <span class='ocr_line' id='line_1_27' title="bbox 457 2461 2034 2539; baseline -0.008 -13"><span class='ocrx_word' id='word_1_200' title='bbox 457 2486 556 2526; x_wconf 89' lang='lat' dir='ltr'><strong>nos</strong></span> <span class='ocrx_word' id='word_1_201' title='bbox 577 2484 644 2524; x_wconf 76' lang='lat' dir='ltr'><strong>ex</strong></span> <span class='ocrx_word' id='word_1_202' title='bbox 667 2467 915 2539; x_wconf 84' lang='lat' dir='ltr'><strong>gentibus</strong></span> <span class='ocrx_word' id='word_1_203' title='bbox 937 2474 1158 2520; x_wconf 81' lang='lat' dir='ltr'><strong>vocatos</strong></span> <span class='ocrx_word' id='word_1_204' title='bbox 1180 2463 1548 2530; x_wconf 81' lang='lat' dir='ltr'><strong>declinavit“,</strong></span> <span class='ocrx_word' id='word_1_205' title='bbox 1568 2463 1634 2518; x_wconf 90' lang='lat' dir='ltr'><strong>de</strong></span> <span class='ocrx_word' id='word_1_206' title='bbox 1654 2477 1761 2533; x_wconf 90' lang='lat' dir='ltr'><strong>quo</strong></span> <span class='ocrx_word' id='word_1_207' title='bbox 1784 2461 1910 2517; x_wconf 90' lang='lat' dir='ltr'><strong>alibi</strong></span> <span class='ocrx_word' id='word_1_208' title='bbox 1938 2477 2034 2515; x_wconf 83' lang='lat' dir='ltr'><strong>ex-</strong></span> 
     </span>
    </p>
   </div>
   <div class='ocr_carea' id='block_1_28' title="bbox 455 2554 2032 2634">
    <p class='ocr_par' dir='ltr' id='par_1_28' title="bbox 455 2554 2032 2634">
     <span class='ocr_line' id='line_1_28' title="bbox 455 2554 2032 2634; baseline -0.007 -17"><span class='ocrx_word' id='word_1_209' title='bbox 455 2561 710 2634; x_wconf 87' lang='lat' dir='ltr'><strong>quisitius</strong></span> <span class='ocrx_word' id='word_1_210' title='bbox 741 2557 1117 2614; x_wconf 88' lang='lat' dir='ltr'><strong>disseruimus.</strong></span> <span class='ocrx_word' id='word_1_211' title='bbox 1148 2555 1288 2624; x_wconf 81' lang='lat' dir='ltr'><strong>Ergo</strong></span> <span class='ocrx_word' id='word_1_212' title='bbox 1323 2554 1677 2610; x_wconf 87' lang='lat' dir='ltr'><strong>ascendentes</strong></span> <span class='ocrx_word' id='word_1_213' title='bbox 1706 2554 1773 2608; x_wconf 92' lang='lat' dir='ltr'><strong>ad</strong></span> <span class='ocrx_word' id='word_1_214' title='bbox 1803 2554 2032 2608; x_wconf 82' lang='lat' dir='ltr'><strong>adoran-</strong></span> 
     </span>
    </p>
   </div>
   <div class='ocr_carea' id='block_1_29' title="bbox 456 2643 2030 2719">
    <p class='ocr_par' dir='ltr' id='par_1_29' title="bbox 456 2643 2030 2719">
     <span class='ocr_line' id='line_1_29' title="bbox 456 2643 2030 2719; baseline -0.005 -13"><span class='ocrx_word' id='word_1_215' title='bbox 456 2653 580 2706; x_wconf 90' lang='lat' dir='ltr'><strong>dum</strong></span> <span class='ocrx_word' id='word_1_216' title='bbox 595 2651 762 2706; x_wconf 91' lang='lat' dir='ltr'><strong>Deum</strong></span> <span class='ocrx_word' id='word_1_217' title='bbox 775 2645 1332 2719; x_wconf 61' lang='lat' dir='ltr'><strong>omnip‘otentem,81</strong></span> <span class='ocrx_word' id='word_1_218' title='bbox 1343 2645 1386 2714; x_wconf 83' lang='lat'><strong>1</strong></span> <span class='ocrx_word' id='word_1_219' title='bbox 1397 2643 1820 2714; x_wconf 86' lang='lat' dir='ltr'><strong>etperagendum</strong></span> <span class='ocrx_word' id='word_1_220' title='bbox 1834 2643 2030 2698; x_wconf 85' lang='lat' dir='ltr'><strong>festum</strong></span> 
     </span>
    </p>
   </div>
   <div class='ocr_carea' id='block_1_30' title="bbox 457 2734 2030 2812">
    <p class='ocr_par' dir='ltr' id='par_1_30' title="bbox 457 2734 2030 2812">
     <span class='ocr_line' id='line_1_30' title="bbox 457 2734 2030 2812; baseline -0.005 -13"><span class='ocrx_word' id='word_1_221' title='bbox 457 2742 825 2812; x_wconf 72' lang='lat' dir='ltr'><strong>Scenopegiaa,</strong></span> <span class='ocrx_word' id='word_1_222' title='bbox 849 2750 976 2797; x_wconf 91' lang='lat' dir='ltr'><strong>sunt</strong></span> <span class='ocrx_word' id='word_1_223' title='bbox 1000 2740 1091 2810; x_wconf 88' lang='lat' dir='ltr'><strong>qui</strong></span> <span class='ocrx_word' id='word_1_224' title='bbox 1121 2753 1219 2810; x_wconf 90' lang='lat' dir='ltr'><strong>per</strong></span> <span class='ocrx_word' id='word_1_225' title='bbox 1238 2737 1400 2792; x_wconf 78' lang='lat' dir='ltr'><strong>ﬁdem</strong></span> <span class='ocrx_word' id='word_1_226' title='bbox 1428 2736 1481 2790; x_wconf 91' lang='lat' dir='ltr'><strong>in</strong></span> <span class='ocrx_word' id='word_1_227' title='bbox 1507 2735 1726 2791; x_wconf 89' lang='lat' dir='ltr'><strong>Christo</strong></span> <span class='ocrx_word' id='word_1_228' title='bbox 1747 2734 2030 2803; x_wconf 76' lang='lat' dir='ltr'><strong>iustificati</strong></span> 
     </span>
    </p>
   </div>
   <div class='ocr_carea' id='block_1_31' title="bbox 455 2827 2026 2903">
    <p class='ocr_par' dir='ltr' id='par_1_31' title="bbox 455 2827 2026 2903">
     <span class='ocr_line' id='line_1_31' title="bbox 455 2827 2026 2903; baseline -0.006 -13"><span class='ocrx_word' id='word_1_229' title='bbox 455 2844 601 2891; x_wconf 85' lang='lat' dir='ltr'><strong>sunt.</strong></span> <span class='ocrx_word' id='word_1_230' title='bbox 621 2833 856 2888; x_wconf 82' lang='lat' dir='ltr'><strong>Minatur</strong></span> <span class='ocrx_word' id='word_1_231' title='bbox 872 2846 1032 2903; x_wconf 92' lang='lat' dir='ltr'><strong>porro</strong></span> <span class='ocrx_word' id='word_1_232' title='bbox 1048 2845 1153 2885; x_wconf 91' lang='lat' dir='ltr'><strong>non</strong></span> <span class='ocrx_word' id='word_1_233' title='bbox 1175 2828 1592 2886; x_wconf 86' lang='lat' dir='ltr'><strong>ascendentibus</strong></span> <span class='ocrx_word' id='word_1_234' title='bbox 1609 2827 1900 2897; x_wconf 90' lang='lat' dir='ltr'><strong>perniciem</strong></span> <span class='ocrx_word' id='word_1_235' title='bbox 1916 2841 2026 2897; x_wconf 84' lang='lat' dir='ltr'><strong>poe-</strong></span> 
     </span>
    </p>
   </div>
   <div class='ocr_carea' id='block_1_32' title="bbox 454 2920 2033 2996">
    <p class='ocr_par' dir='ltr' id='par_1_32' title="bbox 454 2920 2033 2996">
     <span class='ocr_line' id='line_1_32' title="bbox 454 2920 2033 2996; baseline -0.006 -13"><span class='ocrx_word' id='word_1_236' title='bbox 454 2941 660 2996; x_wconf 80' lang='lat' dir='ltr'><strong>nasque</strong></span> <span class='ocrx_word' id='word_1_237' title='bbox 683 2939 841 2996; x_wconf 90' lang='lat' dir='ltr'><strong>pares</strong></span> <span class='ocrx_word' id='word_1_238' title='bbox 864 2923 930 2980; x_wconf 89' lang='lat' dir='ltr'><strong>iis</strong></span> <span class='ocrx_word' id='word_1_239' title='bbox 949 2938 1083 2993; x_wconf 85' lang='lat' dir='ltr'><strong>quas</strong></span> <span class='ocrx_word' id='word_1_240' title='bbox 1104 2921 1279 2977; x_wconf 82' lang='lat' dir='ltr'><strong>daturi</strong></span> <span class='ocrx_word' id='word_1_241' title='bbox 1305 2920 1411 2974; x_wconf 89' lang='lat' dir='ltr'><strong>sint</strong></span> <span class='ocrx_word' id='word_1_242' title='bbox 1425 2927 1801 2990; x_wconf 83' lang='lat' dir='ltr'><strong>persecutores</strong></span> <span class='ocrx_word' id='word_1_243' title='bbox 1817 2929 1879 2974; x_wconf 85' lang='lat' dir='ltr'><strong>et</strong></span> <span class='ocrx_word' id='word_1_244' title='bbox 1902 2934 2033 2974; x_wconf 86' lang='lat' dir='ltr'><strong>con-</strong></span> 
     </span>
    </p>
   </div>
   <div class='ocr_carea' id='block_1_33' title="bbox 2135 719 3720 794">
    <p class='ocr_par' dir='ltr' id='par_1_33' title="bbox 2135 719 3720 794">
     <span class='ocr_line' id='line_1_33' title="bbox 2135 719 3720 794; baseline -0.004 -17"><span class='ocrx_word' id='word_1_245' title='bbox 2135 741 2298 792; x_wconf 88' lang='grc' dir='ltr'>φασιν</span> <span class='ocrx_word' id='word_1_246' title='bbox 2329 723 2426 793; x_wconf 88' lang='grc' dir='ltr'><strong>μέν</strong></span> <span class='ocrx_word' id='word_1_247' title='bbox 2450 726 2479 777; x_wconf 99' lang='lat'><strong>6</strong></span> <span class='ocrx_word' id='word_1_248' title='bbox 2504 723 2666 794; x_wconf 88' lang='grc' dir='ltr'>νόμος</span> <span class='ocrx_word' id='word_1_249' title='bbox 2686 723 2918 775; x_wconf 84' lang='grc' dir='ltr'>ἐποιεῖτο</span> <span class='ocrx_word' id='word_1_250' title='bbox 2943 721 3044 792; x_wconf 82' lang='grc' dir='ltr'>τῆς</span> <span class='ocrx_word' id='word_1_251' title='bbox 3075 720 3290 792; x_wconf 81' lang='grc' dir='ltr'>ἑορτῆς,</span> <span class='ocrx_word' id='word_1_252' title='bbox 3317 719 3379 773; x_wconf 82' lang='grc' dir='ltr'><strong>τὸ</strong></span> <span class='ocrx_word' id='word_1_253' title='bbox 3405 721 3464 772; x_wconf 88' lang='grc' dir='ltr'><strong>ἐν</strong></span> <span class='ocrx_word' id='word_1_254' title='bbox 3489 721 3720 789; x_wconf 77' lang='grc' dir='ltr'><strong>σκηναῖς</strong></span> 
     </span>
    </p>
   </div>
   <div class='ocr_carea' id='block_1_34' title="bbox 2136 809 3719 886">
    <p class='ocr_par' dir='ltr' id='par_1_34' title="bbox 2136 809 3719 886">
     <span class='ocr_line' id='line_1_34' title="bbox 2136 809 3719 886; baseline -0.004 -17"><span class='ocrx_word' id='word_1_255' title='bbox 2136 815 2460 886; x_wconf 80' lang='grc' dir='ltr'><strong>κατοικῆσαι</strong></span> <span class='ocrx_word' id='word_1_256' title='bbox 2498 815 2589 868; x_wconf 79' lang='grc' dir='ltr'>τὸν</span> <span class='ocrx_word' id='word_1_257' title='bbox 2627 813 2871 886; x_wconf 82' lang='grc' dir='ltr'>Ἰσραὴλ,</span> <span class='ocrx_word' id='word_1_258' title='bbox 2920 814 3018 885; x_wconf 83' lang='grc' dir='ltr'>τῆς</span> <span class='ocrx_word' id='word_1_259' title='bbox 3051 811 3368 880; x_wconf 81' lang='grc' dir='ltr'><strong>Αἰγυπτίων</strong></span> <span class='ocrx_word' id='word_1_260' title='bbox 3403 809 3719 874; x_wconf 69' lang='grc' dir='ltr'>πλεονεξίας</span> 
     </span>
    </p>
   </div>
   <div class='ocr_carea' id='block_1_35' title="bbox 2135 901 3720 978">
    <p class='ocr_par' dir='ltr' id='par_1_35' title="bbox 2135 901 3720 978">
     <span class='ocr_line' id='line_1_35' title="bbox 2135 901 3720 978; baseline -0.003 -18"><span class='ocrx_word' id='word_1_261' title='bbox 2135 906 2490 978; x_wconf 81' lang='grc' dir='ltr'>ἐξῃρημένον.</span> <span class='ocrx_word' id='word_1_262' title='bbox 2514 901 2624 961; x_wconf 88' lang='grc' dir='ltr'>Ἦν</span> <span class='ocrx_word' id='word_1_263' title='bbox 2664 907 2721 960; x_wconf 88' lang='grc' dir='ltr'><strong>δέ</strong></span> <span class='ocrx_word' id='word_1_264' title='bbox 2755 907 2863 978; x_wconf 81' lang='grc' dir='ltr'>ἄρα</span> <span class='ocrx_word' id='word_1_265' title='bbox 2890 906 2949 960; x_wconf 86' lang='grc' dir='ltr'><strong>τὸ</strong></span> <span class='ocrx_word' id='word_1_266' title='bbox 2981 909 3173 977; x_wconf 82' lang='grc' dir='ltr'>χρῆμα</span> <span class='ocrx_word' id='word_1_267' title='bbox 3207 905 3508 976; x_wconf 76' lang='grc' dir='ltr'><strong>μυστηρίου</strong></span> <span class='ocrx_word' id='word_1_268' title='bbox 3547 903 3720 966; x_wconf 80' lang='grc' dir='ltr'>τύπος</span> 
     </span>
    </p>
   </div>
   <div class='ocr_carea' id='block_1_36' title="bbox 2134 996 3720 1071">
    <p class='ocr_par' dir='ltr' id='par_1_36' title="bbox 2134 996 3720 1071">
     <span class='ocr_line' id='line_1_36' title="bbox 2134 996 3720 1071; baseline -0.003 -20"><span class='ocrx_word' id='word_1_269' title='bbox 2134 998 2228 1051; x_wconf 88' lang='grc' dir='ltr'><strong>τοῦ</strong></span> <span class='ocrx_word' id='word_1_270' title='bbox 2257 998 2397 1052; x_wconf 85' lang='grc' dir='ltr'><strong>κατά</strong></span> <span class='ocrx_word' id='word_1_271' title='bbox 2424 997 2680 1067; x_wconf 80' lang='grc' dir='ltr'>Χριστόν.</span> <span class='ocrx_word' id='word_1_272' title='bbox 2748 997 3095 1071; x_wconf 78' lang='grc' dir='ltr'>Ἐξῃρήμεθα</span> <span class='ocrx_word' id='word_1_273' title='bbox 3118 997 3224 1069; x_wconf 84' lang='grc' dir='ltr'>γὰρ</span> <span class='ocrx_word' id='word_1_274' title='bbox 3251 998 3347 1050; x_wconf 79' lang='grc' dir='ltr'><strong>καὶ</strong></span> <span class='ocrx_word' id='word_1_275' title='bbox 3374 999 3534 1067; x_wconf 79' lang='grc' dir='ltr'>ἡμεῖς</span> <span class='ocrx_word' id='word_1_276' title='bbox 3564 996 3720 1050; x_wconf 79' lang='grc' dir='ltr'><strong>αὐτοί⁸</strong></span> 
     </span>
    </p>
   </div>
   <div class='ocr_carea' id='block_1_37' title="bbox 2134 1087 3716 1160">
    <p class='ocr_par' dir='ltr' id='par_1_37' title="bbox 2134 1087 3716 1160">
     <span class='ocr_line' id='line_1_37' title="bbox 2134 1087 3716 1160; baseline -0.001 -18"><span class='ocrx_word' id='word_1_277' title='bbox 2134 1092 2233 1160; x_wconf 80' lang='grc' dir='ltr'>τῆς</span> <span class='ocrx_word' id='word_1_278' title='bbox 2259 1089 2356 1143; x_wconf 82' lang='grc' dir='ltr'><strong>τοῦ</strong></span> <span class='ocrx_word' id='word_1_279' title='bbox 2380 1089 2626 1143; x_wconf 85' lang='grc' dir='ltr'>διαϐόλου</span> <span class='ocrx_word' id='word_1_280' title='bbox 2655 1089 2988 1157; x_wconf 79' lang='grc' dir='ltr'>πλεονεξίας,</span> <span class='ocrx_word' id='word_1_281' title='bbox 3014 1089 3331 1160; x_wconf 84' lang='grc' dir='ltr'>κεκλήμεθά</span> <span class='ocrx_word' id='word_1_282' title='bbox 3354 1105 3433 1153; x_wconf 92' lang='grc' dir='ltr'><strong>τε,</strong></span> <span class='ocrx_word' id='word_1_283' title='bbox 3458 1088 3533 1151; x_wconf 87' lang='grc' dir='ltr'>ὡς</span> <span class='ocrx_word' id='word_1_284' title='bbox 3559 1087 3716 1159; x_wconf 80' lang='grc' dir='ltr'>ἔφην,</span> 
     </span>
    </p>
   </div>
   <div class='ocr_carea' id='block_1_38' title="bbox 2135 1181 3720 1255">
    <p class='ocr_par' dir='ltr' id='par_1_38' title="bbox 2135 1181 3720 1255">
     <span class='ocr_line' id='line_1_38' title="bbox 2135 1181 3720 1255; baseline 0 -21"><span class='ocrx_word' id='word_1_285' title='bbox 2135 1184 2216 1246; x_wconf 89' lang='grc' dir='ltr'><strong>είς</strong></span> <span class='ocrx_word' id='word_1_286' title='bbox 2254 1182 2570 1253; x_wconf 76' lang='grc' dir='ltr'>ἐλευθερίαν</span> <span class='ocrx_word' id='word_1_287' title='bbox 2607 1182 2696 1237; x_wconf 84' lang='grc' dir='ltr'>διὰ</span> <span class='ocrx_word' id='word_1_288' title='bbox 2718 1183 2976 1255; x_wconf 84' lang='grc' dir='ltr'>Χριστοῦ,</span> <span class='ocrx_word' id='word_1_289' title='bbox 3007 1183 3099 1235; x_wconf 82' lang='grc' dir='ltr'><strong>καὶ</strong></span> <span class='ocrx_word' id='word_1_290' title='bbox 3127 1182 3218 1236; x_wconf 79' lang='grc' dir='ltr'>ὑπ’</span> <span class='ocrx_word' id='word_1_291' title='bbox 3243 1181 3390 1252; x_wconf 81' lang='grc' dir='ltr'>αὐτῷ</span> <span class='ocrx_word' id='word_1_292' title='bbox 3415 1181 3720 1251; x_wconf 80' lang='grc' dir='ltr'><strong>γεγόναμεν</strong></span> 
     </span>
    </p>
   </div>
   <div class='ocr_carea' id='block_1_39' title="bbox 2135 1271 3720 1344">
    <p class='ocr_par' dir='ltr' id='par_1_39' title="bbox 2135 1271 3720 1344">
     <span class='ocr_line' id='line_1_39' title="bbox 2135 1271 3720 1344; baseline -0.002 -18"><span class='ocrx_word' id='word_1_293' title='bbox 2135 1272 2214 1343; x_wconf 82' lang='grc' dir='ltr'>τῷ</span> <span class='ocrx_word' id='word_1_294' title='bbox 2243 1273 2351 1326; x_wconf 88' lang='grc' dir='ltr'><strong>τῶν</strong></span> <span class='ocrx_word' id='word_1_295' title='bbox 2381 1273 2516 1326; x_wconf 84' lang='grc' dir='ltr'>ὅλων</span> <span class='ocrx_word' id='word_1_296' title='bbox 2553 1272 2762 1344; x_wconf 86' lang='grc' dir='ltr'>βασιλεῖ</span> <span class='ocrx_word' id='word_1_297' title='bbox 2815 1273 2910 1326; x_wconf 81' lang='grc' dir='ltr'><strong>καί</strong></span> <span class='ocrx_word' id='word_1_298' title='bbox 2939 1272 3073 1344; x_wconf 79' lang='grc' dir='ltr'>ζωῇ,</span> <span class='ocrx_word' id='word_1_299' title='bbox 3109 1272 3209 1343; x_wconf 85' lang='grc' dir='ltr'>τῆς</span> <span class='ocrx_word' id='word_1_300' title='bbox 3241 1272 3351 1324; x_wconf 91' lang='grc' dir='ltr'><strong>τῶν</strong></span> <span class='ocrx_word' id='word_1_301' title='bbox 3386 1271 3555 1325; x_wconf 75' lang='grc' dir='ltr'>πάλαι</span> <span class='ocrx_word' id='word_1_302' title='bbox 3583 1289 3720 1341; x_wconf 91' lang='grc' dir='ltr'>κρα-</span> 
     </span>
    </p>
   </div>
   <div class='ocr_carea' id='block_1_40' title="bbox 2135 1361 3718 1437">
    <p class='ocr_par' dir='ltr' id='par_1_40' title="bbox 2135 1361 3718 1437">
     <span class='ocr_line' id='line_1_40' title="bbox 2135 1361 3718 1437; baseline -0.003 -19"><span class='ocrx_word' id='word_1_303' title='bbox 2135 1365 2373 1419; x_wconf 82' lang='grc' dir='ltr'>τούντων</span> <span class='ocrx_word' id='word_1_304' title='bbox 2428 1365 2750 1437; x_wconf 81' lang='grc' dir='ltr'>σκαιότητος</span> <span class='ocrx_word' id='word_1_305' title='bbox 2799 1365 3184 1436; x_wconf 81' lang='grc' dir='ltr'>ἀλογήσαντες.</span> <span class='ocrx_word' id='word_1_306' title='bbox 3244 1361 3609 1434; x_wconf 69' lang='grc' dir='ltr'>Ἐορτάζομπν</span> <span class='ocrx_word' id='word_1_307' title='bbox 3659 1363 3718 1415; x_wconf 82' lang='grc' dir='ltr'>δὲ</span> 
     </span>
    </p>
   </div>
   <div class='ocr_carea' id='block_1_41' title="bbox 2136 1449 3719 1530">
    <p class='ocr_par' dir='ltr' id='par_1_41' title="bbox 2136 1449 3719 1530">
     <span class='ocr_line' id='line_1_41' title="bbox 2136 1449 3719 1530; baseline -0.002 -20"><span class='ocrx_word' id='word_1_308' title='bbox 2136 1456 2232 1528; x_wconf 80' lang='grc' dir='ltr'>τὴν</span> <span class='ocrx_word' id='word_1_309' title='bbox 2262 1457 2436 1530; x_wconf 80' lang='grc' dir='ltr'>ἀληθῆ</span> <span class='ocrx_word' id='word_1_310' title='bbox 2478 1458 2577 1528; x_wconf 81' lang='grc' dir='ltr'>τῆς</span> <span class='ocrx_word' id='word_1_311' title='bbox 2620 1449 3004 1528; x_wconf 77' lang='grc' dir='ltr'>Σκηνοπηγίας</span> <span class='ocrx_word' id='word_1_312' title='bbox 3040 1457 3254 1528; x_wconf 83' lang='grc' dir='ltr'>ἑορτὴν,</span> <span class='ocrx_word' id='word_1_313' title='bbox 3294 1456 3578 1520; x_wconf 85' lang='grc' dir='ltr'>τουτέστι,</span> <span class='ocrx_word' id='word_1_314' title='bbox 3631 1455 3719 1526; x_wconf 67' lang='grc' dir='ltr'>τὴν</span> 
     </span>
    </p>
   </div>
   <div class='ocr_carea' id='block_1_42' title="bbox 2133 1542 3720 1621">
    <p class='ocr_par' dir='ltr' id='par_1_42' title="bbox 2133 1542 3720 1621">
     <span class='ocr_line' id='line_1_42' title="bbox 2133 1542 3720 1621; baseline -0.001 -19"><span class='ocrx_word' id='word_1_315' title='bbox 2133 1543 2348 1621; x_wconf 69' lang='grc' dir='ltr'>ἡμέραν</span> <span class='ocrx_word' id='word_1_316' title='bbox 2388 1549 2489 1620; x_wconf 83' lang='grc' dir='ltr'>τῆς</span> <span class='ocrx_word' id='word_1_317' title='bbox 2531 1542 2884 1613; x_wconf 83' lang='grc' dir='ltr'>ἀναστάσεως</span> <span class='ocrx_word' id='word_1_318' title='bbox 2921 1549 3016 1602; x_wconf 81' lang='grc' dir='ltr'><strong>τοῦ</strong></span> <span class='ocrx_word' id='word_1_319' title='bbox 3055 1547 3315 1620; x_wconf 90' lang='grc' dir='ltr'>Χριστοῦ,</span> <span class='ocrx_word' id='word_1_320' title='bbox 3345 1547 3433 1601; x_wconf 85' lang='grc' dir='ltr'>ὅτε</span> <span class='ocrx_word' id='word_1_321' title='bbox 3469 1547 3538 1600; x_wconf 84' lang='grc' dir='ltr'><strong>τά</strong></span> <span class='ocrx_word' id='word_1_322' title='bbox 3585 1565 3662 1601; x_wconf 88' lang='grc' dir='ltr'><strong>πα</strong></span> <span class='ocrx_word' id='word_1_323' title='bbox 3685 1574 3720 1587; x_wconf 74' lang='lat'><strong>-</strong></span> 
     </span>
    </p>
   </div>
   <div class='ocr_carea' id='block_1_43' title="bbox 2134 1635 3720 1713">
    <p class='ocr_par' dir='ltr' id='par_1_43' title="bbox 2134 1635 3720 1713">
     <span class='ocr_line' id='line_1_43' title="bbox 2134 1635 3720 1713; baseline -0.001 -19"><span class='ocrx_word' id='word_1_324' title='bbox 2134 1659 2242 1694; x_wconf 89' lang='grc' dir='ltr'><strong>των</strong></span> <span class='ocrx_word' id='word_1_325' title='bbox 2269 1644 2341 1695; x_wconf 83' lang='grc' dir='ltr'>’ἐν</span> <span class='ocrx_word' id='word_1_326' title='bbox 2374 1635 2524 1713; x_wconf 74' lang='grc' dir='ltr'>αῦτῷ</span> <span class='ocrx_word' id='word_1_327' title='bbox 2575 1642 2856 1713; x_wconf 74' lang='grc' dir='ltr'>μονονουχὶ</span> <span class='ocrx_word' id='word_1_328' title='bbox 2914 1640 3198 1712; x_wconf 88' lang='grc' dir='ltr'>πέπηκται</span> <span class='ocrx_word' id='word_1_329' title='bbox 3240 1640 3500 1710; x_wconf 87' lang='grc' dir='ltr'>σώματα,</span> <span class='ocrx_word' id='word_1_330' title='bbox 3541 1639 3720 1692; x_wconf 77' lang='grc' dir='ltr'>καίτοι.</span> 
     </span>
    </p>
   </div>
   <div class='ocr_carea' id='block_1_44' title="bbox 2067 1693 3719 1804">
    <p class='ocr_par' dir='ltr' id='par_1_44' title="bbox 2067 1693 3719 1804">
     <span class='ocr_line' id='line_1_44' title="bbox 2067 1693 3719 1804; baseline -0.001 -20"><span class='ocrx_word' id='word_1_331' title='bbox 2067 1693 2111 1748; x_wconf 78' lang='grc' dir='ltr'><strong>Β</strong></span> <span class='ocrx_word' id='word_1_332' title='bbox 2135 1693 2402 1802; x_wconf 82' lang='grc' dir='ltr'>λελυμένα</span> <span class='ocrx_word' id='word_1_333' title='bbox 2436 1693 2508 1804; x_wconf 48' lang='grc' dir='ltr'><strong>τῖς</strong></span> <span class='ocrx_word' id='word_1_334' title='bbox 2543 1693 2872 1804; x_wconf 42' lang='grc' dir='ltr'>φιθορᾷ,</span> <span class='ocrx_word' id='word_1_335' title='bbox 2911 1693 3126 1801; x_wconf 70' lang='grc' dir='ltr'>θανάτῳ</span> <span class='ocrx_word' id='word_1_336' title='bbox 3163 1693 3567 1801; x_wconf 71' lang='grc' dir='ltr'>κεκρατημένα.</span> <span class='ocrx_word' id='word_1_337' title='bbox 3606 1730 3719 1782; x_wconf 79' lang='grc' dir='ltr'><strong>Αὑ-</strong></span> 
     </span>
    </p>
   </div>
   <div class='ocr_carea' id='block_1_45' title="bbox 2134 1817 3720 1896">
    <p class='ocr_par' dir='ltr' id='par_1_45' title="bbox 2134 1817 3720 1896">
     <span class='ocr_line' id='line_1_45' title="bbox 2134 1817 3720 1896; baseline -0.004 -18"><span class='ocrx_word' id='word_1_338' title='bbox 2134 1825 2224 1888; x_wconf 84' lang='grc' dir='ltr'><strong>τὸς</strong></span> <span class='ocrx_word' id='word_1_339' title='bbox 2253 1824 2360 1894; x_wconf 86' lang='grc' dir='ltr'>γάρ</span> <span class='ocrx_word' id='word_1_340' title='bbox 2393 1824 2539 1878; x_wconf 89' lang='grc' dir='ltr'>ἐστιν</span> <span class='ocrx_word' id='word_1_341' title='bbox 2630 1824 2945 1888; x_wconf 85' lang='grc' dir='ltr'>ἀνάστασις,</span> <span class='ocrx_word' id='word_1_342' title='bbox 2973 1823 3135 1886; x_wconf 80' lang='grc' dir='ltr'>αὐτὸς</span> <span class='ocrx_word' id='word_1_343' title='bbox 3163 1824 3197 1892; x_wconf 83' lang='grc' dir='ltr'><strong>ἡ</strong></span> <span class='ocrx_word' id='word_1_344' title='bbox 3227 1820 3364 1891; x_wconf 79' lang='grc' dir='ltr'>ζωὴ,</span> <span class='ocrx_word' id='word_1_345' title='bbox 3393 1820 3720 1892; x_wconf 85' lang='grc' dir='ltr'>πρωτόλειον</span> 
     </span>
    </p>
   </div>
   <div class='ocr_carea' id='block_1_46' title="bbox 2136 1915 3713 1992">
    <p class='ocr_par' dir='ltr' id='par_1_46' title="bbox 2136 1915 3713 1992">
     <span class='ocr_line' id='line_1_46' title="bbox 2136 1915 3713 1992; baseline -0.005 -18"><span class='ocrx_word' id='word_1_346' title='bbox 2136 1917 2322 1992; x_wconf 66' lang='grc' dir='ltr'>ὥσπερ</span> <span class='ocrx_word' id='word_1_347' title='bbox 2346 1920 2409 1974; x_wconf 85' lang='grc' dir='ltr'><strong>ἐκ</strong></span> <span class='ocrx_word' id='word_1_348' title='bbox 2432 1919 2662 1991; x_wconf 83' lang='grc' dir='ltr'>νεκρῶν,</span> <span class='ocrx_word' id='word_1_349' title='bbox 2692 1939 2710 1971; x_wconf 79' lang='grc' dir='ltr'><strong>ι</strong></span> <span class='ocrx_word' id='word_1_350' title='bbox 2735 1920 2829 1973; x_wconf 75' lang='grc' dir='ltr'><strong>καὶ</strong></span> <span class='ocrx_word' id='word_1_351' title='bbox 2851 1919 3073 1992; x_wconf 80' lang='grc' dir='ltr'>ἀπαρχὴ</span> <span class='ocrx_word' id='word_1_352' title='bbox 3099 1918 3207 1971; x_wconf 91' lang='grc' dir='ltr'><strong>τῶν</strong></span> <span class='ocrx_word' id='word_1_353' title='bbox 3233 1915 3644 1987; x_wconf 85' lang='grc' dir='ltr'>κεκοιμημένων</span> <span class='ocrx_word' id='word_1_354' title='bbox 3662 1933 3673 1943; x_wconf 93' lang='grc'><strong>·</strong></span> <span class='ocrx_word' id='word_1_355' title='bbox 3694 1934 3713 1966; x_wconf 71' lang='grc' dir='ltr'>ι</span> 
     </span>
    </p>
   </div>
   <div class='ocr_carea' id='block_1_47' title="bbox 2135 2000 3720 2082">
    <p class='ocr_par' dir='ltr' id='par_1_47' title="bbox 2135 2000 3720 2082">
     <span class='ocr_line' id='line_1_47' title="bbox 2135 2000 3720 2082; baseline -0.006 -17"><span class='ocrx_word' id='word_1_356' title='bbox 2135 2013 2162 2065; x_wconf 93' lang='lat'><strong>6</strong></span> <span class='ocrx_word' id='word_1_357' title='bbox 2207 2011 2404 2082; x_wconf 81' lang='grc' dir='ltr'>νοητῆς</span> <span class='ocrx_word' id='word_1_358' title='bbox 2453 2008 2602 2082; x_wconf 79' lang='grc' dir='ltr'>ἡμᾶς</span> <span class='ocrx_word' id='word_1_359' title='bbox 2655 2007 2962 2082; x_wconf 81' lang='grc' dir='ltr'>εὐκαρπίας</span> <span class='ocrx_word' id='word_1_360' title='bbox 3018 2007 3437 2079; x_wconf 87' lang='grc' dir='ltr'>κατεμπιπλῶν,</span> <span class='ocrx_word' id='word_1_361' title='bbox 3483 2006 3575 2060; x_wconf 66' lang='grc' dir='ltr'><strong>καλ⁸</strong></span> <span class='ocrx_word' id='word_1_362' title='bbox 3607 2000 3720 2057; x_wconf 70' lang='grc' dir='ltr'>οἷον</span> 
     </span>
    </p>
   </div>
   <div class='ocr_carea' id='block_1_48' title="bbox 2134 2098 3717 2172">
    <p class='ocr_par' dir='ltr' id='par_1_48' title="bbox 2134 2098 3717 2172">
     <span class='ocr_line' id='line_1_48' title="bbox 2134 2098 3717 2172; baseline -0.004 -17"><span class='ocrx_word' id='word_1_363' title='bbox 2134 2103 2260 2166; x_wconf 80' lang='grc' dir='ltr'>τοὺς</span> <span class='ocrx_word' id='word_1_364' title='bbox 2289 2101 2350 2167; x_wconf 82' lang='grc' dir='ltr'><strong>ἐξ</strong></span> <span class='ocrx_word' id='word_1_365' title='bbox 2379 2101 2562 2172; x_wconf 83' lang='grc' dir='ltr'>ἀγρῶν</span> <span class='ocrx_word' id='word_1_366' title='bbox 2604 2100 2962 2171; x_wconf 81' lang='grc' dir='ltr'>συλλεγέντας</span> <span class='ocrx_word' id='word_1_367' title='bbox 2999 2101 3197 2165; x_wconf 88' lang='grc' dir='ltr'>πόνους</span> <span class='ocrx_word' id='word_1_368' title='bbox 3225 2098 3547 2169; x_wconf 82' lang='grc' dir='ltr'>ἐνσωρεύειν</span> <span class='ocrx_word' id='word_1_369' title='bbox 3579 2100 3717 2151; x_wconf 87' lang='grc' dir='ltr'>ἁπο-</span> 
     </span>
    </p>
   </div>
   <div class='ocr_carea' id='block_1_49' title="bbox 2135 2189 3717 2266">
    <p class='ocr_par' dir='ltr' id='par_1_49' title="bbox 2135 2189 3717 2266">
     <span class='ocr_line' id='line_1_49' title="bbox 2135 2189 3717 2266; baseline -0.003 -19"><span class='ocrx_word' id='word_1_370' title='bbox 2135 2195 2329 2265; x_wconf 89' lang='grc' dir='ltr'>θὴκαις</span> <span class='ocrx_word' id='word_1_371' title='bbox 2365 2197 2489 2257; x_wconf 90' lang='grc' dir='ltr'>ταῖς</span> <span class='ocrx_word' id='word_1_372' title='bbox 2532 2193 2644 2247; x_wconf 79' lang='grc' dir='ltr'><strong>ἀνω</strong></span> <span class='ocrx_word' id='word_1_373' title='bbox 2683 2189 3138 2266; x_wconf 76' lang='grc' dir='ltr'>παρασκευόιζων.</span> <span class='ocrx_word' id='word_1_374' title='bbox 3180 2193 3352 2256; x_wconf 83' lang='grc' dir='ltr'>Αὐτὸς</span> <span class='ocrx_word' id='word_1_375' title='bbox 3397 2194 3530 2262; x_wconf 84' lang='grc' dir='ltr'>ἡμῖν</span> <span class='ocrx_word' id='word_1_376' title='bbox 3577 2191 3717 2244; x_wconf 73' lang='grc' dir='ltr'>ἀποι-</span> 
     </span>
    </p>
   </div>
   <div class='ocr_carea' id='block_1_50' title="bbox 2133 2282 3720 2356">
    <p class='ocr_par' dir='ltr' id='par_1_50' title="bbox 2133 2282 3720 2356">
     <span class='ocr_line' id='line_1_50' title="bbox 2133 2282 3720 2356; baseline -0.001 -20"><span class='ocrx_word' id='word_1_377' title='bbox 2133 2283 2294 2337; x_wconf 84' lang='grc' dir='ltr'>δώσει</span> <span class='ocrx_word' id='word_1_378' title='bbox 2325 2284 2425 2355; x_wconf 80' lang='grc' dir='ltr'>τὴν</span> <span class='ocrx_word' id='word_1_379' title='bbox 2463 2286 2521 2338; x_wconf 90' lang='grc' dir='ltr'><strong>ἐν</strong></span> <span class='ocrx_word' id='word_1_380' title='bbox 2554 2283 2866 2356; x_wconf 84' lang='grc' dir='ltr'>παραδείσῳ</span> <span class='ocrx_word' id='word_1_381' title='bbox 2906 2285 3116 2339; x_wconf 85' lang='grc' dir='ltr'>δίαιταν</span> <span class='ocrx_word' id='word_1_382' title='bbox 3169 2285 3262 2338; x_wconf 73' lang='grc' dir='ltr'><strong>καὶ</strong></span> <span class='ocrx_word' id='word_1_383' title='bbox 3301 2284 3533 2354; x_wconf 77' lang='grc' dir='ltr'>τρυφὴν,</span> <span class='ocrx_word' id='word_1_384' title='bbox 3565 2282 3720 2352; x_wconf 76' lang='grc' dir='ltr'>δῆλον</span> 
     </span>
    </p>
   </div>
   <div class='ocr_carea' id='block_1_51' title="bbox 2132 2364 3719 2446">
    <p class='ocr_par' dir='ltr' id='par_1_51' title="bbox 2132 2364 3719 2446">
     <span class='ocr_line' id='line_1_51' title="bbox 2132 2364 3719 2446; baseline -0.001 -21"><span class='ocrx_word' id='word_1_385' title='bbox 2132 2372 2190 2426; x_wconf 85' lang='grc' dir='ltr'><strong>δέ</strong></span> <span class='ocrx_word' id='word_1_386' title='bbox 2228 2374 2309 2426; x_wconf 83' lang='grc' dir='ltr'><strong>ὅτι</strong></span> <span class='ocrx_word' id='word_1_387' title='bbox 2349 2373 2750 2446; x_wconf 83' lang='grc' dir='ltr'>πνευματικὴν,</span> <span class='ocrx_word' id='word_1_388' title='bbox 2788 2374 3099 2446; x_wconf 83' lang='grc' dir='ltr'>νενικηκόσι</span> <span class='ocrx_word' id='word_1_389' title='bbox 3152 2373 3250 2445; x_wconf 79' lang='grc' dir='ltr'><strong>τὴν</strong></span> <span class='ocrx_word' id='word_1_390' title='bbox 3283 2373 3581 2445; x_wconf 84' lang='grc' dir='ltr'>ἁμαρτίαν,</span> <span class='ocrx_word' id='word_1_391' title='bbox 3623 2364 3719 2425; x_wconf 70' lang='grc' dir='ltr'><strong>ε’ὐσ</strong></span> 
     </span>
    </p>
   </div>
   <div class='ocr_carea' id='block_1_52' title="bbox 2133 2460 3720 2538">
    <p class='ocr_par' dir='ltr' id='par_1_52' title="bbox 2133 2460 3720 2538">
     <span class='ocr_line' id='line_1_52' title="bbox 2133 2460 3720 2538; baseline 0.001 -22"><span class='ocrx_word' id='word_1_392' title='bbox 2133 2463 2423 2529; x_wconf 78' lang='grc' dir='ltr'>ωδιάζουσι</span> <span class='ocrx_word' id='word_1_393' title='bbox 2485 2467 2726 2536; x_wconf 88' lang='grc' dir='ltr'>νοητῶς,</span> <span class='ocrx_word' id='word_1_394' title='bbox 2769 2465 2970 2538; x_wconf 82' lang='grc' dir='ltr'>ὡραῖον</span> <span class='ocrx_word' id='word_1_395' title='bbox 3009 2468 3103 2521; x_wconf 74' lang='grc' dir='ltr'>καὶ</span> <span class='ocrx_word' id='word_1_396' title='bbox 3135 2465 3456 2536; x_wconf 84' lang='grc' dir='ltr'>ἀξιέραστον</span> <span class='ocrx_word' id='word_1_397' title='bbox 3486 2465 3579 2518; x_wconf 82' lang='grc' dir='ltr'>τὸν</span> <span class='ocrx_word' id='word_1_398' title='bbox 3619 2460 3720 2536; x_wconf 74' lang='grc' dir='ltr'>τῆς</span> 
     </span>
    </p>
   </div>
   <div class='ocr_carea' id='block_1_53' title="bbox 2133 2556 3720 2631">
    <p class='ocr_par' dir='ltr' id='par_1_53' title="bbox 2133 2556 3720 2631">
     <span class='ocr_line' id='line_1_53' title="bbox 2133 2556 3720 2631; baseline 0.001 -22"><span class='ocrx_word' id='word_1_399' title='bbox 2133 2556 2498 2629; x_wconf 84' lang='grc' dir='ltr'>εὐαγγελικῆς</span> <span class='ocrx_word' id='word_1_400' title='bbox 2555 2559 2831 2624; x_wconf 87' lang='grc' dir='ltr'>πολιτείας</span> <span class='ocrx_word' id='word_1_401' title='bbox 2881 2559 3065 2631; x_wconf 78' lang='grc' dir='ltr'>έχουσι</span> <span class='ocrx_word' id='word_1_402' title='bbox 3113 2559 3324 2630; x_wconf 72' lang='grc' dir='ltr'>καρπὸν</span> <span class='ocrx_word' id='word_1_403' title='bbox 3350 2601 3366 2626; x_wconf 95' lang='grc'><strong>,</strong></span> <span class='ocrx_word' id='word_1_404' title='bbox 3415 2559 3593 2628; x_wconf 87' lang='grc' dir='ltr'>ἁγνῶς</span> <span class='ocrx_word' id='word_1_405' title='bbox 3625 2557 3720 2612; x_wconf 81' lang='grc' dir='ltr'><strong>καὶ</strong></span> 
     </span>
    </p>
   </div>
   <div class='ocr_carea' id='block_1_54' title="bbox 2131 2647 3720 2724">
    <p class='ocr_par' dir='ltr' id='par_1_54' title="bbox 2131 2647 3720 2724">
     <span class='ocr_line' id='line_1_54' title="bbox 2131 2647 3720 2724; baseline 0.001 -22"><span class='ocrx_word' id='word_1_406' title='bbox 2131 2647 2296 2713; x_wconf 82' lang='grc' dir='ltr'>ὁσίως</span> <span class='ocrx_word' id='word_1_407' title='bbox 2345 2650 2852 2722; x_wconf 85' lang='grc' dir='ltr'>πεπολιτευμένοις.</span> <span class='ocrx_word' id='word_1_408' title='bbox 2899 2653 3132 2724; x_wconf 88' lang='grc' dir='ltr'>Σημεῖον</span> <span class='ocrx_word' id='word_1_409' title='bbox 3169 2651 3215 2705; x_wconf 87' lang='grc' dir='ltr'>δ’</span> <span class='ocrx_word' id='word_1_410' title='bbox 3256 2651 3323 2706; x_wconf 84' lang='grc' dir='ltr'>ἂν</span> <span class='ocrx_word' id='word_1_411' title='bbox 3374 2652 3584 2722; x_wconf 87' lang='grc' dir='ltr'>γένοιτο</span> <span class='ocrx_word' id='word_1_412' title='bbox 3627 2651 3720 2704; x_wconf 71' lang='grc' dir='ltr'><strong>καὶ</strong></span> 
     </span>
    </p>
   </div>
   <div class='ocr_carea' id='block_1_55' title="bbox 2131 2739 3721 2815">
    <p class='ocr_par' dir='ltr' id='par_1_55' title="bbox 2131 2739 3721 2815">
     <span class='ocr_line' id='line_1_55' title="bbox 2131 2739 3721 2815; baseline 0.002 -23"><span class='ocrx_word' id='word_1_413' title='bbox 2131 2739 2288 2794; x_wconf 90' lang='grc' dir='ltr'>τοῦδε</span> <span class='ocrx_word' id='word_1_414' title='bbox 2333 2739 2540 2808; x_wconf 80' lang='grc' dir='ltr'>λοιπὸν,</span> <span class='ocrx_word' id='word_1_415' title='bbox 2587 2741 2650 2796; x_wconf 83' lang='grc' dir='ltr'><strong>τὸ</strong></span> <span class='ocrx_word' id='word_1_416' title='bbox 2697 2743 3008 2815; x_wconf 87' lang='grc' dir='ltr'>κάλλυντρα</span> <span class='ocrx_word' id='word_1_417' title='bbox 3074 2743 3332 2813; x_wconf 81' lang='grc' dir='ltr'>φοινίκων</span> <span class='ocrx_word' id='word_1_418' title='bbox 3381 2743 3474 2799; x_wconf 82' lang='grc' dir='ltr'><strong>καὶ</strong></span> <span class='ocrx_word' id='word_1_419' title='bbox 3521 2742 3721 2814; x_wconf 86' lang='grc' dir='ltr'>ὡραῖον</span> 
     </span>
    </p>
   </div>
   <div class='ocr_carea' id='block_1_56' title="bbox 2134 2828 3719 2907">
    <p class='ocr_par' dir='ltr' id='par_1_56' title="bbox 2134 2828 3719 2907">
     <span class='ocr_line' id='line_1_56' title="bbox 2134 2828 3719 2907; baseline 0.001 -22"><span class='ocrx_word' id='word_1_420' title='bbox 2134 2828 2292 2897; x_wconf 77' lang='grc' dir='ltr'>ξύλου</span> <span class='ocrx_word' id='word_1_421' title='bbox 2337 2832 2548 2904; x_wconf 80' lang='grc' dir='ltr'>καρπὸν</span> <span class='ocrx_word' id='word_1_422' title='bbox 2594 2833 2728 2906; x_wconf 85' lang='grc' dir='ltr'>ὁμοῦ</span> <span class='ocrx_word' id='word_1_423' title='bbox 2768 2837 2882 2901; x_wconf 86' lang='grc' dir='ltr'>τοῖς</span> <span class='ocrx_word' id='word_1_424' title='bbox 2925 2835 3104 2900; x_wconf 81' lang='grc' dir='ltr'>ἄλλοις</span> <span class='ocrx_word' id='word_1_425' title='bbox 3145 2836 3512 2907; x_wconf 85' lang='grc' dir='ltr'>συνδήσαντας</span> <span class='ocrx_word' id='word_1_426' title='bbox 3553 2834 3719 2905; x_wconf 80' lang='grc' dir='ltr'>ἔχειν.</span> 
     </span>
    </p>
   </div>
   <div class='ocr_carea' id='block_1_57' title="bbox 2132 2925 3720 3003">
    <p class='ocr_par' dir='ltr' id='par_1_57' title="bbox 2132 2925 3720 3003">
     <span class='ocr_line' id='line_1_57' title="bbox 2132 2925 3720 3003; baseline 0.001 -25"><span class='ocrx_word' id='word_1_427' title='bbox 2132 2925 2304 2990; x_wconf 83' lang='grc' dir='ltr'>Αὐτός</span> <span class='ocrx_word' id='word_1_428' title='bbox 2332 2928 2479 2980; x_wconf 84' lang='grc' dir='ltr'>ἐστιν</span> <span class='ocrx_word' id='word_1_429' title='bbox 2517 2929 2546 2982; x_wconf 89' lang='lat'><strong>6</strong></span> <span class='ocrx_word' id='word_1_430' title='bbox 2576 2928 2914 3001; x_wconf 76' lang='grc' dir='ltr'>χειμάρρους</span> <span class='ocrx_word' id='word_1_431' title='bbox 2951 2930 3051 3000; x_wconf 77' lang='grc' dir='ltr'>τῆς</span> <span class='ocrx_word' id='word_1_432' title='bbox 3091 2930 3304 3003; x_wconf 78' lang='grc' dir='ltr'>τρυφῆς</span> <span class='ocrx_word' id='word_1_433' title='bbox 3333 2928 3392 2982; x_wconf 76' lang='grc' dir='ltr'><strong>ὃν</strong></span> <span class='ocrx_word' id='word_1_434' title='bbox 3427 2931 3720 2982; x_wconf 84' lang='grc' dir='ltr'>πεπότικεν</span> 
     </span>
    </p>
   </div>
   <div class='ocr_carea' id='block_1_58' title="bbox 395 3011 2030 3104">
    <p class='ocr_par' dir='ltr' id='par_1_58' title="bbox 395 3011 2028 3085">
     <span class='ocr_line' id='line_1_58' title="bbox 395 3011 2028 3085; baseline -0.007 -10"><span class='ocrx_word' id='word_1_435' title='bbox 395 3077 400 3083; x_wconf 73' lang='grc'><strong>,</strong></span> <span class='ocrx_word' id='word_1_436' title='bbox 455 3017 750 3075; x_wconf 88' lang='lat' dir='ltr'><strong>tumeliosi.</strong></span> <span class='ocrx_word' id='word_1_437' title='bbox 780 3015 979 3072; x_wconf 88' lang='lat' dir='ltr'><strong>Eodem</strong></span> <span class='ocrx_word' id='word_1_438' title='bbox 1015 3014 1210 3085; x_wconf 85' lang='lat' dir='ltr'><strong>quippe</strong></span> <span class='ocrx_word' id='word_1_439' title='bbox 1240 3011 1357 3066; x_wconf 89' lang='lat' dir='ltr'><strong>loco</strong></span> <span class='ocrx_word' id='word_1_440' title='bbox 1387 3011 1651 3066; x_wconf 84' lang='lat' dir='ltr'><strong>ducentur</strong></span> <span class='ocrx_word' id='word_1_441' title='bbox 1676 3020 1783 3080; x_wconf 84' lang='lat' dir='ltr'><strong>quo</strong></span> <span class='ocrx_word' id='word_1_442' title='bbox 1814 3011 2028 3075; x_wconf 87' lang='lat' dir='ltr'><strong>hostes,</strong></span> 
     </span>
    </p>
   </div>
   <div class='ocr_carea' id='block_1_59' title="bbox 2130 3011 3719 3104">
    <p class='ocr_par' dir='ltr' id='par_1_59' title="bbox 2133 3019 3719 3094">
     <span class='ocr_line' id='line_1_59' title="bbox 2133 3019 3719 3094; baseline 0.007 -23"><span class='ocrx_word' id='word_1_443' title='bbox 2133 3019 2282 3090; x_wconf 80' lang='grc' dir='ltr'>ἡμᾶς</span> <span class='ocrx_word' id='word_1_444' title='bbox 2307 3021 2334 3072; x_wconf 90' lang='grc' dir='ltr'>ὁ</span> <span class='ocrx_word' id='word_1_445' title='bbox 2364 3019 2496 3083; x_wconf 83' lang='grc' dir='ltr'>Θεὸς</span> <span class='ocrx_word' id='word_1_446' title='bbox 2531 3021 2626 3074; x_wconf 79' lang='grc' dir='ltr'><strong>καὶ</strong></span> <span class='ocrx_word' id='word_1_447' title='bbox 2655 3019 2866 3094; x_wconf 85' lang='grc' dir='ltr'>Πατήρ.</span> <span class='ocrx_word' id='word_1_448' title='bbox 2910 3021 3082 3086; x_wconf 78' lang='grc' dir='ltr'>Αὐτὸς</span> <span class='ocrx_word' id='word_1_449' title='bbox 3116 3023 3150 3092; x_wconf 80' lang='grc' dir='ltr'>ἡ</span> <span class='ocrx_word' id='word_1_450' title='bbox 3195 3020 3346 3093; x_wconf 81' lang='grc' dir='ltr'>πηγὴ</span> <span class='ocrx_word' id='word_1_451' title='bbox 3395 3023 3495 3092; x_wconf 82' lang='grc' dir='ltr'>τῆς</span> <span class='ocrx_word' id='word_1_452' title='bbox 3536 3020 3682 3090; x_wconf 81' lang='grc' dir='ltr'><strong>ζωῆς</strong></span> <span class='ocrx_word' id='word_1_453' title='bbox 3702 3058 3719 3083; x_wconf 75' lang='grc' dir='ltr'><strong>ν</strong></span> 
     </span>
    </p>
   </div>
   <div class='ocr_carea' id='block_1_60' title="bbox 451 3103 2030 3182">
    <p class='ocr_par' dir='ltr' id='par_1_60' title="bbox 451 3103 2030 3182">
     <span class='ocr_line' id='line_1_60' title="bbox 451 3103 2030 3182; baseline -0.005 -18"><span class='ocrx_word' id='word_1_454' title='bbox 451 3112 544 3182; x_wconf 89' lang='lat' dir='ltr'><strong>qni</strong></span> <span class='ocrx_word' id='word_1_455' title='bbox 582 3110 808 3180; x_wconf 76' lang='lat' dir='ltr'><strong>diligere</strong></span> <span class='ocrx_word' id='word_1_456' title='bbox 845 3108 1139 3164; x_wconf 89' lang='lat' dir='ltr'><strong>noluerint.</strong></span> <span class='ocrx_word' id='word_1_457' title='bbox 1173 3105 1240 3160; x_wconf 89' lang='lat' dir='ltr'><strong>Et</strong></span> <span class='ocrx_word' id='word_1_458' title='bbox 1272 3104 1398 3173; x_wconf 90' lang='lat' dir='ltr'><strong>hoc,</strong></span> <span class='ocrx_word' id='word_1_459' title='bbox 1430 3103 1644 3172; x_wconf 91' lang='lat' dir='ltr'><strong>opinor,</strong></span> <span class='ocrx_word' id='word_1_460' title='bbox 1675 3112 1760 3158; x_wconf 89' lang='lat' dir='ltr'><strong>est</strong></span> <span class='ocrx_word' id='word_1_461' title='bbox 1797 3104 1940 3172; x_wconf 88' lang='lat' dir='ltr'><strong>quod</strong></span> <span class='ocrx_word' id='word_1_462' title='bbox 1978 3110 2030 3157; x_wconf 89' lang='lat' dir='ltr'><strong>et</strong></span> 
     </span>
    </p>
   </div>
   <div class='ocr_carea' id='block_1_61' title="bbox 2130 3103 3719 3182">
    <p class='ocr_par' dir='ltr' id='par_1_61' title="bbox 2138 3107 3719 3181">
     <span class='ocr_line' id='line_1_61' title="bbox 2138 3107 3719 3181; baseline 0.005 -19"><span class='ocrx_word' id='word_1_463' title='bbox 2138 3108 2233 3162; x_wconf 71' lang='grc' dir='ltr'><strong>καὶ</strong></span> <span class='ocrx_word' id='word_1_464' title='bbox 2265 3110 2293 3162; x_wconf 91' lang='lat'><strong>6</strong></span> <span class='ocrx_word' id='word_1_465' title='bbox 2323 3109 2423 3180; x_wconf 84' lang='grc' dir='ltr'><strong>τῆς</strong></span> <span class='ocrx_word' id='word_1_466' title='bbox 2449 3111 2672 3181; x_wconf 75' lang='grc' dir='ltr'>εἰρήνης</span> <span class='ocrx_word' id='word_1_467' title='bbox 2713 3109 2986 3181; x_wconf 79' lang='grc' dir='ltr'>ποταμὸς,</span> <span class='ocrx_word' id='word_1_468' title='bbox 3025 3111 3053 3162; x_wconf 94' lang='lat'><strong>6</strong></span> <span class='ocrx_word' id='word_1_469' title='bbox 3093 3107 3429 3172; x_wconf 83' lang='grc' dir='ltr'>ἐκκεκλικὼς</span> <span class='ocrx_word' id='word_1_470' title='bbox 3461 3110 3540 3172; x_wconf 86' lang='grc' dir='ltr'><strong>εἰς</strong></span> <span class='ocrx_word' id='word_1_471' title='bbox 3575 3110 3719 3178; x_wconf 81' lang='grc' dir='ltr'>ἡμᾶς</span> 
     </span>
    </p>
   </div>
   <div class='ocr_carea' id='block_1_62' title="bbox 454 3195 2030 3275">
    <p class='ocr_par' dir='ltr' id='par_1_62' title="bbox 454 3195 2030 3274">
     <span class='ocr_line' id='line_1_62' title="bbox 454 3195 2030 3274; baseline -0.007 -15"><span class='ocrx_word' id='word_1_472' title='bbox 454 3204 572 3274; x_wconf 88' lang='lat' dir='ltr'><strong>ipse</strong></span> <span class='ocrx_word' id='word_1_473' title='bbox 602 3201 852 3256; x_wconf 88' lang='lat' dir='ltr'><strong>Christus</strong></span> <span class='ocrx_word' id='word_1_474' title='bbox 885 3199 1022 3254; x_wconf 81' lang='lat' dir='ltr'><strong>dixit</strong></span> <span class='ocrx_word' id='word_1_475' title='bbox 1055 3212 1070 3252; x_wconf 90' lang='lat'><strong>:</strong></span> <span class='ocrx_word' id='word_1_476' title='bbox 1111 3215 1130 3248; x_wconf 73' lang='grc' dir='ltr'><strong>ι</strong></span> <span class='ocrx_word' id='word_1_477' title='bbox 1170 3195 1271 3263; x_wconf 84' lang='lat' dir='ltr'><strong>Qui</strong></span> <span class='ocrx_word' id='word_1_478' title='bbox 1308 3210 1414 3250; x_wconf 89' lang='lat' dir='ltr'><strong>non</strong></span> <span class='ocrx_word' id='word_1_479' title='bbox 1449 3202 1533 3251; x_wconf 88' lang='lat' dir='ltr'><strong>est</strong></span> <span class='ocrx_word' id='word_1_480' title='bbox 1563 3210 1809 3261; x_wconf 89' lang='lat' dir='ltr'><strong>mecum,</strong></span> <span class='ocrx_word' id='word_1_481' title='bbox 1846 3203 2030 3249; x_wconf 91' lang='lat' dir='ltr'><strong>contra</strong></span> 
     </span>
    </p>
   </div>
   <div class='ocr_carea' id='block_1_63' title="bbox 2130 3195 3720 3275">
    <p class='ocr_par' dir='ltr' id='par_1_63' title="bbox 2138 3200 3720 3275">
     <span class='ocr_line' id='line_1_63' title="bbox 2138 3200 3720 3275; baseline 0.001 -22"><span class='ocrx_word' id='word_1_482' title='bbox 2138 3200 2264 3265; x_wconf 78' lang='grc' dir='ltr'>τοὺς</span> <span class='ocrx_word' id='word_1_483' title='bbox 2288 3201 2346 3268; x_wconf 81' lang='grc' dir='ltr'><strong>ἐξ</strong></span> <span class='ocrx_word' id='word_1_484' title='bbox 2375 3201 2547 3256; x_wconf 79' lang='grc' dir='ltr'>ἐθνῶν</span> <span class='ocrx_word' id='word_1_485' title='bbox 2587 3203 2979 3274; x_wconf 85' lang='grc' dir='ltr'>κεκλημένους.</span> <span class='ocrx_word' id='word_1_486' title='bbox 3007 3203 3236 3275; x_wconf 71' lang='grc' dir='ltr'>Εἴρηται</span> <span class='ocrx_word' id='word_1_487' title='bbox 3261 3203 3317 3256; x_wconf 79' lang='grc' dir='ltr'><strong>δὲ</strong></span> <span class='ocrx_word' id='word_1_488' title='bbox 3347 3203 3475 3274; x_wconf 85' lang='grc' dir='ltr'><strong>περί</strong></span> <span class='ocrx_word' id='word_1_489' title='bbox 3516 3201 3720 3254; x_wconf 80' lang='grc' dir='ltr'>τούτων</span> 
     </span>
    </p>
   </div>
   <div class='ocr_carea' id='block_1_64' title="bbox 452 3288 2030 3365">
    <p class='ocr_par' dir='ltr' id='par_1_64' title="bbox 452 3288 1956 3364">
     <span class='ocr_line' id='line_1_64' title="bbox 452 3288 1956 3364; baseline -0.007 -13"><span class='ocrx_word' id='word_1_490' title='bbox 452 3311 539 3351; x_wconf 84' lang='lat' dir='ltr'><strong>me</strong></span> <span class='ocrx_word' id='word_1_491' title='bbox 567 3303 683 3360; x_wconf 89' lang='lat' dir='ltr'><strong>est,</strong></span> <span class='ocrx_word' id='word_1_492' title='bbox 711 3304 766 3348; x_wconf 89' lang='lat' dir='ltr'><strong>et</strong></span> <span class='ocrx_word' id='word_1_493' title='bbox 794 3293 886 3364; x_wconf 93' lang='lat' dir='ltr'><strong>qui</strong></span> <span class='ocrx_word' id='word_1_494' title='bbox 918 3307 1025 3346; x_wconf 93' lang='lat' dir='ltr'><strong>non</strong></span> <span class='ocrx_word' id='word_1_495' title='bbox 1054 3289 1258 3360; x_wconf 80' lang='lat' dir='ltr'><strong>colligit</strong></span> <span class='ocrx_word' id='word_1_496' title='bbox 1286 3303 1493 3344; x_wconf 91' lang='lat' dir='ltr'><strong>mecum</strong></span> <span class='ocrx_word' id='word_1_497' title='bbox 1513 3329 1529 3354; x_wconf 93' lang='lat'><strong>,</strong></span> <span class='ocrx_word' id='word_1_498' title='bbox 1557 3288 1901 3358; x_wconf 80' lang='lat' dir='ltr'><strong>dispergit&quot;.</strong></span> <span class='ocrx_word' id='word_1_499' title='bbox 1937 3306 1956 3340; x_wconf 75' lang='grc' dir='ltr'><strong>ι</strong></span> 
     </span>
    </p>
   </div>
   <div class='ocr_carea' id='block_1_65' title="bbox 2130 3288 3718 3365">
    <p class='ocr_par' dir='ltr' id='par_1_65' title="bbox 2140 3291 3718 3365">
     <span class='ocr_line' id='line_1_65' title="bbox 2140 3291 3718 3365; baseline -0.001 -20"><span class='ocrx_word' id='word_1_500' title='bbox 2140 3293 2273 3362; x_wconf 81' lang='grc' dir='ltr'>ἡμῖν</span> <span class='ocrx_word' id='word_1_501' title='bbox 2326 3293 2523 3364; x_wconf 81' lang='grc' dir='ltr'>ἰσχνῶς</span> <span class='ocrx_word' id='word_1_502' title='bbox 2575 3296 2632 3348; x_wconf 90' lang='grc' dir='ltr'><strong>ἐν</strong></span> <span class='ocrx_word' id='word_1_503' title='bbox 2695 3295 2923 3365; x_wconf 81' lang='grc' dir='ltr'>ἑτέροις.</span> <span class='ocrx_word' id='word_1_504' title='bbox 2972 3294 3180 3348; x_wconf 86' lang='grc' dir='ltr'>Οὐκοῦν</span> <span class='ocrx_word' id='word_1_505' title='bbox 3231 3295 3281 3346; x_wconf 90' lang='grc' dir='ltr'>οἱ</span> <span class='ocrx_word' id='word_1_506' title='bbox 3337 3291 3718 3354; x_wconf 79' lang='grc' dir='ltr'>ἀναὸαίνοντες</span> 
     </span>
    </p>
   </div>
   <div class='ocr_carea' id='block_1_66' title="bbox 451 3382 3720 3462">
    <p class='ocr_par' dir='ltr' id='par_1_66' title="bbox 451 3382 3720 3462">
     <span class='ocr_line' id='line_1_66' title="bbox 451 3382 3720 3462; baseline 0 -20"><span class='ocrx_word' id='word_1_507' title='bbox 451 3389 832 3459; x_wconf 65' lang='grc' dir='ltr'><strong>⁸προσκυνῆσαι</strong></span> <span class='ocrx_word' id='word_1_508' title='bbox 861 3385 940 3458; x_wconf 84' lang='grc' dir='ltr'>τῷ</span> <span class='ocrx_word' id='word_1_509' title='bbox 965 3383 1084 3456; x_wconf 79' lang='grc' dir='ltr'>Θεῷ</span> <span class='ocrx_word' id='word_1_510' title='bbox 1153 3382 1576 3456; x_wconf 83' lang='grc' dir='ltr'>παντοκράτορι,</span> <span class='ocrx_word' id='word_1_511' title='bbox 1607 3382 1702 3437; x_wconf 61' lang='grc' dir='ltr'>καὶ</span> <span class='ocrx_word' id='word_1_512' title='bbox 1731 3382 1948 3438; x_wconf 80' lang='grc' dir='ltr'>τελέσαι</span> <span class='ocrx_word' id='word_1_513' title='bbox 2010 3384 2108 3458; x_wconf 84' lang='grc' dir='ltr'>τὴν</span> <span class='ocrx_word' id='word_1_514' title='bbox 2145 3388 2338 3459; x_wconf 82' lang='grc' dir='ltr'>ἑορτὴν</span> <span class='ocrx_word' id='word_1_515' title='bbox 2380 3390 2479 3462; x_wconf 85' lang='grc' dir='ltr'>τῆς</span> <span class='ocrx_word' id='word_1_516' title='bbox 2527 3391 2941 3462; x_wconf 87' lang='grc' dir='ltr'>Σκηνοπηγίας,</span> <span class='ocrx_word' id='word_1_517' title='bbox 2985 3391 3035 3443; x_wconf 84' lang='grc' dir='ltr'>οἱ</span> <span class='ocrx_word' id='word_1_518' title='bbox 3082 3391 3170 3444; x_wconf 69' lang='grc' dir='ltr'><strong>διὰ</strong></span> <span class='ocrx_word' id='word_1_519' title='bbox 3205 3388 3438 3453; x_wconf 85' lang='grc' dir='ltr'>πίστεώς</span> <span class='ocrx_word' id='word_1_520' title='bbox 3487 3390 3623 3442; x_wconf 88' lang='grc' dir='ltr'>εἰσιν</span> <span class='ocrx_word' id='word_1_521' title='bbox 3661 3390 3720 3442; x_wconf 84' lang='grc' dir='ltr'>ἐν</span> 
     </span>
    </p>
   </div>
   <div class='ocr_carea' id='block_1_67' title="bbox 450 3473 3718 3554">
    <p class='ocr_par' dir='ltr' id='par_1_67' title="bbox 450 3473 3718 3554">
     <span class='ocr_line' id='line_1_67' title="bbox 450 3473 3718 3554; baseline -0.002 -17"><span class='ocrx_word' id='word_1_522' title='bbox 450 3479 672 3554; x_wconf 84' lang='grc' dir='ltr'>Χριστῷ</span> <span class='ocrx_word' id='word_1_523' title='bbox 713 3476 1141 3548; x_wconf 76' lang='grc' dir='ltr'>δεδικαιωμένοι.</span> <span class='ocrx_word' id='word_1_524' title='bbox 1177 3473 1420 3529; x_wconf 85' lang='grc' dir='ltr'>Ἀπειλεῖ</span> <span class='ocrx_word' id='word_1_525' title='bbox 1457 3474 1515 3528; x_wconf 77' lang='grc' dir='ltr'>δὲ</span> <span class='ocrx_word' id='word_1_526' title='bbox 1551 3477 1663 3538; x_wconf 87' lang='grc' dir='ltr'>τοῖς</span> <span class='ocrx_word' id='word_1_527' title='bbox 1704 3474 1778 3546; x_wconf 84' lang='grc' dir='ltr'>μὴ</span> <span class='ocrx_word' id='word_1_528' title='bbox 1821 3474 2206 3533; x_wconf 83' lang='grc' dir='ltr'>ἀναϐαίνουσιν</span> <span class='ocrx_word' id='word_1_529' title='bbox 2258 3481 2500 3552; x_wconf 74' lang='grc' dir='ltr'>ὀλεθρον,</span> <span class='ocrx_word' id='word_1_530' title='bbox 2569 3484 2760 3547; x_wconf 84' lang='grc' dir='ltr'>ποινάς</span> <span class='ocrx_word' id='word_1_531' title='bbox 2801 3500 2861 3536; x_wconf 92' lang='grc' dir='ltr'><strong>τε</strong></span> <span class='ocrx_word' id='word_1_532' title='bbox 2925 3482 3026 3546; x_wconf 84' lang='grc' dir='ltr'>τὰς</span> <span class='ocrx_word' id='word_1_533' title='bbox 3071 3481 3194 3546; x_wconf 80' lang='grc' dir='ltr'>ίσας</span> <span class='ocrx_word' id='word_1_534' title='bbox 3273 3478 3363 3545; x_wconf 75' lang='grc' dir='ltr'><strong>αἷς</strong></span> <span class='ocrx_word' id='word_1_535' title='bbox 3427 3482 3718 3534; x_wconf 81' lang='grc' dir='ltr'>ὑποσταῖεν</span> 
     </span>
    </p>
   </div>
   <div class='ocr_carea' id='block_1_68' title="bbox 449 3558 3717 3644">
    <p class='ocr_par' dir='ltr' id='par_1_68' title="bbox 449 3558 3717 3644">
     <span class='ocr_line' id='line_1_68' title="bbox 449 3558 3717 3644; baseline -0.002 -17"><span class='ocrx_word' id='word_1_536' title='bbox 449 3576 500 3627; x_wconf 87' lang='grc' dir='ltr'><strong>οἰ</strong></span> <span class='ocrx_word' id='word_1_537' title='bbox 532 3571 758 3627; x_wconf 88' lang='grc' dir='ltr'>διῶκταί</span> <span class='ocrx_word' id='word_1_538' title='bbox 789 3587 850 3622; x_wconf 88' lang='grc' dir='ltr'><strong>τε</strong></span> <span class='ocrx_word' id='word_1_539' title='bbox 883 3566 1276 3639; x_wconf 78' lang='grc' dir='ltr'>κα“ιὺ6ρισταί.</span> <span class='ocrx_word' id='word_1_540' title='bbox 1316 3566 1407 3618; x_wconf 88' lang='grc' dir='ltr'>Ἐν</span> <span class='ocrx_word' id='word_1_541' title='bbox 1475 3565 1564 3636; x_wconf 81' lang='grc' dir='ltr'><strong>ἰσῃ</strong></span> <span class='ocrx_word' id='word_1_542' title='bbox 1620 3567 1728 3634; x_wconf 85' lang='grc' dir='ltr'><strong>γὰρ</strong></span> <span class='ocrx_word' id='word_1_543' title='bbox 1801 3565 1964 3637; x_wconf 72' lang='grc' dir='ltr'>μοίρᾳ</span> <span class='ocrx_word' id='word_1_544' title='bbox 2010 3566 2281 3622; x_wconf 76' lang='grc' dir='ltr'>κείσονταί</span> <span class='ocrx_word' id='word_1_545' title='bbox 2322 3575 2435 3636; x_wconf 86' lang='grc' dir='ltr'>τοῖς</span> <span class='ocrx_word' id='word_1_546' title='bbox 2500 3573 2713 3644; x_wconf 79' lang='grc' dir='ltr'>ἐχθροῖς</span> <span class='ocrx_word' id='word_1_547' title='bbox 2763 3573 2813 3626; x_wconf 91' lang='grc' dir='ltr'><strong>οἰ</strong></span> <span class='ocrx_word' id='word_1_548' title='bbox 2864 3571 2938 3644; x_wconf 87' lang='grc' dir='ltr'>μὴ</span> <span class='ocrx_word' id='word_1_549' title='bbox 2986 3572 3207 3644; x_wconf 83' lang='grc' dir='ltr'>ἀγαπᾷν</span> <span class='ocrx_word' id='word_1_550' title='bbox 3282 3570 3564 3643; x_wconf 75' lang='grc' dir='ltr'>ᾑρημένοι.</span> <span class='ocrx_word' id='word_1_551' title='bbox 3605 3558 3717 3621; x_wconf 70' lang='grc' dir='ltr'><strong>Καὶ</strong></span> 
     </span>
    </p>
   </div>
   <div class='ocr_carea' id='block_1_69' title="bbox 449 3659 3716 3740">
    <p class='ocr_par' dir='ltr' id='par_1_69' title="bbox 449 3659 3716 3740">
     <span class='ocr_line' id='line_1_69' title="bbox 449 3659 3716 3740; baseline -0.001 -17"><span class='ocrx_word' id='word_1_552' title='bbox 449 3669 631 3734; x_wconf 87' lang='grc' dir='ltr'>τοῦτο,</span> <span class='ocrx_word' id='word_1_553' title='bbox 675 3663 850 3737; x_wconf 77' lang='grc' dir='ltr'>οἶμαι,</span> <span class='ocrx_word' id='word_1_554' title='bbox 892 3663 1060 3730; x_wconf 81' lang='grc' dir='ltr'>ἔστιν,</span> <span class='ocrx_word' id='word_1_555' title='bbox 1089 3662 1116 3715; x_wconf 84' lang='grc' dir='ltr'><strong>ὃ</strong></span> <span class='ocrx_word' id='word_1_556' title='bbox 1155 3663 1250 3716; x_wconf 69' lang='grc' dir='ltr'><strong>καὶ</strong></span> <span class='ocrx_word' id='word_1_557' title='bbox 1287 3659 1446 3723; x_wconf 73' lang='grc' dir='ltr'>αὐτὸς</span> <span class='ocrx_word' id='word_1_558' title='bbox 1481 3659 1584 3731; x_wconf 77' lang='grc' dir='ltr'><strong>ἔφη</strong></span> <span class='ocrx_word' id='word_1_559' title='bbox 1639 3659 1907 3730; x_wconf 68' lang='grc' dir='ltr'>Χριστός*</span> <span class='ocrx_word' id='word_1_560' title='bbox 1944 3678 1963 3713; x_wconf 73' lang='grc' dir='ltr'><strong>ι</strong></span> <span class='ocrx_word' id='word_1_561' title='bbox 2004 3661 2060 3716; x_wconf 91' lang='grc' dir='ltr'>Ὁ</span> <span class='ocrx_word' id='word_1_562' title='bbox 2099 3662 2176 3736; x_wconf 82' lang='grc' dir='ltr'>μὴ</span> <span class='ocrx_word' id='word_1_563' title='bbox 2202 3663 2277 3718; x_wconf 82' lang='grc' dir='ltr'>ὢν</span> <span class='ocrx_word' id='word_1_564' title='bbox 2311 3665 2430 3737; x_wconf 86' lang='grc' dir='ltr'>μετ’</span> <span class='ocrx_word' id='word_1_565' title='bbox 2491 3666 2648 3739; x_wconf 87' lang='grc' dir='ltr'>ἐμοῦ,</span> <span class='ocrx_word' id='word_1_566' title='bbox 2677 3669 2800 3723; x_wconf 87' lang='grc' dir='ltr'>κατ’</span> <span class='ocrx_word' id='word_1_567' title='bbox 2827 3667 2960 3740; x_wconf 90' lang='grc' dir='ltr'>ἐμοῦ</span> <span class='ocrx_word' id='word_1_568' title='bbox 2994 3670 3130 3737; x_wconf 90' lang='grc' dir='ltr'>ἐστι,</span> <span class='ocrx_word' id='word_1_569' title='bbox 3159 3668 3254 3723; x_wconf 70' lang='grc' dir='ltr'><strong>καὶ</strong></span> <span class='ocrx_word' id='word_1_570' title='bbox 3284 3671 3313 3722; x_wconf 94' lang='lat'><strong>6</strong></span> <span class='ocrx_word' id='word_1_571' title='bbox 3351 3667 3426 3740; x_wconf 83' lang='grc' dir='ltr'>μὴ</span> <span class='ocrx_word' id='word_1_572' title='bbox 3469 3669 3716 3736; x_wconf 83' lang='grc' dir='ltr'>συνάγων</span> 
     </span>
    </p>
   </div>
   <div class='ocr_carea' id='block_1_70' title="bbox 454 3753 1334 3832">
    <p class='ocr_par' dir='ltr' id='par_1_70' title="bbox 454 3753 1334 3832">
     <span class='ocr_line' id='line_1_70' title="bbox 454 3753 1334 3832; baseline -0.011 -19"><span class='ocrx_word' id='word_1_573' title='bbox 454 3759 572 3832; x_wconf 77' lang='grc' dir='ltr'>μετ’</span> <span class='ocrx_word' id='word_1_574' title='bbox 599 3756 756 3830; x_wconf 88' lang='grc' dir='ltr'>ἐμοῦ,</span> <span class='ocrx_word' id='word_1_575' title='bbox 795 3753 1100 3826; x_wconf 81' lang='grc' dir='ltr'>σκορπίζει.</span> <span class='ocrx_word' id='word_1_576' title='bbox 1129 3772 1149 3805; x_wconf 76' lang='grc' dir='ltr'><strong>ι</strong></span> <span class='ocrx_word' id='word_1_577' title='bbox 1325 3819 1334 3830; x_wconf 76' lang='lat'><em>_</em></span> 
     </span>
    </p>
   </div>
   <div class='ocr_carea' id='block_1_71' title="bbox 523 3841 2030 3923">
    <p class='ocr_par' dir='ltr' id='par_1_71' title="bbox 523 3841 2024 3914">
     <span class='ocr_line' id='line_1_71' title="bbox 523 3841 2024 3914; baseline -0.004 -10"><span class='ocrx_word' id='word_1_578' title='bbox 523 3851 686 3906; x_wconf 65' lang='lat' dir='ltr'><strong>Vens.</strong></span> <span class='ocrx_word' id='word_1_579' title='bbox 732 3850 819 3906; x_wconf 82' lang='grc'><strong>18.</strong></span> <span class='ocrx_word' id='word_1_580' title='bbox 860 3849 918 3904; x_wconf 85' lang='lat' dir='ltr'><strong>Si</strong></span> <span class='ocrx_word' id='word_1_581' title='bbox 952 3859 1122 3901; x_wconf 85' lang='lat' dir='ltr'><strong>autem</strong></span> <span class='ocrx_word' id='word_1_582' title='bbox 1151 3846 1318 3900; x_wconf 81' lang='lat' dir='ltr'><strong>tribus</strong></span> <span class='ocrx_word' id='word_1_583' title='bbox 1344 3841 1564 3914; x_wconf 70' lang='lat' dir='ltr'><strong>AZgypti</strong></span> <span class='ocrx_word' id='word_1_584' title='bbox 1586 3861 1688 3897; x_wconf 87' lang='lat' dir='ltr'><strong>non</strong></span> <span class='ocrx_word' id='word_1_585' title='bbox 1708 3845 2024 3912; x_wconf 79' lang='lat' dir='ltr'><strong>ascenderit,</strong></span> 
     </span>
    </p>
   </div>
   <div class='ocr_carea' id='block_1_72' title="bbox 2130 3841 3712 3923">
    <p class='ocr_par' dir='ltr' id='par_1_72' title="bbox 2215 3842 3712 3923">
     <span class='ocr_line' id='line_1_72' title="bbox 2215 3842 3712 3923; baseline 0.008 -28"><span class='ocrx_word' id='word_1_586' title='bbox 2215 3843 2350 3898; x_wconf 86' lang='grc' dir='ltr'><strong>Ἐὰν</strong></span> <span class='ocrx_word' id='word_1_587' title='bbox 2374 3842 2443 3896; x_wconf 83' lang='grc' dir='ltr'>δὲ</span> <span class='ocrx_word' id='word_1_588' title='bbox 2469 3844 2636 3913; x_wconf 68' lang='grc' dir='ltr'><strong>φυλὴ</strong></span> <span class='ocrx_word' id='word_1_589' title='bbox 2666 3845 2966 3916; x_wconf 76' lang='grc' dir='ltr'>Αἰγύπτου</span> <span class='ocrx_word' id='word_1_590' title='bbox 2984 3845 3073 3917; x_wconf 79' lang='grc' dir='ltr'>μὴ</span> <span class='ocrx_word' id='word_1_591' title='bbox 3117 3845 3330 3916; x_wconf 78' lang='grc' dir='ltr'>ἀναϐῇ,</span> <span class='ocrx_word' id='word_1_592' title='bbox 3370 3849 3532 3919; x_wconf 80' lang='grc' dir='ltr'>μηδὲ</span> <span class='ocrx_word' id='word_1_593' title='bbox 3565 3850 3712 3923; x_wconf 76' lang='grc' dir='ltr'><strong>ἔλθῃ</strong></span> 
     </span>
    </p>
   </div>
   <div class='ocr_carea' id='block_1_73' title="bbox 454 3933 2030 4014">
    <p class='ocr_par' dir='ltr' id='par_1_73' title="bbox 454 3937 2026 4014">
     <span class='ocr_line' id='line_1_73' title="bbox 454 3937 2026 4014; baseline -0.004 -16"><span class='ocrx_word' id='word_1_594' title='bbox 454 3961 617 4014; x_wconf 85' lang='lat' dir='ltr'><strong>neque</strong></span> <span class='ocrx_word' id='word_1_595' title='bbox 666 3945 859 3998; x_wconf 80' lang='lat' dir='ltr'><strong>venerit</strong></span> <span class='ocrx_word' id='word_1_596' title='bbox 905 3941 1050 4008; x_wconf 77' lang='lat' dir='ltr'><strong>illuc,</strong></span> <span class='ocrx_word' id='word_1_597' title='bbox 1103 3948 1157 3994; x_wconf 88' lang='lat' dir='ltr'><strong>et</strong></span> <span class='ocrx_word' id='word_1_598' title='bbox 1209 3954 1364 4006; x_wconf 83' lang='lat' dir='ltr'><strong>super</strong></span> <span class='ocrx_word' id='word_1_599' title='bbox 1416 3937 1510 3990; x_wconf 85' lang='lat' dir='ltr'><strong>hos</strong></span> <span class='ocrx_word' id='word_1_600' title='bbox 1543 3937 1644 3990; x_wconf 84' lang='lat' dir='ltr'><strong>erit</strong></span> <span class='ocrx_word' id='word_1_601' title='bbox 1689 3938 1862 4003; x_wconf 83' lang='lat' dir='ltr'><strong>ruina,</strong></span> <span class='ocrx_word' id='word_1_602' title='bbox 1921 3955 2026 4008; x_wconf 88' lang='lat' dir='ltr'><strong>qua</strong></span> 
     </span>
    </p>
   </div>
   <div class='ocr_carea' id='block_1_74' title="bbox 2130 3933 3710 4014">
    <p class='ocr_par' dir='ltr' id='par_1_74' title="bbox 2131 3933 3710 4010">
     <span class='ocr_line' id='line_1_74' title="bbox 2131 3933 3710 4010; baseline 0.006 -23"><span class='ocrx_word' id='word_1_603' title='bbox 2131 3933 2281 3999; x_wconf 82' lang='grc' dir='ltr'>ἐκεῖ,</span> <span class='ocrx_word' id='word_1_604' title='bbox 2317 3934 2414 3987; x_wconf 80' lang='grc' dir='ltr'>καὶ</span> <span class='ocrx_word' id='word_1_605' title='bbox 2462 3935 2562 3987; x_wconf 77' lang='grc' dir='ltr'>ἐπὶ</span> <span class='ocrx_word' id='word_1_606' title='bbox 2612 3936 2846 4002; x_wconf 85' lang='grc' dir='ltr'>τούτοις</span> <span class='ocrx_word' id='word_1_607' title='bbox 2886 3937 3058 3991; x_wconf 77' lang='grc' dir='ltr'>ἔσται</span> <span class='ocrx_word' id='word_1_608' title='bbox 3097 3940 3136 4007; x_wconf 76' lang='grc' dir='ltr'>ἡ</span> <span class='ocrx_word' id='word_1_609' title='bbox 3181 3937 3427 4007; x_wconf 85' lang='grc' dir='ltr'>πτῶσις,</span> <span class='ocrx_word' id='word_1_610' title='bbox 3477 3940 3558 4010; x_wconf 77' lang='grc' dir='ltr'><strong>ἣν</strong></span> <span class='ocrx_word' id='word_1_611' title='bbox 3595 3959 3710 3996; x_wconf 77' lang='grc' dir='ltr'>πα-</span> 
     </span>
    </p>
   </div>
   <div class='ocr_carea' id='block_1_75' title="bbox 452 4024 2030 4107">
    <p class='ocr_par' dir='ltr' id='par_1_75' title="bbox 452 4035 2024 4107">
     <span class='ocr_line' id='line_1_75' title="bbox 452 4035 2024 4107; baseline -0.005 -15"><span class='ocrx_word' id='word_1_612' title='bbox 452 4038 702 4107; x_wconf 82' lang='lat' dir='ltr'><strong>percutiet</strong></span> <span class='ocrx_word' id='word_1_613' title='bbox 757 4035 1012 4089; x_wconf 82' lang='lat' dir='ltr'><strong>Dominus</strong></span> <span class='ocrx_word' id='word_1_614' title='bbox 1067 4049 1242 4087; x_wconf 86' lang='lat' dir='ltr'><strong>omnes</strong></span> <span class='ocrx_word' id='word_1_615' title='bbox 1291 4039 1508 4101; x_wconf 86' lang='lat' dir='ltr'><strong>gentes,</strong></span> <span class='ocrx_word' id='word_1_616' title='bbox 1547 4044 1869 4098; x_wconf 62' lang='lat' dir='ltr'><strong>quaecunque</strong></span> <span class='ocrx_word' id='word_1_617' title='bbox 1921 4047 2024 4084; x_wconf 85' lang='lat' dir='ltr'><strong>non</strong></span> 
     </span>
    </p>
   </div>
   <div class='ocr_carea' id='block_1_76' title="bbox 2130 4024 3708 4107">
    <p class='ocr_par' dir='ltr' id='par_1_76' title="bbox 2130 4024 3708 4104">
     <span class='ocr_line' id='line_1_76' title="bbox 2130 4024 3708 4104; baseline 0.008 -27"><span class='ocrx_word' id='word_1_618' title='bbox 2130 4024 2294 4089; x_wconf 76' lang='grc' dir='ltr'>τάξει</span> <span class='ocrx_word' id='word_1_619' title='bbox 2331 4026 2547 4092; x_wconf 82' lang='grc' dir='ltr'>Κύριος</span> <span class='ocrx_word' id='word_1_620' title='bbox 2584 4025 2782 4080; x_wconf 80' lang='grc' dir='ltr'>πάντα</span> <span class='ocrx_word' id='word_1_621' title='bbox 2808 4027 2880 4082; x_wconf 85' lang='grc' dir='ltr'>τὰ</span> <span class='ocrx_word' id='word_1_622' title='bbox 2908 4027 3074 4096; x_wconf 78' lang='grc' dir='ltr'>ἔθνη,</span> <span class='ocrx_word' id='word_1_623' title='bbox 3112 4028 3231 4083; x_wconf 81' lang='grc' dir='ltr'>ὅσα</span> <span class='ocrx_word' id='word_1_624' title='bbox 3269 4030 3345 4084; x_wconf 82' lang='grc' dir='ltr'><strong>ἂν</strong></span> <span class='ocrx_word' id='word_1_625' title='bbox 3377 4031 3462 4101; x_wconf 84' lang='grc' dir='ltr'>μὴ</span> <span class='ocrx_word' id='word_1_626' title='bbox 3492 4033 3708 4104; x_wconf 75' lang='grc' dir='ltr'>ἀναϐῇ,</span> 
     </span>
    </p>
   </div>
   <div class='ocr_carea' id='block_1_77' title="bbox 452 4121 2022 4192">
    <p class='ocr_par' dir='ltr' id='par_1_77' title="bbox 452 4121 2022 4192">
     <span class='ocr_line' id='line_1_77' title="bbox 452 4121 2022 4192; baseline -0.004 -10"><span class='ocrx_word' id='word_1_627' title='bbox 452 4129 805 4192; x_wconf 83' lang='lat' dir='ltr'><strong>ascenderint,</strong></span> <span class='ocrx_word' id='word_1_628' title='bbox 842 4141 896 4181; x_wconf 88' lang='lat' dir='ltr'><strong>ut</strong></span> <span class='ocrx_word' id='word_1_629' title='bbox 949 4127 1206 4181; x_wconf 82' lang='lat' dir='ltr'><strong>celebrent</strong></span> <span class='ocrx_word' id='word_1_630' title='bbox 1252 4123 1632 4178; x_wconf 84' lang='lat' dir='ltr'><strong>solemnitatem</strong></span> <span class='ocrx_word' id='word_1_631' title='bbox 1666 4121 2022 4192; x_wconf 75' lang='lat' dir='ltr'><strong>Scenopegia’.</strong></span> 
     </span>
    </p>
   </div>
   <div class='ocr_carea' id='block_1_78' title="bbox 523 4214 2024 4288">
    <p class='ocr_par' dir='ltr' id='par_1_78' title="bbox 523 4214 2024 4288">
     <span class='ocr_line' id='line_1_78' title="bbox 523 4214 2024 4288; baseline -0.005 -14"><span class='ocrx_word' id='word_1_632' title='bbox 523 4219 682 4274; x_wconf 84' lang='lat' dir='ltr'><strong>CXII.</strong></span> <span class='ocrx_word' id='word_1_633' title='bbox 735 4221 813 4274; x_wconf 82' lang='lat' dir='ltr'><strong>Ex</strong></span> <span class='ocrx_word' id='word_1_634' title='bbox 859 4234 963 4272; x_wconf 91' lang='lat' dir='ltr'><strong>una</strong></span> <span class='ocrx_word' id='word_1_635' title='bbox 1015 4229 1205 4288; x_wconf 84' lang='lat' dir='ltr'><strong>gente,</strong></span> <span class='ocrx_word' id='word_1_636' title='bbox 1255 4214 1632 4287; x_wconf 68' lang='lat' dir='ltr'><strong>Egyptiorum</strong></span> <span class='ocrx_word' id='word_1_637' title='bbox 1677 4215 1927 4283; x_wconf 90' lang='lat' dir='ltr'><strong>inquam,</strong></span> <span class='ocrx_word' id='word_1_638' title='bbox 1972 4215 2024 4268; x_wconf 91' lang='lat' dir='ltr'><strong>in</strong></span> 
     </span>
    </p>
   </div>
   <div class='ocr_carea' id='block_1_79' title="bbox 2130 4117 3586 4194">
    <p class='ocr_par' dir='ltr' id='par_1_79' title="bbox 2130 4117 3586 4194">
     <span class='ocr_line' id='line_1_79' title="bbox 2130 4117 3586 4194; baseline 0.005 -24"><span class='ocrx_word' id='word_1_639' title='bbox 2130 4117 2236 4171; x_wconf 88' lang='grc' dir='ltr'><strong>τοῦ</strong></span> <span class='ocrx_word' id='word_1_640' title='bbox 2271 4117 2549 4186; x_wconf 82' lang='grc' dir='ltr'>ἑορτάσαι</span> <span class='ocrx_word' id='word_1_641' title='bbox 2590 4117 2706 4186; x_wconf 75' lang='grc' dir='ltr'><strong>τὴν</strong></span> <span class='ocrx_word' id='word_1_642' title='bbox 2743 4119 2960 4188; x_wconf 81' lang='grc' dir='ltr'>ἑορτὴν</span> <span class='ocrx_word' id='word_1_643' title='bbox 2997 4120 3109 4190; x_wconf 83' lang='grc' dir='ltr'>τῆς</span> <span class='ocrx_word' id='word_1_644' title='bbox 3144 4125 3586 4194; x_wconf 75' lang='grc' dir='ltr'>Σκηνοπηγίας.</span> 
     </span>
    </p>
   </div>
   <div class='ocr_carea' id='block_1_80' title="bbox 2201 4209 3707 4291">
    <p class='ocr_par' dir='ltr' id='par_1_80' title="bbox 2201 4209 3707 4291">
     <span class='ocr_line' id='line_1_80' title="bbox 2201 4209 3707 4291; baseline 0.008 -30"><span class='ocrx_word' id='word_1_645' title='bbox 2201 4210 2346 4262; x_wconf 87' lang='lat' dir='ltr'><strong>PIB&#39;.</strong></span> <span class='ocrx_word' id='word_1_646' title='bbox 2395 4209 2481 4274; x_wconf 83' lang='grc' dir='ltr'>Ὡς</span> <span class='ocrx_word' id='word_1_647' title='bbox 2516 4209 2574 4274; x_wconf 84' lang='grc' dir='ltr'><strong>ἐξ</strong></span> <span class='ocrx_word' id='word_1_648' title='bbox 2602 4211 2720 4274; x_wconf 84' lang='grc' dir='ltr'>ἐνὸς</span> <span class='ocrx_word' id='word_1_649' title='bbox 2759 4210 2975 4277; x_wconf 76' lang='grc' dir='ltr'>ἔθνους,</span> <span class='ocrx_word' id='word_1_650' title='bbox 3017 4214 3126 4267; x_wconf 87' lang='grc' dir='ltr'><strong>τῶν</strong></span> <span class='ocrx_word' id='word_1_651' title='bbox 3162 4217 3476 4284; x_wconf 80' lang='grc' dir='ltr'>Αἰγυπτίων</span> <span class='ocrx_word' id='word_1_652' title='bbox 3530 4221 3707 4291; x_wconf 75' lang='grc' dir='ltr'>φημὶ,</span> 
     </span>
    </p>
   </div>
   <div class='ocr_carea' id='block_1_81' title="bbox 451 4300 2030 4388">
    <p class='ocr_par' dir='ltr' id='par_1_81' title="bbox 451 4305 2025 4376">
     <span class='ocr_line' id='line_1_81' title="bbox 451 4305 2025 4376; baseline -0.004 -10"><span class='ocrx_word' id='word_1_653' title='bbox 451 4327 664 4366; x_wconf 86' lang='lat' dir='ltr'><strong>summo</strong></span> <span class='ocrx_word' id='word_1_654' title='bbox 713 4325 901 4365; x_wconf 90' lang='lat' dir='ltr'><strong>errore</strong></span> <span class='ocrx_word' id='word_1_655' title='bbox 949 4318 1266 4374; x_wconf 82' lang='lat' dir='ltr'><strong>versantes,</strong></span> <span class='ocrx_word' id='word_1_656' title='bbox 1327 4317 1383 4363; x_wconf 88' lang='lat' dir='ltr'><strong>et</strong></span> <span class='ocrx_word' id='word_1_657' title='bbox 1436 4306 1837 4376; x_wconf 91' lang='lat' dir='ltr'><strong>improbissime</strong></span> <span class='ocrx_word' id='word_1_658' title='bbox 1883 4305 2025 4361; x_wconf 89' lang='lat' dir='ltr'><strong>idola</strong></span> 
     </span>
    </p>
   </div>
   <div class='ocr_carea' id='block_1_82' title="bbox 2130 4300 3708 4388">
    <p class='ocr_par' dir='ltr' id='par_1_82' title="bbox 2130 4300 3708 4376">
     <span class='ocr_line' id='line_1_82' title="bbox 2130 4300 3708 4376; baseline 0.004 -22"><span class='ocrx_word' id='word_1_659' title='bbox 2130 4301 2254 4364; x_wconf 86' lang='grc' dir='ltr'>τοὺς</span> <span class='ocrx_word' id='word_1_660' title='bbox 2285 4302 2366 4364; x_wconf 87' lang='grc' dir='ltr'><strong>είς</strong></span> <span class='ocrx_word' id='word_1_661' title='bbox 2393 4300 2561 4372; x_wconf 83' lang='grc' dir='ltr'>ἀκρον</span> <span class='ocrx_word' id='word_1_662' title='bbox 2587 4302 2822 4372; x_wconf 80' lang='grc' dir='ltr'>ἣκοντας</span> <span class='ocrx_word' id='word_1_663' title='bbox 2849 4301 3078 4374; x_wconf 85' lang='grc' dir='ltr'>πλάνης,</span> <span class='ocrx_word' id='word_1_664' title='bbox 3104 4304 3350 4369; x_wconf 83' lang='grc' dir='ltr'>ἐκτόπως</span> <span class='ocrx_word' id='word_1_665' title='bbox 3381 4324 3442 4360; x_wconf 91' lang='grc' dir='ltr'><strong>τε</strong></span> <span class='ocrx_word' id='word_1_666' title='bbox 3468 4308 3606 4376; x_wconf 79' lang='grc' dir='ltr'>ἄγαν</span> <span class='ocrx_word' id='word_1_667' title='bbox 3634 4312 3708 4362; x_wconf 90' lang='grc' dir='ltr'><strong>εἰ-</strong></span> 
     </span>
    </p>
   </div>
   <div class='ocr_carea' id='block_1_83' title="bbox 449 4396 2024 4469">
    <p class='ocr_par' dir='ltr' id='par_1_83' title="bbox 449 4396 2024 4469">
     <span class='ocr_line' id='line_1_83' title="bbox 449 4396 2024 4469; baseline -0.005 -12"><span class='ocrx_word' id='word_1_668' title='bbox 449 4403 689 4458; x_wconf 90' lang='lat' dir='ltr'><strong>colentes</strong></span> <span class='ocrx_word' id='word_1_669' title='bbox 748 4403 976 4464; x_wconf 91' lang='lat' dir='ltr'><strong>indicat,</strong></span> <span class='ocrx_word' id='word_1_670' title='bbox 1029 4401 1228 4469; x_wconf 88' lang='lat' dir='ltr'><strong>quibus</strong></span> <span class='ocrx_word' id='word_1_671' title='bbox 1275 4413 1460 4469; x_wconf 84' lang='lat' dir='ltr'><strong>grave,</strong></span> <span class='ocrx_word' id='word_1_672' title='bbox 1504 4407 1559 4452; x_wconf 94' lang='lat' dir='ltr'><strong>et</strong></span> <span class='ocrx_word' id='word_1_673' title='bbox 1605 4396 1936 4463; x_wconf 88' lang='lat' dir='ltr'><strong>inevitabile,</strong></span> <span class='ocrx_word' id='word_1_674' title='bbox 1970 4406 2024 4450; x_wconf 74' lang='lat' dir='ltr'><strong>et</strong></span> 
     </span>
    </p>
   </div>
   <div class='ocr_carea' id='block_1_84' title="bbox 450 4486 2022 4560">
    <p class='ocr_par' dir='ltr' id='par_1_84' title="bbox 450 4486 2022 4560">
     <span class='ocr_line' id='line_1_84' title="bbox 450 4486 2022 4560; baseline -0.004 -13"><span class='ocrx_word' id='word_1_675' title='bbox 450 4491 668 4547; x_wconf 82' lang='lat' dir='ltr'><strong>exitiale</strong></span> <span class='ocrx_word' id='word_1_676' title='bbox 711 4490 1031 4560; x_wconf 89' lang='lat' dir='ltr'><strong>supplicium</strong></span> <span class='ocrx_word' id='word_1_677' title='bbox 1079 4491 1376 4559; x_wconf 80' lang='lat' dir='ltr'><strong>continget,</strong></span> <span class='ocrx_word' id='word_1_678' title='bbox 1417 4501 1486 4542; x_wconf 75' lang='lat' dir='ltr'><strong>ex</strong></span> <span class='ocrx_word' id='word_1_679' title='bbox 1528 4500 1594 4542; x_wconf 87' lang='lat' dir='ltr'><strong>eo</strong></span> <span class='ocrx_word' id='word_1_680' title='bbox 1635 4488 1779 4557; x_wconf 82' lang='lat' dir='ltr'><strong>quod</strong></span> <span class='ocrx_word' id='word_1_681' title='bbox 1829 4486 2022 4541; x_wconf 87' lang='lat' dir='ltr'><strong>salutis</strong></span> 
     </span>
    </p>
   </div>
   <div class='ocr_carea' id='block_1_85' title="bbox 449 4578 2018 4650">
    <p class='ocr_par' dir='ltr' id='par_1_85' title="bbox 449 4578 2018 4650">
     <span class='ocr_line' id='line_1_85' title="bbox 449 4578 2018 4650; baseline -0.002 -14"><span class='ocrx_word' id='word_1_682' title='bbox 449 4596 546 4650; x_wconf 90' lang='lat' dir='ltr'><strong>per</strong></span> <span class='ocrx_word' id='word_1_683' title='bbox 574 4578 850 4636; x_wconf 82' lang='lat' dir='ltr'><strong>Chrismm</strong></span> <span class='ocrx_word' id='word_1_684' title='bbox 882 4581 1266 4650; x_wconf 88' lang='lat' dir='ltr'><strong>acceptabilem</strong></span> <span class='ocrx_word' id='word_1_685' title='bbox 1295 4580 1526 4650; x_wconf 87' lang='lat' dir='ltr'><strong>gratiam</strong></span> <span class='ocrx_word' id='word_1_686' title='bbox 1562 4580 1834 4650; x_wconf 88' lang='lat' dir='ltr'><strong>aspernati</strong></span> <span class='ocrx_word' id='word_1_687' title='bbox 1873 4589 2018 4634; x_wconf 90' lang='lat' dir='ltr'><strong>sunt.</strong></span> 
     </span>
    </p>
   </div>
   <div class='ocr_carea' id='block_1_86' title="bbox 449 4673 2021 4728">
    <p class='ocr_par' dir='ltr' id='par_1_86' title="bbox 449 4673 2021 4728">
     <span class='ocr_line' id='line_1_86' title="bbox 449 4673 2021 4728; baseline -0.002 0"><span class='ocrx_word' id='word_1_688' title='bbox 449 4673 681 4728; x_wconf 84' lang='lat' dir='ltr'><strong>Tantum</strong></span> <span class='ocrx_word' id='word_1_689' title='bbox 718 4673 863 4726; x_wconf 90' lang='lat' dir='ltr'><strong>enim</strong></span> <span class='ocrx_word' id='word_1_690' title='bbox 907 4688 1010 4726; x_wconf 92' lang='lat' dir='ltr'><strong>non</strong></span> <span class='ocrx_word' id='word_1_691' title='bbox 1045 4673 1425 4728; x_wconf 82' lang='lat' dir='ltr'><strong>interfectores</strong></span> <span class='ocrx_word' id='word_1_692' title='bbox 1458 4687 1681 4727; x_wconf 90' lang='lat' dir='ltr'><strong>suarum</strong></span> <span class='ocrx_word' id='word_1_693' title='bbox 1713 4673 2021 4727; x_wconf 89' lang='lat' dir='ltr'><strong>animarum</strong></span> 
     </span>
    </p>
   </div>
   <div class='ocr_carea' id='block_1_87' title="bbox 447 4763 2020 4836">
    <p class='ocr_par' dir='ltr' id='par_1_87' title="bbox 447 4763 2020 4836">
     <span class='ocr_line' id='line_1_87' title="bbox 447 4763 2020 4836; baseline -0.003 -15"><span class='ocrx_word' id='word_1_694' title='bbox 447 4764 775 4836; x_wconf 88' lang='lat' dir='ltr'><strong>deprehendi</strong></span> <span class='ocrx_word' id='word_1_695' title='bbox 816 4773 1046 4834; x_wconf 89' lang='lat' dir='ltr'><strong>possmt,</strong></span> <span class='ocrx_word' id='word_1_696' title='bbox 1087 4765 1352 4833; x_wconf 87' lang='lat' dir='ltr'><strong>siquidem</strong></span> <span class='ocrx_word' id='word_1_697' title='bbox 1381 4779 1568 4818; x_wconf 88' lang='lat' dir='ltr'><strong>verum</strong></span> <span class='ocrx_word' id='word_1_698' title='bbox 1603 4772 1686 4820; x_wconf 89' lang='lat' dir='ltr'><strong>est</strong></span> <span class='ocrx_word' id='word_1_699' title='bbox 1725 4763 1866 4834; x_wconf 93' lang='lat' dir='ltr'><strong>quod</strong></span> <span class='ocrx_word' id='word_1_700' title='bbox 1898 4779 2020 4818; x_wconf 91' lang='lat' dir='ltr'><strong>cum</strong></span> 
     </span>
    </p>
   </div>
   <div class='ocr_carea' id='block_1_88' title="bbox 447 4855 2021 4926">
    <p class='ocr_par' dir='ltr' id='par_1_88' title="bbox 447 4855 2021 4926">
     <span class='ocr_line' id='line_1_88' title="bbox 447 4855 2021 4926; baseline -0.002 -14"><span class='ocrx_word' id='word_1_701' title='bbox 447 4858 528 4913; x_wconf 91' lang='lat' dir='ltr'><strong>eis</strong></span> <span class='ocrx_word' id='word_1_702' title='bbox 563 4857 755 4912; x_wconf 88' lang='lat' dir='ltr'><strong>liceret</strong></span> <span class='ocrx_word' id='word_1_703' title='bbox 785 4855 1192 4926; x_wconf 83' lang='lat' dir='ltr'><strong>apprehendere</strong></span> <span class='ocrx_word' id='word_1_704' title='bbox 1227 4856 1389 4910; x_wconf 87' lang='lat' dir='ltr'><strong>vitam</strong></span> <span class='ocrx_word' id='word_1_705' title='bbox 1431 4863 1712 4922; x_wconf 73' lang='lat' dir='ltr'><strong>aeternam,</strong></span> <span class='ocrx_word' id='word_1_706' title='bbox 1737 4864 1792 4910; x_wconf 91' lang='lat' dir='ltr'><strong>et</strong></span> <span class='ocrx_word' id='word_1_707' title='bbox 1824 4870 2021 4926; x_wconf 83' lang='lat' dir='ltr'><strong>prapo-</strong></span> 
     </span>
    </p>
   </div>
   <div class='ocr_carea' id='block_1_89' title="bbox 447 4947 2024 5017">
    <p class='ocr_par' dir='ltr' id='par_1_89' title="bbox 447 4947 2024 5017">
     <span class='ocr_line' id='line_1_89' title="bbox 447 4947 2024 5017; baseline -0.001 -14"><span class='ocrx_word' id='word_1_708' title='bbox 447 4948 556 5003; x_wconf 85' lang='lat' dir='ltr'><strong>sita</strong></span> <span class='ocrx_word' id='word_1_709' title='bbox 589 4955 738 5004; x_wconf 86' lang='lat' dir='ltr'><strong>esset</strong></span> <span class='ocrx_word' id='word_1_710' title='bbox 760 4947 1170 5017; x_wconf 85' lang='lat' dir='ltr'><strong>apprehendere</strong></span> <span class='ocrx_word' id='word_1_711' title='bbox 1188 4947 1494 5002; x_wconf 87' lang='lat' dir='ltr'><strong>volentibus</strong></span> <span class='ocrx_word' id='word_1_712' title='bbox 1517 4960 1748 5016; x_wconf 86' lang='lat' dir='ltr'><strong>superna</strong></span> <span class='ocrx_word' id='word_1_713' title='bbox 1777 4947 2024 5016; x_wconf 87' lang='lat' dir='ltr'><strong>benigni-</strong></span> 
     </span>
    </p>
   </div>
   <div class='ocr_carea' id='block_1_90' title="bbox 2127 4394 3706 4474">
    <p class='ocr_par' dir='ltr' id='par_1_90' title="bbox 2127 4394 3706 4474">
     <span class='ocr_line' id='line_1_90' title="bbox 2127 4394 3706 4474; baseline 0.004 -28"><span class='ocrx_word' id='word_1_714' title='bbox 2127 4394 2480 4460; x_wconf 78' lang='grc' dir='ltr'>δωλολατρεῖν</span> <span class='ocrx_word' id='word_1_715' title='bbox 2511 4394 2834 4465; x_wconf 80' lang='grc' dir='ltr'>ἑλομένους,</span> <span class='ocrx_word' id='word_1_716' title='bbox 2870 4397 3191 4467; x_wconf 85' lang='grc' dir='ltr'>καταδηλοῖ,</span> <span class='ocrx_word' id='word_1_717' title='bbox 3248 4394 3330 4462; x_wconf 72' lang='grc' dir='ltr'>οἷς</span> <span class='ocrx_word' id='word_1_718' title='bbox 3363 4399 3515 4454; x_wconf 79' lang='grc' dir='ltr'>ἔσται</span> <span class='ocrx_word' id='word_1_719' title='bbox 3561 4402 3706 4474; x_wconf 83' lang='grc' dir='ltr'>δεινὴ</span> 
     </span>
    </p>
   </div>
   <div class='ocr_carea' id='block_1_91' title="bbox 2129 4486 3706 4568">
    <p class='ocr_par' dir='ltr' id='par_1_91' title="bbox 2129 4486 3706 4568">
     <span class='ocr_line' id='line_1_91' title="bbox 2129 4486 3706 4568; baseline 0.009 -31"><span class='ocrx_word' id='word_1_720' title='bbox 2129 4488 2223 4538; x_wconf 72' lang='grc' dir='ltr'><strong>καὶ</strong></span> <span class='ocrx_word' id='word_1_721' title='bbox 2265 4486 2593 4555; x_wconf 86' lang='grc' dir='ltr'>ἀδιάφυκτος</span> <span class='ocrx_word' id='word_1_722' title='bbox 2633 4487 2756 4559; x_wconf 88' lang='grc' dir='ltr'>δίκη</span> <span class='ocrx_word' id='word_1_723' title='bbox 2779 4529 2794 4555; x_wconf 88' lang='grc'><strong>,</strong></span> <span class='ocrx_word' id='word_1_724' title='bbox 2841 4489 2938 4542; x_wconf 61' lang='grc' dir='ltr'><strong>καὶ⁹</strong></span> <span class='ocrx_word' id='word_1_725' title='bbox 2977 4490 3197 4562; x_wconf 85' lang='grc' dir='ltr'>ὀλέθρου</span> <span class='ocrx_word' id='word_1_726' title='bbox 3228 4492 3484 4564; x_wconf 80' lang='grc' dir='ltr'>πρόξενος</span> <span class='ocrx_word' id='word_1_727' title='bbox 3523 4495 3583 4548; x_wconf 86' lang='grc' dir='ltr'><strong>τὸ</strong></span> <span class='ocrx_word' id='word_1_728' title='bbox 3634 4497 3706 4568; x_wconf 75' lang='grc' dir='ltr'>μὴ</span> 
     </span>
    </p>
   </div>
   <div class='ocr_carea' id='block_1_92' title="bbox 2129 4577 3707 4658">
    <p class='ocr_par' dir='ltr' id='par_1_92' title="bbox 2129 4577 3707 4658">
     <span class='ocr_line' id='line_1_92' title="bbox 2129 4577 3707 4658; baseline 0.007 -29"><span class='ocrx_word' id='word_1_729' title='bbox 2129 4577 2344 4630; x_wconf 84' lang='grc' dir='ltr'>ἑλέσθαι</span> <span class='ocrx_word' id='word_1_730' title='bbox 2387 4580 2554 4650; x_wconf 81' lang='grc' dir='ltr'>τιμᾷν</span> <span class='ocrx_word' id='word_1_731' title='bbox 2598 4580 2698 4651; x_wconf 83' lang='grc' dir='ltr'>τῆς</span> <span class='ocrx_word' id='word_1_732' title='bbox 2743 4580 2831 4634; x_wconf 85' lang='grc' dir='ltr'><strong>διὰ</strong></span> <span class='ocrx_word' id='word_1_733' title='bbox 2879 4580 2974 4634; x_wconf 89' lang='grc' dir='ltr'><strong>τοῦ</strong></span> <span class='ocrx_word' id='word_1_734' title='bbox 3017 4582 3251 4654; x_wconf 89' lang='grc' dir='ltr'>Χριστοῦ</span> <span class='ocrx_word' id='word_1_735' title='bbox 3299 4586 3570 4658; x_wconf 88' lang='grc' dir='ltr'>σωτηρίας</span> <span class='ocrx_word' id='word_1_736' title='bbox 3609 4588 3707 4657; x_wconf 84' lang='grc' dir='ltr'><strong>τὴν</strong></span> 
     </span>
    </p>
   </div>
   <div class='ocr_carea' id='block_1_93' title="bbox 2129 4667 3707 4744">
    <p class='ocr_par' dir='ltr' id='par_1_93' title="bbox 2129 4667 3707 4744">
     <span class='ocr_line' id='line_1_93' title="bbox 2129 4667 3707 4744; baseline 0.006 -22"><span class='ocrx_word' id='word_1_737' title='bbox 2129 4667 2453 4738; x_wconf 83' lang='grc' dir='ltr'>ἀξιόληπτον</span> <span class='ocrx_word' id='word_1_738' title='bbox 2504 4670 2686 4741; x_wconf 85' lang='grc' dir='ltr'>χάριν.</span> <span class='ocrx_word' id='word_1_739' title='bbox 2739 4671 2919 4725; x_wconf 88' lang='grc' dir='ltr'>Μόνον</span> <span class='ocrx_word' id='word_1_740' title='bbox 2974 4673 3081 4744; x_wconf 84' lang='grc' dir='ltr'>γὰρ</span> <span class='ocrx_word' id='word_1_741' title='bbox 3128 4673 3247 4743; x_wconf 68' lang='grc' dir='ltr'>οὐχ).</span> <span class='ocrx_word' id='word_1_742' title='bbox 3298 4679 3553 4744; x_wconf 77' lang='grc' dir='ltr'>φονευταὶ</span> <span class='ocrx_word' id='word_1_743' title='bbox 3598 4678 3707 4731; x_wconf 88' lang='grc' dir='ltr'><strong>τῶν</strong></span> 
     </span>
    </p>
   </div>
   <div class='ocr_carea' id='block_1_94' title="bbox 2134 4759 3702 4840">
    <p class='ocr_par' dir='ltr' id='par_1_94' title="bbox 2134 4759 3702 4840">
     <span class='ocr_line' id='line_1_94' title="bbox 2134 4759 3702 4840; baseline 0.008 -28"><span class='ocrx_word' id='word_1_744' title='bbox 2134 4759 2276 4814; x_wconf 81' lang='grc' dir='ltr'>ἰδίων</span> <span class='ocrx_word' id='word_1_745' title='bbox 2308 4763 2588 4829; x_wconf 88' lang='grc' dir='ltr'>γεγονότες</span> <span class='ocrx_word' id='word_1_746' title='bbox 2607 4763 2794 4834; x_wconf 81' lang='grc' dir='ltr'>ψυχῶν</span> <span class='ocrx_word' id='word_1_747' title='bbox 2814 4764 2990 4818; x_wconf 81' lang='grc' dir='ltr'>ἁλοῖεν</span> <span class='ocrx_word' id='word_1_748' title='bbox 3016 4765 3106 4832; x_wconf 84' lang='grc' dir='ltr'>ἂν,</span> <span class='ocrx_word' id='word_1_749' title='bbox 3133 4767 3251 4819; x_wconf 76' lang='grc' dir='ltr'>εἷπε</span> <span class='ocrx_word' id='word_1_750' title='bbox 3259 4785 3292 4838; x_wconf 89' lang='grc' dir='ltr'><strong>ρ</strong></span> <span class='ocrx_word' id='word_1_751' title='bbox 3315 4768 3463 4821; x_wconf 79' lang='grc' dir='ltr'>ἐστὶν</span> <span class='ocrx_word' id='word_1_752' title='bbox 3486 4770 3702 4840; x_wconf 78' lang='grc' dir='ltr'>ἀληθὲς,</span> 
     </span>
    </p>
   </div>
   <div class='ocr_carea' id='block_1_95' title="bbox 2126 4853 3706 4931">
    <p class='ocr_par' dir='ltr' id='par_1_95' title="bbox 2126 4853 3706 4931">
     <span class='ocr_line' id='line_1_95' title="bbox 2126 4853 3706 4931; baseline 0.007 -26"><span class='ocrx_word' id='word_1_753' title='bbox 2126 4853 2204 4916; x_wconf 80' lang='grc' dir='ltr'>ὡς</span> <span class='ocrx_word' id='word_1_754' title='bbox 2229 4854 2585 4924; x_wconf 82' lang='grc' dir='ltr'>μετὺναύτοῖς</span> <span class='ocrx_word' id='word_1_755' title='bbox 2609 4855 3001 4930; x_wconf 72' lang='grc' dir='ltr'>ἐπιδράξασθαι</span> <span class='ocrx_word' id='word_1_756' title='bbox 3031 4859 3129 4930; x_wconf 82' lang='grc' dir='ltr'><strong>τῆς</strong></span> <span class='ocrx_word' id='word_1_757' title='bbox 3161 4860 3378 4912; x_wconf 89' lang='grc' dir='ltr'>αἰωνίου</span> <span class='ocrx_word' id='word_1_758' title='bbox 3410 4860 3580 4931; x_wconf 79' lang='grc' dir='ltr'>ζωῆς,</span> <span class='ocrx_word' id='word_1_759' title='bbox 3613 4866 3706 4916; x_wconf 70' lang='grc' dir='ltr'><strong>καὶ</strong></span> 
     </span>
    </p>
   </div>
   <div class='ocr_carea' id='block_1_96' title="bbox 2124 4945 3705 5023">
    <p class='ocr_par' dir='ltr' id='par_1_96' title="bbox 2124 4945 3705 5023">
     <span class='ocr_line' id='line_1_96' title="bbox 2124 4945 3705 5023; baseline 0.006 -25"><span class='ocrx_word' id='word_1_760' title='bbox 2124 4945 2519 5016; x_wconf 83' lang='grc' dir='ltr'>προκειμένους</span> <span class='ocrx_word' id='word_1_761' title='bbox 2575 4948 2657 5012; x_wconf 88' lang='grc' dir='ltr'><strong>εἰς</strong></span> <span class='ocrx_word' id='word_1_762' title='bbox 2709 4948 2926 5018; x_wconf 83' lang='grc' dir='ltr'>μέθεξιν</span> <span class='ocrx_word' id='word_1_763' title='bbox 2972 4953 3083 5012; x_wconf 88' lang='grc' dir='ltr'>τοῖς</span> <span class='ocrx_word' id='word_1_764' title='bbox 3134 4949 3273 5003; x_wconf 88' lang='grc' dir='ltr'>ἐλείν</span> <span class='ocrx_word' id='word_1_765' title='bbox 3315 4952 3559 5006; x_wconf 84' lang='grc' dir='ltr'>ἐθέλουσι</span> <span class='ocrx_word' id='word_1_766' title='bbox 3607 4955 3705 5023; x_wconf 73' lang='grc' dir='ltr'>τῆς</span> 
     </span>
    </p>
   </div>
   <div class='ocr_carea' id='block_1_97' title="bbox 447 5034 2030 5112">
    <p class='ocr_par' dir='ltr' id='par_1_97' title="bbox 447 5038 2026 5108">
     <span class='ocr_line' id='line_1_97' title="bbox 447 5038 2026 5108; baseline -0.002 -13"><span class='ocrx_word' id='word_1_767' title='bbox 447 5050 554 5107; x_wconf 91' lang='lat' dir='ltr'><strong>tas,</strong></span> <span class='ocrx_word' id='word_1_768' title='bbox 605 5047 660 5095; x_wconf 91' lang='lat' dir='ltr'><strong>et</strong></span> <span class='ocrx_word' id='word_1_769' title='bbox 729 5051 1031 5094; x_wconf 86' lang='lat' dir='ltr'><strong>exonerare</strong></span> <span class='ocrx_word' id='word_1_770' title='bbox 1095 5053 1155 5094; x_wconf 88' lang='lat' dir='ltr'><strong>se</strong></span> <span class='ocrx_word' id='word_1_771' title='bbox 1213 5038 1470 5108; x_wconf 88' lang='lat' dir='ltr'><strong>peccatis,</strong></span> <span class='ocrx_word' id='word_1_772' title='bbox 1522 5039 1636 5093; x_wconf 90' lang='lat' dir='ltr'><strong>suis</strong></span> <span class='ocrx_word' id='word_1_773' title='bbox 1688 5038 2026 5094; x_wconf 89' lang='lat' dir='ltr'><strong>indulserunt</strong></span> 
     </span>
    </p>
   </div>
   <div class='ocr_carea' id='block_1_98' title="bbox 2130 5034 3703 5112">
    <p class='ocr_par' dir='ltr' id='par_1_98' title="bbox 2130 5034 3703 5112">
     <span class='ocr_line' id='line_1_98' title="bbox 2130 5034 3703 5112; baseline 0.007 -24"><span class='ocrx_word' id='word_1_774' title='bbox 2130 5034 2328 5089; x_wconf 74' lang='grc' dir='ltr'>Ξνωθεν</span> <span class='ocrx_word' id='word_1_775' title='bbox 2356 5037 2713 5108; x_wconf 78' lang='grc' dir='ltr'>ἡμερότητος,</span> <span class='ocrx_word' id='word_1_776' title='bbox 2737 5040 2831 5092; x_wconf 76' lang='grc' dir='ltr'><strong>καὶ</strong></span> <span class='ocrx_word' id='word_1_777' title='bbox 2861 5039 2966 5111; x_wconf 88' lang='grc' dir='ltr'>μὴν</span> <span class='ocrx_word' id='word_1_778' title='bbox 2994 5040 3087 5093; x_wconf 71' lang='grc' dir='ltr'><strong>καὶ</strong></span> <span class='ocrx_word' id='word_1_779' title='bbox 3109 5041 3574 5112; x_wconf 83' lang='grc' dir='ltr'>ἀποφορτίσασθαι</span> <span class='ocrx_word' id='word_1_780' title='bbox 3605 5047 3703 5109; x_wconf 83' lang='grc' dir='ltr'><strong>τὰς</strong></span> 
     </span>
    </p>
   </div>
   <div class='ocr_carea' id='block_1_99' title="bbox 447 5128 2030 5202">
    <p class='ocr_par' dir='ltr' id='par_1_99' title="bbox 447 5130 2019 5202">
     <span class='ocr_line' id='line_1_99' title="bbox 447 5130 2019 5202; baseline 0 -16"><span class='ocrx_word' id='word_1_781' title='bbox 447 5131 742 5197; x_wconf 85' lang='lat' dir='ltr'><strong>erroribus,</strong></span> <span class='ocrx_word' id='word_1_782' title='bbox 787 5146 889 5185; x_wconf 91' lang='lat' dir='ltr'><strong>nec</strong></span> <span class='ocrx_word' id='word_1_783' title='bbox 920 5130 1187 5186; x_wconf 90' lang='lat' dir='ltr'><strong>maculam</strong></span> <span class='ocrx_word' id='word_1_784' title='bbox 1216 5131 1342 5187; x_wconf 89' lang='lat' dir='ltr'><strong>inde</strong></span> <span class='ocrx_word' id='word_1_785' title='bbox 1370 5140 1726 5197; x_wconf 89' lang='lat' dir='ltr'><strong>contractam,</strong></span> <span class='ocrx_word' id='word_1_786' title='bbox 1760 5147 1860 5188; x_wconf 90' lang='lat' dir='ltr'><strong>nec</strong></span> <span class='ocrx_word' id='word_1_787' title='bbox 1891 5147 2019 5202; x_wconf 87' lang='lat' dir='ltr'><strong>pec-</strong></span> 
     </span>
    </p>
   </div>
   <div class='ocr_carea' id='block_1_100' title="bbox 2130 5128 3703 5202">
    <p class='ocr_par' dir='ltr' id='par_1_100' title="bbox 2130 5128 3703 5202">
     <span class='ocr_line' id='line_1_100' title="bbox 2130 5128 3703 5202; baseline 0.006 -20"><span class='ocrx_word' id='word_1_788' title='bbox 2130 5128 2428 5200; x_wconf 81' lang='grc' dir='ltr'>ἀμαρτίας,</span> <span class='ocrx_word' id='word_1_789' title='bbox 2487 5133 2608 5194; x_wconf 87' lang='grc' dir='ltr'>ταῖς</span> <span class='ocrx_word' id='word_1_790' title='bbox 2664 5131 2871 5184; x_wconf 77' lang='grc' dir='ltr'>ἑαυτῶν</span> <span class='ocrx_word' id='word_1_791' title='bbox 2904 5133 3238 5188; x_wconf 89' lang='grc' dir='ltr'>ἐντεθείκασι</span> <span class='ocrx_word' id='word_1_792' title='bbox 3293 5136 3558 5202; x_wconf 84' lang='grc' dir='ltr'>πλάναις,</span> <span class='ocrx_word' id='word_1_793' title='bbox 3609 5140 3703 5192; x_wconf 80' lang='grc' dir='ltr'><strong>καὶ</strong></span> 
     </span>
    </p>
   </div>
   <div class='ocr_carea' id='block_1_101' title="bbox 445 5222 2030 5302">
    <p class='ocr_par' dir='ltr' id='par_1_101' title="bbox 445 5223 2020 5294">
     <span class='ocr_line' id='line_1_101' title="bbox 445 5223 2020 5294; baseline -0.001 -14"><span class='ocrx_word' id='word_1_794' title='bbox 445 5224 556 5280; x_wconf 87' lang='lat' dir='ltr'><strong>cati</strong></span> <span class='ocrx_word' id='word_1_795' title='bbox 591 5223 1058 5294; x_wconf 88' lang='lat' dir='ltr'><strong>inquinamentum</strong></span> <span class='ocrx_word' id='word_1_796' title='bbox 1091 5223 1339 5278; x_wconf 90' lang='lat' dir='ltr'><strong>eluerunt</strong></span> <span class='ocrx_word' id='word_1_797' title='bbox 1365 5242 1376 5277; x_wconf 90' lang='lat'><strong>:</strong></span> <span class='ocrx_word' id='word_1_798' title='bbox 1409 5227 1506 5280; x_wconf 89' lang='lat' dir='ltr'><strong>sed</strong></span> <span class='ocrx_word' id='word_1_799' title='bbox 1535 5223 1589 5278; x_wconf 93' lang='lat' dir='ltr'><strong>in</strong></span> <span class='ocrx_word' id='word_1_800' title='bbox 1621 5239 1809 5280; x_wconf 87' lang='lat' dir='ltr'><strong>errore</strong></span> <span class='ocrx_word' id='word_1_801' title='bbox 1838 5240 2020 5294; x_wconf 89' lang='lat' dir='ltr'><strong>persc-</strong></span> 
     </span>
    </p>
   </div>
   <div class='ocr_carea' id='block_1_102' title="bbox 2130 5222 3701 5302">
    <p class='ocr_par' dir='ltr' id='par_1_102' title="bbox 2130 5222 3701 5302">
     <span class='ocr_line' id='line_1_102' title="bbox 2130 5222 3701 5302; baseline 0.004 -26"><span class='ocrx_word' id='word_1_802' title='bbox 2130 5222 2489 5276; x_wconf 75' lang='grc' dir='ltr'>ἀναπόνιπτον</span> <span class='ocrx_word' id='word_1_803' title='bbox 2509 5225 2773 5294; x_wconf 80' lang='grc' dir='ltr'>ἐσχήκασι</span> <span class='ocrx_word' id='word_1_804' title='bbox 2803 5224 2901 5293; x_wconf 84' lang='grc' dir='ltr'>τὴν</span> <span class='ocrx_word' id='word_1_805' title='bbox 2918 5225 2982 5277; x_wconf 80' lang='grc' dir='ltr'><strong>ἐκ</strong></span> <span class='ocrx_word' id='word_1_806' title='bbox 3001 5225 3094 5278; x_wconf 87' lang='grc' dir='ltr'><strong>τοῦ</strong></span> <span class='ocrx_word' id='word_1_807' title='bbox 3125 5225 3429 5282; x_wconf 81' lang='grc' dir='ltr'>πλανᾶσθαι</span> <span class='ocrx_word' id='word_1_808' title='bbox 3459 5227 3701 5302; x_wconf 81' lang='grc' dir='ltr'>κ[η]λίδα</span> 
     </span>
    </p>
   </div>
   <div class='ocr_carea' id='block_1_103' title="bbox 448 5316 2030 5389">
    <p class='ocr_par' dir='ltr' id='par_1_103' title="bbox 448 5316 2021 5385">
     <span class='ocr_line' id='line_1_103' title="bbox 448 5316 2021 5385; baseline -0.001 -16"><span class='ocrx_word' id='word_1_809' title='bbox 448 5324 732 5382; x_wconf 83' lang='lat' dir='ltr'><strong>verarunt,</strong></span> <span class='ocrx_word' id='word_1_810' title='bbox 793 5316 1044 5385; x_wconf 83' lang='lat' dir='ltr'><strong>quamvis</strong></span> <span class='ocrx_word' id='word_1_811' title='bbox 1087 5316 1330 5370; x_wconf 89' lang='lat' dir='ltr'><strong>divinum</strong></span> <span class='ocrx_word' id='word_1_812' title='bbox 1382 5316 1564 5371; x_wconf 88' lang='lat' dir='ltr'><strong>lumen</strong></span> <span class='ocrx_word' id='word_1_813' title='bbox 1616 5316 1800 5372; x_wconf 91' lang='lat' dir='ltr'><strong>omnia</strong></span> <span class='ocrx_word' id='word_1_814' title='bbox 1854 5316 2021 5371; x_wconf 79' lang='lat' dir='ltr'><strong>collu-</strong></span> 
     </span>
    </p>
   </div>
   <div class='ocr_carea' id='block_1_104' title="bbox 2130 5316 3698 5389">
    <p class='ocr_par' dir='ltr' id='par_1_104' title="bbox 2130 5316 3698 5389">
     <span class='ocr_line' id='line_1_104' title="bbox 2130 5316 3698 5389; baseline 0.003 -19"><span class='ocrx_word' id='word_1_815' title='bbox 2130 5318 2217 5370; x_wconf 81' lang='grc' dir='ltr'><strong>καὶ</strong></span> <span class='ocrx_word' id='word_1_816' title='bbox 2242 5317 2343 5387; x_wconf 81' lang='grc' dir='ltr'>τῆς</span> <span class='ocrx_word' id='word_1_817' title='bbox 2369 5316 2745 5389; x_wconf 86' lang='grc' dir='ltr'>πλημμελείας</span> <span class='ocrx_word' id='word_1_818' title='bbox 2767 5317 2858 5370; x_wconf 83' lang='grc' dir='ltr'><strong>τὸν</strong></span> <span class='ocrx_word' id='word_1_819' title='bbox 2891 5317 3184 5389; x_wconf 87' lang='grc' dir='ltr'>μολυσμὸν,</span> <span class='ocrx_word' id='word_1_820' title='bbox 3213 5319 3612 5375; x_wconf 86' lang='grc' dir='ltr'>διατετελέκασί</span> <span class='ocrx_word' id='word_1_821' title='bbox 3642 5340 3698 5375; x_wconf 81' lang='grc' dir='ltr'><strong>τε</strong></span> 
     </span>
    </p>
   </div>
   <div class='ocr_carea' id='block_1_105' title="bbox 447 5406 2030 5480">
    <p class='ocr_par' dir='ltr' id='par_1_105' title="bbox 447 5406 2018 5479">
     <span class='ocr_line' id='line_1_105' title="bbox 447 5406 2018 5479; baseline 0.001 -18"><span class='ocrx_word' id='word_1_822' title='bbox 447 5415 669 5475; x_wconf 85' lang='lat' dir='ltr'><strong>straret,</strong></span> <span class='ocrx_word' id='word_1_823' title='bbox 713 5416 768 5464; x_wconf 91' lang='lat' dir='ltr'><strong>et</strong></span> <span class='ocrx_word' id='word_1_824' title='bbox 801 5407 857 5461; x_wconf 89' lang='lat' dir='ltr'><strong>in</strong></span> <span class='ocrx_word' id='word_1_825' title='bbox 898 5406 1130 5478; x_wconf 82' lang='lat' dir='ltr'><strong>caligine</strong></span> <span class='ocrx_word' id='word_1_826' title='bbox 1172 5417 1335 5477; x_wconf 87' lang='lat' dir='ltr'><strong>atque</strong></span> <span class='ocrx_word' id='word_1_827' title='bbox 1379 5408 1620 5463; x_wconf 87' lang='lat' dir='ltr'><strong>tenebris</strong></span> <span class='ocrx_word' id='word_1_828' title='bbox 1658 5408 1915 5479; x_wconf 88' lang='lat' dir='ltr'><strong>degentes</strong></span> <span class='ocrx_word' id='word_1_829' title='bbox 1950 5407 2018 5462; x_wconf 84' lang='lat' dir='ltr'><strong>ad</strong></span> 
     </span>
    </p>
   </div>
   <div class='ocr_carea' id='block_1_106' title="bbox 2130 5406 3698 5480">
    <p class='ocr_par' dir='ltr' id='par_1_106' title="bbox 2130 5407 3698 5480">
     <span class='ocr_line' id='line_1_106' title="bbox 2130 5407 3698 5480; baseline 0.003 -18"><span class='ocrx_word' id='word_1_830' title='bbox 2130 5409 2219 5463; x_wconf 79' lang='grc' dir='ltr'><strong>καὶ</strong></span> <span class='ocrx_word' id='word_1_831' title='bbox 2259 5411 2316 5462; x_wconf 89' lang='grc' dir='ltr'>ἐν</span> <span class='ocrx_word' id='word_1_832' title='bbox 2357 5407 2563 5480; x_wconf 79' lang='grc' dir='ltr'>πλάνῃ·</span> <span class='ocrx_word' id='word_1_833' title='bbox 2616 5407 2790 5460; x_wconf 89' lang='grc' dir='ltr'>καίτοι</span> <span class='ocrx_word' id='word_1_834' title='bbox 2836 5407 2929 5461; x_wconf 86' lang='grc' dir='ltr'><strong>τοῦ</strong></span> <span class='ocrx_word' id='word_1_835' title='bbox 2982 5407 3127 5462; x_wconf 89' lang='grc' dir='ltr'>θείου</span> <span class='ocrx_word' id='word_1_836' title='bbox 3180 5410 3358 5479; x_wconf 75' lang='grc' dir='ltr'>φωτδς</span> <span class='ocrx_word' id='word_1_837' title='bbox 3398 5412 3467 5466; x_wconf 81' lang='grc' dir='ltr'><strong>τά</strong></span> <span class='ocrx_word' id='word_1_838' title='bbox 3523 5414 3698 5467; x_wconf 84' lang='grc' dir='ltr'>πάντα</span> 
     </span>
    </p>
   </div>
   <div class='ocr_carea' id='block_1_107' title="bbox 447 5498 2030 5572">
    <p class='ocr_par' dir='ltr' id='par_1_107' title="bbox 447 5498 2018 5572">
     <span class='ocr_line' id='line_1_107' title="bbox 447 5498 2018 5572; baseline 0.004 -21"><span class='ocrx_word' id='word_1_839' title='bbox 447 5498 810 5569; x_wconf 78' lang='lat' dir='ltr'><strong>aspiCiendum</strong></span> <span class='ocrx_word' id='word_1_840' title='bbox 837 5501 1171 5556; x_wconf 88' lang='lat' dir='ltr'><strong>hortaretur.</strong></span> <span class='ocrx_word' id='word_1_841' title='bbox 1219 5501 1291 5555; x_wconf 88' lang='lat' dir='ltr'><strong>De</strong></span> <span class='ocrx_word' id='word_1_842' title='bbox 1320 5501 1548 5572; x_wconf 86' lang='lat' dir='ltr'><strong>singulis</strong></span> <span class='ocrx_word' id='word_1_843' title='bbox 1579 5501 1770 5558; x_wconf 92' lang='lat' dir='ltr'><strong>horum</strong></span> <span class='ocrx_word' id='word_1_844' title='bbox 1804 5515 2018 5571; x_wconf 88' lang='lat' dir='ltr'><strong>quoque</strong></span> 
     </span>
    </p>
   </div>
   <div class='ocr_carea' id='block_1_108' title="bbox 2130 5498 3696 5572">
    <p class='ocr_par' dir='ltr' id='par_1_108' title="bbox 2130 5498 3696 5572">
     <span class='ocr_line' id='line_1_108' title="bbox 2130 5498 3696 5572; baseline 0.003 -20"><span class='ocrx_word' id='word_1_845' title='bbox 2130 5501 2673 5571; x_wconf 83' lang='grc' dir='ltr'>περιαστράπτοντος,</span> <span class='ocrx_word' id='word_1_846' title='bbox 2700 5500 2794 5552; x_wconf 79' lang='grc' dir='ltr'>καὶ</span> <span class='ocrx_word' id='word_1_847' title='bbox 2824 5498 3110 5564; x_wconf 88' lang='grc' dir='ltr'>καλοῦντος</span> <span class='ocrx_word' id='word_1_848' title='bbox 3140 5503 3219 5565; x_wconf 87' lang='grc' dir='ltr'><strong>εἰς</strong></span> <span class='ocrx_word' id='word_1_849' title='bbox 3255 5503 3548 5572; x_wconf 68' lang='grc' dir='ltr'>ἀνὰὁλεψιν</span> <span class='ocrx_word' id='word_1_850' title='bbox 3573 5504 3696 5566; x_wconf 77' lang='grc' dir='ltr'>τοὺς</span> 
     </span>
    </p>
   </div>
   <div class='ocr_carea' id='block_1_109' title="bbox 446 5693 3692 5834">
    <p class='ocr_par' dir='ltr' id='par_1_109' title="bbox 446 5693 3692 5834">
     <span class='ocr_line' id='line_1_109' title="bbox 446 5693 3692 5834; baseline 0.001 -77"><span class='ocrx_word' id='word_1_851' title='bbox 446 5693 900 5834; x_wconf 32' lang='grc' dir='ltr'><strong>ίέὶῐὰἓῖτῘὶ-Ιῗιὲἑιί</strong></span> <span class='ocrx_word' id='word_1_852' title='bbox 933 5699 1121 5757; x_wconf 68' lang='grc'><strong>39-43.</strong></span> <span class='ocrx_word' id='word_1_853' title='bbox 1173 5702 1192 5732; x_wconf 73' lang='grc'><strong>³</strong></span> <span class='ocrx_word' id='word_1_854' title='bbox 1219 5701 1396 5757; x_wconf 76' lang='lat' dir='ltr'><strong>Galat.</strong></span> <span class='ocrx_word' id='word_1_855' title='bbox 1420 5718 1494 5770; x_wconf 80' lang='grc' dir='ltr'><strong>ιν,</strong></span> <span class='ocrx_word' id='word_1_856' title='bbox 1523 5703 1610 5756; x_wconf 78' lang='lat'><strong>5|.</strong></span> <span class='ocrx_word' id='word_1_857' title='bbox 1670 5703 1689 5733; x_wconf 86' lang='lat'><strong>’</strong></span> <span class='ocrx_word' id='word_1_858' title='bbox 1713 5700 1870 5758; x_wconf 83' lang='lat' dir='ltr'><strong>Joan.</strong></span> <span class='ocrx_word' id='word_1_859' title='bbox 1902 5700 2084 5771; x_wconf 74' lang='lat' dir='ltr'><strong>st,25.</strong></span> <span class='ocrx_word' id='word_1_860' title='bbox 2149 5702 2190 5733; x_wconf 84' lang='lat'><strong>&#39;°</strong></span> <span class='ocrx_word' id='word_1_861' title='bbox 2214 5700 2233 5756; x_wconf 88' lang='lat' dir='ltr'><strong>l</strong></span> <span class='ocrx_word' id='word_1_862' title='bbox 2261 5701 2384 5759; x_wconf 91' lang='lat' dir='ltr'><strong>Cor.</strong></span> <span class='ocrx_word' id='word_1_863' title='bbox 2417 5717 2506 5767; x_wconf 81' lang='lat' dir='ltr'><strong>xv,</strong></span> <span class='ocrx_word' id='word_1_864' title='bbox 2531 5697 2619 5756; x_wconf 75' lang='lat'><strong>20.</strong></span> <span class='ocrx_word' id='word_1_865' title='bbox 2681 5700 2720 5732; x_wconf 94' lang='grc'>¹¹</span> <span class='ocrx_word' id='word_1_866' title='bbox 2748 5698 2892 5757; x_wconf 82' lang='lat' dir='ltr'><strong>Psal.</strong></span> <span class='ocrx_word' id='word_1_867' title='bbox 2929 5719 3091 5774; x_wconf 73' lang='lat' dir='ltr'><strong>xxxv,</strong></span> <span class='ocrx_word' id='word_1_868' title='bbox 3120 5707 3172 5764; x_wconf 91' lang='lat'><strong>9.</strong></span> <span class='ocrx_word' id='word_1_869' title='bbox 3233 5707 3273 5739; x_wconf 82' lang='lat'>&quot;</span> <span class='ocrx_word' id='word_1_870' title='bbox 3298 5706 3400 5766; x_wconf 87' lang='lat' dir='ltr'><strong>lsa.</strong></span> <span class='ocrx_word' id='word_1_871' title='bbox 3434 5708 3692 5776; x_wconf 72' lang='lat' dir='ltr'><strong>txvt,12.</strong></span> 
     </span>
    </p>
   </div>
  </div>
