4120 6376
399 381 508 435 269

1218 367 1772 430 COMMENTARIUS
1811 369 1878 428 IN
1919 373 2320 429 ZACHARIAM
2361 377 2802 435 PROPHETAM.

3549 396 3657 452 210

401 497 462 548 ἐν
486 493 648 566 άχλύῖ
689 493 783 548 καὶ
817 492 1016 547 σκότει.
1052 493 1224 565 Φαίην
1261 495 1305 546 δ’
1335 495 1402 548 ἂν
1435 494 1531 548 καὶ
1570 494 1702 565 περὶ
1747 493 1976 548 ἑκάστου

2079 494 2310 548 dixerim
2341 514 2355 547 :
2393 515 2412 546 ι
2443 495 2652 550 Bonum
2687 511 2851 566 super
2877 495 3027 555 illum
3052 501 3348 561 abortivus.
3381 507 3652 575 Quoniam

398 586 509 640 τῶν
545 584 836 639 τοιούτωνο
875 604 894 637 ι
934 585 1161 654 Ἀγαθὸν
1209 586 1350 659 ὑπὲρ
1390 586 1552 640 αὑτὸν
1589 587 1653 639 τὸ
1693 584 1971 656 ἐκτρωμα.

401 678 523 732 ’Ότι
554 677 614 730 ἐν
648 676 967 748 ματαιότητι
993 673 1151 748 ἦλθε,
1181 678 1276 731 καὶ
1323 679 1381 731 ἐν
1428 679 1607 731 σκότει
1649 679 1970 749 πορεύεται,

397 769 493 822 καὶ
529 770 588 822 ἐν
625 770 806 822 σκότει
842 768 1013 840 ὄνομα
1055 768 1220 822 αὑτοῦ
1261 767 1826 839 κατακαλυφθήσεται.
1854 787 1874 819 ι
1901 798 1972 808 ——

402 878 422 910 ‹
450 857 632 912 Καλὸν
657 857 767 930 γὰρ
799 857 948 930 αὺτῷ
973 859 1022 911 εἰ
1059 858 1134 930 μὴ
1164 856 1474 930 ἐγεν[ν]ήθη
1494 899 1509 922 ,
1536 878 1555 911 ι
1585 857 1727 912 κατὰ
1757 859 1855 929 τὴν
1878 857 1971 911 τοῦ

396 951 646 1021 Σωτῆρος
679 951 882 1023 φωνήν.
911 951 1034 1004 ’Ὁτι
1062 951 1120 1003 δὲ
1162 951 1225 1003 οὐ
1269 949 1408 1004 κατὰ
1441 951 1616 1022 μόνων
1659 949 1768 1004 τῶν
1804 951 1971 1018 Αἰγυ-

395 1040 569 1094 πτίων
595 1043 626 1094 ὀ
652 1041 830 1110 λόγος,
862 1039 983 1112 ἥξει
1023 1041 1080 1094 δὲ
1106 1041 1200 1094 καὶ
1226 1040 1369 1095 κατὰ
1399 1041 1616 1095 πάντων
1641 1041 1750 1094 τῶν
1777 1040 1967 1106 ἐθνῶν,

391 1134 432 1189 ἃ
471 1133 652 1205 πάντη
701 1150 763 1186 τε
809 1133 906 1187 καὶ
952 1132 1170 1197 πάντως
1225 1132 1650 1203 κολασθήσονται
1669 1171 1684 1194 ,
1733 1132 1835 1202 τῆς
1880 1131 1968 1184 διὰ

391 1225 631 1298 Χριστοῦ
680 1223 956 1296 σωτηρίας
997 1224 1363 1297 ήφειδηκότα,
1410 1226 1506 1279 καὶ
1553 1225 1652 1296 τὴν
1695 1226 1781 1278 ἐπ’
1820 1223 1968 1294 αὐτῷ

389 1319 700 1391 πανήγυριν
725 1319 790 1372 οὐ
823 1318 1176 1389 τετιμηκότα,
1204 1317 1556 1382 πιστῶσεται,
1586 1316 1759 1386 λέγων
1776 1330 1792 1348 ⁸

460 1411 622 1482 Αὕτη
653 1411 827 1467 ἐστίν
854 1412 894 1481 ἡ
928 1411 1182 1482 ἁμαρτία
1208 1410 1531 1480 Αἰγύπτου,
1574 1409 1672 1463 καί
1705 1410 1745 1478 ἡ
1777 1409 1965 1478 ἁμαρ-

389 1509 487 1561 τία
527 1506 770 1560 πάντων
809 1505 929 1559 τῶν
969 1503 1185 1569 ἐθνῶν,
1227 1504 1346 1556 ὅσα
1385 1503 1461 1557 ἂν
1483 1501 1570 1572 μὴ
1609 1501 1825 1570 ἀναϐῇ,
1857 1503 1965 1557 τοῦ

386 1598 667 1666 ἑορτάσαι
698 1597 813 1668 τὴν
841 1595 1058 1666 ἑορτὴν
1084 1595 1197 1666 τῆς
1223 1594 1659 1664 Σκηνοπηγίας.

456 1690 602 1744 Pll".
643 1689 759 1761 Πρὸ
801 1689 902 1762 μὲν
936 1688 1046 1760 γὰρ
1087 1688 1189 1760 τῆς
1225 1685 1320 1739 τοῦ
1370 1685 1625 1756 Σωτῆρος
1668 1685 1964 1756 ἐπιδημίας

385 1783 526 1855 τάχα
547 1802 666 1848 πως
692 1779 761 1855 ἦν
783 1783 864 1838 ἐτι
891 1783 986 1838 καὶ
1008 1783 1117 1838 ἀπὸ
1144 1782 1343 1854 μέρους
1367 1781 1641 1852 εὔμορφος
1668 1781 1774 1835 τῶν
1795 1780 1963 1835 ἐθνῶν

2074 585 2129 638 in
2167 586 2408 640 vanitate
2443 588 2612 653 venit,
2644 597 2698 642 et
2726 588 2780 642 in
2815 591 3055 648 tenebris
3083 597 3280 666 pergit,
3315 611 3370 654 et
3399 600 3456 655 in
3502 612 3654 660 tene.

2073 675 2190 732 bris
2215 693 2414 734 nomen
2443 678 2564 748 ejus
2589 681 2868 750 operietur
2893 684 2957 739 ιδ.
2989 705 3008 738 ι
3040 717 3108 726 -—
3143 707 3161 740 ‹
3189 689 3397 746 Bonum
3423 696 3569 750 enim
3600 696 3653 752 ei

2071 769 2119 824 si
2153 767 2332 840 {natus
2381 787 2487 827 non
2525 772 2737 839 fuisset,
2777 794 2799 828 ι
2825 775 2980 846 juxta
3017 794 3202 835 vocem
3259 781 3559 843 Salvatoris
3585 791 3652 846 ¹⁸.

2071 859 2189 918 Non
2242 865 2310 918 de
2353 863 2482 919 solis
2534 871 2716 922 autem
2773 867 3045 940 Egyptiis
3092 872 3198 928 hoc
3245 875 3492 945 dictum,
3557 883 3654 936 sed

2070 953 2325 1010 omnibus
2371 955 2624 1025 gentibus
2672 956 2950 1026 futurum,
3000 977 3120 1032 qua:
3159 966 3230 1020 ob
3276 979 3648 1041 contemptum

2071 1043 2264 1101 salutis
2319 1060 2416 1114 per
2469 1044 2749 1103 Christum
2807 1053 3153 1111 severissime
3207 1060 3540 1129 punientur,
3594 1071 3652 1118 et

2068 1135 2443 1194 celebritatem
2478 1139 2595 1210 ejus
2635 1157 2741 1197 non
2786 1143 3147 1214 honorarunt,
3181 1151 3526 1220 testificatur,
3567 1154 3650 1210 di-

2068 1243 2199 1285 cens
2222 1247 2238 1282 :

2140 1401 2303 1458 νεεδ.
2339 1403 2429 1458 19.
2477 1403 2592 1458 Hoc
2619 1407 2717 1461 erit
2744 1421 3014 1477 peccatum
3042 1412 3288 1486 Egypti,
3323 1425 3373 1470 et
3406 1417 3505 1471 hoc
3526 1435 3649 1486 pec—

2066 1507 2239 1551 catum
2274 1500 2508 1553 omnium
2535 1500 2793 1570 gentium,
2824 1518 3146 1574 quaecunque
3176 1523 3281 1560 non
3315 1509 3646 1564 ostenderint

2064 1589 2330 1645 celebrare
2355 1590 2692 1660 festivitatem
2730 1592 3086 1663 Scenopegiaz.

2135 1677 2318 1736 CXIII.
2371 1682 2514 1737 Ante
2567 1682 2865 1740 Salvatoris
2919 1686 3061 1740 enim
3117 1688 3453 1756 adventum,
3509 1693 3647 1750 forte

2063 1771 2241 1827 adhuc
2289 1788 2356 1827 ex
2395 1784 2550 1843 parte
2590 1777 2835 1845 speciosa
2885 1786 3004 1831 erat
3049 1781 3292 1849 gentium
3337 1787 3641 1850 excusatio,

386 1873 423 1944 ἡ
459 1845 836 1946 παραίτησις,
878 1872 1009 1944 παρ’
1063 1845 1275 1935 οὐδενδς
1325 1845 1624 1940 κεκλῆσθαι
1660 1869 1959 1938 λεγόντων·

2068 1861 2359 1918 dicentium
2398 1881 2458 1919 se
2497 1881 2529 1919 a
2577 1867 2794 1921 nemine
2824 1878 3044 1924 vocatas
3077 1886 3091 1923 :
3129 1886 3289 1928 nemo
3339 1876 3485 1930 enim
3537 1877 3644 1932 illis

383 1964 671 2037 διεκήρυξε
706 1965 814 2038 γὰρ
838 1965 1020 2028 αὐτοῖς
1052 1964 1246 2028 οὐδείς.
1273 1965 1564 2037 Τοιγάρτοι
1595 1965 1690 2019 καὶ⁴
1715 1967 1744 2018 6
1774 1966 1961 2036 Σωτὴρ

384 2061 446 2114 ἐν
487 2057 874 2127 εὐαγγελιικαϊς
921 2058 1053 2129 ήμῖν
1088 2057 1428 2128 παραϐολαῖς
1475 2058 1607 2113 αὐτὸ
1653 2057 1815 2112 τοῦτο
1852 2059 1964 2112 δει-

384 2150 584 2218 κνύων,
625 2149 752 2212 τοὺς
784 2138 1021 2220 ἐργάτας
1064 2147 1168 2220 ἔφη
1207 2149 1333 2212 τοὺς
1374 2149 1504 2220 περὶ
1536 2148 1635 2220 τὴν
1673 2148 1964 2221 ἑνδεκάτην

383 2241 757 2313 κεκλημένους
791 2243 966 2296 εἰπεῖν
994 2240 1075 2307 τὸ,
1110 2262 1128 2293 ‹
1157 2241 1347 2305 Οὐδεὶς
1372 2243 1521 2313 ἡμᾶς
1549 2242 1915 2313 ἐμισθώσατο.
1936 2263 1957 2295 ›

396 2334 614 2406 Ἐπειδὴ
655 2333 712 2388 δὲ
743 2333 930 2388 λοιπὸν
960 2334 1271 2406 ἐπέλαμψεν
1309 2337 1338 2388 6
1375 2335 1640 2405 Χριστὸς,
1684 2335 1842 2406 ἔδησε
1871 2336 1963 2390 τὸν

384 2427 626 2498 ἰσχυρὸν,
663 2425 894 2494 ἐξείλετο
939 2428 1038 2498 τῆς
1068 2429 1277 2482 ἐκείνου
1317 2428 1648 2501 δυστροπίας
1696 2431 1825 2494 τοὺς
1869 2430 1962 2483 ὑπ’

382 2515 532 2588 αὑτῷ
567 2515 874 2589 κειμένους,
902 2517 1223 2572 δεδικαίωκε
1256 2521 1322 2589 τῇ
1357 2519 1536 2572 πίστει
1562 2521 1690 2584 τοὺς
1720 2522 1966 2592 προσιόν-

380 2624 482 2673 τας
509 2607 681 2680 αὒτῷ,
706 2608 921 2663 τέθεικε
948 2608 1046 2680 τὴν
1073 2609 1268 2664 ἐαυτοῦ
1296 2611 1475 2683 ψυχὴν
1504 2613 1643 2682 ὑπὲρ
1667 2613 1766 2682 τῆς
1790 2615 1965 2668 ἀπάν-

381 2712 493 2750 των
540 2695 707 2768 ξωῆςο
752 2697 942 2752 οὐδένα
973 2698 1158 2754 λοιπὸν
1191 2700 1558 2771 ἀποχρώντως
1594 2702 1729 2772 πρὸς
1765 2703 1965 2774 παραί-

380 2804 539 2859 τησιν
567 2789 864 2860 εὑρήσουσι
896 2789 1074 2859 λόγον,
1098 2792 1148 2844 οἱ
1176 2791 1276 2863 τὴν
1299 2791 1442 2846 οὕτω
1473 2794 1676 2864 σεπτήν
1700 2795 1760 2848 οὐ
1797 2813 1965 2866 προσι-

382 2880 649 2953 ηκάμενοι
676 2882 857 2953 χάριν.
895 2883 1174 2954 Ἀληθεύει
1199 2884 1264 2955 δὴ
1282 2881 1396 2950 οὖν,
1429 2885 1669 2959 καὶπερὶ
1701 2887 1882 2941 αὐτῶν
1913 2891 1963 2942 εί

382 2973 531 3042 λέγοι
556 2973 668 3027 τῶν
697 2973 866 3028 ἐθνῶν
889 2977 919 3029 ό
949 2975 1183 3046 Χριστός
1213 2993 1226 3006 ·
1261 2995 1280 3028 ‹
1313 2977 1374 3030 Εἰ
1408 2977 1484 3048 μὴ
1516 2973 1680 3048 ἦλθον
1717 2980 1812 3034 καὶ
1845 2980 1965 3034 ἐλά-

381 3064 522 3137 λησα
566 3066 767 3132 αὐτοῖς,
809 3067 1086 3140 ἁμαρτίαν
1116 3068 1216 3121 οὐκ
1244 3062 1420 3140 εἶχον·
1456 3068 1552 3124 νῦν
1591 3070 1648 3124 δὲ
1689 3071 1962 3143 πρόφασιν

380 3159 480 3212 οὐκ
513 3159 696 3231 ἔχουσι
733 3161 862 3232 περὶ
892 3160 991 3231 τῆς
1019 3159 1298 3232 ἁμαρτίας
1326 3161 1527 3218 αὐτῶν,
1548 3182 1568 3214 ι

2066 1955 2407 2024 pnedicarat.
2442 1955 2623 2024 Quare
2648 1967 2705 2012 et
2745 1957 2996 2014 Salvator
3024 1962 3078 2016 in
3114 1964 3387 2032 parabolis
3417 1982 3644 2040 evange-

2063 2044 2186 2101 Iicis
2236 2046 2341 2103 hoc
2387 2048 2564 2118 ipsum
2601 2048 2758 2104 nobis
2811 2051 3128 2118 ostendens,
3180 2059 3460 2124 Operarios
3495 2061 3640 2116 circa

2065 2138 2413 2194 undecimam
2458 2140 2651 2195 horam
2687 2152 2909 2198 vocatos
2950 2144 3117 2214 812
3143 2146 3350 2204 dixisse
3381 2150 3480 2216 ait,
3514 2154 3638 2221 quia

2071 2249 2092 2282 ι
2119 2230 2293 2287 Nemo
2325 2246 2424 2287 nos
2453 2233 2800 2288 conduxit“.
2828 2254 2847 2286 ι
2869 2235 3164 2307 Postquam
3185 2248 3365 2296 autem
3390 2241 3642 2299 Christus

2066 2323 2266 2389 illuxit,
2315 2326 2557 2398 alligavit
2600 2327 2799 2382 fortem
2825 2329 2890 2392 ¹⁷,
2950 2329 3097 2385 illius
3141 2335 3488 2402 perversitati
3541 2341 3643 2392 suh

2066 2417 2182 2485 ipso
2205 2419 2413 2488 positos
2446 2419 2670 2486 ademit,
2703 2419 2808 2474 ﬁde
2838 2421 2906 2474 ad
2934 2422 3113 2491 ipsum
3144 2426 3464 2483 accedentes
3482 2427 3644 2498 justi—

2065 2509 2267 2577 ficavit,
2319 2512 2557 2566 animam
2595 2528 2750 2568 suam
2793 2528 2890 2582 pro
2930 2516 3176 2570 omnium
3213 2518 3320 2573 vita
3350 2521 3530 2588 posuit
3555 2521 3598 2554 “-'
3630 2563 3641 2584 .

2063 2603 2268 2659 nullam
2299 2604 2369 2661 de
2410 2614 2609 2661 caetero
2649 2604 3006 2662 suIIicientem
3042 2611 3449 2669 excusationem
3494 2615 3644 2670 inve-

2063 2696 2238 2762 nient,
2276 2696 2370 2766 qui
2426 2705 2537 2751 tam
2577 2697 2945 2753 venerabilem
2986 2701 3216 2770 gratiam
3256 2717 3366 2757 non
3406 2704 3643 2760 admise-

2065 2797 2214 2843 runt.
2254 2787 2397 2844 Vera
2428 2789 2594 2859 igitur
2620 2788 2874 2846 Christus
2911 2793 3075 2847 etiam
3113 2793 3181 2848 de
3208 2797 3459 2865 gentibus
3495 2798 3644 2862 dice-

2063 2887 2188 2933 ret:
2231 2897 2250 2930 ι
2283 2879 2340 2935 Si
2392 2895 2500 2935 non
2552 2881 2844 2948 venissem,
2893 2893 2948 2938 et
2995 2884 3210 2940 locutus
3257 2887 3338 2942 eis
3395 2887 3641 2955 fuissem.

2063 2979 2342 3042 peccatum
2379 2988 2485 3027 non
2516 2971 2779 3028 haberent
2805 2990 2820 3028 :
2855 2989 2998 3029 nunc
3027 2985 3206 3032 autem
3236 2979 3640 3035 excusationem

2065 3078 2172 3118 non
2206 3063 2409 3118 habent
2439 3065 2504 3119 de
2535 3073 2760 3133 peccato
2789 3080 2889 3122 suo
2911 3067 2974 3121 ".
3009 3085 3029 3119 ι

464 3224 666 3322 Ἐγίντῇ
691 3224 881 3322 ἡμέρᾳ
909 3224 1114 3324 ἐκείκῃ
1140 3224 1312 3306 ἔσται
1343 3252 1410 3306 τὸ
1437 3254 1536 3308 ἐπὶ
1577 3254 1680 3308 τὸν
1711 3259 1964 3326 χαλινὸν

2139 3248 2302 3303 Vsns.
2335 3247 2426 3303 20.
2467 3247 2536 3303 In
2560 3249 2644 3303 die
2664 3250 2764 3304 illa
2797 3252 2921 3317 erit,
2954 3252 3092 3322 quod
3112 3269 3271 3324 super
3296 3254 3503 3324 {renum
3525 3259 3644 3327 equi

379 3342 487 3397 τοῦ
524 3343 714 3398 ἵππου
741 3343 912 3414 ἄτιον
935 3341 1014 3408 τῷ
1043 3343 1237 3412 Κυρίῳ
1260 3345 1714 3415 παντοκράτορι.

449 3434 593 3490 PIA'.
632 3435 720 3500 Ὠς
751 3435 952 3499 παντὸς
979 3435 1080 3507 ήδη
1106 3435 1343 3508 πολέμου
1371 3439 1842 3509 κατηυνασμένου,
1869 3441 1966 3494 καὶ

383 3526 566 3600 μάχης
611 3527 982 3601 ἀνῃρημένης,
1033 3528 1130 3581 καὶ
1167 3527 1549 3599 σεσοϐημένων
1594 3529 1826 3601 ἐχθρῶν,
1869 3533 1964 3585 καὶ

379 3619 620 3694 ἀλήκτου
651 3620 838 3676 λοιπὸν
879 3621 1102 3693 εἰρήνης
1129 3621 1230 3692 τὴν
1265 3620 1428 3689 ἁγίαν
1460 3623 1829 3694 στεφανούσης
1861 3623 1963 3676 πό-

380 3713 498 3779 λιν,
545 3714 792 3768 τουτέστι
853 3717 953 3786 τὴν
1015 3713 1374 3786 Ἐκκλησίαν,
1426 3716 1804 3788 άπρακτήσειν
1861 3718 1960 3788 ἤδη

379 3807 517 3879 φησὶ
545 3804 642 3861 τοῦ
671 3805 907 3878 πολέμου
950 3806 1019 3861 τὰ
1058 3807 1258 3878 σκεύη,
1299 3807 1520 3877 φάλαρά
1549 3826 1608 3862 τε
1640 3809 1734 3864 καὶ
1768 3809 1962 3880 ἐπιχά-

379 3896 519 3951 λινα.
568 3897 724 3960 Τίνος
771 3897 880 3968 γὰρ
915 3897 1052 3961 δλως
1095 3899 1125 3951 ό
1172 3897 1518 3971 ίπποκράτης
1563 3901 1805 3955 τοιούτου
1853 3901 1962 3966 ἕξει

379 3991 587 4063 χρείαν,
633 3990 942 4062 ἀριστεύειν
965 3989 1121 4055 εἰδὼς
1162 3991 1220 4044 ἐν
1254 3991 1436 4065 μάχῃ,
1462 3994 1510 4045 εί
1547 3993 1735 4064 μηδεὶς
1772 3993 1906 4058 ὅλως
1933 3998 1962 4049 6

377 4079 689 4149 ὀντεξάγων
719 4079 898 4146 ἐστίν;
940 4080 1150 4134 Οὐκοῦν
1181 4081 1332 4152 ἱερὰ,
1376 4082 1562 4151 φησιν,
1605 4081 1757 4135 ἔσται
1792 4082 1959 4154 σκεύη

377 4171 472 4223 καὶ
508 4170 837 4242 ἀναθήματα
869 4169 948 4241 τῷ
975 4170 1118 4241 Θεῷ,
1159 4170 1228 4223 τὰ
1274 4175 1385 4235 τοῖς
1431 4171 1526 4225 τοῦ
1555 4171 1790 4242 πολέμου
1827 4174 1963 4245 χρή-

379 4280 534 4335 σιμα.
573 4261 788 4333 Ἐπειδὴ
817 4262 926 4333 γὰρ
948 4262 1110 4325 αὑτός
1140 4264 1256 4316 ἐστι
1290 4263 1388 4333 τῆς
1416 4264 1640 4335 εἰρήνης
1665 4266 1694 4317 ό
1728 4265 1961 4336 βραϐευ-

375 4354 496 4427 τὴς,
523 4353 673 4423 αὐτῷ
696 4353 762 4424 δὴ
786 4352 1009 4416 δικαίως
1035 4352 1129 4406 καὶ
1155 4354 1503 4407 άνακείσεται
1524 4355 1752 4424 περιττά
1777 4373 1835 4408 τε
1860 4354 1960 4426 ἤδη

376 4447 472 4501 καὶ.
495 4444 878 4518 ἀπρακτοῧντα
908 4444 1094 4498 λοιπὸν
1119 4443 1211 4497 τοῦ
1253 4445 1492 4516 πολέμου
1519 4445 1586 4500 τὰ
1616 4445 1806 4518 σκεύη.
1831 4447 1960 4499 Ὥσ-

2066 3349 2306 3394 sanctum
2339 3339 2562 3395 Domino
2593 3343 2958 3411 omnipotenti.

2135 3431 2322 3487 CXIV.
2368 3431 2436 3488 Ut
2473 3434 2620 3487 omni
2656 3432 2794 3488 bello
2816 3433 2928 3502 jam
2963 3436 3160 3505 sopito,
3211 3446 3266 3492 et
3296 3453 3475 3510 pugna
3516 3440 3645 3496 sub-

2065 3525 2201 3591 lata,
2244 3535 2300 3582 et
2335 3525 2586 3582 hostibus
2620 3529 2909 3596 repressis,
2951 3538 3008 3582 et
3041 3539 3298 3599 perpetua
3347 3547 3480 3600 pace
3513 3548 3642 3589 san-

2065 3630 2206 3676 ctam
2256 3619 2566 3683 civitatem,
2631 3619 2736 3674 hoc
2790 3627 2875 3674 est
2928 3620 3264 3688 Ecclesiam,
3315 3624 3640 3688 decoranle,

2063 3703 2234 3757 otiosa
2265 3702 2521 3771 deinceps
2563 3701 2680 3756 fore
2719 3703 2794 3758 ait
2829 3703 3194 3760 instrumenta
3222 3707 3437 3774 bellica,
3468 3711 3644 3776 phale-

2065 3811 2176 3860 ras,
2209 3804 2265 3851 et
2289 3794 2568 3849 frenorum
2606 3805 2883 3848 ornatum.
2919 3796 3054 3862 Quis
3083 3799 3228 3852 enim
3263 3801 3480 3855 tandem
3510 3819 3642 3856 usus

2063 3888 2258 3944 horum
2300 3887 2469 3957 equiti
2505 3887 2558 3941 in
2597 3887 2792 3956 proelio
2823 3887 3034 3943 fortiter
3068 3890 3330 3946 dimicare
3377 3904 3555 3961 sueto,
3597 3900 3640 3949 si

2062 3979 2241 4034 nullus
2296 3978 2518 4034 omnino
2573 3979 2962 4033 adversarius?
3028 3978 3392 4042 Ouamobrem
3450 3997 3636 4042 sancta

2061 4079 2244 4136 erunt,
2295 4072 2490 4140 inquit,
2533 4072 2891 4126 instrumenta
2935 4079 2990 4125 et
3031 4073 3373 4129 anathemata
3414 4076 3522 4132 Deo
3570 4083 3637 4131 ad

2061 4164 2262 4220 bellum
2307 4163 2594 4234 requisita.
2633 4162 2896 4230 Quoniam
2926 4164 3070 4218 enim
3109 4165 3224 4235 ipse
3257 4167 3406 4235 pacis
3433 4177 3518 4223 est
3549 4185 3639 4221 ar-

2062 4258 2223 4322 biter,
2256 4256 2354 4326 ipsi
2387 4270 2604 4325 quoque
2645 4270 3042 4323 supervacanea
3073 4255 3209 4324 jam,
3241 4266 3298 4312 et
3339 4259 3406 4313 de
3443 4269 3641 4314 caetero

2060 4351 2236 4405 otiosa
2264 4348 2392 4404 belli
2428 4349 2790 4403 instrumenta
2816 4347 2940 4415 jure
2983 4349 3472 4405 consecrabuntur.
3505 4351 3638 4405 Nam

2061 4451 2122 4496 ut
2153 4444 2346 4497 beatus
2375 4441 2548 4496 Isaias
2603 4441 2671 4495 de
2724 4441 3045 4509 quibusdam
3077 4441 3212 4496 dixit
3249 4464 3259 4498 :
3294 4461 3314 4494 ι
3344 4442 3643 4500 Concident

375 4555 483 4610 περ
531 4536 642 4608 γὰρ
682 4538 712 4588 6
762 4535 1030 4607 μακάριος
1078 4537 1364 4606 προφήτης
1406 4537 1632 4600 Ἡσαΐας
1678 4536 1782 4608 ἔφη
1829 4537 1959 4608 περί

2064 4531 2270 4602 gladios
2294 4544 2422 4586 suos
2449 4529 2504 4584 in
2536 4537 2742 4596 aratra,
2775 4539 2832 4583 et
2859 4529 3076 4584 lanceas
3108 4544 3236 4584 suas
3277 4533 3331 4585 in
3364 4532 3551 4598 falces,
3586 4545 3642 4589 et

372 4595 557 4695 τινων,
603 4595 686 4681 ότι
735 4595 1135 4697 (ΙΣυγκόψουσί
1177 4595 1278 4691 τάξ
1319 4595 1591 4701 μαχαίρας
1647 4595 1827 4685 αὐτῶν
1874 4595 1955 4696 είς

2064 4595 2171 4678 non
2211 4621 2362 4677 tollet
2391 4637 2522 4692 gens
2551 4595 2738 4677 contra
2773 4631 2986 4691 gentem
3019 4621 3276 4692 gladium,
3305 4633 3360 4678 et
3389 4641 3496 4680 non
3525 4629 3638 4682 dis-

369 4721 599 4792 άροτρα,
633 4719 728 4774 καὶ
753 4719 850 4783 τὰς
881 4718 1101 4784 ξιὸύνας
1129 4720 1307 4773 αὐτῶν
1337 4723 1416 4785 εἰς
1442 4721 1702 4793 δρέπανα,
1732 4724 1827 4776 καὶ
1853 4724 1954 4778 οὐκ

373 4810 482 4883 ἄρῃ
513 4811 661 4875 ἔθνος
691 4811 778 4864 ἐπ’
799 4810 983 4875 ἐθνους
1015 4810 1311 4883 μάχαιραν,
1331 4831 1350 4862 ι
1381 4813 1561 4867 καιού
1599 4815 1674 4886 μὴ
1708 4815 1953 4885 μάθωσιν

372 4903 454 4957 ἐτι
483 4903 761 4974 πολεμεῖν,
789 4902 897 4956 τῶν
923 4903 1024 4973 τῆς
1059 4904 1282 4975 εἰρήνης
1307 4904 1514 4976 καιρῶν
1548 4907 1831 4977 μονονουχὶ
1858 4909 1951 4962 καὶ

372 4988 774 5044 ἀναπειθόντων
803 4989 1000 5054 αὐτοὺς
1027 4993 1093 5062 τῇ
1125 4991 1228 5060 τῆς
1258 4992 1564 5060 γεωπονίας
1601 4994 1760 5066 χρείᾳ
1797 4997 1954 5067 χαρί-

372 5079 562 5144 ζεσθαι
589 5083 656 5133 τὰ
687 5079 982 5151 πολεμικὰ,
1012 5082 1107 5135 καὶ
1136 5083 1216 5146 είς
1259 5083 1453 5155 ἐτέρας
1481 5084 1538 5137 δὲ
1567 5084 1757 5158 ὥσπερ
1787 5104 1952 5158 μετα-

369 5171 582 5243 τρέχειν
620 5173 872 5239 σπονδάς,
904 5174 1004 5245 τῆς
1046 5175 1154 5228 τῶν
1197 5176 1468 5230 τακτικῶν
1514 5178 1742 5250 μελέτης
1793 5181 1954 5249 ήφειε-

368 5261 628 5331 δηκότας·
655 5262 800 5316 οὕτω
830 5265 925 5317 καὶ
966 5267 996 5318 6
1035 5264 1320 5332 θεσπέσιος
1369 5269 1668 5341 Ζαχαρίας,
1710 5269 1787 5333 ὡς
1819 5270 1952 5340 ἀλή-

368 5371 502 5408 κτου
532 5355 719 5410 λοιπὸν
767 5357 990 5429 εἰρήνης
1034 5357 1283 5432 δοθείσης
1315 5362 1469 5433 παρὰ
1520 5361 1677 5426 Θεοῦ,
1721 5363 1788 5416 τὰ
1840 5365 1954 5427 τοῖς

370 5447 696 5518 μαχομένοις
724 5450 970 5520 χρήσιμα
998 5451 1166 5523 σκεύη
1202 5453 1749 5526 μεταπλασθήσεσθαί
1781 5473 1947 5527 φησιν

367 5542 448 5603 είς
486 5540 741 5612 ἀνάθημα
767 5541 846 5613 τῷ
873 5541 1014 5614 Θεῷ.
1057 5543 1315 5616 Ἀργήσει
1351 5545 1462 5617 γὰρ
1505 5547 1722 5612 πάντως
1750 5549 1812 5602 τὸ
1842 5549 1946 5620 μά-

2062 4725 2188 4771 cent
2204 4715 2435 4785 amplius
2454 4713 2656 4769 bellare
2668 4715 2738 4779 ὀ,
2752 4733 2769 4765 ι
2796 4713 3132 4783 temporibus
3149 4716 3517 4783 pacistantum
3532 4734 3640 4774 non

2061 4808 2460 4878 impellentibus
2490 4822 2583 4862 eos
2611 4807 2678 4860 ad
2707 4807 2899 4862 bellica
2927 4807 3234 4864 necessitati
3264 4810 3638 4868 rusticationis

2059 4900 2438 4964 condonanda,
2471 4908 2528 4954 et
2552 4897 2714 4952 veluti
2745 4899 2810 4952 ad
2845 4899 2948 4953 alia
2979 4898 3184 4955 foedera
3223 4903 3504 4969 currendi,
3540 4906 3627 4958 mi-

2064 4991 2319 5047 litaribus
2348 4982 2545 5045 studiis
2575 4991 2939 5060 posthabitis;
2987 4991 3069 5048 sic
3107 5002 3164 5046 et
3187 4993 3404 5048 divinus
3433 4995 3631 5051 Zacha:

2059 5085 2192 5150 rias,
2245 5093 2304 5138 ut
2335 5083 2562 5154 perenni
2595 5082 2853 5153 deinceps
2888 5097 3021 5153 pace
3070 5083 3270 5138 donata
3319 5098 3350 5139 a
3378 5085 3509 5152 Deo,
3539 5087 3634 5142 bet:

2059 5176 2298 5232 lantibus
2314 5176 2508 5231 idonea
2537 5175 2901 5230 instrumenta
2926 5175 2979 5228 in
3001 5174 3290 5230 anathema
3314 5175 3427 5232 Deo
3458 5186 3640 5236 trans-

2060 5271 2352 5326 formatum
2393 5268 2460 5323 iri
2492 5277 2697 5322 narrat.
2732 5265 2956 5321 Penitus
2987 5269 3130 5321 enim
3166 5267 3358 5323 militia
3402 5269 3632 5336 desinet,

2060 5379 2161 5418 nec
2207 5377 2492 5432 equorum,
2525 5376 2629 5418 nec
2661 5359 2958 5423 frenorum,
3003 5369 3095 5413 aut
3121 5361 3468 5429 phalerarum
3504 5376 3636 5416 cura

2055 5462 2308 5526 geretur,
2355 5462 2412 5507 et
2441 5453 2508 5507 ad
2550 5451 2728 5506 studia
2768 5452 2947 5520 potius
2975 5451 3171 5519 quibus
3225 5451 3280 5506 in
3335 5452 3534 5508 virtute
3583 5463 3636 5508 et

2057 5550 2257 5620 pietate
2280 5545 2601 5610 excellatur,
2636 5543 2972 5599 inclinabunt
2999 5543 3189 5598 animi.

437 5741 695 5820 “fec-le.
722 5758 797 5820 vl,
831 5744 975 5820 5,4._
1037 5746 1080 5780 "
1110 5744 1296 5806 Matth.
1324 5765 1471 5820 xxvi,
1503 5752 1592 5808 9.4.
1659 5753 1702 5784 '°
1736 5751 1926 5807 Matth.
1967 5767 1980 5804 ι

2097 5750 2148 5804 7.
2228 5749 2269 5782 η
2303 5746 2492 5802 Mam],
2522 5759 2622 5809 χιι,
2652 5742 2769 5797 29.”
2802 5743 2844 5776 "
2872 5741 2891 5795 I
2921 5739 3078 5799 Joan.
3120 5759 3202 5815 ut,
3236 5737 3626 5820 161310”.

365 5826 456 5882 xv,
484 5813 575 5869 22.
651 5814 698 5846 ³⁸
728 5813 830 5871 Isa.
865 5829 924 5880 ιι,
948 5815 998 5870 4.
