  <div class='ocr_page' id='page_1' title='image "/cluster/home/n/w/nwhite01/storage/ocr_20150623/72/nnc1.0046980300/141.png"; bbox 0 0 4120 6376; ppageno 0'>
   <div class='ocr_carea' id='block_1_1' title="bbox 501 338 3762 408">
    <p class='ocr_par' dir='ltr' id='par_1_1' title="bbox 501 338 3762 408">
     <span class='ocr_line' id='line_1_1' title="bbox 501 338 3762 408; baseline -0 -2"><span class='ocrx_word' id='word_1_1' title='bbox 501 351 601 408; x_wconf 77' lang='grc'><strong>271</strong></span> <span class='ocrx_word' id='word_1_2' title='bbox 1487 349 1549 406; x_wconf 86' lang='lat' dir='ltr'><strong>S.</strong></span> <span class='ocrx_word' id='word_1_3' title='bbox 1585 348 1855 406; x_wconf 78' lang='lat' dir='ltr'><strong>CYRIL&#39;LI</strong></span> <span class='ocrx_word' id='word_1_4' title='bbox 1893 346 2359 406; x_wconf 70' lang='lat' dir='ltr'><strong>ALEXANDRINI</strong></span> <span class='ocrx_word' id='word_1_5' title='bbox 2397 338 2714 405; x_wconf 61' lang='lat' dir='ltr'><strong>AFRCHIEP.</strong></span> <span class='ocrx_word' id='word_1_6' title='bbox 3634 349 3762 405; x_wconf 69' lang='grc'><strong>’272</strong></span> 
     </span>
    </p>
   </div>
   <div class='ocr_carea' id='block_1_2' title="bbox 505 456 3760 536">
    <p class='ocr_par' dir='ltr' id='par_1_2' title="bbox 505 456 3760 536">
     <span class='ocr_line' id='line_1_2' title="bbox 505 456 3760 536; baseline 0 -18"><span class='ocrx_word' id='word_1_7' title='bbox 505 480 701 536; x_wconf 82' lang='grc' dir='ltr'>χιμον,</span> <span class='ocrx_word' id='word_1_8' title='bbox 739 463 838 533; x_wconf 83' lang='grc' dir='ltr'>οὐχ</span> <span class='ocrx_word' id='word_1_9' title='bbox 899 468 1080 516; x_wconf 77' lang='grc' dir='ltr'>ἶππων</span> <span class='ocrx_word' id='word_1_10' title='bbox 1137 459 1528 532; x_wconf 82' lang='grc' dir='ltr'><strong>πεφροντικὸς,</strong></span> <span class='ocrx_word' id='word_1_11' title='bbox 1559 461 1620 514; x_wconf 84' lang='grc' dir='ltr'><strong>οὐ</strong></span> <span class='ocrx_word' id='word_1_12' title='bbox 1655 460 1908 531; x_wconf 84' lang='grc' dir='ltr'><strong>χαλινῶν,</strong></span> <span class='ocrx_word' id='word_1_13' title='bbox 1958 461 1991 532; x_wconf 81' lang='grc' dir='ltr'>ἢ</span> <span class='ocrx_word' id='word_1_14' title='bbox 2035 460 2316 529; x_wconf 80' lang='grc' dir='ltr'>φαλάρων,</span> <span class='ocrx_word' id='word_1_15' title='bbox 2381 458 2675 530; x_wconf 85' lang='grc' dir='ltr'>μετανεῦον</span> <span class='ocrx_word' id='word_1_16' title='bbox 2741 457 2798 511; x_wconf 83' lang='grc' dir='ltr'><strong>δὲ</strong></span> <span class='ocrx_word' id='word_1_17' title='bbox 2845 456 3043 528; x_wconf 79' lang='grc' dir='ltr'>μᾶλλον</span> <span class='ocrx_word' id='word_1_18' title='bbox 3083 458 3161 524; x_wconf 82' lang='grc' dir='ltr'><strong>είς</strong></span> <span class='ocrx_word' id='word_1_19' title='bbox 3192 473 3256 527; x_wconf 84' lang='grc' dir='ltr'><strong>γε</strong></span> <span class='ocrx_word' id='word_1_20' title='bbox 3299 460 3360 514; x_wconf 83' lang='grc' dir='ltr'><strong>τὸ</strong></span> <span class='ocrx_word' id='word_1_21' title='bbox 3408 461 3620 518; x_wconf 78' lang='grc' dir='ltr'><strong>ἑλέσθαι</strong></span> <span class='ocrx_word' id='word_1_22' title='bbox 3649 465 3760 520; x_wconf 85' lang='grc' dir='ltr'>δεῖν</span> 
     </span>
    </p>
   </div>
   <div class='ocr_carea' id='block_1_3' title="bbox 503 557 2234 631">
    <p class='ocr_par' dir='ltr' id='par_1_3' title="bbox 503 557 2234 631">
     <span class='ocr_line' id='line_1_3' title="bbox 503 557 2234 631; baseline -0.003 -17"><span class='ocrx_word' id='word_1_23' title='bbox 503 564 613 626; x_wconf 88' lang='grc' dir='ltr'>τοῖς</span> <span class='ocrx_word' id='word_1_24' title='bbox 639 563 719 623; x_wconf 83' lang='grc' dir='ltr'><strong>είς</strong></span> <span class='ocrx_word' id='word_1_25' title='bbox 752 559 952 631; x_wconf 83' lang='grc' dir='ltr'>ἀρετὴν</span> <span class='ocrx_word' id='word_1_26' title='bbox 991 558 1086 611; x_wconf 74' lang='grc' dir='ltr'><strong>καὶ</strong></span> <span class='ocrx_word' id='word_1_27' title='bbox 1113 557 1426 612; x_wconf 90' lang='grc' dir='ltr'>θεοσέϐειαν</span> <span class='ocrx_word' id='word_1_28' title='bbox 1467 557 1789 628; x_wconf 80' lang='grc' dir='ltr'><strong>διαπρέπειν</strong></span> <span class='ocrx_word' id='word_1_29' title='bbox 1831 558 2234 628; x_wconf 84' lang='grc' dir='ltr'>σπουδάσμασι.</span> 
     </span>
    </p>
   </div>
   <div class='ocr_carea' id='block_1_4' title="bbox 574 645 2073 722">
    <p class='ocr_par' dir='ltr' id='par_1_4' title="bbox 574 649 2073 719">
     <span class='ocr_line' id='line_1_4' title="bbox 574 649 2073 719; baseline -0.003 -11"><span class='ocrx_word' id='word_1_30' title='bbox 574 651 801 708; x_wconf 76' lang='lat' dir='ltr'><strong>Videtur</strong></span> <span class='ocrx_word' id='word_1_31' title='bbox 830 659 1009 704; x_wconf 84' lang='lat' dir='ltr'><strong>autem</strong></span> <span class='ocrx_word' id='word_1_32' title='bbox 1037 649 1308 706; x_wconf 88' lang='lat' dir='ltr'><strong>nonnullis</strong></span> <span class='ocrx_word' id='word_1_33' title='bbox 1335 651 1441 705; x_wconf 90' lang='lat' dir='ltr'><strong>alio</strong></span> <span class='ocrx_word' id='word_1_34' title='bbox 1469 654 1626 704; x_wconf 90' lang='lat' dir='ltr'><strong>modo</strong></span> <span class='ocrx_word' id='word_1_35' title='bbox 1665 651 1746 704; x_wconf 86' lang='lat' dir='ltr'><strong>vis</strong></span> <span class='ocrx_word' id='word_1_36' title='bbox 1779 651 2073 719; x_wconf 67' lang='lat' dir='ltr'><strong>prophetiae</strong></span> 
     </span>
    </p>
   </div>
   <div class='ocr_carea' id='block_1_5' title="bbox 2172 645 3762 722">
    <p class='ocr_par' dir='ltr' id='par_1_5' title="bbox 2245 645 3762 722">
     <span class='ocr_line' id='line_1_5' title="bbox 2245 645 3762 722; baseline 0.005 -21"><span class='ocrx_word' id='word_1_37' title='bbox 2245 650 2406 701; x_wconf 82' lang='grc' dir='ltr'>Δοκεῖ</span> <span class='ocrx_word' id='word_1_38' title='bbox 2450 646 2507 699; x_wconf 85' lang='grc' dir='ltr'><strong>δέ</strong></span> <span class='ocrx_word' id='word_1_39' title='bbox 2559 663 2668 699; x_wconf 81' lang='grc' dir='ltr'>τισι</span> <span class='ocrx_word' id='word_1_40' title='bbox 2712 645 2834 700; x_wconf 74' lang='grc' dir='ltr'>καθ’</span> <span class='ocrx_word' id='word_1_41' title='bbox 2875 645 3063 717; x_wconf 76' lang='grc' dir='ltr'>ἕτερον</span> <span class='ocrx_word' id='word_1_42' title='bbox 3111 647 3518 720; x_wconf 78' lang='grc' dir='ltr'>ἑκπεπεράνθαι</span> <span class='ocrx_word' id='word_1_43' title='bbox 3561 655 3762 722; x_wconf 86' lang='grc' dir='ltr'>τρόπον</span> 
     </span>
    </p>
   </div>
   <div class='ocr_carea' id='block_1_6' title="bbox 502 737 2073 815">
    <p class='ocr_par' dir='ltr' id='par_1_6' title="bbox 502 739 2072 810">
     <span class='ocr_line' id='line_1_6' title="bbox 502 739 2072 810; baseline -0.004 -11"><span class='ocrx_word' id='word_1_44' title='bbox 502 746 663 800; x_wconf 89' lang='lat' dir='ltr'><strong>ﬁnem</strong></span> <span class='ocrx_word' id='word_1_45' title='bbox 708 749 1022 795; x_wconf 76' lang='lat' dir='ltr'><strong>consecuta.</strong></span> <span class='ocrx_word' id='word_1_46' title='bbox 1068 740 1235 794; x_wconf 86' lang='lat' dir='ltr'><strong>Aiunt</strong></span> <span class='ocrx_word' id='word_1_47' title='bbox 1279 739 1424 794; x_wconf 88' lang='lat' dir='ltr'><strong>enim</strong></span> <span class='ocrx_word' id='word_1_48' title='bbox 1457 741 1636 795; x_wconf 85' lang='lat' dir='ltr'><strong>crucis</strong></span> <span class='ocrx_word' id='word_1_49' title='bbox 1676 740 1892 810; x_wconf 72' lang='lat' dir='ltr'><strong>signum</strong></span> <span class='ocrx_word' id='word_1_50' title='bbox 1945 740 2072 793; x_wconf 90' lang='lat' dir='ltr'><strong>olim</strong></span> 
     </span>
    </p>
   </div>
   <div class='ocr_carea' id='block_1_7' title="bbox 2172 737 3761 815">
    <p class='ocr_par' dir='ltr' id='par_1_7' title="bbox 2177 737 3761 815">
     <span class='ocr_line' id='line_1_7' title="bbox 2177 737 3761 815; baseline 0.005 -24"><span class='ocrx_word' id='word_1_51' title='bbox 2177 741 2277 810; x_wconf 80' lang='grc' dir='ltr'>τῆς</span> <span class='ocrx_word' id='word_1_52' title='bbox 2314 737 2652 810; x_wconf 82' lang='grc' dir='ltr'>προφητείας</span> <span class='ocrx_word' id='word_1_53' title='bbox 2681 737 2778 808; x_wconf 82' lang='grc' dir='ltr'>τὴν</span> <span class='ocrx_word' id='word_1_54' title='bbox 2810 737 3060 805; x_wconf 88' lang='grc' dir='ltr'>δύναμιν.</span> <span class='ocrx_word' id='word_1_55' title='bbox 3089 738 3228 792; x_wconf 78' lang='grc' dir='ltr'>Φασὶ</span> <span class='ocrx_word' id='word_1_56' title='bbox 3269 741 3376 810; x_wconf 76' lang='grc' dir='ltr'>γὰρ</span> <span class='ocrx_word' id='word_1_57' title='bbox 3409 740 3491 794; x_wconf 83' lang='grc' dir='ltr'>ὅτι</span> <span class='ocrx_word' id='word_1_58' title='bbox 3533 742 3761 815; x_wconf 77' lang='grc' dir='ltr'>εὕρηται</span> 
     </span>
    </p>
   </div>
   <div class='ocr_carea' id='block_1_8' title="bbox 499 827 2073 904">
    <p class='ocr_par' dir='ltr' id='par_1_8' title="bbox 499 831 2072 901">
     <span class='ocr_line' id='line_1_8' title="bbox 499 831 2072 901; baseline -0.004 -10"><span class='ocrx_word' id='word_1_59' title='bbox 499 850 624 891; x_wconf 87' lang='lat' dir='ltr'><strong>cum</strong></span> <span class='ocrx_word' id='word_1_60' title='bbox 666 832 835 888; x_wconf 82' lang='lat' dir='ltr'><strong>clavis</strong></span> <span class='ocrx_word' id='word_1_61' title='bbox 880 831 1056 886; x_wconf 86' lang='lat' dir='ltr'><strong>adhuc</strong></span> <span class='ocrx_word' id='word_1_62' title='bbox 1091 831 1271 887; x_wconf 83' lang='lat' dir='ltr'><strong>inﬁxis</strong></span> <span class='ocrx_word' id='word_1_63' title='bbox 1320 831 1596 886; x_wconf 90' lang='lat' dir='ltr'><strong>inventum</strong></span> <span class='ocrx_word' id='word_1_64' title='bbox 1651 845 1792 897; x_wconf 88' lang='lat' dir='ltr'><strong>esse,</strong></span> <span class='ocrx_word' id='word_1_65' title='bbox 1843 845 2072 901; x_wconf 87' lang='lat' dir='ltr'><strong>quorum</strong></span> 
     </span>
    </p>
   </div>
   <div class='ocr_carea' id='block_1_9' title="bbox 2172 827 3761 904">
    <p class='ocr_par' dir='ltr' id='par_1_9' title="bbox 2180 827 3761 904">
     <span class='ocr_line' id='line_1_9' title="bbox 2180 827 3761 904; baseline 0.001 -21"><span class='ocrx_word' id='word_1_66' title='bbox 2180 832 2280 901; x_wconf 83' lang='grc' dir='ltr'><strong>μὲν</strong></span> <span class='ocrx_word' id='word_1_67' title='bbox 2316 829 2460 882; x_wconf 76' lang='grc' dir='ltr'>κατὰ</span> <span class='ocrx_word' id='word_1_68' title='bbox 2491 829 2715 899; x_wconf 84' lang='grc' dir='ltr'>καιροὺς</span> <span class='ocrx_word' id='word_1_69' title='bbox 2746 828 2808 881; x_wconf 85' lang='grc' dir='ltr'><strong>τὸ</strong></span> <span class='ocrx_word' id='word_1_70' title='bbox 2843 827 2938 881; x_wconf 89' lang='grc' dir='ltr'><strong>τοῦ</strong></span> <span class='ocrx_word' id='word_1_71' title='bbox 2982 827 3220 900; x_wconf 87' lang='grc' dir='ltr'>σταυροῦ</span> <span class='ocrx_word' id='word_1_72' title='bbox 3255 827 3427 894; x_wconf 80' lang='grc' dir='ltr'>ξύλον,</span> <span class='ocrx_word' id='word_1_73' title='bbox 3473 831 3761 904; x_wconf 77' lang='grc' dir='ltr'>ὲμπεπαρ·</span> 
     </span>
    </p>
   </div>
   <div class='ocr_carea' id='block_1_10' title="bbox 501 913 2073 998">
    <p class='ocr_par' dir='ltr' id='par_1_10' title="bbox 501 922 2073 994">
     <span class='ocr_line' id='line_1_10' title="bbox 501 922 2073 994; baseline -0.002 -13"><span class='ocrx_word' id='word_1_74' title='bbox 501 941 608 981; x_wconf 94' lang='lat' dir='ltr'><strong>uno</strong></span> <span class='ocrx_word' id='word_1_75' title='bbox 643 936 892 993; x_wconf 89' lang='lat' dir='ltr'><strong>accepto,</strong></span> <span class='ocrx_word' id='word_1_76' title='bbox 937 923 1058 993; x_wconf 86' lang='lat' dir='ltr'><strong>pius</strong></span> <span class='ocrx_word' id='word_1_77' title='bbox 1083 922 1478 979; x_wconf 75' lang='lat' dir='ltr'><strong>Constantinus</strong></span> <span class='ocrx_word' id='word_1_78' title='bbox 1516 923 1728 976; x_wconf 77' lang='lat' dir='ltr'><strong>curavit</strong></span> <span class='ocrx_word' id='word_1_79' title='bbox 1769 933 1829 977; x_wconf 89' lang='lat' dir='ltr'><strong>ut</strong></span> <span class='ocrx_word' id='word_1_80' title='bbox 1859 924 1903 976; x_wconf 87' lang='lat' dir='ltr'><strong>is</strong></span> <span class='ocrx_word' id='word_1_81' title='bbox 1934 938 2073 994; x_wconf 86' lang='lat' dir='ltr'><strong>eque</strong></span> 
     </span>
    </p>
   </div>
   <div class='ocr_carea' id='block_1_11' title="bbox 2172 913 3761 998">
    <p class='ocr_par' dir='ltr' id='par_1_11' title="bbox 2181 913 3761 998">
     <span class='ocr_line' id='line_1_11' title="bbox 2181 913 3761 998; baseline 0.001 -23"><span class='ocrx_word' id='word_1_82' title='bbox 2181 923 2370 993; x_wconf 80' lang='grc' dir='ltr'>μένους</span> <span class='ocrx_word' id='word_1_83' title='bbox 2399 921 2478 975; x_wconf 78' lang='grc' dir='ltr'><strong>ἔτι</strong></span> <span class='ocrx_word' id='word_1_84' title='bbox 2500 921 2627 983; x_wconf 83' lang='grc' dir='ltr'>τοὺς</span> <span class='ocrx_word' id='word_1_85' title='bbox 2658 919 2822 990; x_wconf 75' lang='grc' dir='ltr'>ἥλους</span> <span class='ocrx_word' id='word_1_86' title='bbox 2853 919 3005 990; x_wconf 77' lang='grc' dir='ltr'>ἕχονο</span> <span class='ocrx_word' id='word_1_87' title='bbox 3042 913 3118 973; x_wconf 84' lang='grc' dir='ltr'>ὧν</span> <span class='ocrx_word' id='word_1_88' title='bbox 3143 920 3238 972; x_wconf 72' lang='grc' dir='ltr'><strong>ἕνα</strong></span> <span class='ocrx_word' id='word_1_89' title='bbox 3268 919 3447 974; x_wconf 80' lang='grc' dir='ltr'>λαϐὼν</span> <span class='ocrx_word' id='word_1_90' title='bbox 3475 924 3505 974; x_wconf 98' lang='lat'><strong>6</strong></span> <span class='ocrx_word' id='word_1_91' title='bbox 3530 924 3761 998; x_wconf 78' lang='grc' dir='ltr'>εὐσεϐὴς</span> 
     </span>
    </p>
   </div>
   <div class='ocr_carea' id='block_1_12' title="bbox 501 1013 2073 1088">
    <p class='ocr_par' dir='ltr' id='par_1_12' title="bbox 501 1015 2073 1085">
     <span class='ocr_line' id='line_1_12' title="bbox 501 1015 2073 1085; baseline -0.003 -12"><span class='ocrx_word' id='word_1_92' title='bbox 501 1034 599 1075; x_wconf 88' lang='lat' dir='ltr'><strong>suo</strong></span> <span class='ocrx_word' id='word_1_93' title='bbox 639 1017 694 1071; x_wconf 92' lang='lat' dir='ltr'><strong>in</strong></span> <span class='ocrx_word' id='word_1_94' title='bbox 739 1015 949 1071; x_wconf 78' lang='lat' dir='ltr'><strong>frenum</strong></span> <span class='ocrx_word' id='word_1_95' title='bbox 989 1015 1356 1078; x_wconf 89' lang='lat' dir='ltr'><strong>insereretur,</strong></span> <span class='ocrx_word' id='word_1_96' title='bbox 1389 1015 1619 1070; x_wconf 83' lang='lat' dir='ltr'><strong>credens</strong></span> <span class='ocrx_word' id='word_1_97' title='bbox 1665 1030 1726 1070; x_wconf 89' lang='lat' dir='ltr'><strong>se</strong></span> <span class='ocrx_word' id='word_1_98' title='bbox 1768 1015 1932 1070; x_wconf 84' lang='lat' dir='ltr'><strong>etiam</strong></span> <span class='ocrx_word' id='word_1_99' title='bbox 1977 1031 2073 1085; x_wconf 85' lang='lat' dir='ltr'><strong>per</strong></span> 
     </span>
    </p>
   </div>
   <div class='ocr_carea' id='block_1_13' title="bbox 2172 1013 3762 1088">
    <p class='ocr_par' dir='ltr' id='par_1_13' title="bbox 2176 1013 3762 1088">
     <span class='ocr_line' id='line_1_13' title="bbox 2176 1013 3762 1088; baseline -0.002 -17"><span class='ocrx_word' id='word_1_100' title='bbox 2176 1018 2600 1081; x_wconf 86' lang='grc' dir='ltr'>Κωνσταντῖνος,</span> <span class='ocrx_word' id='word_1_101' title='bbox 2630 1015 2722 1067; x_wconf 73' lang='grc' dir='ltr'>ἐπὶ</span> <span class='ocrx_word' id='word_1_102' title='bbox 2748 1014 2965 1084; x_wconf 80' lang='grc' dir='ltr'>χαλινὸν</span> <span class='ocrx_word' id='word_1_103' title='bbox 2987 1013 3243 1083; x_wconf 86' lang='grc' dir='ltr'>γενέσθαι</span> <span class='ocrx_word' id='word_1_104' title='bbox 3271 1014 3347 1085; x_wconf 82' lang='grc' dir='ltr'><strong>τῷ</strong></span> <span class='ocrx_word' id='word_1_105' title='bbox 3370 1015 3520 1086; x_wconf 82' lang='grc' dir='ltr'>ἵππῳ</span> <span class='ocrx_word' id='word_1_106' title='bbox 3539 1015 3618 1087; x_wconf 80' lang='grc' dir='ltr'>τῷ</span> <span class='ocrx_word' id='word_1_107' title='bbox 3648 1018 3762 1088; x_wconf 76' lang='grc' dir='ltr'>ἰδίῳ</span> 
     </span>
    </p>
   </div>
   <div class='ocr_carea' id='block_1_14' title="bbox 503 1105 2073 1182">
    <p class='ocr_par' dir='ltr' id='par_1_14' title="bbox 503 1105 2070 1164">
     <span class='ocr_line' id='line_1_14' title="bbox 503 1105 2070 1164; baseline -0.003 -1"><span class='ocrx_word' id='word_1_108' title='bbox 503 1110 646 1164; x_wconf 91' lang='lat' dir='ltr'><strong>hunc</strong></span> <span class='ocrx_word' id='word_1_109' title='bbox 695 1123 724 1162; x_wconf 89' lang='lat' dir='ltr'><strong>a</strong></span> <span class='ocrx_word' id='word_1_110' title='bbox 786 1108 896 1163; x_wconf 91' lang='lat' dir='ltr'><strong>Deo</strong></span> <span class='ocrx_word' id='word_1_111' title='bbox 956 1106 1390 1162; x_wconf 80' lang='lat' dir='ltr'><strong>benedictionem</strong></span> <span class='ocrx_word' id='word_1_112' title='bbox 1451 1116 1891 1160; x_wconf 86' lang='lat' dir='ltr'><strong>consecuturum.</strong></span> <span class='ocrx_word' id='word_1_113' title='bbox 1955 1105 2070 1160; x_wconf 86' lang='lat' dir='ltr'><strong>Non</strong></span> 
     </span>
    </p>
   </div>
   <div class='ocr_carea' id='block_1_15' title="bbox 2172 1105 3758 1182">
    <p class='ocr_par' dir='ltr' id='par_1_15' title="bbox 2176 1107 3758 1182">
     <span class='ocr_line' id='line_1_15' title="bbox 2176 1107 3758 1182; baseline 0.001 -19"><span class='ocrx_word' id='word_1_114' title='bbox 2176 1111 2603 1182; x_wconf 82' lang='grc' dir='ltr'>παρεσκεύασεν,</span> <span class='ocrx_word' id='word_1_115' title='bbox 2632 1108 2972 1177; x_wconf 83' lang='grc' dir='ltr'>εὐλογεῖσθαι</span> <span class='ocrx_word' id='word_1_116' title='bbox 2999 1107 3150 1178; x_wconf 82' lang='grc' dir='ltr'>παρὰ</span> <span class='ocrx_word' id='word_1_117' title='bbox 3179 1108 3312 1160; x_wconf 87' lang='grc' dir='ltr'>Θεοῦ</span> <span class='ocrx_word' id='word_1_118' title='bbox 3339 1108 3432 1162; x_wconf 75' lang='grc' dir='ltr'><strong>καὶ</strong></span> <span class='ocrx_word' id='word_1_119' title='bbox 3459 1109 3547 1163; x_wconf 85' lang='grc' dir='ltr'><strong>διὰ</strong></span> <span class='ocrx_word' id='word_1_120' title='bbox 3567 1110 3758 1164; x_wconf 79' lang='grc' dir='ltr'>τούτου</span> 
     </span>
    </p>
   </div>
   <div class='ocr_carea' id='block_1_16' title="bbox 502 1196 2073 1274">
    <p class='ocr_par' dir='ltr' id='par_1_16' title="bbox 502 1196 2072 1268">
     <span class='ocr_line' id='line_1_16' title="bbox 502 1196 2072 1268; baseline -0.002 -13"><span class='ocrx_word' id='word_1_121' title='bbox 502 1200 819 1255; x_wconf 85' lang='lat' dir='ltr'><strong>incredibile</strong></span> <span class='ocrx_word' id='word_1_122' title='bbox 851 1199 973 1268; x_wconf 89' lang='lat' dir='ltr'><strong>quis</strong></span> <span class='ocrx_word' id='word_1_123' title='bbox 996 1197 1197 1253; x_wconf 81' lang='lat' dir='ltr'><strong>dixerit</strong></span> <span class='ocrx_word' id='word_1_124' title='bbox 1231 1196 1395 1262; x_wconf 85' lang='lat' dir='ltr'><strong>istud,</strong></span> <span class='ocrx_word' id='word_1_125' title='bbox 1421 1197 1466 1251; x_wconf 91' lang='lat' dir='ltr'><strong>si</strong></span> <span class='ocrx_word' id='word_1_126' title='bbox 1501 1197 1574 1250; x_wconf 83' lang='lat' dir='ltr'><strong>ita</strong></span> <span class='ocrx_word' id='word_1_127' title='bbox 1610 1207 1714 1262; x_wconf 88' lang='lat' dir='ltr'><strong>est,</strong></span> <span class='ocrx_word' id='word_1_128' title='bbox 1748 1212 1848 1252; x_wconf 86' lang='lat' dir='ltr'><strong>nec</strong></span> <span class='ocrx_word' id='word_1_129' title='bbox 1877 1199 2072 1252; x_wconf 79' lang='lat' dir='ltr'><strong>decoro</strong></span> 
     </span>
    </p>
   </div>
   <div class='ocr_carea' id='block_1_17' title="bbox 2172 1196 3762 1274">
    <p class='ocr_par' dir='ltr' id='par_1_17' title="bbox 2172 1199 3762 1274">
     <span class='ocr_line' id='line_1_17' title="bbox 2172 1199 3762 1274; baseline -0.001 -19"><span class='ocrx_word' id='word_1_130' title='bbox 2172 1201 2575 1264; x_wconf 80' lang='grc' dir='ltr'>πεπιστευκώς.</span> <span class='ocrx_word' id='word_1_131' title='bbox 2619 1200 2733 1253; x_wconf 87' lang='grc' dir='ltr'>Ούκ</span> <span class='ocrx_word' id='word_1_132' title='bbox 2769 1199 3029 1254; x_wconf 83' lang='grc' dir='ltr'>ἀπίθανον</span> <span class='ocrx_word' id='word_1_133' title='bbox 3072 1199 3129 1252; x_wconf 85' lang='grc' dir='ltr'>δὲ</span> <span class='ocrx_word' id='word_1_134' title='bbox 3165 1199 3226 1252; x_wconf 82' lang='grc' dir='ltr'><strong>τὸ</strong></span> <span class='ocrx_word' id='word_1_135' title='bbox 3268 1199 3457 1270; x_wconf 77' lang='grc' dir='ltr'>χρῆμα</span> <span class='ocrx_word' id='word_1_136' title='bbox 3505 1202 3636 1274; x_wconf 84' lang='grc' dir='ltr'>φαίη</span> <span class='ocrx_word' id='word_1_137' title='bbox 3676 1221 3762 1268; x_wconf 85' lang='grc' dir='ltr'><strong>τις</strong></span> 
     </span>
    </p>
   </div>
   <div class='ocr_carea' id='block_1_18' title="bbox 498 1287 2069 1359">
    <p class='ocr_par' dir='ltr' id='par_1_18' title="bbox 498 1287 2069 1359">
     <span class='ocr_line' id='line_1_18' title="bbox 498 1287 2069 1359; baseline -0.002 -13"><span class='ocrx_word' id='word_1_138' title='bbox 498 1293 733 1347; x_wconf 89' lang='lat' dir='ltr'><strong>alienum</strong></span> <span class='ocrx_word' id='word_1_139' title='bbox 787 1291 980 1344; x_wconf 88' lang='lat' dir='ltr'><strong>merito</strong></span> <span class='ocrx_word' id='word_1_140' title='bbox 1042 1289 1207 1359; x_wconf 78' lang='lat'><strong>813</strong></span> <span class='ocrx_word' id='word_1_141' title='bbox 1284 1287 1634 1357; x_wconf 86' lang='lat' dir='ltr'><strong>intelligatur,</strong></span> <span class='ocrx_word' id='word_1_142' title='bbox 1691 1289 1744 1342; x_wconf 89' lang='lat' dir='ltr'><strong>in</strong></span> <span class='ocrx_word' id='word_1_143' title='bbox 1808 1290 2069 1343; x_wconf 78' lang='lat' dir='ltr'><strong>memoria</strong></span> 
     </span>
    </p>
   </div>
   <div class='ocr_carea' id='block_1_19' title="bbox 505 1377 2072 1448">
    <p class='ocr_par' dir='ltr' id='par_1_19' title="bbox 505 1377 2072 1448">
     <span class='ocr_line' id='line_1_19' title="bbox 505 1377 2072 1448; baseline -0.003 -12"><span class='ocrx_word' id='word_1_144' title='bbox 505 1384 612 1437; x_wconf 86' lang='lat' dir='ltr'><strong>Deo</strong></span> <span class='ocrx_word' id='word_1_145' title='bbox 642 1381 828 1446; x_wconf 79' lang='lat' dir='ltr'><strong>fuisse,</strong></span> <span class='ocrx_word' id='word_1_146' title='bbox 875 1389 929 1436; x_wconf 88' lang='lat' dir='ltr'><strong>et</strong></span> <span class='ocrx_word' id='word_1_147' title='bbox 959 1395 1082 1434; x_wconf 90' lang='lat' dir='ltr'><strong>eum</strong></span> <span class='ocrx_word' id='word_1_148' title='bbox 1130 1378 1441 1448; x_wconf 85' lang='lat' dir='ltr'><strong>prophetica</strong></span> <span class='ocrx_word' id='word_1_149' title='bbox 1479 1377 1860 1448; x_wconf 78' lang='lat' dir='ltr'><strong>praedicatione</strong></span> <span class='ocrx_word' id='word_1_150' title='bbox 1900 1379 2072 1434; x_wconf 91' lang='lat' dir='ltr'><strong>hono-</strong></span> 
     </span>
    </p>
   </div>
   <div class='ocr_carea' id='block_1_20' title="bbox 498 1467 2068 1542">
    <p class='ocr_par' dir='ltr' id='par_1_20' title="bbox 498 1467 2068 1542">
     <span class='ocr_line' id='line_1_20' title="bbox 498 1467 2068 1542; baseline -0.004 -14"><span class='ocrx_word' id='word_1_151' title='bbox 498 1489 654 1528; x_wconf 87' lang='lat' dir='ltr'><strong>rasse</strong></span> <span class='ocrx_word' id='word_1_152' title='bbox 717 1473 1098 1542; x_wconf 80' lang='lat' dir='ltr'><strong>imperatorem</strong></span> <span class='ocrx_word' id='word_1_153' title='bbox 1160 1467 1648 1537; x_wconf 80' lang='lat' dir='ltr'><strong>religiosissimum.</strong></span> <span class='ocrx_word' id='word_1_154' title='bbox 1710 1467 2068 1523; x_wconf 85' lang='lat' dir='ltr'><strong>Plurimorum</strong></span> 
     </span>
    </p>
   </div>
   <div class='ocr_carea' id='block_1_21' title="bbox 497 1560 2070 1628">
    <p class='ocr_par' dir='ltr' id='par_1_21' title="bbox 497 1560 2070 1628">
     <span class='ocr_line' id='line_1_21' title="bbox 497 1560 2070 1628; baseline -0.004 -8"><span class='ocrx_word' id='word_1_155' title='bbox 497 1566 644 1621; x_wconf 89' lang='lat' dir='ltr'><strong>enim</strong></span> <span class='ocrx_word' id='word_1_156' title='bbox 693 1563 1078 1628; x_wconf 87' lang='lat' dir='ltr'><strong>meminerunt,</strong></span> <span class='ocrx_word' id='word_1_157' title='bbox 1128 1570 1182 1615; x_wconf 91' lang='lat' dir='ltr'><strong>et</strong></span> <span class='ocrx_word' id='word_1_158' title='bbox 1211 1561 1277 1616; x_wconf 88' lang='lat' dir='ltr'><strong>de</strong></span> <span class='ocrx_word' id='word_1_159' title='bbox 1309 1560 1374 1615; x_wconf 91' lang='lat' dir='ltr'><strong>iis</strong></span> <span class='ocrx_word' id='word_1_160' title='bbox 1417 1560 1694 1614; x_wconf 75' lang='lat' dir='ltr'><strong>vaticinati</strong></span> <span class='ocrx_word' id='word_1_161' title='bbox 1741 1570 1868 1613; x_wconf 87' lang='lat' dir='ltr'><strong>sunt</strong></span> <span class='ocrx_word' id='word_1_162' title='bbox 1896 1561 2070 1614; x_wconf 86' lang='lat' dir='ltr'><strong>sancti</strong></span> 
     </span>
    </p>
   </div>
   <div class='ocr_carea' id='block_1_22' title="bbox 498 1648 2067 1728">
    <p class='ocr_par' dir='ltr' id='par_1_22' title="bbox 498 1648 2067 1728">
     <span class='ocr_line' id='line_1_22' title="bbox 498 1648 2067 1728; baseline -0.006 -18"><span class='ocrx_word' id='word_1_163' title='bbox 498 1657 796 1728; x_wconf 64' lang='lat' dir='ltr'><strong>prophetae,</strong></span> <span class='ocrx_word' id='word_1_164' title='bbox 826 1654 969 1707; x_wconf 86' lang='lat' dir='ltr'><strong>sicut</strong></span> <span class='ocrx_word' id='word_1_165' title='bbox 1013 1651 1266 1707; x_wconf 88' lang='lat' dir='ltr'><strong>nimirum</strong></span> <span class='ocrx_word' id='word_1_166' title='bbox 1295 1651 1360 1705; x_wconf 90' lang='lat' dir='ltr'><strong>de</strong></span> <span class='ocrx_word' id='word_1_167' title='bbox 1399 1648 1545 1704; x_wconf 74' lang='lat' dir='ltr'><strong>Josia</strong></span> <span class='ocrx_word' id='word_1_168' title='bbox 1566 1651 1634 1712; x_wconf 82' lang='grc'>²¹,</span> <span class='ocrx_word' id='word_1_169' title='bbox 1667 1659 1720 1704; x_wconf 83' lang='grc' dir='ltr'><strong>ει</strong></span> <span class='ocrx_word' id='word_1_170' title='bbox 1745 1649 2067 1719; x_wconf 82' lang='lat' dir='ltr'><strong>quibusdam</strong></span> 
     </span>
    </p>
   </div>
   <div class='ocr_carea' id='block_1_23' title="bbox 499 1743 2070 1818">
    <p class='ocr_par' dir='ltr' id='par_1_23' title="bbox 499 1743 2070 1818">
     <span class='ocr_line' id='line_1_23' title="bbox 499 1743 2070 1818; baseline -0.006 -13"><span class='ocrx_word' id='word_1_171' title='bbox 499 1750 640 1804; x_wconf 84' lang='lat' dir='ltr'><strong>aliis.</strong></span> <span class='ocrx_word' id='word_1_172' title='bbox 676 1746 982 1818; x_wconf 83' lang='lat' dir='ltr'><strong>Aliquando</strong></span> <span class='ocrx_word' id='word_1_173' title='bbox 1010 1753 1066 1800; x_wconf 89' lang='lat' dir='ltr'><strong>et</strong></span> <span class='ocrx_word' id='word_1_174' title='bbox 1089 1753 1388 1813; x_wconf 89' lang='lat' dir='ltr'><strong>temporum</strong></span> <span class='ocrx_word' id='word_1_175' title='bbox 1417 1743 1799 1812; x_wconf 86' lang='lat' dir='ltr'><strong>tranquillitas,</strong></span> <span class='ocrx_word' id='word_1_176' title='bbox 1821 1750 1876 1795; x_wconf 83' lang='lat' dir='ltr'><strong>et</strong></span> <span class='ocrx_word' id='word_1_177' title='bbox 1900 1743 2070 1812; x_wconf 87' lang='lat' dir='ltr'><strong>pietas</strong></span> 
     </span>
    </p>
   </div>
   <div class='ocr_carea' id='block_1_24' title="bbox 499 1834 2069 1912">
    <p class='ocr_par' dir='ltr' id='par_1_24' title="bbox 499 1834 2069 1912">
     <span class='ocr_line' id='line_1_24' title="bbox 499 1834 2069 1912; baseline -0.007 -14"><span class='ocrx_word' id='word_1_178' title='bbox 499 1855 718 1912; x_wconf 88' lang='lat' dir='ltr'><strong>per-eos</strong></span> <span class='ocrx_word' id='word_1_179' title='bbox 761 1839 851 1910; x_wconf 87' lang='lat' dir='ltr'><strong>qui</strong></span> <span class='ocrx_word' id='word_1_180' title='bbox 886 1839 940 1892; x_wconf 91' lang='lat' dir='ltr'><strong>in</strong></span> <span class='ocrx_word' id='word_1_181' title='bbox 982 1837 1114 1907; x_wconf 88' lang='lat' dir='ltr'><strong>ipsis</strong></span> <span class='ocrx_word' id='word_1_182' title='bbox 1165 1851 1346 1890; x_wconf 89' lang='lat' dir='ltr'><strong>rerum</strong></span> <span class='ocrx_word' id='word_1_183' title='bbox 1395 1835 1676 1905; x_wconf 86' lang='lat' dir='ltr'><strong>potiuntur</strong></span> <span class='ocrx_word' id='word_1_184' title='bbox 1719 1834 2069 1904; x_wconf 77' lang='lat' dir='ltr'><strong>signiﬁcatur.</strong></span> 
     </span>
    </p>
   </div>
   <div class='ocr_carea' id='block_1_25' title="bbox 498 1926 2071 2003">
    <p class='ocr_par' dir='ltr' id='par_1_25' title="bbox 498 1926 2071 2003">
     <span class='ocr_line' id='line_1_25' title="bbox 498 1926 2071 2003; baseline -0.006 -14"><span class='ocrx_word' id='word_1_185' title='bbox 498 1934 644 1989; x_wconf 83' lang='lat' dir='ltr'><strong>Nihil</strong></span> <span class='ocrx_word' id='word_1_186' title='bbox 676 1947 806 2003; x_wconf 75' lang='lat' dir='ltr'><strong>ergo</strong></span> <span class='ocrx_word' id='word_1_187' title='bbox 849 1943 979 1985; x_wconf 89' lang='lat' dir='ltr'><strong>vero</strong></span> <span class='ocrx_word' id='word_1_188' title='bbox 1022 1928 1291 1993; x_wconf 87' lang='lat' dir='ltr'><strong>absimile,</strong></span> <span class='ocrx_word' id='word_1_189' title='bbox 1336 1927 1381 1981; x_wconf 88' lang='lat' dir='ltr'><strong>si</strong></span> <span class='ocrx_word' id='word_1_190' title='bbox 1410 1936 1465 1981; x_wconf 88' lang='lat' dir='ltr'><strong>et</strong></span> <span class='ocrx_word' id='word_1_191' title='bbox 1498 1941 1640 1980; x_wconf 91' lang='lat' dir='ltr'><strong>nunc</strong></span> <span class='ocrx_word' id='word_1_192' title='bbox 1671 1927 1933 1996; x_wconf 83' lang='lat' dir='ltr'><strong>propheta</strong></span> <span class='ocrx_word' id='word_1_193' title='bbox 1970 1926 2071 1980; x_wconf 83' lang='lat' dir='ltr'><strong>Za-</strong></span> 
     </span>
    </p>
   </div>
   <div class='ocr_carea' id='block_1_26' title="bbox 498 2003 2143 2090">
    <p class='ocr_par' dir='ltr' id='par_1_26' title="bbox 498 2003 2143 2090">
     <span class='ocr_line' id='line_1_26' title="bbox 498 2003 2143 2090; baseline -0.006 -9"><span class='ocrx_word' id='word_1_194' title='bbox 498 2025 714 2081; x_wconf 85' lang='lat' dir='ltr'><strong>charias</strong></span> <span class='ocrx_word' id='word_1_195' title='bbox 749 2023 826 2078; x_wconf 88' lang='lat' dir='ltr'><strong>rei</strong></span> <span class='ocrx_word' id='word_1_196' title='bbox 858 2020 1124 2090; x_wconf 87' lang='lat' dir='ltr'><strong>imprimis</strong></span> <span class='ocrx_word' id='word_1_197' title='bbox 1151 2018 1536 2081; x_wconf 83' lang='lat' dir='ltr'><strong>memorandae,</strong></span> <span class='ocrx_word' id='word_1_198' title='bbox 1562 2019 1779 2087; x_wconf 87' lang='lat' dir='ltr'><strong>Deoque</strong></span> <span class='ocrx_word' id='word_1_199' title='bbox 1811 2017 1986 2082; x_wconf 88' lang='lat' dir='ltr'><strong>chari,</strong></span> <span class='ocrx_word' id='word_1_200' title='bbox 2016 2024 2069 2072; x_wconf 83' lang='lat' dir='ltr'><strong>et</strong></span> <span class='ocrx_word' id='word_1_201' title='bbox 2102 2003 2143 2058; x_wconf 83' lang='grc' dir='ltr'><strong>Β</strong></span> 
     </span>
    </p>
   </div>
   <div class='ocr_carea' id='block_1_27' title="bbox 499 2109 2068 2186">
    <p class='ocr_par' dir='ltr' id='par_1_27' title="bbox 499 2109 2068 2186">
     <span class='ocr_line' id='line_1_27' title="bbox 499 2109 2068 2186; baseline -0.005 -16"><span class='ocrx_word' id='word_1_202' title='bbox 499 2118 608 2172; x_wconf 88' lang='lat' dir='ltr'><strong>veri</strong></span> <span class='ocrx_word' id='word_1_203' title='bbox 643 2129 707 2170; x_wconf 89' lang='lat' dir='ltr'><strong>a‘c</strong></span> <span class='ocrx_word' id='word_1_204' title='bbox 745 2115 818 2186; x_wconf 88' lang='lat' dir='ltr'><strong>pii</strong></span> <span class='ocrx_word' id='word_1_205' title='bbox 869 2110 1237 2181; x_wconf 89' lang='lat' dir='ltr'><strong>imperatoris,</strong></span> <span class='ocrx_word' id='word_1_206' title='bbox 1283 2118 1335 2164; x_wconf 89' lang='lat' dir='ltr'><strong>et</strong></span> <span class='ocrx_word' id='word_1_207' title='bbox 1377 2116 1679 2178; x_wconf 88' lang='lat' dir='ltr'><strong>temporum</strong></span> <span class='ocrx_word' id='word_1_208' title='bbox 1725 2109 1978 2164; x_wconf 87' lang='lat' dir='ltr'><strong>c-haritati</strong></span> <span class='ocrx_word' id='word_1_209' title='bbox 2015 2109 2068 2163; x_wconf 90' lang='lat' dir='ltr'><strong>in</strong></span> 
     </span>
    </p>
   </div>
   <div class='ocr_carea' id='block_1_28' title="bbox 497 2201 2070 2271">
    <p class='ocr_par' dir='ltr' id='par_1_28' title="bbox 497 2201 2070 2271">
     <span class='ocr_line' id='line_1_28' title="bbox 497 2201 2070 2271; baseline -0.006 -7"><span class='ocrx_word' id='word_1_210' title='bbox 497 2209 775 2263; x_wconf 83' lang='lat' dir='ltr'><strong>Christum</strong></span> <span class='ocrx_word' id='word_1_211' title='bbox 819 2203 1189 2259; x_wconf 88' lang='lat' dir='ltr'><strong>dedicatorum</strong></span> <span class='ocrx_word' id='word_1_212' title='bbox 1228 2201 1498 2257; x_wconf 88' lang='lat' dir='ltr'><strong>meminit.</strong></span> <span class='ocrx_word' id='word_1_213' title='bbox 1529 2201 1668 2255; x_wconf 83' lang='lat' dir='ltr'><strong>Nam</strong></span> <span class='ocrx_word' id='word_1_214' title='bbox 1699 2209 1754 2255; x_wconf 89' lang='lat' dir='ltr'><strong>et</strong></span> <span class='ocrx_word' id='word_1_215' title='bbox 1781 2201 2070 2271; x_wconf 88' lang='lat' dir='ltr'><strong>imperato-</strong></span> 
     </span>
    </p>
   </div>
   <div class='ocr_carea' id='block_1_29' title="bbox 498 2291 2067 2366">
    <p class='ocr_par' dir='ltr' id='par_1_29' title="bbox 498 2291 2067 2366">
     <span class='ocr_line' id='line_1_29' title="bbox 498 2291 2067 2366; baseline -0.005 -13"><span class='ocrx_word' id='word_1_216' title='bbox 498 2315 614 2353; x_wconf 84' lang='lat' dir='ltr'><strong>rum</strong></span> <span class='ocrx_word' id='word_1_217' title='bbox 645 2312 815 2366; x_wconf 77' lang='lat' dir='ltr'><strong>equos</strong></span> <span class='ocrx_word' id='word_1_218' title='bbox 855 2293 1100 2350; x_wconf 88' lang='lat' dir='ltr'><strong>decorari</strong></span> <span class='ocrx_word' id='word_1_219' title='bbox 1127 2291 1278 2347; x_wconf 85' lang='lat' dir='ltr'><strong>clavo</strong></span> <span class='ocrx_word' id='word_1_220' title='bbox 1307 2307 1334 2346; x_wconf 92' lang='lat' dir='ltr'><strong>a</strong></span> <span class='ocrx_word' id='word_1_221' title='bbox 1362 2291 1599 2361; x_wconf 88' lang='lat' dir='ltr'><strong>pretiosa</strong></span> <span class='ocrx_word' id='word_1_222' title='bbox 1639 2306 1799 2346; x_wconf 87' lang='lat' dir='ltr'><strong>cruce</strong></span> <span class='ocrx_word' id='word_1_223' title='bbox 1831 2301 2067 2359; x_wconf 90' lang='lat' dir='ltr'><strong>sumpto,</strong></span> 
     </span>
    </p>
   </div>
   <div class='ocr_carea' id='block_1_30' title="bbox 498 2383 2070 2460">
    <p class='ocr_par' dir='ltr' id='par_1_30' title="bbox 498 2383 2070 2460">
     <span class='ocr_line' id='line_1_30' title="bbox 498 2383 2070 2460; baseline -0.004 -18"><span class='ocrx_word' id='word_1_224' title='bbox 498 2390 628 2460; x_wconf 89' lang='lat' dir='ltr'><strong>quid</strong></span> <span class='ocrx_word' id='word_1_225' title='bbox 658 2388 801 2443; x_wconf 90' lang='lat' dir='ltr'><strong>aliud</strong></span> <span class='ocrx_word' id='word_1_226' title='bbox 831 2387 989 2442; x_wconf 89' lang='lat' dir='ltr'><strong>nobis</strong></span> <span class='ocrx_word' id='word_1_227' title='bbox 1019 2399 1181 2454; x_wconf 91' lang='lat' dir='ltr'><strong>quam</strong></span> <span class='ocrx_word' id='word_1_228' title='bbox 1211 2383 1498 2438; x_wconf 81' lang='lat' dir='ltr'><strong>maximam</strong></span> <span class='ocrx_word' id='word_1_229' title='bbox 1526 2393 1579 2438; x_wconf 89' lang='lat' dir='ltr'><strong>et</strong></span> <span class='ocrx_word' id='word_1_230' title='bbox 1606 2396 1795 2438; x_wconf 89' lang='lat' dir='ltr'><strong>revera</strong></span> <span class='ocrx_word' id='word_1_231' title='bbox 1831 2383 2070 2437; x_wconf 83' lang='lat' dir='ltr'><strong>admira-</strong></span> 
     </span>
    </p>
   </div>
   <div class='ocr_carea' id='block_1_31' title="bbox 499 2475 2071 2551">
    <p class='ocr_par' dir='ltr' id='par_1_31' title="bbox 499 2475 2071 2551">
     <span class='ocr_line' id='line_1_31' title="bbox 499 2475 2071 2551; baseline -0.004 -14"><span class='ocrx_word' id='word_1_232' title='bbox 499 2484 644 2538; x_wconf 80' lang='lat' dir='ltr'><strong>tione</strong></span> <span class='ocrx_word' id='word_1_233' title='bbox 683 2482 900 2551; x_wconf 74' lang='lat' dir='ltr'><strong>dignam</strong></span> <span class='ocrx_word' id='word_1_234' title='bbox 944 2480 1331 2548; x_wconf 90' lang='lat' dir='ltr'><strong>imperatorum</strong></span> <span class='ocrx_word' id='word_1_235' title='bbox 1378 2475 1634 2545; x_wconf 87' lang='lat' dir='ltr'><strong>pietatem</strong></span> <span class='ocrx_word' id='word_1_236' title='bbox 1671 2475 2071 2532; x_wconf 81' lang='lat' dir='ltr'><strong>declaraverit?</strong></span> 
     </span>
    </p>
   </div>
   <div class='ocr_carea' id='block_1_32' title="bbox 573 2756 2068 2829">
    <p class='ocr_par' dir='ltr' id='par_1_32' title="bbox 573 2756 2068 2829">
     <span class='ocr_line' id='line_1_32' title="bbox 573 2756 2068 2829; baseline -0.003 -13"><span class='ocrx_word' id='word_1_237' title='bbox 573 2763 637 2816; x_wconf 69' lang='lat' dir='ltr'><strong>Et</strong></span> <span class='ocrx_word' id='word_1_238' title='bbox 673 2769 824 2816; x_wconf 83' lang='lat' dir='ltr'><strong>erunt</strong></span> <span class='ocrx_word' id='word_1_239' title='bbox 849 2760 1036 2816; x_wconf 76' lang='lat' dir='ltr'><strong>lebetes</strong></span> <span class='ocrx_word' id='word_1_240' title='bbox 1058 2760 1116 2815; x_wconf 89' lang='lat' dir='ltr'><strong>in</strong></span> <span class='ocrx_word' id='word_1_241' title='bbox 1147 2759 1304 2814; x_wconf 83' lang='lat' dir='ltr'><strong>domo</strong></span> <span class='ocrx_word' id='word_1_242' title='bbox 1323 2756 1538 2813; x_wconf 84' lang='lat' dir='ltr'><strong>Domini</strong></span> <span class='ocrx_word' id='word_1_243' title='bbox 1567 2758 1706 2812; x_wconf 83' lang='lat' dir='ltr'><strong>sicut</strong></span> <span class='ocrx_word' id='word_1_244' title='bbox 1734 2759 1927 2829; x_wconf 72' lang='lat' dir='ltr'><strong>phiala:</strong></span> <span class='ocrx_word' id='word_1_245' title='bbox 1948 2768 2068 2812; x_wconf 73' lang='lat' dir='ltr'><strong>ante</strong></span> 
     </span>
    </p>
   </div>
   <div class='ocr_carea' id='block_1_33' title="bbox 481 2853 927 2925">
    <p class='ocr_par' dir='ltr' id='par_1_33' title="bbox 481 2853 927 2925">
     <span class='ocr_line' id='line_1_33' title="bbox 481 2853 927 2925; baseline -0.011 -14"><span class='ocrx_word' id='word_1_246' title='bbox 481 2895 486 2904; x_wconf 78' lang='lat'><strong>.</strong></span> <span class='ocrx_word' id='word_1_247' title='bbox 498 2855 685 2925; x_wconf 82' lang='lat' dir='ltr'><strong>faciem</strong></span> <span class='ocrx_word' id='word_1_248' title='bbox 715 2853 927 2907; x_wconf 80' lang='lat' dir='ltr'><strong>altaris.</strong></span> 
     </span>
    </p>
   </div>
   <div class='ocr_carea' id='block_1_34' title="bbox 566 3026 2066 3094">
    <p class='ocr_par' dir='ltr' id='par_1_34' title="bbox 566 3026 2066 3094">
     <span class='ocr_line' id='line_1_34' title="bbox 566 3026 2066 3094; baseline -0.002 -9"><span class='ocrx_word' id='word_1_249' title='bbox 566 3029 724 3085; x_wconf 79' lang='lat' dir='ltr'><strong>CXV.</strong></span> <span class='ocrx_word' id='word_1_250' title='bbox 766 3029 993 3083; x_wconf 88' lang='lat' dir='ltr'><strong>Lehetes</strong></span> <span class='ocrx_word' id='word_1_251' title='bbox 1031 3035 1188 3081; x_wconf 86' lang='lat' dir='ltr'><strong>erant</strong></span> <span class='ocrx_word' id='word_1_252' title='bbox 1226 3026 1288 3081; x_wconf 81' lang='lat' dir='ltr'><strong>in</strong></span> <span class='ocrx_word' id='word_1_253' title='bbox 1317 3041 1475 3082; x_wconf 87' lang='lat' dir='ltr'><strong>sacro</strong></span> <span class='ocrx_word' id='word_1_254' title='bbox 1524 3027 1892 3094; x_wconf 82' lang='lat' dir='ltr'><strong>tabernaculo,</strong></span> <span class='ocrx_word' id='word_1_255' title='bbox 1926 3038 1978 3082; x_wconf 85' lang='lat' dir='ltr'><strong>et</strong></span> <span class='ocrx_word' id='word_1_256' title='bbox 2013 3029 2066 3082; x_wconf 91' lang='lat' dir='ltr'><strong>in</strong></span> 
     </span>
    </p>
   </div>
   <div class='ocr_carea' id='block_1_35' title="bbox 2172 1284 3760 1362">
    <p class='ocr_par' dir='ltr' id='par_1_35' title="bbox 2172 1284 3760 1362">
     <span class='ocr_line' id='line_1_35' title="bbox 2172 1284 3760 1362; baseline 0.001 -19"><span class='ocrx_word' id='word_1_257' title='bbox 2172 1291 2259 1356; x_wconf 84' lang='grc' dir='ltr'>ἂν,</span> <span class='ocrx_word' id='word_1_258' title='bbox 2307 1290 2466 1362; x_wconf 83' lang='grc' dir='ltr'>εἴπερ</span> <span class='ocrx_word' id='word_1_259' title='bbox 2497 1284 2600 1343; x_wconf 83' lang='grc' dir='ltr'>ὦδε</span> <span class='ocrx_word' id='word_1_260' title='bbox 2638 1289 2788 1360; x_wconf 79' lang='grc' dir='ltr'>ἔχει,</span> <span class='ocrx_word' id='word_1_261' title='bbox 2837 1290 2933 1343; x_wconf 79' lang='grc' dir='ltr'>καὶ</span> <span class='ocrx_word' id='word_1_262' title='bbox 2979 1290 3079 1342; x_wconf 78' lang='grc' dir='ltr'><strong>οὐκ</strong></span> <span class='ocrx_word' id='word_1_263' title='bbox 3111 1289 3217 1355; x_wconf 76' lang='grc' dir='ltr'><strong>ἔξω</strong></span> <span class='ocrx_word' id='word_1_264' title='bbox 3249 1288 3410 1357; x_wconf 85' lang='grc' dir='ltr'>λόγου</span> <span class='ocrx_word' id='word_1_265' title='bbox 3460 1291 3760 1361; x_wconf 80' lang='grc' dir='ltr'>πρέποντος</span> 
     </span>
    </p>
   </div>
   <div class='ocr_carea' id='block_1_36' title="bbox 2174 1381 3760 1454">
    <p class='ocr_par' dir='ltr' id='par_1_36' title="bbox 2174 1381 3760 1454">
     <span class='ocr_line' id='line_1_36' title="bbox 2174 1381 3760 1454; baseline 0.003 -20"><span class='ocrx_word' id='word_1_266' title='bbox 2174 1383 2332 1434; x_wconf 77' lang='grc' dir='ltr'>νοοῖ-τ’</span> <span class='ocrx_word' id='word_1_267' title='bbox 2360 1381 2425 1435; x_wconf 85' lang='grc' dir='ltr'><strong>ἂν</strong></span> <span class='ocrx_word' id='word_1_268' title='bbox 2454 1381 2700 1446; x_wconf 72' lang='grc' dir='ltr'>εἰκότως,</span> <span class='ocrx_word' id='word_1_269' title='bbox 2724 1381 2784 1434; x_wconf 78' lang='grc' dir='ltr'><strong>τὸ</strong></span> <span class='ocrx_word' id='word_1_270' title='bbox 2817 1381 2911 1434; x_wconf 78' lang='grc' dir='ltr'>καὶ</span> <span class='ocrx_word' id='word_1_271' title='bbox 2935 1381 2994 1434; x_wconf 82' lang='grc' dir='ltr'>ὲν</span> <span class='ocrx_word' id='word_1_272' title='bbox 3022 1381 3126 1451; x_wconf 85' lang='grc' dir='ltr'>μνή</span> <span class='ocrx_word' id='word_1_273' title='bbox 3137 1398 3211 1452; x_wconf 78' lang='grc' dir='ltr'><strong>μῃ</strong></span> <span class='ocrx_word' id='word_1_274' title='bbox 3239 1381 3493 1449; x_wconf 86' lang='grc' dir='ltr'>γενέσθαι</span> <span class='ocrx_word' id='word_1_275' title='bbox 3515 1385 3582 1454; x_wconf 85' lang='grc' dir='ltr'>τῇ</span> <span class='ocrx_word' id='word_1_276' title='bbox 3611 1383 3760 1454; x_wconf 81' lang='grc' dir='ltr'><strong>παρὰ</strong></span> 
     </span>
    </p>
   </div>
   <div class='ocr_carea' id='block_1_37' title="bbox 2173 1472 3760 1544">
    <p class='ocr_par' dir='ltr' id='par_1_37' title="bbox 2173 1472 3760 1544">
     <span class='ocr_line' id='line_1_37' title="bbox 2173 1472 3760 1544; baseline 0.003 -20"><span class='ocrx_word' id='word_1_277' title='bbox 2173 1473 2312 1543; x_wconf 85' lang='grc' dir='ltr'>Θεῷ,</span> <span class='ocrx_word' id='word_1_278' title='bbox 2332 1473 2426 1526; x_wconf 77' lang='grc' dir='ltr'>καὶ</span> <span class='ocrx_word' id='word_1_279' title='bbox 2446 1475 2501 1526; x_wconf 82' lang='grc' dir='ltr'><strong>ἐν</strong></span> <span class='ocrx_word' id='word_1_280' title='bbox 2527 1473 2828 1544; x_wconf 79' lang='grc' dir='ltr'>προρρήσει</span> <span class='ocrx_word' id='word_1_281' title='bbox 2847 1472 3176 1544; x_wconf 77' lang='grc' dir='ltr'>τετιμῆσθαι</span> <span class='ocrx_word' id='word_1_282' title='bbox 3202 1477 3508 1544; x_wconf 77' lang='grc' dir='ltr'>προφητικῇ</span> <span class='ocrx_word' id='word_1_283' title='bbox 3536 1474 3760 1544; x_wconf 82' lang='grc' dir='ltr'>βασιλέα</span> 
     </span>
    </p>
   </div>
   <div class='ocr_carea' id='block_1_38' title="bbox 2173 1563 3761 1635">
    <p class='ocr_par' dir='ltr' id='par_1_38' title="bbox 2173 1563 3761 1635">
     <span class='ocr_line' id='line_1_38' title="bbox 2173 1563 3761 1635; baseline 0.002 -19"><span class='ocrx_word' id='word_1_284' title='bbox 2173 1567 2265 1617; x_wconf 75' lang='grc' dir='ltr'>τὸν</span> <span class='ocrx_word' id='word_1_285' title='bbox 2315 1563 2724 1617; x_wconf 81' lang='grc' dir='ltr'>εὐσεϐέστατον.</span> <span class='ocrx_word' id='word_1_286' title='bbox 2780 1563 3056 1617; x_wconf 81' lang='grc' dir='ltr'>Πλείστων</span> <span class='ocrx_word' id='word_1_287' title='bbox 3114 1563 3223 1634; x_wconf 80' lang='grc' dir='ltr'>γὰρ</span> <span class='ocrx_word' id='word_1_288' title='bbox 3276 1565 3416 1617; x_wconf 81' lang='grc' dir='ltr'>ὅσων</span> <span class='ocrx_word' id='word_1_289' title='bbox 3468 1566 3761 1635; x_wconf 77' lang='grc' dir='ltr'>ἐποιήσατο</span> 
     </span>
    </p>
   </div>
   <div class='ocr_carea' id='block_1_39' title="bbox 2177 1653 3759 1728">
    <p class='ocr_par' dir='ltr' id='par_1_39' title="bbox 2177 1653 3759 1728">
     <span class='ocr_line' id='line_1_39' title="bbox 2177 1653 3759 1728; baseline 0.001 -19"><span class='ocrx_word' id='word_1_290' title='bbox 2177 1658 2398 1725; x_wconf 81' lang='grc' dir='ltr'>μνήμην</span> <span class='ocrx_word' id='word_1_291' title='bbox 2423 1655 2516 1708; x_wconf 75' lang='grc' dir='ltr'><strong>καὶ</strong></span> <span class='ocrx_word' id='word_1_292' title='bbox 2541 1653 2999 1728; x_wconf 79' lang='grc' dir='ltr'>προαναφὼνησιν</span> <span class='ocrx_word' id='word_1_293' title='bbox 3021 1655 3161 1708; x_wconf 82' lang='grc' dir='ltr'>κατὰ</span> <span class='ocrx_word' id='word_1_294' title='bbox 3186 1655 3412 1728; x_wconf 82' lang='grc' dir='ltr'>καιροὺς</span> <span class='ocrx_word' id='word_1_295' title='bbox 3455 1657 3563 1708; x_wconf 85' lang='grc' dir='ltr'><strong>τῶν</strong></span> <span class='ocrx_word' id='word_1_296' title='bbox 3589 1657 3759 1725; x_wconf 68' lang='grc' dir='ltr'>ἁγίων</span> 
     </span>
    </p>
   </div>
   <div class='ocr_carea' id='block_1_40' title="bbox 2173 1745 3760 1818">
    <p class='ocr_par' dir='ltr' id='par_1_40' title="bbox 2173 1745 3760 1818">
     <span class='ocr_line' id='line_1_40' title="bbox 2173 1745 3760 1818; baseline 0.002 -20"><span class='ocrx_word' id='word_1_297' title='bbox 2173 1745 2466 1818; x_wconf 75' lang='grc' dir='ltr'>προφητῶν</span> <span class='ocrx_word' id='word_1_298' title='bbox 2511 1749 2538 1799; x_wconf 89' lang='lat'><strong>6</strong></span> <span class='ocrx_word' id='word_1_299' title='bbox 2575 1746 2763 1814; x_wconf 82' lang='grc' dir='ltr'>λόγος,</span> <span class='ocrx_word' id='word_1_300' title='bbox 2797 1746 3047 1817; x_wconf 83' lang='grc' dir='ltr'>καθάπερ</span> <span class='ocrx_word' id='word_1_301' title='bbox 3079 1745 3272 1816; x_wconf 82' lang='grc' dir='ltr'>ἀμέλει</span> <span class='ocrx_word' id='word_1_302' title='bbox 3305 1748 3400 1800; x_wconf 79' lang='grc' dir='ltr'>καὶ</span> <span class='ocrx_word' id='word_1_303' title='bbox 3434 1747 3636 1799; x_wconf 82' lang='grc' dir='ltr'>Ἰωσίου</span> <span class='ocrx_word' id='word_1_304' title='bbox 3669 1749 3760 1801; x_wconf 74' lang='grc' dir='ltr'>καὶ</span> 
     </span>
    </p>
   </div>
   <div class='ocr_carea' id='block_1_41' title="bbox 2173 1836 3758 1909">
    <p class='ocr_par' dir='ltr' id='par_1_41' title="bbox 2173 1836 3758 1909">
     <span class='ocr_line' id='line_1_41' title="bbox 2173 1836 3758 1909; baseline 0 -19"><span class='ocrx_word' id='word_1_305' title='bbox 2173 1839 2378 1908; x_wconf 82' lang='grc' dir='ltr'>ἑτέρων</span> <span class='ocrx_word' id='word_1_306' title='bbox 2406 1837 2587 1891; x_wconf 86' lang='grc' dir='ltr'>τινῶν.</span> <span class='ocrx_word' id='word_1_307' title='bbox 2617 1836 2770 1889; x_wconf 64' lang='grc' dir='ltr'>Ἔσθ*</span> <span class='ocrx_word' id='word_1_308' title='bbox 2800 1838 2889 1889; x_wconf 83' lang='grc' dir='ltr'><strong>ὅτε</strong></span> <span class='ocrx_word' id='word_1_309' title='bbox 2918 1837 2975 1890; x_wconf 81' lang='grc' dir='ltr'>δὲ</span> <span class='ocrx_word' id='word_1_310' title='bbox 3005 1837 3100 1890; x_wconf 74' lang='grc' dir='ltr'>καὶ</span> <span class='ocrx_word' id='word_1_311' title='bbox 3143 1839 3177 1909; x_wconf 73' lang='grc' dir='ltr'>ἡ</span> <span class='ocrx_word' id='word_1_312' title='bbox 3213 1837 3321 1890; x_wconf 83' lang='grc' dir='ltr'>τῶν</span> <span class='ocrx_word' id='word_1_313' title='bbox 3367 1837 3575 1908; x_wconf 86' lang='grc' dir='ltr'>καιρῶν</span> <span class='ocrx_word' id='word_1_314' title='bbox 3619 1841 3758 1908; x_wconf 78' lang='grc' dir='ltr'>ἡμε-</span> 
     </span>
    </p>
   </div>
   <div class='ocr_carea' id='block_1_42' title="bbox 2177 1929 3760 2001">
    <p class='ocr_par' dir='ltr' id='par_1_42' title="bbox 2177 1929 3760 2001">
     <span class='ocr_line' id='line_1_42' title="bbox 2177 1929 3760 2001; baseline 0 -18"><span class='ocrx_word' id='word_1_315' title='bbox 2177 1931 2340 2001; x_wconf 85' lang='grc' dir='ltr'>ρότης</span> <span class='ocrx_word' id='word_1_316' title='bbox 2392 1930 2483 1982; x_wconf 77' lang='grc' dir='ltr'><strong>καὶ</strong></span> <span class='ocrx_word' id='word_1_317' title='bbox 2520 1929 2769 1982; x_wconf 78' lang='grc' dir='ltr'>εὐσέϐεια</span> <span class='ocrx_word' id='word_1_318' title='bbox 2813 1929 2903 1982; x_wconf 82' lang='grc' dir='ltr'>διὰ</span> <span class='ocrx_word' id='word_1_319' title='bbox 2935 1929 3044 1983; x_wconf 85' lang='grc' dir='ltr'><strong>τῶν</strong></span> <span class='ocrx_word' id='word_1_320' title='bbox 3084 1931 3142 1982; x_wconf 83' lang='grc' dir='ltr'>ὲν</span> <span class='ocrx_word' id='word_1_321' title='bbox 3187 1929 3371 1991; x_wconf 85' lang='grc' dir='ltr'>αὐτοῖς</span> <span class='ocrx_word' id='word_1_322' title='bbox 3414 1929 3760 2001; x_wconf 82' lang='grc' dir='ltr'>κρατούντων</span> 
     </span>
    </p>
   </div>
   <div class='ocr_carea' id='block_1_43' title="bbox 2173 2022 3756 2094">
    <p class='ocr_par' dir='ltr' id='par_1_43' title="bbox 2173 2022 3756 2094">
     <span class='ocr_line' id='line_1_43' title="bbox 2173 2022 3756 2094; baseline 0.001 -18"><span class='ocrx_word' id='word_1_323' title='bbox 2173 2023 2519 2093; x_wconf 85' lang='grc' dir='ltr'>σημαίνεται.</span> <span class='ocrx_word' id='word_1_324' title='bbox 2561 2023 2727 2077; x_wconf 85' lang='grc' dir='ltr'>Οὐδὲν</span> <span class='ocrx_word' id='word_1_325' title='bbox 2769 2022 2878 2093; x_wconf 87' lang='grc' dir='ltr'><strong>ἄρα</strong></span> <span class='ocrx_word' id='word_1_326' title='bbox 2921 2022 2981 2074; x_wconf 84' lang='grc' dir='ltr'><strong>τὸ</strong></span> <span class='ocrx_word' id='word_1_327' title='bbox 3022 2022 3266 2087; x_wconf 80' lang='grc' dir='ltr'>ἀπεικὸς,</span> <span class='ocrx_word' id='word_1_328' title='bbox 3303 2023 3353 2074; x_wconf 85' lang='grc' dir='ltr'>εἰ</span> <span class='ocrx_word' id='word_1_329' title='bbox 3394 2022 3756 2094; x_wconf 79' lang='grc' dir='ltr'>διαμέμνηται</span> 
     </span>
    </p>
   </div>
   <div class='ocr_carea' id='block_1_44' title="bbox 2171 2112 3757 2185">
    <p class='ocr_par' dir='ltr' id='par_1_44' title="bbox 2171 2112 3757 2185">
     <span class='ocr_line' id='line_1_44' title="bbox 2171 2112 3757 2185; baseline 0 -19"><span class='ocrx_word' id='word_1_330' title='bbox 2171 2115 2264 2166; x_wconf 78' lang='grc' dir='ltr'><strong>καὶ</strong></span> <span class='ocrx_word' id='word_1_331' title='bbox 2297 2112 2392 2166; x_wconf 87' lang='grc' dir='ltr'><strong>νῦν</strong></span> <span class='ocrx_word' id='word_1_332' title='bbox 2429 2115 2456 2167; x_wconf 91' lang='lat'><strong>6</strong></span> <span class='ocrx_word' id='word_1_333' title='bbox 2490 2113 2776 2184; x_wconf 83' lang='grc' dir='ltr'>προφήτης</span> <span class='ocrx_word' id='word_1_334' title='bbox 2815 2114 3090 2185; x_wconf 80' lang='grc' dir='ltr'>Ζαχαρίας</span> <span class='ocrx_word' id='word_1_335' title='bbox 3117 2113 3542 2182; x_wconf 81' lang='grc' dir='ltr'>ἀξιολογωτάτου</span> <span class='ocrx_word' id='word_1_336' title='bbox 3575 2113 3757 2184; x_wconf 81' lang='grc' dir='ltr'>πράγ-</span> 
     </span>
    </p>
   </div>
   <div class='ocr_carea' id='block_1_45' title="bbox 2175 2200 3757 2274">
    <p class='ocr_par' dir='ltr' id='par_1_45' title="bbox 2175 2200 3757 2274">
     <span class='ocr_line' id='line_1_45' title="bbox 2175 2200 3757 2274; baseline -0.003 -17"><span class='ocrx_word' id='word_1_337' title='bbox 2175 2221 2364 2274; x_wconf 83' lang='grc' dir='ltr'>ματος,</span> <span class='ocrx_word' id='word_1_338' title='bbox 2419 2205 2512 2256; x_wconf 73' lang='grc' dir='ltr'>καὶ</span> <span class='ocrx_word' id='word_1_339' title='bbox 2544 2202 2827 2271; x_wconf 77' lang='grc' dir='ltr'>θεοφιλοῦς</span> <span class='ocrx_word' id='word_1_340' title='bbox 2870 2201 3154 2272; x_wconf 85' lang='grc' dir='ltr'>βασιλέως,</span> <span class='ocrx_word' id='word_1_341' title='bbox 3188 2201 3422 2272; x_wconf 78' lang='grc' dir='ltr'>ἀληθοῦς</span> <span class='ocrx_word' id='word_1_342' title='bbox 3454 2219 3512 2254; x_wconf 92' lang='grc' dir='ltr'><strong>τε</strong></span> <span class='ocrx_word' id='word_1_343' title='bbox 3543 2201 3638 2253; x_wconf 75' lang='grc' dir='ltr'>καὶ</span> <span class='ocrx_word' id='word_1_344' title='bbox 3667 2200 3757 2253; x_wconf 88' lang='grc' dir='ltr'>εύ-</span> 
     </span>
    </p>
   </div>
   <div class='ocr_carea' id='block_1_46' title="bbox 2173 2292 3756 2366">
    <p class='ocr_par' dir='ltr' id='par_1_46' title="bbox 2173 2292 3756 2366">
     <span class='ocr_line' id='line_1_46' title="bbox 2173 2292 3756 2366; baseline -0.004 -16"><span class='ocrx_word' id='word_1_345' title='bbox 2173 2297 2398 2364; x_wconf 85' lang='grc' dir='ltr'>σεϐοῦς,</span> <span class='ocrx_word' id='word_1_346' title='bbox 2449 2297 2544 2350; x_wconf 72' lang='grc' dir='ltr'><strong>καὶ</strong></span> <span class='ocrx_word' id='word_1_347' title='bbox 2591 2313 2799 2366; x_wconf 90' lang='grc' dir='ltr'>καιρων</span> <span class='ocrx_word' id='word_1_348' title='bbox 2848 2295 3226 2365; x_wconf 85' lang='grc' dir='ltr'>ἀνακειμένων</span> <span class='ocrx_word' id='word_1_349' title='bbox 3279 2298 3345 2365; x_wconf 84' lang='grc' dir='ltr'>τῇ</span> <span class='ocrx_word' id='word_1_350' title='bbox 3401 2296 3478 2358; x_wconf 82' lang='grc' dir='ltr'><strong>εἰς</strong></span> <span class='ocrx_word' id='word_1_351' title='bbox 3524 2292 3756 2364; x_wconf 86' lang='grc' dir='ltr'>Χριστὸν</span> 
     </span>
    </p>
   </div>
   <div class='ocr_carea' id='block_1_47' title="bbox 2171 2386 3757 2460">
    <p class='ocr_par' dir='ltr' id='par_1_47' title="bbox 2171 2386 3757 2460">
     <span class='ocr_line' id='line_1_47' title="bbox 2171 2386 3757 2460; baseline -0.003 -18"><span class='ocrx_word' id='word_1_352' title='bbox 2171 2390 2380 2460; x_wconf 79' lang='grc' dir='ltr'>ἀγάπῃ.</span> <span class='ocrx_word' id='word_1_353' title='bbox 2411 2388 2484 2440; x_wconf 85' lang='grc' dir='ltr'>Τὸ</span> <span class='ocrx_word' id='word_1_354' title='bbox 2515 2388 2625 2458; x_wconf 80' lang='grc' dir='ltr'>γὰρ</span> <span class='ocrx_word' id='word_1_355' title='bbox 2671 2387 2735 2458; x_wconf 78' lang='grc' dir='ltr'>δὴ</span> <span class='ocrx_word' id='word_1_356' title='bbox 2782 2387 2877 2440; x_wconf 71' lang='grc' dir='ltr'>καὶ</span> <span class='ocrx_word' id='word_1_357' title='bbox 2914 2386 3178 2458; x_wconf 84' lang='grc' dir='ltr'>βασιλέων</span> <span class='ocrx_word' id='word_1_358' title='bbox 3228 2387 3415 2449; x_wconf 80' lang='grc' dir='ltr'>ἵπποις</span> <span class='ocrx_word' id='word_1_359' title='bbox 3453 2387 3757 2456; x_wconf 82' lang='grc' dir='ltr'>ἐμπρέπειν</span> 
     </span>
    </p>
   </div>
   <div class='ocr_carea' id='block_1_48' title="bbox 2169 2468 3758 2555">
    <p class='ocr_par' dir='ltr' id='par_1_48' title="bbox 2169 2468 3758 2555">
     <span class='ocr_line' id='line_1_48' title="bbox 2169 2468 3758 2555; baseline -0.005 -18"><span class='ocrx_word' id='word_1_360' title='bbox 2169 2485 2260 2538; x_wconf 78' lang='grc' dir='ltr'><strong>τὸν</strong></span> <span class='ocrx_word' id='word_1_361' title='bbox 2288 2477 2418 2555; x_wconf 83' lang='grc' dir='ltr'>ἦλον</span> <span class='ocrx_word' id='word_1_362' title='bbox 2457 2483 2567 2536; x_wconf 83' lang='grc' dir='ltr'>ἀπὸ</span> <span class='ocrx_word' id='word_1_363' title='bbox 2599 2481 2690 2535; x_wconf 86' lang='grc' dir='ltr'><strong>τοῦ</strong></span> <span class='ocrx_word' id='word_1_364' title='bbox 2740 2481 2922 2552; x_wconf 83' lang='grc' dir='ltr'>τιμίου</span> <span class='ocrx_word' id='word_1_365' title='bbox 2965 2479 3239 2551; x_wconf 82' lang='grc' dir='ltr'>ληφθέντα</span> <span class='ocrx_word' id='word_1_366' title='bbox 3267 2468 3527 2549; x_wconf 70' lang='grc' dir='ltr'>σταυροῦ,</span> <span class='ocrx_word' id='word_1_367' title='bbox 3558 2478 3611 2531; x_wconf 87' lang='grc' dir='ltr'><strong>τί</strong></span> <span class='ocrx_word' id='word_1_368' title='bbox 3642 2478 3758 2530; x_wconf 78' lang='grc' dir='ltr'>ἓτε-</span> 
     </span>
    </p>
   </div>
   <div class='ocr_carea' id='block_1_49' title="bbox 2174 2568 3757 2648">
    <p class='ocr_par' dir='ltr' id='par_1_49' title="bbox 2174 2568 3757 2648">
     <span class='ocr_line' id='line_1_49' title="bbox 2174 2568 3757 2648; baseline -0.005 -19"><span class='ocrx_word' id='word_1_369' title='bbox 2174 2593 2265 2648; x_wconf 86' lang='grc' dir='ltr'><strong>ρον</strong></span> <span class='ocrx_word' id='word_1_370' title='bbox 2293 2577 2427 2646; x_wconf 82' lang='grc' dir='ltr'>ήμῖν</span> <span class='ocrx_word' id='word_1_371' title='bbox 2465 2574 2836 2644; x_wconf 83' lang='grc' dir='ltr'>ύπεμφήνειεν</span> <span class='ocrx_word' id='word_1_372' title='bbox 2869 2572 2956 2637; x_wconf 87' lang='grc' dir='ltr'><strong>ἂν,</strong></span> <span class='ocrx_word' id='word_1_373' title='bbox 2987 2572 3018 2642; x_wconf 78' lang='grc' dir='ltr'><strong>ἢ</strong></span> <span class='ocrx_word' id='word_1_374' title='bbox 3065 2570 3318 2637; x_wconf 79' lang='grc' dir='ltr'>πλείστην</span> <span class='ocrx_word' id='word_1_375' title='bbox 3349 2571 3479 2639; x_wconf 84' lang='grc' dir='ltr'>ὅσην</span> <span class='ocrx_word' id='word_1_376' title='bbox 3513 2570 3604 2622; x_wconf 72' lang='grc' dir='ltr'><strong>καὶ</strong></span> <span class='ocrx_word' id='word_1_377' title='bbox 3643 2568 3757 2634; x_wconf 67' lang='grc' dir='ltr'>ἀξια</span> 
     </span>
    </p>
   </div>
   <div class='ocr_carea' id='block_1_50' title="bbox 2171 2661 3504 2736">
    <p class='ocr_par' dir='ltr' id='par_1_50' title="bbox 2171 2661 3504 2736">
     <span class='ocr_line' id='line_1_50' title="bbox 2171 2661 3504 2736; baseline -0.006 -15"><span class='ocrx_word' id='word_1_378' title='bbox 2171 2668 2406 2736; x_wconf 86' lang='grc' dir='ltr'>ἁγαστον</span> <span class='ocrx_word' id='word_1_379' title='bbox 2436 2664 2649 2736; x_wconf 83' lang='grc' dir='ltr'>ἀληθῶς</span> <span class='ocrx_word' id='word_1_380' title='bbox 2675 2663 2782 2717; x_wconf 87' lang='grc' dir='ltr'><strong>τῶν</strong></span> <span class='ocrx_word' id='word_1_381' title='bbox 2812 2662 3154 2734; x_wconf 81' lang='grc' dir='ltr'>κρατούντων</span> <span class='ocrx_word' id='word_1_382' title='bbox 3185 2661 3504 2724; x_wconf 74' lang='grc' dir='ltr'>εύσέϐειανς</span> 
     </span>
    </p>
   </div>
   <div class='ocr_carea' id='block_1_51' title="bbox 2242 2748 3756 2820">
    <p class='ocr_par' dir='ltr' id='par_1_51' title="bbox 2242 2748 3756 2820">
     <span class='ocr_line' id='line_1_51' title="bbox 2242 2748 3756 2820; baseline -0.007 -9"><span class='ocrx_word' id='word_1_383' title='bbox 2242 2757 2356 2812; x_wconf 89' lang='lat' dir='ltr'><strong>Kal</strong></span> <span class='ocrx_word' id='word_1_384' title='bbox 2383 2755 2626 2810; x_wconf 75' lang='grc' dir='ltr'>ἔσονται</span> <span class='ocrx_word' id='word_1_385' title='bbox 2669 2757 2723 2808; x_wconf 91' lang='grc' dir='ltr'>οἱ</span> <span class='ocrx_word' id='word_1_386' title='bbox 2756 2753 3007 2820; x_wconf 73' lang='grc' dir='ltr'>λέϐητες</span> <span class='ocrx_word' id='word_1_387' title='bbox 3032 2756 3084 2806; x_wconf 89' lang='lat' dir='ltr'><strong>ol</strong></span> <span class='ocrx_word' id='word_1_388' title='bbox 3116 2752 3185 2805; x_wconf 84' lang='grc' dir='ltr'><strong>ἐν</strong></span> <span class='ocrx_word' id='word_1_389' title='bbox 3217 2749 3294 2816; x_wconf 81' lang='grc' dir='ltr'>τῷ</span> <span class='ocrx_word' id='word_1_390' title='bbox 3321 2751 3462 2814; x_wconf 73' lang='grc' dir='ltr'>οἴκῳ</span> <span class='ocrx_word' id='word_1_391' title='bbox 3494 2748 3596 2804; x_wconf 85' lang='grc' dir='ltr'><strong>τοῦ</strong></span> <span class='ocrx_word' id='word_1_392' title='bbox 3640 2753 3756 2803; x_wconf 78' lang='grc' dir='ltr'><strong>Κυ-</strong></span> 
     </span>
    </p>
   </div>
   <div class='ocr_carea' id='block_1_52' title="bbox 2165 2843 3753 2918">
    <p class='ocr_par' dir='ltr' id='par_1_52' title="bbox 2165 2843 3753 2918">
     <span class='ocr_line' id='line_1_52' title="bbox 2165 2843 3753 2918; baseline -0.007 -15"><span class='ocrx_word' id='word_1_393' title='bbox 2165 2850 2306 2918; x_wconf 86' lang='grc' dir='ltr'>ρίου</span> <span class='ocrx_word' id='word_1_394' title='bbox 2349 2848 2430 2915; x_wconf 85' lang='grc' dir='ltr'>ὠς</span> <span class='ocrx_word' id='word_1_395' title='bbox 2477 2846 2684 2917; x_wconf 75' lang='grc' dir='ltr'>φιάλαι</span> <span class='ocrx_word' id='word_1_396' title='bbox 2739 2844 2851 2914; x_wconf 79' lang='grc' dir='ltr'>πρὸ</span> <span class='ocrx_word' id='word_1_397' title='bbox 2902 2843 3226 2912; x_wconf 80' lang='grc' dir='ltr'>προσώπου</span> <span class='ocrx_word' id='word_1_398' title='bbox 3276 2843 3382 2897; x_wconf 85' lang='grc' dir='ltr'><strong>τοῦ</strong></span> <span class='ocrx_word' id='word_1_399' title='bbox 3429 2846 3753 2908; x_wconf 57' lang='lat' dir='ltr'><strong>avenam&quot;.</strong></span> 
     </span>
    </p>
   </div>
   <div class='ocr_carea' id='block_1_53' title="bbox 2210 2943 2324 2995">
    <p class='ocr_par' dir='ltr' id='par_1_53' title="bbox 2210 2943 2324 2995">
     <span class='ocr_line' id='line_1_53' title="bbox 2210 2943 2324 2995; baseline -0.009 -1"><span class='ocrx_word' id='word_1_400' title='bbox 2210 2943 2324 2995; x_wconf 85' lang='grc' dir='ltr'>ίου.</span> 
     </span>
    </p>
   </div>
   <div class='ocr_carea' id='block_1_54' title="bbox 2169 2960 3757 3102">
    <p class='ocr_par' dir='ltr' id='par_1_54' title="bbox 2169 2960 3757 3102">
     <span class='ocr_line' id='line_1_54' title="bbox 2210 2960 2324 2995; baseline -0.009 -1"><span class='ocrx_word' id='word_1_401' title='bbox 2210 2960 2324 2995; x_wconf 88' lang='grc' dir='ltr'>ιου.</span> 
     </span>
     <span class='ocr_line' id='line_1_55' title="bbox 2169 2960 3757 3102; baseline -0.005 -16"><span class='ocrx_word' id='word_1_402' title='bbox 2169 2960 2204 3009; x_wconf 72' lang='grc' dir='ltr'>ρ</span> <span class='ocrx_word' id='word_1_403' title='bbox 2245 3033 2390 3088; x_wconf 87' lang='lat' dir='ltr'><strong>PlE&#39;.</strong></span> <span class='ocrx_word' id='word_1_404' title='bbox 2433 3031 2672 3100; x_wconf 82' lang='grc' dir='ltr'>Λέϐητες</span> <span class='ocrx_word' id='word_1_405' title='bbox 2705 3025 2844 3102; x_wconf 77' lang='grc' dir='ltr'>ἦσαν</span> <span class='ocrx_word' id='word_1_406' title='bbox 2877 3033 2934 3084; x_wconf 82' lang='grc' dir='ltr'>ἐν</span> <span class='ocrx_word' id='word_1_407' title='bbox 2969 3033 3034 3101; x_wconf 83' lang='grc' dir='ltr'>τῇ</span> <span class='ocrx_word' id='word_1_408' title='bbox 3068 3029 3198 3100; x_wconf 83' lang='grc' dir='ltr'>ἁγίᾳ</span> <span class='ocrx_word' id='word_1_409' title='bbox 3237 3030 3409 3100; x_wconf 83' lang='grc' dir='ltr'>σκηνῇ</span> <span class='ocrx_word' id='word_1_410' title='bbox 3453 3028 3546 3081; x_wconf 68' lang='grc' dir='ltr'><strong>καὶ</strong></span> <span class='ocrx_word' id='word_1_411' title='bbox 3580 3029 3636 3079; x_wconf 79' lang='grc' dir='ltr'>ὲν</span> <span class='ocrx_word' id='word_1_412' title='bbox 3678 3026 3757 3097; x_wconf 76' lang='grc' dir='ltr'>τῷ</span> 
     </span>
    </p>
   </div>
   <div class='ocr_carea' id='block_1_55' title="bbox 499 3114 2073 3197">
    <p class='ocr_par' dir='ltr' id='par_1_55' title="bbox 499 3120 2067 3195">
     <span class='ocr_line' id='line_1_56' title="bbox 499 3120 2067 3195; baseline -0.004 -15"><span class='ocrx_word' id='word_1_413' title='bbox 499 3125 699 3195; x_wconf 89' lang='lat' dir='ltr'><strong>templo</strong></span> <span class='ocrx_word' id='word_1_414' title='bbox 725 3133 848 3192; x_wconf 92' lang='lat' dir='ltr'><strong>post</strong></span> <span class='ocrx_word' id='word_1_415' title='bbox 881 3121 1011 3176; x_wconf 91' lang='lat' dir='ltr'><strong>illud</strong></span> <span class='ocrx_word' id='word_1_416' title='bbox 1042 3130 1343 3187; x_wconf 77' lang='lat' dir='ltr'><strong>exstructo,</strong></span> <span class='ocrx_word' id='word_1_417' title='bbox 1367 3121 1421 3175; x_wconf 91' lang='lat' dir='ltr'><strong>in</strong></span> <span class='ocrx_word' id='word_1_418' title='bbox 1452 3120 1648 3190; x_wconf 90' lang='lat' dir='ltr'><strong>quibus</strong></span> <span class='ocrx_word' id='word_1_419' title='bbox 1675 3121 2067 3176; x_wconf 76' lang='lat' dir='ltr'><strong>sacriﬁciorum</strong></span> 
     </span>
    </p>
   </div>
   <div class='ocr_carea' id='block_1_56' title="bbox 2172 3114 3754 3197">
    <p class='ocr_par' dir='ltr' id='par_1_56' title="bbox 2176 3114 3754 3197">
     <span class='ocr_line' id='line_1_57' title="bbox 2176 3114 3754 3197; baseline -0.007 -17"><span class='ocrx_word' id='word_1_420' title='bbox 2176 3128 2315 3197; x_wconf 84' lang='grc' dir='ltr'>μετὰ</span> <span class='ocrx_word' id='word_1_421' title='bbox 2352 3126 2524 3179; x_wconf 87' lang='grc' dir='ltr'>ταῦτα</span> <span class='ocrx_word' id='word_1_422' title='bbox 2572 3120 3086 3193; x_wconf 71' lang='grc' dir='ltr'>κατεσκευασμένῳ</span> <span class='ocrx_word' id='word_1_423' title='bbox 3117 3121 3251 3192; x_wconf 84' lang='grc' dir='ltr'>ναῷ,</span> <span class='ocrx_word' id='word_1_424' title='bbox 3306 3123 3366 3174; x_wconf 82' lang='grc' dir='ltr'>ὲν</span> <span class='ocrx_word' id='word_1_425' title='bbox 3409 3114 3491 3184; x_wconf 72' lang='grc' dir='ltr'>οἷς</span> <span class='ocrx_word' id='word_1_426' title='bbox 3535 3121 3604 3174; x_wconf 84' lang='grc' dir='ltr'>τὰ</span> <span class='ocrx_word' id='word_1_427' title='bbox 3646 3118 3754 3171; x_wconf 82' lang='grc' dir='ltr'>τῶν</span> 
     </span>
    </p>
   </div>
   <div class='ocr_carea' id='block_1_57' title="bbox 498 3211 2073 3288">
    <p class='ocr_par' dir='ltr' id='par_1_57' title="bbox 498 3212 2068 3284">
     <span class='ocr_line' id='line_1_58' title="bbox 498 3212 2068 3284; baseline -0.002 -13"><span class='ocrx_word' id='word_1_428' title='bbox 498 3229 692 3271; x_wconf 86' lang='lat' dir='ltr'><strong>carnes</strong></span> <span class='ocrx_word' id='word_1_429' title='bbox 715 3213 1106 3284; x_wconf 90' lang='lat' dir='ltr'><strong>coquebantur,</strong></span> <span class='ocrx_word' id='word_1_430' title='bbox 1141 3212 1552 3268; x_wconf 87' lang='lat' dir='ltr'><strong>absumentihus</strong></span> <span class='ocrx_word' id='word_1_431' title='bbox 1574 3226 1670 3266; x_wconf 89' lang='lat' dir='ltr'><strong>eas</strong></span> <span class='ocrx_word' id='word_1_432' title='bbox 1699 3213 2068 3268; x_wconf 75' lang='lat' dir='ltr'><strong>sacerdotibus</strong></span> 
     </span>
    </p>
   </div>
   <div class='ocr_carea' id='block_1_58' title="bbox 2172 3211 3756 3288">
    <p class='ocr_par' dir='ltr' id='par_1_58' title="bbox 2172 3211 3756 3288">
     <span class='ocr_line' id='line_1_59' title="bbox 2172 3211 3756 3288; baseline -0.006 -16"><span class='ocrx_word' id='word_1_433' title='bbox 2172 3218 2368 3272; x_wconf 83' lang='grc' dir='ltr'>θυσιῶν</span> <span class='ocrx_word' id='word_1_434' title='bbox 2397 3218 2567 3288; x_wconf 78' lang='grc' dir='ltr'>ἥψετο</span> <span class='ocrx_word' id='word_1_435' title='bbox 2589 3217 2749 3288; x_wconf 83' lang='grc' dir='ltr'>κρέα,</span> <span class='ocrx_word' id='word_1_436' title='bbox 2779 3214 3140 3268; x_wconf 84' lang='grc' dir='ltr'>δαπανώντων</span> <span class='ocrx_word' id='word_1_437' title='bbox 3168 3212 3307 3266; x_wconf 81' lang='grc' dir='ltr'>αὐτὰ</span> <span class='ocrx_word' id='word_1_438' title='bbox 3341 3211 3450 3265; x_wconf 82' lang='grc' dir='ltr'><strong>τῶν</strong></span> <span class='ocrx_word' id='word_1_439' title='bbox 3480 3211 3668 3282; x_wconf 80' lang='grc' dir='ltr'>ἱερέων</span> <span class='ocrx_word' id='word_1_440' title='bbox 3698 3213 3756 3264; x_wconf 83' lang='grc' dir='ltr'>ὲν</span> 
     </span>
    </p>
   </div>
   <div class='ocr_carea' id='block_1_59' title="bbox 502 3297 2073 3399">
    <p class='ocr_par' dir='ltr' id='par_1_59' title="bbox 502 3303 2070 3373">
     <span class='ocr_line' id='line_1_60' title="bbox 502 3303 2070 3373; baseline -0.001 -12"><span class='ocrx_word' id='word_1_441' title='bbox 502 3309 555 3361; x_wconf 91' lang='lat' dir='ltr'><strong>in</strong></span> <span class='ocrx_word' id='word_1_442' title='bbox 586 3307 701 3361; x_wconf 89' lang='lat' dir='ltr'><strong>loco</strong></span> <span class='ocrx_word' id='word_1_443' title='bbox 743 3314 956 3372; x_wconf 89' lang='lat' dir='ltr'><strong>sancto,</strong></span> <span class='ocrx_word' id='word_1_444' title='bbox 988 3303 1105 3373; x_wconf 81' lang='lat' dir='ltr'><strong>lege</strong></span> <span class='ocrx_word' id='word_1_445' title='bbox 1133 3303 1186 3358; x_wconf 89' lang='lat' dir='ltr'><strong>id</strong></span> <span class='ocrx_word' id='word_1_446' title='bbox 1233 3303 1350 3357; x_wconf 84' lang='lat' dir='ltr'><strong>ﬁeri</strong></span> <span class='ocrx_word' id='word_1_447' title='bbox 1382 3303 1703 3373; x_wconf 86' lang='lat' dir='ltr'><strong>imperante,</strong></span> <span class='ocrx_word' id='word_1_448' title='bbox 1736 3319 1802 3359; x_wconf 89' lang='lat' dir='ltr'><strong>ne</strong></span> <span class='ocrx_word' id='word_1_449' title='bbox 1829 3307 2070 3360; x_wconf 85' lang='lat' dir='ltr'><strong>sanctiﬁ-</strong></span> 
     </span>
    </p>
   </div>
   <div class='ocr_carea' id='block_1_60' title="bbox 2172 3297 3752 3399">
    <p class='ocr_par' dir='ltr' id='par_1_60' title="bbox 2180 3297 3752 3380">
     <span class='ocr_line' id='line_1_61' title="bbox 2180 3297 3752 3380; baseline -0.006 -18"><span class='ocrx_word' id='word_1_450' title='bbox 2180 3310 2331 3380; x_wconf 82' lang='grc' dir='ltr'>τόπῳ</span> <span class='ocrx_word' id='word_1_451' title='bbox 2357 3307 2516 3378; x_wconf 85' lang='grc' dir='ltr'>ἁγίῳ,</span> <span class='ocrx_word' id='word_1_452' title='bbox 2546 3307 2640 3360; x_wconf 75' lang='grc' dir='ltr'>καὶ</span> <span class='ocrx_word' id='word_1_453' title='bbox 2667 3297 2822 3357; x_wconf 83' lang='grc' dir='ltr'>τοῦτο</span> <span class='ocrx_word' id='word_1_454' title='bbox 2854 3305 2944 3357; x_wconf 86' lang='grc' dir='ltr'><strong>τοῦ</strong></span> <span class='ocrx_word' id='word_1_455' title='bbox 2971 3303 3135 3374; x_wconf 81' lang='grc' dir='ltr'>νόμου</span> <span class='ocrx_word' id='word_1_456' title='bbox 3159 3301 3430 3356; x_wconf 79' lang='grc' dir='ltr'>τελεῖσθαι</span> <span class='ocrx_word' id='word_1_457' title='bbox 3452 3316 3752 3371; x_wconf 86' lang='grc' dir='ltr'>προστετα-</span> 
     </span>
    </p>
   </div>
   <div class='ocr_carea' id='block_1_61' title="bbox 498 3391 2073 3472">
    <p class='ocr_par' dir='ltr' id='par_1_61' title="bbox 498 3391 2073 3464">
     <span class='ocr_line' id='line_1_62' title="bbox 498 3391 2073 3464; baseline 0 -13"><span class='ocrx_word' id='word_1_458' title='bbox 498 3406 619 3452; x_wconf 90' lang='lat' dir='ltr'><strong>cata</strong></span> <span class='ocrx_word' id='word_1_459' title='bbox 650 3405 804 3450; x_wconf 81' lang='lat' dir='ltr'><strong>extra</strong></span> <span class='ocrx_word' id='word_1_460' title='bbox 834 3401 1021 3448; x_wconf 86' lang='lat' dir='ltr'><strong>sancta</strong></span> <span class='ocrx_word' id='word_1_461' title='bbox 1054 3394 1172 3448; x_wconf 90' lang='lat' dir='ltr'><strong>loca</strong></span> <span class='ocrx_word' id='word_1_462' title='bbox 1201 3391 1549 3447; x_wconf 67' lang='lat' dir='ltr'><strong>efferrentur.</strong></span> <span class='ocrx_word' id='word_1_463' title='bbox 1579 3393 1871 3464; x_wconf 86' lang='lat' dir='ltr'><strong>Postquam</strong></span> <span class='ocrx_word' id='word_1_464' title='bbox 1895 3407 2073 3451; x_wconf 91' lang='lat' dir='ltr'><strong>autem</strong></span> 
     </span>
    </p>
   </div>
   <div class='ocr_carea' id='block_1_62' title="bbox 2172 3391 3756 3472">
    <p class='ocr_par' dir='ltr' id='par_1_62' title="bbox 2182 3393 3756 3472">
     <span class='ocr_line' id='line_1_63' title="bbox 2182 3393 3756 3472; baseline -0.006 -18"><span class='ocrx_word' id='word_1_465' title='bbox 2182 3401 2358 3472; x_wconf 81' lang='grc' dir='ltr'>χότος,</span> <span class='ocrx_word' id='word_1_466' title='bbox 2386 3399 2460 3463; x_wconf 87' lang='grc' dir='ltr'>ὡς</span> <span class='ocrx_word' id='word_1_467' title='bbox 2500 3398 2566 3452; x_wconf 82' lang='grc' dir='ltr'>ἂν</span> <span class='ocrx_word' id='word_1_468' title='bbox 2615 3399 2690 3470; x_wconf 83' lang='grc' dir='ltr'>μὴ</span> <span class='ocrx_word' id='word_1_469' title='bbox 2735 3396 2840 3463; x_wconf 78' lang='grc' dir='ltr'><strong>ἔξω</strong></span> <span class='ocrx_word' id='word_1_470' title='bbox 2875 3415 2976 3451; x_wconf 89' lang='grc' dir='ltr'><strong>που</strong></span> <span class='ocrx_word' id='word_1_471' title='bbox 3022 3397 3130 3451; x_wconf 80' lang='grc' dir='ltr'><strong>τῶν</strong></span> <span class='ocrx_word' id='word_1_472' title='bbox 3178 3394 3338 3468; x_wconf 84' lang='grc' dir='ltr'>ἱερῶν</span> <span class='ocrx_word' id='word_1_473' title='bbox 3381 3393 3756 3464; x_wconf 75' lang='grc' dir='ltr'>ἐκκομίζοιντο</span> 
     </span>
    </p>
   </div>
   <div class='ocr_carea' id='block_1_63' title="bbox 498 3484 2073 3556">
    <p class='ocr_par' dir='ltr' id='par_1_63' title="bbox 498 3484 2073 3556">
     <span class='ocr_line' id='line_1_64' title="bbox 498 3484 2073 3556; baseline 0 -15"><span class='ocrx_word' id='word_1_474' title='bbox 498 3487 778 3542; x_wconf 78' lang='lat' dir='ltr'><strong>veteribus</strong></span> <span class='ocrx_word' id='word_1_475' title='bbox 827 3485 934 3540; x_wconf 89' lang='lat' dir='ltr'><strong>illis</strong></span> <span class='ocrx_word' id='word_1_476' title='bbox 982 3485 1175 3539; x_wconf 88' lang='lat' dir='ltr'><strong>ritibus</strong></span> <span class='ocrx_word' id='word_1_477' title='bbox 1222 3484 1432 3550; x_wconf 89' lang='lat' dir='ltr'><strong>desitis,</strong></span> <span class='ocrx_word' id='word_1_478' title='bbox 1485 3486 1748 3556; x_wconf 87' lang='lat' dir='ltr'><strong>mysteria</strong></span> <span class='ocrx_word' id='word_1_479' title='bbox 1795 3487 1952 3543; x_wconf 88' lang='lat' dir='ltr'><strong>nobis</strong></span> <span class='ocrx_word' id='word_1_480' title='bbox 2008 3492 2073 3541; x_wconf 91' lang='lat' dir='ltr'><strong>ad</strong></span> 
     </span>
    </p>
   </div>
   <div class='ocr_carea' id='block_1_64' title="bbox 407 3561 2075 3646">
    <p class='ocr_par' dir='ltr' id='par_1_64' title="bbox 407 3561 2075 3646">
     <span class='ocr_line' id='line_1_65' title="bbox 407 3561 2075 3646; baseline -0.001 -12"><span class='ocrx_word' id='word_1_481' title='bbox 407 3561 426 3585; x_wconf 34' lang='grc' dir='ltr'>χ</span> <span class='ocrx_word' id='word_1_482' title='bbox 501 3581 664 3634; x_wconf 87' lang='lat' dir='ltr'><strong>aliam</strong></span> <span class='ocrx_word' id='word_1_483' title='bbox 702 3579 868 3634; x_wconf 86' lang='lat' dir='ltr'><strong>divini</strong></span> <span class='ocrx_word' id='word_1_484' title='bbox 897 3577 1076 3634; x_wconf 86' lang='lat' dir='ltr'><strong>cultus</strong></span> <span class='ocrx_word' id='word_1_485' title='bbox 1122 3578 1387 3631; x_wconf 86' lang='lat' dir='ltr'><strong>rationem</strong></span> <span class='ocrx_word' id='word_1_486' title='bbox 1435 3579 1786 3646; x_wconf 87' lang='lat' dir='ltr'><strong>transierunt,</strong></span> <span class='ocrx_word' id='word_1_487' title='bbox 1833 3593 1932 3634; x_wconf 91' lang='lat' dir='ltr'><strong>nec</strong></span> <span class='ocrx_word' id='word_1_488' title='bbox 1962 3596 2075 3633; x_wconf 83' lang='lat' dir='ltr'><strong>am-</strong></span> 
     </span>
    </p>
   </div>
   <div class='ocr_carea' id='block_1_65' title="bbox 503 3669 2075 3741">
    <p class='ocr_par' dir='ltr' id='par_1_65' title="bbox 503 3669 2075 3741">
     <span class='ocr_line' id='line_1_66' title="bbox 503 3669 2075 3741; baseline 0.003 -19"><span class='ocrx_word' id='word_1_489' title='bbox 503 3673 642 3741; x_wconf 76' lang='lat' dir='ltr'><strong>plius</strong></span> <span class='ocrx_word' id='word_1_490' title='bbox 675 3671 860 3726; x_wconf 91' lang='lat' dir='ltr'><strong>ovium</strong></span> <span class='ocrx_word' id='word_1_491' title='bbox 894 3669 1331 3734; x_wconf 88' lang='lat' dir='ltr'><strong>mactationibus,</strong></span> <span class='ocrx_word' id='word_1_492' title='bbox 1367 3677 1422 3722; x_wconf 91' lang='lat' dir='ltr'><strong>et</strong></span> <span class='ocrx_word' id='word_1_493' title='bbox 1448 3670 1624 3736; x_wconf 87' lang='lat' dir='ltr'><strong>thure,</strong></span> <span class='ocrx_word' id='word_1_494' title='bbox 1669 3671 1763 3725; x_wconf 91' lang='lat' dir='ltr'><strong>sed</strong></span> <span class='ocrx_word' id='word_1_495' title='bbox 1792 3672 2075 3727; x_wconf 76' lang='lat' dir='ltr'><strong>sacriﬁciis</strong></span> 
     </span>
    </p>
   </div>
   <div class='ocr_carea' id='block_1_66' title="bbox 501 3760 2076 3834">
    <p class='ocr_par' dir='ltr' id='par_1_66' title="bbox 501 3760 2076 3834">
     <span class='ocr_line' id='line_1_67' title="bbox 501 3760 2076 3834; baseline 0.001 -18"><span class='ocrx_word' id='word_1_496' title='bbox 501 3765 683 3834; x_wconf 84' lang='lat' dir='ltr'><strong>potius</strong></span> <span class='ocrx_word' id='word_1_497' title='bbox 744 3760 1044 3816; x_wconf 87' lang='lat' dir='ltr'><strong>incruentis</strong></span> <span class='ocrx_word' id='word_1_498' title='bbox 1091 3761 1466 3814; x_wconf 90' lang='lat' dir='ltr'><strong>universorum</strong></span> <span class='ocrx_word' id='word_1_499' title='bbox 1521 3760 1732 3831; x_wconf 89' lang='lat' dir='ltr'><strong>Deum,</strong></span> <span class='ocrx_word' id='word_1_500' title='bbox 1791 3762 2076 3834; x_wconf 79' lang='lat' dir='ltr'><strong>ipsumque</strong></span> 
     </span>
    </p>
   </div>
   <div class='ocr_carea' id='block_1_67' title="bbox 503 3850 2076 3926">
    <p class='ocr_par' dir='ltr' id='par_1_67' title="bbox 503 3850 2076 3926">
     <span class='ocr_line' id='line_1_68' title="bbox 503 3850 2076 3926; baseline 0.003 -20"><span class='ocrx_word' id='word_1_501' title='bbox 503 3855 881 3908; x_wconf 87' lang='lat' dir='ltr'><strong>universorum</strong></span> <span class='ocrx_word' id='word_1_502' title='bbox 915 3850 1249 3907; x_wconf 89' lang='lat' dir='ltr'><strong>Salvatorem</strong></span> <span class='ocrx_word' id='word_1_503' title='bbox 1298 3852 1595 3918; x_wconf 88' lang='lat' dir='ltr'><strong>Christum,</strong></span> <span class='ocrx_word' id='word_1_504' title='bbox 1630 3854 1913 3910; x_wconf 86' lang='lat' dir='ltr'><strong>sacriﬁciis</strong></span> <span class='ocrx_word' id='word_1_505' title='bbox 1955 3871 2076 3926; x_wconf 66' lang='lat' dir='ltr'><strong>quae</strong></span> 
     </span>
    </p>
   </div>
   <div class='ocr_carea' id='block_1_68' title="bbox 505 3943 2074 4016">
    <p class='ocr_par' dir='ltr' id='par_1_68' title="bbox 505 3943 2074 4016">
     <span class='ocr_line' id='line_1_69' title="bbox 505 3943 2074 4016; baseline 0.001 -15"><span class='ocrx_word' id='word_1_506' title='bbox 505 3948 894 4016; x_wconf 77' lang='lat' dir='ltr'><strong>intelliguntur,</strong></span> <span class='ocrx_word' id='word_1_507' title='bbox 931 3946 984 4000; x_wconf 92' lang='lat' dir='ltr'><strong>in</strong></span> <span class='ocrx_word' id='word_1_508' title='bbox 1014 3943 1272 4000; x_wconf 88' lang='lat' dir='ltr'><strong>Ecclesiis</strong></span> <span class='ocrx_word' id='word_1_509' title='bbox 1294 3947 1563 4014; x_wconf 91' lang='lat' dir='ltr'><strong>quomodo</strong></span> <span class='ocrx_word' id='word_1_510' title='bbox 1592 3961 1912 4002; x_wconf 87' lang='lat' dir='ltr'><strong>veneremur</strong></span> <span class='ocrx_word' id='word_1_511' title='bbox 1932 3949 2074 4002; x_wconf 89' lang='lat' dir='ltr'><strong>docti</strong></span> 
     </span>
    </p>
   </div>
   <div class='ocr_carea' id='block_1_69' title="bbox 502 4034 2072 4108">
    <p class='ocr_par' dir='ltr' id='par_1_69' title="bbox 502 4034 2072 4108">
     <span class='ocr_line' id='line_1_70' title="bbox 502 4034 2072 4108; baseline 0.001 -16"><span class='ocrx_word' id='word_1_512' title='bbox 502 4051 706 4103; x_wconf 83' lang='lat' dir='ltr'><strong>sumus,</strong></span> <span class='ocrx_word' id='word_1_513' title='bbox 759 4051 857 4105; x_wconf 89' lang='lat' dir='ltr'><strong>pro</strong></span> <span class='ocrx_word' id='word_1_514' title='bbox 893 4034 1157 4091; x_wconf 85' lang='lat' dir='ltr'><strong>lebetibus</strong></span> <span class='ocrx_word' id='word_1_515' title='bbox 1201 4035 1324 4090; x_wconf 88' lang='lat' dir='ltr'><strong>aliis</strong></span> <span class='ocrx_word' id='word_1_516' title='bbox 1368 4037 1516 4091; x_wconf 87' lang='lat' dir='ltr'><strong>vasis</strong></span> <span class='ocrx_word' id='word_1_517' title='bbox 1569 4039 1796 4104; x_wconf 87' lang='lat' dir='ltr'><strong>utimur,</strong></span> <span class='ocrx_word' id='word_1_518' title='bbox 1840 4055 1976 4108; x_wconf 87' lang='lat' dir='ltr'><strong>quas</strong></span> <span class='ocrx_word' id='word_1_519' title='bbox 2022 4050 2072 4093; x_wconf 90' lang='lat' dir='ltr'><strong>et</strong></span> 
     </span>
    </p>
   </div>
   <div class='ocr_carea' id='block_1_70' title="bbox 503 4126 2074 4197">
    <p class='ocr_par' dir='ltr' id='par_1_70' title="bbox 503 4126 2074 4197">
     <span class='ocr_line' id='line_1_71' title="bbox 503 4126 2074 4197; baseline 0.003 -16"><span class='ocrx_word' id='word_1_520' title='bbox 503 4128 712 4196; x_wconf 88' lang='lat' dir='ltr'><strong>phialas</strong></span> <span class='ocrx_word' id='word_1_521' title='bbox 751 4128 1017 4197; x_wconf 83' lang='lat' dir='ltr'><strong>propheta</strong></span> <span class='ocrx_word' id='word_1_522' title='bbox 1069 4129 1171 4182; x_wconf 90' lang='lat' dir='ltr'><strong>hoc</strong></span> <span class='ocrx_word' id='word_1_523' title='bbox 1209 4126 1333 4182; x_wconf 84' lang='lat' dir='ltr'><strong>loco</strong></span> <span class='ocrx_word' id='word_1_524' title='bbox 1382 4128 1532 4184; x_wconf 89' lang='lat' dir='ltr'><strong>dicit.</strong></span> <span class='ocrx_word' id='word_1_525' title='bbox 1581 4127 1706 4183; x_wconf 57' lang='lat' dir='ltr'><strong>Haec</strong></span> <span class='ocrx_word' id='word_1_526' title='bbox 1752 4144 1914 4197; x_wconf 88' lang='lat' dir='ltr'><strong>porro</strong></span> <span class='ocrx_word' id='word_1_527' title='bbox 1949 4146 2074 4186; x_wconf 87' lang='lat' dir='ltr'><strong>vasa</strong></span> 
     </span>
    </p>
   </div>
   <div class='ocr_carea' id='block_1_71' title="bbox 505 4221 2076 4294">
    <p class='ocr_par' dir='ltr' id='par_1_71' title="bbox 505 4221 2076 4294">
     <span class='ocr_line' id='line_1_72' title="bbox 505 4221 2076 4294; baseline 0.003 -19"><span class='ocrx_word' id='word_1_528' title='bbox 505 4221 812 4276; x_wconf 86' lang='lat' dir='ltr'><strong>bibentibus</strong></span> <span class='ocrx_word' id='word_1_529' title='bbox 865 4221 1304 4276; x_wconf 88' lang='lat' dir='ltr'><strong>commodissima</strong></span> <span class='ocrx_word' id='word_1_530' title='bbox 1339 4229 1437 4276; x_wconf 87' lang='lat' dir='ltr'><strong>:et</strong></span> <span class='ocrx_word' id='word_1_531' title='bbox 1487 4221 1749 4294; x_wconf 81' lang='lat' dir='ltr'><strong>intelliget</strong></span> <span class='ocrx_word' id='word_1_532' title='bbox 1780 4225 1939 4294; x_wconf 89' lang='lat' dir='ltr'><strong>plane</strong></span> <span class='ocrx_word' id='word_1_533' title='bbox 1986 4240 2076 4279; x_wconf 85' lang='lat' dir='ltr'><strong>sa-</strong></span> 
     </span>
    </p>
   </div>
   <div class='ocr_carea' id='block_1_72' title="bbox 505 4313 2074 4384">
    <p class='ocr_par' dir='ltr' id='par_1_72' title="bbox 505 4313 2074 4384">
     <span class='ocr_line' id='line_1_73' title="bbox 505 4313 2074 4384; baseline 0.004 -18"><span class='ocrx_word' id='word_1_534' title='bbox 505 4315 658 4384; x_wconf 85' lang='lat' dir='ltr'><strong>piens</strong></span> <span class='ocrx_word' id='word_1_535' title='bbox 693 4313 905 4368; x_wconf 90' lang='lat' dir='ltr'><strong>auditor</strong></span> <span class='ocrx_word' id='word_1_536' title='bbox 937 4313 1068 4383; x_wconf 89' lang='lat' dir='ltr'><strong>quid</strong></span> <span class='ocrx_word' id='word_1_537' title='bbox 1113 4313 1470 4384; x_wconf 81' lang='lat' dir='ltr'><strong>signiﬁcetur,</strong></span> <span class='ocrx_word' id='word_1_538' title='bbox 1519 4317 1735 4371; x_wconf 86' lang='lat' dir='ltr'><strong>tametsi</strong></span> <span class='ocrx_word' id='word_1_539' title='bbox 1788 4319 2074 4373; x_wconf 91' lang='lat' dir='ltr'><strong>obscurius</strong></span> 
     </span>
    </p>
   </div>
   <div class='ocr_carea' id='block_1_73' title="bbox 505 4405 2072 4477">
    <p class='ocr_par' dir='ltr' id='par_1_73' title="bbox 505 4405 2072 4477">
     <span class='ocr_line' id='line_1_74' title="bbox 505 4405 2072 4477; baseline 0.005 -21"><span class='ocrx_word' id='word_1_540' title='bbox 505 4420 667 4474; x_wconf 78' lang='lat' dir='ltr'><strong>quam</strong></span> <span class='ocrx_word' id='word_1_541' title='bbox 688 4413 902 4475; x_wconf 88' lang='lat' dir='ltr'><strong>oportet</strong></span> <span class='ocrx_word' id='word_1_542' title='bbox 939 4406 989 4459; x_wconf 91' lang='lat' dir='ltr'><strong>id</strong></span> <span class='ocrx_word' id='word_1_543' title='bbox 1008 4421 1036 4458; x_wconf 89' lang='lat' dir='ltr'><strong>a</strong></span> <span class='ocrx_word' id='word_1_544' title='bbox 1060 4406 1213 4460; x_wconf 87' lang='lat' dir='ltr'><strong>nobis</strong></span> <span class='ocrx_word' id='word_1_545' title='bbox 1239 4405 1440 4461; x_wconf 92' lang='lat' dir='ltr'><strong>dictum</strong></span> <span class='ocrx_word' id='word_1_546' title='bbox 1465 4407 1558 4472; x_wconf 90' lang='lat' dir='ltr'><strong>sit,</strong></span> <span class='ocrx_word' id='word_1_547' title='bbox 1584 4409 1836 4477; x_wconf 86' lang='lat' dir='ltr'><strong>quoniam</strong></span> <span class='ocrx_word' id='word_1_548' title='bbox 1867 4409 1922 4462; x_wconf 88' lang='lat' dir='ltr'><strong>in</strong></span> <span class='ocrx_word' id='word_1_549' title='bbox 1947 4409 2072 4464; x_wconf 87' lang='lat' dir='ltr'><strong>abs-</strong></span> 
     </span>
    </p>
   </div>
   <div class='ocr_carea' id='block_1_74' title="bbox 505 4495 2074 4572">
    <p class='ocr_par' dir='ltr' id='par_1_74' title="bbox 505 4495 2074 4572">
     <span class='ocr_line' id='line_1_75' title="bbox 505 4495 2074 4572; baseline 0.006 -24"><span class='ocrx_word' id='word_1_550' title='bbox 505 4495 738 4548; x_wconf 87' lang='lat' dir='ltr'><strong>conditis</strong></span> <span class='ocrx_word' id='word_1_551' title='bbox 790 4497 1076 4550; x_wconf 86' lang='lat' dir='ltr'><strong>narrandis</strong></span> <span class='ocrx_word' id='word_1_552' title='bbox 1112 4496 1390 4553; x_wconf 84' lang='lat' dir='ltr'><strong>hreviores</strong></span> <span class='ocrx_word' id='word_1_553' title='bbox 1437 4511 1558 4554; x_wconf 81' lang='lat' dir='ltr'><strong>esse</strong></span> <span class='ocrx_word' id='word_1_554' title='bbox 1602 4499 1881 4556; x_wconf 80' lang='lat' dir='ltr'><strong>debemus.</strong></span> <span class='ocrx_word' id='word_1_555' title='bbox 1933 4502 2074 4572; x_wconf 75' lang='lat' dir='ltr'><strong>Ergo</strong></span> 
     </span>
    </p>
   </div>
   <div class='ocr_carea' id='block_1_75' title="bbox 505 4584 2073 4662">
    <p class='ocr_par' dir='ltr' id='par_1_75' title="bbox 505 4584 2073 4662">
     <span class='ocr_line' id='line_1_76' title="bbox 505 4584 2073 4662; baseline 0.008 -24"><span class='ocrx_word' id='word_1_556' title='bbox 505 4593 635 4639; x_wconf 92' lang='lat' dir='ltr'><strong>tunc</strong></span> <span class='ocrx_word' id='word_1_557' title='bbox 662 4584 879 4654; x_wconf 89' lang='lat' dir='ltr'><strong>quidem</strong></span> <span class='ocrx_word' id='word_1_558' title='bbox 925 4595 1081 4641; x_wconf 88' lang='lat' dir='ltr'><strong>erant</strong></span> <span class='ocrx_word' id='word_1_559' title='bbox 1127 4587 1330 4645; x_wconf 86' lang='lat' dir='ltr'><strong>lebetes</strong></span> <span class='ocrx_word' id='word_1_560' title='bbox 1372 4604 1558 4644; x_wconf 89' lang='lat' dir='ltr'><strong>:nunc</strong></span> <span class='ocrx_word' id='word_1_561' title='bbox 1600 4601 1782 4647; x_wconf 88' lang='lat' dir='ltr'><strong>autem</strong></span> <span class='ocrx_word' id='word_1_562' title='bbox 1831 4611 1851 4644; x_wconf 76' lang='grc' dir='ltr'><strong>ι</strong></span> <span class='ocrx_word' id='word_1_563' title='bbox 1879 4594 2073 4662; x_wconf 62' lang='lat' dir='ltr'><strong>phiala</strong></span> 
     </span>
    </p>
   </div>
   <div class='ocr_carea' id='block_1_76' title="bbox 505 4676 1152 4734">
    <p class='ocr_par' dir='ltr' id='par_1_76' title="bbox 505 4676 1152 4734">
     <span class='ocr_line' id='line_1_77' title="bbox 505 4676 1152 4734; baseline 0.002 -3"><span class='ocrx_word' id='word_1_564' title='bbox 505 4685 632 4732; x_wconf 87' lang='lat' dir='ltr'><strong>ante</strong></span> <span class='ocrx_word' id='word_1_565' title='bbox 657 4676 850 4732; x_wconf 83' lang='lat' dir='ltr'><strong>faciem</strong></span> <span class='ocrx_word' id='word_1_566' title='bbox 887 4677 1096 4734; x_wconf 89' lang='lat' dir='ltr'><strong>altaris.</strong></span> <span class='ocrx_word' id='word_1_567' title='bbox 1133 4697 1152 4732; x_wconf 78' lang='grc' dir='ltr'><strong>ι</strong></span> 
     </span>
    </p>
   </div>
   <div class='ocr_carea' id='block_1_77' title="bbox 578 4947 2072 5024">
    <p class='ocr_par' dir='ltr' id='par_1_77' title="bbox 578 4947 2072 5024">
     <span class='ocr_line' id='line_1_78' title="bbox 578 4947 2072 5024; baseline 0.005 -19"><span class='ocrx_word' id='word_1_568' title='bbox 578 4950 740 5005; x_wconf 68' lang='lat' dir='ltr'><strong>Vsus.</strong></span> <span class='ocrx_word' id='word_1_569' title='bbox 769 4948 860 5002; x_wconf 72' lang='grc'><strong>21.</strong></span> <span class='ocrx_word' id='word_1_570' title='bbox 902 4947 972 5001; x_wconf 85' lang='lat' dir='ltr'><strong>Et</strong></span> <span class='ocrx_word' id='word_1_571' title='bbox 1021 4949 1127 5003; x_wconf 77' lang='lat' dir='ltr'><strong>erit</strong></span> <span class='ocrx_word' id='word_1_572' title='bbox 1171 4952 1342 5006; x_wconf 85' lang='lat' dir='ltr'><strong>omnis</strong></span> <span class='ocrx_word' id='word_1_573' title='bbox 1389 4951 1525 5008; x_wconf 78' lang='lat' dir='ltr'><strong>lebes</strong></span> <span class='ocrx_word' id='word_1_574' title='bbox 1571 4956 1626 5009; x_wconf 85' lang='lat' dir='ltr'><strong>in</strong></span> <span class='ocrx_word' id='word_1_575' title='bbox 1667 4954 1984 5024; x_wconf 76' lang='lat' dir='ltr'><strong>Jerusalem,</strong></span> <span class='ocrx_word' id='word_1_576' title='bbox 2025 4971 2072 5012; x_wconf 82' lang='lat' dir='ltr'><strong>et</strong></span> 
     </span>
    </p>
   </div>
   <div class='ocr_carea' id='block_1_78' title="bbox 498 5040 2071 5113">
    <p class='ocr_par' dir='ltr' id='par_1_78' title="bbox 498 5040 2071 5113">
     <span class='ocr_line' id='line_1_79' title="bbox 498 5040 2071 5113; baseline 0.006 -20"><span class='ocrx_word' id='word_1_577' title='bbox 498 5041 553 5094; x_wconf 82' lang='lat' dir='ltr'><strong>in</strong></span> <span class='ocrx_word' id='word_1_578' title='bbox 607 5040 754 5094; x_wconf 80' lang='lat' dir='ltr'><strong>Juda</strong></span> <span class='ocrx_word' id='word_1_579' title='bbox 800 5051 1012 5095; x_wconf 84' lang='lat' dir='ltr'><strong>sanctus</strong></span> <span class='ocrx_word' id='word_1_580' title='bbox 1061 5040 1288 5097; x_wconf 87' lang='lat' dir='ltr'><strong>Domino</strong></span> <span class='ocrx_word' id='word_1_581' title='bbox 1340 5047 1705 5113; x_wconf 77' lang='lat' dir='ltr'><strong>omnipotenti.</strong></span> <span class='ocrx_word' id='word_1_582' title='bbox 1760 5047 1828 5100; x_wconf 85' lang='lat' dir='ltr'><strong>Et</strong></span> <span class='ocrx_word' id='word_1_583' title='bbox 1871 5051 2071 5104; x_wconf 78' lang='lat' dir='ltr'><strong>venient</strong></span> 
     </span>
    </p>
   </div>
   <div class='ocr_carea' id='block_1_79' title="bbox 503 5133 2068 5210">
    <p class='ocr_par' dir='ltr' id='par_1_79' title="bbox 503 5133 2068 5210">
     <span class='ocr_line' id='line_1_80' title="bbox 503 5133 2068 5210; baseline 0.007 -25"><span class='ocrx_word' id='word_1_584' title='bbox 503 5147 680 5187; x_wconf 82' lang='lat' dir='ltr'><strong>omnes</strong></span> <span class='ocrx_word' id='word_1_585' title='bbox 719 5133 1048 5188; x_wconf 79' lang='lat' dir='ltr'><strong>immolantes</strong></span> <span class='ocrx_word' id='word_1_586' title='bbox 1069 5172 1085 5198; x_wconf 89' lang='lat'><strong>,</strong></span> <span class='ocrx_word' id='word_1_587' title='bbox 1131 5145 1180 5188; x_wconf 81' lang='lat' dir='ltr'><strong>et</strong></span> <span class='ocrx_word' id='word_1_588' title='bbox 1213 5145 1417 5190; x_wconf 86' lang='lat' dir='ltr'><strong>sument</strong></span> <span class='ocrx_word' id='word_1_589' title='bbox 1457 5153 1522 5191; x_wconf 77' lang='lat' dir='ltr'><strong>ea:</strong></span> <span class='ocrx_word' id='word_1_590' title='bbox 1553 5138 1678 5207; x_wconf 80' lang='lat' dir='ltr'><strong>ipsis</strong></span> <span class='ocrx_word' id='word_1_591' title='bbox 1702 5176 1717 5203; x_wconf 93' lang='lat'><strong>,</strong></span> <span class='ocrx_word' id='word_1_592' title='bbox 1767 5151 1814 5193; x_wconf 85' lang='lat' dir='ltr'><strong>et</strong></span> <span class='ocrx_word' id='word_1_593' title='bbox 1849 5152 2068 5210; x_wconf 71' lang='lat' dir='ltr'><strong>coquant</strong></span> 
     </span>
    </p>
   </div>
   <div class='ocr_carea' id='block_1_80' title="bbox 503 5238 691 5277">
    <p class='ocr_par' dir='ltr' id='par_1_80' title="bbox 503 5238 691 5277">
     <span class='ocr_line' id='line_1_81' title="bbox 503 5238 691 5277; baseline 0.011 -3"><span class='ocrx_word' id='word_1_594' title='bbox 503 5238 560 5275; x_wconf 80' lang='grc' dir='ltr'>ιη</span> <span class='ocrx_word' id='word_1_595' title='bbox 594 5238 691 5277; x_wconf 70' lang='grc' dir='ltr'>ιιι.</span> 
     </span>
    </p>
   </div>
   <div class='ocr_carea' id='block_1_81' title="bbox 575 5309 2071 5379">
    <p class='ocr_par' dir='ltr' id='par_1_81' title="bbox 575 5309 2071 5379">
     <span class='ocr_line' id='line_1_82' title="bbox 575 5309 2071 5379; baseline 0.007 -11"><span class='ocrx_word' id='word_1_596' title='bbox 575 5310 758 5368; x_wconf 69' lang='lat' dir='ltr'><strong>CXVI.</strong></span> <span class='ocrx_word' id='word_1_597' title='bbox 803 5309 1030 5368; x_wconf 89' lang='lat' dir='ltr'><strong>Lebetas</strong></span> <span class='ocrx_word' id='word_1_598' title='bbox 1056 5323 1235 5379; x_wconf 87' lang='lat' dir='ltr'><strong>vocat,</strong></span> <span class='ocrx_word' id='word_1_599' title='bbox 1269 5313 1738 5375; x_wconf 54' lang='lat' dir='ltr'><strong>veteribus&#39;adhuc</strong></span> <span class='ocrx_word' id='word_1_600' title='bbox 1763 5321 2071 5379; x_wconf 85' lang='lat' dir='ltr'><strong>nominibus</strong></span> 
     </span>
    </p>
   </div>
   <div class='ocr_carea' id='block_1_82' title="bbox 508 5405 2067 5480">
    <p class='ocr_par' dir='ltr' id='par_1_82' title="bbox 508 5405 2067 5480">
     <span class='ocr_line' id='line_1_83' title="bbox 508 5405 2067 5480; baseline 0.006 -20"><span class='ocrx_word' id='word_1_601' title='bbox 508 5420 662 5470; x_wconf 87' lang='lat' dir='ltr'><strong>usus,</strong></span> <span class='ocrx_word' id='word_1_602' title='bbox 693 5419 822 5460; x_wconf 87' lang='lat' dir='ltr'><strong>vasa</strong></span> <span class='ocrx_word' id='word_1_603' title='bbox 858 5405 1107 5476; x_wconf 82' lang='lat' dir='ltr'><strong>mystica,</strong></span> <span class='ocrx_word' id='word_1_604' title='bbox 1129 5423 1249 5477; x_wconf 58' lang='lat' dir='ltr'><strong>quas</strong></span> <span class='ocrx_word' id='word_1_605' title='bbox 1281 5417 1337 5462; x_wconf 86' lang='lat' dir='ltr'><strong>et</strong></span> <span class='ocrx_word' id='word_1_606' title='bbox 1359 5418 1543 5464; x_wconf 87' lang='lat' dir='ltr'><strong>sancta</strong></span> <span class='ocrx_word' id='word_1_607' title='bbox 1571 5422 1716 5479; x_wconf 89' lang='lat' dir='ltr'><strong>sunt,</strong></span> <span class='ocrx_word' id='word_1_608' title='bbox 1743 5417 2067 5480; x_wconf 84' lang='lat' dir='ltr'><strong>veneranda,</strong></span> 
     </span>
    </p>
   </div>
   <div class='ocr_carea' id='block_1_83' title="bbox 506 5497 2068 5571">
    <p class='ocr_par' dir='ltr' id='par_1_83' title="bbox 506 5497 2068 5571">
     <span class='ocr_line' id='line_1_84' title="bbox 506 5497 2068 5571; baseline 0.007 -19"><span class='ocrx_word' id='word_1_609' title='bbox 506 5505 564 5552; x_wconf 89' lang='lat' dir='ltr'><strong>et</strong></span> <span class='ocrx_word' id='word_1_610' title='bbox 596 5497 831 5566; x_wconf 86' lang='lat' dir='ltr'><strong>pretiosa</strong></span> <span class='ocrx_word' id='word_1_611' title='bbox 868 5497 1032 5552; x_wconf 87' lang='lat' dir='ltr'><strong>etiam</strong></span> <span class='ocrx_word' id='word_1_612' title='bbox 1070 5499 1201 5568; x_wconf 88' lang='lat' dir='ltr'><strong>ipsis</strong></span> <span class='ocrx_word' id='word_1_613' title='bbox 1235 5500 1327 5570; x_wconf 93' lang='lat' dir='ltr'><strong>qui</strong></span> <span class='ocrx_word' id='word_1_614' title='bbox 1371 5501 1423 5555; x_wconf 92' lang='lat' dir='ltr'><strong>in</strong></span> <span class='ocrx_word' id='word_1_615' title='bbox 1454 5501 1774 5571; x_wconf 82' lang='lat' dir='ltr'><strong>Jerusalem,</strong></span> <span class='ocrx_word' id='word_1_616' title='bbox 1811 5507 1862 5561; x_wconf 94' lang='lat' dir='ltr'><strong>id</strong></span> <span class='ocrx_word' id='word_1_617' title='bbox 1905 5509 2068 5563; x_wconf 87' lang='lat' dir='ltr'><strong>estin</strong></span> 
     </span>
    </p>
   </div>
   <div class='ocr_carea' id='block_1_84' title="bbox 504 5585 2068 5660">
    <p class='ocr_par' dir='ltr' id='par_1_84' title="bbox 504 5585 2068 5660">
     <span class='ocr_line' id='line_1_85' title="bbox 504 5585 2068 5660; baseline 0.006 -14"><span class='ocrx_word' id='word_1_618' title='bbox 504 5585 748 5646; x_wconf 85' lang='lat' dir='ltr'><strong>Ecclesia</strong></span> <span class='ocrx_word' id='word_1_619' title='bbox 792 5596 939 5654; x_wconf 87' lang='lat' dir='ltr'><strong>sunt,</strong></span> <span class='ocrx_word' id='word_1_620' title='bbox 972 5589 1162 5660; x_wconf 89' lang='lat' dir='ltr'><strong>utique</strong></span> <span class='ocrx_word' id='word_1_621' title='bbox 1191 5591 1388 5649; x_wconf 86' lang='lat' dir='ltr'><strong>divinis</strong></span> <span class='ocrx_word' id='word_1_622' title='bbox 1410 5595 1786 5654; x_wconf 79' lang='lat' dir='ltr'><strong>sacerdoubus</strong></span> <span class='ocrx_word' id='word_1_623' title='bbox 1815 5608 1869 5655; x_wconf 89' lang='lat' dir='ltr'><strong>et</strong></span> <span class='ocrx_word' id='word_1_624' title='bbox 1906 5600 2068 5656; x_wconf 87' lang='lat' dir='ltr'><strong>mini-</strong></span> 
     </span>
    </p>
   </div>
   <div class='ocr_carea' id='block_1_85' title="bbox 574 5763 1284 5841">
    <p class='ocr_par' dir='ltr' id='par_1_85' title="bbox 574 5763 1284 5841">
     <span class='ocr_line' id='line_1_86' title="bbox 574 5763 1284 5841; baseline 0.007 -23"><span class='ocrx_word' id='word_1_625' title='bbox 574 5767 616 5800; x_wconf 76' lang='grc'><strong>³⁸</strong></span> <span class='ocrx_word' id='word_1_626' title='bbox 655 5763 722 5820; x_wconf 87' lang='lat' dir='ltr'><strong>ill</strong></span> <span class='ocrx_word' id='word_1_627' title='bbox 751 5765 882 5838; x_wconf 72' lang='lat' dir='ltr'><strong>Reg.</strong></span> <span class='ocrx_word' id='word_1_628' title='bbox 922 5781 1042 5833; x_wconf 82' lang='lat' dir='ltr'><strong>xm,</strong></span> <span class='ocrx_word' id='word_1_629' title='bbox 1071 5769 1106 5822; x_wconf 76' lang='lat'><strong>2</strong></span> <span class='ocrx_word' id='word_1_630' title='bbox 1133 5784 1284 5841; x_wconf 88' lang='lat' dir='ltr'><strong>seqq.</strong></span> 
     </span>
    </p>
   </div>
   <div class='ocr_carea' id='block_1_86' title="bbox 2179 3482 3754 3564">
    <p class='ocr_par' dir='ltr' id='par_1_86' title="bbox 2179 3482 3754 3564">
     <span class='ocr_line' id='line_1_87' title="bbox 2179 3482 3754 3564; baseline -0.008 -19"><span class='ocrx_word' id='word_1_631' title='bbox 2179 3491 2371 3564; x_wconf 84' lang='grc' dir='ltr'>χώρων</span> <span class='ocrx_word' id='word_1_632' title='bbox 2398 3489 2467 3543; x_wconf 85' lang='grc' dir='ltr'>τὰ</span> <span class='ocrx_word' id='word_1_633' title='bbox 2496 3489 2828 3560; x_wconf 83' lang='grc' dir='ltr'>ήγιασμένα.</span> <span class='ocrx_word' id='word_1_634' title='bbox 2869 3487 3086 3558; x_wconf 83' lang='grc' dir='ltr'>Ἐπειδὴ</span> <span class='ocrx_word' id='word_1_635' title='bbox 3117 3486 3173 3540; x_wconf 83' lang='grc' dir='ltr'>δὲ</span> <span class='ocrx_word' id='word_1_636' title='bbox 3199 3485 3308 3540; x_wconf 85' lang='grc' dir='ltr'>τῶν</span> <span class='ocrx_word' id='word_1_637' title='bbox 3338 3485 3581 3556; x_wconf 84' lang='grc' dir='ltr'>ἀρχαίων</span> <span class='ocrx_word' id='word_1_638' title='bbox 3612 3482 3754 3535; x_wconf 81' lang='grc' dir='ltr'>ὲκεί-</span> 
     </span>
    </p>
   </div>
   <div class='ocr_carea' id='block_1_87' title="bbox 2179 3575 3754 3652">
    <p class='ocr_par' dir='ltr' id='par_1_87' title="bbox 2179 3575 3754 3652">
     <span class='ocr_line' id='line_1_88' title="bbox 2179 3575 3754 3652; baseline -0.008 -14"><span class='ocrx_word' id='word_1_639' title='bbox 2179 3603 2283 3640; x_wconf 87' lang='grc' dir='ltr'><strong>νων</strong></span> <span class='ocrx_word' id='word_1_640' title='bbox 2309 3583 2445 3638; x_wconf 82' lang='grc' dir='ltr'>ἐθῶν</span> <span class='ocrx_word' id='word_1_641' title='bbox 2473 3577 2968 3652; x_wconf 85' lang='grc' dir='ltr'>ἀποπεπαυμένων,</span> <span class='ocrx_word' id='word_1_642' title='bbox 2997 3583 3076 3645; x_wconf 89' lang='grc' dir='ltr'>εἰς</span> <span class='ocrx_word' id='word_1_643' title='bbox 3113 3579 3297 3650; x_wconf 74' lang='grc' dir='ltr'>ἕτερον</span> <span class='ocrx_word' id='word_1_644' title='bbox 3339 3580 3472 3649; x_wconf 77' lang='grc' dir='ltr'>ἡμῖν</span> <span class='ocrx_word' id='word_1_645' title='bbox 3498 3575 3754 3646; x_wconf 87' lang='grc' dir='ltr'>λατρείας</span> 
     </span>
    </p>
   </div>
   <div class='ocr_carea' id='block_1_88' title="bbox 2177 3665 3754 3746">
    <p class='ocr_par' dir='ltr' id='par_1_88' title="bbox 2177 3665 3754 3746">
     <span class='ocr_line' id='line_1_89' title="bbox 2177 3665 3754 3746; baseline -0.006 -19"><span class='ocrx_word' id='word_1_646' title='bbox 2177 3673 2380 3746; x_wconf 87' lang='grc' dir='ltr'>τρόπον</span> <span class='ocrx_word' id='word_1_647' title='bbox 2410 3671 2835 3744; x_wconf 83' lang='grc' dir='ltr'>μετακεχὼρηκε</span> <span class='ocrx_word' id='word_1_648' title='bbox 2886 3669 2954 3724; x_wconf 85' lang='grc' dir='ltr'>τὰ</span> <span class='ocrx_word' id='word_1_649' title='bbox 2987 3669 3286 3740; x_wconf 87' lang='grc' dir='ltr'>μυστήρια,</span> <span class='ocrx_word' id='word_1_650' title='bbox 3335 3667 3431 3720; x_wconf 79' lang='grc' dir='ltr'><strong>καὶ</strong></span> <span class='ocrx_word' id='word_1_651' title='bbox 3475 3665 3754 3737; x_wconf 86' lang='grc' dir='ltr'>μηλοσφα-</span> 
     </span>
    </p>
   </div>
   <div class='ocr_carea' id='block_1_89' title="bbox 2179 3755 3752 3837">
    <p class='ocr_par' dir='ltr' id='par_1_89' title="bbox 2179 3755 3752 3837">
     <span class='ocr_line' id='line_1_90' title="bbox 2179 3755 3752 3837; baseline -0.006 -19"><span class='ocrx_word' id='word_1_652' title='bbox 2179 3767 2325 3836; x_wconf 88' lang='grc' dir='ltr'>γίαις</span> <span class='ocrx_word' id='word_1_653' title='bbox 2361 3765 2460 3837; x_wconf 83' lang='grc' dir='ltr'>μὲν</span> <span class='ocrx_word' id='word_1_654' title='bbox 2501 3765 2684 3818; x_wconf 79' lang='grc' dir='ltr'>οὐκέτι</span> <span class='ocrx_word' id='word_1_655' title='bbox 2723 3766 2817 3819; x_wconf 73' lang='grc' dir='ltr'><strong>καὶ</strong></span> <span class='ocrx_word' id='word_1_656' title='bbox 2852 3764 3190 3826; x_wconf 86' lang='grc' dir='ltr'>λιϐανωτοῖς,</span> <span class='ocrx_word' id='word_1_657' title='bbox 3224 3759 3434 3822; x_wconf 88' lang='grc' dir='ltr'>θυσίαις</span> <span class='ocrx_word' id='word_1_658' title='bbox 3459 3759 3516 3811; x_wconf 82' lang='grc' dir='ltr'>δὲ</span> <span class='ocrx_word' id='word_1_659' title='bbox 3555 3755 3752 3828; x_wconf 89' lang='grc' dir='ltr'>μᾶλλον</span> 
     </span>
    </p>
   </div>
   <div class='ocr_carea' id='block_1_90' title="bbox 2175 3845 3750 3928">
    <p class='ocr_par' dir='ltr' id='par_1_90' title="bbox 2175 3845 3750 3928">
     <span class='ocr_line' id='line_1_91' title="bbox 2175 3845 3750 3928; baseline -0.008 -17"><span class='ocrx_word' id='word_1_660' title='bbox 2175 3860 2296 3921; x_wconf 86' lang='grc' dir='ltr'>ταῖς</span> <span class='ocrx_word' id='word_1_661' title='bbox 2317 3856 2674 3928; x_wconf 82' lang='grc' dir='ltr'>ἀναιμάκτοις</span> <span class='ocrx_word' id='word_1_662' title='bbox 2692 3854 2782 3909; x_wconf 85' lang='grc' dir='ltr'><strong>τὸν</strong></span> <span class='ocrx_word' id='word_1_663' title='bbox 2805 3854 2913 3908; x_wconf 82' lang='grc' dir='ltr'>τῶν</span> <span class='ocrx_word' id='word_1_664' title='bbox 2927 3854 3064 3908; x_wconf 85' lang='grc' dir='ltr'>ὅλων</span> <span class='ocrx_word' id='word_1_665' title='bbox 3093 3868 3298 3920; x_wconf 86' lang='grc' dir='ltr'>καταγε</span> <span class='ocrx_word' id='word_1_666' title='bbox 3307 3850 3515 3922; x_wconf 88' lang='grc' dir='ltr'>ραίρειν</span> <span class='ocrx_word' id='word_1_667' title='bbox 3533 3847 3664 3901; x_wconf 86' lang='grc' dir='ltr'>Θεὸν</span> <span class='ocrx_word' id='word_1_668' title='bbox 3673 3845 3750 3921; x_wconf 78' lang='grc' dir='ltr'><strong>[ὃ]</strong></span> 
     </span>
    </p>
   </div>
   <div class='ocr_carea' id='block_1_91' title="bbox 2173 3940 3754 4017">
    <p class='ocr_par' dir='ltr' id='par_1_91' title="bbox 2173 3940 3754 4017">
     <span class='ocr_line' id='line_1_92' title="bbox 2173 3940 3754 4017; baseline -0.008 -14"><span class='ocrx_word' id='word_1_669' title='bbox 2173 3951 2266 4004; x_wconf 82' lang='grc' dir='ltr'>διὰ</span> <span class='ocrx_word' id='word_1_670' title='bbox 2291 3949 2528 4013; x_wconf 87' lang='grc' dir='ltr'>πίστεως</span> <span class='ocrx_word' id='word_1_671' title='bbox 2555 3945 2915 4017; x_wconf 82' lang='grc' dir='ltr'>δεδιδάγμεθα</span> <span class='ocrx_word' id='word_1_672' title='bbox 2941 3986 2957 4011; x_wconf 86' lang='grc'><strong>,</strong></span> <span class='ocrx_word' id='word_1_673' title='bbox 2992 3945 3086 3999; x_wconf 76' lang='grc' dir='ltr'><strong>καὶ</strong></span> <span class='ocrx_word' id='word_1_674' title='bbox 3111 3942 3273 3997; x_wconf 80' lang='grc' dir='ltr'>αὐτὸν</span> <span class='ocrx_word' id='word_1_675' title='bbox 3307 3940 3509 4011; x_wconf 88' lang='grc' dir='ltr'>νοητῶς</span> <span class='ocrx_word' id='word_1_676' title='bbox 3542 3942 3754 4010; x_wconf 85' lang='grc' dir='ltr'>ἱερουρ-</span> 
     </span>
    </p>
   </div>
   <div class='ocr_carea' id='block_1_92' title="bbox 2177 4035 3746 4113">
    <p class='ocr_par' dir='ltr' id='par_1_92' title="bbox 2177 4035 3746 4113">
     <span class='ocr_line' id='line_1_93' title="bbox 2177 4035 3746 4113; baseline -0.006 -16"><span class='ocrx_word' id='word_1_677' title='bbox 2177 4043 2398 4113; x_wconf 85' lang='grc' dir='ltr'>γοῦντες</span> <span class='ocrx_word' id='word_1_678' title='bbox 2423 4044 2480 4095; x_wconf 82' lang='grc' dir='ltr'>ὲν</span> <span class='ocrx_word' id='word_1_679' title='bbox 2497 4041 2845 4111; x_wconf 83' lang='grc' dir='ltr'>Ἐκκλησίαις</span> <span class='ocrx_word' id='word_1_680' title='bbox 2867 4041 2958 4094; x_wconf 85' lang='grc' dir='ltr'>τὸν</span> <span class='ocrx_word' id='word_1_681' title='bbox 2981 4038 3088 4092; x_wconf 86' lang='grc' dir='ltr'><strong>τῶν</strong></span> <span class='ocrx_word' id='word_1_682' title='bbox 3108 4037 3244 4091; x_wconf 85' lang='grc' dir='ltr'>ὅλων</span> <span class='ocrx_word' id='word_1_683' title='bbox 3261 4037 3485 4108; x_wconf 83' lang='grc' dir='ltr'>Σωτῆρα</span> <span class='ocrx_word' id='word_1_684' title='bbox 3497 4035 3746 4106; x_wconf 87' lang='grc' dir='ltr'>Χριστόν·</span> 
     </span>
    </p>
   </div>
   <div class='ocr_carea' id='block_1_93' title="bbox 2175 4125 3748 4203">
    <p class='ocr_par' dir='ltr' id='par_1_93' title="bbox 2175 4125 3748 4203">
     <span class='ocr_line' id='line_1_94' title="bbox 2175 4125 3748 4203; baseline -0.007 -15"><span class='ocrx_word' id='word_1_685' title='bbox 2175 4134 2298 4188; x_wconf 79' lang='grc' dir='ltr'>ἀντὶ</span> <span class='ocrx_word' id='word_1_686' title='bbox 2321 4133 2429 4187; x_wconf 84' lang='grc' dir='ltr'>τῶν</span> <span class='ocrx_word' id='word_1_687' title='bbox 2449 4131 2693 4203; x_wconf 90' lang='grc' dir='ltr'>λεϐήτων</span> <span class='ocrx_word' id='word_1_688' title='bbox 2713 4131 2921 4202; x_wconf 80' lang='grc' dir='ltr'>ἑτέροις</span> <span class='ocrx_word' id='word_1_689' title='bbox 2947 4127 3263 4200; x_wconf 87' lang='grc' dir='ltr'>κεχρήμεθα</span> <span class='ocrx_word' id='word_1_690' title='bbox 3286 4125 3534 4179; x_wconf 89' lang='grc' dir='ltr'>σκεύεσιν</span> <span class='ocrx_word' id='word_1_691' title='bbox 3563 4127 3748 4195; x_wconf 80' lang='grc' dir='ltr'>ἱεροῖς,</span> 
     </span>
    </p>
   </div>
   <div class='ocr_carea' id='block_1_94' title="bbox 2174 4213 3751 4297">
    <p class='ocr_par' dir='ltr' id='par_1_94' title="bbox 2174 4213 3751 4297">
     <span class='ocr_line' id='line_1_95' title="bbox 2174 4213 3751 4297; baseline -0.01 -17"><span class='ocrx_word' id='word_1_692' title='bbox 2174 4225 2210 4280; x_wconf 82' lang='grc' dir='ltr'>ἃ</span> <span class='ocrx_word' id='word_1_693' title='bbox 2234 4225 2300 4297; x_wconf 83' lang='grc' dir='ltr'>δὴ</span> <span class='ocrx_word' id='word_1_694' title='bbox 2331 4225 2426 4279; x_wconf 82' lang='grc' dir='ltr'>καὶ</span> <span class='ocrx_word' id='word_1_695' title='bbox 2450 4224 2646 4292; x_wconf 84' lang='grc' dir='ltr'>φιάλας</span> <span class='ocrx_word' id='word_1_696' title='bbox 2677 4221 2864 4276; x_wconf 74' lang='grc' dir='ltr'>ἐνθάδε</span> <span class='ocrx_word' id='word_1_697' title='bbox 2888 4220 3055 4289; x_wconf 79' lang='grc' dir='ltr'>φησὶν</span> <span class='ocrx_word' id='word_1_698' title='bbox 3083 4221 3112 4272; x_wconf 90' lang='lat'><strong>6</strong></span> <span class='ocrx_word' id='word_1_699' title='bbox 3142 4219 3448 4289; x_wconf 85' lang='grc' dir='ltr'>προφήτης.</span> <span class='ocrx_word' id='word_1_700' title='bbox 3484 4213 3659 4284; x_wconf 89' lang='grc' dir='ltr'>Σκεύη</span> <span class='ocrx_word' id='word_1_701' title='bbox 3693 4214 3751 4266; x_wconf 84' lang='grc' dir='ltr'><strong>δὲ</strong></span> 
     </span>
    </p>
   </div>
   <div class='ocr_carea' id='block_1_95' title="bbox 2174 4307 3751 4385">
    <p class='ocr_par' dir='ltr' id='par_1_95' title="bbox 2174 4307 3751 4385">
     <span class='ocr_line' id='line_1_96' title="bbox 2174 4307 3751 4385; baseline -0.008 -14"><span class='ocrx_word' id='word_1_702' title='bbox 2174 4319 2347 4373; x_wconf 88' lang='grc' dir='ltr'>ταῦτα</span> <span class='ocrx_word' id='word_1_703' title='bbox 2378 4319 2491 4380; x_wconf 80' lang='grc' dir='ltr'>τοῖς</span> <span class='ocrx_word' id='word_1_704' title='bbox 2520 4316 2736 4369; x_wconf 88' lang='grc' dir='ltr'>πίνουσι</span> <span class='ocrx_word' id='word_1_705' title='bbox 2765 4314 3186 4385; x_wconf 85' lang='grc' dir='ltr'>χρειωδέστατα,</span> <span class='ocrx_word' id='word_1_706' title='bbox 3225 4311 3319 4364; x_wconf 78' lang='grc' dir='ltr'>καὶ</span> <span class='ocrx_word' id='word_1_707' title='bbox 3350 4309 3571 4380; x_wconf 79' lang='grc' dir='ltr'>συνήσει</span> <span class='ocrx_word' id='word_1_708' title='bbox 3615 4307 3751 4362; x_wconf 81' lang='grc' dir='ltr'>πάν-</span> 
     </span>
    </p>
   </div>
   <div class='ocr_carea' id='block_1_96' title="bbox 2174 4399 3748 4479">
    <p class='ocr_par' dir='ltr' id='par_1_96' title="bbox 2174 4399 3748 4479">
     <span class='ocr_line' id='line_1_97' title="bbox 2174 4399 3748 4479; baseline -0.008 -17"><span class='ocrx_word' id='word_1_709' title='bbox 2174 4427 2281 4473; x_wconf 88' lang='grc' dir='ltr'><strong>τως</strong></span> <span class='ocrx_word' id='word_1_710' title='bbox 2302 4411 2330 4462; x_wconf 87' lang='grc' dir='ltr'><strong>ό</strong></span> <span class='ocrx_word' id='word_1_711' title='bbox 2353 4408 2516 4476; x_wconf 83' lang='grc' dir='ltr'>σοφὸς</span> <span class='ocrx_word' id='word_1_712' title='bbox 2539 4407 2814 4479; x_wconf 80' lang='grc' dir='ltr'>ἀκροατὴς</span> <span class='ocrx_word' id='word_1_713' title='bbox 2837 4403 2932 4458; x_wconf 84' lang='grc' dir='ltr'><strong>τοῦ</strong></span> <span class='ocrx_word' id='word_1_714' title='bbox 2957 4402 3357 4476; x_wconf 78' lang='grc' dir='ltr'>σημαινομένου</span> <span class='ocrx_word' id='word_1_715' title='bbox 3378 4399 3476 4472; x_wconf 81' lang='grc' dir='ltr'>τὴν</span> <span class='ocrx_word' id='word_1_716' title='bbox 3500 4399 3748 4470; x_wconf 63' lang='grc' dir='ltr'>δύναμιν,</span> 
     </span>
    </p>
   </div>
   <div class='ocr_carea' id='block_1_97' title="bbox 2175 4491 3753 4572">
    <p class='ocr_par' dir='ltr' id='par_1_97' title="bbox 2175 4491 3753 4572">
     <span class='ocr_line' id='line_1_98' title="bbox 2175 4491 3753 4572; baseline -0.009 -16"><span class='ocrx_word' id='word_1_717' title='bbox 2175 4505 2279 4557; x_wconf 83' lang='grc' dir='ltr'><strong>κᾶν</strong></span> <span class='ocrx_word' id='word_1_718' title='bbox 2326 4504 2375 4555; x_wconf 79' lang='grc' dir='ltr'>εἰ</span> <span class='ocrx_word' id='word_1_719' title='bbox 2410 4499 2777 4572; x_wconf 85' lang='grc' dir='ltr'>ἀμυδρότερόν</span> <span class='ocrx_word' id='word_1_720' title='bbox 2818 4515 2936 4560; x_wconf 88' lang='grc' dir='ltr'><strong>πως</strong></span> <span class='ocrx_word' id='word_1_721' title='bbox 2981 4497 3015 4567; x_wconf 78' lang='grc' dir='ltr'><strong>ἢ</strong></span> <span class='ocrx_word' id='word_1_722' title='bbox 3058 4495 3164 4567; x_wconf 83' lang='grc' dir='ltr'>χρὴ</span> <span class='ocrx_word' id='word_1_723' title='bbox 3210 4494 3240 4546; x_wconf 90' lang='lat'><strong>6</strong></span> <span class='ocrx_word' id='word_1_724' title='bbox 3293 4493 3423 4564; x_wconf 85' lang='grc' dir='ltr'>παρ’</span> <span class='ocrx_word' id='word_1_725' title='bbox 3458 4491 3615 4563; x_wconf 74' lang='grc' dir='ltr'>ὴμιῖιν</span> <span class='ocrx_word' id='word_1_726' title='bbox 3657 4508 3753 4544; x_wconf 90' lang='grc' dir='ltr'>πε-</span> 
     </span>
    </p>
   </div>
   <div class='ocr_carea' id='block_1_98' title="bbox 2175 4584 3754 4664">
    <p class='ocr_par' dir='ltr' id='par_1_98' title="bbox 2175 4584 3754 4664">
     <span class='ocr_line' id='line_1_99' title="bbox 2175 4584 3754 4664; baseline -0.008 -17"><span class='ocrx_word' id='word_1_727' title='bbox 2175 4595 2394 4664; x_wconf 87' lang='grc' dir='ltr'>ποίηται</span> <span class='ocrx_word' id='word_1_728' title='bbox 2418 4593 2596 4662; x_wconf 86' lang='grc' dir='ltr'>λόγος,</span> <span class='ocrx_word' id='word_1_729' title='bbox 2626 4591 2715 4646; x_wconf 86' lang='grc' dir='ltr'>διά</span> <span class='ocrx_word' id='word_1_730' title='bbox 2746 4607 2828 4644; x_wconf 90' lang='grc' dir='ltr'><strong>τοι</strong></span> <span class='ocrx_word' id='word_1_731' title='bbox 2853 4591 2915 4643; x_wconf 85' lang='grc' dir='ltr'>τὸ</span> <span class='ocrx_word' id='word_1_732' title='bbox 2942 4589 3049 4642; x_wconf 87' lang='grc' dir='ltr'>δεῖν</span> <span class='ocrx_word' id='word_1_733' title='bbox 3080 4584 3556 4657; x_wconf 81' lang='grc' dir='ltr'>περιεσταλμένως</span> <span class='ocrx_word' id='word_1_734' title='bbox 3585 4585 3754 4636; x_wconf 84' lang='grc' dir='ltr'>ποιεῖ-</span> 
     </span>
    </p>
   </div>
   <div class='ocr_carea' id='block_1_99' title="bbox 2102 4672 3751 4755">
    <p class='ocr_par' dir='ltr' id='par_1_99' title="bbox 2102 4672 3751 4755">
     <span class='ocr_line' id='line_1_100' title="bbox 2102 4672 3751 4755; baseline -0.006 -21"><span class='ocrx_word' id='word_1_735' title='bbox 2102 4676 2150 4734; x_wconf 84' lang='grc' dir='ltr'>ι)</span> <span class='ocrx_word' id='word_1_736' title='bbox 2178 4685 2302 4737; x_wconf 88' lang='grc' dir='ltr'>σθαι</span> <span class='ocrx_word' id='word_1_737' title='bbox 2334 4683 2434 4755; x_wconf 85' lang='grc' dir='ltr'><strong>τὴν</strong></span> <span class='ocrx_word' id='word_1_738' title='bbox 2465 4683 2574 4737; x_wconf 84' lang='grc' dir='ltr'><strong>τῶν</strong></span> <span class='ocrx_word' id='word_1_739' title='bbox 2610 4681 3008 4753; x_wconf 87' lang='grc' dir='ltr'>κεκρυμμένων</span> <span class='ocrx_word' id='word_1_740' title='bbox 3050 4677 3345 4748; x_wconf 83' lang='grc' dir='ltr'>ἀφήγησιν.</span> <span class='ocrx_word' id='word_1_741' title='bbox 3392 4673 3602 4728; x_wconf 79' lang='grc' dir='ltr'>Οὐκοῦν</span> <span class='ocrx_word' id='word_1_742' title='bbox 3629 4672 3751 4725; x_wconf 88' lang='grc' dir='ltr'>τότε</span> 
     </span>
    </p>
   </div>
   <div class='ocr_carea' id='block_1_100' title="bbox 2181 4762 3749 4846">
    <p class='ocr_par' dir='ltr' id='par_1_100' title="bbox 2181 4762 3749 4846">
     <span class='ocr_line' id='line_1_101' title="bbox 2181 4762 3749 4846; baseline -0.008 -18"><span class='ocrx_word' id='word_1_743' title='bbox 2181 4774 2278 4846; x_wconf 83' lang='grc' dir='ltr'><strong>μὲν</strong></span> <span class='ocrx_word' id='word_1_744' title='bbox 2297 4770 2438 4845; x_wconf 76' lang='grc' dir='ltr'>ἦσαν</span> <span class='ocrx_word' id='word_1_745' title='bbox 2458 4775 2508 4827; x_wconf 83' lang='grc' dir='ltr'>οἱ</span> <span class='ocrx_word' id='word_1_746' title='bbox 2531 4773 2755 4844; x_wconf 83' lang='grc' dir='ltr'>λέϐητες</span> <span class='ocrx_word' id='word_1_747' title='bbox 2772 4789 2786 4802; x_wconf 89' lang='grc'><strong>·</strong></span> <span class='ocrx_word' id='word_1_748' title='bbox 2809 4771 2927 4826; x_wconf 78' lang='grc' dir='ltr'>νυνὶ</span> <span class='ocrx_word' id='word_1_749' title='bbox 2954 4770 3011 4824; x_wconf 86' lang='grc' dir='ltr'>δὲ</span> <span class='ocrx_word' id='word_1_750' title='bbox 3047 4788 3067 4822; x_wconf 76' lang='grc' dir='ltr'><strong>ι</strong></span> <span class='ocrx_word' id='word_1_751' title='bbox 3102 4767 3288 4838; x_wconf 86' lang='grc' dir='ltr'>φιάλαι</span> <span class='ocrx_word' id='word_1_752' title='bbox 3321 4764 3429 4837; x_wconf 81' lang='grc' dir='ltr'>πρὸ</span> <span class='ocrx_word' id='word_1_753' title='bbox 3457 4762 3749 4835; x_wconf 88' lang='grc' dir='ltr'>προσώπου</span> 
     </span>
    </p>
   </div>
   <div class='ocr_carea' id='block_1_101' title="bbox 2178 4866 2780 4938">
    <p class='ocr_par' dir='ltr' id='par_1_101' title="bbox 2178 4866 2780 4938">
     <span class='ocr_line' id='line_1_102' title="bbox 2178 4866 2780 4938; baseline -0.003 -18"><span class='ocrx_word' id='word_1_754' title='bbox 2178 4867 2275 4920; x_wconf 88' lang='grc' dir='ltr'><strong>τοῦ</strong></span> <span class='ocrx_word' id='word_1_755' title='bbox 2305 4866 2712 4938; x_wconf 86' lang='grc' dir='ltr'>θυσιαστηρίου.</span> <span class='ocrx_word' id='word_1_756' title='bbox 2762 4884 2780 4917; x_wconf 74' lang='grc' dir='ltr'><strong>ι</strong></span> 
     </span>
    </p>
   </div>
   <div class='ocr_carea' id='block_1_102' title="bbox 2249 4947 3754 5025">
    <p class='ocr_par' dir='ltr' id='par_1_102' title="bbox 2249 4947 3754 5025">
     <span class='ocr_line' id='line_1_103' title="bbox 2249 4947 3754 5025; baseline -0.007 -12"><span class='ocrx_word' id='word_1_757' title='bbox 2249 4959 2359 5014; x_wconf 81' lang='lat' dir='ltr'><strong>Kal</strong></span> <span class='ocrx_word' id='word_1_758' title='bbox 2390 4959 2560 5012; x_wconf 75' lang='grc' dir='ltr'>ἔσται</span> <span class='ocrx_word' id='word_1_759' title='bbox 2602 4956 2722 5025; x_wconf 80' lang='grc' dir='ltr'>πᾶς</span> <span class='ocrx_word' id='word_1_760' title='bbox 2751 4956 2934 5024; x_wconf 71' lang='grc' dir='ltr'>λέϐης</span> <span class='ocrx_word' id='word_1_761' title='bbox 2975 4955 3046 5008; x_wconf 79' lang='grc' dir='ltr'><strong>ἐν</strong></span> <span class='ocrx_word' id='word_1_762' title='bbox 3094 4949 3513 5021; x_wconf 71' lang='grc' dir='ltr'>Ἰερουσαλὴμ,</span> <span class='ocrx_word' id='word_1_763' title='bbox 3555 4947 3653 5002; x_wconf 79' lang='grc' dir='ltr'>καὶ</span> <span class='ocrx_word' id='word_1_764' title='bbox 3683 4947 3754 5002; x_wconf 77' lang='grc' dir='ltr'><strong>ἐν</strong></span> 
     </span>
    </p>
   </div>
   <div class='ocr_carea' id='block_1_103' title="bbox 2177 5037 3754 5118">
    <p class='ocr_par' dir='ltr' id='par_1_103' title="bbox 2177 5037 3754 5118">
     <span class='ocr_line' id='line_1_104' title="bbox 2177 5037 3754 5118; baseline -0.008 -15"><span class='ocrx_word' id='word_1_765' title='bbox 2177 5048 2260 5115; x_wconf 80' lang='grc' dir='ltr'>τῷ</span> <span class='ocrx_word' id='word_1_766' title='bbox 2322 5049 2516 5118; x_wconf 77' lang='grc' dir='ltr'>Ἰούδᾳ</span> <span class='ocrx_word' id='word_1_767' title='bbox 2568 5049 2732 5118; x_wconf 76' lang='grc' dir='ltr'>ἅγιος</span> <span class='ocrx_word' id='word_1_768' title='bbox 2780 5046 2860 5112; x_wconf 83' lang='grc' dir='ltr'>τῷ</span> <span class='ocrx_word' id='word_1_769' title='bbox 2907 5046 3102 5113; x_wconf 84' lang='grc' dir='ltr'>Κυρίῳ</span> <span class='ocrx_word' id='word_1_770' title='bbox 3149 5040 3598 5110; x_wconf 78' lang='grc' dir='ltr'>παντοκράτορι.</span> <span class='ocrx_word' id='word_1_771' title='bbox 3641 5037 3754 5093; x_wconf 79' lang='lat' dir='ltr'><strong>Kal</strong></span> 
     </span>
    </p>
   </div>
   <div class='ocr_carea' id='block_1_104' title="bbox 2179 5130 3751 5210">
    <p class='ocr_par' dir='ltr' id='par_1_104' title="bbox 2179 5130 3751 5210">
     <span class='ocr_line' id='line_1_105' title="bbox 2179 5130 3751 5210; baseline -0.009 -13"><span class='ocrx_word' id='word_1_772' title='bbox 2179 5142 2399 5210; x_wconf 80' lang='grc' dir='ltr'>ἥξουσι</span> <span class='ocrx_word' id='word_1_773' title='bbox 2427 5140 2650 5205; x_wconf 74' lang='grc' dir='ltr'>πάντες</span> <span class='ocrx_word' id='word_1_774' title='bbox 2692 5143 2744 5194; x_wconf 88' lang='lat' dir='ltr'><strong>ol</strong></span> <span class='ocrx_word' id='word_1_775' title='bbox 2784 5135 3184 5201; x_wconf 81' lang='grc' dir='ltr'>θυσιάζοντες,</span> <span class='ocrx_word' id='word_1_776' title='bbox 3215 5133 3314 5188; x_wconf 78' lang='grc' dir='ltr'>καὶ</span> <span class='ocrx_word' id='word_1_777' title='bbox 3343 5132 3644 5201; x_wconf 70' lang='grc' dir='ltr'>λήψονται</span> <span class='ocrx_word' id='word_1_778' title='bbox 3681 5130 3751 5193; x_wconf 76' lang='grc' dir='ltr'><strong>ἐξ</strong></span> 
     </span>
    </p>
   </div>
   <div class='ocr_carea' id='block_1_105' title="bbox 2177 5228 3260 5301">
    <p class='ocr_par' dir='ltr' id='par_1_105' title="bbox 2177 5228 3260 5301">
     <span class='ocr_line' id='line_1_106' title="bbox 2177 5228 3260 5301; baseline -0.007 -12"><span class='ocrx_word' id='word_1_779' title='bbox 2177 5235 2395 5301; x_wconf 84' lang='grc' dir='ltr'>αὐτῶν,</span> <span class='ocrx_word' id='word_1_780' title='bbox 2430 5233 2528 5288; x_wconf 76' lang='grc' dir='ltr'>καὶ</span> <span class='ocrx_word' id='word_1_781' title='bbox 2552 5231 2901 5301; x_wconf 74' lang='grc' dir='ltr'>ἐψήσουσιν</span> <span class='ocrx_word' id='word_1_782' title='bbox 2929 5230 2999 5282; x_wconf 80' lang='grc' dir='ltr'><strong>ἐν</strong></span> <span class='ocrx_word' id='word_1_783' title='bbox 3037 5228 3260 5294; x_wconf 82' lang='grc' dir='ltr'>αὐτοῖς.</span> 
     </span>
    </p>
   </div>
   <div class='ocr_carea' id='block_1_106' title="bbox 2246 5313 3750 5395">
    <p class='ocr_par' dir='ltr' id='par_1_106' title="bbox 2246 5313 3750 5395">
     <span class='ocr_line' id='line_1_107' title="bbox 2246 5313 3750 5395; baseline -0.011 -15"><span class='ocrx_word' id='word_1_784' title='bbox 2246 5327 2411 5394; x_wconf 72' lang='grc' dir='ltr'><strong>Ριςν.</strong></span> <span class='ocrx_word' id='word_1_785' title='bbox 2449 5323 2700 5395; x_wconf 85' lang='grc' dir='ltr'>Λέϐητας</span> <span class='ocrx_word' id='word_1_786' title='bbox 2739 5321 3028 5386; x_wconf 80' lang='grc' dir='ltr'>ἀποκαλεῖ,</span> <span class='ocrx_word' id='word_1_787' title='bbox 3069 5322 3181 5385; x_wconf 88' lang='grc' dir='ltr'>τοῖς</span> <span class='ocrx_word' id='word_1_788' title='bbox 3227 5317 3477 5392; x_wconf 79' lang='grc' dir='ltr'>ἀρχαίοις</span> <span class='ocrx_word' id='word_1_789' title='bbox 3524 5313 3750 5384; x_wconf 84' lang='grc' dir='ltr'>ὀνόμασι</span> 
     </span>
    </p>
   </div>
   <div class='ocr_carea' id='block_1_107' title="bbox 2175 5405 3751 5490">
    <p class='ocr_par' dir='ltr' id='par_1_107' title="bbox 2175 5405 3751 5490">
     <span class='ocr_line' id='line_1_108' title="bbox 2175 5405 3751 5490; baseline -0.011 -17"><span class='ocrx_word' id='word_1_790' title='bbox 2175 5418 2519 5490; x_wconf 82' lang='grc' dir='ltr'>χρησάμενος</span> <span class='ocrx_word' id='word_1_791' title='bbox 2551 5415 2653 5480; x_wconf 79' lang='grc' dir='ltr'>ἐτι,</span> <span class='ocrx_word' id='word_1_792' title='bbox 2687 5413 2758 5468; x_wconf 85' lang='grc' dir='ltr'>τὰ</span> <span class='ocrx_word' id='word_1_793' title='bbox 2785 5413 2952 5485; x_wconf 87' lang='grc' dir='ltr'>σκεύη</span> <span class='ocrx_word' id='word_1_794' title='bbox 2984 5411 3054 5466; x_wconf 79' lang='grc' dir='ltr'>τὰ</span> <span class='ocrx_word' id='word_1_795' title='bbox 3101 5410 3360 5482; x_wconf 84' lang='grc' dir='ltr'>μυστικὰ,</span> <span class='ocrx_word' id='word_1_796' title='bbox 3389 5407 3424 5463; x_wconf 76' lang='grc' dir='ltr'><strong>ἃ.</strong></span> <span class='ocrx_word' id='word_1_797' title='bbox 3467 5407 3562 5460; x_wconf 78' lang='grc' dir='ltr'>καὶ</span> <span class='ocrx_word' id='word_1_798' title='bbox 3605 5405 3751 5458; x_wconf 71' lang='grc' dir='ltr'>ἐστιν</span> 
     </span>
    </p>
   </div>
   <div class='ocr_carea' id='block_1_108' title="bbox 2177 5497 3748 5579">
    <p class='ocr_par' dir='ltr' id='par_1_108' title="bbox 2177 5497 3748 5579">
     <span class='ocr_line' id='line_1_109' title="bbox 2177 5497 3748 5579; baseline -0.011 -15"><span class='ocrx_word' id='word_1_799' title='bbox 2177 5511 2340 5579; x_wconf 77' lang='grc' dir='ltr'>ἅγια,</span> <span class='ocrx_word' id='word_1_800' title='bbox 2392 5509 2568 5563; x_wconf 84' lang='grc' dir='ltr'>σεπτά</span> <span class='ocrx_word' id='word_1_801' title='bbox 2608 5524 2669 5560; x_wconf 86' lang='grc' dir='ltr'><strong>τε</strong></span> <span class='ocrx_word' id='word_1_802' title='bbox 2723 5507 2817 5560; x_wconf 76' lang='grc' dir='ltr'><strong>καὶ</strong></span> <span class='ocrx_word' id='word_1_803' title='bbox 2856 5506 3014 5576; x_wconf 86' lang='grc' dir='ltr'>τίμια</span> <span class='ocrx_word' id='word_1_804' title='bbox 3053 5504 3148 5557; x_wconf 79' lang='grc' dir='ltr'><strong>καὶ</strong></span> <span class='ocrx_word' id='word_1_805' title='bbox 3181 5504 3366 5565; x_wconf 78' lang='grc' dir='ltr'>αὐτοῖς</span> <span class='ocrx_word' id='word_1_806' title='bbox 3411 5501 3526 5564; x_wconf 88' lang='grc' dir='ltr'>τοῖς</span> <span class='ocrx_word' id='word_1_807' title='bbox 3579 5498 3639 5552; x_wconf 81' lang='grc' dir='ltr'>ὲν</span> <span class='ocrx_word' id='word_1_808' title='bbox 3679 5497 3748 5566; x_wconf 75' lang='grc' dir='ltr'>τῇ</span> 
     </span>
    </p>
   </div>
   <div class='ocr_carea' id='block_1_109' title="bbox 2187 5586 3750 5674">
    <p class='ocr_par' dir='ltr' id='par_1_109' title="bbox 2187 5586 3750 5674">
     <span class='ocr_line' id='line_1_110' title="bbox 2187 5586 3750 5674; baseline -0.01 -19"><span class='ocrx_word' id='word_1_809' title='bbox 2187 5600 2564 5674; x_wconf 84' lang='grc' dir='ltr'>Ἰερουσαλὴμ,</span> <span class='ocrx_word' id='word_1_810' title='bbox 2595 5601 2764 5671; x_wconf 71' lang='grc' dir='ltr'>ἤγουν</span> <span class='ocrx_word' id='word_1_811' title='bbox 2796 5600 2863 5668; x_wconf 81' lang='grc' dir='ltr'>τῇ</span> <span class='ocrx_word' id='word_1_812' title='bbox 2908 5595 3226 5667; x_wconf 71' lang='grc' dir='ltr'>Ἐκκλησία,</span> <span class='ocrx_word' id='word_1_813' title='bbox 3264 5593 3423 5665; x_wconf 83' lang='grc' dir='ltr'>δῆλον</span> <span class='ocrx_word' id='word_1_814' title='bbox 3450 5591 3507 5645; x_wconf 75' lang='grc' dir='ltr'>δὲ</span> <span class='ocrx_word' id='word_1_815' title='bbox 3531 5589 3613 5643; x_wconf 81' lang='grc' dir='ltr'>ὅτι</span> <span class='ocrx_word' id='word_1_816' title='bbox 3639 5586 3750 5648; x_wconf 87' lang='grc' dir='ltr'>τοῖς</span> 
     </span>
    </p>
   </div>
  </div>
