4120 6376
366 438 474 495 275

1182 438 1732 498 COMMENTARIUS
1767 441 1834 497 IN
1875 443 2276 500 ZACIIARIAM
2317 443 2762 504 PROPIIETAM.

3515 459 3640 512 Q75”:

368 553 530 615 θείοις
577 552 908 625 ἰερουργοῖς,
961 553 1056 608 καὶ
1105 555 1233 626 παρ’
1287 555 1437 626 αὐτῷ
1485 556 1542 609 δέ
1598 555 1677 629 τῷ
1749 559 1977 630 Ἰούδᾳμ

2062 551 2196 617 stris.
2226 560 2292 614 Et
2317 576 2531 615 rursum
2564 564 2703 630 apud
2735 563 2908 632 ipsum
2943 562 3106 633 Juda,
3138 565 3190 621 id
3224 573 3329 634 est,
3363 569 3632 640 spiritua-

366 642 615 696 τουτέστι
651 643 835 708 πάλιν,
870 645 983 709 τοῖς
1009 643 1111 715 τὴν
1139 645 1199 698 ὲν
1233 646 1500 718 πνεύματι
1529 648 1756 718 λαχοῦσι
1792 667 1947 720 περιρ

367 736 572 806 τομήνο
626 730 737 789 εἷεν
787 736 832 790 δ’
881 737 950 791 ἂν
995 731 1144 792 οῦτοι
1191 739 1361 793 πάλιν·
1405 742 1466 793 οίτ
1500 742 1945 805 πεπιστευκότες.

371 826 506 896 Ila-9‘
534 825 747 890 οὐδενὸς
771 826 880 899 γάρ
909 827 1046 890 ὅλως
1071 829 1151 892 είς
1182 828 1365 900 κοινὴν
1387 829 1725 900 λαμϐάνεται
1754 832 1948 903 χρείαν

370 915 462 970 τοῦ
513 917 668 988 ἁγίου
718 919 1102 991 θυσιαστηρίου
1151 919 1219 974 τὰ
1265 921 1454 993 σκεύη,
1489 922 1604 976 ἀλλ’
1655 923 1820 989 ἔστιν,
1873 924 1950 990 ὡς

371 1008 529 1081 ἔφην,
583 1010 738 1079 ἅγια,
794 1011 888 1064 καὶ
934 1013 1014 1076 είς
1056 1011 1216 1078 δόξαν
1263 1012 1398 1066 Θεοῦ
1428 1015 1796 1087 τετηρημένα,
1855 1016 1969 1070 καὶ

373 1100 564 1172 μόναις
608 1104 729 1166 ταῖς
776 1103 989 1174 χρείαις
1023 1103 1319 1175 ὑπηρετεῇ
1367 1106 1592 1159 είωθότα
1639 1105 1740 1175 τῆς
1788 1107 1952 1175 ἁγίας

369 1194 669 1267 τραπέζης,
703 1194 770 1248 δι’
803 1195 982 1250 αὐτῶν
1010 1213 1070 1249 τε
1111 1197 1208 1250 καὶ
1251 1198 1310 1250 ἐν
1340 1198 1525 1262 ινῦτοῖς
1560 1200 1616 1252 al
1648 1197 1756 1251 τῶν
1786 1216 1952 1270 προσ-

372 1288 613 1356 ἀγόντων
662 1287 944 1342 τελοῦνται
1005 1288 1210 1354 θυσίαι,
1262 1289 1361 1360 οὐχ
1405 1291 1638 1344 ἑκάστου
1695 1291 1953 1362 φέροντος

375 1379 506 1433 [διον
537 1378 732 1444 σκεῦος
751 1420 767 1445 ,
795 1380 1053 1436 ἁπάντων
1089 1381 1146 1436 δέ
1183 1381 1364 1453 μόνοις
1390 1385 1502 1446 τοῖς
1548 1383 1712 1453 ἱεροῖς
1751 1399 1952 1454 κεχρη-

376 1472 573 1544 μένων.
615 1491 634 1525 ι
673 1475 788 1538 Πᾶς
813 1474 922 1548 γάρ
947 1474 1112 1547 λέϐης
1145 1476 1300 1546 ἅγιος
1340 1476 1514 1542 ἐσται,
1549 1475 1702 1547 φησὶ,
1727 1475 1804 1544 τῷ
1834 1477 1950 1528 Κυο

379 1568 495 1640 ρίῳ.
543 1588 561 1622 ι
598 1569 809 1623 Οὐκοῦν
849 1569 1156 1638 διαλέγεται
1210 1569 1310 1640 μὲν
1352 1571 1382 1622 ὁ
1427 1571 1711 1640 προφήτης
1750 1569 1824 1632 ὡς
1857 1567 1951 1622 ἐπὶ

375 1659 572 1714 θυσιῶν
596 1660 675 1714 ἐτι
690 1659 798 1715 τῶν
818 1661 960 1714 κατά
983 1661 1150 1731 νόμον
1173 1699 1187 1724 ,
1217 1662 1472 1730 λέϐητάς
1487 1678 1545 1714 τε
1568 1661 1662 1714 καὶ
1691 1661 1954 1728 ἕψουσιν

375 1753 660 1823 ὀνομάζει·
715 1754 984 1824 νοήσομεν
1032 1754 1090 1808 δέ
1135 1754 1451 1826 πρέποντως
1503 1755 1662 1825 ἡμεῖς
1707 1755 1820 1816 τοῖς
1865 1752 1955 1806 διὰ

376 1841 614 1910 Χριστοῦ
647 1845 878 1915 καιροῖς.
919 1844 1292 1914 οίκονομικῶς
1335 1844 1391 1898 δέ
1429 1860 1611 1915 φαμεν
1655 1844 1953 1914 ἁσυμφανῆ

2051 651 2153 706 lem
2203 651 2670 707 circumcisiouem
2719 655 2964 719 sortitos,
3009 656 3102 726 qui
3152 657 3279 711 item
3309 659 3478 734 814
3505 677 3631 720 ere--

2052 742 2238 796 dentes
2286 756 2406 796 esse
2450 752 2698 813 possunt.
2765 743 2810 796 Α
2869 743 3019 798 ηιιΙΙο
3068 743 3213 800 enim
3273 760 3494 815 prorsus
3555 753 3633 806 adt

2049 849 2391 890 communem
2443 849 2599 890 usum
2649 835 2790 890 sacri
2853 836 3042 892 altaris
3099 852 3226 893 vasa
3280 839 3626 908 adhibentur,

2051 925 2144 981 sed
2175 936 2324 994 sunt,
2358 927 2572 995 utdixi,
2600 939 2811 992 sancta,
2833 937 2889 984 et
2919 931 2986 984 ad
3018 929 3108 985 Dei
3137 930 3362 999 gloriam
3386 943 3626 1001 servata,

2051 1025 2126 1072 ειν
2148 1018 2493 1076 solis-usibus
2521 1034 2698 1075 sacm
2722 1036 2922 1076 mensa:
2955 1023 3268 1080 ministrare
3293 1025 3450 1081 solita
3482 1041 3502 1082 :
3533 1042 3629 1096 per

2051 1111 2276 1178 ipsaque
2321 1119 2373 1166 et
2407 1110 2464 1165 in
2511 1110 2643 1180 ipsis
2690 1109 3039 1167 oﬂbrentium
3088 1114 3355 1170 sacriﬁcia
3385 1132 3632 1170 consum-

2052 1211 2290 1267 mantur,
2339 1217 2442 1256 non
2489 1217 2815 1273 unoquoque
2867 1218 3022 1258 suum
3077 1219 3171 1261 vas
3203 1204 3486 1272 afferente,
3533 1208 3630 1260 sed

2051 1292 2303 1348 omnibus
2335 1292 2467 1346 solis
2496 1294 2667 1347 sacris
2711 1293 3009 1349 utentibus.
3047 1313 3066 1348 ι
3099 1295 3287 1351 Omnis
3311 1298 3456 1351 enim
3486 1297 3632 1352 lebes

2054 1394 2277 1439 sanctus
2332 1385 2437 1439 erit
2500 1386 2839 1452 Domino,»
2910 1387 3107 1458 inquit.
3166 1389 3355 1460 Itaque
3411 1390 3632 1446 disserit

2053 1476 2270 1546 quidem
2305 1477 2565 1546 propheta
2601 1488 2660 1532 ut
2694 1480 2760 1534 de
2803 1481 3090 1536 sacriﬁciis
3129 1482 3306 1538 adhuc
3348 1482 3630 1552 legalibus,

2053 1568 2244 1624 lebetas
2286 1579 2488 1634 autem,
2537 1579 2593 1625 et
2644 1583 2864 1641 coqueut
2916 1573 3077 1640 dicit,
3103 1575 3247 1644 quod
3299 1590 3397 1628 nos
3435 1589 3633 1628 conve-

2055 1660 2267 1716 nienter
2309 1662 2646 1732 temporibus
2693 1662 2898 1719 Christi
2945 1665 3331 1737 intelligemus.
3385 1666 3635 1721 (Eccos-

2055 1754 2196 1809 mice
2225 1769 2391 1823 porro
2416 1764 2736 1810 sanctorum
2763 1757 3154 1827 prophetarum
3187 1773 3498 1813 sermonem
3533 1757 3634 1810 ob-

2055 1859 2302 1913 scurum,
2329 1856 2517 1901 etnon
2549 1847 2867 1918 simpliciter
2901 1849 3156 1904 omnibus
3205 1849 3449 1919 planum,
3496 1848 3633 1902 dici-

375 1934 646 2003 γενέσθαι,
679 1937 772 1990 καὶ
799 1937 860 1990 ού
907 1939 1072 1991 πᾶσιν
1101 1937 1286 2002 ἁπλῶς
1311 1938 1626 2008 ἐκκείμενον
1649 1937 1761 1991 τῶν
1783 1934 1954 2006 ἁγίων

2062 1951 2198 2003 ωυε,
2232 1952 2300 1992 ne
2328 1937 2622 2008 projiciant
2645 1953 2771 1993 eum
2807 1940 3035 1996 canibus
3063 1943 3109 1974 ³³
3132 1982 3148 2006 ,
3187 1955 3362 2011 neque
3392 1939 3634 2010 profanis

375 2028 671 2100 προφητῶν
703 2029 794 2083 τὸν
821 2029 998 2098 λόγον,
1021 2030 1109 2085 ἵνα
1141 2029 1215 2100 μὴ
1253 2027 1561 2100 βάλιλῙηται
1602 2028 1739 2100 πρὸς
1775 2025 1976 2081 αὐτῶνο

375 2123 486 2184 τοῖς
521 2122 666 2182 κυσὶ,
700 2122 837 2192 μήτε
871 2121 978 2191 μὴν
996 2124 1110 2186 τοῖς
1133 2120 1377 2193 βεϐήλοις
1403 2121 1497 2174 καὶ
1530 2120 1953 2192 βδελυρωτάτοις

375 2214 405 2265 ὁ
438 2213 617 2284 μόνοις
643 2214 868 2284 πρέπων
905 2214 1080 2283 ἁγίοις
1117 2212 1526 2282 ἐκκαλύπτηται
1557 2214 1735 2283 λόγος.

447 2306 554 2359 Kal
586 2307 698 2359 οὐκ
725 2305 900 2360 ἔσται
935 2307 1268 2374 Χαναναῖος
1303 2310 1414 2362 οὐκ
1451 2307 1538 2360 ἔτι.
1566 2308 1636 2360 ἐν
1657 2306 1816 2372 οἵκῳτι
1837 2309 1953 2360 Κυ-

368 2397 507 2464 ρίου
550 2394 1030 2465 παντοκράτορος
1057 2397 1126 2452 ὲν
1156 2397 1230 2467 τῇ
1268 2397 1457 2468 ἡμέρᾳ
1481 2398 1705 2466 ἐκείνῃ.

450 2491 592 2543 PIZ'.
634 2488 840 2560 Σαθρόν
877 2505 938 2542 τε
984 2490 1078 2544 καὶ
1107 2489 1491 2544 εὐδιάκλαστον
1534 2490 1642 2543 τῶν
1672 2487 1958 2561 ἀρχαιοτέ-

379 2600 488 2655 ρων
513 2583 604 2636 τὸν
635 2581 763 2637 νοῦν
782 2581 990 2636 κατίδοι
1016 2600 1101 2646 τις
1128 2582 1216 2648 ἂν,
1247 2584 1341 2637 καὶ
1365 2583 1712 2654 ταλαίπωρον
1736 2581 1952 2653 κομιδῇ.

378 2675 756 2747 Λελύτρωνται
806 2677 903 2747 μὲν
955 2676 1014 2743 ἐξ
1063 2675 1339 2744 Αἰγύπτου
1389 2675 1478 2728 διὰ
1518 2675 1762 2737 Μωσέως
1802 2676 1854 2727 οἱ
1899 2675 1958 2742 ἐξ

391 2768 624 2840 Ἰσραὴλ,
661 2770 754 2822 καὶ
789 2769 891 2838 τῆς
919 2769 1193 2840 ἀφορήτου
1223 2769 1470 2832 δουλείας
1513 2769 1830 2822 ἀπεσείοντο
1867 2769 1960 2822 τὸν

380 2862 541 2931 ζυγὸν
561 2905 575 2927 ,
619 2862 886 2916 πλείστων
914 2879 973 2915 τε
1004 2863 1143 2917 ὅσων
1171 2864 1264 2914 καὶ
1294 2861 1638 2929 ἁξιαγάστων
1667 2864 1753 2916 ἐπ’
1779 2862 1962 2926 αὐτοῖς

378 2954 776 3025 τετελεσμένων
797 2954 1059 3026 σημείων,
1082 2953 1311 3026 ἐξῄεσαν
1340 2955 1512 3025 μόλις·
1542 2954 1962 3025 διεϐιϐἁσθησαν

379 3046 436 3101 δὲ
481 3047 575 3100 καὶ
619 3045 710 3100 διὰ
759 3045 1035 3116 θαλάσσης
1079 3046 1274 3116 αὐτῆς,
1328 3045 1717 3117 κατεδηδόκασί
1763 3063 1827 3098 τε
1872 3045 1962 3100 τὸν

380 3140 548 3211 ἄρτον
574 3137 665 3192 τὸν
691 3139 752 3204 ἐξ
775 3139 1026 3210 οὐρανοῦ,
1055 3139 1150 3192 καὶ
1178 3138 1321 3209 ὕδωρ
1352 3141 1416 3192 ἐκ
1445 3139 1651 3210 πέτρας
1682 3139 1963 3208 ἀδοκήτως

381 3229 704 3298 ἐκκομισθὲν
729 3231 786 3280 ἐν
810 3231 878 3299 τῇ
908 3229 1103 3298 ἐρήμῳ
1136 3226 1446 3282 πεπώκασι.
1479 3226 1544 3279 Τί
1583 3221 1676 3279 οὖν
1707 3227 1757 3278 οἱ
1801 3224 1963 3278 τάλα-

2055 2036 2106 2083 et
2147 2028 2485 2085 detestandis
2520 2030 2790 2086 reveletur
2811 2033 3058 2100 verbum,
3087 2034 3232 2104 quod
3255 2032 3398 2087 solos
3419 2039 3635 2086 sanctos

2053 2119 2224 2176 decet.

2124 2299 2199 2354 Ει
2243 2317 2348 2355 non
2399 2302 2500 2356 erit
2539 2302 2682 2356 ultra
2723 2301 3060 2358 Chanamcus
3117 2305 3169 2355 in
3216 2303 3371 2355 duino
3428 2302 3634 2354 Domni:

2056 2397 2426 2464 omnipotentis
2460 2397 2515 2451 in
2546 2397 2632 2451 die
2655 2397 2772 2451 illa.

2127 2487 2332 2544 CXVII.
2371 2487 2668 2556 Inﬁrmam,
2712 2499 2769 2545 et
2805 2489 3052 2560 fragilem
3099 2499 3342 2549 veterum
3378 2498 3636 2555 mentem,

2056 2589 2112 2634 et
2134 2580 2387 2638 miseram
2421 2581 2576 2637 valde
2607 2582 2794 2638 videre
2822 2597 3012 2653 queas.
3058 2581 3296 2638 Liberati
3330 2591 3458 2636 sunt
3493 2583 3634 2636 enim

2058 2688 2124 2729 ex
2183 2673 2421 2746 Egypta
2470 2689 2568 2745 per
2616 2674 2800 2730 Mosen
2854 2675 3137 2739 Israelitae,
3187 2683 3242 2730 et
3302 2673 3638 2729 intolerabile

2061 2768 2342 2822 servitutis
2365 2766 2555 2837 jngum
2589 2777 2972 2836 excusserunt,
3010 2768 3276 2838 longeque
3305 2767 3553 2837 plurimis
3585 2775 3640 2821 et

2063 2856 2472 2912 admirabilibus
2522 2859 2693 2928 signis
2735 2859 2788 2913 in
2824 2874 2884 2913 se
2927 2858 3089 2913 editis
3122 2858 3335 2913 tandem
3365 2858 3638 2924 exierunt,

2062 2949 2506 3020 trausieruntque
2534 2966 2631 3020 per
2657 2965 2807 3004 mare
2839 2952 3036 3020 ipsum,
3063 2951 3417 3004 comederunt
3446 2965 3638 3018 panem

2063 3043 2131 3097 de
2163 3043 2323 3106 rmlo,
2361 3052 2416 3098 et
2449 3059 2644 3111 aquam
2677 3044 2742 3097 de
2781 3050 2934 3112 petra
2983 3045 3357 3111 inexspectato
3389 3043 3637 3095 eductam

2066 3133 2118 3187 in
2166 3133 2458 3188 solitudine
2493 3134 2829 3189 biberunt”.
2859 3135 2998 3202 Quid
3039 3135 3202 3205 igitur
3236 3135 3464 3189 miseri?
3490 3136 3641 3189 Mose

2066 3226 2314 3290 absente,
2336 3225 2559 3279 vitulum
2586 3225 2890 3281 conﬂarunt
2912 3225 2978 3290 ",
2998 3236 3123 3279 etut
3149 3227 3409 3295 propheta
3439 3226 3599 3279 habet
3623 3238 3642 3277 :

382 3339 499 3388 νες;
549 3320 1104 3391 Μεμοσχοποιήκασιν
1150 3318 1382 3382 ἀπόντος
1429 3316 1694 3381 Μωσέως,
1741 3316 1836 3368 καὶ
1886 3315 1961 3379 ὡς

2073 3336 2092 3368 ι
2124 3316 2493 3387 Susceperunt
2547 3318 2952 3373 tabernaculum
2995 3318 3228 3382 bloloch,
3271 3328 3326 3373 et
3361 3319 3510 3374 sidus
3550 3318 3640 3372 Dei

383 3416 412 3466 ὁ
454 3415 737 3485 προφήτης
785 3413 970 3484 φησὶν,
1029 3430 1050 3464 ι
1119 3409 1408 3464 Ἀνέλαϐον
1459 3409 1559 3476 τὴν
1607 3408 1814 3480 σκηνὴν
1866 3407 1960 3461 τοῦ

385 3506 578 3576 ὶιολὸχ,
624 3507 720 3558 καὶ
756 3503 819 3557 τὸ
850 3503 1049 3575 ἄστρον
1079 3500 1177 3556 τοῦ
1203 3501 1336 3554 Θεοῦ
1364 3499 1543 3552 αὐτῶν
1585 3500 1805 3570 Ῥεφάν,
1835 3499 1964 3563 τοὺς

381 3597 582 3662 τύπους
625 3595 718 3660 οὓς
752 3597 1084 3666 πεποιήκασι
1135 3595 1457 3664 προσκυνεῖν
1496 3593 1701 3656 αὐτοῖς.
1749 3611 1768 3644 ι
1823 3591 1961 3644 Ἀλλ’

384 3695 578 3746 ἐκεῖνοι
630 3692 729 3762 μὲν
778 3687 1082 3744 διολώλασι.
1143 3707 1162 3739 ‹
1230 3687 1492 3740 Πέπτωκε
1533 3685 1644 3756 γάρ
1695 3683 1764 3738 τὰ
1814 3684 1963 3737 κῶλα

384 3785 564 3840 αὐτῶν
591 3786 649 3838 ἐν
688 3786 754 3856 τῇ
791 3783 1004 3855 ἐρήμῳ,
1045 3800 1064 3832 ι
1100 3779 1244 3834 καθά
1270 3779 1600 3850 γέγραπται.
1649 3777 1868 3848 Ἐπειδὴ
1907 3778 1965 3831 δὲ

383 3876 638 3946 διέϐησαν
661 3875 752 3928 τὸν
785 3873 1054 3944 Ἰορδάνην
1075 3873 1128 3925 οἱ
1151 3871 1266 3942 μετ’
1285 3870 1508 3932 αὐτοὺς,
1529 3868 1964 3940 στρατηγοῦντος

398 3967 593 4038 Ἰησοῦ,
639 3965 799 4020 πάλιν
848 3963 944 4018 τοῦ
988 3962 1180 4033 χρόνου
1228 3959 1634 4031 προϐαίνοντος,
1677 3957 1964 4026 γεγονότες

386 4060 491 4114 ὑπὸ
533 4057 746 4132 κριτάς,
775 4055 1169 4128 λελατρεύκασι
1200 4054 1313 4116 τοῖς
1356 4049 1616 4116 εἰδώλοις.
1664 4050 1828 4106 Ἀλλὰ
1870 4051 1967 4104 καὶ

387 4157 446 4208 ἐν
491 4156 702 4225 καιροῖς
743 4151 853 4206 τῶν
881 4149 1048 4219 ἁγίων
1082 4148 1378 4222 προφητῶν
1419 4144 1683 4198 τεθύκασι
1722 4146 1844 4207 ταῖς
1874 4143 1968 4198 δα-

390 4246 583 4318 μάλεσι
616 4247 735 4308 ταῖς
763 4246 1011 4314 χρυσαῖς,
1046 4241 1111 4304 ἃς
1147 4239 1447 4309 πεποίηκεν
1483 4239 1665 4302 αύτοίς
1695 4239 1724 4290 ὁ
1755 4236 1968 4306 ἐπάρας

387 4357 477 4400 τος
517 4337 817 4410 Ίεροϐοὰμ.
854 4335 962 4388 Καὶ
996 4333 1133 4404 πρὸς
1168 4331 1377 4396 τούτοις
1417 4331 1498 4384 ἔτι
1527 4330 1730 4402 τεμένη
1773 4347 1833 4382 τε
1873 4329 1968 4383 καὶ

391 4434 607 4505 βωμοὺς
638 4431 974 4492 ἀνιστάντες,
1009 4427 1160 4480 οὐδὲν
1185 4420 1348 4497 ἧττον
1383 4425 1866 4495 προσκεκυνὴκασι
1891 4421 1968 4493 τῷ

388 4529 552 4594 Βαάλ,
584 4527 661 4598 τῷ
687 4524 912 4596 Χαμὼς,
944 4527 1010 4595 τῇ
1055 4521 1346 4592 ’Δστάρτῃ,
1376 4519 1453 4590 τῷ
1482 4517 1825 4589 Βεελφεγώρ.
1856 4516 1968 4571 Καὶ

387 4623 448 4675 τὸ
475 4621 681 4675 τούτων
711 4618 968 4672 ἐπέκεινα
997 4615 1105 4668 τῶν
1137 4613 1342 4675 κακῶν,
1383 4613 1444 4665 ού
1478 4610 1586 4682 γὰρ
1623 4610 1688 4681 δὴ
1715 4611 1816 4682 τὴν
1841 4611 1970 4677 ἁγε-

388 4716 543 4770 λαίαν
583 4714 678 4767 καὶ
718 4710 1034 4782 συρφετώδη
1078 4706 1290 4778 πληθὺν
1332 4705 1500 4776 μόνην
1545 4705 1604 4756 ἐν
1631 4701 1842 4765 τούτοις
1871 4717 1965 4769 γε-

387 4805 573 4858 νέσθαι
607 4802 820 4873 φαμὲν,
852 4800 987 4853 ἁλλὰ
1016 4797 1125 4869 γὰρ
1153 4797 1248 4850 καὶ
1289 4795 1350 4860 ἐξ
1395 4794 1574 4849 αὐτῶν
1613 4793 1722 4847 τῶν
1775 4793 1964 4864 ἱερέων

387 4895 775 4956 ἐκκεκλικότας
832 4891 1062 4954 πολλοὺς
1133 4889 1456 4960 εὑρήσομεν.
1522 4885 1812 4956 Τοιγάρτοι
1872 4883 1966 4936 καὶ

388 4990 589 5058 ἔφασκε
620 4985 708 5041 διὰ
738 4982 834 5038 τοῦ
877 4983 1156 5054 προφήτου
1200 4982 1228 5034 ὁ
1278 4979 1444 5042 Θεόςο
1492 4995 1510 5028 ι
1548 4979 1610 5030 Ol
1649 4978 1811 5047 ἱερεῖς
1866 4976 1967 5028 οὐκ

387 5077 579 5134 εἶπαν·
613 5077 722 5133 Ποῦ
765 5079 882 5131 ἐστι
924 5075 1167 5146 Κύριος;
1218 5073 1311 5125 καὶ
1341 5073 1389 5124 οἱ
1423 5071 1769 5140 ἀντεχόμενοι
1798 5071 1964 5138 νόμου

2065 3411 2305 3481 ipsorum
2347 3410 2652 3480 Rhempha,
2705 3411 2910 3482 ﬁguras
2944 3426 3084 3480 quas
3122 3412 3367 3466 fecerunt
3411 3412 3643 3466 adorare

2065 3519 2157 3557 eas
2179 3503 2243 3558 ’⁸.
2277 3521 2294 3554 ι
2323 3501 2431 3556 Sed
2453 3503 2525 3556 illi
2547 3504 2761 3574 quidem
2782 3505 3076 3574 perierunt.
3103 3524 3122 3557 ι
3147 3505 3469 3560 Ceciderunt
3497 3505 3642 3559 enim

2067 3596 2307 3649 membra
2378 3611 2565 3650 eorum
2632 3597 2684 3650 in
2769 3599 3024 3660 deserto,
3077 3618 3094 3650 ι
3167 3599 3308 3652 sicut
3375 3599 3639 3667 scriptum

2066 3689 2236 3744 est“.
2271 3687 2367 3742 Ast
2395 3689 2484 3743 ubi
2522 3689 2722 3757 posteri
2749 3705 2933 3745 eorum
2963 3689 3251 3746 Iordanem
3287 3691 3642 3757 transierunt,

2067 3780 2201 3835 duce
2231 3779 2416 3842 Josue,
2450 3782 2644 3836 deinde
2675 3785 3002 3848 procedente
3045 3794 3288 3853 tempore
3321 3785 3422 3837 sub
3444 3784 3641 3853 judici-

2067 3872 2168 3926 bus
2203 3872 2440 3937 fuerunt,
2494 3874 2803 3929 servierunt
2841 3876 3016 3930 idolis.
3052 3876 3156 3930 Sed
3203 3887 3257 3930 et
3314 3875 3648 3944 temporibus

2068 3974 2383 4018 sanctorum
2425 3966 2810 4034 prephetarum
2855 3967 3302 4022 sacriﬁcaverunt
3331 3967 3517 4022 vitulis
3549 3982 3648 4020 au-

2068 4054 2198 4116 reis,
2243 4069 2380 4122 quos
2405 4055 2486 4108 eis
2519 4055 2649 4122 fecit
2687 4056 3009 4113 maledictus
3032 4057 3407 4114 Jeroboam".
3443 4057 3508 4110 Et
3557 4057 3642 4110 in-

2069 4163 2234 4216 super
2261 4148 2504 4214 delubra,
2538 4161 2594 4203 et
2630 4165 2755 4205 aras
2789 4151 3084 4218 erigentes,
3120 4151 3470 4205 nihilominus
3496 4151 3645 4212 Baal.

2069 4236 2326 4301 Chamos,
2367 4239 2643 4301 Astarten,
2678 4238 3009 4309 Beelphegor
3047 4241 3366 4294 adorahant.
3412 4242 3475 4295 Et
3506 4242 3648 4311 quod

2071 4329 2230 4384 malis
2262 4330 2381 4385 istis
2419 4331 2594 4400 pejus,
2645 4347 2750 4384 non
2785 4331 3055 4400 plebeium
3102 4341 3154 4385 et
3191 4333 3426 4401 ignobile
3455 4335 3648 4405 vulgus

2073 4433 2280 4476 tantum
2328 4423 2382 4477 in
2416 4423 2500 4478 his
2536 4423 2706 4478 fuisse
2737 4425 2986 4487 dicimus,
3037 4426 3131 4479 sed
3167 4441 3230 4478 ex
3283 4425 3399 4495 ipso
3434 4442 3650 4496 quoque

2071 4513 2414 4572 sacerdotum
2443 4516 2637 4572 ordine
2664 4519 2865 4571 multos
2896 4515 3181 4572 deﬂexisse
3210 4527 3444 4572 constat.
3470 4519 3650 4585 Quare

2072 4616 2128 4662 et
2160 4623 2258 4676 per
2290 4607 2611 4677 prophetam
2645 4608 2862 4663 dicebat
2895 4608 3035 4662 Deus
3069 4626 3083 4661 :
3118 4628 3136 4659 ι
3170 4608 3494 4664 Sacerdotes
3545 4626 3650 4662 non

2072 4701 2367 4756 dixerunt:
2404 4700 2503 4756 Ubi
2555 4711 2640 4756 est
2683 4701 2984 4754 Dominus?
3016 4712 3070 4756 et
3113 4704 3430 4771 prolitentes
3477 4703 3650 4772 legem

2072 4810 2177 4847 non
2217 4795 2582 4862 agnoscebant
2625 4809 2730 4858 me,
2759 4804 2814 4848 et
2837 4794 3002 4864 815
3028 4805 3276 4864 pastores
3327 4795 3491 4862 impie
3523 4810 3649 4862 age—

2072 4889 2204 4941 bant
2231 4886 2284 4940 in
2321 4901 2425 4953 rue,
2461 4895 2517 4940 et
2543 4885 2820 4956 prephetm
2848 4887 3243 4957 pruphetabant
3275 4887 3423 4951 Baal,
3451 4896 3504 4940 et
3529 4895 3653 4956 post

2076 4979 2266 5033 inutile
2295 4977 2549 5032 abierunt
2571 4978 2638 5030 ²⁸.
2674 4997 2694 5032 ι
2726 4979 2873 5035 Vidit
2903 4981 3069 5035 etiam
3100 4981 3360 5050 propheta
3393 4979 3651 5034 Ezechiel

2073 5069 2294 5124 circiter
2334 5069 2521 5140 viginti
2553 5069 2794 5140 quinque
2836 5069 2986 5124 viros
3035 5069 3104 5124 de
3135 5071 3445 5124 senioribus
3486 5067 3651 5122 Israel

387 5172 489 5225 οὐκ
520 5159 818 5240 ἠπίσταπό
847 5184 935 5238 με,
977 5165 1071 5218 καὶ
1095 5167 1142 5218 οἱ
1173 5163 1427 5233 ποιμένες
1458 5161 1690 5231 ἠσέϐουν
1726 5161 1805 5222 εἰς
1841 5159 1964 5228 ἐμὲ,

389 5264 483 5317 καὶ
520 5265 569 5316 οί
613 5261 888 5334 προφῆται
935 5259 1306 5330 προεφήτευω
1347 5258 1412 5326 τῇ
1459 5253 1625 5316 Βαὰλ,
1661 5253 1756 5306 καὶ
1790 5251 1968 5304 ὀπίσω

2075 5172 2226 5232 terga
2261 5172 2470 5218 tantum
2495 5164 2845 5219 obvertentes
2876 5162 3079 5232 templo
3116 5163 3352 5227 Domini,
3385 5170 3442 5216 et
3472 5161 3654 5216 mltos

2074 5258 2406 5314 avertentes,
2444 5263 2508 5303 ac
2548 5248 2718 5303 solem
2745 5263 2935 5304 versus
2964 5247 3232 5302 orientem
3271 5246 3560 5301 adorantes
3582 5247 3651 5300 ".

389 5355 698 5426 ἀνωφελοῦς
751 5352 1143 5425 ἐπορεύθησαν.
1189 5369 1207 5400 ι
1255 5349 1518 5402 Τεθέαται
1561 5345 1618 5399 δέ
1645 5345 1741 5398 καὶ
1774 5345 1802 5398 ὁ
1840 5361 1973 5414 προο

2069 5343 2138 5397 Ει
2178 5342 2549 5410 hujuscemodi
2585 5341 2816 5413 plurima
2864 5339 3214 5396 accumulare
3256 5339 3393 5394 nihil
3429 5349 3514 5394 est
3563 5354 3659 5394 ne-

389 5453 570 5522 φήτης
607 5447 866 5518 ἰεζεχιὴλ
893 5446 968 5510 ὡς
994 5446 1166 5498 εἴκοσι
1207 5444 1301 5497 καὶ
1342 5441 1503 5494 πέντε
1545 5439 1743 5511 ἄνδρας
1773 5438 1837 5491 ἐκ
1865 5436 1972 5490 τῶν

2072 5433 2224 5502 gotii.
2265 5432 2595 5487 Sull‘ecerint
2622 5441 2826 5496 autem,
2866 5431 3082 5500 opinor,
3112 5439 3167 5483 et
3213 5431 3330 5484 hare
3368 5429 3434 5482 ad
3466 5444 3654 5484 eorum

389 5520 776 5610 πρεσϐυτέρων
839 5534 1075 5607 Ἰσραὴλ,
1134 5533 1202 5586 τά
1255 5531 1478 5586 ὀπίσθια
1539 5531 1698 5602 μόνον
1752 5528 1975 5599 ἔχοντας

2075 5524 2364 5579 ruditatem
2429 5523 2877 5578 eonvincendam.
2944 5521 3083 5590 Ergo
3147 5520 3447 5574 ﬂuetuabat
3506 5535 3659 5573 mens

392 5634 526 5704 πρὸς
557 5631 650 5687 τὸν
684 5629 812 5685 ναὸν
842 5629 1072 5699 Κυρίου,
1107 5627 1201 5681 καὶ
1233 5625 1301 5680 τά
1339 5625 1610 5696 πρόσωπα
1638 5621 1819 5676 αὐτῶν
1866 5620 1976 5674 ἁπ-

2077 5627 2350 5698 veterum,
2388 5626 2445 5671 ct
2488 5615 2754 5670 delirabat
2803 5628 3150 5684 magquere.
3189 5612 3459 5682 Quocirca
3494 5621 3551 5666 ct
3593 5613 3662 5666 de

459 5838 507 5869 "
543 5835 730 5890 Matth.
758 5852 848 5898 vn,
878 5835 930 5889 ti.
998 5834 1042 5863 ³³
1078 5832 1244 5887 Exod.
1280 5847 1388 5891 xw.
1418 5832 1437 5884 I
1470 5847 1620 5899 seqq.
1652 5847 1664 5889 ;
1703 5845 1812 5887 xw.
1867 5829 1882 5881 Ι
1928 5842 2101 5899 seqq;
2137 5823 2291 5877 Num.
2324 5840 2388 5899 sx
2415 5864 2424 5884 ,
2455 5822 2595 5899 I-lg.
2660 5821 2706 5899 “A
2737 5819 2904 5874 Exod.
2933 5837 3109 5899 snit,
3144 5821 3160 5876 l
3199 5837 3349 5894 seqq.
3416 5823 3460 5855 ’δ
3495 5821 3661 5876 Amos

392 5923 449 5969 γ.
476 5909 570 5964 ‘16.
648 5893 875 5964 "Ilebr.
913 5921 993 5971 ιιι,
1035 5903 1117 5958 I7.
1197 5903 1240 5936 ³⁷
1278 5902 1342 5958 III
1372 5902 1498 5973 Reg.
1538 5893 1844 5965 ιἱιί,ϊὶ8·55.
1927 5900 1966 5930 ²⁴
2004 5893 2199 5953 lenem.
2236 5909 2295 5960 ll,
2329 5896 2384 5946 X.
2477 5898 2517 5923 τ’
2553 5893 2747 5947 lizeeh.
2783 5908 2898 5958 ml,
2929 5893 3010 5946 It}.
