4120 6376
449 414 519 469 75
1403 407 1460 457 δ.
1501 401 1776 453 ωιίιιιιιι
1815 397 2012 451 ΑιΕΧ.

2116 397 2291 455 DRINI
2334 393 2653 450 ARCHIEP.

3565 392 3672 453 276

415 528 550 600 ipsis
575 523 750 579 aiebat
777 521 916 575 Deus
947 537 961 573 :
993 534 1012 568 ι
1047 515 1368 571 Dilexerunt
1399 529 1620 569 movere
1644 513 1811 582 pedes
1836 527 1985 577 suos,

2121 531 2294 577 ναντι,
2344 505 2784 582 προσκυνοῦντὰς
2830 521 2889 556 τε
2934 503 3076 557 κατὰ
3115 501 3376 565 ἀνατολὰς
3407 500 3485 572 τῷ
3513 501 3669 573 ήλίῳ.

415 631 470 676 et
517 632 621 672 non
687 617 1080 682 pepercerunt,
1119 617 1175 663 et
1233 608 1344 664 Deo
1393 622 1502 662 non
1555 603 1884 674 complacuit
1935 605 1990 659 in

417 710 500 765 eis
525 708 590 760 ³ο.
625 726 644 758 ι
685 702 867 758 Facile
907 702 1052 757 enim
1087 701 1142 755 in
1175 708 1345 754 tetras
1390 696 1730 754 idololatrias
1759 695 1994 750 abduce-

420 803 638 863 bantur,
671 803 726 850 et
770 809 891 850 cum
938 801 1125 848 essent
1163 789 1385 846 oriundi
1423 804 1455 844 e
1501 788 1764 858 sanguine
1805 785 1994 851 Israel,

423 890 756 960 alienigenas
796 886 1131 941 Cbananaaos
1181 882 1382 937 imitari
1427 881 1786 936 conabantur.
1845 877 1998 934 Post-

422 998 584 1053 quam
625 989 807 1034 autem
837 977 1176 1046 unigenitum
1210 975 1306 1029 Dei
1333 973 1571 1028 Verbum
1619 972 1790 1027 nostri
1821 971 1998 1027 simile

424 1077 628 1129 factum
670 1083 755 1126 est
778 1069 848 1137 ³¹,
887 1077 942 1124 et
983 1067 1314 1138 justiﬁeatos
1348 1064 1455 1120 ﬁde
1488 1064 1534 1096 ³³
1568 1073 1761 1120 sancto
1791 1062 1997 1134 Spiritu

427 1165 492 1219 ad
525 1179 583 1218 se
612 1163 932 1218 accedentes
956 1157 1262 1229 obsignavit
1289 1156 1407 1228 ejus
1434 1156 1632 1226 gratia,
1665 1169 1820 1210 mens
1847 1152 2000 1210 nobis

426 1256 671 1321 stabilis,
715 1254 1037 1309 inconcussa
1081 1259 1138 1306 et
1192 1250 1405 1304 ﬁrmata
1458 1247 1510 1301 in
1558 1247 1760 1316 pietate
1804 1246 1999 1301 evasit.

429 1347 539 1402 Nec
570 1346 715 1401 enim
745 1345 1029 1415 quisquam
1057 1341 1411 1412 persuadebit
1450 1337 1808 1394 sanctiﬁcatis
1836 1338 2001 1392 alium

429 1439 610 1495 colere
643 1438 811 1494 Deum
858 1441 1056 1505 praeter
1102 1449 1228 1488 eum
1269 1433 1362 1502 qui
1416 1440 1606 1485 natura
1645 1441 1700 1484 et
1747 1443 1876 1484 vere
1922 1435 2006 1483 est

433 1534 598 1597 Deus,
629 1543 789 1600 quem
824 1529 992 1583 Deum
1032 1525 1087 1580 in
1113 1523 1334 1580 Christo
1359 1523 1729 1594 cognovimus.
1758 1519 2008 1576 Ostendit

433 1624 580 1679 enim
616 1621 774 1677 nobis
821 1612 874 1674 in
915 1619 1098 1688 seipso
1133 1617 1374 1681 Patrem,
1409 1615 1598 1670 dicens
1631 1633 1644 1668 :
1679 1631 1698 1664 ι
1730 1613 1832 1680 Qui
1873 1612 2009 1666 vidit

435 1728 542 1777 me,
573 1711 709 1766 vidit
745 1718 802 1765 et
835 1707 1051 1762 Patrem
1071 1706 1138 1760 ³³.
1171 1724 1191 1758 ι
1227 1705 1416 1775 Itaque
1449 1703 1504 1758 in
1527 1703 1617 1758 die
1662 1703 1774 1768 illa,
1809 1701 2005 1771 inquit,

2095 608 2205 662 Καὶ
2234 606 2461 660 πλεῖστα
2493 602 2590 673 μὲν
2619 602 2675 652 ὲν
2707 597 2917 658 τούτοις
2944 593 3300 664 ἐπισωρεύειν
3331 592 3494 662 ἕτερα
3522 592 3674 662 χαλε-

2095 698 2198 752 πὸν
2241 696 2432 751 οὐδέν·
2509 691 2763 768 ἀρκέσειν
2808 689 2865 742 δὲ
2928 683 3082 758 οἶμαι
3145 685 3240 738 καὶ
3299 683 3472 738 ταῦτα
3538 683 3674 754 πρὸς

2097 788 2315 858 έλεγχον
2341 786 2440 856 τῆς
2471 784 2696 851 ἐνούσης
2721 780 2900 842 αὐτοῖς
2935 773 3321 847 ἁφιλομαθίας.
3349 770 3558 826 Οὐκοῦν
3589 787 3676 822 σε-

2099 879 2326 934 σάλευτο
2367 878 2464 948 μὲν
2491 875 2600 928 τῶν
2631 871 3001 945 ἀρχαιοτέρων
3033 868 3062 920 ὁ
3094 864 3238 931 νοῦς,
3269 863 3364 918 καὶ
3391 858 3459 936 ἦν
3498 861 3676 932 παρᾶ-

2100 988 2263 1042 φορος
2293 967 2510 1040 κομιδῇ.
2552 965 2842 1034 Τοιγάρτοι
2872 960 2965 1014 καὶ
3009 958 3137 1029 περὶ
3167 955 3344 1008 αὐτων
3375 951 3478 1023 ἔφη
3506 951 3674 1013 Θεός·

2105 1083 2125 1116 ‹
2169 1060 2491 1131 Ἠγάπησαν
2519 1058 2689 1110 κινεῖν
2719 1054 2885 1115 πόδας
2904 1049 3102 1112 αὐτῶν,
3126 1045 3221 1100 καὶ
3244 1046 3345 1098 οὐκ
3371 1042 3674 1112 ἐφείσαντο,

2101 1154 2197 1208 καὶ
2219 1155 2247 1206 ὁ
2267 1130 2399 1214 Θεὸς
2417 1151 2516 1202 οὐκ
2538 1147 2834 1219 ηὐδόκησεν
2859 1147 2916 1198 ἐν
2945 1143 3148 1203 αὐτοῖς.
3185 1158 3204 1190 ι
3239 1130 3680 1208 Παρεκομίζοντο

2102 1243 2212 1314 γὰρ
2227 1241 2462 1303 εὐκόλως
2487 1241 2569 1301 εἰς
2594 1238 2826 1299 ἀτόπους
2853 1228 3312 1302 εἰδωλολατρείας,
3343 1226 3434 1280 καὶ
3461 1222 3680 1314 γεγονός

2102 1312 2195 1398 τες
2225 1331 2285 1396 ἐξ
2310 1331 2542 1402 αἵματος
2583 1325 2822 1398 Ἰσραὴλ,
2854 1323 2981 1386 τοὺς
3012 1320 3316 1388 ἀλΜγενεῖς
3345 1312 3682 1402 Χαναναίους

2107 1423 2302 1498 ζηλοῦν
2330 1401 2679 1483 ἐσπούδαζον.
2737 1415 2955 1485 Ἐπειδὴ
2985 1412 3041 1466 δὲ
3074 1409 3365 1479 καθ’ἠμᾶς
3397 1405 3618 1475 γέγονεν
3649 1401 3683 1454 ὁ

2111 1496 2404 1587 μονογενὴς
2425 1510 2520 1565 τοῦ
2552 1509 2688 1564 Θεοῦ
2723 1509 2913 1576 Λόγος,
2946 1507 3038 1558 καὶ
3062 1501 3358 1562 δικαιώσας
3383 1500 3448 1569 τῇ
3481 1496 3682 1558 πίστει,

2217 1579 2656 1678 ἀγίῳτῐῐνεύματι
2681 1599 3085 1670 κατεσφράγισε
3114 1595 3238 1658 τοὺς
3266 1595 3334 1663 τῇ
3367 1591 3498 1659 παρ’
3519 1579 3684 1641 αὐτοῦ

2110 1676 2436 1769 προσιόντας
2480 1695 2704 1765 χάριτι--
2747 1691 2968 1759 γέγονεν
3019 1689 3153 1757 ἡμῖν
3201 1684 3412 1754 ἑδραῖος
3456 1681 3485 1732 ὁ
3537 1676 3684 1769 νοῦς,

436 1807 540 1860 hoc
565 1813 650 1859 est
678 1803 740 1858 in,
765 1801 856 1857 illo
878 1810 1142 1870 tempore,
1167 1813 1274 1853 non
1300 1799 1406 1855 erit
1434 1795 1798 1860 Chananmus,
1829 1795 1880 1848 id
1902 1802 2006 1858 est,

2116 1767 2362 1859 ἀσφαλής
2401 1803 2460 1839 τε
2484 1785 2580 1839 καὶ
2608 1782 3016 1843 ἀκατὰσειστος,
3050 1777 3144 1832 καὶ
3184 1770 3449 1843 πεπηγὼς
3485 1769 3567 1832 εἰς
3594 1767 3687 1819 εὐ-

338 1935 348 1963 ,
437 1895 738 1966 alienigena
787 1903 844 1949 et
882 1861 1165 1947 idololatra
1217 1891 1273 1945 in
1326 1890 1488 1944 domo
1520 1887 1730 1942 Domini
1762 1887 2011 1956 omnipo-

2117 1881 2352 1936 σέϐειαν.
2407 1876 2716 1933 Ἀναπείσει
2761 1873 2871 1945 γὰρ
2913 1871 3088 1933 οὐδεὶς
3135 1868 3260 1929 τοὺς
3300 1861 3688 1935 ἡγιασμένους,

442 1950 633 2040 lentis:
673 1984 908 2039 Stabiltti
958 1983 1104 2038 enim
1148 1995 1363 2044 sumus,
1411 1987 1470 2033 ut
1507 1978 1640 2041 dixi,
1691 1977 1746 2030 in
1793 1950 1930 2040 ode;
1958 1984 2012 2030 et

2116 1977 2302 2046 ἕτερον
2326 1973 2554 2044 τιμῆσαι
2583 1969 2718 2023 Θεὸν
2751 1966 2902 2037 παρὰ
2931 1965 3021 2017 τὸν
3055 1961 3213 2031 φ’ύσει
3251 1975 3309 2011 τε
3329 1957 3424 2010 καὶ
3454 1950 3689 2046 αληδῶς,

440 2073 749 2128 securitatis
797 2070 1135 2126 ornamentis
1183 2083 1283 2137 per
1327 2067 1604 2122 Christum
1649 2064 2010 2129 cobonestati,

2117 2065 2177 2118 ὃν
2208 2041 2528 2134 ἐγνώκαμεν
2561 2060 2692 2114 Θεὸν
2731 2060 2787 2111 ὲν
2813 2053 3053 2128 Χριστῷ.
3091 2047 3385 2121 Παρὲδειξε
3418 2043 3527 2137 γαρ
3561 2041 3692 2137 ἡμῖν

439 2177 536 2230 per
569 2177 730 2231 quem
770 2172 977 2219 etcum
1025 2175 1131 2229 quo
1177 2159 1289 2213 Deo
1340 2167 1396 2212 et
1451 2157 1598 2212 Patri
1652 2155 1844 2226 gloria,
1887 2169 2012 2209 cum

2119 2157 2176 2210 ὲν
2211 2130 2386 2226 ἑαυτῷ
2422 2130 2513 2207 τὸν
2558 2151 2797 2222 Πατέρα,
2842 2147 3048 2215 λέγων⁸
3091 2162 3110 2195 ι
3169 2143 3229 2194 '0
3262 2134 3518 2208 ἑωρακὼς
3571 2130 3693 2231 ἐμὲ,

443 2263 633 2308 sancto
665 2252 867 2322 Spiritu
903 2254 955 2306 in
999 2267 1214 2305 omnem
1241 2250 1619 2304 aeternitatem.
1655 2224 1846 2302 Amen.

2121 2248 2334 2319 ἑώρακε
2359 2224 2463 2302 τὸν
2502 2246 2742 2318 Πατέρα.
2781 2263 2799 2296 ι
2835 2239 3046 2297 Οὐκοῦν
3083 2239 3142 2290 ὲν
3174 2237 3240 2306 τῇ
3274 2230 3459 2322 ἡμέρᾳ
3491 2224 3693 2293 ἐκείνῃ,

445 2346 600 2414 φησι,
645 2346 914 2412 τουτέστι,
965 2344 1084 2398 κατ’
1114 2345 1289 2397 έκεῖνο
1331 2344 1426 2397 τοῦ
1476 2343 1692 2414 καιροῦ,
1738 2345 1838 2395 οὐκ
1910 2340 2062 2394 ἔσται
2099 2315 2422 2408 Χαναναῖος,
2457 2315 2756 2402 τουτέστιν,
2829 2333 3119 2404 ἀλλογενὴς
3153 2329 3246 2385 καὶ
3287 2315 3704 2391 εῐδῶλολῗάτρηςν

445 2441 504 2491 ὲν
545 2439 624 2510 τῷ
661 2440 795 2508 οἴκῳ
841 2439 1048 2510 Κυρίου
1096 2439 1554 2510 παντοκράτορος.
1623 2434 2023 2508 Ἐρηρείσμεθα
2053 2436 2183 2507 γὰρ,
2254 2438 2329 2500 ὡς
2391 2437 2559 2506 ἔφην,
2613 2437 2671 2488 ὲν
2718 2433 2917 2496 πίστει,
2967 2428 3062 2482 καὶ
3103 2426 3216 2488 τοῖς
3268 2425 3347 2485 εἰς
3399 2415 3700 2486 ἀσφάλειαν

449 2534 728 2602 αὐχήμασι
771 2531 1189 2602 κατεστέμμεθα
1230 2531 1320 2586 διὰ
1374 2531 1644 2602 Χριστοῦ,
1709 2531 1777 2584 δι’
1821 2525 1883 2586 οῦ
1932 2532 2027 2584 καὶ
2064 2535 2184 2602 μεθ’
2222 2527 2282 2586 οὗ
2320 2532 2398 2585 τῶ
2441 2530 2558 2602 Θεῴ
2607 2530 2697 2583 καὶ
2777 2526 2948 2598 Πατρν⁵
3000 2524 3034 2593 ὴ
3077 2519 3225 2585 δόξα,
3273 2518 3368 2571 σὺν
3439 2511 3518 2584 τῷ
3561 2511 3704 2578 ἁγιῳ

452 2626 750 2696 Πνεύματι,
781 2626 1013 2691 εἰςιτούς
1037 2627 1257 2690 αἰῶνας.
1305 2625 1495 2696 Ἀμήν.

526 2784 569 2814 ³ο
602 2782 804 2840 Jerem.
825 2798 934 2852 xw,
962 2783 1048 2840 10.
1127 2783 1170 2815 ³⁸
1197 2782 1394 2854 Philip.
1427 2799 1489 2849 ιι,
1515 2783 1570 2852 6,
1601 2785 1654 2839 7.
1730 2783 1778 2814 ³²
1809 2781 1969 2838 Rom.
2004 2797 2012 2823 π

2125 2814 2144 2833 ς.
2224 2779 2268 2810 ³³
2303 2776 2461 2831 .Ioan.
2495 2790 2608 2838 xw,
2641 2772 2689 2827 91

468 2981 3283 3033 Μ

2402 2971 3711 3010 Mam.”

1205 3179 1432 3276 ΤΟΥ
1503 3179 1647 3265 ΕΝ
1721 3177 2099 3272 ΑΓΙΟΙΣ,
2159 3174 2594 3262 ΠΑΤΡΟΣ
2669 3169 3002 3267 ΗΜΩΝ.

1510 3391 2687 3578 ΚΥΡΙΛΛΟΥ

1351 3662 2092 3730 ΑΡΧΙΕΠΙΣΚΟΠΟΥ
2158 3659 2837 3724 ΑΛΕΞΑΝΔΡΕΙΛΣ

1605 3847 1976 3903 ΕΞΗΓΗΣΙΣ
2037 3843 2436 3902 ΥΠΟΜΝΕΜᾹ
2447 3843 2610 3898 ΠΚΗ

727 4025 990 4154 ΕΙΣ
1065 4018 1413 4155 ΤΟΝ
1489 4013 2443 4147 ΠΡΟΦΗΤΗΝ
2521 4001 3448 4146 ΜΑΛΑΧΙΑΝ.

1177 4434 1353 4620 S.
1489 4438 1686 4608 P.
1825 4431 2029 4607 Ν.
2171 4429 3048 4607 CYBILLI

1621 4728 2090 4787 ALEXANDRIA‘.
2128 4727 2650 4785 ARCHIEPISCOPI

716 4911 837 5001 IN
917 4903 1622 4997 MALACHIAM-
1695 4900 2429 4992 PROPHETAM
2517 4897 3518 5022 COMMENTARIUS,

1753 5091 2156 5147 CONIINENS
2190 5088 2414 5138 TOMOS
2459 5089 2536 5137 II.

911 5437 1642 5535 PROCEMIUM.

567 5596 812 5669 8161.
854 5595 931 5650 De
978 5591 1260 5648 Malacliiae
1313 5601 1528 5656 quoque
1571 5584 1843 5640 vaticiniis
1898 5599 2068 5653 pauca

500 5690 771 5764 praefanda
819 5693 947 5740 sunt
974 5686 1041 5739 ad
1083 5683 1351 5739 docendos
1395 5680 1649 5741 lectores,
1692 5685 1746 5729 et
1775 5675 2067 5731 ostenden-

503 5783 629 5834 dum
675 5775 945 5846 quomodo
992 5772 1205 5842 singula
1256 5783 1384 5840 quae
1437 5768 1691 5822 diuuntur
1743 5766 2064 5836 intelligant.

504 5869 688 5938 Itaque
723 5863 1058 5921 transmissis
1086 5860 1421 5931 temporibus
1456 5856 1805 5928 captivitatis,
1839 5871 1867 5915 ο
1897 5856 2069 5927 Baby-

2634 5432 3290 5520 ΠΡΟΟΙΜΙΟΝ.

2248 5571 2325 5624 Α’.
2367 5569 2478 5623 Καὶ
2511 5570 2640 5640 περὶ
2667 5569 2765 5639 τῆς
2785 5567 2880 5621 τοῦ
2916 5567 3198 5637 Μαλαχίου
3234 5563 3570 5636 προφητείας
3595 5559 3751 5629 ὀλίγα

2176 5665 2457 5736 προειπεῖν
2486 5664 2803 5730 ἀναγκαῖον,
2853 5661 2942 5714 διὰ
2986 5660 3047 5714 τὸ
3079 5659 3183 5714 τῶν
3216 5655 3616 5726 ἐντευξομένων
3659 5653 3751 5706 εὐ-

2181 5756 2368 5824 ιμαθὲς,
2407 5754 2500 5808 καὶ
2538 5752 2652 5817 πῶς
2695 5752 2760 5807 ἂν
2799 5753 2987 5807 εἰδεῖεν
3023 5751 3234 5804 ἕκαστα.
3263 5747 3373 5802 τῶν
3411 5745 3539 5815 παρ’
3586 5737 3748 5796 αὐτοῦ

2179 5849 2460 5921 κειμένων.
2525 5845 2960 5918 Πεπερασμένων
3002 5841 3286 5914 τοιγαροῦν
3327 5840 3435 5897 τῶν
3482 5839 3580 5908 τῆς
3630 5836 3760 5904 alr-
