4120 6376
417 423 524 482 277

1268 416 1825 478 COMMENTARIUS
1860 374 1930 474 IN
1968 412 2375 472 MALACHIAM
2419 410 2862 470 rnopnsnn.

3575 408 3685 464 978

423 540 705 613 μαλωσίας
734 538 960 611 καιρῶν,
986 536 1343 609 ἀνεκομίζετο
1365 539 1464 611 μὲν
1480 539 1546 592 ἐκ
1557 538 1657 609 τῆς
1687 534 2005 599 Βαϐυλῶνος
2033 590 2035 596 λ

2120 535 2233 591 Ione
2271 535 2323 590 in
2356 533 2598 589 Jndaeam
2641 530 2959 602 remigravit
2990 527 3189 595 lsrael,‘
3216 536 3270 584 et
3302 528 3355 585 in
3404 528 3684 587 civitatem

418 634 501 697 είς
517 634 615 703 τὴν
648 633 908 687 Ἰουδαίαν
945 633 974 685 6
1018 631 1256 702 Ἰσραὴλ,
1286 630 1380 685 καὶ
1411 633 1490 695 εἰς
1516 630 1615 702 τὴν
1649 630 1812 698 ἁγίαν
1846 623 2002 693 αὖθις

2120 636 2348 682 sanctam
2385 627 2552 690 venit,
2576 625 2705 696 iugo
2730 623 3017 679 servitutis
3043 630 3396 678 exoneratus.
3434 620 3685 676 Divinum

420 725 648 795 ἀφίκετο
673 724 847 786 πόλιν,
874 725 935 778 τὸ
961 725 1062 794 τῆς
1098 723 1342 789 δουλείας
1374 723 1538 792 ζυγὸν
1563 723 2005 796 ἀποφορτισάμε-

420 835 530 881 νος.
575 817 687 871 Καὶ
733 817 797 888 δὴ
838 818 867 871 6
898 816 1040 881 θεῖος
1087 818 1387 890 ἐγήγερται
1425 816 1571 880 ναὸς,
1624 813 2005 884 ἐφεστηκότων

420 906 529 967 τοῖς
556 903 738 976 ἔργ-οις
769 904 1075 975 Ζοροϐάϐελ
1096 922 1158 958 τε
1188 906 1284 959 καὶ
1314 904 1407 960 τοῦ
1436 903 1728 975 Σαλαθιὴλ,
1757 904 1816 968 ὂς
1840 900 1910 975 ἦν
1941 905 2007 955 ἐκ

421 993 595 1065 φυλῆς
642 995 833 1061 Ἰούδα,
875 997 971 1050 καὶ
1018 996 1190 1068 Ἰησοῦ
1234 996 1329 1052 τοῦ
1382 998 1663 1063 Ἰωσεδὲκ,
1686 997 1782 1052 τοῦ
1814 996 2007 1070 ἱερέως

419 1085 514 1139 τοῦ
551 1087 808 1157 μεγάλου.
843 1088 1221 1160 Προεφήτευον
1246 1089 1302 1143 δὲ
1335 1091 1457 1144 κατ’
1486 1091 1663 1145 ἐκεῖνο
1688 1091 1782 1145 τοῦ
1811 1088 2005 1162 καιροῦ

420 1181 533 1240 τοῖς
561 1181 625 1231 ὲκ
649 1179 748 1250 τῆς
779 1178 1156 1249 αἰχμαλωσίας
1190 1180 1621 1252 λελυτρωμένοις
1671 1180 1920 1251 Ἀγγαῖός
1946 1196 2007 1234 τε

425 1271 519 1324 καὶ
581 1271 877 1343 Ζαχαρίας,
928 1272 1140 1344 ἜσδραΔ
1191 1291 1251 1327 τε
1304 1275 1399 1329 καὶ
1448 1275 1686 1344 Νεεμίου
1739 1274 2008 1328 συνόντων

424 1363 608 1427 αὐτοῖς
639 1363 747 1417 τῶν
780 1362 1102 1436 ἱερουργῶν.
1141 1364 1448 1436 Σύγχρονος
1474 1364 1533 1418 δὲ
1560 1366 1673 1429 τοῖς
1702 1380 2009 1435 μνημονευ-

423 1454 595 1508 θείσιν
626 1454 802 1524 ἁγίοις
834 1458 1161 1529 προφήταις,
1211 1457 1245 1527 ἢ
1292 1457 1471 1525 ὀλίγον
1512 1456 1685 1527 βραχὺ
1722 1456 1840 1526 μετ’
1866 1456 2011 1509 ἐκεί-

424 1563 570 1611 νους,
589 1547 683 1600 καὶ
700 1549 728 1600 ὁ
749 1546 1037 1612 θεσπέσιος
1058 1549 1253 1618 γέγονε
1277 1548 1587 1619 Μαλαχίας,
1607 1547 1667 1611 ὃς
1685 1547 1748 1619 δὴ
1764 1547 2008 1600 καλεῖται

425 1638 521 1691 καὶ
556 1638 820 1708 Ἀγγελος
844 1656 865 1673 ι
888 1639 1301 1712 διερμηνεύεται
1324 1641 1434 1712 γὰρ
1459 1634 1560 1694 ὦδε
1586 1639 1893 1711 Μαλαχίας.
1934 1640 2008 1693 Οὐ

427 1731 798 1802 παραδεκτέον
816 1732 941 1796 τούς
962 1750 1123 1786 τινων
1157 1733 1287 1805 περὶ
1316 1731 1483 1787 αὐτοῦ
1508 1732 1721 1802 λόγους,
1752 1732 1801 1785 οἳ
1834 1731 2011 1803 μάτην

428 1823 901 1895 ὲρῤαψοῆἠκασιν,
941 1824 1171 1895 ἄγγελον
1222 1824 1320 1895 μὲν
1348 1824 1446 1897 τὴν
1473 1822 1637 1894 φύσιν
1672 1824 1908 1893 οἰόμενοί
1947 1841 2009 1877 τε

428 1916 523 1968 καὶ
548 1915 822 1985 λέγοντες,
863 1915 1295 1989 σεσωματιῖωθαί
1327 1933 1392 1987 γε
1434 1916 1541 1989 μὴν
1583 1915 1727 1972 κατὰ
1759 1916 2012 1988 βούλησιν

424 2007 585 2074 Θεοῦ,
630 2011 728 2063 καὶ
768 2011 827 2064 ἐν
863 2010 1140 2081 προφήτου
1173 2008 1328 2074 τάξει
1368 2008 1623 2078 γενέσθαι
1651 2011 1767 2074 τοῖς
1797 2007 1858 2074 ἐξ
1912 2010 2013 2062 Ἰσ-

426 2103 587 2174 ραήλ,
628 2101 860 2174 Εῐρηται
889 2103 998 2174 γὰρ
1030 2102 1282 2171 ἄγγελος,
1317 2102 1392 2166 ὡς
1440 2101 1597 2174 ἔφην,
1639 2090 1883 2173 ’μάλιστα
1914 2101 2012 2173 μὲν

425 2194 521 2251 καὶ
545 2194 640 2249 τοῦ
668 2195 936 2265 ὀνόματος
965 2195 1169 2268 ταύτην
1196 2194 1412 2266 ἔχοντος
1448 2194 1535 2265 ἐφ’
1569 2192 1751 2265 ἑαυτῷ
1792 2193 1892 2266 τὴν
1922 2194 2015 2264 ἐρ-

428 2287 656 2359 μηνείαν
674 2305 690 2320 ·
722 2284 842 2343 εἶτα
871 2289 953 2343 ὅτι
978 2289 1104 2353 τοὺς
1124 2289 1330 2343 ἄνωθεν
1375 2288 1470 2343 καὶ
1497 2287 1651 2361 παρὰ
1669 2287 1804 2343 Θεοῦ
1824 2286 2014 2357 λόγους

423 2381 787 2453 ἀπαγγέλλων
811 2385 924 2448 τοῖς
951 2382 1012 2448 ἐξ
1026 2381 1263 2454 Ἰσραὴλ,
1287 2381 1489 2436 καλοῖτ’
1514 2381 1582 2436 ἂν
1607 2382 1709 2436 οὐκ
1731 2379 2015 2444 ἀπιθάνως

426 2472 523 2526 καὶ
547 2471 801 2541 ἄγγελος.
834 2472 947 2528 Καὶ
977 2471 1108 2542 γοῦν
1139 2468 1302 2537 αὐτὸς
1342 2476 1372 2527 6
1409 2472 1697 2545 προφήτης
1725 2471 2014 2546 Μαλαχίας

426 2564 489 2619 ἐν
510 2566 622 2628 τοῖς
654 2564 855 2634 ἐφεξῆς
883 2565 1013 2637 περὶ
1031 2565 1232 2628 παντὸς
1254 2563 1447 2636 ἱερέως
1469 2564 1656 2635 φησὶν,
1687 2564 1770 2618 ὅτι
1796 2583 1815 2616 ι
1844 2562 2013 2635 Χείλη

429 2657 621 2729 ἱερέως
657 2656 952 2727 φυλάξεται
1000 2656 1221 2726 γνῶσιν,
1271 2658 1366 2711 καὶ
1410 2658 1575 2729 νόμον
1616 2657 2015 2729 ὲκζητήσουσιν

430 2750 498 2803 ὲκ
527 2747 793 2820 στόματος
821 2747 1013 2817 αὑτοῦ,
1045 2748 1183 2803 διότι
1211 2749 1443 2819 ἄγγελος
1476 2749 1684 2821 Κυρίου
1713 2748 2019 2821 παντοκρά-

429 2839 587 2910 τορός
621 2840 758 2893 ἐστι.
803 2856 822 2890 ι
862 2839 998 2910 Περὶ
1026 2838 1086 2893 δέ
1130 2855 1194 2908 γε
1221 2838 1317 2892 τοῦ
1364 2838 1714 2911 Ἐμμανουὴλ
1745 2841 1776 2894 ό
1806 2839 2018 2911 προφή-

429 2946 530 3002 της
570 2929 833 2995 Ἡσαΐας,
866 2930 1057 2990 «Καὶ.
1083 2929 1391 3002 θελήσουσι,
1445 2929 1633 3002 φησὶν,
1676 2931 1726 2984 εἱ
1770 2930 2019 3000 ἐγένοντο

2043 1890 2087 1944 Β

2109 734 2323 790 quoque
2353 717 2611 788 templum
2647 718 2761 788 jam
2793 716 2993 782 stabat,
3024 714 3378 782 Zorobabele,
3417 713 3689 770 Salathie-

2106 811 2173 867 lis
2201 810 2332 878 filio,
2363 825 2429 865 ex
2466 811 2607 864 tribu
2629 808 2765 864 Juda
2793 807 3045 871 oriundo,
3072 817 3125 860 et
3138 805 3292 873 Iesu,
3317 805 3686 867 ﬁlioJosedec.

2106 901 2390 959 sacerdote
2436 914 2631 969 magno
2673 896 2944 968 praefectis
2998 910 3247 967 operum.
3306 895 3402 952 lllo
3446 905 3691 965 tempore

2108 993 2424 1063 captivitate
2476 990 2720 1047 liberatis
2762 991 2992 1060 Aggaeus
3047 998 3103 1044 et
3147 988 3443 1044 zacharias
3496 987 3691 1042 vatici-

2108 1088 2219 1142 nati
2268 1087 2504 1152 fuerant,
2546 1101 2670 1140 cum
2716 1084 2919 1139 Esdras
2968 1093 3024 1138 et
3071 1081 3329 1137 Neemias
3379 1082 3693 1138 sacerdotes

2110 1180 2373 1234 viverent.
2404 1177 2535 1247 {Quo
2579 1176 2791 1238 eodem,
2845 1182 2940 1229 aut
2986 1172 3147 1242 paulo
3189 1182 3312 1243 post
3354 1182 3691 1229 memoratos

2108 1270 2401 1340 prophetas
2434 1277 2670 1334 sanctos,
2704 1265 2923 1322 divinus
2964 1280 3182 1336 quoque
3209 1263 3505 1319 Malachias
3532 1264 3690 1328 vixit,

2110 1362 2200 1441 qui
2232 1361 2557 1432 et~Angelus
2590 1369 2856 1415 vocatur:
2898 1358 2978 1415 sic
3010 1356 3157 1412 enim
3193 1355 3471 1411 Malacbiae
3499 1371 3697 1413 nomen

2111 1455 2374 1511 redditur.
2424 1454 2834 1524 Explodendum
2883 1463 2971 1509 est
3009 1461 3190 1509 autem
3221 1452 3583 1522 quorumdam
3626 1451 3696 1506 de

2110 1551 2228 1621 ipso
2254 1565 2352 1605 nec
2387 1550 2717 1605 audiendum
2757 1557 3155 1614 commentum,
3189 1547 3282 1618 qui
3315 1546 3691 1611 crediderunt,

2114 1653 2423 1713 temereque
2445 1644 2611 1714 817
2639 1642 2866 1698 fabulati
2908 1649 3054 1703 sunt,
3103 1655 3227 1696 eum
3283 1648 3477 1694 natura
3532 1652 3697 1707 ange-

2112 1737 2222 1792 lum
2275 1736 2464 1801 fuisse,
2541 1737 2635 1792 sed
2684 1737 2964 1790 voluntate
3012 1735 3105 1790 Dei
3138 1732 3416 1802 ‘corporis
3464 1731 3697 1787 formam

2114 1826 2472 1896 habitumque
2533 1825 2925 1895 assumpsisse,
2974 1833 3031 1879 et
3080 1821 3350 1878 lsraelitis
3397 1820 3699 1893 prophetiae

2114 1916 2349 1974 cilicium
2376 1917 2714 1989 pratstitisse.
2758 1917 2944 1973 Dictus
2983 1924 3068 1972 est
3098 1929 3337 1986 namque
3367 1913 3607 1985 Angelus
3640 1916 3695 1968 in

2114 2008 2308 2079 primis
2353 2009 2608 2080 quidem,
2662 2008 2806 2078 quod
2840 2008 2957 2078 ejus
2994 2021 3215 2071 nomen,
3267 2014 3326 2060 ut
3372 2005 3508 2074 dixi,
3555 2004 3699 2061 hanc

2115 2101 2393 2156 notionem
2442 2100 2702 2168 haberet;
2744 2099 2942 2156 deinde
2968 2098 3113 2169 quod
3139 2113 3263 2154 cum
3299 2098 3547 2154 caelestes
3575 2105 3633 2153 et
3666 2112 3699 2152 a

2114 2193 2230 2250 Deo
2277 2193 2570 2264 inspiratus
2599 2207 2884 2250 sermones
2926 2189 3110 2247 lsraeli
3145 2191 3435 2259 nuntiarit,
3471 2205 3577 2246 non
3615 2190 3700 2245 in-

2114 2287 2255 2342 scite
2288 2286 2452 2342 etiam
2493 2286 2718 2356 angelus
2745 2284 2941 2341 vocari
2972 2283 3171 2355 possit.
3206 2281 3395 2353 itaque
3431 2282 3545 2352 ipse
3572 2296 3700 2351 pro-

2115 2381 2277 2451 pheta
2310 2379 2603 2435 Malachias
2639 2379 2694 2433 in
2728 2384 3000 2433 contextu
3020 2376 3087 2431 de
3122 2373 3367 2444 quolibet
3415 2373 3702 2429 sacerdote

2116 2477 2195 2530 ait
2222 2494 2237 2530 :
2267 2493 2287 2527 ι
2319 2473 2486 2529 Lahia
2516 2472 2820 2530 sacerdotis
2845 2470 3160 2528 custodierit
3198 2469 3509 2532 scientiam,
3536 2475 3593 2523 et
3623 2466 3701 2521 1e-

2115 2583 2236 2639 gem
2285 2568 2569 2634 requirent
2617 2582 2684 2623 ex
2716 2581 2815 2623 ore
2866 2567 3006 2636 ejus,
3038 2566 3296 2638 quoniam
3351 2561 3575 2632 angelus
3602 2559 3704 2616 Do-

2117 2659 2250 2716 mini
2290 2658 2681 2730 omnipotentis
2718 2658 2897 2715 est-“.
2925 2677 2944 2710 ι
2992 2658 3070 2715 De
3117 2654 3471 2713 Emmanuele
3521 2664 3701 2710 autem

2116 2754 2383 2824 propheta
2416 2754 2630 2810 Isaias:
2662 2771 2687 2807 ι
2714 2753 2783 2809 Et
2831 2746 3016 2809 volent
3057 2751 3103 2809 si
3140 2751 3344 2807 fuerint
3373 2749 3516 2820 ,‘igne
3552 2763 3705 2805 com-

2116 2848 2283 2916 busti,
2326 2847 2455 2917 quia
2495 2861 2634 2917 puer
2682 2853 2842 2901 natus
2886 2853 2971 2901 est
3009 2842 3195 2909 nobis;
3242 2842 3387 2897 lilius
3419 2841 3578 2897 datus
3617 2846 3706 2896 est

2118 2939 2299 3006 nobis,
2333 2946 2391 2994 et
2423 2936 2712 2993 vocabitur
2747 2950 2951 2992 nomen
2977 2935 3096 3005 ejus
3129 2932 3307 3002 magni
3351 2929 3563 2986 consilii
3592 2931 3708 2985 An-

433 3021 817 3094 πυρίκαυστοι,
850 3021 1192 3077 ὃτι.παιδίον
1240 3023 1528 3094 ἐγεννήθη,
1570 3022 1686 3087 υίὸς
1727 3023 1822 3078 καὶ
1857 3022 2022 3095 ἐδόθη

2120 3032 2272 3106 gelus
2288 3031 2356 3086 ⁸⁸.
2387 3048 2423 3091 ι,
2444 3028 2612 3086 V-ides
2640 3028 3098 3099 quemadmodum
3132 3023 3527 3094 ἀπαγγέλλειν,
3571 3038 3707 3077 mm-

433 3116 586 3184 ἠμίν,
617 3114 710 3168 καὶ
743 3113 987 3174 καλεῖται
1028 3114 1088 3167 τὸ
1118 3114 1289 3185 ὄνομα
1333 3113 1499 3175 αὐτοῦ
1550 3114 1794 3187 μεγάλης
1821 3114 2020 3186 βουλῆς

2122 3126 2257 3180 tiara
2288 3138 2410 3194 quae
2437 3121 2587 3178 illius
2623 3133 2888 3191 supremae
2939 3127 3148 3173 natura!
3181 3128 3332 3183 sunt,
3376 3116 3704 3187 quibusdam

437 3206 721 3276 Ἄγγελος.
742 3264 747 3268 ,
771 3225 792 3258 ι
840 3205 1003 3277 Ὁρᾷς
1034 3207 1117 3260 ὅτι
1154 3205 1215 3260 τὸ
1256 3204 1664 3276 ἀπαγγέλλειν
1704 3205 1910 3278 ἑτέροις
1944 3205 2025 3265 τὰ,

2128 3216 2289 3272 etiam
2319 3213 2633 3285 angelorum
2667 3225 2863 3267 nomen
2917 3210 3190 3275 conciliet,
3222 3208 3472 3279 quamvis
3511 3216 3706 3261 natura

430 3300 534 3372 τῆς
588 3300 872 3372 ἀνωτάτης
915 3300 1152 3371 φύσεως,
1183 3299 1547 3372 ὀνομάζεσθαι
1600 3301 1696 3356 καὶ
1752 3300 2021 3371 ἀγγέλους

433 3392 846 3458 παρασκευάζει
880 3394 1061 3460 τινὰς,
1122 3392 1302 3447 καίτοι
1340 3393 1483 3448 κατά
1526 3393 1688 3464 φύσιν
1719 3394 1823 3449 οὐκ
1862 3394 2022 3459 δντας

435 3483 735 3554 διετέλουω
774 3483 1086 3556 Ἄνθρωποι
1111 3484 1220 3555 μὲν
1267 3483 1398 3555 γὰρ.
1420 3485 1484 3551 .0!
1505 3483 1597 3544 “adv
1618 3484 1771 3539 θεῖον
1797 3484 2024 3558 διερμη-

434 3574 684 3640 νεύοντες
727 3576 928 3647 νόμον,
959 3574 1240 3635 τουτέστιν
1290 3577 1584 3649 οίίερείς·
1623 3576 1760 3642 Θεὸς
1802 3578 1880 3645 δὲ,
1926 3578 2024 3633 καὶ

436 3670 501 3732 ὲκ
528 3667 664 3722 Θεοῦ
692 3668 837 3723 κατά
865 3666 1048 3738 φύσιν,
1078 3668 1108 3722 ό
1138 3667 1284 3732 Υἱός.
1309 3668 1629 3740 Ἀνθρωπος
1665 3669 1732 3740 δὴ
1773 3665 1868 3724 οῦν
1899 3667 2025 3724 καθ’

436 3762 585 3832 ἡμᾶς
610 3762 640 3815 6
671 3761 960 3833 προφήτης
993 3760 1300 3831 Μαλαχίας.
1326 3761 1557 3832 Σύμπας
1575 3762 1635 3816 δὲ
1656 3761 1847 3832 ὥσπερ
1874 3760 2024 3833 αύτῷ

436 3853 535 3924 τῆς
566 3851 905 3923 προφητείας
928 3850 1187 3917 όεσκοπδς
1229 3853 1309 3917 εἱς
1337 3851 1429 3905 δύο
1456 3851 1631 3907 ταῦτα
1670 3853 2021 3907 συντείνεται.

451 3941 992 4015 Ἐγηγερμένουγᾲρ
1011 3941 1107 3996 τοῦ
1135 3940 1281 3996 θείου
1313 3942 1467 4011 ναοῦ,
1498 3941 1692 4015 καιροῦ
1733 3942 2026 4009 καλοῦντος

439 4037 519 4098 εἰς
553 4034 867 4107 ἱερουργίαν
907 4035 1037 4099 τοὺς
1068 4034 1477 4107 προεστηκότας
1522 4034 1679 4101 λαοῦ,
1728 4035 1849 4107 ἦτοι
1897 4036 2026 4101 τοὺς

439 4126 500 4192 ἐξ
532 4125 771 4197 Ἰσραὴλ,
796 4124 1060 4198 πληροῦν,
1086 4127 1136 4180 εἱ
1166 4125 1392 4193 ἕλοιντο,
1424 4126 1524 4191 τὰς
1564 4127 1710 4181 κατὰ
1729 4126 1897 4198 νόμον
1927 4126 2023 4181 εύ-

439 4216 563 4287 χάς,
596 4216 895 4289 ἐκέχρηντο
931 4217 1032 4287 μὲν
1068 4217 1189 4281 ταῖς
1239 4216 1328 4270 διὰ
1380 4215 1626 4282 Μωσέως
1671 4216 1934 4282 ἐντολαῖς,
1963 4216 2027 4269 οὐ

443 4307 551 4380 μὴν
572 4307 890 4380 ἀμωμήτως
920 4307 1016 4361 καὶ
1046 4307 1327 4372 επιεικῶς.
1362 4308 1770 4381 Προσεκόμιζον
1800 4307 1898 4380 μὲν
1920 4306 2031 4379 γὰρ

439 4403 520 4465 είς
558 4400 750 4454 θυσίαν
781 4401 831 4454 οί
876 4400 1000 4454 λαοὶ
1029 4401 1100 4454 τὰ
1134 4400 1360 4472 συνήθη,
1394 4399 1537 4471 πλὴν
1577 4400 1641 4455 οὐ
1677 4400 1885 4473 σφόδρα
1926 4418 2030 4454 πε-

441 4492 886 4567 φροντισμένως,
919 4492 1170 4566 ὀκνηρῶς
1202 4492 1260 4546 δὲ
1303 4492 1505 4565 μᾶλλον
1532 4493 1629 4547 καὶ
1651 4493 2033 4566 κατημελημέι

2121 3308 2295 3378 angeli
2331 3322 2437 3364 non
2481 3304 2629 3361 sint?
2669 3302 2933 3358 Homines
2961 3300 3108 3356 enim
3152 3310 3301 3365 sunt,
3334 3298 3428 3367 qui
3465 3297 3706 3353 divinam

2122 3400 2294 3472 legem
2323 3398 2636 3469 explanant,
2686 3408 2881 3466 nempe
2913 3392 3273 3449 sacerdotes:
3307 3390 3454 3447 Deus
3499 3398 3706 3459 autem,

2121 3503 2179 3550 et
2211 3509 2279 3549 ex
2305 3493 2417 3549 Deo
2449 3490 2747 3548 secundum
2795 3495 3043 3543 naturam
3092 3483 3282 3540 Filius.
3313 3484 3489 3540 Homo
3521 3482 3708 3553 igitur,

2124 3595 2373 3642 nostrum
2421 3583 2639 3650 similis,
2677 3580 2940 3652 propheta
2974 3576 3293 3633 Malaehias.
3315 3575 3482 3644 Cujus
3515 3574 3708 3631 vatici-

2125 3680 2197 3735 nii
2229 3693 2429 3748 scopus
2465 3676 2749 3731 universus
2782 3673 2851 3729 ad
2896 3673 3003 3727 duo
3035 3670 3152 3726 haec
3183 3670 3421 3725 refertur
3445 3669 3710 3740 quodam-

2126 3771 2307 3828 modo.
2355 3770 2684 3826 Constructo
2732 3767 2877 3836 enim
2921 3766 3036 3835 jam
3085 3764 3269 3821 divino
3317 3761 3542 3832 templo,
3583 3775 3709 3817 cum

2127 3875 2340 3933 tempus
2371 3862 2554 3934 populi
2598 3859 2940 3933 praepositos,
2997 3858 3114 3913 sive
3158 3871 3253 3912 eos
3303 3857 3394 3929 qui
3441 3862 3602 3913 erant
3641 3856 3711 3908 de

2128 3956 2394 4025 sanguine
2427 3952 2581 4016 Levi,
2634 3952 2701 4007 ad
2737 3950 3008 4007 sacrificia
3057 3958 3300 4015 vocaret,
3344 3957 3510 4020 atque
3540 3946 3710 4003 etiam

2128 4047 2264 4116 ipsis
2307 4044 2567 4100 lsraelitis
2597 4057 2788 4114 preces
2826 4052 2883 4097 et
2931 4050 3057 4098 vota
3088 4044 3386 4098 secundum
3432 4039 3626 4110 legem,
3662 4037 3711 4093 si

2128 4141 2348 4205 liberet,
2372 4137 2621 4195 obeunda
2644 4135 3044 4206 quodammodo
3060 4142 3395 4206 suggereret,
3418 4131 3714 4188 servabant

2132 4230 2206 4287 illi
2235 4229 2454 4300 quidem
2482 4228 2729 4285 mandata
2762 4226 2950 4291 Mosis,
2979 4242 3088 4281 non
3118 4235 3295 4282 tamen
3330 4226 3468 4282 citra
3496 4223 3710 4294 culpam

2130 4330 2188 4378 et
2237 4331 2301 4378 ut
2333 4321 2475 4377 ratio
2521 4319 2817 4386 flagitabat.
2872 4316 3008 4374 Nam
3056 4317 3287 4389 populus
3333 4326 3594 4374 consueta
3642 4314 3713 4372 ad

2132 4413 2323 4469 altaris
2379 4412 2711 4471 sacriﬁcium
2762 4411 3060 4477 offerebat,
3107 4426 3296 4467 verum
3348 4425 3457 4465 non
3515 4422 3712 4479 magna

2132 4520 2265 4561 cura
2300 4503 2564 4569 adhibita,
2609 4502 2706 4559 sed
2732 4501 3098 4573 perfunctorie
3138 4512 3195 4558 et
3224 4501 3585 4573 negligenter.
3612 4500 3717 4555 De-

441 4608 566 4654 νως.
602 4590 686 4645 Τὰ
712 4591 823 4663 γὰρ
850 4590 1099 4661 αἰσχίονα
1119 4588 1229 4643 τῶν
1266 4588 1327 4642 ὲν
1354 4588 1650 4660 ποιμνίοις,
1680 4588 1943 4661 ἄῤῥωστά
1969 4606 2030 4643 τε

2137 4597 2334 4652 teriora
2363 4595 2563 4666 quippe
2590 4596 2790 4667 gregis,
2815 4602 2872 4651 et
2903 4594 3172 4662 morbida,
3197 4603 3255 4650 et
3293 4594 3603 4665 rejeetanea
3647 4591 3716 4646 ad

441 4684 536 4738 καὶ
585 4682 825 4754 ἀδόκιμα
865 4681 1147 4755 προσῆγον
1191 4678 1271 4753 τῷ
1315 4680 1706 4753 θυσιαστηρίῳ.
1765 4680 2030 4750 Προσεδέ-

440 4795 597 4848 χοντο
625 4777 685 4831 δὲ
709 4778 759 4831 οἱ
791 4778 979 4848 ἱερεῖς,
1014 4774 1197 4829 οὐκέτι
1222 4774 1717 4846 μωμοσκοποῦντες
1760 4774 1902 4829 κατά
1934 4774 2029 4829 τὸν

441 4871 625 4942 νόμον,
660 4869 736 4940 μὴ
779 4866 972 4939 χωλὸν,
1020 4867 1054 4939 ἢ
1102 4865 1440 4937 ὠτότμητον,
1476 4864 1509 4934 ἢ
1554 4864 1971 4937 κολοϐόρῤινον,
1993 4866 2028 4937 ἢ

440 4960 854 5031 κολοϐὁκερκον,
913 4958 949 5031 ἢ
998 4956 1355 5030 ψωραγριῶν,
1400 4955 1434 5027 ἢ
1487 4954 1743 5027 λειχῆνας
1797 4953 1942 5026 ἔχον,
1992 4956 2026 5028 ἢ

443 5054 726 5125 μόνορχες⁹
774 5052 1059 5124 ἀπόϐλητα
1104 5051 1215 5123 γὰρ
1269 5051 1509 5105 ἐποιεῖτο
1544 5048 1719 5104 ταῦτα
1768 5048 1798 5101 6
1838 5048 2027 5119 νόμος,

441 5144 599 5219 ὕϐρις
627 5145 684 5199 δὲ
708 5140 777 5216 ἦν
800 5144 863 5199 τὸ
887 5129 1096 5217 χρῆμα,
1128 5145 1222 5199 καὶ
1248 5144 1436 5216 ἓτερον
1462 5141 1640 5197 οὐδέν.
1667 5140 2029 5215 Κατημέλουν

443 5240 500 5293 δὲ
536 5239 633 5293 καὶ
685 5237 887 5313 ἑτέρως
936 5238 988 5293 οἱ
1033 5239 1199 5310 ἱερεῖς
1231 5237 1327 5292 καὶ
1370 5234 1482 5291 τῶν
1517 5235 1625 5294 ὑπὸ
1669 5238 1828 5308 χεῖρα
1858 5234 2026 5302 λαῶν,

443 5332 565 5404 οὐχ).
608 5331 679 5386 τά
714 5333 780 5387 ὲκ
816 5332 997 5404 νόμων
1036 5329 1213 5404 ὀρθῶς
1249 5329 1654 5403 εἰσηγούμενοι,
1695 5329 1793 5384 καὶ
1834 5328 2029 5384 παιδα-

442 5422 753 5494 γωγοῦντες
784 5425 865 5487 εἰς
908 5423 969 5477 τὸ
991 5421 1071 5494 τῷ
1099 5420 1218 5493 Θεῷ
1245 5420 1459 5489 δοκοῦν,
1487 5420 1603 5475 ἀλλ’
1636 5420 1718 5486 είς
1762 5420 2031 5486 έκτόπους

443 5514 718 5588 ὲξιτηλίας
771 5515 1057 5571 ἀπονεύειν
1090 5514 1310 5578 ἐῶντες,
1364 5514 1458 5569 καὶ
1510 5513 1612 5586 τῆς
1662 5513 1879 5578 εὐθείας
1926 5513 2033 5580 ἔξω

445 5609 707 5681 φέρεσθαι
741 5609 951 5681 τρίϐου.
986 5609 1096 5662 Καὶ
1133 5603 1213 5672 εἷς
1257 5608 1355 5679 μὲν
1380 5604 1534 5673 οὗτος
1557 5608 1655 5679 τῆς
1685 5606 2032 5679 ὲπιπλήξεως

445 5703 678 5775 τρόπος·
722 5702 908 5774 ἔτερος
942 5702 999 5757 δὲ
1032 5701 1169 5773 πρὸς
1202 5700 1373 5773 τούτῳ
1412 5691 1526 5766 τοῖς
1555 5700 1617 5767 ἐξ
1659 5700 1909 5774 ἰσραὴλξ,
1942 5702 2032 5756 ἐπ’

2128 4705 2280 4744 aram
2336 4686 2658 4743 offerebant.
2710 4687 3037 4744 Sacerdotes
3090 4702 3257 4758 porro
3314 4685 3716 4756 suscipiebant,

2125 4795 2236 4844 non
2281 4778 2514 4849 amplius
2545 4778 2809 4843 maculas,
2843 4787 2903 4834 ut
2947 4780 3031 4834 lex
3058 4779 3305 4849 jubebat,
3346 4778 3400 4832 id
3443 4785 3549 4842 est,
3586 4789 3718 4830 nunt

2126 4873 2400 4938 claudum,
2443 4881 2538 4925 aut
2587 4887 2718 4927 aure
2747 4861 2945 4938 scissa,
2986 4878 3082 4927 aut
3128 4887 3262 4928 naso
3311 4869 3584 4935 mutilum,
3622 4874 3720 4923 aut

2127 4965 2299 5021 cauda
2341 4975 2642 5035 amputata,
2686 4974 2784 5021 aut
2831 4966 3167 5033 scabiosum,
3221 4974 3315 5019 aut
3346 4962 3714 5034 impetigines,

2133 5068 2225 5112 aut
2255 5074 2419 5112 unum
2455 5057 2761 5114 testiculum
2807 5057 3098 5121 baberent,
3130 5055 3545 5112 considerantes
3576 5071 3592 5108 :
3633 5068 3720 5109 re-

2129 5149 2349 5222 jiciebal
2400 5150 2543 5205 enim
2591 5149 2695 5206 ista
2744 5150 2853 5218 lex,
2893 5164 2995 5206 nec
3038 5150 3183 5205 aliud
3234 5164 3397 5219 quam
3445 5145 3718 5203 dedecora

2135 5254 2293 5300 erant
2316 5242 2381 5295 ³⁸.
2416 5243 2534 5298 Alia
2565 5244 2694 5298 item
2728 5244 2941 5300 ratione
2982 5242 3299 5299 sacerdotes
3339 5241 3504 5297 etiam
3537 5239 3719 5309 subje-

2136 5341 2284 5388 ctum
2330 5331 2431 5388 sibi
2463 5334 2718 5406 populum
2767 5331 3293 5406 ncgligebant,geum
3348 5330 3519 5403 legem
3551 5346 3721 5401 prave

2134 5404 2491 5497 explicarent,
2524 5443 2628 5483 nec
2669 5427 2737 5482 ad
2788 5404 3259 5482 Dei'voluntatem
3311 5424 3717 5494 exsequendum

2136 5518 2304 5588 probe
2348 5518 2595 5575 homines
2642 5519 2923 5574 erudirent
2984 5518 3079 5573 sed
3127 5532 3155 5570 a
3216 5527 3361 5571 recta
3416 5517 3612 5572 semita
3653 5514 3720 5571 ad

2135 5611 2367 5681 ineptias
2425 5620 2479 5666 et
2525 5610 2803 5666 fatuitates
2845 5608 3135 5665 defleatere
3194 5610 3461 5665 sinerent.
3514 5607 3578 5662 Et
3617 5607 3722 5661 hoc

2134 5704 2352 5775 quidem
2384 5702 2777 5776 obiurgationis
2810 5716 2981 5775 genus
3023 5717 3188 5760 unum
3220 5711 3322 5760 est.
3360 5701 3604 5757 Alterum
3654 5698 3719 5753 ad

504 5883 555 5917 “
591 5880 826 5940 Mulach.
864 5898 926 5951 ιι,
954 5881 1007 5938 7.
1086 5882 1129 5917 ³⁸
1162 5881 1265 5942 lsa.
1301 5899 1379 5949 ts,
1419 5883 1488 5951 5,
1507 5882 1559 5938 6.
1643 5884 1685 5916 ³⁸
1717 5880 1887 5940 chit.
1924 5897 2057 5951 xxu,
2090 5880 2153 5938 2i
2188 5897 2343 5956 seqq.
