  <div class='ocr_page' id='page_1' title='image "/cluster/home/n/w/nwhite01/storage/ocr_20150623/72/nnc1.0046980300/145.png"; bbox 0 0 4120 6376; ppageno 0'>
   <div class='ocr_carea' id='block_1_1' title="bbox 427 365 533 420">
    <p class='ocr_par' dir='ltr' id='par_1_1' title="bbox 427 365 533 420">
     <span class='ocr_line' id='line_1_1' title="bbox 427 365 533 420; baseline 0 0"><span class='ocrx_word' id='word_1_1' title='bbox 427 365 533 420; x_wconf 74' lang='grc' dir='ltr'><strong>2Ὶ9</strong></span> 
     </span>
    </p>
   </div>
   <div class='ocr_carea' id='block_1_2' title="bbox 1407 354 2646 415">
    <p class='ocr_par' dir='ltr' id='par_1_2' title="bbox 1407 354 2646 415">
     <span class='ocr_line' id='line_1_2' title="bbox 1407 354 2646 415; baseline 0.003 -5"><span class='ocrx_word' id='word_1_2' title='bbox 1407 354 1466 410; x_wconf 87' lang='lat' dir='ltr'><strong>S.</strong></span> <span class='ocrx_word' id='word_1_3' title='bbox 1506 356 1782 413; x_wconf 76' lang='lat' dir='ltr'><strong>GYRILLI</strong></span> <span class='ocrx_word' id='word_1_4' title='bbox 1819 357 2289 415; x_wconf 71' lang='lat' dir='ltr'><strong>ALEXANDRINI</strong></span> <span class='ocrx_word' id='word_1_5' title='bbox 2328 358 2646 414; x_wconf 80' lang='lat' dir='ltr'><strong>ARCHIEP.</strong></span> 
     </span>
    </p>
   </div>
   <div class='ocr_carea' id='block_1_3' title="bbox 3564 357 3678 414">
    <p class='ocr_par' dir='ltr' id='par_1_3' title="bbox 3564 357 3678 414">
     <span class='ocr_line' id='line_1_3' title="bbox 3564 357 3678 414; baseline 0.018 -2"><span class='ocrx_word' id='word_1_6' title='bbox 3564 357 3678 414; x_wconf 65' lang='grc' dir='ltr'><strong>ΞΜ·</strong></span> 
     </span>
    </p>
   </div>
   <div class='ocr_carea' id='block_1_4' title="bbox 428 471 1993 550">
    <p class='ocr_par' dir='ltr' id='par_1_4' title="bbox 428 474 1993 550">
     <span class='ocr_line' id='line_1_4' title="bbox 428 474 1993 550; baseline -0.005 -9"><span class='ocrx_word' id='word_1_7' title='bbox 428 482 702 542; x_wconf 84' lang='lat' dir='ltr'><strong>lsraelitas</strong></span> <span class='ocrx_word' id='word_1_8' title='bbox 757 477 1023 550; x_wconf 74' lang='lat' dir='ltr'><strong>pertinet,</strong></span> <span class='ocrx_word' id='word_1_9' title='bbox 1087 474 1156 529; x_wconf 89' lang='lat' dir='ltr'><strong>ob</strong></span> <span class='ocrx_word' id='word_1_10' title='bbox 1196 489 1394 530; x_wconf 84' lang='lat' dir='ltr'><strong>causas</strong></span> <span class='ocrx_word' id='word_1_11' title='bbox 1445 476 1834 544; x_wconf 76' lang='lat' dir='ltr'><strong>hujuscemodi.</strong></span> <span class='ocrx_word' id='word_1_12' title='bbox 1891 477 1993 534; x_wconf 83' lang='lat' dir='ltr'><strong>Alii</strong></span> 
     </span>
    </p>
   </div>
   <div class='ocr_carea' id='block_1_5' title="bbox 2094 471 3665 550">
    <p class='ocr_par' dir='ltr' id='par_1_5' title="bbox 2101 471 3665 546">
     <span class='ocr_line' id='line_1_5' title="bbox 2101 471 3665 546; baseline -0.006 -12"><span class='ocrx_word' id='word_1_13' title='bbox 2101 480 2305 546; x_wconf 79' lang='grc' dir='ltr'><strong>αἰτίαις</strong></span> <span class='ocrx_word' id='word_1_14' title='bbox 2339 479 2636 541; x_wconf 75' lang='grc' dir='ltr'><strong>τοιαύταις.</strong></span> <span class='ocrx_word' id='word_1_15' title='bbox 2678 479 2741 530; x_wconf 77' lang='lat' dir='ltr'><strong>Oi.</strong></span> <span class='ocrx_word' id='word_1_16' title='bbox 2775 476 2874 546; x_wconf 77' lang='grc' dir='ltr'><strong>μὲν</strong></span> <span class='ocrx_word' id='word_1_17' title='bbox 2909 474 3018 545; x_wconf 77' lang='grc' dir='ltr'><strong>γὰρ</strong></span> <span class='ocrx_word' id='word_1_18' title='bbox 3060 472 3329 546; x_wconf 70' lang='grc' dir='ltr'>ἐρρῶσθαι</span> <span class='ocrx_word' id='word_1_19' title='bbox 3359 471 3665 543; x_wconf 80' lang='grc' dir='ltr'>φράσαντες</span> 
     </span>
    </p>
   </div>
   <div class='ocr_carea' id='block_1_6' title="bbox 428 565 1996 640">
    <p class='ocr_par' dir='ltr' id='par_1_6' title="bbox 428 565 1996 640">
     <span class='ocr_line' id='line_1_6' title="bbox 428 565 1996 640; baseline -0.004 -11"><span class='ocrx_word' id='word_1_20' title='bbox 428 587 661 638; x_wconf 84' lang='lat' dir='ltr'><strong>namque</strong></span> <span class='ocrx_word' id='word_1_21' title='bbox 697 581 935 623; x_wconf 87' lang='lat' dir='ltr'><strong>amorem</strong></span> <span class='ocrx_word' id='word_1_22' title='bbox 985 566 1038 620; x_wconf 90' lang='lat' dir='ltr'><strong>in</strong></span> <span class='ocrx_word' id='word_1_23' title='bbox 1084 579 1284 620; x_wconf 82' lang='lat' dir='ltr'><strong>uxores</strong></span> <span class='ocrx_word' id='word_1_24' title='bbox 1318 565 1498 621; x_wconf 89' lang='lat' dir='ltr'><strong>valere</strong></span> <span class='ocrx_word' id='word_1_25' title='bbox 1521 566 1795 636; x_wconf 85' lang='lat' dir='ltr'><strong>jubentes,</strong></span> <span class='ocrx_word' id='word_1_26' title='bbox 1826 567 1996 640; x_wconf 70' lang='lat'><strong>818</strong></span> 
     </span>
    </p>
   </div>
   <div class='ocr_carea' id='block_1_7' title="bbox 425 657 1996 732">
    <p class='ocr_par' dir='ltr' id='par_1_7' title="bbox 425 657 1996 732">
     <span class='ocr_line' id='line_1_7' title="bbox 425 657 1996 732; baseline -0.003 -12"><span class='ocrx_word' id='word_1_27' title='bbox 425 663 773 732; x_wconf 87' lang='lat' dir='ltr'><strong>libellumque</strong></span> <span class='ocrx_word' id='word_1_28' title='bbox 820 658 1028 727; x_wconf 85' lang='lat' dir='ltr'><strong>repudii</strong></span> <span class='ocrx_word' id='word_1_29' title='bbox 1081 657 1271 726; x_wconf 77' lang='lat' dir='ltr'><strong>illis&quot;,</strong></span> <span class='ocrx_word' id='word_1_30' title='bbox 1309 667 1368 714; x_wconf 89' lang='lat' dir='ltr'><strong>et</strong></span> <span class='ocrx_word' id='word_1_31' title='bbox 1409 674 1796 729; x_wconf 83' lang='lat' dir='ltr'><strong>nonnunquam</strong></span> <span class='ocrx_word' id='word_1_32' title='bbox 1858 661 1996 716; x_wconf 87' lang='lat' dir='ltr'><strong>nihil</strong></span> 
     </span>
    </p>
   </div>
   <div class='ocr_carea' id='block_1_8' title="bbox 423 747 1994 820">
    <p class='ocr_par' dir='ltr' id='par_1_8' title="bbox 423 747 1994 820">
     <span class='ocr_line' id='line_1_8' title="bbox 423 747 1994 820; baseline -0.004 -8"><span class='ocrx_word' id='word_1_33' title='bbox 423 756 553 812; x_wconf 91' lang='lat' dir='ltr'><strong>mali</strong></span> <span class='ocrx_word' id='word_1_34' title='bbox 607 751 972 818; x_wconf 87' lang='lat' dir='ltr'><strong>commeritis,</strong></span> <span class='ocrx_word' id='word_1_35' title='bbox 1010 747 1351 817; x_wconf 87' lang='lat' dir='ltr'><strong>objicientes,</strong></span> <span class='ocrx_word' id='word_1_36' title='bbox 1407 749 1527 806; x_wconf 91' lang='lat' dir='ltr'><strong>aliis</strong></span> <span class='ocrx_word' id='word_1_37' title='bbox 1579 749 1994 820; x_wconf 87' lang='lat' dir='ltr'><strong>copulabantur,</strong></span> 
     </span>
    </p>
   </div>
   <div class='ocr_carea' id='block_1_9' title="bbox 421 841 1993 911">
    <p class='ocr_par' dir='ltr' id='par_1_9' title="bbox 421 841 1993 911">
     <span class='ocr_line' id='line_1_9' title="bbox 421 841 1993 911; baseline -0.004 -9"><span class='ocrx_word' id='word_1_38' title='bbox 421 863 524 902; x_wconf 86' lang='lat' dir='ltr'><strong>nec</strong></span> <span class='ocrx_word' id='word_1_39' title='bbox 550 860 615 901; x_wconf 85' lang='lat' dir='ltr'><strong>se</strong></span> <span class='ocrx_word' id='word_1_40' title='bbox 642 844 749 900; x_wconf 87' lang='lat' dir='ltr'><strong>ullo</strong></span> <span class='ocrx_word' id='word_1_41' title='bbox 788 842 945 898; x_wconf 92' lang='lat' dir='ltr'><strong>modo</strong></span> <span class='ocrx_word' id='word_1_42' title='bbox 978 844 1140 896; x_wconf 89' lang='lat' dir='ltr'><strong>Deum</strong></span> <span class='ocrx_word' id='word_1_43' title='bbox 1174 842 1276 896; x_wconf 91' lang='lat' dir='ltr'><strong>hoc</strong></span> <span class='ocrx_word' id='word_1_44' title='bbox 1303 841 1450 897; x_wconf 77' lang='lat' dir='ltr'><strong>facto</strong></span> <span class='ocrx_word' id='word_1_45' title='bbox 1488 841 1762 898; x_wconf 77' lang='lat' dir='ltr'><strong>oﬂ’endere</strong></span> <span class='ocrx_word' id='word_1_46' title='bbox 1799 844 1993 911; x_wconf 90' lang='lat' dir='ltr'><strong>opina-</strong></span> 
     </span>
    </p>
   </div>
   <div class='ocr_carea' id='block_1_10' title="bbox 400 931 1992 1001">
    <p class='ocr_par' dir='ltr' id='par_1_10' title="bbox 400 931 1992 1001">
     <span class='ocr_line' id='line_1_10' title="bbox 400 931 1992 1001; baseline -0.001 -12"><span class='ocrx_word' id='word_1_47' title='bbox 400 936 639 990; x_wconf 87' lang='lat' dir='ltr'><strong>bantur.</strong></span> <span class='ocrx_word' id='word_1_48' title='bbox 699 935 804 987; x_wconf 87' lang='lat' dir='ltr'><strong>Alii</strong></span> <span class='ocrx_word' id='word_1_49' title='bbox 855 933 908 987; x_wconf 92' lang='lat' dir='ltr'><strong>in</strong></span> <span class='ocrx_word' id='word_1_50' title='bbox 962 931 1387 1001; x_wconf 78' lang='lat' dir='ltr'><strong>alienigenarum</strong></span> <span class='ocrx_word' id='word_1_51' title='bbox 1441 931 1579 988; x_wconf 76' lang='lat' dir='ltr'><strong>ﬁlias</strong></span> <span class='ocrx_word' id='word_1_52' title='bbox 1628 933 1992 999; x_wconf 84' lang='lat' dir='ltr'><strong>insaniebant,</strong></span> 
     </span>
    </p>
   </div>
   <div class='ocr_carea' id='block_1_11' title="bbox 420 1023 1992 1096">
    <p class='ocr_par' dir='ltr' id='par_1_11' title="bbox 420 1023 1992 1096">
     <span class='ocr_line' id='line_1_11' title="bbox 420 1023 1992 1096; baseline -0.001 -15"><span class='ocrx_word' id='word_1_53' title='bbox 420 1027 671 1096; x_wconf 80' lang='lat' dir='ltr'><strong>quamvis</strong></span> <span class='ocrx_word' id='word_1_54' title='bbox 713 1025 796 1080; x_wconf 85' lang='lat' dir='ltr'><strong>lex</strong></span> <span class='ocrx_word' id='word_1_55' title='bbox 827 1024 1033 1095; x_wconf 90' lang='lat' dir='ltr'><strong>apertis</strong></span> <span class='ocrx_word' id='word_1_56' title='bbox 1063 1025 1246 1078; x_wconf 81' lang='lat' dir='ltr'><strong>verbis</strong></span> <span class='ocrx_word' id='word_1_57' title='bbox 1280 1023 1671 1094; x_wconf 78' lang='lat' dir='ltr'><strong>proclamasset</strong></span> <span class='ocrx_word' id='word_1_58' title='bbox 1697 1039 1719 1078; x_wconf 73' lang='grc' dir='ltr'><strong>ς·</strong></span> <span class='ocrx_word' id='word_1_59' title='bbox 1748 1043 1767 1076; x_wconf 74' lang='grc' dir='ltr'><strong>ι</strong></span> <span class='ocrx_word' id='word_1_60' title='bbox 1799 1023 1992 1080; x_wconf 85' lang='lat' dir='ltr'><strong>Filiam</strong></span> 
     </span>
    </p>
   </div>
   <div class='ocr_carea' id='block_1_12' title="bbox 422 1114 1996 1183">
    <p class='ocr_par' dir='ltr' id='par_1_12' title="bbox 422 1114 1996 1183">
     <span class='ocr_line' id='line_1_12' title="bbox 422 1114 1996 1183; baseline 0 -12"><span class='ocrx_word' id='word_1_61' title='bbox 422 1127 570 1172; x_wconf 88' lang='lat' dir='ltr'><strong>tuam</strong></span> <span class='ocrx_word' id='word_1_62' title='bbox 606 1132 713 1172; x_wconf 86' lang='lat' dir='ltr'><strong>non</strong></span> <span class='ocrx_word' id='word_1_63' title='bbox 745 1116 903 1171; x_wconf 88' lang='lat' dir='ltr'><strong>dabis</strong></span> <span class='ocrx_word' id='word_1_64' title='bbox 936 1115 1048 1169; x_wconf 79' lang='lat' dir='ltr'><strong>ﬁlio</strong></span> <span class='ocrx_word' id='word_1_65' title='bbox 1077 1114 1222 1183; x_wconf 79' lang='lat' dir='ltr'><strong>ejus.</strong></span> <span class='ocrx_word' id='word_1_66' title='bbox 1251 1124 1306 1170; x_wconf 89' lang='lat' dir='ltr'><strong>et</strong></span> <span class='ocrx_word' id='word_1_67' title='bbox 1349 1114 1514 1169; x_wconf 83' lang='lat' dir='ltr'><strong>ﬁliam</strong></span> <span class='ocrx_word' id='word_1_68' title='bbox 1543 1114 1660 1182; x_wconf 84' lang='lat' dir='ltr'><strong>ejus</strong></span> <span class='ocrx_word' id='word_1_69' title='bbox 1704 1131 1812 1170; x_wconf 94' lang='lat' dir='ltr'><strong>non</strong></span> <span class='ocrx_word' id='word_1_70' title='bbox 1852 1118 1996 1172; x_wconf 86' lang='lat' dir='ltr'><strong>acci-</strong></span> 
     </span>
    </p>
   </div>
   <div class='ocr_carea' id='block_1_13' title="bbox 418 1206 1997 1277">
    <p class='ocr_par' dir='ltr' id='par_1_13' title="bbox 418 1206 1997 1277">
     <span class='ocr_line' id='line_1_13' title="bbox 418 1206 1997 1277; baseline 0.003 -16"><span class='ocrx_word' id='word_1_71' title='bbox 418 1211 536 1277; x_wconf 89' lang='lat' dir='ltr'><strong>pies</strong></span> <span class='ocrx_word' id='word_1_72' title='bbox 577 1207 686 1262; x_wconf 83' lang='lat' dir='ltr'><strong>ﬁlio</strong></span> <span class='ocrx_word' id='word_1_73' title='bbox 717 1217 831 1262; x_wconf 86' lang='lat' dir='ltr'><strong>tuo.</strong></span> <span class='ocrx_word' id='word_1_74' title='bbox 869 1207 1106 1262; x_wconf 89' lang='lat' dir='ltr'><strong>Seducet</strong></span> <span class='ocrx_word' id='word_1_75' title='bbox 1145 1206 1289 1262; x_wconf 90' lang='lat' dir='ltr'><strong>enim</strong></span> <span class='ocrx_word' id='word_1_76' title='bbox 1327 1207 1495 1262; x_wconf 83' lang='lat' dir='ltr'><strong>lilium</strong></span> <span class='ocrx_word' id='word_1_77' title='bbox 1535 1217 1683 1262; x_wconf 90' lang='lat' dir='ltr'><strong>tuum</strong></span> <span class='ocrx_word' id='word_1_78' title='bbox 1717 1223 1747 1264; x_wconf 92' lang='lat' dir='ltr'><strong>a</strong></span> <span class='ocrx_word' id='word_1_79' title='bbox 1795 1224 1904 1274; x_wconf 90' lang='lat' dir='ltr'><strong>me,</strong></span> <span class='ocrx_word' id='word_1_80' title='bbox 1940 1219 1997 1265; x_wconf 89' lang='lat' dir='ltr'><strong>et</strong></span> 
     </span>
    </p>
   </div>
   <div class='ocr_carea' id='block_1_14' title="bbox 419 1298 1994 1356">
    <p class='ocr_par' dir='ltr' id='par_1_14' title="bbox 419 1298 1994 1356">
     <span class='ocr_line' id='line_1_14' title="bbox 419 1298 1994 1356; baseline 0.001 -2"><span class='ocrx_word' id='word_1_81' title='bbox 419 1300 612 1356; x_wconf 86' lang='lat' dir='ltr'><strong>abiens</strong></span> <span class='ocrx_word' id='word_1_82' title='bbox 638 1302 836 1356; x_wconf 78' lang='lat' dir='ltr'><strong>serviet</strong></span> <span class='ocrx_word' id='word_1_83' title='bbox 861 1301 964 1356; x_wconf 90' lang='lat' dir='ltr'><strong>diis</strong></span> <span class='ocrx_word' id='word_1_84' title='bbox 987 1298 1180 1354; x_wconf 88' lang='lat' dir='ltr'><strong>alienis</strong></span> <span class='ocrx_word' id='word_1_85' title='bbox 1199 1298 1266 1355; x_wconf 81' lang='grc'><strong>³³.</strong></span> <span class='ocrx_word' id='word_1_86' title='bbox 1296 1318 1323 1351; x_wconf 64' lang='grc' dir='ltr'><strong>»ο</strong></span> <span class='ocrx_word' id='word_1_87' title='bbox 1338 1299 1411 1354; x_wconf 92' lang='lat' dir='ltr'><strong>De</strong></span> <span class='ocrx_word' id='word_1_88' title='bbox 1430 1300 1535 1354; x_wconf 88' lang='lat' dir='ltr'><strong>hoc</strong></span> <span class='ocrx_word' id='word_1_89' title='bbox 1557 1301 1611 1355; x_wconf 92' lang='lat' dir='ltr'><strong>in</strong></span> <span class='ocrx_word' id='word_1_90' title='bbox 1633 1300 1786 1356; x_wconf 91' lang='lat' dir='ltr'><strong>libris</strong></span> <span class='ocrx_word' id='word_1_91' title='bbox 1807 1301 1994 1356; x_wconf 74' lang='lat' dir='ltr'><strong>Esdra:</strong></span> 
     </span>
    </p>
   </div>
   <div class='ocr_carea' id='block_1_15' title="bbox 417 1391 1995 1462">
    <p class='ocr_par' dir='ltr' id='par_1_15' title="bbox 417 1391 1995 1462">
     <span class='ocr_line' id='line_1_15' title="bbox 417 1391 1995 1462; baseline 0.001 -17"><span class='ocrx_word' id='word_1_92' title='bbox 417 1393 587 1447; x_wconf 86' lang='lat' dir='ltr'><strong>multa</strong></span> <span class='ocrx_word' id='word_1_93' title='bbox 621 1391 978 1448; x_wconf 79' lang='lat' dir='ltr'><strong>disseruntur.</strong></span> <span class='ocrx_word' id='word_1_94' title='bbox 1014 1391 1166 1447; x_wconf 90' lang='lat' dir='ltr'><strong>Unde</strong></span> <span class='ocrx_word' id='word_1_95' title='bbox 1202 1392 1420 1462; x_wconf 89' lang='lat' dir='ltr'><strong>quidam</strong></span> <span class='ocrx_word' id='word_1_96' title='bbox 1461 1391 1636 1462; x_wconf 88' lang='lat' dir='ltr'><strong>ipsum</strong></span> <span class='ocrx_word' id='word_1_97' title='bbox 1671 1406 1792 1448; x_wconf 89' lang='lat' dir='ltr'><strong>esse</strong></span> <span class='ocrx_word' id='word_1_98' title='bbox 1829 1392 1995 1447; x_wconf 84' lang='lat' dir='ltr'><strong>Mala-</strong></span> 
     </span>
    </p>
   </div>
   <div class='ocr_carea' id='block_1_16' title="bbox 417 1483 1992 1554">
    <p class='ocr_par' dir='ltr' id='par_1_16' title="bbox 417 1483 1992 1554">
     <span class='ocr_line' id='line_1_16' title="bbox 417 1483 1992 1554; baseline 0.001 -16"><span class='ocrx_word' id='word_1_99' title='bbox 417 1485 596 1538; x_wconf 92' lang='lat' dir='ltr'><strong>chiam</strong></span> <span class='ocrx_word' id='word_1_100' title='bbox 629 1483 984 1546; x_wconf 74' lang='lat' dir='ltr'><strong>arbitrantur,</strong></span> <span class='ocrx_word' id='word_1_101' title='bbox 1009 1484 1150 1553; x_wconf 90' lang='lat' dir='ltr'><strong>quod</strong></span> <span class='ocrx_word' id='word_1_102' title='bbox 1182 1497 1343 1539; x_wconf 88' lang='lat' dir='ltr'><strong>secus</strong></span> <span class='ocrx_word' id='word_1_103' title='bbox 1363 1494 1468 1539; x_wconf 87' lang='lat' dir='ltr'><strong>est.</strong></span> <span class='ocrx_word' id='word_1_104' title='bbox 1499 1483 1564 1537; x_wconf 86' lang='lat' dir='ltr'><strong>Et</strong></span> <span class='ocrx_word' id='word_1_105' title='bbox 1588 1485 1642 1538; x_wconf 88' lang='lat' dir='ltr'><strong>in</strong></span> <span class='ocrx_word' id='word_1_106' title='bbox 1671 1484 1754 1539; x_wconf 87' lang='lat' dir='ltr'><strong>his</strong></span> <span class='ocrx_word' id='word_1_107' title='bbox 1777 1485 1992 1554; x_wconf 76' lang='lat' dir='ltr'><strong>quidem</strong></span> 
     </span>
    </p>
   </div>
   <div class='ocr_carea' id='block_1_17' title="bbox 418 1575 1992 1644">
    <p class='ocr_par' dir='ltr' id='par_1_17' title="bbox 418 1575 1992 1644">
     <span class='ocr_line' id='line_1_17' title="bbox 418 1575 1992 1644; baseline 0.001 -14"><span class='ocrx_word' id='word_1_108' title='bbox 418 1575 673 1630; x_wconf 81' lang='lat' dir='ltr'><strong>nonnulla</strong></span> <span class='ocrx_word' id='word_1_109' title='bbox 724 1576 1175 1644; x_wconf 72' lang='lat' dir='ltr'><strong>vituperationem</strong></span> <span class='ocrx_word' id='word_1_110' title='bbox 1220 1576 1499 1632; x_wconf 83' lang='lat' dir='ltr'><strong>continent</strong></span> <span class='ocrx_word' id='word_1_111' title='bbox 1530 1593 1545 1631; x_wconf 91' lang='lat'>:</span> <span class='ocrx_word' id='word_1_112' title='bbox 1575 1577 1631 1630; x_wconf 91' lang='lat' dir='ltr'><strong>in</strong></span> <span class='ocrx_word' id='word_1_113' title='bbox 1670 1577 1785 1632; x_wconf 86' lang='lat' dir='ltr'><strong>llne-</strong></span> <span class='ocrx_word' id='word_1_114' title='bbox 1812 1587 1992 1632; x_wconf 88' lang='lat' dir='ltr'><strong>autem</strong></span> 
     </span>
    </p>
   </div>
   <div class='ocr_carea' id='block_1_18' title="bbox 417 1665 1992 1734">
    <p class='ocr_par' dir='ltr' id='par_1_18' title="bbox 417 1665 1992 1734">
     <span class='ocr_line' id='line_1_18' title="bbox 417 1665 1992 1734; baseline 0.004 -16"><span class='ocrx_word' id='word_1_115' title='bbox 417 1665 716 1734; x_wconf 80' lang='lat' dir='ltr'><strong>prophetiae</strong></span> <span class='ocrx_word' id='word_1_116' title='bbox 769 1667 834 1721; x_wconf 90' lang='lat' dir='ltr'><strong>de</strong></span> <span class='ocrx_word' id='word_1_117' title='bbox 879 1667 1192 1722; x_wconf 83' lang='lat' dir='ltr'><strong>ostensione</strong></span> <span class='ocrx_word' id='word_1_118' title='bbox 1253 1666 1556 1724; x_wconf 86' lang='lat' dir='ltr'><strong>Salvatoris</strong></span> <span class='ocrx_word' id='word_1_119' title='bbox 1606 1669 1777 1724; x_wconf 87' lang='lat' dir='ltr'><strong>nostri</strong></span> <span class='ocrx_word' id='word_1_120' title='bbox 1831 1670 1992 1724; x_wconf 90' lang='lat' dir='ltr'><strong>verba</strong></span> 
     </span>
    </p>
   </div>
   <div class='ocr_carea' id='block_1_19' title="bbox 417 1757 1992 1827">
    <p class='ocr_par' dir='ltr' id='par_1_19' title="bbox 417 1757 1992 1827">
     <span class='ocr_line' id='line_1_19' title="bbox 417 1757 1992 1827; baseline 0.004 -17"><span class='ocrx_word' id='word_1_121' title='bbox 417 1758 586 1824; x_wconf 79' lang='lat' dir='ltr'><strong>Ilum,</strong></span> <span class='ocrx_word' id='word_1_122' title='bbox 625 1757 843 1827; x_wconf 87' lang='lat' dir='ltr'><strong>quando</strong></span> <span class='ocrx_word' id='word_1_123' title='bbox 881 1759 1090 1814; x_wconf 85' lang='lat' dir='ltr'><strong>scilicet</strong></span> <span class='ocrx_word' id='word_1_124' title='bbox 1127 1759 1323 1814; x_wconf 82' lang='lat' dir='ltr'><strong>munda</strong></span> <span class='ocrx_word' id='word_1_125' title='bbox 1370 1769 1424 1815; x_wconf 89' lang='lat' dir='ltr'><strong>et</strong></span> <span class='ocrx_word' id='word_1_126' title='bbox 1482 1760 1762 1816; x_wconf 85' lang='lat' dir='ltr'><strong>incruenta</strong></span> <span class='ocrx_word' id='word_1_127' title='bbox 1815 1761 1992 1816; x_wconf 88' lang='lat' dir='ltr'><strong>hostia</strong></span> 
     </span>
    </p>
   </div>
   <div class='ocr_carea' id='block_1_20' title="bbox 2097 560 3673 640">
    <p class='ocr_par' dir='ltr' id='par_1_20' title="bbox 2097 560 3673 640">
     <span class='ocr_line' id='line_1_20' title="bbox 2097 560 3673 640; baseline -0.007 -15"><span class='ocrx_word' id='word_1_128' title='bbox 2097 573 2220 634; x_wconf 86' lang='grc' dir='ltr'>ταῖς</span> <span class='ocrx_word' id='word_1_129' title='bbox 2265 571 2343 635; x_wconf 77' lang='grc' dir='ltr'>εἰς</span> <span class='ocrx_word' id='word_1_130' title='bbox 2377 572 2639 640; x_wconf 75' lang='grc' dir='ltr'>γυναῖκας</span> <span class='ocrx_word' id='word_1_131' title='bbox 2675 565 3102 638; x_wconf 84' lang='grc' dir='ltr'>φιλοστοργίαις,</span> <span class='ocrx_word' id='word_1_132' title='bbox 3143 560 3258 617; x_wconf 78' lang='grc' dir='ltr'>εἶτα</span> <span class='ocrx_word' id='word_1_133' title='bbox 3293 562 3495 632; x_wconf 88' lang='grc' dir='ltr'>βιϐλίον</span> <span class='ocrx_word' id='word_1_134' title='bbox 3534 563 3673 616; x_wconf 80' lang='grc' dir='ltr'>ἁπο-</span> 
     </span>
    </p>
   </div>
   <div class='ocr_carea' id='block_1_21' title="bbox 2098 651 3669 731">
    <p class='ocr_par' dir='ltr' id='par_1_21' title="bbox 2098 651 3669 731">
     <span class='ocr_line' id='line_1_21' title="bbox 2098 651 3669 731; baseline -0.007 -17"><span class='ocrx_word' id='word_1_135' title='bbox 2098 661 2340 724; x_wconf 85' lang='grc' dir='ltr'>στάσεως</span> <span class='ocrx_word' id='word_1_136' title='bbox 2369 657 2686 731; x_wconf 77' lang='grc' dir='ltr'><strong>ῥιπτοῦντες</strong></span> <span class='ocrx_word' id='word_1_137' title='bbox 2719 657 2931 720; x_wconf 72' lang='grc' dir='ltr'>αὑταῖς,</span> <span class='ocrx_word' id='word_1_138' title='bbox 2974 656 3068 710; x_wconf 73' lang='grc' dir='ltr'><strong>καὶ</strong></span> <span class='ocrx_word' id='word_1_139' title='bbox 3099 654 3194 709; x_wconf 77' lang='grc' dir='ltr'>ἐπ”</span> <span class='ocrx_word' id='word_1_140' title='bbox 3214 653 3389 706; x_wconf 71' lang='grc' dir='ltr'>οὐδενὶ</span> <span class='ocrx_word' id='word_1_141' title='bbox 3412 651 3520 704; x_wconf 86' lang='grc' dir='ltr'><strong>τῶν</strong></span> <span class='ocrx_word' id='word_1_142' title='bbox 3547 651 3669 706; x_wconf 86' lang='grc' dir='ltr'>ἀτό-</span> 
     </span>
    </p>
   </div>
   <div class='ocr_carea' id='block_1_22' title="bbox 2096 743 3678 821">
    <p class='ocr_par' dir='ltr' id='par_1_22' title="bbox 2096 743 3678 821">
     <span class='ocr_line' id='line_1_22' title="bbox 2096 743 3678 821; baseline -0.007 -13"><span class='ocrx_word' id='word_1_143' title='bbox 2096 771 2214 809; x_wconf 88' lang='grc' dir='ltr'><strong>πων</strong></span> <span class='ocrx_word' id='word_1_144' title='bbox 2275 753 2388 806; x_wconf 79' lang='grc' dir='ltr'>ἐσθ’</span> <span class='ocrx_word' id='word_1_145' title='bbox 2434 753 2522 806; x_wconf 82' lang='grc' dir='ltr'>ὅτε</span> <span class='ocrx_word' id='word_1_146' title='bbox 2575 750 3084 821; x_wconf 77' lang='grc' dir='ltr'>κατεγνωσμέναος,</span> <span class='ocrx_word' id='word_1_147' title='bbox 3137 746 3526 800; x_wconf 79' lang='grc' dir='ltr'>συνεπλέκοντο</span> <span class='ocrx_word' id='word_1_148' title='bbox 3572 743 3678 813; x_wconf 70' lang='grc' dir='ltr'>μὲν</span> 
     </span>
    </p>
   </div>
   <div class='ocr_carea' id='block_1_23' title="bbox 2096 835 3677 917">
    <p class='ocr_par' dir='ltr' id='par_1_23' title="bbox 2096 835 3677 917">
     <span class='ocr_line' id='line_1_23' title="bbox 2096 835 3677 917; baseline -0.006 -17"><span class='ocrx_word' id='word_1_149' title='bbox 2096 847 2332 917; x_wconf 81' lang='grc' dir='ltr'>ἑτέραις,</span> <span class='ocrx_word' id='word_1_150' title='bbox 2378 844 2549 914; x_wconf 77' lang='grc' dir='ltr'>ᾤοντό</span> <span class='ocrx_word' id='word_1_151' title='bbox 2598 860 2658 896; x_wconf 83' lang='grc' dir='ltr'><strong>τε</strong></span> <span class='ocrx_word' id='word_1_152' title='bbox 2695 845 2774 896; x_wconf 81' lang='grc' dir='ltr'>ὅτι</span> <span class='ocrx_word' id='word_1_153' title='bbox 2816 842 2937 896; x_wconf 89' lang='grc' dir='ltr'>κατ’</span> <span class='ocrx_word' id='word_1_154' title='bbox 2975 841 3166 895; x_wconf 81' lang='grc' dir='ltr'>οὐδένα</span> <span class='ocrx_word' id='word_1_155' title='bbox 3209 839 3406 910; x_wconf 83' lang='grc' dir='ltr'>τρόπον</span> <span class='ocrx_word' id='word_1_156' title='bbox 3441 835 3677 890; x_wconf 73' lang='grc' dir='ltr'>λυποῦσι</span> 
     </span>
    </p>
   </div>
   <div class='ocr_carea' id='block_1_24' title="bbox 2095 929 3677 1005">
    <p class='ocr_par' dir='ltr' id='par_1_24' title="bbox 2095 929 3677 1005">
     <span class='ocr_line' id='line_1_24' title="bbox 2095 929 3677 1005; baseline -0.007 -13"><span class='ocrx_word' id='word_1_157' title='bbox 2095 938 2247 1001; x_wconf 76' lang='grc' dir='ltr'>Θεὸν,</span> <span class='ocrx_word' id='word_1_158' title='bbox 2276 937 2380 991; x_wconf 73' lang='grc' dir='ltr'><strong>κᾶν</strong></span> <span class='ocrx_word' id='word_1_159' title='bbox 2412 939 2468 989; x_wconf 73' lang='grc' dir='ltr'><strong>εί</strong></span> <span class='ocrx_word' id='word_1_160' title='bbox 2487 933 2876 988; x_wconf 78' lang='grc' dir='ltr'>ἓλοιντοτοῦτο</span> <span class='ocrx_word' id='word_1_161' title='bbox 2900 933 3061 1005; x_wconf 80' lang='grc' dir='ltr'>δρᾷν.</span> <span class='ocrx_word' id='word_1_162' title='bbox 3089 933 3305 1004; x_wconf 79' lang='grc' dir='ltr'>Ἔτεροι</span> <span class='ocrx_word' id='word_1_163' title='bbox 3329 931 3385 983; x_wconf 79' lang='grc' dir='ltr'>δὲ</span> <span class='ocrx_word' id='word_1_164' title='bbox 3412 932 3533 992; x_wconf 85' lang='grc' dir='ltr'>ταῖς</span> <span class='ocrx_word' id='word_1_165' title='bbox 3559 929 3677 982; x_wconf 78' lang='grc' dir='ltr'>τῶν-</span> 
     </span>
    </p>
   </div>
   <div class='ocr_carea' id='block_1_25' title="bbox 2095 1022 3670 1098">
    <p class='ocr_par' dir='ltr' id='par_1_25' title="bbox 2095 1022 3670 1098">
     <span class='ocr_line' id='line_1_25' title="bbox 2095 1022 3670 1098; baseline -0.006 -14"><span class='ocrx_word' id='word_1_166' title='bbox 2095 1029 2406 1098; x_wconf 76' lang='grc' dir='ltr'>ἀλλοφύλων</span> <span class='ocrx_word' id='word_1_167' title='bbox 2437 1027 2793 1096; x_wconf 85' lang='grc' dir='ltr'>ὲπεμαίνοντο</span> <span class='ocrx_word' id='word_1_168' title='bbox 2823 1024 3144 1094; x_wconf 77' lang='grc' dir='ltr'><strong>θυγατράσι,</strong></span> <span class='ocrx_word' id='word_1_169' title='bbox 3178 1023 3353 1077; x_wconf 82' lang='grc' dir='ltr'>καίτοι</span> <span class='ocrx_word' id='word_1_170' title='bbox 3379 1022 3670 1092; x_wconf 82' lang='grc' dir='ltr'>διακεκρα-</span> 
     </span>
    </p>
   </div>
   <div class='ocr_carea' id='block_1_26' title="bbox 2095 1112 3668 1192">
    <p class='ocr_par' dir='ltr' id='par_1_26' title="bbox 2095 1112 3668 1192">
     <span class='ocr_line' id='line_1_26' title="bbox 2095 1112 3668 1192; baseline -0.007 -16"><span class='ocrx_word' id='word_1_171' title='bbox 2095 1124 2250 1192; x_wconf 90' lang='grc' dir='ltr'>γότος</span> <span class='ocrx_word' id='word_1_172' title='bbox 2289 1121 2385 1174; x_wconf 84' lang='grc' dir='ltr'><strong>τοῦ</strong></span> <span class='ocrx_word' id='word_1_173' title='bbox 2432 1120 2596 1189; x_wconf 88' lang='grc' dir='ltr'>νόμου</span> <span class='ocrx_word' id='word_1_174' title='bbox 2635 1119 2820 1188; x_wconf 79' lang='grc' dir='ltr'>σαφῶς</span> <span class='ocrx_word' id='word_1_175' title='bbox 2844 1134 2858 1148; x_wconf 87' lang='grc'><strong>·</strong></span> <span class='ocrx_word' id='word_1_176' title='bbox 2916 1135 2936 1169; x_wconf 71' lang='grc' dir='ltr'><em>ς</em></span> <span class='ocrx_word' id='word_1_177' title='bbox 2987 1116 3098 1188; x_wconf 75' lang='grc' dir='ltr'><strong>Τὴν</strong></span> <span class='ocrx_word' id='word_1_178' title='bbox 3145 1114 3420 1184; x_wconf 74' lang='grc' dir='ltr'><strong>θυγατέρα</strong></span> <span class='ocrx_word' id='word_1_179' title='bbox 3468 1130 3560 1166; x_wconf 90' lang='grc' dir='ltr'><strong>σου</strong></span> <span class='ocrx_word' id='word_1_180' title='bbox 3604 1112 3668 1166; x_wconf 84' lang='grc' dir='ltr'>οὐ</span> 
     </span>
    </p>
   </div>
   <div class='ocr_carea' id='block_1_27' title="bbox 2093 1204 3672 1283">
    <p class='ocr_par' dir='ltr' id='par_1_27' title="bbox 2093 1204 3672 1283">
     <span class='ocr_line' id='line_1_27' title="bbox 2093 1204 3672 1283; baseline -0.007 -15"><span class='ocrx_word' id='word_1_181' title='bbox 2093 1213 2287 1278; x_wconf 83' lang='grc' dir='ltr'><strong>δώσεις</strong></span> <span class='ocrx_word' id='word_1_182' title='bbox 2323 1211 2401 1283; x_wconf 83' lang='grc' dir='ltr'>τῷ</span> <span class='ocrx_word' id='word_1_183' title='bbox 2444 1211 2545 1282; x_wconf 85' lang='grc' dir='ltr'>υίῷ</span> <span class='ocrx_word' id='word_1_184' title='bbox 2582 1210 2770 1274; x_wconf 84' lang='grc' dir='ltr'>αὐτοῦ,</span> <span class='ocrx_word' id='word_1_185' title='bbox 2815 1210 2910 1263; x_wconf 80' lang='grc' dir='ltr'><strong>καὶ</strong></span> <span class='ocrx_word' id='word_1_186' title='bbox 2953 1209 3052 1280; x_wconf 80' lang='grc' dir='ltr'><strong>τὴν</strong></span> <span class='ocrx_word' id='word_1_187' title='bbox 3096 1209 3371 1278; x_wconf 81' lang='grc' dir='ltr'>θυγὰτερα</span> <span class='ocrx_word' id='word_1_188' title='bbox 3407 1204 3572 1260; x_wconf 87' lang='grc' dir='ltr'>αὐτοῦ</span> <span class='ocrx_word' id='word_1_189' title='bbox 3605 1204 3672 1257; x_wconf 70' lang='grc' dir='ltr'>οὔ</span> 
     </span>
    </p>
   </div>
   <div class='ocr_carea' id='block_1_28' title="bbox 2094 1295 3668 1379">
    <p class='ocr_par' dir='ltr' id='par_1_28' title="bbox 2094 1295 3668 1379">
     <span class='ocr_line' id='line_1_28' title="bbox 2094 1295 3668 1379; baseline -0.007 -20"><span class='ocrx_word' id='word_1_190' title='bbox 2094 1306 2246 1379; x_wconf 77' lang='grc' dir='ltr'><strong>λήψῃ·</strong></span> <span class='ocrx_word' id='word_1_191' title='bbox 2269 1303 2348 1376; x_wconf 86' lang='grc' dir='ltr'>τῷ</span> <span class='ocrx_word' id='word_1_192' title='bbox 2382 1303 2483 1374; x_wconf 83' lang='grc' dir='ltr'><strong>υἱῷ</strong></span> <span class='ocrx_word' id='word_1_193' title='bbox 2520 1320 2645 1356; x_wconf 94' lang='grc' dir='ltr'>σου..</span> <span class='ocrx_word' id='word_1_194' title='bbox 2681 1301 3011 1372; x_wconf 61' lang='grc' dir='ltr'>’Λεποστήσειι</span> <span class='ocrx_word' id='word_1_195' title='bbox 3033 1299 3143 1370; x_wconf 84' lang='grc' dir='ltr'>γὰρ</span> <span class='ocrx_word' id='word_1_196' title='bbox 3174 1298 3264 1352; x_wconf 82' lang='grc' dir='ltr'><strong>τὸν</strong></span> <span class='ocrx_word' id='word_1_197' title='bbox 3294 1298 3419 1352; x_wconf 84' lang='grc' dir='ltr'>υἱόν</span> <span class='ocrx_word' id='word_1_198' title='bbox 3446 1314 3540 1349; x_wconf 90' lang='grc' dir='ltr'><strong>σου</strong></span> <span class='ocrx_word' id='word_1_199' title='bbox 3573 1295 3668 1349; x_wconf 84' lang='grc' dir='ltr'><strong>ἀπ’</strong></span> 
     </span>
    </p>
   </div>
   <div class='ocr_carea' id='block_1_29' title="bbox 2093 1385 3656 1466">
    <p class='ocr_par' dir='ltr' id='par_1_29' title="bbox 2093 1385 3656 1466">
     <span class='ocr_line' id='line_1_29' title="bbox 2093 1385 3656 1466; baseline -0.008 -17"><span class='ocrx_word' id='word_1_200' title='bbox 2093 1394 2251 1466; x_wconf 74' lang='grc' dir='ltr'>ἐμοῦ.</span> <span class='ocrx_word' id='word_1_201' title='bbox 2288 1395 2383 1449; x_wconf 72' lang='grc' dir='ltr'><strong>καὶ</strong></span> <span class='ocrx_word' id='word_1_202' title='bbox 2426 1393 2710 1466; x_wconf 81' lang='grc' dir='ltr'>πορευθεὶς</span> <span class='ocrx_word' id='word_1_203' title='bbox 2746 1391 3035 1462; x_wconf 79' lang='grc' dir='ltr'>λατρεύσει</span> <span class='ocrx_word' id='word_1_204' title='bbox 3074 1390 3214 1452; x_wconf 76' lang='grc' dir='ltr'>θεοῖς</span> <span class='ocrx_word' id='word_1_205' title='bbox 3245 1389 3472 1460; x_wconf 84' lang='grc' dir='ltr'>ἑτέροις.</span> <span class='ocrx_word' id='word_1_206' title='bbox 3514 1405 3533 1437; x_wconf 71' lang='grc' dir='ltr'><strong>ι</strong></span> <span class='ocrx_word' id='word_1_207' title='bbox 3572 1385 3656 1438; x_wconf 83' lang='grc' dir='ltr'><strong>Γέ-</strong></span> 
     </span>
    </p>
   </div>
   <div class='ocr_carea' id='block_1_30' title="bbox 2094 1475 3668 1552">
    <p class='ocr_par' dir='ltr' id='par_1_30' title="bbox 2094 1475 3668 1552">
     <span class='ocr_line' id='line_1_30' title="bbox 2094 1475 3668 1552; baseline -0.005 -17"><span class='ocrx_word' id='word_1_208' title='bbox 2094 1498 2218 1550; x_wconf 88' lang='grc' dir='ltr'>γονε</span> <span class='ocrx_word' id='word_1_209' title='bbox 2247 1481 2306 1536; x_wconf 80' lang='grc' dir='ltr'>δὲ</span> <span class='ocrx_word' id='word_1_210' title='bbox 2343 1481 2552 1552; x_wconf 75' lang='grc' dir='ltr'>μακρὸς</span> <span class='ocrx_word' id='word_1_211' title='bbox 2598 1482 2729 1551; x_wconf 73' lang='grc' dir='ltr'>περὶ</span> <span class='ocrx_word' id='word_1_212' title='bbox 2758 1481 2946 1532; x_wconf 85' lang='grc' dir='ltr'>τούτου</span> <span class='ocrx_word' id='word_1_213' title='bbox 2983 1478 3140 1547; x_wconf 80' lang='grc' dir='ltr'>λόγος</span> <span class='ocrx_word' id='word_1_214' title='bbox 3181 1478 3274 1530; x_wconf 72' lang='grc' dir='ltr'>καὶ</span> <span class='ocrx_word' id='word_1_215' title='bbox 3319 1479 3376 1530; x_wconf 85' lang='grc' dir='ltr'><strong>ὲν</strong></span> <span class='ocrx_word' id='word_1_216' title='bbox 3423 1479 3535 1539; x_wconf 86' lang='grc' dir='ltr'>τοῖς</span> <span class='ocrx_word' id='word_1_217' title='bbox 3573 1475 3668 1527; x_wconf 84' lang='grc' dir='ltr'><strong>τοῦ</strong></span> 
     </span>
    </p>
   </div>
   <div class='ocr_carea' id='block_1_31' title="bbox 2097 1564 3681 1646">
    <p class='ocr_par' dir='ltr' id='par_1_31' title="bbox 2097 1564 3681 1646">
     <span class='ocr_line' id='line_1_31' title="bbox 2097 1564 3681 1646; baseline -0.008 -19"><span class='ocrx_word' id='word_1_218' title='bbox 2097 1573 2305 1646; x_wconf 87' lang='grc' dir='ltr'>Ἔσδρα</span> <span class='ocrx_word' id='word_1_219' title='bbox 2335 1572 2579 1643; x_wconf 85' lang='grc' dir='ltr'>βιϐλίοις.</span> <span class='ocrx_word' id='word_1_220' title='bbox 2619 1570 2780 1625; x_wconf 85' lang='grc' dir='ltr'>Ὅθεν</span> <span class='ocrx_word' id='word_1_221' title='bbox 2817 1570 2967 1632; x_wconf 80' lang='grc' dir='ltr'>τινὲς</span> <span class='ocrx_word' id='word_1_222' title='bbox 3002 1567 3163 1622; x_wconf 76' lang='grc' dir='ltr'>αὐτὸν</span> <span class='ocrx_word' id='word_1_223' title='bbox 3197 1564 3681 1634; x_wconf 65' lang='grc' dir='ltr'>ὑπολαμϐάνουσιν</span> 
     </span>
    </p>
   </div>
   <div class='ocr_carea' id='block_1_32' title="bbox 2095 1656 3673 1734">
    <p class='ocr_par' dir='ltr' id='par_1_32' title="bbox 2095 1656 3673 1734">
     <span class='ocr_line' id='line_1_32' title="bbox 2095 1656 3673 1734; baseline -0.006 -14"><span class='ocrx_word' id='word_1_224' title='bbox 2095 1660 2237 1720; x_wconf 75' lang='grc' dir='ltr'>εἶναι</span> <span class='ocrx_word' id='word_1_225' title='bbox 2287 1665 2379 1719; x_wconf 81' lang='grc' dir='ltr'><strong>τὸν</strong></span> <span class='ocrx_word' id='word_1_226' title='bbox 2424 1663 2730 1734; x_wconf 84' lang='grc' dir='ltr'>Μαλαχίαν,</span> <span class='ocrx_word' id='word_1_227' title='bbox 2779 1662 2894 1733; x_wconf 79' lang='grc' dir='ltr'>ἔχει</span> <span class='ocrx_word' id='word_1_228' title='bbox 2925 1661 2982 1715; x_wconf 81' lang='grc' dir='ltr'>δὲ</span> <span class='ocrx_word' id='word_1_229' title='bbox 3015 1661 3114 1732; x_wconf 75' lang='grc' dir='ltr'><strong>οὐχ</strong></span> <span class='ocrx_word' id='word_1_230' title='bbox 3157 1659 3330 1724; x_wconf 79' lang='grc' dir='ltr'>οὕτως</span> <span class='ocrx_word' id='word_1_231' title='bbox 3358 1659 3418 1711; x_wconf 77' lang='grc' dir='ltr'>τὺ</span> <span class='ocrx_word' id='word_1_232' title='bbox 3449 1656 3673 1728; x_wconf 79' lang='grc' dir='ltr'>ἀληθές.</span> 
     </span>
    </p>
   </div>
   <div class='ocr_carea' id='block_1_33' title="bbox 2093 1747 3670 1829">
    <p class='ocr_par' dir='ltr' id='par_1_33' title="bbox 2093 1747 3670 1829">
     <span class='ocr_line' id='line_1_33' title="bbox 2093 1747 3670 1829; baseline -0.008 -17"><span class='ocrx_word' id='word_1_233' title='bbox 2093 1758 2211 1812; x_wconf 70' lang='lat' dir='ltr'><strong>Kal}</strong></span> <span class='ocrx_word' id='word_1_234' title='bbox 2235 1757 2424 1829; x_wconf 80' lang='grc' dir='ltr'>τὰμὲν</span> <span class='ocrx_word' id='word_1_235' title='bbox 2458 1756 2558 1826; x_wconf 85' lang='grc' dir='ltr'>τῆς</span> <span class='ocrx_word' id='word_1_236' title='bbox 2585 1753 2926 1826; x_wconf 70' lang='grc' dir='ltr'>έπιπλήξεως</span> <span class='ocrx_word' id='word_1_237' title='bbox 2949 1756 3008 1807; x_wconf 82' lang='grc' dir='ltr'>ὲν</span> <span class='ocrx_word' id='word_1_238' title='bbox 3038 1752 3280 1817; x_wconf 72' lang='grc' dir='ltr'>τούτοιςο</span> <span class='ocrx_word' id='word_1_239' title='bbox 3312 1753 3371 1805; x_wconf 84' lang='grc' dir='ltr'>ὲν</span> <span class='ocrx_word' id='word_1_240' title='bbox 3413 1750 3472 1804; x_wconf 80' lang='grc' dir='ltr'><strong>δέ</strong></span> <span class='ocrx_word' id='word_1_241' title='bbox 3497 1767 3559 1818; x_wconf 89' lang='grc' dir='ltr'><strong>γε</strong></span> <span class='ocrx_word' id='word_1_242' title='bbox 3592 1747 3670 1818; x_wconf 81' lang='grc' dir='ltr'><strong>τῷ</strong></span> 
     </span>
    </p>
   </div>
   <div class='ocr_carea' id='block_1_34' title="bbox 419 1821 1993 1921">
    <p class='ocr_par' dir='ltr' id='par_1_34' title="bbox 419 1847 1993 1921">
     <span class='ocr_line' id='line_1_34' title="bbox 419 1847 1993 1921; baseline 0.004 -20"><span class='ocrx_word' id='word_1_243' title='bbox 419 1847 530 1902; x_wconf 91' lang='lat' dir='ltr'><strong>Deo</strong></span> <span class='ocrx_word' id='word_1_244' title='bbox 566 1847 826 1904; x_wconf 83' lang='lat' dir='ltr'><strong>oﬁ&#39;eretur</strong></span> <span class='ocrx_word' id='word_1_245' title='bbox 857 1868 870 1904; x_wconf 90' lang='lat'><strong>:</strong></span> <span class='ocrx_word' id='word_1_246' title='bbox 903 1865 1024 1920; x_wconf 68' lang='lat' dir='ltr'><strong>qua:</strong></span> <span class='ocrx_word' id='word_1_247' title='bbox 1066 1849 1278 1906; x_wconf 86' lang='lat' dir='ltr'><strong>sublato</strong></span> <span class='ocrx_word' id='word_1_248' title='bbox 1327 1860 1555 1921; x_wconf 87' lang='lat' dir='ltr'><strong>peccato</strong></span> <span class='ocrx_word' id='word_1_249' title='bbox 1585 1852 1839 1907; x_wconf 72' lang='lat' dir='ltr'><strong>omnium</strong></span> <span class='ocrx_word' id='word_1_250' title='bbox 1883 1853 1993 1908; x_wconf 89' lang='lat' dir='ltr'><strong>cri-</strong></span> 
     </span>
    </p>
   </div>
   <div class='ocr_carea' id='block_1_35' title="bbox 2094 1821 3678 1921">
    <p class='ocr_par' dir='ltr' id='par_1_35' title="bbox 2094 1821 3678 1920">
     <span class='ocr_line' id='line_1_35' title="bbox 2094 1821 3678 1920; baseline -0.008 -17"><span class='ocrx_word' id='word_1_251' title='bbox 2094 1850 2234 1903; x_wconf 87' lang='grc' dir='ltr'>τέλει</span> <span class='ocrx_word' id='word_1_252' title='bbox 2279 1821 2378 1920; x_wconf 61' lang='grc' dir='ltr'><strong>της</strong></span> <span class='ocrx_word' id='word_1_253' title='bbox 2433 1821 2785 1920; x_wconf 70' lang='grc' dir='ltr'><strong>προφητείας⁷</strong></span> <span class='ocrx_word' id='word_1_254' title='bbox 2822 1844 2912 1901; x_wconf 72' lang='grc' dir='ltr'>τὸν</span> <span class='ocrx_word' id='word_1_255' title='bbox 2958 1845 3088 1916; x_wconf 76' lang='grc' dir='ltr'>περὶ</span> <span class='ocrx_word' id='word_1_256' title='bbox 3133 1843 3232 1914; x_wconf 82' lang='grc' dir='ltr'><strong>τῆς</strong></span> <span class='ocrx_word' id='word_1_257' title='bbox 3279 1841 3374 1895; x_wconf 82' lang='grc' dir='ltr'><strong>τοῦ</strong></span> <span class='ocrx_word' id='word_1_258' title='bbox 3421 1839 3678 1910; x_wconf 83' lang='grc' dir='ltr'>Σωτῆρος.</span> 
     </span>
    </p>
   </div>
   <div class='ocr_carea' id='block_1_36' title="bbox 419 1936 1991 2004">
    <p class='ocr_par' dir='ltr' id='par_1_36' title="bbox 419 1936 1991 2004">
     <span class='ocr_line' id='line_1_36' title="bbox 419 1936 1991 2004; baseline 0.008 -17"><span class='ocrx_word' id='word_1_259' title='bbox 419 1936 564 1991; x_wconf 82' lang='lat' dir='ltr'><strong>mina</strong></span> <span class='ocrx_word' id='word_1_260' title='bbox 605 1936 855 1994; x_wconf 89' lang='lat' dir='ltr'><strong>desinere</strong></span> <span class='ocrx_word' id='word_1_261' title='bbox 891 1937 1078 2004; x_wconf 76' lang='lat' dir='ltr'><strong>faciat,</strong></span> <span class='ocrx_word' id='word_1_262' title='bbox 1103 1939 1425 1996; x_wconf 87' lang='lat' dir='ltr'><strong>mortalibus</strong></span> <span class='ocrx_word' id='word_1_263' title='bbox 1461 1941 1514 1995; x_wconf 87' lang='lat' dir='ltr'><strong>in</strong></span> <span class='ocrx_word' id='word_1_264' title='bbox 1541 1942 1835 1996; x_wconf 81' lang='lat' dir='ltr'><strong>novitatem</strong></span> <span class='ocrx_word' id='word_1_265' title='bbox 1868 1943 1991 1999; x_wconf 69' lang='lat' dir='ltr'><strong>vitae</strong></span> 
     </span>
    </p>
   </div>
   <div class='ocr_carea' id='block_1_37' title="bbox 418 2026 1991 2105">
    <p class='ocr_par' dir='ltr' id='par_1_37' title="bbox 418 2026 1991 2105">
     <span class='ocr_line' id='line_1_37' title="bbox 418 2026 1991 2105; baseline 0.007 -27"><span class='ocrx_word' id='word_1_266' title='bbox 418 2026 746 2085; x_wconf 81' lang='lat' dir='ltr'><strong>reformatis.</strong></span> <span class='ocrx_word' id='word_1_267' title='bbox 771 2030 921 2084; x_wconf 90' lang='lat' dir='ltr'><strong>Nova</strong></span> <span class='ocrx_word' id='word_1_268' title='bbox 945 2032 1091 2087; x_wconf 90' lang='lat' dir='ltr'><strong>enim</strong></span> <span class='ocrx_word' id='word_1_269' title='bbox 1116 2041 1378 2089; x_wconf 77' lang='lat' dir='ltr'><strong>creatura</strong></span> <span class='ocrx_word' id='word_1_270' title='bbox 1393 2043 1577 2098; x_wconf 83' lang='lat' dir='ltr'><strong>erunt,</strong></span> <span class='ocrx_word' id='word_1_271' title='bbox 1605 2049 1723 2105; x_wconf 65' lang='lat' dir='ltr'><strong>quae</strong></span> <span class='ocrx_word' id='word_1_272' title='bbox 1752 2033 1991 2090; x_wconf 84' lang='lat' dir='ltr'><strong>inChri-</strong></span> 
     </span>
    </p>
   </div>
   <div class='ocr_carea' id='block_1_38' title="bbox 416 2122 1984 2196">
    <p class='ocr_par' dir='ltr' id='par_1_38' title="bbox 416 2122 1984 2196">
     <span class='ocr_line' id='line_1_38' title="bbox 416 2122 1984 2196; baseline 0.003 -20"><span class='ocrx_word' id='word_1_273' title='bbox 416 2131 501 2176; x_wconf 92' lang='lat' dir='ltr'><strong>sto</strong></span> <span class='ocrx_word' id='word_1_274' title='bbox 527 2133 673 2185; x_wconf 86' lang='lat' dir='ltr'><strong>sunt,</strong></span> <span class='ocrx_word' id='word_1_275' title='bbox 708 2122 798 2176; x_wconf 89' lang='lat' dir='ltr'><strong>ubi</strong></span> <span class='ocrx_word' id='word_1_276' title='bbox 821 2133 1007 2179; x_wconf 87' lang='lat' dir='ltr'><strong>vetera</strong></span> <span class='ocrx_word' id='word_1_277' title='bbox 1032 2125 1368 2191; x_wconf 89' lang='lat' dir='ltr'><strong>transierint,</strong></span> <span class='ocrx_word' id='word_1_278' title='bbox 1396 2135 1456 2180; x_wconf 95' lang='lat' dir='ltr'><strong>ut</strong></span> <span class='ocrx_word' id='word_1_279' title='bbox 1483 2127 1743 2196; x_wconf 90' lang='lat' dir='ltr'><strong>scriptum</strong></span> <span class='ocrx_word' id='word_1_280' title='bbox 1765 2136 1850 2183; x_wconf 92' lang='lat' dir='ltr'><strong>est</strong></span> <span class='ocrx_word' id='word_1_281' title='bbox 1866 2128 1932 2182; x_wconf 71' lang='lat'><strong>‘9.</strong></span> <span class='ocrx_word' id='word_1_282' title='bbox 1965 2146 1984 2180; x_wconf 73' lang='grc' dir='ltr'><strong>ο</strong></span> 
     </span>
    </p>
   </div>
   <div class='ocr_carea' id='block_1_39' title="bbox 2096 1931 3678 2013">
    <p class='ocr_par' dir='ltr' id='par_1_39' title="bbox 2096 1931 3678 2013">
     <span class='ocr_line' id='line_1_39' title="bbox 2096 1931 3678 2013; baseline -0.008 -18"><span class='ocrx_word' id='word_1_283' title='bbox 2096 1940 2257 2013; x_wconf 77' lang='grc' dir='ltr'>ἡμῶν</span> <span class='ocrx_word' id='word_1_284' title='bbox 2285 1939 2610 2005; x_wconf 82' lang='grc' dir='ltr'>ἀναδείξεως</span> <span class='ocrx_word' id='word_1_285' title='bbox 2659 1941 2890 1992; x_wconf 82' lang='grc' dir='ltr'>ποιεῖται</span> <span class='ocrx_word' id='word_1_286' title='bbox 2920 1937 3096 2007; x_wconf 85' lang='grc' dir='ltr'>λόγον,</span> <span class='ocrx_word' id='word_1_287' title='bbox 3139 1937 3236 1990; x_wconf 77' lang='grc' dir='ltr'>ἆτε</span> <span class='ocrx_word' id='word_1_288' title='bbox 3271 1933 3336 2006; x_wconf 81' lang='grc' dir='ltr'><strong>δὴ</strong></span> <span class='ocrx_word' id='word_1_289' title='bbox 3371 1931 3678 2004; x_wconf 79' lang='grc' dir='ltr'>μελλούσης.</span> 
     </span>
    </p>
   </div>
   <div class='ocr_carea' id='block_1_40' title="bbox 2095 2025 3672 2102">
    <p class='ocr_par' dir='ltr' id='par_1_40' title="bbox 2095 2025 3672 2102">
     <span class='ocr_line' id='line_1_40' title="bbox 2095 2025 3672 2102; baseline -0.009 -15"><span class='ocrx_word' id='word_1_290' title='bbox 2095 2032 2158 2088; x_wconf 79' lang='grc' dir='ltr'>τὺ</span> <span class='ocrx_word' id='word_1_291' title='bbox 2184 2031 2439 2102; x_wconf 84' lang='grc' dir='ltr'>τηνικάδε</span> <span class='ocrx_word' id='word_1_292' title='bbox 2469 2030 2684 2102; x_wconf 83' lang='grc' dir='ltr'>καθαρά</span> <span class='ocrx_word' id='word_1_293' title='bbox 2709 2047 2768 2083; x_wconf 88' lang='grc' dir='ltr'><strong>τε</strong></span> <span class='ocrx_word' id='word_1_294' title='bbox 2802 2031 2896 2083; x_wconf 71' lang='grc' dir='ltr'>καὶ</span> <span class='ocrx_word' id='word_1_295' title='bbox 2929 2029 3264 2099; x_wconf 84' lang='grc' dir='ltr'>ἀναίμακτος</span> <span class='ocrx_word' id='word_1_296' title='bbox 3310 2025 3469 2079; x_wconf 83' lang='grc' dir='ltr'>θυσία</span> <span class='ocrx_word' id='word_1_297' title='bbox 3498 2038 3672 2094; x_wconf 87' lang='grc' dir='ltr'>προσ-</span> 
     </span>
    </p>
   </div>
   <div class='ocr_carea' id='block_1_41' title="bbox 2100 2119 3677 2198">
    <p class='ocr_par' dir='ltr' id='par_1_41' title="bbox 2100 2119 3677 2198">
     <span class='ocr_line' id='line_1_41' title="bbox 2100 2119 3677 2198; baseline -0.004 -19"><span class='ocrx_word' id='word_1_298' title='bbox 2100 2125 2422 2198; x_wconf 76' lang='grc' dir='ltr'>κομίζεσθαι</span> <span class='ocrx_word' id='word_1_299' title='bbox 2445 2124 2525 2196; x_wconf 89' lang='grc' dir='ltr'>τῷ</span> <span class='ocrx_word' id='word_1_300' title='bbox 2553 2123 2697 2195; x_wconf 71' lang='grc' dir='ltr'><strong>Θεῷ,</strong></span> <span class='ocrx_word' id='word_1_301' title='bbox 2713 2123 3050 2194; x_wconf 78' lang='grc' dir='ltr'>καταλήγειν</span> <span class='ocrx_word' id='word_1_302' title='bbox 3060 2123 3118 2176; x_wconf 84' lang='grc' dir='ltr'>δὲ</span> <span class='ocrx_word' id='word_1_303' title='bbox 3144 2120 3212 2174; x_wconf 84' lang='grc' dir='ltr'>τὰ</span> <span class='ocrx_word' id='word_1_304' title='bbox 3232 2120 3449 2175; x_wconf 84' lang='grc' dir='ltr'>πάντων</span> <span class='ocrx_word' id='word_1_305' title='bbox 3471 2119 3677 2190; x_wconf 70' lang='grc' dir='ltr'>ἐγκλή-</span> 
     </span>
    </p>
   </div>
   <div class='ocr_carea' id='block_1_42' title="bbox 419 2213 3672 2291">
    <p class='ocr_par' dir='ltr' id='par_1_42' title="bbox 419 2213 3672 2291">
     <span class='ocr_line' id='line_1_42' title="bbox 419 2213 3672 2291; baseline -0.004 -12"><span class='ocrx_word' id='word_1_306' title='bbox 419 2230 586 2283; x_wconf 78' lang='grc' dir='ltr'>ματα,</span> <span class='ocrx_word' id='word_1_307' title='bbox 626 2214 724 2286; x_wconf 86' lang='grc' dir='ltr'><strong>τῆς</strong></span> <span class='ocrx_word' id='word_1_308' title='bbox 764 2213 1038 2286; x_wconf 80' lang='grc' dir='ltr'>ἁμαρτίας</span> <span class='ocrx_word' id='word_1_309' title='bbox 1066 2215 1437 2287; x_wconf 76' lang='grc' dir='ltr'><strong>ἀνῃρημένης,</strong></span> <span class='ocrx_word' id='word_1_310' title='bbox 1469 2219 1570 2288; x_wconf 31' lang='grc' dir='ltr'>καὶ,</span> <span class='ocrx_word' id='word_1_311' title='bbox 1593 2220 1673 2282; x_wconf 84' lang='grc' dir='ltr'><strong>είς</strong></span> <span class='ocrx_word' id='word_1_312' title='bbox 1706 2219 2002 2291; x_wconf 83' lang='grc' dir='ltr'>καινότητα</span> <span class='ocrx_word' id='word_1_313' title='bbox 2032 2220 2178 2289; x_wconf 83' lang='grc' dir='ltr'><strong>ζωῆς</strong></span> <span class='ocrx_word' id='word_1_314' title='bbox 2203 2219 2704 2290; x_wconf 83' lang='grc' dir='ltr'>ἀναμορφουμένων</span> <span class='ocrx_word' id='word_1_315' title='bbox 2729 2217 2837 2269; x_wconf 87' lang='grc' dir='ltr'><strong>τῶν</strong></span> <span class='ocrx_word' id='word_1_316' title='bbox 2869 2217 2961 2270; x_wconf 74' lang='grc' dir='ltr'>ἐπὶ</span> <span class='ocrx_word' id='word_1_317' title='bbox 2988 2215 3112 2286; x_wconf 81' lang='grc' dir='ltr'>γῆς.</span> <span class='ocrx_word' id='word_1_318' title='bbox 3149 2213 3327 2285; x_wconf 79' lang='grc' dir='ltr'>Καινὴ</span> <span class='ocrx_word' id='word_1_319' title='bbox 3359 2215 3468 2284; x_wconf 78' lang='grc' dir='ltr'><strong>γὰρ</strong></span> <span class='ocrx_word' id='word_1_320' title='bbox 3497 2213 3672 2276; x_wconf 85' lang='grc' dir='ltr'>κτίσις</span> 
     </span>
    </p>
   </div>
   <div class='ocr_carea' id='block_1_43' title="bbox 414 2309 2465 2386">
    <p class='ocr_par' dir='ltr' id='par_1_43' title="bbox 414 2309 2465 2386">
     <span class='ocr_line' id='line_1_43' title="bbox 414 2309 2465 2386; baseline 0.002 -25"><span class='ocrx_word' id='word_1_321' title='bbox 414 2309 484 2362; x_wconf 78' lang='grc' dir='ltr'>τὰ</span> <span class='ocrx_word' id='word_1_322' title='bbox 521 2311 579 2362; x_wconf 83' lang='grc' dir='ltr'><strong>ὲν</strong></span> <span class='ocrx_word' id='word_1_323' title='bbox 617 2309 856 2381; x_wconf 77' lang='grc' dir='ltr'>Χριστῷ,</span> <span class='ocrx_word' id='word_1_324' title='bbox 885 2309 994 2363; x_wconf 86' lang='grc' dir='ltr'><strong>τῶν</strong></span> <span class='ocrx_word' id='word_1_325' title='bbox 1031 2310 1270 2381; x_wconf 86' lang='grc' dir='ltr'>ἀρχαίων</span> <span class='ocrx_word' id='word_1_326' title='bbox 1308 2313 1754 2384; x_wconf 84' lang='grc' dir='ltr'>παρῳχηκότων,.</span> <span class='ocrx_word' id='word_1_327' title='bbox 1775 2315 1918 2368; x_wconf 80' lang='grc' dir='ltr'>κατὰ</span> <span class='ocrx_word' id='word_1_328' title='bbox 1968 2315 2029 2368; x_wconf 84' lang='grc' dir='ltr'>τὸ</span> <span class='ocrx_word' id='word_1_329' title='bbox 2060 2314 2465 2386; x_wconf 76' lang='grc' dir='ltr'>γεγραμμένον.</span> 
     </span>
    </p>
   </div>
   <div class='ocr_carea' id='block_1_44' title="bbox 748 2458 1650 2554">
    <p class='ocr_par' dir='ltr' id='par_1_44' title="bbox 748 2458 1650 2554">
     <span class='ocr_line' id='line_1_44' title="bbox 748 2458 1650 2554; baseline 0.008 -7"><span class='ocrx_word' id='word_1_330' title='bbox 748 2458 1150 2552; x_wconf 86' lang='lat' dir='ltr'><strong>TOMUS</strong></span> <span class='ocrx_word' id='word_1_331' title='bbox 1221 2461 1650 2554; x_wconf 78' lang='lat' dir='ltr'><strong>PRIOR.</strong></span> 
     </span>
    </p>
   </div>
   <div class='ocr_carea' id='block_1_45' title="bbox 1089 2607 1321 2664">
    <p class='ocr_par' dir='ltr' id='par_1_45' title="bbox 1089 2607 1321 2664">
     <span class='ocr_line' id='line_1_45' title="bbox 1089 2607 1321 2664; baseline 0 -1"><span class='ocrx_word' id='word_1_332' title='bbox 1089 2607 1242 2663; x_wconf 78' lang='lat' dir='ltr'><strong>CAP.</strong></span> <span class='ocrx_word' id='word_1_333' title='bbox 1279 2610 1321 2664; x_wconf 85' lang='lat' dir='ltr'><strong>l.</strong></span> 
     </span>
    </p>
   </div>
   <div class='ocr_carea' id='block_1_46' title="bbox 491 2721 2003 2796">
    <p class='ocr_par' dir='ltr' id='par_1_46' title="bbox 491 2721 2003 2796">
     <span class='ocr_line' id='line_1_46' title="bbox 491 2721 2003 2796; baseline 0.005 -22"><span class='ocrx_word' id='word_1_334' title='bbox 491 2721 652 2777; x_wconf 72' lang='lat' dir='ltr'><strong>Vens.</strong></span> <span class='ocrx_word' id='word_1_335' title='bbox 684 2723 733 2776; x_wconf 80' lang='grc'><strong>1.</strong></span> <span class='ocrx_word' id='word_1_336' title='bbox 765 2722 1064 2790; x_wconf 78' lang='lat' dir='ltr'><strong>Assumptto</strong></span> <span class='ocrx_word' id='word_1_337' title='bbox 1084 2724 1223 2778; x_wconf 78' lang='lat' dir='ltr'><strong>verbi</strong></span> <span class='ocrx_word' id='word_1_338' title='bbox 1261 2722 1476 2777; x_wconf 76' lang='lat' dir='ltr'><strong>Domini</strong></span> <span class='ocrx_word' id='word_1_339' title='bbox 1527 2741 1684 2796; x_wconf 79' lang='lat' dir='ltr'><strong>super</strong></span> <span class='ocrx_word' id='word_1_340' title='bbox 1716 2725 1886 2781; x_wconf 77' lang='lat' dir='ltr'><strong>Israel</strong></span> <span class='ocrx_word' id='word_1_341' title='bbox 1938 2730 2003 2782; x_wconf 50' lang='lat' dir='ltr'><strong>in:</strong></span> 
     </span>
    </p>
   </div>
   <div class='ocr_carea' id='block_1_47' title="bbox 418 2813 944 2884">
    <p class='ocr_par' dir='ltr' id='par_1_47' title="bbox 418 2813 944 2884">
     <span class='ocr_line' id='line_1_47' title="bbox 418 2813 944 2884; baseline -0.002 -17"><span class='ocrx_word' id='word_1_342' title='bbox 418 2829 579 2868; x_wconf 77' lang='lat' dir='ltr'><strong>manu</strong></span> <span class='ocrx_word' id='word_1_343' title='bbox 599 2813 772 2884; x_wconf 84' lang='lat' dir='ltr'><strong>angeli</strong></span> <span class='ocrx_word' id='word_1_344' title='bbox 809 2813 944 2882; x_wconf 75' lang='lat' dir='ltr'><strong>ejus.</strong></span> 
     </span>
    </p>
   </div>
   <div class='ocr_carea' id='block_1_48' title="bbox 488 2927 1989 3004">
    <p class='ocr_par' dir='ltr' id='par_1_48' title="bbox 488 2927 1989 3004">
     <span class='ocr_line' id='line_1_48' title="bbox 488 2927 1989 3004; baseline 0.005 -22"><span class='ocrx_word' id='word_1_345' title='bbox 488 2927 553 2982; x_wconf 92' lang='lat' dir='ltr'><strong>ll.</strong></span> <span class='ocrx_word' id='word_1_346' title='bbox 599 2927 1032 2999; x_wconf 87' lang='lat' dir='ltr'><strong>Assumptionem</strong></span> <span class='ocrx_word' id='word_1_347' title='bbox 1111 2927 1262 2982; x_wconf 85' lang='lat' dir='ltr'><strong>verbi</strong></span> <span class='ocrx_word' id='word_1_348' title='bbox 1320 2931 1565 2987; x_wconf 89' lang='lat' dir='ltr'><strong>nominat</strong></span> <span class='ocrx_word' id='word_1_349' title='bbox 1620 2935 1917 3004; x_wconf 78' lang='lat' dir='ltr'><strong>prephetize</strong></span> <span class='ocrx_word' id='word_1_350' title='bbox 1958 2951 1989 2990; x_wconf 88' lang='lat' dir='ltr'><strong>a</strong></span> 
     </span>
    </p>
   </div>
   <div class='ocr_carea' id='block_1_49' title="bbox 420 3021 1992 3098">
    <p class='ocr_par' dir='ltr' id='par_1_49' title="bbox 420 3021 1992 3098">
     <span class='ocr_line' id='line_1_49' title="bbox 420 3021 1992 3098; baseline 0.004 -23"><span class='ocrx_word' id='word_1_351' title='bbox 420 3021 529 3077; x_wconf 73' lang='lat' dir='ltr'><strong>Deo</strong></span> <span class='ocrx_word' id='word_1_352' title='bbox 582 3021 859 3091; x_wconf 73' lang='lat' dir='ltr'><strong>inspirata:</strong></span> <span class='ocrx_word' id='word_1_353' title='bbox 899 3021 1048 3078; x_wconf 89' lang='lat' dir='ltr'><strong>velut</strong></span> <span class='ocrx_word' id='word_1_354' title='bbox 1103 3024 1524 3093; x_wconf 85' lang='lat' dir='ltr'><strong>susceptionem.</strong></span> <span class='ocrx_word' id='word_1_355' title='bbox 1608 3025 1992 3098; x_wconf 89' lang='lat' dir='ltr'><strong>Suscipiebant</strong></span> 
     </span>
    </p>
   </div>
   <div class='ocr_carea' id='block_1_50' title="bbox 419 3114 1996 3189">
    <p class='ocr_par' dir='ltr' id='par_1_50' title="bbox 419 3114 1996 3189">
     <span class='ocr_line' id='line_1_50' title="bbox 419 3114 1996 3189; baseline 0.004 -21"><span class='ocrx_word' id='word_1_356' title='bbox 419 3115 562 3169; x_wconf 77' lang='lat' dir='ltr'><strong>enim</strong></span> <span class='ocrx_word' id='word_1_357' title='bbox 587 3116 728 3171; x_wconf 89' lang='lat' dir='ltr'><strong>beati</strong></span> <span class='ocrx_word' id='word_1_358' title='bbox 760 3115 1037 3186; x_wconf 76' lang='lat' dir='ltr'><strong>propheta:</strong></span> <span class='ocrx_word' id='word_1_359' title='bbox 1061 3129 1161 3186; x_wconf 87' lang='lat' dir='ltr'><strong>per</strong></span> <span class='ocrx_word' id='word_1_360' title='bbox 1197 3114 1458 3186; x_wconf 87' lang='lat' dir='ltr'><strong>Spiritum</strong></span> <span class='ocrx_word' id='word_1_361' title='bbox 1511 3121 1871 3189; x_wconf 77' lang='lat' dir='ltr'><strong>cognitionem</strong></span> <span class='ocrx_word' id='word_1_362' title='bbox 1904 3119 1996 3175; x_wconf 84' lang='lat' dir='ltr'><strong>fu-</strong></span> 
     </span>
    </p>
   </div>
   <div class='ocr_carea' id='block_1_51' title="bbox 420 3203 1996 3278">
    <p class='ocr_par' dir='ltr' id='par_1_51' title="bbox 420 3203 1996 3278">
     <span class='ocr_line' id='line_1_51' title="bbox 420 3203 1996 3278; baseline 0.005 -21"><span class='ocrx_word' id='word_1_363' title='bbox 420 3212 682 3270; x_wconf 86' lang='lat' dir='ltr'><strong>turorum,</strong></span> <span class='ocrx_word' id='word_1_364' title='bbox 747 3211 802 3258; x_wconf 91' lang='lat' dir='ltr'><strong>et</strong></span> <span class='ocrx_word' id='word_1_365' title='bbox 835 3203 1096 3273; x_wconf 89' lang='lat' dir='ltr'><strong>quosdam</strong></span> <span class='ocrx_word' id='word_1_366' title='bbox 1154 3205 1380 3260; x_wconf 90' lang='lat' dir='ltr'><strong>consilio</strong></span> <span class='ocrx_word' id='word_1_367' title='bbox 1432 3208 1798 3274; x_wconf 89' lang='lat' dir='ltr'><strong>instruebant,</strong></span> <span class='ocrx_word' id='word_1_368' title='bbox 1831 3218 1996 3278; x_wconf 90' lang='lat' dir='ltr'><strong>atque</strong></span> 
     </span>
    </p>
   </div>
   <div class='ocr_carea' id='block_1_52' title="bbox 417 3295 1996 3371">
    <p class='ocr_par' dir='ltr' id='par_1_52' title="bbox 417 3295 1996 3371">
     <span class='ocr_line' id='line_1_52' title="bbox 417 3295 1996 3371; baseline 0.003 -20"><span class='ocrx_word' id='word_1_369' title='bbox 417 3299 580 3351; x_wconf 87' lang='lat' dir='ltr'><strong>etiam</strong></span> <span class='ocrx_word' id='word_1_370' title='bbox 610 3295 987 3366; x_wconf 87' lang='lat' dir='ltr'><strong>objurgabant,</strong></span> <span class='ocrx_word' id='word_1_371' title='bbox 1017 3314 1132 3363; x_wconf 60' lang='lat' dir='ltr'><strong>,non</strong></span> <span class='ocrx_word' id='word_1_372' title='bbox 1167 3314 1199 3354; x_wconf 90' lang='lat' dir='ltr'><strong>e</strong></span> <span class='ocrx_word' id='word_1_373' title='bbox 1239 3299 1496 3356; x_wconf 90' lang='lat' dir='ltr'><strong>cordibus</strong></span> <span class='ocrx_word' id='word_1_374' title='bbox 1537 3300 1653 3354; x_wconf 89' lang='lat' dir='ltr'><strong>suis</strong></span> <span class='ocrx_word' id='word_1_375' title='bbox 1687 3315 1824 3371; x_wconf 89' lang='lat' dir='ltr'><strong>quos</strong></span> <span class='ocrx_word' id='word_1_376' title='bbox 1853 3299 1996 3356; x_wconf 82' lang='lat' dir='ltr'><strong>forte</strong></span> 
     </span>
    </p>
   </div>
   <div class='ocr_carea' id='block_1_53' title="bbox 418 3386 1993 3462">
    <p class='ocr_par' dir='ltr' id='par_1_53' title="bbox 418 3386 1993 3462">
     <span class='ocr_line' id='line_1_53' title="bbox 418 3386 1993 3462; baseline 0.006 -24"><span class='ocrx_word' id='word_1_377' title='bbox 418 3386 616 3442; x_wconf 77' lang='lat' dir='ltr'><strong>vellent</strong></span> <span class='ocrx_word' id='word_1_378' title='bbox 678 3401 955 3443; x_wconf 86' lang='lat' dir='ltr'><strong>sermones</strong></span> <span class='ocrx_word' id='word_1_379' title='bbox 1015 3389 1415 3458; x_wconf 88' lang='lat' dir='ltr'><strong>depromentes,</strong></span> <span class='ocrx_word' id='word_1_380' title='bbox 1477 3399 1570 3445; x_wconf 90' lang='lat' dir='ltr'><strong>aut</strong></span> <span class='ocrx_word' id='word_1_381' title='bbox 1629 3391 1684 3445; x_wconf 93' lang='lat' dir='ltr'><strong>in</strong></span> <span class='ocrx_word' id='word_1_382' title='bbox 1732 3392 1993 3462; x_wconf 87' lang='lat' dir='ltr'><strong>quosdam</strong></span> 
     </span>
    </p>
   </div>
   <div class='ocr_carea' id='block_1_54' title="bbox 420 3477 1994 3555">
    <p class='ocr_par' dir='ltr' id='par_1_54' title="bbox 420 3477 1994 3555">
     <span class='ocr_line' id='line_1_54' title="bbox 420 3477 1994 3555; baseline 0.006 -25"><span class='ocrx_word' id='word_1_383' title='bbox 420 3477 556 3532; x_wconf 79' lang='lat' dir='ltr'><strong>falsa</strong></span> <span class='ocrx_word' id='word_1_384' title='bbox 574 3477 890 3535; x_wconf 82' lang='lat' dir='ltr'><strong>dictitantes</strong></span> <span class='ocrx_word' id='word_1_385' title='bbox 919 3495 945 3532; x_wconf 85' lang='lat'><strong>:.</strong></span> <span class='ocrx_word' id='word_1_386' title='bbox 964 3481 1058 3534; x_wconf 87' lang='lat' dir='ltr'><strong>sed</strong></span> <span class='ocrx_word' id='word_1_387' title='bbox 1095 3497 1214 3552; x_wconf 72' lang='lat' dir='ltr'><strong>quae</strong></span> <span class='ocrx_word' id='word_1_388' title='bbox 1243 3497 1275 3538; x_wconf 85' lang='lat' dir='ltr'><strong>a</strong></span> <span class='ocrx_word' id='word_1_389' title='bbox 1311 3481 1420 3539; x_wconf 91' lang='lat' dir='ltr'><strong>Deo</strong></span> <span class='ocrx_word' id='word_1_390' title='bbox 1446 3483 1765 3538; x_wconf 81' lang='lat' dir='ltr'><strong>didicissent</strong></span> <span class='ocrx_word' id='word_1_391' title='bbox 1811 3484 1994 3555; x_wconf 81' lang='lat' dir='ltr'><strong>profe-</strong></span> 
     </span>
    </p>
   </div>
   <div class='ocr_carea' id='block_1_55' title="bbox 421 3577 1994 3647">
    <p class='ocr_par' dir='ltr' id='par_1_55' title="bbox 421 3577 1994 3647">
     <span class='ocr_line' id='line_1_55' title="bbox 421 3577 1994 3647; baseline 0.004 -21"><span class='ocrx_word' id='word_1_392' title='bbox 421 3581 620 3638; x_wconf 90' lang='lat' dir='ltr'><strong>rentes,</strong></span> <span class='ocrx_word' id='word_1_393' title='bbox 645 3585 700 3628; x_wconf 85' lang='lat' dir='ltr'><strong>et</strong></span> <span class='ocrx_word' id='word_1_394' title='bbox 731 3590 996 3646; x_wconf 88' lang='lat' dir='ltr'><strong>supernos</strong></span> <span class='ocrx_word' id='word_1_395' title='bbox 1022 3592 1301 3633; x_wconf 90' lang='lat' dir='ltr'><strong>sermones</strong></span> <span class='ocrx_word' id='word_1_396' title='bbox 1332 3578 1458 3632; x_wconf 85' lang='lat' dir='ltr'><strong>aliis</strong></span> <span class='ocrx_word' id='word_1_397' title='bbox 1482 3577 1692 3633; x_wconf 86' lang='lat' dir='ltr'><strong>sincere</strong></span> <span class='ocrx_word' id='word_1_398' title='bbox 1749 3578 1994 3647; x_wconf 80' lang='lat' dir='ltr'><strong>citraque</strong></span> 
     </span>
    </p>
   </div>
   <div class='ocr_carea' id='block_1_56' title="bbox 419 3665 1993 3741">
    <p class='ocr_par' dir='ltr' id='par_1_56' title="bbox 419 3665 1993 3741">
     <span class='ocr_line' id='line_1_56' title="bbox 419 3665 1993 3741; baseline 0.004 -23"><span class='ocrx_word' id='word_1_399' title='bbox 419 3665 896 3734; x_wconf 84' lang='lat' dir='ltr'><strong>reprehensionem</strong></span> <span class='ocrx_word' id='word_1_400' title='bbox 928 3679 1294 3738; x_wconf 86' lang='lat' dir='ltr'><strong>apportantes.</strong></span> <span class='ocrx_word' id='word_1_401' title='bbox 1315 3669 1498 3740; x_wconf 82' lang='lat' dir='ltr'><strong>Itaque</strong></span> <span class='ocrx_word' id='word_1_402' title='bbox 1553 3669 1891 3741; x_wconf 86' lang='lat' dir='ltr'><strong>prophetiam</strong></span> <span class='ocrx_word' id='word_1_403' title='bbox 1963 3686 1993 3725; x_wconf 86' lang='lat' dir='ltr'><strong>a</strong></span> 
     </span>
    </p>
   </div>
   <div class='ocr_carea' id='block_1_57' title="bbox 417 3755 1994 3830">
    <p class='ocr_par' dir='ltr' id='par_1_57' title="bbox 417 3755 1994 3830">
     <span class='ocr_line' id='line_1_57' title="bbox 417 3755 1994 3830; baseline 0.006 -22"><span class='ocrx_word' id='word_1_404' title='bbox 417 3755 650 3811; x_wconf 81' lang='lat' dir='ltr'><strong>Domino</strong></span> <span class='ocrx_word' id='word_1_405' title='bbox 676 3761 1132 3828; x_wconf 83' lang='lat' dir='ltr'><strong>susceptam,sive</strong></span> <span class='ocrx_word' id='word_1_406' title='bbox 1153 3770 1486 3830; x_wconf 88' lang='lat' dir='ltr'><strong>assumptam</strong></span> <span class='ocrx_word' id='word_1_407' title='bbox 1511 3761 1664 3817; x_wconf 91' lang='lat' dir='ltr'><strong>dicit.</strong></span> <span class='ocrx_word' id='word_1_408' title='bbox 1687 3759 1994 3817; x_wconf 88' lang='lat' dir='ltr'><strong>Subosten-</strong></span> 
     </span>
    </p>
   </div>
   <div class='ocr_carea' id='block_1_58' title="bbox 419 3848 1992 3923">
    <p class='ocr_par' dir='ltr' id='par_1_58' title="bbox 419 3848 1992 3923">
     <span class='ocr_line' id='line_1_58' title="bbox 419 3848 1992 3923; baseline 0.003 -20"><span class='ocrx_word' id='word_1_409' title='bbox 419 3848 692 3904; x_wconf 91' lang='lat' dir='ltr'><strong>ditautem</strong></span> <span class='ocrx_word' id='word_1_410' title='bbox 715 3864 812 3920; x_wconf 88' lang='lat' dir='ltr'><strong>per</strong></span> <span class='ocrx_word' id='word_1_411' title='bbox 832 3853 968 3916; x_wconf 65' lang='lat' dir='ltr'><strong>haec,</strong></span> <span class='ocrx_word' id='word_1_412' title='bbox 995 3866 1096 3906; x_wconf 92' lang='lat' dir='ltr'><strong>nec</strong></span> <span class='ocrx_word' id='word_1_413' title='bbox 1123 3851 1528 3920; x_wconf 65' lang='lat' dir='ltr'><strong>praedictionem</strong></span> <span class='ocrx_word' id='word_1_414' title='bbox 1551 3852 1792 3923; x_wconf 89' lang='lat' dir='ltr'><strong>aliquam</strong></span> <span class='ocrx_word' id='word_1_415' title='bbox 1837 3853 1992 3908; x_wconf 83' lang='lat' dir='ltr'><strong>cala-</strong></span> 
     </span>
    </p>
   </div>
   <div class='ocr_carea' id='block_1_59' title="bbox 419 3939 1996 4014">
    <p class='ocr_par' dir='ltr' id='par_1_59' title="bbox 419 3939 1996 4014">
     <span class='ocr_line' id='line_1_59' title="bbox 419 3939 1996 4014; baseline 0.004 -21"><span class='ocrx_word' id='word_1_416' title='bbox 419 3939 630 3995; x_wconf 66' lang='lat' dir='ltr'><strong>mitosae</strong></span> <span class='ocrx_word' id='word_1_417' title='bbox 655 3949 750 3995; x_wconf 89' lang='lat' dir='ltr'><strong>aut</strong></span> <span class='ocrx_word' id='word_1_418' title='bbox 771 3942 1012 3998; x_wconf 73' lang='lat' dir='ltr'><strong>molesta:</strong></span> <span class='ocrx_word' id='word_1_419' title='bbox 1041 3943 1120 3997; x_wconf 90' lang='lat' dir='ltr'><strong>rei</strong></span> <span class='ocrx_word' id='word_1_420' title='bbox 1146 3942 1374 4012; x_wconf 83' lang='lat' dir='ltr'><strong>alicujus</strong></span> <span class='ocrx_word' id='word_1_421' title='bbox 1395 3958 1514 4014; x_wconf 65' lang='lat' dir='ltr'><strong>quae</strong></span> <span class='ocrx_word' id='word_1_422' title='bbox 1545 3942 1804 4000; x_wconf 87' lang='lat' dir='ltr'><strong>lsraelitis</strong></span> <span class='ocrx_word' id='word_1_423' title='bbox 1835 3960 1996 4000; x_wconf 88' lang='lat' dir='ltr'><strong>even-</strong></span> 
     </span>
    </p>
   </div>
   <div class='ocr_carea' id='block_1_60' title="bbox 421 4032 1994 4104">
    <p class='ocr_par' dir='ltr' id='par_1_60' title="bbox 421 4032 1994 4104">
     <span class='ocr_line' id='line_1_60' title="bbox 421 4032 1994 4104; baseline 0.005 -20"><span class='ocrx_word' id='word_1_424' title='bbox 421 4038 540 4085; x_wconf 88' lang='lat' dir='ltr'><strong>tura</strong></span> <span class='ocrx_word' id='word_1_425' title='bbox 588 4032 680 4097; x_wconf 91' lang='lat' dir='ltr'><strong>sit,</strong></span> <span class='ocrx_word' id='word_1_426' title='bbox 701 4046 876 4102; x_wconf 90' lang='lat' dir='ltr'><strong>neque</strong></span> <span class='ocrx_word' id='word_1_427' title='bbox 918 4033 1128 4102; x_wconf 90' lang='lat' dir='ltr'><strong>laudes,</strong></span> <span class='ocrx_word' id='word_1_428' title='bbox 1209 4035 1364 4104; x_wconf 91' lang='lat' dir='ltr'><strong>quasi</strong></span> <span class='ocrx_word' id='word_1_429' title='bbox 1434 4036 1601 4090; x_wconf 62' lang='lat' dir='ltr'><strong>vivam</strong></span> <span class='ocrx_word' id='word_1_430' title='bbox 1670 4050 1738 4090; x_wconf 78' lang='lat' dir='ltr'><strong>ex</strong></span> <span class='ocrx_word' id='word_1_431' title='bbox 1794 4037 1994 4092; x_wconf 89' lang='lat' dir='ltr'><strong>virtute</strong></span> 
     </span>
    </p>
   </div>
   <div class='ocr_carea' id='block_1_61' title="bbox 419 4122 1992 4196">
    <p class='ocr_par' dir='ltr' id='par_1_61' title="bbox 419 4122 1992 4196">
     <span class='ocr_line' id='line_1_61' title="bbox 419 4122 1992 4196; baseline 0.003 -20"><span class='ocrx_word' id='word_1_432' title='bbox 419 4122 704 4190; x_wconf 86' lang='lat' dir='ltr'><strong>vixissent,</strong></span> <span class='ocrx_word' id='word_1_433' title='bbox 733 4127 838 4180; x_wconf 83' lang='lat' dir='ltr'><strong>ista</strong></span> <span class='ocrx_word' id='word_1_434' title='bbox 870 4125 1154 4196; x_wconf 85' lang='lat' dir='ltr'><strong>prophetia</strong></span> <span class='ocrx_word' id='word_1_435' title='bbox 1195 4127 1492 4189; x_wconf 91' lang='lat' dir='ltr'><strong>contineri,</strong></span> <span class='ocrx_word' id='word_1_436' title='bbox 1527 4127 1622 4182; x_wconf 88' lang='lat' dir='ltr'><strong>sed</strong></span> <span class='ocrx_word' id='word_1_437' title='bbox 1643 4126 1992 4182; x_wconf 88' lang='lat' dir='ltr'><strong>sacerdotum</strong></span> 
     </span>
    </p>
   </div>
   <div class='ocr_carea' id='block_1_62' title="bbox 312 4208 1994 4290">
    <p class='ocr_par' dir='ltr' id='par_1_62' title="bbox 312 4208 1994 4290">
     <span class='ocr_line' id='line_1_62' title="bbox 312 4208 1994 4290; baseline 0.002 -22"><span class='ocrx_word' id='word_1_438' title='bbox 312 4208 313 4211; x_wconf 47' lang='grc'><em>“</em></span> <span class='ocrx_word' id='word_1_439' title='bbox 420 4224 474 4269; x_wconf 76' lang='lat' dir='ltr'><strong>et</strong></span> <span class='ocrx_word' id='word_1_440' title='bbox 495 4217 676 4284; x_wconf 91' lang='lat' dir='ltr'><strong>populi</strong></span> <span class='ocrx_word' id='word_1_441' title='bbox 708 4217 1143 4287; x_wconf 88' lang='lat' dir='ltr'><strong>increpationem-</strong></span> <span class='ocrx_word' id='word_1_442' title='bbox 1189 4221 1388 4290; x_wconf 87' lang='lat' dir='ltr'><strong>potius.</strong></span> <span class='ocrx_word' id='word_1_443' title='bbox 1452 4218 1613 4284; x_wconf 85' lang='lat' dir='ltr'><strong>Illud,</strong></span> <span class='ocrx_word' id='word_1_444' title='bbox 1645 4236 1665 4270; x_wconf 77' lang='grc' dir='ltr'><strong>ι</strong></span> <span class='ocrx_word' id='word_1_445' title='bbox 1720 4218 1776 4274; x_wconf 90' lang='lat' dir='ltr'><strong>in</strong></span> <span class='ocrx_word' id='word_1_446' title='bbox 1827 4234 1994 4273; x_wconf 91' lang='lat' dir='ltr'><strong>manu</strong></span> 
     </span>
    </p>
   </div>
   <div class='ocr_carea' id='block_1_63' title="bbox 420 4307 1993 4382">
    <p class='ocr_par' dir='ltr' id='par_1_63' title="bbox 420 4307 1993 4382">
     <span class='ocr_line' id='line_1_63' title="bbox 420 4307 1993 4382; baseline 0.005 -24"><span class='ocrx_word' id='word_1_447' title='bbox 420 4307 596 4376; x_wconf 81' lang='lat' dir='ltr'><strong>angeli</strong></span> <span class='ocrx_word' id='word_1_448' title='bbox 618 4309 757 4379; x_wconf 87' lang='lat' dir='ltr'><strong>ejus,</strong></span> <span class='ocrx_word' id='word_1_449' title='bbox 789 4327 808 4361; x_wconf 75' lang='grc' dir='ltr'><strong>ι</strong></span> <span class='ocrx_word' id='word_1_450' title='bbox 837 4310 917 4366; x_wconf 91' lang='lat' dir='ltr'><strong>sic</strong></span> <span class='ocrx_word' id='word_1_451' title='bbox 940 4310 1233 4382; x_wconf 79' lang='lat' dir='ltr'><strong>intelliges,</strong></span> <span class='ocrx_word' id='word_1_452' title='bbox 1257 4310 1406 4367; x_wconf 86' lang='lat' dir='ltr'><strong>velut</strong></span> <span class='ocrx_word' id='word_1_453' title='bbox 1436 4326 1533 4380; x_wconf 91' lang='lat' dir='ltr'><strong>per</strong></span> <span class='ocrx_word' id='word_1_454' title='bbox 1583 4325 1774 4366; x_wconf 86' lang='lat' dir='ltr'><strong>manus</strong></span> <span class='ocrx_word' id='word_1_455' title='bbox 1816 4311 1993 4366; x_wconf 87' lang='lat' dir='ltr'><strong>admi-</strong></span> 
     </span>
    </p>
   </div>
   <div class='ocr_carea' id='block_1_64' title="bbox 2418 2456 3352 2550">
    <p class='ocr_par' dir='ltr' id='par_1_64' title="bbox 2418 2456 3352 2550">
     <span class='ocr_line' id='line_1_64' title="bbox 2418 2456 3352 2550; baseline -0.006 -6"><span class='ocrx_word' id='word_1_456' title='bbox 2418 2460 2804 2547; x_wconf 75' lang='grc' dir='ltr'>ΤΟΜΟΣ</span> <span class='ocrx_word' id='word_1_457' title='bbox 2877 2456 3352 2550; x_wconf 86' lang='grc' dir='ltr'><strong>ΠΡΩΤΟΣ..</strong></span> 
     </span>
    </p>
   </div>
   <div class='ocr_carea' id='block_1_65' title="bbox 2696 2593 3077 2648">
    <p class='ocr_par' dir='ltr' id='par_1_65' title="bbox 2696 2593 3077 2648">
     <span class='ocr_line' id='line_1_65' title="bbox 2696 2593 3077 2648; baseline -0.005 0"><span class='ocrx_word' id='word_1_458' title='bbox 2696 2593 2946 2648; x_wconf 76' lang='grc' dir='ltr'><strong>ΚΕΦΑΛ.</strong></span> <span class='ocrx_word' id='word_1_459' title='bbox 2997 2595 3077 2648; x_wconf 83' lang='lat' dir='ltr'><strong>A&#39;.</strong></span> 
     </span>
    </p>
   </div>
   <div class='ocr_carea' id='block_1_66' title="bbox 2171 2699 3674 2780">
    <p class='ocr_par' dir='ltr' id='par_1_66' title="bbox 2171 2699 3674 2780">
     <span class='ocr_line' id='line_1_66' title="bbox 2171 2699 3674 2780; baseline -0.007 -15"><span class='ocrx_word' id='word_1_460' title='bbox 2171 2709 2386 2780; x_wconf 82' lang='grc' dir='ltr'><strong>Λῆμμα</strong></span> <span class='ocrx_word' id='word_1_461' title='bbox 2414 2711 2600 2779; x_wconf 74' lang='grc' dir='ltr'>λόγου</span> <span class='ocrx_word' id='word_1_462' title='bbox 2623 2708 2844 2776; x_wconf 79' lang='grc' dir='ltr'>Κυρίου</span> <span class='ocrx_word' id='word_1_463' title='bbox 2872 2705 2972 2759; x_wconf 77' lang='grc' dir='ltr'><strong>ἐπὶ</strong></span> <span class='ocrx_word' id='word_1_464' title='bbox 3008 2705 3116 2759; x_wconf 73' lang='grc' dir='ltr'><strong>τὸν</strong></span> <span class='ocrx_word' id='word_1_465' title='bbox 3158 2702 3406 2772; x_wconf 79' lang='grc' dir='ltr'>Ἰσραὴλ</span> <span class='ocrx_word' id='word_1_466' title='bbox 3430 2700 3501 2756; x_wconf 78' lang='grc' dir='ltr'><strong>ἐν</strong></span> <span class='ocrx_word' id='word_1_467' title='bbox 3519 2699 3674 2770; x_wconf 70' lang='grc' dir='ltr'>χειρὶί</span> 
     </span>
    </p>
   </div>
   <div class='ocr_carea' id='block_1_67' title="bbox 2098 2802 2598 2876">
    <p class='ocr_par' dir='ltr' id='par_1_67' title="bbox 2098 2802 2598 2876">
     <span class='ocr_line' id='line_1_67' title="bbox 2098 2802 2598 2876; baseline -0.01 -15"><span class='ocrx_word' id='word_1_468' title='bbox 2098 2805 2358 2876; x_wconf 77' lang='grc' dir='ltr'><strong>ἀγγέλου</strong></span> <span class='ocrx_word' id='word_1_469' title='bbox 2391 2802 2598 2860; x_wconf 84' lang='grc' dir='ltr'>αὐτοῦ.</span> 
     </span>
    </p>
   </div>
   <div class='ocr_carea' id='block_1_68' title="bbox 2168 2905 3673 2983">
    <p class='ocr_par' dir='ltr' id='par_1_68' title="bbox 2168 2905 3673 2983">
     <span class='ocr_line' id='line_1_68' title="bbox 2168 2905 3673 2983; baseline 0.007 -17"><span class='ocrx_word' id='word_1_470' title='bbox 2168 2913 2244 2967; x_wconf 88' lang='lat' dir='ltr'><strong>B’.</strong></span> <span class='ocrx_word' id='word_1_471' title='bbox 2268 2911 2479 2983; x_wconf 84' lang='grc' dir='ltr'>Λῆμμά</span> <span class='ocrx_word' id='word_1_472' title='bbox 2505 2928 2638 2981; x_wconf 83' lang='grc' dir='ltr'>φησι</span> <span class='ocrx_word' id='word_1_473' title='bbox 2658 2910 2752 2964; x_wconf 72' lang='grc' dir='ltr'><strong>τοῦ</strong></span> <span class='ocrx_word' id='word_1_474' title='bbox 2774 2909 2956 2979; x_wconf 77' lang='grc' dir='ltr'>λόγου.</span> <span class='ocrx_word' id='word_1_475' title='bbox 2986 2910 3085 2979; x_wconf 86' lang='grc' dir='ltr'><strong>τῆς</strong></span> <span class='ocrx_word' id='word_1_476' title='bbox 3111 2908 3261 2979; x_wconf 58' lang='grc' dir='ltr'><strong>παρέι</strong></span> <span class='ocrx_word' id='word_1_477' title='bbox 3290 2905 3425 2959; x_wconf 77' lang='grc' dir='ltr'>Θεοῦ</span> <span class='ocrx_word' id='word_1_478' title='bbox 3463 2921 3673 2975; x_wconf 81' lang='grc' dir='ltr'>προφη-</span> 
     </span>
    </p>
   </div>
   <div class='ocr_carea' id='block_1_69' title="bbox 2095 3001 3683 3075">
    <p class='ocr_par' dir='ltr' id='par_1_69' title="bbox 2095 3001 3683 3075">
     <span class='ocr_line' id='line_1_69' title="bbox 2095 3001 3683 3075; baseline -0.004 -16"><span class='ocrx_word' id='word_1_479' title='bbox 2095 3006 2246 3070; x_wconf 89' lang='grc' dir='ltr'>τείας</span> <span class='ocrx_word' id='word_1_480' title='bbox 2277 3005 2441 3059; x_wconf 75' lang='grc' dir='ltr'>οίονεὶ</span> <span class='ocrx_word' id='word_1_481' title='bbox 2477 3004 2577 3075; x_wconf 85' lang='grc' dir='ltr'><strong>τὴν</strong></span> <span class='ocrx_word' id='word_1_482' title='bbox 2607 3003 2786 3074; x_wconf 79' lang='grc' dir='ltr'>λῆψιν.</span> <span class='ocrx_word' id='word_1_483' title='bbox 2849 3002 3123 3072; x_wconf 82' lang='grc' dir='ltr'>Ἐδέχοντο</span> <span class='ocrx_word' id='word_1_484' title='bbox 3160 3001 3268 3072; x_wconf 86' lang='grc' dir='ltr'>γὰρ</span> <span class='ocrx_word' id='word_1_485' title='bbox 3315 3002 3365 3052; x_wconf 82' lang='grc' dir='ltr'>οἱ</span> <span class='ocrx_word' id='word_1_486' title='bbox 3412 3001 3683 3072; x_wconf 81' lang='grc' dir='ltr'>μακάριοι.</span> 
     </span>
    </p>
   </div>
   <div class='ocr_carea' id='block_1_70' title="bbox 2020 3068 3682 3169">
    <p class='ocr_par' dir='ltr' id='par_1_70' title="bbox 2020 3068 3682 3169">
     <span class='ocr_line' id='line_1_70' title="bbox 2020 3068 3682 3169; baseline -0.004 -18"><span class='ocrx_word' id='word_1_487' title='bbox 2020 3068 2062 3126; x_wconf 73' lang='lat' dir='ltr'>c</span> <span class='ocrx_word' id='word_1_488' title='bbox 2097 3068 2372 3169; x_wconf 56' lang='grc' dir='ltr'>προφῆται</span> <span class='ocrx_word' id='word_1_489' title='bbox 2405 3097 2493 3150; x_wconf 84' lang='grc' dir='ltr'>διὰ</span> <span class='ocrx_word' id='word_1_490' title='bbox 2532 3068 2629 3148; x_wconf 76' lang='grc' dir='ltr'><strong>τοῦ</strong></span> <span class='ocrx_word' id='word_1_491' title='bbox 2661 3068 2832 3163; x_wconf 53' lang='grc' dir='ltr'>ἀγίου</span> <span class='ocrx_word' id='word_1_492' title='bbox 2875 3068 3193 3164; x_wconf 73' lang='grc' dir='ltr'>Πνεῦματος</span> <span class='ocrx_word' id='word_1_493' title='bbox 3237 3068 3351 3146; x_wconf 78' lang='grc' dir='ltr'><strong>τῶν</strong></span> <span class='ocrx_word' id='word_1_494' title='bbox 3397 3068 3682 3163; x_wconf 68' lang='grc' dir='ltr'>ἐσομένων</span> 
     </span>
    </p>
   </div>
   <div class='ocr_carea' id='block_1_71' title="bbox 2095 3187 3674 3265">
    <p class='ocr_par' dir='ltr' id='par_1_71' title="bbox 2095 3187 3674 3265">
     <span class='ocr_line' id='line_1_71' title="bbox 2095 3187 3674 3265; baseline -0.004 -19"><span class='ocrx_word' id='word_1_495' title='bbox 2095 3194 2194 3265; x_wconf 85' lang='grc' dir='ltr'>τὴν</span> <span class='ocrx_word' id='word_1_496' title='bbox 2221 3192 2452 3262; x_wconf 87' lang='grc' dir='ltr'>γνῶσιν,</span> <span class='ocrx_word' id='word_1_497' title='bbox 2491 3191 2592 3254; x_wconf 84' lang='grc' dir='ltr'><strong>τάς</strong></span> <span class='ocrx_word' id='word_1_498' title='bbox 2615 3207 2677 3243; x_wconf 82' lang='grc' dir='ltr'><strong>τε</strong></span> <span class='ocrx_word' id='word_1_499' title='bbox 2705 3188 3014 3259; x_wconf 83' lang='grc' dir='ltr'>συμϐουλὰς</span> <span class='ocrx_word' id='word_1_500' title='bbox 3047 3188 3144 3242; x_wconf 75' lang='grc' dir='ltr'><strong>καϊ</strong></span> <span class='ocrx_word' id='word_1_501' title='bbox 3177 3189 3282 3260; x_wconf 83' lang='grc' dir='ltr'>μὴν</span> <span class='ocrx_word' id='word_1_502' title='bbox 3310 3189 3403 3242; x_wconf 70' lang='grc' dir='ltr'><strong>καὶ</strong></span> <span class='ocrx_word' id='word_1_503' title='bbox 3431 3187 3531 3249; x_wconf 87' lang='grc' dir='ltr'>τὰς</span> <span class='ocrx_word' id='word_1_504' title='bbox 3554 3190 3674 3241; x_wconf 79' lang='grc' dir='ltr'>ὲπι-</span> 
     </span>
    </p>
   </div>
   <div class='ocr_carea' id='block_1_72' title="bbox 2096 3279 3698 3355">
    <p class='ocr_par' dir='ltr' id='par_1_72' title="bbox 2096 3279 3698 3355">
     <span class='ocr_line' id='line_1_72' title="bbox 2096 3279 3698 3355; baseline -0.004 -18"><span class='ocrx_word' id='word_1_505' title='bbox 2096 3284 2320 3355; x_wconf 84' lang='grc' dir='ltr'>πλήξεις</span> <span class='ocrx_word' id='word_1_506' title='bbox 2365 3282 2651 3336; x_wconf 80' lang='grc' dir='ltr'>ἐποιοῦντο</span> <span class='ocrx_word' id='word_1_507' title='bbox 2702 3282 2840 3354; x_wconf 81' lang='grc' dir='ltr'>πρός</span> <span class='ocrx_word' id='word_1_508' title='bbox 2875 3299 3046 3347; x_wconf 88' lang='grc' dir='ltr'>τινας,</span> <span class='ocrx_word' id='word_1_509' title='bbox 3093 3281 3194 3334; x_wconf 84' lang='grc' dir='ltr'><strong>οὐκ</strong></span> <span class='ocrx_word' id='word_1_510' title='bbox 3239 3280 3298 3346; x_wconf 82' lang='grc' dir='ltr'>ἐξ</span> <span class='ocrx_word' id='word_1_511' title='bbox 3340 3279 3473 3343; x_wconf 87' lang='grc' dir='ltr'>ἰδίας</span> <span class='ocrx_word' id='word_1_512' title='bbox 3520 3279 3698 3333; x_wconf 76' lang='grc' dir='ltr'>αὐτοὶ·</span> 
     </span>
    </p>
   </div>
   <div class='ocr_carea' id='block_1_73' title="bbox 2096 3371 3678 3450">
    <p class='ocr_par' dir='ltr' id='par_1_73' title="bbox 2096 3371 3678 3450">
     <span class='ocr_line' id='line_1_73' title="bbox 2096 3371 3678 3450; baseline 0 -24"><span class='ocrx_word' id='word_1_513' title='bbox 2096 3377 2344 3450; x_wconf 63' lang='grc' dir='ltr'>καρδίας,</span> <span class='ocrx_word' id='word_1_514' title='bbox 2382 3375 2476 3443; x_wconf 71' lang='grc' dir='ltr'><strong>οὓς</strong></span> <span class='ocrx_word' id='word_1_515' title='bbox 2507 3378 2571 3431; x_wconf 87' lang='grc' dir='ltr'><strong>ἂν</strong></span> <span class='ocrx_word' id='word_1_516' title='bbox 2599 3376 2802 3429; x_wconf 75' lang='grc' dir='ltr'>ἕλοιντο</span> <span class='ocrx_word' id='word_1_517' title='bbox 2829 3373 2992 3444; x_wconf 81' lang='grc' dir='ltr'>τυχὸν</span> <span class='ocrx_word' id='word_1_518' title='bbox 3022 3373 3368 3436; x_wconf 80' lang='grc' dir='ltr'>ἀνασπῶντες</span> <span class='ocrx_word' id='word_1_519' title='bbox 3397 3371 3606 3440; x_wconf 81' lang='grc' dir='ltr'>λόγους,</span> <span class='ocrx_word' id='word_1_520' title='bbox 3636 3371 3678 3442; x_wconf 70' lang='grc' dir='ltr'><strong>ἥ</strong></span> 
     </span>
    </p>
   </div>
   <div class='ocr_carea' id='block_1_74' title="bbox 2094 3463 3677 3540">
    <p class='ocr_par' dir='ltr' id='par_1_74' title="bbox 2094 3463 3677 3540">
     <span class='ocr_line' id='line_1_74' title="bbox 2094 3463 3677 3540; baseline -0.005 -16"><span class='ocrx_word' id='word_1_521' title='bbox 2094 3469 2514 3540; x_wconf 79' lang='grc' dir='ltr'>ψευδοεποῦντες</span> <span class='ocrx_word' id='word_1_522' title='bbox 2573 3467 2713 3521; x_wconf 83' lang='grc' dir='ltr'>κατά</span> <span class='ocrx_word' id='word_1_523' title='bbox 2757 3483 2944 3529; x_wconf 83' lang='grc' dir='ltr'>τινας.</span> <span class='ocrx_word' id='word_1_524' title='bbox 2996 3464 3443 3536; x_wconf 83' lang='grc' dir='ltr'>διερμηνεύοντες</span> <span class='ocrx_word' id='word_1_525' title='bbox 3494 3463 3551 3518; x_wconf 84' lang='grc' dir='ltr'>δὲ</span> <span class='ocrx_word' id='word_1_526' title='bbox 3603 3463 3677 3516; x_wconf 76' lang='grc' dir='ltr'><strong>τὰ</strong></span> 
     </span>
    </p>
   </div>
   <div class='ocr_carea' id='block_1_75' title="bbox 2098 3554 3672 3631">
    <p class='ocr_par' dir='ltr' id='par_1_75' title="bbox 2098 3554 3672 3631">
     <span class='ocr_line' id='line_1_75' title="bbox 2098 3554 3672 3631; baseline -0.006 -17"><span class='ocrx_word' id='word_1_527' title='bbox 2098 3561 2250 3631; x_wconf 77' lang='grc' dir='ltr'>παρὰ</span> <span class='ocrx_word' id='word_1_528' title='bbox 2276 3560 2434 3622; x_wconf 86' lang='grc' dir='ltr'>Θεοῦ.</span> <span class='ocrx_word' id='word_1_529' title='bbox 2467 3560 2561 3613; x_wconf 81' lang='grc' dir='ltr'><strong>καὶ</strong></span> <span class='ocrx_word' id='word_1_530' title='bbox 2591 3559 2717 3621; x_wconf 80' lang='grc' dir='ltr'>τοὺς</span> <span class='ocrx_word' id='word_1_531' title='bbox 2742 3557 2949 3612; x_wconf 85' lang='grc' dir='ltr'>ἄνωθεν</span> <span class='ocrx_word' id='word_1_532' title='bbox 2981 3559 3092 3620; x_wconf 66' lang='grc' dir='ltr'>τοῖς</span> <span class='ocrx_word' id='word_1_533' title='bbox 3120 3555 3298 3618; x_wconf 82' lang='grc' dir='ltr'>ἄλλοις</span> <span class='ocrx_word' id='word_1_534' title='bbox 3335 3554 3591 3625; x_wconf 83' lang='grc' dir='ltr'>καθαρῶς</span> <span class='ocrx_word' id='word_1_535' title='bbox 3614 3570 3672 3606; x_wconf 89' lang='grc' dir='ltr'><strong>τε</strong></span> 
     </span>
    </p>
   </div>
   <div class='ocr_carea' id='block_1_76' title="bbox 2097 3645 3672 3722">
    <p class='ocr_par' dir='ltr' id='par_1_76' title="bbox 2097 3645 3672 3722">
     <span class='ocr_line' id='line_1_76' title="bbox 2097 3645 3672 3722; baseline -0.004 -18"><span class='ocrx_word' id='word_1_536' title='bbox 2097 3652 2199 3704; x_wconf 80' lang='grc' dir='ltr'>καὶ·</span> <span class='ocrx_word' id='word_1_537' title='bbox 2221 3651 2538 3722; x_wconf 81' lang='grc' dir='ltr'><strong>ἀμωμήτως</strong></span> <span class='ocrx_word' id='word_1_538' title='bbox 2566 3648 3057 3720; x_wconf 83' lang='grc' dir='ltr'>διαπορθμεύοντες</span> <span class='ocrx_word' id='word_1_539' title='bbox 3083 3647 3293 3715; x_wconf 86' lang='grc' dir='ltr'>λόγους.</span> <span class='ocrx_word' id='word_1_540' title='bbox 3335 3645 3545 3700; x_wconf 65' lang='grc' dir='ltr'>Οὐκοῦν</span> <span class='ocrx_word' id='word_1_541' title='bbox 3574 3646 3672 3714; x_wconf 85' lang='grc' dir='ltr'>τῆς</span> 
     </span>
    </p>
   </div>
   <div class='ocr_carea' id='block_1_77' title="bbox 2097 3737 3670 3813">
    <p class='ocr_par' dir='ltr' id='par_1_77' title="bbox 2097 3737 3670 3813">
     <span class='ocr_line' id='line_1_77' title="bbox 2097 3737 3670 3813; baseline -0.003 -18"><span class='ocrx_word' id='word_1_542' title='bbox 2097 3742 2431 3813; x_wconf 82' lang='grc' dir='ltr'>προφητείας</span> <span class='ocrx_word' id='word_1_543' title='bbox 2463 3742 2562 3813; x_wconf 73' lang='grc' dir='ltr'><strong>τὴν</strong></span> <span class='ocrx_word' id='word_1_544' title='bbox 2602 3741 2764 3812; x_wconf 85' lang='grc' dir='ltr'>λῆψιν</span> <span class='ocrx_word' id='word_1_545' title='bbox 2795 3740 3050 3811; x_wconf 88' lang='grc' dir='ltr'>γενέσθαι</span> <span class='ocrx_word' id='word_1_546' title='bbox 3080 3739 3214 3809; x_wconf 72' lang='grc' dir='ltr'>φησὶ</span> <span class='ocrx_word' id='word_1_547' title='bbox 3255 3738 3408 3808; x_wconf 85' lang='grc' dir='ltr'>παρὰ</span> <span class='ocrx_word' id='word_1_548' title='bbox 3440 3737 3670 3810; x_wconf 86' lang='grc' dir='ltr'>Κυρίου.</span> 
     </span>
    </p>
   </div>
   <div class='ocr_carea' id='block_1_78' title="bbox 2107 3827 3676 3904">
    <p class='ocr_par' dir='ltr' id='par_1_78' title="bbox 2107 3827 3676 3904">
     <span class='ocr_line' id='line_1_78' title="bbox 2107 3827 3676 3904; baseline -0.003 -18"><span class='ocrx_word' id='word_1_549' title='bbox 2107 3833 2472 3904; x_wconf 74' lang='grc' dir='ltr'>’Υπεμφαίνει</span> <span class='ocrx_word' id='word_1_550' title='bbox 2508 3832 2569 3884; x_wconf 83' lang='grc' dir='ltr'>δὲ.</span> <span class='ocrx_word' id='word_1_551' title='bbox 2611 3831 2700 3884; x_wconf 85' lang='grc' dir='ltr'><strong>διὰ</strong></span> <span class='ocrx_word' id='word_1_552' title='bbox 2745 3831 2971 3896; x_wconf 76' lang='grc' dir='ltr'>τούτων,</span> <span class='ocrx_word' id='word_1_553' title='bbox 3000 3829 3075 3893; x_wconf 86' lang='grc' dir='ltr'>ὡς</span> <span class='ocrx_word' id='word_1_554' title='bbox 3116 3827 3239 3883; x_wconf 79' lang='grc' dir='ltr'>οὔτε</span> <span class='ocrx_word' id='word_1_555' title='bbox 3278 3828 3676 3901; x_wconf 82' lang='grc' dir='ltr'>προαγόρευσιν</span> 
     </span>
    </p>
   </div>
   <div class='ocr_carea' id='block_1_79' title="bbox 2095 3919 3673 3997">
    <p class='ocr_par' dir='ltr' id='par_1_79' title="bbox 2095 3919 3673 3997">
     <span class='ocr_line' id='line_1_79' title="bbox 2095 3919 3673 3997; baseline -0.004 -18"><span class='ocrx_word' id='word_1_556' title='bbox 2095 3925 2209 3997; x_wconf 80' lang='grc' dir='ltr'>ἔχει</span> <span class='ocrx_word' id='word_1_557' title='bbox 2241 3925 2364 3978; x_wconf 82' lang='grc' dir='ltr'>τινὰ</span> <span class='ocrx_word' id='word_1_558' title='bbox 2393 3925 2494 3994; x_wconf 80' lang='grc' dir='ltr'><strong>τῆς</strong></span> <span class='ocrx_word' id='word_1_559' title='bbox 2523 3923 2860 3997; x_wconf 83' lang='grc' dir='ltr'>προφητείας</span> <span class='ocrx_word' id='word_1_560' title='bbox 2900 3924 2928 3976; x_wconf 89' lang='grc' dir='ltr'><strong>ό</strong></span> <span class='ocrx_word' id='word_1_561' title='bbox 2967 3921 3143 3990; x_wconf 83' lang='grc' dir='ltr'>λόγος,</span> <span class='ocrx_word' id='word_1_562' title='bbox 3177 3919 3450 3992; x_wconf 84' lang='grc' dir='ltr'>μοχθηροῦ</span> <span class='ocrx_word' id='word_1_563' title='bbox 3479 3938 3541 3974; x_wconf 88' lang='grc' dir='ltr'><strong>τε</strong></span> <span class='ocrx_word' id='word_1_564' title='bbox 3579 3919 3673 3974; x_wconf 77' lang='grc' dir='ltr'>καὶ</span> 
     </span>
    </p>
   </div>
   <div class='ocr_carea' id='block_1_80' title="bbox 2095 4012 3682 4090">
    <p class='ocr_par' dir='ltr' id='par_1_80' title="bbox 2095 4012 3682 4090">
     <span class='ocr_line' id='line_1_80' title="bbox 2095 4012 3682 4090; baseline -0.005 -18"><span class='ocrx_word' id='word_1_565' title='bbox 2095 4017 2320 4090; x_wconf 81' lang='grc' dir='ltr'>ἀνιαροῦ</span> <span class='ocrx_word' id='word_1_566' title='bbox 2341 4019 2665 4087; x_wconf 82' lang='grc' dir='ltr'>πράγματος</span> <span class='ocrx_word' id='word_1_567' title='bbox 2684 4015 2760 4079; x_wconf 80' lang='grc' dir='ltr'>ὡς</span> <span class='ocrx_word' id='word_1_568' title='bbox 2782 4013 3194 4086; x_wconf 87' lang='grc' dir='ltr'>συμϐησομένου</span> <span class='ocrx_word' id='word_1_569' title='bbox 3217 4017 3329 4076; x_wconf 87' lang='grc' dir='ltr'>τοῖς</span> <span class='ocrx_word' id='word_1_570' title='bbox 3349 4013 3406 4078; x_wconf 81' lang='grc' dir='ltr'><strong>ἐξ</strong></span> <span class='ocrx_word' id='word_1_571' title='bbox 3441 4012 3682 4084; x_wconf 63' lang='grc' dir='ltr'>Ἰσραὴλν</span> 
     </span>
    </p>
   </div>
   <div class='ocr_carea' id='block_1_81' title="bbox 2095 4105 3674 4182">
    <p class='ocr_par' dir='ltr' id='par_1_81' title="bbox 2095 4105 3674 4182">
     <span class='ocr_line' id='line_1_81' title="bbox 2095 4105 3674 4182; baseline -0.005 -17"><span class='ocrx_word' id='word_1_572' title='bbox 2095 4111 2220 4165; x_wconf 69' lang='grc' dir='ltr'>οὗτε</span> <span class='ocrx_word' id='word_1_573' title='bbox 2251 4111 2356 4182; x_wconf 82' lang='grc' dir='ltr'><strong>μὴν</strong></span> <span class='ocrx_word' id='word_1_574' title='bbox 2390 4110 2644 4174; x_wconf 81' lang='grc' dir='ltr'>ἐπαίνους</span> <span class='ocrx_word' id='word_1_575' title='bbox 2673 4109 2750 4172; x_wconf 85' lang='grc' dir='ltr'>ὡς</span> <span class='ocrx_word' id='word_1_576' title='bbox 2785 4108 3103 4179; x_wconf 86' lang='grc' dir='ltr'>βεϐιωκόσιν</span> <span class='ocrx_word' id='word_1_577' title='bbox 3136 4105 3312 4178; x_wconf 86' lang='grc' dir='ltr'>ὀρθῶς</span> <span class='ocrx_word' id='word_1_578' title='bbox 3333 4123 3348 4137; x_wconf 73' lang='grc' dir='ltr'><strong>ο</strong></span> <span class='ocrx_word' id='word_1_579' title='bbox 3383 4105 3674 4175; x_wconf 74' lang='grc' dir='ltr'>ἐπίπληξιν</span> 
     </span>
    </p>
   </div>
   <div class='ocr_carea' id='block_1_82' title="bbox 2094 4199 3672 4274">
    <p class='ocr_par' dir='ltr' id='par_1_82' title="bbox 2094 4199 3672 4274">
     <span class='ocr_line' id='line_1_82' title="bbox 2094 4199 3672 4274; baseline -0.005 -16"><span class='ocrx_word' id='word_1_580' title='bbox 2094 4205 2152 4258; x_wconf 78' lang='grc' dir='ltr'>δὲ</span> <span class='ocrx_word' id='word_1_581' title='bbox 2202 4203 2402 4274; x_wconf 83' lang='grc' dir='ltr'>μᾶλλον</span> <span class='ocrx_word' id='word_1_582' title='bbox 2447 4202 2536 4256; x_wconf 81' lang='grc' dir='ltr'><strong>έπί</strong></span> <span class='ocrx_word' id='word_1_583' title='bbox 2585 4218 2645 4254; x_wconf 89' lang='grc' dir='ltr'><strong>τε</strong></span> <span class='ocrx_word' id='word_1_584' title='bbox 2696 4201 2873 4272; x_wconf 79' lang='grc' dir='ltr'>ἱερέας</span> <span class='ocrx_word' id='word_1_585' title='bbox 2923 4201 3020 4254; x_wconf 80' lang='grc' dir='ltr'>καὶ</span> <span class='ocrx_word' id='word_1_586' title='bbox 3061 4200 3244 4263; x_wconf 81' lang='grc' dir='ltr'>λαούς.</span> <span class='ocrx_word' id='word_1_587' title='bbox 3301 4199 3374 4252; x_wconf 85' lang='grc' dir='ltr'><strong>Τὸ</strong></span> <span class='ocrx_word' id='word_1_588' title='bbox 3411 4199 3501 4263; x_wconf 78' lang='grc' dir='ltr'>δὲ,</span> <span class='ocrx_word' id='word_1_589' title='bbox 3559 4219 3578 4250; x_wconf 75' lang='grc' dir='ltr'><strong>ι</strong></span> <span class='ocrx_word' id='word_1_590' title='bbox 3614 4200 3672 4251; x_wconf 74' lang='grc' dir='ltr'>ἐν</span> 
     </span>
    </p>
   </div>
   <div class='ocr_carea' id='block_1_83' title="bbox 2095 4291 3674 4367">
    <p class='ocr_par' dir='ltr' id='par_1_83' title="bbox 2095 4291 3674 4367">
     <span class='ocr_line' id='line_1_83' title="bbox 2095 4291 3674 4367; baseline -0.003 -19"><span class='ocrx_word' id='word_1_591' title='bbox 2095 4295 2238 4367; x_wconf 71' lang='grc' dir='ltr'>χειρὶ</span> <span class='ocrx_word' id='word_1_592' title='bbox 2285 4294 2520 4363; x_wconf 81' lang='grc' dir='ltr'>ἀγγέλου</span> <span class='ocrx_word' id='word_1_593' title='bbox 2567 4291 2764 4356; x_wconf 86' lang='grc' dir='ltr'>αὑτοῦ,</span> <span class='ocrx_word' id='word_1_594' title='bbox 2808 4311 2825 4342; x_wconf 76' lang='grc' dir='ltr'><strong>ι</strong></span> <span class='ocrx_word' id='word_1_595' title='bbox 2866 4292 3090 4346; x_wconf 84' lang='grc' dir='ltr'>τοιῶσδε</span> <span class='ocrx_word' id='word_1_596' title='bbox 3128 4294 3365 4363; x_wconf 57' lang='grc' dir='ltr'>νοήσεις</span> <span class='ocrx_word' id='word_1_597' title='bbox 3411 4291 3674 4362; x_wconf 86' lang='grc' dir='ltr'>διαχειρί-</span> 
     </span>
    </p>
   </div>
   <div class='ocr_carea' id='block_1_84' title="bbox 418 4383 1993 4488">
    <p class='ocr_par' dir='ltr' id='par_1_84' title="bbox 418 4401 1991 4474">
     <span class='ocr_line' id='line_1_84' title="bbox 418 4401 1991 4474; baseline 0.003 -22"><span class='ocrx_word' id='word_1_598' title='bbox 418 4401 702 4464; x_wconf 88' lang='lat' dir='ltr'><strong>nistrante,</strong></span> <span class='ocrx_word' id='word_1_599' title='bbox 757 4401 872 4456; x_wconf 85' lang='lat' dir='ltr'><strong>sive</strong></span> <span class='ocrx_word' id='word_1_600' title='bbox 935 4410 1228 4474; x_wconf 81' lang='lat' dir='ltr'><strong>peragente</strong></span> <span class='ocrx_word' id='word_1_601' title='bbox 1278 4402 1577 4473; x_wconf 69' lang='lat' dir='ltr'><strong>prophetiae</strong></span> <span class='ocrx_word' id='word_1_602' title='bbox 1631 4402 1991 4458; x_wconf 90' lang='lat' dir='ltr'><strong>ministerium</strong></span> 
     </span>
    </p>
   </div>
   <div class='ocr_carea' id='block_1_85' title="bbox 2094 4383 3672 4488">
    <p class='ocr_par' dir='ltr' id='par_1_85' title="bbox 2099 4383 3672 4458">
     <span class='ocr_line' id='line_1_85' title="bbox 2099 4383 3672 4458; baseline -0.005 -16"><span class='ocrx_word' id='word_1_603' title='bbox 2099 4388 2281 4453; x_wconf 85' lang='grc' dir='ltr'>ζοντος</span> <span class='ocrx_word' id='word_1_604' title='bbox 2322 4386 2533 4458; x_wconf 80' lang='grc' dir='ltr'>ὥσπερ,</span> <span class='ocrx_word' id='word_1_605' title='bbox 2561 4387 2728 4458; x_wconf 72' lang='grc' dir='ltr'>ἤγουν</span> <span class='ocrx_word' id='word_1_606' title='bbox 2758 4384 3175 4456; x_wconf 79' lang='grc' dir='ltr'>ἐκπράττοντος,</span> <span class='ocrx_word' id='word_1_607' title='bbox 3209 4384 3309 4455; x_wconf 76' lang='grc' dir='ltr'><strong>τὴν</strong></span> <span class='ocrx_word' id='word_1_608' title='bbox 3339 4383 3438 4452; x_wconf 82' lang='grc' dir='ltr'><strong>τῆς</strong></span> <span class='ocrx_word' id='word_1_609' title='bbox 3460 4400 3672 4453; x_wconf 83' lang='grc' dir='ltr'>προφη-</span> 
     </span>
    </p>
   </div>
   <div class='ocr_carea' id='block_1_86' title="bbox 420 4476 1993 4564">
    <p class='ocr_par' dir='ltr' id='par_1_86' title="bbox 420 4489 1992 4564">
     <span class='ocr_line' id='line_1_86' title="bbox 420 4489 1992 4564; baseline 0.003 -21"><span class='ocrx_word' id='word_1_610' title='bbox 420 4503 506 4552; x_wconf 91' lang='lat' dir='ltr'><strong>eo,</strong></span> <span class='ocrx_word' id='word_1_611' title='bbox 532 4489 619 4544; x_wconf 86' lang='lat' dir='ltr'><strong>cui</strong></span> <span class='ocrx_word' id='word_1_612' title='bbox 649 4500 1072 4562; x_wconf 73' lang='lat' dir='ltr'><strong>cognomentum.</strong></span> <span class='ocrx_word' id='word_1_613' title='bbox 1094 4492 1359 4564; x_wconf 78' lang='lat' dir='ltr'><strong>Angelus,</strong></span> <span class='ocrx_word' id='word_1_614' title='bbox 1397 4492 1695 4562; x_wconf 89' lang='lat' dir='ltr'><strong>assumptio</strong></span> <span class='ocrx_word' id='word_1_615' title='bbox 1723 4492 1868 4548; x_wconf 82' lang='lat' dir='ltr'><strong>facta</strong></span> <span class='ocrx_word' id='word_1_616' title='bbox 1907 4504 1992 4547; x_wconf 91' lang='lat' dir='ltr'><strong>est</strong></span> 
     </span>
    </p>
   </div>
   <div class='ocr_carea' id='block_1_87' title="bbox 2094 4476 3674 4564">
    <p class='ocr_par' dir='ltr' id='par_1_87' title="bbox 2097 4476 3674 4552">
     <span class='ocr_line' id='line_1_87' title="bbox 2097 4476 3674 4552; baseline -0.005 -16"><span class='ocrx_word' id='word_1_617' title='bbox 2097 4483 2244 4547; x_wconf 85' lang='grc' dir='ltr'>τείας</span> <span class='ocrx_word' id='word_1_618' title='bbox 2297 4482 2571 4537; x_wconf 86' lang='grc' dir='ltr'>διακονίαν</span> <span class='ocrx_word' id='word_1_619' title='bbox 2628 4479 2724 4534; x_wconf 88' lang='grc' dir='ltr'><strong>τοῦ</strong></span> <span class='ocrx_word' id='word_1_620' title='bbox 2773 4479 3001 4552; x_wconf 79' lang='grc' dir='ltr'>ἐπίκλην</span> <span class='ocrx_word' id='word_1_621' title='bbox 3043 4476 3320 4548; x_wconf 73' lang='grc' dir='ltr'>Ἀγγέλου,</span> <span class='ocrx_word' id='word_1_622' title='bbox 3367 4477 3429 4530; x_wconf 85' lang='grc' dir='ltr'><strong>τὸ</strong></span> <span class='ocrx_word' id='word_1_623' title='bbox 3480 4477 3674 4547; x_wconf 84' lang='grc' dir='ltr'>λῆμμα</span> 
     </span>
    </p>
   </div>
   <div class='ocr_carea' id='block_1_88' title="bbox 418 4582 1998 4656">
    <p class='ocr_par' dir='ltr' id='par_1_88' title="bbox 418 4582 1998 4656">
     <span class='ocr_line' id='line_1_88' title="bbox 418 4582 1998 4656; baseline 0.003 -20"><span class='ocrx_word' id='word_1_624' title='bbox 418 4596 582 4651; x_wconf 85' lang='lat' dir='ltr'><strong>super</strong></span> <span class='ocrx_word' id='word_1_625' title='bbox 610 4582 796 4639; x_wconf 85' lang='lat' dir='ltr'><strong>Israel.</strong></span> <span class='ocrx_word' id='word_1_626' title='bbox 829 4582 1068 4655; x_wconf 76' lang='lat' dir='ltr'><strong>Angelus</strong></span> <span class='ocrx_word' id='word_1_627' title='bbox 1091 4595 1271 4641; x_wconf 92' lang='lat' dir='ltr'><strong>autem</strong></span> <span class='ocrx_word' id='word_1_628' title='bbox 1303 4584 1598 4641; x_wconf 78' lang='lat' dir='ltr'><strong>Malachias</strong></span> <span class='ocrx_word' id='word_1_629' title='bbox 1620 4594 1842 4656; x_wconf 86' lang='lat' dir='ltr'><strong>propter</strong></span> <span class='ocrx_word' id='word_1_630' title='bbox 1867 4601 1998 4641; x_wconf 84' lang='lat' dir='ltr'><strong>can--</strong></span> 
     </span>
    </p>
   </div>
   <div class='ocr_carea' id='block_1_89' title="bbox 418 4675 1531 4748">
    <p class='ocr_par' dir='ltr' id='par_1_89' title="bbox 418 4675 1531 4748">
     <span class='ocr_line' id='line_1_89' title="bbox 418 4675 1531 4748; baseline 0.005 -22"><span class='ocrx_word' id='word_1_631' title='bbox 418 4685 510 4726; x_wconf 89' lang='lat' dir='ltr'><strong>sas</strong></span> <span class='ocrx_word' id='word_1_632' title='bbox 529 4687 558 4725; x_wconf 90' lang='lat' dir='ltr'><strong>a</strong></span> <span class='ocrx_word' id='word_1_633' title='bbox 592 4686 678 4728; x_wconf 90' lang='lat' dir='ltr'><strong>me</strong></span> <span class='ocrx_word' id='word_1_634' title='bbox 699 4681 826 4727; x_wconf 89' lang='lat' dir='ltr'><strong>ante</strong></span> <span class='ocrx_word' id='word_1_635' title='bbox 843 4675 1036 4731; x_wconf 89' lang='lat' dir='ltr'><strong>allatas</strong></span> <span class='ocrx_word' id='word_1_636' title='bbox 1068 4688 1410 4748; x_wconf 88' lang='lat' dir='ltr'><strong>nuncupatus</strong></span> <span class='ocrx_word' id='word_1_637' title='bbox 1430 4685 1531 4733; x_wconf 87' lang='lat' dir='ltr'><strong>est.</strong></span> 
     </span>
    </p>
   </div>
   <div class='ocr_carea' id='block_1_90' title="bbox 489 4763 2002 4842">
    <p class='ocr_par' dir='ltr' id='par_1_90' title="bbox 489 4763 2002 4842">
     <span class='ocr_line' id='line_1_90' title="bbox 489 4763 2002 4842; baseline 0.003 -21"><span class='ocrx_word' id='word_1_638' title='bbox 489 4764 658 4836; x_wconf 76' lang='lat'><strong>819</strong></span> <span class='ocrx_word' id='word_1_639' title='bbox 710 4763 876 4822; x_wconf 70' lang='lat' dir='ltr'><strong>Vens.</strong></span> <span class='ocrx_word' id='word_1_640' title='bbox 903 4769 959 4822; x_wconf 76' lang='lat'><strong>2.</strong></span> <span class='ocrx_word' id='word_1_641' title='bbox 992 4767 1184 4824; x_wconf 75' lang='lat' dir='ltr'><strong>Ponite</strong></span> <span class='ocrx_word' id='word_1_642' title='bbox 1212 4786 1369 4842; x_wconf 77' lang='lat' dir='ltr'><strong>super</strong></span> <span class='ocrx_word' id='word_1_643' title='bbox 1404 4771 1566 4826; x_wconf 87' lang='lat' dir='ltr'><strong>corda</strong></span> <span class='ocrx_word' id='word_1_644' title='bbox 1595 4782 1786 4827; x_wconf 74' lang='lat' dir='ltr'><strong>vestra.</strong></span> <span class='ocrx_word' id='word_1_645' title='bbox 1825 4771 2002 4827; x_wconf 68' lang='lat' dir='ltr'><strong>Dileast&#39;</strong></span> 
     </span>
    </p>
   </div>
   <div class='ocr_carea' id='block_1_91' title="bbox 421 4857 993 4920">
    <p class='ocr_par' dir='ltr' id='par_1_91' title="bbox 421 4857 993 4920">
     <span class='ocr_line' id='line_1_91' title="bbox 421 4857 993 4920; baseline 0.007 -10"><span class='ocrx_word' id='word_1_646' title='bbox 421 4871 530 4920; x_wconf 66' lang='grc' dir='ltr'>τοι,</span> <span class='ocrx_word' id='word_1_647' title='bbox 549 4858 677 4911; x_wconf 79' lang='lat' dir='ltr'><strong>dicit</strong></span> <span class='ocrx_word' id='word_1_648' title='bbox 713 4857 993 4914; x_wconf 81' lang='lat' dir='ltr'><strong>Dominus.</strong></span> 
     </span>
    </p>
   </div>
   <div class='ocr_carea' id='block_1_92' title="bbox 489 4947 2001 5027">
    <p class='ocr_par' dir='ltr' id='par_1_92' title="bbox 489 4947 2001 5027">
     <span class='ocr_line' id='line_1_92' title="bbox 489 4947 2001 5027; baseline 0.005 -25"><span class='ocrx_word' id='word_1_649' title='bbox 489 4947 576 5003; x_wconf 90' lang='lat' dir='ltr'><strong>Ill.</strong></span> <span class='ocrx_word' id='word_1_650' title='bbox 601 4949 719 5005; x_wconf 83' lang='lat' dir='ltr'><strong>Non</strong></span> <span class='ocrx_word' id='word_1_651' title='bbox 762 4953 1061 5009; x_wconf 90' lang='lat' dir='ltr'><strong>oscitanter</strong></span> <span class='ocrx_word' id='word_1_652' title='bbox 1093 4969 1214 5025; x_wconf 83' lang='lat' dir='ltr'><strong>quae</strong></span> <span class='ocrx_word' id='word_1_653' title='bbox 1242 4955 1467 5012; x_wconf 90' lang='lat' dir='ltr'><strong>dicenda</strong></span> <span class='ocrx_word' id='word_1_654' title='bbox 1493 4965 1656 5013; x_wconf 90' lang='lat' dir='ltr'><strong>erunt</strong></span> <span class='ocrx_word' id='word_1_655' title='bbox 1707 4957 1894 5012; x_wconf 90' lang='lat' dir='ltr'><strong>audire</strong></span> <span class='ocrx_word' id='word_1_656' title='bbox 1914 4955 2001 5027; x_wconf 85' lang='lat' dir='ltr'><strong>ju-</strong></span> 
     </span>
    </p>
   </div>
   <div class='ocr_carea' id='block_1_93' title="bbox 419 5039 1998 5114">
    <p class='ocr_par' dir='ltr' id='par_1_93' title="bbox 419 5039 1998 5114">
     <span class='ocr_line' id='line_1_93' title="bbox 419 5039 1998 5114; baseline 0.005 -20"><span class='ocrx_word' id='word_1_657' title='bbox 419 5039 533 5106; x_wconf 84' lang='lat' dir='ltr'><strong>bet,</strong></span> <span class='ocrx_word' id='word_1_658' title='bbox 559 5040 656 5096; x_wconf 91' lang='lat' dir='ltr'><strong>sed</strong></span> <span class='ocrx_word' id='word_1_659' title='bbox 709 5044 950 5100; x_wconf 90' lang='lat' dir='ltr'><strong>studiose</strong></span> <span class='ocrx_word' id='word_1_660' title='bbox 1003 5047 1182 5114; x_wconf 87' lang='lat' dir='ltr'><strong>potius</strong></span> <span class='ocrx_word' id='word_1_661' title='bbox 1209 5055 1264 5102; x_wconf 90' lang='lat' dir='ltr'><strong>et</strong></span> <span class='ocrx_word' id='word_1_662' title='bbox 1302 5049 1606 5104; x_wconf 86' lang='lat' dir='ltr'><strong>attentione</strong></span> <span class='ocrx_word' id='word_1_663' title='bbox 1648 5048 1998 5104; x_wconf 81' lang='lat' dir='ltr'><strong>animadver-</strong></span> 
     </span>
    </p>
   </div>
   <div class='ocr_carea' id='block_1_94' title="bbox 418 5131 1999 5204">
    <p class='ocr_par' dir='ltr' id='par_1_94' title="bbox 418 5131 1999 5204">
     <span class='ocr_line' id='line_1_94' title="bbox 418 5131 1999 5204; baseline 0.004 -18"><span class='ocrx_word' id='word_1_664' title='bbox 418 5131 677 5202; x_wconf 91' lang='lat' dir='ltr'><strong>sioneque</strong></span> <span class='ocrx_word' id='word_1_665' title='bbox 703 5134 983 5204; x_wconf 86' lang='lat' dir='ltr'><strong>singulari.</strong></span> <span class='ocrx_word' id='word_1_666' title='bbox 1014 5137 1106 5193; x_wconf 91' lang='lat' dir='ltr'><strong>Sic</strong></span> <span class='ocrx_word' id='word_1_667' title='bbox 1157 5138 1300 5194; x_wconf 90' lang='lat' dir='ltr'><strong>enim</strong></span> <span class='ocrx_word' id='word_1_668' title='bbox 1331 5139 1552 5195; x_wconf 81' lang='lat' dir='ltr'><strong>allectos</strong></span> <span class='ocrx_word' id='word_1_669' title='bbox 1595 5153 1716 5196; x_wconf 91' lang='lat' dir='ltr'><strong>esse</strong></span> <span class='ocrx_word' id='word_1_670' title='bbox 1735 5143 1999 5196; x_wconf 89' lang='lat' dir='ltr'><strong>condecet</strong></span> 
     </span>
    </p>
   </div>
   <div class='ocr_carea' id='block_1_95' title="bbox 416 5222 1994 5301">
    <p class='ocr_par' dir='ltr' id='par_1_95' title="bbox 416 5222 1994 5301">
     <span class='ocr_line' id='line_1_95' title="bbox 416 5222 1994 5301; baseline 0.006 -25"><span class='ocrx_word' id='word_1_671' title='bbox 416 5222 510 5292; x_wconf 87' lang='lat' dir='ltr'><strong>qui</strong></span> <span class='ocrx_word' id='word_1_672' title='bbox 541 5223 752 5281; x_wconf 89' lang='lat' dir='ltr'><strong>divinos</strong></span> <span class='ocrx_word' id='word_1_673' title='bbox 782 5240 1062 5284; x_wconf 86' lang='lat' dir='ltr'><strong>sermones</strong></span> <span class='ocrx_word' id='word_1_674' title='bbox 1117 5241 1244 5285; x_wconf 93' lang='lat' dir='ltr'><strong>sunt</strong></span> <span class='ocrx_word' id='word_1_675' title='bbox 1313 5231 1691 5294; x_wconf 87' lang='lat' dir='ltr'><strong>auscultaturi,</strong></span> <span class='ocrx_word' id='word_1_676' title='bbox 1762 5245 1994 5301; x_wconf 91' lang='lat' dir='ltr'><strong>quorum</strong></span> 
     </span>
    </p>
   </div>
   <div class='ocr_carea' id='block_1_96' title="bbox 421 5315 1992 5390">
    <p class='ocr_par' dir='ltr' id='par_1_96' title="bbox 421 5315 1992 5390">
     <span class='ocr_line' id='line_1_96' title="bbox 421 5315 1992 5390; baseline 0.007 -22"><span class='ocrx_word' id='word_1_677' title='bbox 421 5315 695 5372; x_wconf 89' lang='lat' dir='ltr'><strong>uberrima</strong></span> <span class='ocrx_word' id='word_1_678' title='bbox 716 5325 772 5373; x_wconf 92' lang='lat' dir='ltr'><strong>et</strong></span> <span class='ocrx_word' id='word_1_679' title='bbox 799 5320 1130 5389; x_wconf 82' lang='lat' dir='ltr'><strong>amplissima</strong></span> <span class='ocrx_word' id='word_1_680' title='bbox 1175 5323 1355 5378; x_wconf 82' lang='lat' dir='ltr'><strong>futura</strong></span> <span class='ocrx_word' id='word_1_681' title='bbox 1402 5324 1474 5380; x_wconf 90' lang='lat' dir='ltr'><strong>sit</strong></span> <span class='ocrx_word' id='word_1_682' title='bbox 1507 5325 1738 5390; x_wconf 84' lang='lat' dir='ltr'><strong>utilitas,</strong></span> <span class='ocrx_word' id='word_1_683' title='bbox 1765 5339 1888 5380; x_wconf 89' lang='lat' dir='ltr'><strong>cum</strong></span> <span class='ocrx_word' id='word_1_684' title='bbox 1937 5326 1992 5380; x_wconf 91' lang='lat' dir='ltr'><strong>in</strong></span> 
     </span>
    </p>
   </div>
   <div class='ocr_carea' id='block_1_97' title="bbox 417 5406 1993 5485">
    <p class='ocr_par' dir='ltr' id='par_1_97' title="bbox 417 5406 1993 5485">
     <span class='ocr_line' id='line_1_97' title="bbox 417 5406 1993 5485; baseline 0.009 -27"><span class='ocrx_word' id='word_1_685' title='bbox 417 5406 659 5462; x_wconf 84' lang='lat' dir='ltr'><strong>animum</strong></span> <span class='ocrx_word' id='word_1_686' title='bbox 696 5410 856 5467; x_wconf 86' lang='lat' dir='ltr'><strong>infusi</strong></span> <span class='ocrx_word' id='word_1_687' title='bbox 880 5412 1107 5470; x_wconf 79' lang='lat' dir='ltr'><strong>fuerint.</strong></span> <span class='ocrx_word' id='word_1_688' title='bbox 1138 5415 1326 5472; x_wconf 89' lang='lat' dir='ltr'><strong>Psallit</strong></span> <span class='ocrx_word' id='word_1_689' title='bbox 1353 5417 1495 5472; x_wconf 90' lang='lat' dir='ltr'><strong>enim</strong></span> <span class='ocrx_word' id='word_1_690' title='bbox 1556 5417 1777 5485; x_wconf 89' lang='lat' dir='ltr'><strong>alicubi,</strong></span> <span class='ocrx_word' id='word_1_691' title='bbox 1833 5425 1889 5472; x_wconf 91' lang='lat' dir='ltr'><strong>et</strong></span> <span class='ocrx_word' id='word_1_692' title='bbox 1915 5417 1993 5472; x_wconf 89' lang='lat' dir='ltr'><strong>ait</strong></span> 
     </span>
    </p>
   </div>
   <div class='ocr_carea' id='block_1_98' title="bbox 420 5497 1990 5580">
    <p class='ocr_par' dir='ltr' id='par_1_98' title="bbox 420 5497 1990 5580">
     <span class='ocr_line' id='line_1_98' title="bbox 420 5497 1990 5580; baseline 0.008 -28"><span class='ocrx_word' id='word_1_693' title='bbox 420 5497 633 5556; x_wconf 82' lang='lat' dir='ltr'><strong>divinus</strong></span> <span class='ocrx_word' id='word_1_694' title='bbox 664 5501 830 5559; x_wconf 89' lang='lat' dir='ltr'><strong>David</strong></span> <span class='ocrx_word' id='word_1_695' title='bbox 864 5523 878 5558; x_wconf 91' lang='lat'><strong>:</strong></span> <span class='ocrx_word' id='word_1_696' title='bbox 915 5525 936 5559; x_wconf 86' lang='grc'><em>‹</em></span> <span class='ocrx_word' id='word_1_697' title='bbox 973 5507 1028 5562; x_wconf 85' lang='grc' dir='ltr'>1η</span> <span class='ocrx_word' id='word_1_698' title='bbox 1095 5511 1258 5565; x_wconf 84' lang='lat' dir='ltr'><strong>corde</strong></span> <span class='ocrx_word' id='word_1_699' title='bbox 1297 5526 1417 5567; x_wconf 88' lang='lat' dir='ltr'><strong>meo</strong></span> <span class='ocrx_word' id='word_1_700' title='bbox 1462 5511 1716 5566; x_wconf 83' lang='lat' dir='ltr'><strong>abscondi</strong></span> <span class='ocrx_word' id='word_1_701' title='bbox 1779 5510 1990 5580; x_wconf 84' lang='lat' dir='ltr'><strong>eloquia</strong></span> 
     </span>
    </p>
   </div>
   <div class='ocr_carea' id='block_1_99' title="bbox 423 5596 1994 5665">
    <p class='ocr_par' dir='ltr' id='par_1_99' title="bbox 423 5596 1994 5665">
     <span class='ocr_line' id='line_1_99' title="bbox 423 5596 1994 5665; baseline 0.006 -24"><span class='ocrx_word' id='word_1_702' title='bbox 423 5596 535 5656; x_wconf 90' lang='lat' dir='ltr'><strong>tua,</strong></span> <span class='ocrx_word' id='word_1_703' title='bbox 571 5601 630 5644; x_wconf 92' lang='lat' dir='ltr'><strong>ut</strong></span> <span class='ocrx_word' id='word_1_704' title='bbox 664 5609 768 5648; x_wconf 88' lang='lat' dir='ltr'><strong>non</strong></span> <span class='ocrx_word' id='word_1_705' title='bbox 801 5611 1017 5665; x_wconf 88' lang='lat' dir='ltr'><strong>peccem</strong></span> <span class='ocrx_word' id='word_1_706' title='bbox 1050 5600 1141 5653; x_wconf 90' lang='lat' dir='ltr'><strong>tibi</strong></span> <span class='ocrx_word' id='word_1_707' title='bbox 1168 5599 1233 5655; x_wconf 65' lang='grc' dir='ltr'><strong>⁸ο.</strong></span> <span class='ocrx_word' id='word_1_708' title='bbox 1281 5619 1298 5651; x_wconf 74' lang='grc' dir='ltr'><strong>ι</strong></span> <span class='ocrx_word' id='word_1_709' title='bbox 1336 5599 1486 5656; x_wconf 90' lang='lat' dir='ltr'><strong>Licet</strong></span> <span class='ocrx_word' id='word_1_710' title='bbox 1511 5601 1678 5657; x_wconf 86' lang='lat' dir='ltr'><strong>enim.</strong></span> <span class='ocrx_word' id='word_1_711' title='bbox 1712 5599 1838 5654; x_wconf 88' lang='lat' dir='ltr'><strong>licet</strong></span> <span class='ocrx_word' id='word_1_712' title='bbox 1896 5613 1994 5652; x_wconf 85' lang='lat' dir='ltr'><strong>au-</strong></span> 
     </span>
    </p>
   </div>
   <div class='ocr_carea' id='block_1_100' title="bbox 489 5768 2322 5846">
    <p class='ocr_par' dir='ltr' id='par_1_100' title="bbox 489 5768 2322 5846">
     <span class='ocr_line' id='line_1_100' title="bbox 489 5768 2322 5846; baseline 0.013 -23"><span class='ocrx_word' id='word_1_713' title='bbox 489 5769 534 5802; x_wconf 73' lang='lat'><strong>&quot;</strong></span> <span class='ocrx_word' id='word_1_714' title='bbox 570 5768 726 5827; x_wconf 81' lang='lat' dir='ltr'><strong>Deut.</strong></span> <span class='ocrx_word' id='word_1_715' title='bbox 753 5790 896 5840; x_wconf 80' lang='lat' dir='ltr'><strong>xxrv,</strong></span> <span class='ocrx_word' id='word_1_716' title='bbox 939 5777 954 5830; x_wconf 89' lang='lat' dir='ltr'><strong>l</strong></span> <span class='ocrx_word' id='word_1_717' title='bbox 999 5793 1148 5844; x_wconf 73' lang='lat' dir='ltr'><strong>seqq.</strong></span> <span class='ocrx_word' id='word_1_718' title='bbox 1227 5779 1270 5811; x_wconf 81' lang='grc'><strong>³⁸</strong></span> <span class='ocrx_word' id='word_1_719' title='bbox 1307 5781 1460 5836; x_wconf 82' lang='lat' dir='ltr'><strong>Deut.</strong></span> <span class='ocrx_word' id='word_1_720' title='bbox 1490 5796 1587 5846; x_wconf 82' lang='lat' dir='ltr'><strong>vn,</strong></span> <span class='ocrx_word' id='word_1_721' title='bbox 1621 5779 1673 5842; x_wconf 76' lang='lat'><strong>5,</strong></span> <span class='ocrx_word' id='word_1_722' title='bbox 1706 5778 1759 5835; x_wconf 68' lang='lat'><strong>4-.</strong></span> <span class='ocrx_word' id='word_1_723' title='bbox 1837 5778 1884 5813; x_wconf 77' lang='lat'><strong>”</strong></span> <span class='ocrx_word' id='word_1_724' title='bbox 1919 5777 1960 5834; x_wconf 89' lang='lat' dir='ltr'><strong>ll</strong></span> <span class='ocrx_word' id='word_1_725' title='bbox 1995 5776 2120 5834; x_wconf 64' lang='lat' dir='ltr'><strong>Cum</strong></span> <span class='ocrx_word' id='word_1_726' title='bbox 2154 5793 2205 5845; x_wconf 63' lang='grc' dir='ltr'>ν,</span> <span class='ocrx_word' id='word_1_727' title='bbox 2239 5777 2322 5832; x_wconf 67' lang='lat'><strong>“-</strong></span> 
     </span>
    </p>
   </div>
   <div class='ocr_carea' id='block_1_101' title="bbox 2100 4568 3676 4645">
    <p class='ocr_par' dir='ltr' id='par_1_101' title="bbox 2100 4568 3676 4645">
     <span class='ocr_line' id='line_1_101' title="bbox 2100 4568 3676 4645; baseline -0.003 -16"><span class='ocrx_word' id='word_1_728' title='bbox 2100 4576 2324 4644; x_wconf 87' lang='grc' dir='ltr'>γέγονεν</span> <span class='ocrx_word' id='word_1_729' title='bbox 2355 4577 2448 4628; x_wconf 75' lang='grc' dir='ltr'>ἐπὶ</span> <span class='ocrx_word' id='word_1_730' title='bbox 2473 4574 2566 4628; x_wconf 80' lang='grc' dir='ltr'><strong>τὸν</strong></span> <span class='ocrx_word' id='word_1_731' title='bbox 2596 4573 2831 4645; x_wconf 79' lang='grc' dir='ltr'>Ἰσραήλ.</span> <span class='ocrx_word' id='word_1_732' title='bbox 2862 4573 3089 4643; x_wconf 76' lang='grc' dir='ltr'>Εἴρηται</span> <span class='ocrx_word' id='word_1_733' title='bbox 3119 4569 3176 4624; x_wconf 73' lang='grc' dir='ltr'><strong>δέ</strong></span> <span class='ocrx_word' id='word_1_734' title='bbox 3203 4568 3465 4639; x_wconf 72' lang='grc' dir='ltr'>Ἀγγελος</span> <span class='ocrx_word' id='word_1_735' title='bbox 3497 4571 3526 4623; x_wconf 89' lang='grc' dir='ltr'><strong>ό</strong></span> <span class='ocrx_word' id='word_1_736' title='bbox 3557 4569 3676 4624; x_wconf 53' lang='grc' dir='ltr'><strong>Μαθ</strong></span> 
     </span>
    </p>
   </div>
   <div class='ocr_carea' id='block_1_102' title="bbox 2101 4664 3131 4739">
    <p class='ocr_par' dir='ltr' id='par_1_102' title="bbox 2101 4664 3131 4739">
     <span class='ocr_line' id='line_1_102' title="bbox 2101 4664 3131 4739; baseline -0.003 -17"><span class='ocrx_word' id='word_1_737' title='bbox 2101 4669 2296 4739; x_wconf 85' lang='grc' dir='ltr'>λαχίας</span> <span class='ocrx_word' id='word_1_738' title='bbox 2320 4667 2387 4721; x_wconf 88' lang='grc' dir='ltr'>δι’</span> <span class='ocrx_word' id='word_1_739' title='bbox 2416 4666 2596 4727; x_wconf 79' lang='grc' dir='ltr'>αἰτίας</span> <span class='ocrx_word' id='word_1_740' title='bbox 2625 4664 2692 4729; x_wconf 73' lang='grc' dir='ltr'>ἃς</span> <span class='ocrx_word' id='word_1_741' title='bbox 2722 4665 2822 4736; x_wconf 70' lang='grc' dir='ltr'>ἤδη</span> <span class='ocrx_word' id='word_1_742' title='bbox 2854 4667 3131 4736; x_wconf 88' lang='grc' dir='ltr'>προεῖπον.</span> 
     </span>
    </p>
   </div>
   <div class='ocr_carea' id='block_1_103' title="bbox 2178 4751 3717 4827">
    <p class='ocr_par' dir='ltr' id='par_1_103' title="bbox 2178 4751 3717 4827">
     <span class='ocr_line' id='line_1_103' title="bbox 2178 4751 3717 4827; baseline -0.006 -12"><span class='ocrx_word' id='word_1_743' title='bbox 2178 4758 2364 4815; x_wconf 83' lang='grc' dir='ltr'>Θέσθε</span> <span class='ocrx_word' id='word_1_744' title='bbox 2417 4758 2494 4827; x_wconf 82' lang='grc' dir='ltr'>δὴ</span> <span class='ocrx_word' id='word_1_745' title='bbox 2543 4757 2644 4811; x_wconf 76' lang='grc' dir='ltr'><strong>ἐπὶ</strong></span> <span class='ocrx_word' id='word_1_746' title='bbox 2699 4758 2806 4824; x_wconf 86' lang='grc' dir='ltr'>τὰς</span> <span class='ocrx_word' id='word_1_747' title='bbox 2855 4755 3100 4825; x_wconf 75' lang='grc' dir='ltr'>καρδίας</span> <span class='ocrx_word' id='word_1_748' title='bbox 3147 4753 3332 4825; x_wconf 82' lang='grc' dir='ltr'>ὑμῶν.</span> <span class='ocrx_word' id='word_1_749' title='bbox 3369 4751 3717 4824; x_wconf 72' lang='grc' dir='ltr'>Ἠγάπησα·</span> 
     </span>
    </p>
   </div>
   <div class='ocr_carea' id='block_1_104' title="bbox 2100 4851 2752 4922">
    <p class='ocr_par' dir='ltr' id='par_1_104' title="bbox 2100 4851 2752 4922">
     <span class='ocr_line' id='line_1_104' title="bbox 2100 4851 2752 4922; baseline -0.011 -13"><span class='ocrx_word' id='word_1_750' title='bbox 2100 4853 2275 4922; x_wconf 78' lang='grc' dir='ltr'>ὑμᾶς,</span> <span class='ocrx_word' id='word_1_751' title='bbox 2307 4852 2470 4921; x_wconf 79' lang='grc' dir='ltr'>λέγει</span> <span class='ocrx_word' id='word_1_752' title='bbox 2505 4851 2752 4918; x_wconf 78' lang='grc' dir='ltr'>Κύριος.</span> 
     </span>
    </p>
   </div>
   <div class='ocr_carea' id='block_1_105' title="bbox 2169 4937 3671 5015">
    <p class='ocr_par' dir='ltr' id='par_1_105' title="bbox 2169 4937 3671 5015">
     <span class='ocr_line' id='line_1_105' title="bbox 2169 4937 3671 5015; baseline -0.005 -17"><span class='ocrx_word' id='word_1_753' title='bbox 2169 4946 2240 4998; x_wconf 81' lang='lat' dir='ltr'><strong>I&quot;.</strong></span> <span class='ocrx_word' id='word_1_754' title='bbox 2285 4945 2359 4998; x_wconf 86' lang='grc' dir='ltr'><strong>Οὐ</strong></span> <span class='ocrx_word' id='word_1_755' title='bbox 2394 4944 2671 5015; x_wconf 86' lang='grc' dir='ltr'>πάρεργον</span> <span class='ocrx_word' id='word_1_756' title='bbox 2699 4939 2970 4994; x_wconf 85' lang='grc' dir='ltr'>ποιεῖσθαι</span> <span class='ocrx_word' id='word_1_757' title='bbox 3001 4937 3334 5010; x_wconf 46' lang='grc' dir='ltr'>προστάττειν</span> <span class='ocrx_word' id='word_1_758' title='bbox 3358 4937 3467 4990; x_wconf 90' lang='grc' dir='ltr'><strong>τῶν</strong></span> <span class='ocrx_word' id='word_1_759' title='bbox 3503 4937 3671 5008; x_wconf 81' lang='grc' dir='ltr'>ῥηθη-</span> 
     </span>
    </p>
   </div>
   <div class='ocr_carea' id='block_1_106' title="bbox 2101 5029 3672 5109">
    <p class='ocr_par' dir='ltr' id='par_1_106' title="bbox 2101 5029 3672 5109">
     <span class='ocr_line' id='line_1_106' title="bbox 2101 5029 3672 5109; baseline -0.005 -19"><span class='ocrx_word' id='word_1_760' title='bbox 2101 5038 2357 5109; x_wconf 78' lang='grc' dir='ltr'>σομένων</span> <span class='ocrx_word' id='word_1_761' title='bbox 2376 5034 2475 5107; x_wconf 80' lang='grc' dir='ltr'>τὴν</span> <span class='ocrx_word' id='word_1_762' title='bbox 2519 5034 2721 5105; x_wconf 85' lang='grc' dir='ltr'>ἀκοήν·</span> <span class='ocrx_word' id='word_1_763' title='bbox 2753 5031 3208 5102; x_wconf 79' lang='grc' dir='ltr'>ἐσπουδασμένως</span> <span class='ocrx_word' id='word_1_764' title='bbox 3237 5030 3294 5083; x_wconf 85' lang='grc' dir='ltr'>δὲ</span> <span class='ocrx_word' id='word_1_765' title='bbox 3326 5029 3546 5101; x_wconf 82' lang='grc' dir='ltr'>μᾶλλον,</span> <span class='ocrx_word' id='word_1_766' title='bbox 3577 5031 3672 5084; x_wconf 69' lang='grc' dir='ltr'><strong>καὶ</strong></span> 
     </span>
    </p>
   </div>
   <div class='ocr_carea' id='block_1_107' title="bbox 2098 5124 3674 5202">
    <p class='ocr_par' dir='ltr' id='par_1_107' title="bbox 2098 5124 3674 5202">
     <span class='ocr_line' id='line_1_107' title="bbox 2098 5124 3674 5202; baseline -0.006 -18"><span class='ocrx_word' id='word_1_767' title='bbox 2098 5133 2156 5184; x_wconf 76' lang='grc' dir='ltr'>ἐν</span> <span class='ocrx_word' id='word_1_768' title='bbox 2184 5131 2407 5202; x_wconf 86' lang='grc' dir='ltr'>πλείστῃ</span> <span class='ocrx_word' id='word_1_769' title='bbox 2435 5131 2676 5202; x_wconf 85' lang='grc' dir='ltr'>προσοχῇ</span> <span class='ocrx_word' id='word_1_770' title='bbox 2703 5129 2798 5182; x_wconf 75' lang='grc' dir='ltr'><strong>καὶ</strong></span> <span class='ocrx_word' id='word_1_771' title='bbox 2842 5129 3186 5198; x_wconf 86' lang='grc' dir='ltr'>κατανοήσει.</span> <span class='ocrx_word' id='word_1_772' title='bbox 3217 5124 3530 5177; x_wconf 82' lang='grc' dir='ltr'>Διακεῖσθαι</span> <span class='ocrx_word' id='word_1_773' title='bbox 3565 5124 3674 5196; x_wconf 86' lang='grc' dir='ltr'>γὰρ</span> 
     </span>
    </p>
   </div>
   <div class='ocr_carea' id='block_1_108' title="bbox 2101 5216 3673 5296">
    <p class='ocr_par' dir='ltr' id='par_1_108' title="bbox 2101 5216 3673 5296">
     <span class='ocr_line' id='line_1_108' title="bbox 2101 5216 3673 5296; baseline -0.004 -19"><span class='ocrx_word' id='word_1_774' title='bbox 2101 5216 2202 5277; x_wconf 82' lang='grc' dir='ltr'><strong>ὧδε</strong></span> <span class='ocrx_word' id='word_1_775' title='bbox 2219 5225 2484 5296; x_wconf 85' lang='grc' dir='ltr'>προσήκει</span> <span class='ocrx_word' id='word_1_776' title='bbox 2508 5223 2635 5286; x_wconf 82' lang='grc' dir='ltr'>τοὺς</span> <span class='ocrx_word' id='word_1_777' title='bbox 2661 5221 2819 5276; x_wconf 89' lang='grc' dir='ltr'>θείων</span> <span class='ocrx_word' id='word_1_778' title='bbox 2843 5218 3133 5292; x_wconf 84' lang='grc' dir='ltr'>μέλλοντας</span> <span class='ocrx_word' id='word_1_779' title='bbox 3152 5218 3456 5291; x_wconf 82' lang='grc' dir='ltr'>’ἀκροᾶσθαι</span> <span class='ocrx_word' id='word_1_780' title='bbox 3479 5217 3673 5286; x_wconf 78' lang='grc' dir='ltr'>λόγωνο</span> 
     </span>
    </p>
   </div>
   <div class='ocr_carea' id='block_1_109' title="bbox 2102 5308 3674 5384">
    <p class='ocr_par' dir='ltr' id='par_1_109' title="bbox 2102 5308 3674 5384">
     <span class='ocr_line' id='line_1_109' title="bbox 2102 5308 3674 5384; baseline -0.003 -14"><span class='ocrx_word' id='word_1_781' title='bbox 2102 5308 2179 5370; x_wconf 83' lang='grc' dir='ltr'>ὧν</span> <span class='ocrx_word' id='word_1_782' title='bbox 2225 5315 2378 5370; x_wconf 76' lang='grc' dir='ltr'>ἔσται</span> <span class='ocrx_word' id='word_1_783' title='bbox 2421 5314 2646 5384; x_wconf 88' lang='grc' dir='ltr'>πλείστη</span> <span class='ocrx_word' id='word_1_784' title='bbox 2682 5330 2742 5366; x_wconf 91' lang='grc' dir='ltr'><strong>τε</strong></span> <span class='ocrx_word' id='word_1_785' title='bbox 2780 5315 2879 5384; x_wconf 84' lang='grc' dir='ltr'>ὅση</span> <span class='ocrx_word' id='word_1_786' title='bbox 2934 5311 3031 5366; x_wconf 73' lang='grc' dir='ltr'><strong>καὶ</strong></span> <span class='ocrx_word' id='word_1_787' title='bbox 3081 5311 3227 5382; x_wconf 81' lang='grc' dir='ltr'>μάλα</span> <span class='ocrx_word' id='word_1_788' title='bbox 3277 5309 3597 5382; x_wconf 82' lang='grc' dir='ltr'>ἀμφιλαφὴς</span> <span class='ocrx_word' id='word_1_789' title='bbox 3641 5311 3674 5381; x_wconf 79' lang='grc' dir='ltr'><strong>ἡ</strong></span> 
     </span>
    </p>
   </div>
   <div class='ocr_carea' id='block_1_110' title="bbox 2098 5402 3676 5482">
    <p class='ocr_par' dir='ltr' id='par_1_110' title="bbox 2098 5402 3676 5482">
     <span class='ocr_line' id='line_1_110' title="bbox 2098 5402 3676 5482; baseline -0.004 -19"><span class='ocrx_word' id='word_1_790' title='bbox 2098 5409 2303 5482; x_wconf 74' lang='grc' dir='ltr'>ὄνησις,</span> <span class='ocrx_word' id='word_1_791' title='bbox 2338 5411 2467 5462; x_wconf 86' lang='grc' dir='ltr'>ὅταν</span> <span class='ocrx_word' id='word_1_792' title='bbox 2499 5409 2578 5471; x_wconf 86' lang='grc' dir='ltr'>εἰς</span> <span class='ocrx_word' id='word_1_793' title='bbox 2611 5405 2771 5461; x_wconf 82' lang='grc' dir='ltr'>αὐτὸν</span> <span class='ocrx_word' id='word_1_794' title='bbox 2799 5405 3114 5476; x_wconf 88' lang='grc' dir='ltr'>είσχέωνται</span> <span class='ocrx_word' id='word_1_795' title='bbox 3155 5405 3247 5458; x_wconf 85' lang='grc' dir='ltr'><strong>τὸν</strong></span> <span class='ocrx_word' id='word_1_796' title='bbox 3289 5403 3434 5458; x_wconf 88' lang='grc' dir='ltr'>νοῦν.</span> <span class='ocrx_word' id='word_1_797' title='bbox 3470 5402 3676 5458; x_wconf 81' lang='grc' dir='ltr'>Ψάλλει</span> 
     </span>
    </p>
   </div>
   <div class='ocr_carea' id='block_1_111' title="bbox 2099 5497 3673 5574">
    <p class='ocr_par' dir='ltr' id='par_1_111' title="bbox 2099 5497 3673 5574">
     <span class='ocr_line' id='line_1_111' title="bbox 2099 5497 3673 5574; baseline -0.005 -18"><span class='ocrx_word' id='word_1_798' title='bbox 2099 5504 2208 5574; x_wconf 84' lang='grc' dir='ltr'>γάρ</span> <span class='ocrx_word' id='word_1_799' title='bbox 2250 5519 2352 5554; x_wconf 89' lang='grc' dir='ltr'><strong>που</strong></span> <span class='ocrx_word' id='word_1_800' title='bbox 2388 5500 2482 5555; x_wconf 87' lang='grc' dir='ltr'><strong>καί</strong></span> <span class='ocrx_word' id='word_1_801' title='bbox 2531 5516 2696 5570; x_wconf 85' lang='grc' dir='ltr'>φησιν</span> <span class='ocrx_word' id='word_1_802' title='bbox 2738 5501 2767 5551; x_wconf 89' lang='grc' dir='ltr'><strong>ὁ</strong></span> <span class='ocrx_word' id='word_1_803' title='bbox 2817 5498 3100 5562; x_wconf 83' lang='grc' dir='ltr'>θεσπέσιος</span> <span class='ocrx_word' id='word_1_804' title='bbox 3155 5497 3347 5552; x_wconf 85' lang='grc' dir='ltr'>Δαϐίδ·</span> <span class='ocrx_word' id='word_1_805' title='bbox 3407 5516 3427 5549; x_wconf 72' lang='grc' dir='ltr'><strong>ι</strong></span> <span class='ocrx_word' id='word_1_806' title='bbox 3479 5497 3565 5549; x_wconf 90' lang='grc' dir='ltr'>Ἐν</span> <span class='ocrx_word' id='word_1_807' title='bbox 3607 5497 3673 5566; x_wconf 80' lang='grc' dir='ltr'>τῇ</span> 
     </span>
    </p>
   </div>
   <div class='ocr_carea' id='block_1_112' title="bbox 2100 5586 3684 5665">
    <p class='ocr_par' dir='ltr' id='par_1_112' title="bbox 2100 5586 3684 5665">
     <span class='ocr_line' id='line_1_112' title="bbox 2100 5586 3684 5665; baseline -0.005 -18"><span class='ocrx_word' id='word_1_808' title='bbox 2100 5593 2295 5665; x_wconf 68' lang='grc' dir='ltr'>καρδίᾳ</span> <span class='ocrx_word' id='word_1_809' title='bbox 2324 5590 2657 5664; x_wconf 37' lang='grc' dir='ltr'>μρζρμξζηρυψα</span> <span class='ocrx_word' id='word_1_810' title='bbox 2685 5588 2752 5642; x_wconf 82' lang='grc' dir='ltr'><strong>τὰ</strong></span> <span class='ocrx_word' id='word_1_811' title='bbox 2777 5588 2934 5657; x_wconf 83' lang='grc' dir='ltr'>λόγιά</span> <span class='ocrx_word' id='word_1_812' title='bbox 2957 5606 3071 5655; x_wconf 82' lang='grc' dir='ltr'>σου,</span> <span class='ocrx_word' id='word_1_813' title='bbox 3090 5589 3238 5653; x_wconf 82' lang='grc' dir='ltr'>ὅπως</span> <span class='ocrx_word' id='word_1_814' title='bbox 3258 5588 3327 5644; x_wconf 83' lang='grc' dir='ltr'><strong>ἂν</strong></span> <span class='ocrx_word' id='word_1_815' title='bbox 3350 5587 3425 5660; x_wconf 78' lang='grc' dir='ltr'>μὴ</span> <span class='ocrx_word' id='word_1_816' title='bbox 3447 5586 3684 5660; x_wconf 83' lang='grc' dir='ltr'>ἁμάρτω</span> 
     </span>
    </p>
   </div>
   <div class='ocr_carea' id='block_1_113' title="bbox 2404 5773 2964 5839">
    <p class='ocr_par' dir='ltr' id='par_1_113' title="bbox 2404 5773 2964 5839">
     <span class='ocr_line' id='line_1_113' title="bbox 2404 5773 2964 5839; baseline -0.007 -9"><span class='ocrx_word' id='word_1_817' title='bbox 2404 5777 2447 5810; x_wconf 58' lang='grc' dir='ltr'><strong>⁸ο</strong></span> <span class='ocrx_word' id='word_1_818' title='bbox 2481 5774 2624 5831; x_wconf 73' lang='lat' dir='ltr'><strong>t’sal.</strong></span> <span class='ocrx_word' id='word_1_819' title='bbox 2657 5788 2844 5839; x_wconf 78' lang='lat' dir='ltr'><strong>cxvm,</strong></span> <span class='ocrx_word' id='word_1_820' title='bbox 2876 5773 2964 5827; x_wconf 80' lang='grc' dir='ltr'><strong>Η.</strong></span> 
     </span>
    </p>
   </div>
  </div>
