4120 6376
307 414 412 474 281

1121 405 1679 466 COMMENTARIUS
1718 406 1790 463 IN
1823 406 2234 467 MALACHIAM
2273 407 2722 468 PROPBETAM.

3454 411 3564 468 289.

307 546 412 586 σοι.
443 547 461 582 t
485 527 640 582 Ἔστι
681 523 812 596 γὰρ,
846 523 994 578 ἔστιν
1026 523 1297 579 ἀκούοντά»
1333 541 1455 578 τινα
1487 525 1623 596 μηδὲ
1653 525 1885 580 ἀκοῦσαι

1990 529 2224 585 dientem
2242 535 2432 598 putare
2477 543 2583 582 non
2641 525 2936 590 audivisse,
2955 524 3055 579 nisi
3097 532 3331 579 mentem
3391 525 3556 580 verba

304 622 496 684 δοκείν,
525 621 576 674 εί
621 619 697 690 μὴ
730 618 984 674 ἆπτοιντο
1033 620 1133 692 μὲν
1173 620 1409 686 διανοίας
1459 622 1509 674 oi
1553 621 1724 692 λόγοι,
1751 622 1887 676 ἀπο-

281 715 532 785 ,πτάντες
558 713 615 766 δὲ
656 713 845 784 ὥσπερ
885 714 988 784 τῆς
1024 714 1120 768 τοῦ
1156 715 1407 784 λέγοντος
1449 715 1719 789 γλώττης,
1766 713 1886 773 εἶτα

281 789 472 878 ’μόνην
499 804 980 877 πῳσαρῤἀξαντες
1015 806 1114 879 τὴν
1138 807 1231 862 τοῦ
1259 807 1551 873 ἀκούοντος
1583 809 1775 881 ἀκοὴν,
1802 810 1886 862 εί-

306 899 477 962 καίοις
508 899 567 951 ὲν
601 898 700 970 ἴσῳ
731 898 1173 968 καταλογισθεῖεν
1200 899 1296 954 καὶ
1327 902 1616 972 κρυπτοῖς.
1639 900 1886 956 Τοιοῦτοί

301 1009 445 1056 τινες
474 987 617 1062 ἦσαν
648 991 776 1062 περὶ
816 987 892 1046 ὧν
921 990 1025 1062 ἔφη
1054 1008 1140 1057 τις
1185 991 1296 1046 τῶν
1347 993 1521 1062 ἁγίων
1551 996 1845 1066 προφητῶν
1865 1013 1882 1030 ο

298 1099 327 1134 κ
352 1081 478 1134 Ἰδοὺ
521 1080 649 1144 λαὸς
679 1081 879 1151 μωρὸς,
915 1080 1011 1134 καὶ
1058 1079 1338 1152 ἀκάρδιος,
1369 1081 1638 1154 ὀφθαλμοὶ
1679 1083 1884 1154 αὐτοῖς,

302 1175 394 1232 καὶ
430 1173 492 1227 οὐ
533 1171 855 1243 βλέπουσινο
885 1165 1000 1226 ὦτα
1026 1173 1232 1240 αὐτοῖς,
1266 1175 1360 1229 καὶ
1404 1175 1506 1228 οὐκ
1552 1177 1830 1233 ἀκούουσι.
1859 1198 1881 1234 s

227 1303 236 1321 .
303 1265 596 1335 Παρεγγυᾷ
628 1263 919 1336 τοιγαροῦν
946 1265 1263 1334 ἀναγκαίως
1286 1268 1316 1321 6
1340 1268 1656 1339 προφήτης,
1687 1269 1884 1340 λέγων’

309 1375 329 1407 s
357 1353 525 1409 Θέσθε
551 1355 616 1428 δὴ
643 1358 737 1411 ἐπὶ
782 1356 882 1421 τὰς
929 1358 1157 1430 καρδίας
1191 1358 1368 1426 ὑμῶν’
1402 1379 1422 1411 s
1453 1363 1734 1416 τουτέστιν
1755 1404 1771 1429 ,
1805 1364 1888 1428 είς

303 1445 428 1501 νοῦν
478 1447 586 1502 ἔσω
628 1449 724 1502 καὶ
767 1449 994 1520 καρδίαν
1041 1452 1168 1515 τοὺς
1219 1451 1398 1517 θείους
1443 1453 1889 1528 ὲναποτιθέμενοι

303 1538 514 1608 λόγους,
552 1542 645 1594 καὶ
694 1540 802 1596 τῶν
849 1541 1056 1597 ἄνωθεν
1102 1544 1597 1616 χρησμῳδημάτων
1638 1546 1888 1612 συνέντες

303 1631 403 1702 τὴν
449 1631 696 1702 δύναμιν,
751 1634 1099 1688 συναινέσατε
1146 1635 1366 1700 πάντως
1391 1653 1404 1665 ·
1444 1655 1462 1689 s
1485 1637 1573 1701 Ὠς
1624 1638 1886 1708 ἠγάπησα

308 1724 408 1793 μὲν
441 1724 618 1794 ὑμᾶς,
649 1723 797 1792 λέγει
840 1724 1046 1796 Κύριος
1068 1765 1083 1788 ,
1114 1745 1133 1778 s
1169 1727 1382 1797 ὴξίωσά
1408 1745 1468 1780 τε
1503 1727 1722 1799 ἀπάσης
1748 1731 1892 1801 ἡμε-

307 1815 550 1886 ρότητος,
599 1815 692 1869 καί⁹
736 1817 985 1886 φειδοῦς,
1039 1818 1136 1872 καὶ
1180 1818 1282 1889 τῆς
1329 1821 1444 1882 τοῖτ,⁹
1499 1821 1887 1892 ἀγαπωμένοις

1994 621 2581 692 tetigerintzalingua
2641 621 2784 676 enim
2841 617 3111 688 loquentis
3163 617 3458 684 avolantia,
3507 625 3564 672 et

1992 714 2136 769 solas
2157 714 2439 769 audientes
2456 726 2616 768 aures
2647 711 2991 767 verberantia
3046 711 3201 766 vanis
3257 711 3480 765 merito°
3501 725 3565 765 ac

1991 820 2100 862 non
2151 805 2377 876 prolatis
2397 804 2939 873 similiajudicentur.
2968 802 3140 872 Hujus
3171 803 3384 874 generis
3409 811 3566 856 erant

1991 899 2327 964 nonnulli,de
2349 898 2544 969 quibus
2563 897 2779 968 quidam
2811 906 3123 952 sanctorum
3142 895 3562 965 prophetarum:

1997 1009 2018 1045 ι
2058 991 2198 1048 Ecce
2232 991 2462 1062 populus
2487 991 2704 1055 stultus,
2737 999 2794 1046 et
2822 988 2940 1044 sine
2999 987 3201 1043 corde:
3273 987 3415 1040 oculi
3461 988 3563 1052 eis,

1991 1093 2164 1140 etnon
2191 1082 2397 1146 vident,
2426 1096 2588 1137 aures
2609 1081 2710 1148 eis,
2729 1087 2785 1136 et
2809 1095 2916 1135 non
2947 1079 3172 1134 audiunt
3199 1077 3270 1132 “.
3297 1096 3316 1129 ι
3345 1077 3560 1132 Hortari

1991 1176 2177 1247 itaque
2207 1175 2524 1245 prophetam
2579 1187 2805 1228 necesse
2885 1170 3027 1228 fuit:
3080 1189 3099 1222 ι
3137 1169 3327 1224 Ponite
3403 1183 3557 1238 supet

1991 1269 2154 1328 corda
2185 1277 2386 1331 vestra,
2431 1284 2450 1320 ι
2489 1265 2592 1322 hoc
2616 1274 2724 1329 est,
2755 1264 2897 1319 intra
2955 1263 3196 1318 animum
3250 1271 3305 1316 et
3328 1276 3426 1316 cor
3481 1259 3566 1314 di-

1991 1361 2115 1416 vina
2146 1360 2309 1416 verba
2340 1367 2688 1429 reponentes,
2710 1369 3184 1428 supernorumque
3212 1353 3575 1409 oraculorum-

1989 1456 2100 1510 vim
2149 1450 2924 1524 intelligentes,assentiamini
2973 1449 3168 1520 plane:
3217 1465 3236 1500 s
3295 1445 3567 1513 Quoniam

1991 1547 2154 1604 dilexi
2185 1563 2306 1609 vos.
2337 1547 2468 1602 dicit
2496 1546 2776 1610 Dominus,
2811 1563 2831 1598 ι
2858 1542 3116 1611 omnique
3154 1536 3578 1593 mansuetudine

1991 1649 2047 1695 et
2075 1637 2423 1710 indulgentia,
2448 1647 2504 1693 et
2549 1650 2677 1692 cura
2709 1635 2915 1700 sedula,
2949 1648 3070 1704 quae
3096 1629 3310 1687 dilectis
3339 1628 3576 1683 adhibe-

1990 1733 2036 1788 ri
2068 1733 2225 1800 solet,
2248 1732 2500 1803 dignatus
2527 1743 2666 1785 sum.
2707 1727 2821 1784 Hoc
2851 1737 3030 1782 autem
3083 1739 3302 1781 rursum
3333 1721 3568 1777 meritis-

1992 1825 2131 1882 simo
2186 1823 2292 1879 illis
2316 1823 2630 1893 exprobrat,
2655 1820 2798 1890 quod
2838 1819 2940 1874 sibi
2986 1833 3085 1888 pro
3112 1816 3270 1871 bonis
3308 1813 3444 1866 mala
3478 1827 3568 1866 re-

307 1906 622 1976 πρεπούσης
664 1906 993 1979 φιλοτιμίας.
1025 1908 1197 1964 Τοῦτο
1244 1910 1302 1964 δὲ
1352 1906 1418 1964 αὖ
1456 1906 1516 1966 εὖ
1567 1912 1714 1984 μάλα
1758 1930 1894 1968 κατ-

1995 1917 2302 1981 tribuerint,
2319 1930 2464 1978 cum,
2496 1923 2556 1968 ut
2578 1912 2845 1969 cbaritate
2888 1909 3118 1979 dignati,
3168 1907 3410 1966 vicissim
3441 1919 3564 1958 emn

306 1998 655 2063 ονειδίζοντος
681 2001 778 2070 μὲν
797 2040 812 2063 ,
856 2000 930 2066 ὼς
959 2000 1174 2073 πονηρὰ
1219 2002 1341 2056 ἀντὶ
1371 2002 1594 2072 ἀγαθῶν
1617 2004 1892 2060 ἀπέδοσαν

305 2090 454 2160 αὐτῷ
477 2131 493 2152 ,
544 2091 719 2145 καίτοι
765 2091 905 2157 δέον,
935 2092 1012 2156 ὡς
1055 2093 1278 2165 ἀγάπης
1307 2095 1663 2166 ἠξιωμένους,
1700 2098 1892 2150 ἀντευ-

305 2181 552 2250 φραίνειν
576 2184 696 2246 ταῖς
721 2183 1038 2247 ἑπιεικείαις
1079 2185 1173 2238 καὶ
1200 2189 1320 2250 ταῖς
1342 2189 1422 2250 είς
1444 2190 1554 2241 πᾶν
1579 2188 1756 2242 ὁτιοῦν
1779 2188 1898 2243 τῶν

307 2273 638 2326 ἀνδανόντων
665 2274 814 2344 αύτῷ
836 2275 1093 2341 σπουδαῖς
1118 2293 1175 2329 τε
1205 2277 1301 2331 καὶ
1327 2277 1755 2348 προθυμίαις.Εί
1779 2280 1888 2348 γάρ

305 2361 421 2413 ἐστι
453 2360 563 2412 τῶν
591 2361 831 2427 ἀτόπων,
863 2363 925 2416 τὸ
970 2364 1046 2436 μὴ
1102 2365 1386 2436 βούλεσθαι
1429 2370 1542 2431 τοῖς
1590 2367 1712 2421 καθ’
1742 2369 1890 2440 ἡμᾶς

305 2453 614 2507 ἀποδιδόναι
641 2454 740 2518 τὰς
763 2454 1103 2525 ὀφειλάς,τίς
1133 2457 1200 2512 ἂν
1226 2459 1437 2526 γένοιτο
1464 2458 1620 2528 λόγος
1642 2460 1734 2514 ἐπὶ
1754 2459 1888 2514 Θεοῦ

303 2545 399 2599 τοῦ
427 2546 602 2601 πάντα
629 2547 760 2618 ἡμῖν
787 2548 1058 2614 πλουσίως
1097 2551 1441 2622 διανέμοντος
1471 2554 1541 2606 τὰ
1570 2551 1706 2622 πρὸς
1729 2551 1892 2605 εὐθυ-

309 2637 459 2707 μίαν,
489 2639 538 2690 εί
573 2639 651 2711 μὴ
681 2638 921 2710 βούλοιτό
963 2658 1049 2706 τις
1087 2644 1380 2698 ἀντιτίνειν
1407 2644 1558 2716 αὐτῷ
1587 2645 1697 2698 τῶν
1727 2644 1890 2698 δεδω-

307 2731 560 2800 ρημὲνων
583 2731 685 2796 τὰς
709 2733 981 2804 ἀμοιϐάς;.
1004 2736 1057 2788 εί.
1085 2736 1181 2789 καί⁹
1207 2737 1289 2789 ὃτι
1331 2735 1565 2807 μάλιστα
1593 2737 1791 2808 πρέποι
1822 2735 1889 2790 ἂν

1992 2011 2280 2082 probitate,
2309 2018 2356 2063 et
2388 2007 2586 2072 stmlio,
2646 2005 3040 2074 alacritateque
3103 2002 3171 2058 ad
3225 1999 3404 2055 omnia
3464 1997 3564 2066 ipsi

1992 2112 2210 2172 accepta
2248 2101 2520 2156 delectare
2550 2099 2829 2154 deberent.
2858 2097 2914 2153 Si
2961 2096 3104 2152 enim
3155 2092 3450 2148 absurdum
3483 2097 3575 2144 est

1992 2204 2199 2250 naturae
2229 2205 2427 2248 nostra:
2450 2191 2794 2248 consortibus
2829 2198 3089 2261 praestare
3133 2186 3276 2242 nolle
3309 2183 3450 2253 quod
3474 2182 3570 2236 de-

1993 2285 2143 2347 beas,
2176 2281 2303 2352 quid
2327 2296 2491 2350 super
2515 2280 2624 2336 Deo
2655 2276 3122 2347 respondebimus.
3154 2273 3246 2343 qui
3272 2270 3426 2326 nobis
3449 2284 3572 2323 om-

1996 2373 2082 2427 nia
2111 2372 2179 2428 ad
2205 2371 2601 2442 iucunditatem
2634 2367 2961 2440 pertinentia
2997 2365 3335 2420 abundanter
3365 2359 3576 2416 submi-

1995 2463 2216 2527 nistrat,
2244 2464 2287 2517 si
2313 2463 2454 2517 dona
2482 2460 2641 2516 donis
2683 2474 2795 2522 non
2826 2454 3270 2528 rependerimus?
3299 2449 3566 2520 siquidem

1995 2569 2124 2610 sana
2152 2565 2332 2610 mente
2349 2567 2534 2608 revera
2565 2553 2819 2622 praeditos
2851 2550 3090 2606 maxime
3136 2548 3293 2602 decet
3325 2543 3454 2598 illud
3485 2540 3570 2594 dio

1993 2660 2120 2701 cere
2143 2661 2164 2697 τ
2194 2663 2213 2698 ι
2247 2644 2385 2712 Quid
2422 2644 2716 2698 retribuam
2752 2641 3006 2707 Domino,
3045 2653 3143 2710 pro
3171 2636 3424 2694 omnibus
3446 2647 3569 2701 qum

1998 2736 2246 2791 retribuit
2261 2736 2394 2790 mihi
2428 2735 2514 2789 "‘l
2542 2754 2562 2786 ι

305 2825 480 2877 ὲκείνο
531 2824 711 2894 λέγειν
772 2829 886 2891 τοῖς
920 2842 986 2896 γε
1053 2827 1268 2899 ἀληθῶς
1334 2829 1658 2902 ἀρτίφροσι·
1713 2849 1739 2882 ο
1763 2829 1828 2884 Τί
1887 2828 2252 2884 ἀνταποδώσω
2301 2828 2380 2901 τῷ
2424 2828 2614 2901 Κυρίῳ
2656 2827 2787 2900 περὶ
2835 2825 3053 2881 πάντων
3096 2817 3172 2879 ὧν
3219 2816 3568 2876 ἀνταπεδωκέ

349 2934 487 2980 οιςι

349 2934 434 2980 οι;
469 2935 487 2968 ι

309 2934 348 2987 μ
376 3008 490 3062 Καὶ
533 3008 772 3063 εἴπατε·
832 3011 929 3064 Ἐν
979 3013 1096 3066 τίνι
1148 3013 1472 3083 ἠγάπησας
1519 3014 1678 3084 ἡμᾶς
1696 3031 1723 3079 ;·
1767 3015 1894 3068 Οὐκ

2067 3007 2230 3064 Vens.
2256 3009 2310 3064 3.
2344 3009 2410 3066 Et
2428 3009 2636 3064 dixistis
2667 3023 2686 3061 :
2740 3005 2808 3061 In
2837 3023 2940 3076 quo
2962 3003 3196 3058 dilexisti
3225 3019 3318 3058 nos
3340 3003 3366 3056 .9
3414 3001 3568 3058 Non-

304 3097 565 3166 ἀδελφὸς
589 3094 667 3169 ἦν
703 3097 886 3154 Ἠσαῦ
920 3099 1028 3154 τοῦ
1071 3100 1296 3164 Ἰακὼϐ,
1318 3101 1481 3171 λέγει
1521 3104 1759 3170 Κύριος,
1787 3101 1889 3154 καί

1995 3120 2058 3157 ne
2087 3103 2230 3158 Esau
2252 3113 2364 3158 erat
2399 3103 2565 3173 frater
2585 3100 2752 3156 Iacob
2775 3101 2950 3157 ?‘dicit
2980 3097 3257 3160 Dominus,
3324 3106 3373 3150 et
3395 3096 3567 3150 dilexi

305 3190 594 3259 ἠγάπησα
644 3189 753 3244 τὸν
795 3191 1006 3246 Ἰακὼὸ
1015 3232 1030 3257 ,
1079 3191 1188 3246 τὸν
1230 3192 1300 3246 δὲ
1348 3170 1538 3248 Ἡσαῦ
1589 3194 1888 3263 ἐμίσησας

1992 3196 2246 3260 Jacob,et
2269 3170 2413 3250 Esau
2439 3196 2559 3249 odio
2589 3195 2748 3248 habui
2766 3196 2802 3249 ?'
2822 3192 2889 3249 Et
2923 3195 3073 3262 posui
3117 3192 3362 3247 terminos
3379 3189 3494 3257 ejus
3513 3189 3568 3242 in

307 3280 407 3333 καί
440 3279 626 3346 ἔταξα
656 3281 727 3336 τὰ
763 3279 896 3350 ὅρια
926 3281 1115 3336 αὐτοῦ
1152 3284 1239 3350 εις
1267 3283 1633 3354 ἀφανισμὸν,
1653 3283 1752 3338 καί
1773 3286 1890 3352 τὴν

307 3376 714 3445 κληρονομίαν
739 3375 928 3431 αὐτοῦ
953 3377 1041 3442 είς
1063 3375 1301 3446 δώματα
1323 3378 1570 3448 ἐρήμου.

377 3467 450 3522 Δ’.
505 3466 860 3538 Ἐπλὴττοντο
905 3467 1006 3538 μὲν
1047 3467 1290 3522 Ἰουδαῖοι
1337 3469 1478 3523 κατά
1519 3469 1748 3540 καιροὺς
1773 3471 1888 3534 τοῖς

307 3559 373 3614 ἑκ
402 3559 550 3623 θείας
577 3560 746 3632 ὀργῆς
778 3562 1154 3630 συμϐαίνουσι,
1180 3564 1533 3635 πολυτρόπως
1562 3563 1888 3634 δεδυσσεση-

308 3650 805 3715 κότες.’Δπὼθοντο
831 3651 940 3724 γὰρ
981 3655 1063 3717 είς
1093 3655 1490 3725 αἰχμαλωσίας,
1523 3654 1889 3728 καταδῃωθεί-

309 3759 409 3812 σης
451 3743 634 3806 αὐτοῖς
675 3745 776 3814 τῆς
822 3742 1026 3816 χώρας,
1058 3746 1224 3799 οἴκων
1269 3763 1328 3799 τε
1359 3746 1764 3817 ἠρημωμένων,
1795 3744 1888 3798 καὶ

309 3835 441 3905 ὁμοῦ
467 3834 575 3890 τῶν
600 3836 760 3891 θείων
783 3837 928 3892 ναῶν
955 3838 1492 3911 κατεμπρησθὲντων
1514 3838 1623 3891 τῶν
1653 3837 1885 3908 Ἱεροσο-

309 3925 514 3997 λύμων.
542 3928 821 3999 Προφάσει
848 3929 905 3983 δὲ
934 3929 1027 3984 τοῦ
1060 3932 1130 3985 τὰ
1150 3931 1333 3984 τοιάδε
1364 3930 1556 3984 παθεῖν
1589 3931 1806 3994 αὐτοὺς,
1826 3931 1889 3984 τὸ

309 4022 606 4092 ἀποφοιτᾷν
637 4021 858 4076 ἑλέσθαι
886 4022 1068 4095 [φησι]
1098 4024 1195 4092 τῆς
1231 4022 1585 4094 γνησιότητος
1613 4025 1714 4094 τῆς
1750 4023 1888 4095 πρὸς

308 4113 461 4177 Θεὸν,
485 4115 580 4166 καὶ
599 4113 778 4182 ὀλίγου
804 4113 1082 4177 παντελῶς
1095 4113 1322 4179 ἀξιῶσαι
1341 4115 1500 4184 λόγου
1515 4114 1613 4187 τὴν
1633 4118 1712 4180 είς
1724 4115 1888 4186 νόμον

310 4204 460 4259 αίδὼ.
479 4205 696 4277 Ἐπειδὴ
741 4205 921 4260 τοίνυν
969 4206 1254 4276 ἀγαπῆσαι
1283 4207 1534 4276 λέγοντος
1562 4208 1766 4272 αὐτοὺς
1789 4207 1886 4262 τοῦ

309 4296 466 4359 Θεοῦ,
493 4297 587 4350 καὶ
616 4297 821 4370 σφόδρα
854 4314 920 4367 γε
959 4293 1029 4369 ἦν
1062 4298 1207 4362 εἰκὸς
1237 4299 1345 4352 τῶν
1369 4300 1470 4371 τῆς
1507 4300 1888 4372 αἰχμαλωσίας

1988 3290 2388 3354 desolationem,
2411 3297 2460 3341 et
2483 3288 2842 3342 hereditatem
2877 3287 2992 3354 ejus
3024 3285 3081 3338 in
3111 3285 3294 3337 domos
3326 3280 3576 3337 solitudiv

1989 3383 2093 3436 nis.

2057 3473 2148 3528 lV.
2185 3471 2636 3532 Percutiebantur
2677 3469 2968 3540 aliquando
3029 3466 3198 3523 fudmi
3253 3465 3322 3520 ab
3354 3463 3581 3520 infenso

1989 3567 2120 3632 Deo,
2143 3583 2265 3623 cum
2295 3567 2480 3622 multis
2497 3580 2555 3620 se
2587 3564 2955 3633 impietatihus
2989 3561 3433 3616 olvstrinxissent.
3459 3557 3576 3613 Va-

1987 3669 2126 3715 stata
2149 3658 2294 3714 enim
2330 3674 2519 3714 eorum
2549 3665 2718 3717 terra.
2759 3655 2955 3726 captivi
2981 3654 3358 3724 abigebantnr,
3392 3651 3567 3706 domi-

1988 3752 2088 3807 bus
2107 3751 2422 3813 exinanitis,
2440 3760 2490 3805 et
2523 3748 2908 3819 Hierosolymis
2935 3763 3040 3804 una
3064 3761 3190 3801 cum
3219 3745 3400 3800 divino
3431 3753 3566 3799 tem-

1989 3842 2076 3911 plo
2100 3841 2358 3897 crematis
2384 3841 2450 3893 ⁸³.
2497 3839 2664 3910 820
2701 3839 2852 3904 Quod
2919 3848 3102 3891 autem
3157 3838 3259 3890 ista
3319 3833 3563 3905 perpessi

1988 3931 2238 3996 fuissent,
2272 3929 2395 3985 inde
2413 3929 2646 3999 legitima
2669 3943 2794 3998 erga
2829 3929 2995 3982 Demn
3037 3925 3345 3989 deserendi,
3399 3934 3454 3979 et
3478 3939 3576 3979 re-

1988 4023 2284 4078 verentiam
2316 4021 2454 4090 legis
2478 4021 2626 4090 parvi
2660 4020 2886 4075 omnino
2905 4019 3171 4088 pendendi
3213 4018 3563 4073 occasionem

1987 4116 2338 4186 arripiebant.
2369 4113 2505 4181 Quia
2534 4113 2697 4182 igitur
2722 4113 2932 4166 dicente
2953 4110 3085 4176 Deo,
3104 4124 3164 4167 se
3189 4111 3311 4167 illos
3338 4110 3573 4166 dilexis-

1986 4223 2070 4274 se,
2113 4216 2168 4262 et
2198 4206 2350 4262 valde
2389 4206 2604 4276 quidem
2634 4204 2895 4260 credibile
2935 4214 3054 4259 erat
3077 4220 3170 4260 eos
3217 4203 3558 4258 miseriarum

1987 4299 2320 4370 captivitatis
2349 4297 2527 4354 denuo
2559 4311 2850 4363 memores,
2889 4297 2960 4350 ita
3014 4297 3247 4351 fortasse
3291 4296 3572 4362 dicturos,

307 4388 709 4459 διαμεμνῆσθαι
744 4389 950 4453 κακῶν,
988 4390 1152 4458 φάναι
1182 4407 1242 4442 τε
1275 4391 1417 4444 οῦτω
1444 4391 1603 4462 τυχὸν
1633 4391 1716 4458 τὸ,
1756 4411 1778 4444 s
1798 4394 1892 4447 Ἐν

1993 4413 2012 4448 s
2050 4395 2107 4449 In
2132 4409 2238 4462 quo
2267 4391 2498 4446 dilexisti
2525 4390 2668 4446 nos?
2703 4408 2722 4442 ι
2752 4389 3171 4458 prudentissimo
3193 4387 3419 4460 consilio
3441 4388 3563 4442 uni-

307 4477 414 4532 τίνι
457 4479 747 4550 ἠγάπησας
774 4480 960 4550 quae;
987 4498 1007 4531 ι
1045 4481 1534 4552 οίκονομικὼτατος
1569 4483 1692 4537 λίαν
1719 4485 1749 4537 6
1775 4483 1886 4537 τῶν

1993 4500 2269 4542 versurum
2304 4484 2443 4540 Deus
2474 4498 2594 4552 qua:
2618 4482 2927 4537 acciderant
2954 4480 3574 4548 prmtermittit,eorum-

307 4569 443 4624 ὅλων
460 4569 612 4635 Θεὸς,
643 4569 978 4639 παριππεύει
1003 4569 1108 4641 ,μὲν
1136 4570 1206 4624 τὰ
1233 4571 1321 4625 διὰ
1343 4572 1507 4641 μέσου
1535 4572 1894 4644 ωμόήματα,

1990 4593 2094 4650 que
2124 4579 2484 4633 narrationem
2516 4572 3570 4643 relinquit,dilectiouisquedemonstra-

310 4661 404 4716 καὶ
438 4661 536 4732 τὴν
575 4662 665 4713 ἐπ’
690 4661 873 4724 αὐτοῖς
901 4662 1237 4733 παρατρέχει
1262 4662 1534 4733 διήγησιν,
1564 4664 1891 4734 ἀνακομίζει

1990 4673 2186 4725 tionem
2211 4669 2276 4723 ad
2301 4667 2516 4736 generis
2541 4681 2731 4721 eorum
2783 4665 3126 4734 principium,
3191 4663 3358 4719 Jacob
3406 4665 3566 4718 nimi-

309 4771 373 4822 γε
409 4752 514 4824 μὴν
536 4752 634 4824 τὴν
667 4754 763 4824 τῆς
793 4754 1015 4823 ἀγάπης
1041 4753 1314 4821 ἀπόδειξιν
1333 4755 1427 4807 ἐπὶ
1457 4754 1554 4826 τὴν
1581 4754 1677 4809 τοῦ
1698 4755 1892 4825 γένους

1990 4777 2128 4824 rmn,
2167 4769 2402 4827 revocat,
2427 4774 2587 4830 quem
2647 4773 2706 4813 se
2735 4757 2985 4812 dilexisse
3019 4757 3324 4822 conﬁrmat,
3364 4759 3553 4813 odisse

308 4847 502 4917 ἀρχὴν,
532 4846 676 4917 φημὶ
718 4846 783 4916 δὴ
815 4847 906 4900 τὸν
951 4846 1166 4933 Ἰακὼϐ,
1201 4847 1260 4900 ὃν
1289 4847 1574 4917 ἀγαπῆσαι
1604 4848 1702 4918 μὲν
1743 4849 1890 4919 ἰσχυ-

1990 4863 2166 4906 antem
2202 4851 2377 4917 Esau,
2401 4851 2752 4920 quantumvis
2783 4850 2835 4904 ei
2874 4849 2966 4918 qui
3003 4849 3326 4921 diligebatur
3357 4857 3567 4904 natura:

309 4937 536 5007 ρίζεται.
575 4939 1048 5009 κατεστυγημένον
1096 4939 1155 4991 δὲ
1187 4938 1514 5009 πεποιῆσθαι
1559 4938 1652 4991 τὸν
1691 4939 1884 5004 Ἡσαῦ,

1990 4944 2215 5013 legibus,
2244 4952 2304 4996 ut
2325 4941 2510 5001 frater.
2526 4940 2812 4995 devinctus
2833 4948 2996 4995 esset.
3023 4939 3235 4994 Etenim
3265 4949 3324 4993 ut
3351 4940 3567 4992 divinus

309 5029 486 5083 καίτοι
529 5032 641 5093 τοῖς
696 5030 910 5098 φύσεως
941 5031 1127 5100 νόμοις
1157 5031 1237 5092 είς
1267 5029 1606 5101 ἀδελφότητα
1636 5031 1714 5102 τῷ
1736 5049 1884 5086 τετι-

1993 5037 2190 5090 l’aulus
2214 5035 2399 5090 scribit
2431 5048 2445 5084 :
2486 5052 2505 5084 ι
2543 5032 2677 5088 Cum
2699 5032 2935 5086 nondum
2967 5031 3078 5084 nati
3111 5029 3360 5096 fuissent,
3390 5045 3566 5100 neque

311 5117 538 5188 μημένῳ
588 5118 964 5188 συνδούμενον.
983 5120 1070 5183 Ὠς
1119 5119 1229 5192 γὰρ
1278 5121 1308 5174 6
1353 5120 1638 5185 θεσπέσιος
1683 5124 1885 5193 γράφει

1990 5126 2192 5196 aliquid
2239 5125 2363 5179 boni
2392 5124 2650 5193 egissent,
2673 5132 2767 5176 aut
2795 5123 2918 5177 ntali
2946 5121 3014 5185 “,
3047 5141 3066 5174 ι
3105 5121 3271 5176 Jacob
3292 5122 3476 5188 elegit,
3528 5139 3556 5174 a

308 5209 542 5274 Παῦλος,
580 5229 599 5262 s
624 5212 807 5282 Μὴπω
834 5213 1200 5282 γεννηθέντων
1225 5254 1241 5277 ,
1301 5213 1441 5285 μηδὲ
1481 5213 1806 5286 πραξάντων
1832 5233 1885 5269 τι

1990 5234 2098 5287 quo
2128 5215 2432 5272 Iudaeorum
2457 5231 2590 5287 gens
2609 5215 2876 5285 originem
2901 5214 3057 5270 duxit
3094 5232 3110 5268 :
3144 5215 3344 5288 abjecit
3376 5225 3560 5268 autem

308 5302 533 5370 ἀγαθὸν,
561 5303 594 5374 ἦ
629 5304 853 5372 φαῦλον,
888 5325 907 5357 s
939 5306 1234 5359 ἀπόλεκτον
1261 5309 1497 5361 ἐποιεῖτο
1543 5308 1636 5362 τὸν
1689 5307 1909 5369 Ἰακὼϐ,

1990 5307 2145 5373 Esau,
2177 5324 2284 5362 non
2318 5309 2460 5377 quod
2517 5310 2584 5362 ab
2626 5322 2692 5364 eo
2742 5316 3064 5378 provocatus
3107 5317 3252 5364 esset
3291 5305 3421 5378 (non
3482 5317 3566 5362 est

308 5395 367 5460 ἐξ
400 5389 460 5449 οὗ
503 5395 564 5448 τὸ
595 5395 706 5450 τῶν
744 5397 1010 5452 Ἰουδαίων
1040 5399 1248 5472 ἀνεφύη
1274 5400 1465 5467 γένος’
1500 5401 1800 5474 ἐκδέὅληκε
1829 5401 1889 5456 δὲ

1990 5402 2126 5460 enim
2158 5400 2393 5472 injustus
2437 5399 2601 5467 Deus,
2639 5414 2738 5454 nec
2776 5399 3041 5468 iniquam,
3093 5404 3188 5452 aut
3241 5398 3561 5467 ancipitem,

303 5484 398 5538 τὸν
434 5485 626 5551 Ἡσαῦ,
678 5487 770 5540 καὶ
799 5488 860 5541 ού
892 5487 1062 5558 δήπου
1092 5490 1273 5559 φαμὲν
1298 5491 1440 5544 κατά
1463 5490 1766 5561 πρόκλησιν
1800 5491 1894 5561 (οὐ

1990 5508 2078 5549 seu
2113 5493 2426 5550 variabilem
2475 5491 2582 5549 fert
2633 5492 2958 5548 sententiam
3004 5491 3060 5548 in
3122 5505 3571 5562 unumquemque

272 5577 416 5659 >γὰρ
456 5577 639 5641 ἄδικος
687 5581 716 5632 6
762 5578 914 5644 Θεὸς,
945 5579 1068 5634 οὔτε
1104 5582 1211 5651 μὴν
1235 5583 1416 5635 ἄνισον
1449 5583 1482 5654 ἢ
1509 5582 1801 5654 ἑτεραλκὲς
1827 5583 1889 5636 τὸ

1990 5584 2322 5656 mortalem);
2367 5584 2462 5639 sed
2489 5598 2609 5639 cum
2645 5591 2895 5651 tanquam
2932 5581 3071 5636 Deus
3092 5583 3374 5638 amborum
3411 5581 3568 5638 futu-

305 5665 391 5738 ἐφ’
419 5670 633 5741 ἑκάστῳ
676 5670 784 5723 τῶν
830 5672 924 5724 ἐπὶ
968 5671 1067 5741 τῆς
1106 5672 1208 5742 γῆς
1231 5672 1466 5742 διεξάγει
1495 5677 1666 5746 κρῖμα
1682 5675 1722 5746 )’
1754 5691 1888 5747 προ-

1990 5692 2074 5732 rus
2106 5676 2347 5731 actiones
2374 5684 2430 5730 et
2468 5675 2748 5744 utriusque
2769 5687 2950 5730 mores
3001 5681 3323 5746 praenosset,
3373 5672 3578 5732 melior

378 5842 421 5876 "
449 5841 649 5902 Jerem.
673 5861 730 5913 ν,
757 5845 844 5903 2t.
924 5846 967 5880 “
997 5845 1137 5902 Psal.
1162 5863 1282 5912 cxv,
1317 5847 1394 5904 l2.
1472 5847 1517 5883 ⁸³
1547 5848 1610 5904 ιν
1642 5850 1773 5922 Reg.
1805 5867 1931 5919 xxv,
1958 5852 2000 5908 9‘
2022 5869 2170 5924 seqq.
2253 5853 2484 5910 1"Hom.
2514 5869 2590 5912 ts.
2626 5852 2710 5908 ll.
