4120 6376
495 445 604 503 285

1486 441 1546 499 S.
1587 440 1862 497 CYRILLI
1901 438 2373 496 ALEXANDRINI
2413 439 2747 497 ARCHIEP..

3646 441 3747 499 284

501 581 614 622 rem
631 573 687 619 et
721 561 1045 618 sanctiorem
1069 562 1380 632 complexus
1403 573 1520 628 est;
1557 573 1636 628 ut,
1683 563 1916 633 exempli
1941 580 2068 619 cau-

2174 560 2434 638 εγνωκὼς
2450 561 2506 613 δὲ
2532 561 2607 628 ὡς
2628 561 2760 623 Θεὸς
2785 559 2854 614 τὰ
2885 561 3017 631 παρ’
3046 561 3248 632 ἀμφοῖν
3270 558 3503 631 ἐσόμενα
3523 561 3636 621 ,καὶ
3657 563 3749 618 τὸν

498 673 580 721 sa,
614 655 775 710 etiam
810 654 1022 708 beatum
1047 651 1338 707 Jeremiam
1367 655 1679 724 priusquam
1710 672 1833 710 eum
1863 657 2066 714 forma.-

499 753 582 801 ret
612 745 663 797 in
704 754 885 804 utero,
916 742 1133 796 novisse
1167 757 1226 796 se
1288 742 1513 808 dicit,et
1545 744 2067 817 sanetilicasse,_an-

497 845 711 904 tequam
739 832 805 886 de
839 831 995 884 vulva
1017 832 1192 887 exiret
1217 831 1285 887 ⁸⁸.
1359 833 1577 888 Sciebat
1608 834 1813 902 utique,
1862 835 2073 890 sciebat

495 937 619 977 eum
655 922 974 991 prophetam
1001 920 1265 986 futurum,
1292 931 1345 978 et
1373 923 1439 976 ad
1485 922 1665 978 futura
1700 927 2068 994 praenuntian-

494 1014 562 1066 da
590 1011 822 1082 legatum
848 1011 1131 1075 idoneum.
1149 1011 1240 1067 Sic
1269 1023 1325 1068 et
1356 1028 1453 1068 nos
1488 1013 1631 1082 ipsos
1655 1015 1708 1069 in
1735 1016 1842 1072 ﬁde
1865 1016 2067 1086 justiti-

494 1113 646 1160 catos
691 1104 1016 1158 sanctiticari
1064 1104 1278 1163 divinus
1327 1105 1522 1162 Paulus
1575 1110 1775 1164 asserit
1811 1128 1824 1164 :
1864 1129 1883 1161 ι
1922 1108 2070 1176 Quos

495 1197 640 1250 enim
674 1197 960 1266 prmscivit,
997 1196 1115 1250 illos
1141 1208 1196 1250 et
1221 1198 1626 1265 praedestinavit
1648 1200 1787 1256 Deus
1812 1209 1868 1255 et
1909 1201 2071 1255 Pater

494 1286 802 1340 conl'ormes
824 1285 942 1338 ﬁeri
963 1285 1183 1355 imagini
1212 1285 1331 1341 Filii
1359 1287 1440 1340 sui
1462 1286 1527 1340 ⁵⁵.
1559 1305 1578 1337 ›
1605 1286 1829 1342 Eosdem
1850 1302 2071 1342 vocasse

495 1377 936 1432 ctsanctillcasse
983 1375 1180 1429 ibidem
1237 1375 1455 1430 dicitur.
1537 1376 1726 1447 Itaque
1773 1376 2066 1431 secundum

497 1470 891 1539 pnescicntiam
921 1469 1116 1537 dignus
1151 1468 1441 1524 dilectione
1489 1469 1721 1524 habetur
1778 1467 1967 1530 Iacob.
2014 1477 2069 1524 et

498 1571 732 1614 meretur
767 1559 948 1612 odium
975 1559 1136 1613 Esau.
1165 1559 1345 1627 luquit
1391 1559 1576 1628 igitur,
1604 1575 1636 1612 o
1666 1559 1853 1623 Israel,
1911 1577 1932 1612 ι
1977 1559 2066 1612 Di-

497 1649 597 1703 lexi
632 1665 744 1702 vos.
784 1669 807 1700 ι
837 1649 942 1703 Nec
973 1649 1204 1703 mentiar
1228 1648 1334 1704 ulio
1379 1650 1536 1704 modo
1559 1690 1574 1714 ,
1603 1649 1648 1704 si
1707 1649 1781 1703 ita
1809 1650 1960 1705 vobis
1982 1652 2064 1704 di-

497 1755 614 1791 cam
649 1757 664 1793 :
699 1755 821 1791 nam
855 1750 914 1794 nt
952 1753 1035 1793 me
1075 1747 1222 1793 recta
1252 1748 1306 1794 et
1337 1754 1466 1793 vera
1521 1739 1667 1808 loqui
1702 1742 2066 1810 cognoscatis,

497 1831 562 1883 ad
593 1829 919 1899 principium
938 1830 1153 1899 generis
1194 1830 1410 1884 modmn
1471 1830 1779 1886 dilectionis
1804 1833 2062 1888 reducite.

2167 655 2398 715 ἑκάστου
2445 653 2667 723 τρόπον,
2700 652 2923 722 ἀγάπης
2966 651 3117 722 ἠξίου
3162 652 3254 706 τὸν
3297 651 3612 722 ἀμείνω,τε
3656 659 3742 707 κα)

2168 743 2478 814 ἱερώτερονο
2507 741 2760 812 καθάπερ
2803 741 2994 813 ἀμέλει
3040 742 3133 794 καὶ
3160 741 3252 794 τὸν
3284 740 3552 812 μακάριον
3586 741 3746 811 Ἱερε-

2172 835 2302 906 μίαν
2355 834 2484 904 πρὶν
2535 835 2593 886 ὲν
2647 832 2826 902 κοιλίᾳ
2873 831 3166 886 διαπλάσαι
3215 833 3378 902 φησὶν
3429 830 3724 898 ἐγνωκέναι

2168 927 2395 996 ἁγιάσαι
2432 943 2492 979 τε
2530 925 2660 997 πρὶν
2686 923 2921 990 ἐξελθεῖν
2950 925 3015 978 ὲκ
3050 922 3443 996 μήτρας.ᾜδει
3469 921 3598 993 γὰρ,
3634 922 3770 992 ᾔδει⁹

2168 1019 2457 1090 προφήτην
2513 1017 2791 1088 ἐσόμενον,
2840 1018 2934 1072 καὶ
3003 1016 3322 1085 ἐπιτηδείως
3371 1015 3561 1085 ἔχοντα
3617 1010 3766 1085 πρὸς¹

2170 1109 2494 1180 ἀποστολὴν,
2524 1109 2622 1180 τὴν
2652 1108 2744 1161 ἐπὶ
2782 1107 2840 1162 τὸ
2879 1108 2990 1162 δεῖν
3031 1107 3141 1160 τῶν
3167 1105 3439 1176 ἐσομένων
3474 1102 3743 1157 ποιεῖσθαι

2170 1202 2270 1274 τὴν
2299 1200 2715 1274 προαγόρευσιν.
2745 1199 2900 1254 Οὕτω
2928 1199 2985 1252 δὲ
3019 1199 3114 1252 καὶ
3137 1199 3284 1269 ἡμᾶς
3308 1197 3504 1259 αὐτοὺς
3532 1196 3658 1256 τοὺς
3686 1196 3744 1246 ἐν

2170 1293 2350 1346 πίστει
2398 1291 2852 1362 δεδικαιωμένους
2895 1290 3152 1362 ἡγιᾶσθαί
3194 1306 3357 1359 φησιν
3395 1290 3422 1341 ό
3463 1287 3746 1351 θεσπέσιος

2169 1385 2401 1448 Παῦλος.
2454 1404 2472 1434 ι
2498 1383 2605 1446 Οὓς
2641 1383 2750 1454 γὰρ
2777 1381 2936 1458 ἔγνω,
2967 1382 3060 1436 καὶ
3089 1381 3414 1454 προώρισεν,
3442 1381 3470 1432 6
3497 1379 3627 1442 Θεὸς
3655 1378 3750 1432 καὶ

2171 1480 2380 1550 Πατὴρ,
2409 1478 2766 1549 συμμόρφους
2809 1477 2912 1547 τῆς
2962 1476 3171 1539 εἰκόνος
3211 1475 3304 1527 τοῦ
3335 1473 3466 1528 Υἱοῦ
3496 1471 3680 1527 αὐτοῦ.
3724 1492 3742 1523 ι

2169 1571 2402 1631 Τούτους
2442 1567 2666 1620 καλέσαι
2719 1584 2780 1618 τε
2828 1567 2922 1619 καὶ
2973 1565 3197 1635 ἁγιάσαι
3250 1563 3487 1632 λέγεται.
3541 1561 3749 1616 Οὐκοῦν

2167 1661 2310 1714 κατὰ
2341 1662 2650 1731 πρόγνωσιν
2686 1658 2909 1728 ἠξίωται
2941 1659 3040 1728 μὲν
3072 1657 3291 1727 ἀγάπης
3319 1658 3347 1709 6
3399 1654 3614 1719 Ἰακὼϐ,
3654 1672 3748 1725 με·

2171 1751 2393 1822 μίσηται
2418 1751 2473 1803 δὲ
2499 1749 2723 1812 δικαίως
2751 1751 2780 1802 6
2822 1744 3090 1803 'Hca5.'9
3115 1748 3313 1810 τοίνυν,
3339 1747 3491 1821 φησι,
3510 1745 3746 1818 Ἰσραὴλ,

2173 1861 2192 1893 ι
2238 1843 2535 1914 Ἠγάπησα
2575 1843 2675 1911 μὲν
2721 1842 2886 1912 ὑμᾶς.
2933 1859 2952 1891 ι
2988 1839 3478 1910 Ψευδομυθὴσαιμι
3526 1839 3634 1908 γὰρ
3684 1837 3749 1891 ἂν

495 1921 669 1974 Ambo
694 1921 836 1974 enim
874 1930 992 1974 satu
1033 1918 1203 1975 l‘saaci
1267 1929 1427 1974 erant
1463 1921 1632 1977 editi:
1675 1937 1861 1977 verum
1905 1923 2070 1978 Jacoh

2174 1931 2445 2002 οὐδαμῶς,
2479 1934 2526 1985 εί
2575 1931 2733 1984 τοῦτο
2783 1931 2994 2002 λέγοιμι
3032 1929 3167 2001 πρὸς
3215 1932 3358 2000 ὑμᾶς
3384 1945 3399 1961 ·
3430 1928 3644 1981 εἴσεσθε
3693 1927 3750 1979 δὲ

497 2014 604 2066 vita
635 2013 828 2078 bonus,
869 2021 925 2067 et
957 2028 1146 2067 amans
1183 2013 1316 2077 Dei;
1352 2013 1492 2069 alter
1527 2016 1870 2084 praefractus,
1899 2025 1954 2071 et
1985 2018 2068 2070 in-

500 2102 817 2168 trat-tabilis,
851 2111 906 2156 et
927 2103 993 2156 ad
1016 2103 1226 2171 piacula
1260 2119 1364 2158 non
1389 2105 1704 2173 imparatus.
1728 2106 2072 2176 QuaprOpter

500 2194 749 2248 inclinavi
805 2194 859 2247 in
887 2192 1077 2257 Jacob,
1108 2203 1163 2248 et
1189 2194 1554 2250 haereditatem
1583 2195 1724 2250 Esau
1755 2197 2070 2252 attributam

499 2285 1030 2354 vastavi,ipsamque
1057 2285 1110 2339 in
1133 2285 1524 2341 desolationem
1572 2288 1716 2344 dedi.
1769 2287 2068 2343 llaeredita-

499 2385 608 2427 tem
639 2388 771 2431 vero
792 2371 963 2430 Jacob
997 2375 1193 2447 collegi
1235 2376 1570 2446 indulgentia
1619 2393 1760 2443 mea,
1819 2380 1921 2433 hoc
1988 2390 2074 2434 est

501 2481 615 2531 vos,
643 2464 759 2519 sive
789 2464 1076 2545 regionem)
1092 2480 1252 2534 quam
1282 2467 1538 2522 incolitis.
1593 2467 1881 2522 Sciendum
1909 2485 2072 2539 porro

497 2555 639 2609 Ῑὶειάιι
663 2554 980 2608 vocabulum
1015 2555 1208 2623 exponi
1251 2553 1441 2608 Latine
1462 2571 1683 2626 quercus
1710 2572 1729 2610 :
1783 2557 1945 2628 821
1970 2555 2073 2611 fuit

497 2645 640 2697 enim
669 2644 856 2706 durus,
884 2652 942 2700 et
967 2643 1271 2701 inflexibilis
1297 2647 1468 2702 instar
1487 2646 1639 2702 durae
1660 2662 1918 2716 quercus.
1935 2647 2070 2717 Quia

498 2747 680 2792 autem
710 2747 930 2809 propter
972 2755 1135 2794 unam
1166 2755 1348 2796 escam
1376 2741 1622 2797 vendidit
1653 2743 1924 2813 primitiva
1951 2760 2069 2810 sua,

500 2828 794 2898 appellatus
826 2840 910 2885 est
931 2831 1060 2885 item
1084 2829 1284 2900 Edom,
1317 2837 1462 2902 quod
1487 2844 1644 2888 sonat
1667 2844 1924 2889 terrenus.
1967 2835 2074 2890 Un-

497 2922 566 2976 de
592 2930 646 2976 et
668 2921 942 2993 regionem
973 2932 1309 2992 posterorum
1355 2923 1497 2980 Esau
1518 2923 1805 2979 ldumaeam
1828 2925 2073 2981 nomina-

501 3021 608 3065 tam
641 3025 799 3066 sacra
821 3010 1102 3082 Scriptura
1130 3021 1364 3069 testatur
1385 3013 1453 3078 ⁵⁷,
1537 3030 1705 3084 quam
1791 3016 2071 3071 subactam

498 3105 786 3172 aliquando
841 3102 1010 3159 Judaei
1063 3105 1358 3161 desolatam
1419 3115 1475 3161 et
1516 3107 1790 3164 desertam
1855 3109 2073 3178 penitus

502 3194 872 3248 reddiderunt.
907 3195 1047 3262 Quid
1077 3205 1257 3250 autem
1289 3197 1572 3264 prophetia
1607 3196 1869 3252 lsraelitis
1926 3199 2072 3254 indi-

2175 2025 2399 2094 μᾶλλον,
2425 2024 2500 2086 ὼς
2521 2023 2666 2076 ἔστιν
2691 2023 2850 2094 ὀρθός
2874 2040 2930 2075 τε
2959 2022 3053 2077 καὶ
3072 2021 3277 2092 ἀληθὴς
3305 2021 3534 2087 δλόγος,
3558 2020 3636 2082 είς
3651 2019 3749 2088 τὴν

2171 2113 2264 2167 τοῦ
2293 2115 2483 2182 γένους
2516 2113 2689 2185 ἀρχὴν
2733 2113 3098 2185 ἀναφέροντες
3125 2114 3222 2183 τῆς
3257 2112 3478 2182 ἀγάπης
3505 2111 3598 2164 τὸν
3621 2110 3748 2181 τρόπ-

2172 2207 2504 2276 πον.Ἀμφω
2538 2207 2635 2276 μὲν
2662 2205 2768 2277 γὰρ
2797 2206 2964 2276 ἤστην
2998 2205 3256 2271 ὲξ“Ἰσαάκ
3279 2220 3293 2235 ⁸
3324 2204 3437 2258 ἀλλ’
3456 2200 3522 2275 ἦν
3549 2203 3752 2272 ἀγαθὸς

2170 2296 2294 2361 τους
2324 2297 2559 2367 τρόπους
2587 2297 2690 2350 καὶ·
2707 2296 2951 2365 φιλόθεος
2977 2297 3005 2348 6
3033 2294 3226 2349 Ἰακὼϐ
3246 2337 3260 2357 ,
3292 2295 3320 2348 ὃ
3346 2312 3409 2364 γε
3441 2295 3547 2366 μὴν
3566 2293 3752 2362 ἕτερος

2174 2389 2432 2460 σκληρὸς,
2457 2390 2550 2443 καὶ
2581 2389 2930 2459 δυσάντητος,
2966 2389 3061 2442 καὶ
3084 2388 3300 2459 ἕτοιμος
3329 2389 3406 2451 είς
3433 2387 3749 2458 βεϐήλωσιν.

2173 2481 2442 2554 Ταύτῃτοι
2471 2482 2843 2552 προσνένευκα
2871 2481 2950 2550 τῷ
2987 2480 3202 2543 Ἰακὼϐ,
3235 2482 3326 2534 καὶ
3355 2480 3445 2533 τὸν
3474 2481 3575 2549 μὲν
3600 2482 3753 2533 ὲκνε-

2175 2567 2420 2640 μηθέντα
2470 2569 2549 2640 τῷ
2583 2569 2758 2622 Ἣσαῦ
2816 2569 3162 2639 κατηφάνισα
3214 2569 3436 2640 κλῆρον,
3473 2569 3647 2622 ἐδωκά
3693 2585 3751 2621 τε

2171 2660 2333 2714 αὑτὸν
2359 2663 2436 2723 είς
2469 2661 2746 2732 ἐρήμωσιν
2763 2675 2779 2692 ·
2808 2660 3224 2732 συγκεκρότηκα
3249 2660 3306 2714 δὲ
3333 2663 3398 2731 τῇ
3439 2662 3568 2730 παρ’
3587 2660 3753 2730 ἐμαυ-

2172 2749 2265 2804 τοῦ
2319 2749 2492 2818 φειδοῖ
2530 2750 2623 2803 τὸν
2675 2749 2769 2804 τοῦ
2813 2750 3029 2815 Ἰακὼϐ,
3072 2751 3348 2805 τουτέστιν
3389 2753 3553 2822 ὑμᾶς,
3587 2753 3773 2821 ἤγουν.

2170 2839 2272 2908 τὴν
2301 2837 2503 2910 χώραν,
2528 2840 2594 2908 ἦν
2623 2841 3002 2910 κατῳκήκατε.
3022 2841 3216 2893 Ἰστέον
3247 2841 3324 2905 δὲ,
3351 2843 3432 2895 ὄτι
3461 2839 3756 2911 ἑρμηνεύε-

2171 2950 2262 2984 ται
2303 2932 2402 3002 μὲν
2435 2931 2600 3000 δρῦς,
2643 2931 2879 3002 σκληρὸς
2908 2932 2964 2985 δὲ
2991 2932 3087 2985 καλ¹
3117 2932 3398 3002 ἀκαμπὴς,
3432 2931 3657 2994 καὶτοῖς
3691 2932 3756 2984 ἐκ

2172 3022 2330 3093 δρυὸς
2361 3022 2539 3090 ξύλοις
2573 3023 2754 3091 ὀλίγον
2782 3022 3128 3094 παραχωρῶν
3166 3026 3194 3076 6
3227 3023 3418 3077 Ἡσαῦ.
3460 3025 3753 3092 Ἀπεμπω-

2173 3112 2345 3184 λήσας
2389 3114 2447 3168 δὲ
2477 3113 2574 3167 καὶ
2606 3114 2678 3166 τὰ
2725 3113 3066 3184 πρωτοτόκια
3100 3114 3353 3185 βρώσεως
3389 3113 3574 3166 ἕνεκεν
3603 3114 3752 3182 μιᾶς,

2174 3204 2488 3275 ὠνόμασται
2531 3203 2597 3274 δὴ
2628 3205 2723 3258 καὶ
2769 3202 2968 3275 Ἐδὼμ,
2999 3206 3028 3258 ὅ
3069 3205 3184 3257 ἐστι
3233 3204 3457 3272 γήϊνος.
3489 3203 3756 3273 Ταύτῃτοι

499 3289 626 3342 cati
647 3287 800 3354 Illud,
823 3287 1016 3354 opinor
1045 3302 1060 3339 :
1092 3284 1263 3342 Jacob
1293 3302 1352 3341 se
1392 3287 1650 3342 dilexisse
1677 3289 1773 3354 ait,
1822 3304 1924 3346 nec
1966 3290 2072 3344 alia

2175 3296 2272 3350 xui.
2312 3295 2624 3370 Ἰδουμαίαν,
2639 3295 2939 3365 κεκλῆσθαί
2971 3312 3104 3365 φησι
3131 3294 3192 3348 τὸ
3229 3295 3465 3366 Γραμμα
3497 3295 3558 3347 τὸ
3590 3295 3753 3362 ἱερὸν,

499 3380 566 3432 de
590 3395 774 3443 causa,
811 3379 917 3431 nisi
950 3377 1075 3446 quia
1107 3377 1322 3432 eratvir
1357 3394 1378 3429 ι
1409 3377 1663 3446 simplex,
1685 3379 1943 3435 habitans
1979 3383 2078 3435 do-

503 3486 646 3524 mum
681 3470 771 3523 N‘z
813 3488 832 3519 ι
871 3468 1052 3523 odisse
1098 3477 1280 3522 autem
1318 3466 1482 3533 Esau,
1535 3479 1656 3524 erat
1705 3472 1875 3540 enim,
1921 3472 2075 3540 juxta

503 3562 715 3620 beatum
746 3559 966 3616 Paulum
997 3559 1084 3624 ",
1132 3568 1378 3615 terrenus
1428 3575 1483 3614 et
1535 3560 1816 3630 profanus.
1869 3563 2072 3628 Quam-

503 3658 692 3712 obrem
719 3653 934 3711 Judteos
963 3653 1264 3725 intelligere
1293 3654 1577 3722 oportebat
1619 3670 1722 3709 non
1755 3654 1922 3711 fuisse
1945 3673 2072 3726 pas-

502 3763 660 3803 suros
692 3745 1106 3811 desolationem,
1138 3760 1238 3800 nec
1262 3760 1293 3800 e
1325 3745 1500 3815 patria
1523 3747 1589 3800 ad
1609 3745 1944 3816 alienigenas
1973 3750 2076 3804 mi-

2172 3385 2282 3439 τῶν
2311 3385 2373 3451 ἐξ
2413 3385 2585 3440 Ἠσαῦ
2611 3386 2912 3455 γεγονότων
2939 3385 3038 3456 τὴν
3068 3383 3271 3456 χώραν,
3304 3386 3369 3456 ἢν
3395 3384 3765 3455 ἐχειρώσαντο

2173 3474 2316 3528 κατὰ
2343 3475 2574 3545 καιροὺς
2616 3475 2886 3538 Ἰουδαῖοι,
2919 3474 3118 3528 ἄϐατόν
3149 3491 3209 3527 τε
3247 3474 3340 3527 καὶ
3367 3475 3620 3544 ἀοίκητον
3652 3477 3758 3527 ἁπ-

2171 3566 2378 3637 έφηναν
2415 3566 2713 3628 παντελῶς.
2743 3567 2852 3620 Καὶ
2879 3565 2948 3618 τί.
2967 3565 3032 3619 ἂν
3062 3565 3304 3635 βούλοιτο
3327 3565 3518 3637 δηλοῦν
3554 3567 3665 3630 τοῖς
3695 3565 3774 3630 ἐξ

2182 3656 2400 3727 Ἰσραὴλ
2418 3656 2519 3726 τῆς
2551 3657 2892 3727 προφητείας
2920 3659 2947 3710 6
2973 3655 3134 3720 νοῢς;
3173 3657 3402 3720 Ἐκεῖνο,
3431 3651 3582 3724 οἶμαί
3604 3673 3707 3708 που
3737 3672 3776 3691 ἰ

2173 3749 2264 3803 τὸν
2304 3749 2404 3820 μὲν
2437 3748 2546 3819 γὰρ
2587 3748 2787 3802 Ἰακὼϐ
2820 3749 3106 3818 ἀγαπῆσαί
3135 3766 3288 3818 φησι,
3325 3747 3418 3801 καὶ
3443 3748 3542 3818 οὐχ
3566 3748 3754 3818 ἐτέρου

501 3841 824 3910 grationem,
860 3840 903 3893 si
934 3838 1100 3895 Jacob
1148 3840 1467 3894 imitandum
1495 3840 1598 3896 sibi
1645 3844 2074 3910 proposuissent.

501 3934 766 4000 Quoniam
797 3943 979 3988 autem
1007 3932 1149 3988 Esau
1181 3949 1360 3990 mores
1386 3934 1713 4004 exprimere,
1743 3944 1799 3990 et
1854 3950 1952 4004 per
1983 3951 2077 3992 ve-

2175 3842 2352 3912 χάριν,
2374 3841 2407 3913 ἢ
2432 3842 2516 3894 ὅτι
2543 3841 2765 3910 γέγονεν
2797 3841 2937 3913 ἀνὴρ
2971 3860 2988 3892 ι
3014 3839 3306 3904 ἄπλαστος,
3326 3839 3489 3893 οἰκῶν
3509 3839 3684 3893 οἰκίαν
3703 3856 3750 3890 ἰ

2180 3933 2544 4002 μεμισῆκριιαι
2575 3930 2633 3984 δὲ
2665 3930 2758 3986 τὸν
2785 3929 2983 3984 Ἡσαῦς
3017 3930 3208 3999 γέγονε
3232 3929 3340 4001 γὰρ
3373 3929 3559 4000 γήῖνός
3584 3947 3642 3982 τε
3664 3930 3759 3983 καὶ

503 4026 660 4096 stigia
699 4025 939 4080 stultitia:
963 4023 1114 4080 illius
1140 4023 1396 4081 incedere
1448 4023 1779 4090 maluerunt,
1834 4025 2072 4080 hostibus

2181 4023 2427 4092 βέϐηλος,
2460 4021 2600 4075 κατά
2627 4023 2728 4092 τὴν
2759 4021 2854 4075 τοῦ
2893 4021 3166 4092 μακαρίου
3201 4019 3415 4074 Παύλου
3444 4013 3780 4090 φωνήν.Ἧν-

503 4128 685 4187 postea
711 4116 891 4172 traditi
924 4125 1072 4171 sunt.

2179 4111 2275 4169 οὖν
2319 4115 2617 4182 ἀναγκαῖον
2668 4115 2868 4169 εἰδέναι
2916 4114 3044 4176 τοὺς
3085 4111 3390 4176 Ἰουδαίους,
3425 4112 3500 4175 ὡς
3545 4112 3645 4164 οὐκ
3693 4110 3761 4165 ἂν

502 4211 703 4283 συνέϐη
733 4210 927 4266 παθεῖν
959 4211 1160 4274 αὐτοὺς
1184 4208 1287 4280 τὴν
1316 4210 1617 4282 ἐρήμωσιν,
1640 4210 1734 4265 καὶ
1761 4209 1862 4282 τὴν
1918 4209 1986 4264 ὲκ
2047 4209 2149 4278 τῆς
2184 4203 2516 4276 ἐνεγκούσης
2563 4207 2699 4278 πρὸς
2756 4207 2882 4269 τοὺς
2933 4204 3267 4274 ἀλλοφύλους
3315 4203 3658 4275 ἀποδρομὴν,
3711 4205 3779 4257 εξ-

501 4305 844 4376 ὲμεμίμηντο
899 4304 991 4359 τὸν
1043 4302 1258 4359 Ἰακώϐ.
1316 4304 1534 4376 Ἐπειδὴ
1583 4304 1643 4359 δὲ
1695 4304 1933 4375 ζηλωταὶ
1989 4305 2081 4357 καὶ
2119 4304 2411 4375 ὀμότροποι
2439 4303 2699 4372 γεγόνασι
2727 4301 2804 4372 τῷ
2832 4301 3027 4365 Ἠσαῦ,
3055 4301 3147 4354 καὶ
3201 4299 3304 4370 τῆς
3348 4297 3558 4352 ἐκείνου
3583 4298 3764 4352 σκαιό-

499 4418 658 4471 τητος
684 4400 851 4463 ίόντες
879 4400 997 4453 κατ’
1024 4399 1167 4470 ἴχνος
1190 4400 1609 4472 κατεφωρῶντο,
1629 4400 1815 4453 λοιπὸν
1837 4400 2077 4454 δέδονται
2113 4403 2226 4464 τοῖς
2251 4399 2486 4471 ἐχθροῖς.

571 4495 782 4560 Quodsi
809 4495 930 4564 quis
958 4496 1102 4550 dicta
1131 4493 1489 4562 spiritualiter
1536 4494 1886 4551 considerare
1930 4495 2067 4558 vult,

2247 4495 2311 4546 Ei
2339 4492 2397 4545 δὲ
2429 4492 2492 4564 δή
2539 4507 2624 4554 τις
2654 4491 2896 4561 βούλοιτο
2942 4489 3037 4544 καὶ
3066 4490 3439 4560 πνευματικὴν
3471 4490 3584 4552 τοῖς
3611 4490 3761 4560 εἰρη-

501 4597 652 4642 certo
685 4588 822 4642 sciat
852 4585 1020 4642 Jacob
1074 4587 1222 4641 reddi
1279 4586 1671 4657 supplantator,
1729 4601 1794 4640 ac
1853 4586 2072 4654 proinde

2189 4583 2368 4654 μένοις
2401 4582 2713 4653 ἐφαρμόσαι
2756 4582 2856 4651 τὴν
2905 4579 3156 4648 θεωρίαν,
3195 4579 3514 4632 διανοείσθω
3552 4580 3758 4650 σαφῶς,

500 4677 794 4746 cujuslibet
835 4687 1112 4745 peccatum
1140 4676 1535 4746 supplantantis
1550 4687 1706 4748 typus
1732 4692 1854 4732 esse
1883 4677 2072 4746 possit.

2184 4675 2259 4739 ὡς
2280 4677 2308 4728 ὁ
2336 4676 2433 4744 μὲν
2467 4672 2660 4727 Ἰακὼϐ
2695 4671 3055 4743 ἑρμηνεύεται
3085 4670 3449 4738 πτερνιστὴς
3468 4687 3482 4699 ο
3511 4669 3680 4733 τύπος
3707 4671 3765 4724 δ’

459 4762 471 4772 ’
504 4771 640 4824 Esau
677 4779 853 4824 autem
877 4785 1121 4840 quercus,
1153 4779 1212 4824 ut
1237 4770 1372 4837 dixi,
1399 4779 1453 4825 et
1481 4769 1647 4824 Edom
1696 4780 1958 4835 terrenus,
1986 4768 2072 4838 qui

2187 4767 2254 4821 ἂν
2296 4768 2381 4838 είη
2411 4765 2611 4828 παντὸς
2637 4765 2733 4816 τοῦ
2765 4766 3138 4834 πτερνίζοντος
3170 4761 3652 4833 ἀμαρτίας.Ὴσαῦ
3683 4762 3763 4826 δὲ,

501 4871 556 4916 et
607 4862 721 4931 ipse
751 4859 985 4928 cujusvis
1033 4861 1143 4916 sola
1213 4871 1429 4917 terrena
1478 4861 1768 4931 cogitantis
1815 4873 1996 4933 typum
2028 4871 2072 4915 et

2182 4858 2259 4922 ὡς
2285 4859 2440 4928 ἔφην,
2470 4859 2638 4927 δρῦς,
2695 4859 2790 4910 καὶ
2821 4857 3001 4927 μέντοι
3027 4855 3234 4927 γήϊνος
3263 4856 3291 4907 6
3341 4853 3518 4926 Ἐδώμ
3543 4873 3557 4886 ·
3596 4854 3766 4917 τύπος

503 4955 792 5021 imaginem
823 4953 982 5023 gerit.
1013 4953 1340 5024 Diligitergo
1371 4954 1834 5024 supplantatorem
1890 4951 2072 5016 .lacoh1

2178 4949 2223 5002 δ’
2259 4948 2334 5012 ἂν,
2359 4951 2445 5018 εἴη
2495 4947 2589 5001 καὶ
2636 4943 2787 5008 οὗτος
2825 4946 3022 5010 παντὸς
3051 4946 3146 4999 τοῦ
3173 4948 3310 5016 μόνα
3347 4943 3671 5016 φρονοῦντος
3698 4945 3767 4998 τὰ

502 5046 645 5100 Esau
703 5047 1246 5114 autem‘pertinacem
1295 5053 1349 5100 et
1405 5059 1678 5114 asperum,
1735 5045 1851 5098 sive
1885 5043 2078 5107 Edom,

503 5137 606 5189 hoc
631 5141 736 5202 est,
761 5134 991 5188 terrenis
1005 5133 1319 5198 aﬂlxum,et
1345 5135 1438 5205 qui
1471 5143 1817 5203 temporanea
1851 5149 1917 5190 ac
1951 5148 2078 5202 per-

503 5228 686 5283 euntia
737 5225 1108 5296 spiritualibns
1151 5226 1308 5282 bonis
1359 5226 1522 5282 stulte
1561 5228 1894 5296 anteposuit,
1959 5227 2083 5282 odio

505 5321 871 5390 prosequitur.
894 5322 968 5376 ita
992 5319 1274 5376 solitorum
1321 5319 1506 5374 vivere
1555 5320 1929 5375 haereditatem
1977 5319 2086 5372 dis-

505 5413 702 5478 sipabit
739 5412 878 5469 Deus
918 5422 1126 5476 noster,
1158 5410 1251 5481 qui
1273 5410 1525 5464 virtutem
1557 5409 1751 5481 diligit.
1781 5408 1898 5463 Non
1939 5409 2085 5463 enim

508 5501 818 5557 ﬁrmitatem
846 5518 946 5558 nec
973 5511 1172 5558 statum
1197 5502 1582 5557 inconcussum
1608 5501 1805 5556 habent
1836 5515 1924 5554 res
1973 5509 2087 5554 ter-

511 5605 668 5645 renae.
704 5591 930 5647 Casuras
971 5603 1149 5647 autem
1203 5593 1440 5662 penitus,
1492 5600 1747 5660 tanquam
1800 5590 1854 5644 in
1915 5591 2085 5658 ﬁgura

511 5683 866 5739 Nummorum
893 5685 1178 5741 lmreditas
1229 5684 1469 5741 desolata
1512 5700 1735 5753 prorsus
1769 5683 2084 5739 declarabit.

2179 5041 2272 5093 ἐπὶ
2303 5041 2403 5108 τῆς
2443 5039 2565 5107 γῆς.
2585 5039 2802 5108 Ἀγαπᾷ
2852 5037 3031 5090 τοίνυν
3079 5039 3107 5090 ὁ
3155 5037 3285 5100 Θεὸς
3317 5036 3409 5090 τὸν
3438 5033 3768 5106 πτερνιστὴν

2191 5130 2408 5193 Ἰακὼϐ,
2469 5128 2741 5200 μεμίσηκε
2790 5127 2847 5179 δὲ
2897 5127 2991 5180 τὸν
3029 5127 3196 5181 Ἡσαῦ
3249 5128 3338 5180 τὸν
3391 5127 3625 5197 ἀκαμπῆ
3673 5125 3770 5178 καὶ

2182 5219 2439 5292 σκληρὸν,
2469 5219 2591 5289 ἦτοι
2631 5219 2724 5270 τὸν
2769 5216 2966 5286 Ἐδὼμ,
3001 5217 3268 5279 τουτέστι,
3300 5217 3390 5269 τὸν
3417 5218 3528 5280 τοῖς
3560 5215 3767 5286 γηῖνοις

2185 5313 2642 5385 προσνενευκότα,
2692 5311 2786 5363 καὶ
2837 5309 2947 5362 τῶν
2995 5310 3379 5380 πνευματικῶν
3426 5309 3647 5376 ἀγαθῶν
3699 5307 3770 5361 τὰ

2187 5404 2497 5475 πρόσκαιρά
2525 5420 2586 5454 τε
2615 5402 2711 5454 καὶ
2741 5401 3089 5471 ἀπολλύμενα
3122 5401 3414 5471 φληνάφως
3454 5399 3766 5472 ἁνθῃρημέ-

2187 5513 2297 5550 νον.
2330 5494 2451 5547 Τῶν
2499 5492 2642 5546 οὓτω
2689 5492 2788 5563 ζῇν
2839 5494 3107 5546 εἰωθότων
3147 5495 3367 5561 ἀφανιεί
3394 5492 3487 5546 τὸν
3515 5492 3715 5562 κλῆρον
3740 5493 3769 5543 6

2191 5587 2478 5657 φιλάρετος
2513 5587 2670 5656 ήμῶν
2699 5588 2849 5648 Θεός.
2885 5589 2958 5640 Οὐ
2996 5588 3102 5655 γάρ
3132 5606 3212 5639 τοι
3241 5587 3433 5656 βέϐαια
3468 5587 3532 5639 τὰ
3557 5587 3649 5638 ἐπὶ
3671 5585 3767 5652 τῆς

2191 5679 2312 5746 γῆς,
2349 5675 2472 5731 οὒτε
2511 5675 2616 5749 μὴν
2663 5677 2959 5746 ἀκλόνητον
3013 5678 3126 5748 ἔχει
3187 5678 3284 5748 τὴν
3331 5677 3668 5730 στάσιν.”οτι
3713 5673 3774 5730 δὶ

589 5858 632 5890 θ’
662 5857 860 5917 lercm.
890 5879 924 5927 I,
963 5862 1014 5919 5.
1096 5862 1138 5894 ³⁵
1171 5861 1325 5917 Rom.
1361 5877 1479 5929 vnt,
1517 5858 1604 5917 29.
1687 5862 1728 5895 ³⁷
1761 5861 1896 5919 Gen.
1937 5876 2072 5918 xxxv

2174 5858 2238 5915 ὦ.
2275 5875 2281 5881 ·
2322 5858 2364 5890 ⁸⁸
2399 5854 2536 5914 Gcn.
2572 5873 2696 5924 xxv,
2731 5858 2821 5914 27.
2903 5859 2943 5892 δ’
2977 5857 3138 5914 ιίιὶπ.
3166 5870 3264 5924 xu,
3299 5855 3380 5911 l6.
