4120 6376
349 463 456 520 285

1143 461 1696 520 COMMENTARWS
1732 460 1808 518 ΙΝ
1840 457 2249 516 MAILACIIIAM
2288 457 2735 516 PROPIIETAM.

3489 457 3601 518 286

350 578 594 628 πεσεῖται
627 591 863 640 παντως,
892 575 966 640 ὡς
1017 577 1078 629 ἐν
1125 576 1281 647 τύπῳ
1328 579 1588 647 σαφηνιεῖκ
1606 575 1716 629 τῶν
1755 575 1951 639 Ἰδουο,

2029 575 2119 630 kst
2146 574 2239 646 qui
2271 575 2378 629 Deo
2404 572 2664 640 adhaeret,
2699 587 2797 646 spe
2833 582 2985 631 certa
3011 583 3064 631 et
3085 574 3235 629 arma
3266 573 3599 629 sustentabi-

352 669 527 737 μαίων
555 670 582 722 6
611 668 810 740 κλῆρος
836 669 1065 722 εἰσάπαν
1092 669 1474 740 ἠρημωμένας.
1510 667 1649 721 Ἀλλ’
1681 670 1776 736 ὅγε
1799 665 1918 737 Θεῷ

351 761 766 832 προσκείμενος,
826 759 1042 830 ἀσφαλῆ
1074 760 1166 812 καὶ
1216 759 1614 831 ἐρηρεισμένην
1659 758 1771 822 ἔξει
1817 758 1920 828 τὴν

350 851 559 914 ἐλπίδα,
583 853 676 905 καὶ
699 852 776 923 τῷ
797 852 906 905 τῶν
934 851 1156 920 ἀγαθῶν
1178 852 1362 923 δοτῆρι
1388 851 1505 920 Θεῷ
1533 851 1918 923 προσφωνήσει

349 944 522 1012 λέγων
543 961 556 975 ·
599 966 617 996 ι
640 946 726 998 Ἐν
759 947 878 1008 ταῖς
911 945 1065 1015 χερσί
1095 961 1190 998 σου
1215 945 1265 997 οἱ
1291 943 1477 1015 κλῆροί
1509 961 1632 1015 μου.
1669 961 1689 994 ι

419 1036 574 1088 Διότι
599 1036 737 1104 ἐρεῖ·
774 1037 833 1090 Ἡ
865 1035 1165 1105 Ἰδουμαία
1192 1035 1645 1104 κατέστραπται,
1667 1033 1768 1088 καί
1794 1033 1924 1087 ἐπι-

349 1125 715 1194 στρέψωμεν,
756 1127 856 1180 καί
892 1125 1459 1196 ἀνοικοδομήσωμεν
1496 1127 1603 1191 τὰς
1639 1124 1917 1194 ἐρήμους.

356 1216 500 1271 Τάδε
535 1216 696 1286 λέγει
729 1219 942 1286 Κύριος
972 1217 1391 1285 παντοκράτωρ
1409 1231 1425 1246 ·
1463 1215 1646 1271 Αὐτοὶ
1692 1215 1920 1270 οικοδο-

345 1311 638 1381 μήσουσι,
669 1311 769 1365 καί
805 1311 920 1382 ἐγὼ
945 1311 1336 1381 καταστρέψει)
1359 1325 1374 1342 ⁶
1401 1309 1924 1378 καὶέπικληθήσε-

351 1419 443 1456 ται
481 1403 685 1471 αὐτοῖς
726 1405 857 1474 ὅρια
891 1405 1164 1474 ἀνομίας,
1199 1405 1298 1459 καὶ
1341 1403 1490 1470 λαὸς
1516 1403 1609 1473 ἐφ’
1632 1403 1706 1458 ὃν
1732 1416 1926 1472 παρα-

350 1498 622 1549 τέτακται
649 1495 863 1564 Κύριος
893 1495 1003 1561 ἕως
1031 1494 1266 1561 αἰῶνος.

421 1583 498 1638 E'.
537 1586 817 1657 Δυσχερὴς
869 1586 969 1657 μὲν
1005 1586 1126 1641 λίαν
1169 1589 1202 1658 ἡ
1258 1587 1363 1658 τῆς
1408 1585 1611 1651 λέξεως
1656 1585 1919 1657 συνθήκη,

351 1677 490 1750 πλὴν
531 1680 631 1733 οὐκ
668 1679 870 1744 ἄτοπος
899 1679 1010 1734 τῶν
1040 1681 1414 1751 προκειμένων
1457 1682 1486 1734 6
1524 1679 1670 1743 νοῦς.
1705 1678 1925 1732 Δέδωκα

353 1770 451 1839 μὲν
497 1770 606 1841 γὰρ
657 1768 788 1838 ἐγὼ,
838 1770 1035 1840 φησὶν,
1082 1769 1178 1824 τοῦ
1217 1769 1390 1824 Ἠσαῦ
1437 1769 1796 1840 κληρονομίαν
1844 1769 1924 1832 είς

350 1863 655 1932 ἀφανισμὸν
687 1863 781 1916 καὶ
833 1865 914 1926 είς
957 1863 1260 1934 ἐρήμωσιν,
1294 1862 1448 1934 ὑμῶν
1485 1862 1595 1916 τῶν
1629 1862 1690 1929 ἐξ
1729 1859 1924 1915 Ἰακὼϐ

2026 676 2131 730 tur,
2157 675 2211 720 et
2239 665 2502 721 bonorum
2529 665 2771 737 largitati
2789 667 3116 724 acchmabit
3144 685 3172 722 :~~
3193 684 3213 719 ι
3250 667 3306 724 In
3324 681 3483 720 manu
3510 675 3599 720 tua

2023 768 2200 814 sortes
2233 770 2364 813 meas
2391 757 2460 816 ⁵⁸.
2491 775 2522 810 »-

2095 1049 2259 1106 Vsus.
2283 1048 2337 1103 4.
2362 1048 2504 1116 Quia
2533 1049 2692 1114 dicet;
2722 1047 2964 1104 Idumam
2998 1048 3242 1102 subversa
3273 1057 3372 1113 est,
3437 1057 3484 1100 et
3520 1062 3604 1100 re-

2025 1153 2305 1208 vertamur,
2328 1151 2376 1196 et
2413 1143 2786 1210 rewdiﬁcemus
2815 1141 3044 1195 deserta.
3073 1140 3201 1196 Πακ-
3225 1140 3352 1192 dicit
3413 1137 3598 1192 Domi-

2027 1253 2121 1290 nus
2148 1235 2466 1304 omnipotens
2497 1251 2517 1290 :
2552 1234 2664 1304 Ipsi
2691 1235 3048 1303 azdiﬁcabunt,
3089 1243 3138 1287 et
3162 1250 3256 1303 ego
3301 1233 3598 1296 destruant;

2025 1335 2073 1382 et
2123 1326 2440 1381 vocabuntur
2484 1326 2557 1382 eis
2603 1327 2810 1380 termini
2852 1326 3170 1396 iniquitatis,
3246 1333 3298 1376 et
3372 1323 3596 1391 populus

2024 1434 2184 1488 super
2227 1433 2378 1486 quem
2422 1427 2664 1472 extensus
2695 1425 2774 1471 est
2824 1405 3083 1470 Dominus
3131 1431 3292 1486 usque
3335 1415 3391 1468 in
3453 1424 3602 1468 teter-

2028 1525 2174 1565 nunL

2102 1598 2164 1654 V.
2200 1599 2534 1656 Perdiﬂicilis
2565 1607 2648 1655 est
2674 1598 2962 1654 verborum
2986 1605 3294 1664 contextus,
3329 1595 3447 1652 sive
3471 1610 3603 1650 con-

2029 1693 2189 1748 nexio
2214 1710 2228 1747 :
2256 1702 2626 1747 verumtamen
2654 1690 2922 1747 sententia
2952 1689 3194 1758 subiecta
3254 1701 3361 1742 non
3416 1687 3603 1742 incon-

2028 1784 2270 1839 veniens.
2302 1783 2484 1854 lnquit
2505 1783 2674 1847 enim,
2703 1781 2835 1837 Dedi
2873 1779 3092 1851 quidem
3117 1779 3282 1849 822
3307 1794 3406 1849 ego
3433 1783 3603 1833 haere-

2030 1877 2251 1931 ditatem
2283 1875 2422 1932 Esau
2447 1876 2499 1931 in
2522 1874 2930 1938 desolationem,
2969 1874 3020 1926 in
3057 1871 3420 1933 solitudinem,
3447 1886 3474 1924 a
3507 1884 3604 1924 vo-

351 1952 1024 2024 ὲκπεπορθηκότων.Ἐρεί
1047 1953 1104 2006 δὲ
1140 1955 1271 2019 ίσως
1309 1957 1338 2008 6
1374 1955 1701 2025 Ἰδουμαῖος·
1733 1954 1798 2007 Εἰ
1825 1954 1920 2006 καὶ

2029 1966 2102 2023 bis
2126 1982 2190 2022 ex
2219 1965 2385 2022 Jacob
2415 1965 2724 2036 propagatis
2749 1965 3112 2019 devastatam.
3146 1962 3251 2017 Sed
3272 1961 3491 2016 Idumaei
3523 1959 3602 2015 1i-

352 2043 760 2112 κατέστραπται
791 2044 1091 2113 παντελῶς,
1128 2045 1221 2098 καὶ
1253 2047 1334 2109 είς
1382 2044 1535 2116 λῆξιν
1581 2045 1706 2116 ἥκει
1742 2043 1928 2098 κακῶν

350 2130 418 2202 ἢν
471 2133 876 2204 κατῳκήκαμεν
930 2133 1134 2205 χώραν,
1191 2132 1307 2188 ἀλλ’
1348 2129 1442 2188 οὖν
1499 2134 1937 2206 ἐπιστρέψαντες

350 2222 650 2295 tramissi!
677 2225 777 2295 μὲν
809 2226 907 2290 τὰς
936 2227 1310 2300 ἠρημωμένας
1358 2229 1544 2292 πόλεις
1589 2245 1651 2282 τε
1698 2229 1793 2282 καὶ
1820 2227 1931 2280 κώ-

352 2331 480 2383 μας,
513 2317 915 2387 κατοικήσομεν
966 2317 1024 2371 δὲ
1076 2318 1244 2382 αὐτὰς
1287 2321 1337 2372 oi
1383 2319 1832 2389 διασεσωσμένοι.
1863 2315 1930 2373 Τί

348 2404 473 2476 οὖνς
505 2409 647 2480 Πρὸς
675 2409 866 2474 ταῦτα,
898 2413 1052 2481 φησὶ,
1081 2412 1206 2466 τάδε
1239 2411 1387 2480 λέγει
1413 2411 1618 2483 Κύριος
1641 2427 1656 2443 υ
1710 2430 1728 2462 ι
1762 2402 1929 2463 Αὐτοὶ

351 2500 782 2572 οἰκοδομήσουσι,
817 2503 912 2556 καὶ
942 2501 1054 2571 ἐγὼ
1093 2503 1474 2576 καταστρέψω.
1510 2523 1528 2553 ι
1587 2503 1929 2573 Κεκλήσεται

350 2592 410 2646 δὲ
455 2592 672 2656 πάντως
722 2595 756 2664 ἡ
795 2594 1086 2665 Ἰδουμαία,
1128 2595 1324 2666 ι”υρια
1368 2595 1617 2666 ἀνομίας,
1649 2615 1666 2646 ι
1716 2595 1792 2658 ὡς
1840 2592 1930 2646 διὰ

354 2680 612 2753 πλείστην
640 2683 774 2752 ὅσην
803 2684 1078 2755 ἁμαρτίαν
1111 2686 1596 2757 κατεστραμμένη,
1630 2705 1647 2737 ι
1681 2685 1774 2737 καὶ
1800 2683 1929 2746 λαὸς

355 2773 441 2842 ἐφ’
475 2773 532 2825 ὃν
569 2774 981 2845 παρατέτακται
1006 2776 1209 2847 Κύριος
1233 2777 1338 2840 ἕως
1359 2775 1571 2839 αἰῶνος.
1598 2795 1616 2826 ι
1637 2776 1695 2827 '0
1718 2774 1816 2844 μὲν
1835 2770 1928 2828 οὖν

354 2864 450 2918 τοῦ
508 2867 834 2937 γράμματος
883 2867 1010 2931 νοῦς
1057 2869 1156 2939 οὐχ
1199 2868 1406 2939 ἔτερος,
1445 2865 1618 2939 οἶμαι,
1646 2869 1730 2931 τὶς
1777 2867 1946 2938 παρὲκ

354 2953 545 3009 τοῦτόν
589 2957 725 3009 ἐστι.
758 2957 1058 3027 Προσθείην
1085 2958 1130 3011 δ’
1167 2958 1253 3022 ἂν,
1285 2960 1365 3012 ὅτι
1394 2958 1504 3012 τῶν
1555 2958 1618 3011 τὸ
1669 2958 1929 3028 σαρκικὸν

358 3046 452 3099 καὶ
465 3047 650 3116 γήϊνον
677 3047 910 3118 ἐχόντων
938 3049 1190 3120 φρόνημα
1223 3049 1453 3117 (wits-oc
1480 3050 1609 3120 γὰρ,
1626 3049 1700 3114 ὡς
1724 3048 1880 3120 ἔφην,
1901 3051 1930 3102 ὁ

370 3138 664 3208 Ἰδουμαῖος
694 3139 1078 3210 ἑρμηνεύεται)
1105 3139 1280 3210 πάντη
1307 3157 1367 3193 τε
1395 3140 1489 3194 καὶ
1517 3141 1730 3204 πάντως
1750 3141 1778 3193 ὁ
1806 3138 1930 3209 κλῆ-

359 3246 452 3300 ρος
497 3232 762 3292 πεσεῖται,
807 3231 942 3285 Θεοῦ
971 3233 1455 3304 καταστρέφοντος.
1484 3233 1558 3286 Οὐ
1587 3239 1695 3301 νὶρ
1727 3233 1840 3303 ἔχει
1867 3231 1929 3286 τὸ

359 3317 570 3382 ἶιεὸαιον
609 3320 679 3374 τὰ
725 3323 784 3374 ὲν
813 3321 948 3392 τῷδε
993 3322 1069 3393 τῷ
1111 3323 1302 3394 κόσμῳ
1333 3323 1605 3394 πρακτέα,
1635 3319 1760 3376 οΰιο
1821 3322 1927 3394 μὴν
1953 3305 1996 3364 C

355 3412 576 3482 διηνεκῆ
603 3411 702 3484 τὴν
733 3413 979 3484 μέθεξιν·
1019 3415 1353 3488 παριππεύει
1397 3414 1507 3485 γὰρ
1533 3415 1658 3478 τοὺς
1707 3413 1929 3486 ἔχοντας

358 3504 690 3576 πρόσκαιρος
717 3504 968 3576 εὐθυμία,
997 3508 1091 3561 καὶ
1124 3510 1182 3561 ὲν
1205 3508 1303 3578 ίσῳ
1325 3507 1486 3569 σκιᾶς
1515 3507 1926 3577 μετατάττεται,

354 3593 390 3664 ἢ
421 3592 637 3665 θανάτῳ
668 3594 989 3660 σϐεσθέντος·
1011 3596 1172 3664 τινὸς,
1206 3598 1374 3669 ηγουν
1417 3597 1680 3670 ἀδοκήτου
1721 3615 1929 3670 συμφο-

366 3685 466 3754 ρᾶς
498 3687 964 3758 ἐπενηνεγμένης.

438 3775 577 3828 Ἀλλ’
604 3779 652 3830 εί
682 3777 776 3831 καί
805 3795 891 3842 τις
925 3778 1100 3832 ἕλοιτο
1137 3780 1247 3832 τῶν
1275 3779 1585 3852 Ἰδουμαίων
1611 3782 1703 3836 τὸν
1735 3783 1927 3836 ἑαυτοῦ

359 3867 558 3938 κλῆρον
594 3869 918 3940 οἰκοδομεῖν,
953 3870 987 3942 ἦ
1023 3870 1250 3925 πλοῦτον
1297 3873 1567 3943 συλλέγων
1609 3875 1703 3928 τὸν
1732 3875 1790 3940 ἐξ
1817 3875 1931 3928 ἀδι-

358 3960 502 4026 κίας,
533 3961 566 4034 ἢ
605 3964 718 4024 τοῖς
754 3962 1024 4027 διακένοις
1057 3962 1323 4032 δοξαρίοις
1369 3965 1671 4036 ἐντρυφῶν,
1711 3965 1745 4038 ἦ
1774 3965 1930 4018 δυνα-

359 4053 566 4116 στείαις
593 4056 712 4118 ταῖς
731 4054 871 4108 κατὰ
889 4055 981 4108 τὸν
1011 4054 1122 4124 βίον
1146 4056 1536 4128 ὲναϐρύνεσθαι
1557 4058 1744 4122 θέλων,
1768 4058 1930 4112 αὐτὸν

357 4146 575 4216 εὑρήσει
618 4145 712 4198 τὸν
737 4145 844 4199 τῶν
872 4145 1007 4199 ὅλων
1034 4145 1168 4201 Θεὸν
1203 4150 1484 4220 μονονουχὶ
1530 4152 1624 4203 καὶ
1667 4151 1929 4220 ἀνθεστη-

359 4237 491 4292 κότα
517 4237 612 4290 καὶ
646 4238 970 4308 μαχόμενον.
1012 4240 1101 4303 Ὠς
1143 4240 1253 4310 γὰρ
1292 4243 1321 4294 6
1353 4242 1636 4306 θεσπέσιος
1687 4243 1929 4314 γέγραφε

362 4328 624 4399 μαθητὴς,
681 4347 700 4378 ι
731 4327 800 4381 Εἴ
839 4345 926 4392 τις
977 4329 1120 4384 θέλει
1174 4327 1314 4385 εἶναι
1352 4333 1504 4402 φίλος
1554 4333 1650 4386 τοῦ
1699 4335 1926 4403 κόσμου,

356 4417 548 4488 ἐχθρὸς
581 4417 678 4470 τοῦ
705 4416 841 4471 Θεοῦ
871 4418 1211 4476 καθίσταται.
1246 4441 1265 4474 ι
1297 4421 1464 4477 Οὔπω
1503 4423 1767 4478 παύσεται
1801 4426 1928 4496 γὰρ,

359 4509 432 4572 ὡς
457 4508 616 4580 ἔφην,
644 4510 754 4564 τῶν
789 4509 860 4563 τά
887 4511 1049 4580 γήϊνα
1075 4517 1290 4584 φρονεῖν
1317 4517 1628 4586 ᾑρημένων,
1665 4517 1780 4570 ἀλλ’
1811 4518 1930 4570 οὐδὲ

357 4604 455 4701 της
476 4603 610 4701 πρὸς
631 4602 1146 4701 αὑτοὺς-καταλήξει
1179 4606 1378 4676 μάχης.
1409 4610 1574 4662 Μισεί
1601 4609 1707 4679 γάρ
1734 4611 1820 4663 ἀεὶ
1840 4613 1932 4665 τὸν
1961 4646 2006 4701 D

358 4692 654 4766 ἀλιτήριον,
685 4693 780 4746 καὶ
818 4692 1176 4763 ἀπόπεμπτον
1211 4701 1441 4752 ποιεῖται
1470 4699 1561 4752 τὸν
1591 4700 1932 4773 φιλαμαρτή-

402 4801 515 4837 ονα.

402 4801 515 4837 ova.

363 4801 402 4853 μ
427 4875 538 4928 Καὶ
584 4877 637 4928 ot
685 4875 980 4946 ὀφθαλμοὶ
1027 4877 1195 4947 ὑμῶν
1254 4878 1504 4946 ὄψονται
1537 4917 1554 4942 ,
1607 4878 1706 4931 καὶ
1763 4880 1932 4948 ὑμεῖς

357 4968 542 5036 ἐρεῖτε
565 4984 578 4998 ·
633 4970 1032 5039 Ἑμεγαλύνθη
1067 4973 1279 5039 Κύριος
1304 4970 1579 5040 ὑπεράνω
1607 4971 1726 5026 τῶν
1757 4974 1932 5042 ὁρίων

357 5059 464 5112 τοῦ
505 5059 772 5128 Ἰσραήλ.

429 5149 519 5216 ς’.
562 5151 752 5210 Ὅταν,
784 5153 938 5222 φησὶ,
973 5153 1072 5223 τὴν
1115 5153 1224 5206 τῶν
1257 5155 1596 5225 πραγμάτων
1632 5155 1926 5226 κατωρθώ-

2030 2068 2156 2115 cent
2187 2057 2417 2113 fortasse
2446 2073 2460 2109 :
2497 2056 2610 2112 Etsi
2657 2055 2805 2125 regio
2837 2069 3000 2124 quam
3035 2053 3396 2107 habitavimus
3441 2066 3600 2121 pror—

2030 2167 2122 2207 sus
2145 2150 2197 2205 in
2222 2150 2602 2205 vastitudinem
2639 2147 2882 2212 redacta,
2930 2154 2986 2200 et
3029 2144 3290 2201 extremis
3346 2139 3598 2198 aliiictata

2029 2249 2113 2296 est
2137 2239 2308 2305 malis,
2335 2236 2684 2293 nihilominus
2740 2235 2943 2290 reversi
2977 2233 3247 2290 desolatas
3312 2233 3471 2286 urbes
3520 2232 3601 2286 vi-

2028 2345 2230 2401 cosque
2260 2328 2704 2393 instaurabimus,
2767 2335 2821 2379 et
2852 2326 2940 2395 qui
2979 2326 3205 2380 salutem
3257 2324 3599 2388 retinuimus,

2027 2436 2122 2478 eas
2149 2419 2461 2476 incolemus.
2487 2417 2623 2484 Quid
2649 2414 2945 2485 igituriAd
2983 2414 3117 2478 hmo,
3144 2413 3334 2482 inquit,
3367 2413 3468 2467 ista
3516 2411 3600 2466 di-

2029 2509 2380 2566 citDuminus
2409 2526 2424 2563 :
2463 2525 2481 2558 ι
2517 2506 2620 2577 Ipsi
2646 2505 3010 2570 aaditicabunt,
3041 2514 3090 2558 et
3119 2519 3219 2574 ego
3247 2503 3538 2558 destrnam.
3575 2519 3594 2552 ο

2029 2602 2094 2656 Et
2123 2601 2355 2655 ldumaaa
2384 2597 2604 2654 omnino
2658 2595 2938 2649 vocabitur
2998 2613 3018 2645 ι
3063 2592 3304 2648 Termini
3355 2592 3602 2661 impietas

2030 2693 2122 2758 tis,
2162 2710 2181 2744 ι
2209 2699 2393 2760 utpote
2427 2687 2666 2757 peccatis
2713 2685 2961 2756 plurimis
2989 2686 3309 2754 depravata,
3347 2703 3367 2736 ι
3403 2693 3461 2738 et
3510 2697 3603 2752 po-

2029 2787 2184 2854 pulus
2209 2797 2373 2852 super
2403 2795 2562 2849 quem
2594 2788 2855 2833 extensus
2908 2787 2991 2833 est
3025 2778 3287 2834 Dominus
3317 2791 3488 2845 usque
3548 2775 3600 2828 in

2027 2887 2308 2929 aeternum.
2352 2892 2371 2924 ι
2411 2870 2627 2924 Litterae
2665 2869 2827 2937 igitur
2854 2884 3068 2934 sensus,
3091 2868 3428 2932 utarbitror,
3468 2881 3601 2936 pra!-

2027 2973 2113 3019 ter
2139 2965 2279 3018 hunc
2321 2962 2494 3017 nullus
2532 2969 2632 3015 est.
2687 2959 2842 3013 Libet
2902 2975 3197 3030 apponere,
3252 2959 3491 3015 carnalia
3547 2967 3602 3013 et

2031 3065 2241 3110 terrena
2272 3053 2620 3125 cogitantium
2646 3051 2925 3124 (terrenus
2958 3051 3124 3116 enim,
3155 3059 3214 3104 ut
3263 3050 3396 3112 dixi,
3444 3056 3607 3103 sonat

2029 3161 2223 3202 nomen
2256 3146 2544 3216 ldumteus)
2586 3146 2893 3212 haereditas,
2927 3144 3034 3200 Deo
3065 3143 3606 3208 subvertente,cadct

2029 3238 2264 3310 penitus.
2297 3236 2433 3292 Nam
2460 3253 2580 3308 qua;
2613 3238 2665 3292 in
2697 3239 2799 3292 hoc
2839 3237 3039 3291 mundo
3085 3234 3402 3300 actitantur,
3429 3233 3597 3287 ﬁrmi-

2030 3330 2221 3384 tudine
2243 3337 2448 3394 carent,
2483 3345 2655 3399 usque
2684 3343 2839 3383 usum
2862 3328 2952 3382 sui
2976 3333 3301 3395 perpetuum
3337 3326 3607 3394 praebent,

2027 3422 2283 3490 quoniam
2311 3429 2655 3492 temporanea
2693 3421 2874 3476 latitia
2902 3419 3162 3490 prznterit,
3222 3417 3428 3474 umbra:
3453 3418 3607 3474 simi-

2027 3514 2114 3570 lis.
2137 3523 2230 3569 σοι
2247 3522 2421 3570 morte
2465 3528 2497 3569 e
2523 3515 2699 3570 medio
2726 3514 2948 3570 tollente
3003 3521 3097 3566 aut
3140 3509 3431 3579 improvisa
3460 3510 3604 3566 Cala-

2029 3603 2220 3660 mitata
2241 3603 2655 3660 interveniente.

2099 3779 2206 3839 Sed
2233 3779 2336 3836 etsi
2361 3779 2486 3850 quis
2514 3777 2872 3834 ldumaeorum
2913 3777 3015 3832 sub
3056 3773 3466 3843 intelligentiam
3513 3785 3604 3826 ca-

2029 3873 2268 3928 dentium
2322 3871 2690 3927 haereditatem
2712 3885 2864 3926 suam
2891 3869 3161 3924 aediﬁcare
3185 3866 3416 3922 voluerit
3439 3905 3456 3930 ,
3511 3874 3609 3919 aut

2029 3963 2246 4018 divitias
2271 3962 2637 4031 exiniquitate
2665 3973 3002 4030 congregans
3027 4000 3045 4025 ,
3106 3968 3200 4012 aut
3257 3959 3311 4012 in
3366 3955 3602 4026 gloriolis

2030 4053 2280 4110 inanibus
2307 4052 2531 4108 delicias
2565 4052 2667 4107 sibi
2703 4052 3062 4118 constituens,
3109 4059 3204 4103 aut
3247 4047 3485 4118 potentia
3547 4047 3601 4100 in

2029 4146 2129 4202 hac
2158 4146 2263 4199 vita
2292 4143 2471 4199 eli‘erri
2504 4142 2708 4210 volens,
2759 4143 3135 4197 universorum
3212 4139 3377 4192 Deum
3429 4139 3610 4205 ipsum.

2033 4245 2236 4291 tantum
2264 4251 2368 4290 non
2393 4232 2746 4289 obsistentem
2772 4240 3070 4298 contraque
3094 4236 3416 4296 pugnastem
3450 4227 3598 4280 inve-

2031 4328 2160 4383 niet.
2190 4325 2323 4380 Nam
2349 4335 2407 4379 ut
2437 4324 2651 4379 divinus
2707 4321 3016 4391 discipulus
3043 4320 3304 4388 scriptum
3362 4317 3606 4386 reliquit,

2038 4442 2057 4472 ε
2088 4419 2189 4486 Qui
2220 4416 2451 4473 voluerit
2475 4431 2598 4471 esse
2640 4415 2848 4468 amicus
2872 4413 3051 4467 saeculi
3106 4411 3290 4480 hujus,
3349 4410 3604 4464 inimicus

2035 4511 2124 4565 Dei
2151 4511 2503 4566 constituitur
2525 4509 2626 4562 Μ.»
2658 4505 2905 4561 Nondum
2939 4503 3082 4558 enim
3116 4503 3436 4571 qniescet,ut
3467 4500 3602 4565 dixi,

2032 4603 2206 4657 abhis
2237 4601 2329 4670 qui
2358 4611 2566 4655 terrena
2595 4599 2831 4666 sapiunt,
2871 4611 2969 4649 nec
3029 4594 3094 4648 iis
3127 4592 3402 4647 adversari
3457 4589 3604 4645 desi—

2030 4704 2156 4752 stet.
2181 4695 2409 4762 Semper
2436 4692 2580 4744 enitn
2607 4689 2930 4759 ﬂagitiosum
2948 4685 3085 4750 odit,
3116 4694 3171 4739 et
3205 4683 3452 4754 cupidius
3477 4697 3602 4750 pec-

2030 4795 2242 4840 cantem
2283 4779 2480 4848 rejicit.

2101 4875 2266 4929 Vens.
2322 4871 2376 4925 5.
2457 4869 2523 4923 Et
2577 4868 2716 4922 oculi
2787 4867 2942 4922 uestri
2979 4865 3245 4928 videbunt,
3297 4871 3347 4917 et
3379 4878 3466 4916 vos
3517 4859 3605 4913 di-

2027 4965 2153 5019 cetis
2181 4980 2200 5017 :
2231 4961 2605 5032 Magniﬁcam:
2628 4969 2701 5012 est
2731 4957 2984 5012 Dominus
3037 4972 3194 5024 super
3238 4953 3487 5008 terminos
3519 4964 3604 5004 u-

2031 5056 2162 5113 mel.

2115 5149 2196 5205 Vl.
2236 5146 2482 5216 Quando,
2528 5143 2722 5214 inquit,
2785 5157 2898 5197 rent
2958 5156 3055 5212 pro
3102 5149 3292 5195 natura
3327 5151 3424 5192 sua
3455 5143 3604 5190 recte

361 5257 489 5312 σητε
523 5243 703 5311 φύσιν,
726 5245 1005 5315 μονονουχὶ
1031 5245 1087 5298 δὲ
1114 5247 1205 5300 καὶ
1220 5246 1518 5318 ἀναμὺοντι
1545 5247 1653 5318 τῷ⁶
1675 5248 1927 5318 κατίδητε

2035 5240 2417 5313 ρι’ωειὶιετίῑίε,
2435 5247 2490 5293 et
2518 5246 2725 5293 tantum
2750 5251 2854 5291 non
2889 5233 3093 5304 apertis
3145 5230 3310 5285 animi
3333 5227 3502 5283 oculis
3525 5227 3603 5281 vi-

357 5333 547 5402 σαφῶς
597 5333 742 5405 ἅπερ
794 5335 931 5407 ἔφην
979 5337 1203 5406 ἀρτίως,
1243 5338 1364 5392 τότε
1399 5339 1462 5409 δὴ
1493 5338 1710 5404 πάντως
1753 5341 1928 5410 ἐρεῖτε

2036 5333 2224 5390 deritis
2255 5331 2673 5402 perspicueque:
2705 5327 2865 5382 modo
2886 5326 3018 5390 dixi,
3071 5333 3196 5377 tunc
3245 5320 3469 5377 omnino
3507 5334 3604 5372 an-

359 5427 886 5495 συγκατανεύοντες,
926 5428 1007 5480 ὅτι
1055 5427 1364 5493 δεδόξασται
1436 5431 1531 5484 καὶ
1584 5431 1926 5502 ὲμεγαλύνθη

2036 5433 2264 5480 nuentes
2286 5465 2301 5488 ,
2330 5422 2686 5494 gloriﬁcatum
2708 5429 2762 5474 et
2793 5418 3195 5486 magniﬁcatum
3212 5428 3330 5467 esse
3361 5412 3526 5465 Deum
3549 5412 3602 5464 in

359 5519 489 5582 Θεὸς
530 5520 586 5572 ἐν
617 5522 729 5584 τοῖς
758 5521 924 5591 ὁρίοις
956 5520 1052 5573 τοῦ
1092 5522 1326 5592 Ἰσραήλ.
1360 5524 1424 5575 Oi
1470 5523 1568 5591 μὲν
1594 5501 1703 5594 γὰρ
1730 5523 1793 5588 ἐξ
1833 5501 1930 5576 ’ῐαέ

2033 5513 2420 5572 ﬁuibuslsrael
2487 5511 2808 5568 fatebimiui.
2851 5507 2928 5562 Ex
2959 5505 3126 5562 Jacob
3156 5504 3300 5559 enim
3338 5501 3603 5594 prosemi-

359 5610 473 5664 κὼϐ
519 5588 828 5680 γεγονότες,
875 5611 1151 5666 τουτέστιν
1171 5588 1927 5686 λῐουδαῖοι,*προσκεκρουκό-

2036 5612 2171 5676 nati,
2198 5607 2364 5663 Judaei
2395 5616 2748 5672 nempe,cum
2774 5599 2943 5654 Deum
2977 5595 3348 5658 offendissent,
3379 5600 3440 5646 ut
3462 5588 3603 5657 dixi,

356 5719 468 5767 τες,
499 5704 574 5766 ὡς
608 5703 765 5773 ἔφην,
800 5702 888 5755 διὰ
921 5703 1177 5774 πλείστην
1229 5704 1480 5758 ἀσέϐειαν
1525 5707 1718 5771 ἔξοικοί
1751 5724 1807 5760 τε
1841 5722 1928 5774 γε·

2037 5711 2298 5767 cxtorres,
2319 5707 2371 5756 et
2394 5693 2611 5767 captivi,
2631 5705 2683 5749 et
2717 5690 2950 5747 inimicis
2976 5683 3357 5760 expugnabiles
3385 5691 3605 5754 propter

431 5877 644 5939 mpm,
673 5894 800 5946 xxx,
835 5877 917 5934 16.
996 5880 1034 5914 ⁵⁸
1069 5878 1185 5935 .lac.
1220 5896 1290 5947 tv,
1329 5879 1380 5934 ιί.
