4120 6376
480 422 586 479 287

1511 414 1571 471 S.
1613 410 1889 471 CYRILLI
1925 408 2401 468 ALEXANDRINI
2439 409 2760 467 ARCHIEP.

479 549 749 597 summam
773 532 1105 604 impietatem
1125 527 1258 589 facti
1294 539 1444 587 situt.
1477 530 1576 591 Ubi
1639 546 1772 591 vero
1818 529 2057 589 miseriis

2174 528 2401 597 (ὄνασιν,
2434 528 2530 583 καὶ
2557 526 2916 599 αἰχμάλωτοι,
2945 524 3041 581 καὶ
3068 524 3336 597 ἁλώσιμοι
3369 525 3481 588 τοῖς
3513 524 3748 597 εχθροῖς.

478 628 768 691 exercitos,
790 634 846 682 et
871 637 970 693 pro
1000 621 1266 691 dignitate
1303 623 1522 693 punitos
1575 624 1716 685 Deus
1769 624 2059 683 miseratus

478 728 585 785 est,
616 717 914 782 redierunt,
948 724 1007 770 et
1048 730 1136 771 res
1187 731 1379 771 eorum
1427 715 1481 770 iu
1536 715 1753 780 melius,
1791 724 1965 786 atque
2005 714 2061 773 in

478 812 768 879 antiquum
787 816 988 864 statum
1025 806 1296 864 restituta!
1311 815 1456 863 sunt.
1494 805 1669 879 833
1723 807 1791 862 Et
1834 807 2062 863 benefa-

477 907 626 954 ctum
650 897 908 967 deinceps
929 895 1334 967 regioni,urbes
1363 895 1430 951 de
1459 894 1670 967 integro
1691 895 2060 965 incoluerunt,

481 992 740 1063 templum
810 990 1191 1057 condiderunt,
1274 986 1709 1061 Herosolymam
1789 989 2067 1051 manibus

477 1086 946 1152 eommuniernnt,
963 1092 1020 1140 et
1041 1099 1170 1154 quae
1187 1083 1361 1155 magis
1384 1084 1842 1153 optabanrmuam
1872 1098 2062 1157 spera-

480 1178 633 1240 bant.
661 1176 728 1231 iis
757 1176 939 1231 denuo
964 1183 1091 1231 sunt
1116 1171 1385 1244 perlruiti.
1403 1171 1638 1235 ldumaa
1666 1182 1850 1230 autem
1877 1183 1939 1231 nt
1965 1189 2064 1235 va-

479 1278 621 1323 stata
684 1276 797 1332 est,
843 1268 934 1322 ita
959 1265 1282 1336 permansit,
1318 1281 1420 1322 nec
1457 1265 1526 1322 ad
1542 1265 1909 1327 conditionem
1940 1266 2065 1324 Mt-

2174 622 2391 693 Ἐπειδὴ
2417 623 2475 677 δὲ
2504 622 2858 693 πεπραχότας
2885 620 3106 686 ἀθλίως,
3134 622 3232 675 καὶ
3266 618 3633 692 ἀποχρώντως
3663 638 3753 674 κε-

2162 715 2553 788 κολασμένους,
2588 716 2927 787 κατηλέησεν
2954 715 2984 767 6
3012 714 3166 780 Θεὸς,
3207 712 3646 784 ἀνεκομίσθησαν
3673 716 3753 777 εἰς

2161 805 2224 869 τό
2269 805 2365 862 ἀπ’
2395 804 2597 877 ἀρχῆς,
2625 803 3027 873 ἀνενεγκόντων
3080 803 3264 868 αὐτοῖς
3301 804 3395 857 ἐπὶ
3438 803 3501 856 τὸ
3531 804 3751 874 ἄμεινον

2160 896 2271 952 τῶν
2305 896 2670 969 πραγμάτων,
2699 896 2809 951 Καὶ
2845 895 3036 966 γέγονε
3075 896 3174 967 μὲν
3198 898 3255 951 ἐν
3285 895 3551 967 εὐπαθείᾳ
3579 898 3613 967 ἡ
3644 894 3753 966 χὼο

2164 1006 2257 1062 ρα.
2278 988 2637 1061 κατῳκήκασι
2668 987 2726 1043 δὲ
2754 987 2855 1051 τὰς
2887 988 3093 1054 πόλεις,
3115 987 3470 1058 ἀνεδείμαντο
3491 986 3582 1040 τὸν
3606 987 3751 1055 ναόν,

2160 1082 2507 1153 ἀνετείχισαν
2532 1080 2632 1152 τὴν
2669 1079 3048 1153 Ἰερουσαλὴμ,
3090 1080 3187 1135 καὶ
3213 1081 3471 1150 γεγόνασι
3506 1081 3666 1136 πάλιν
3693 1083 3752 1135 ἐν

2161 1174 2275 1238 τοῖς
2300 1174 2432 1245 παρ’
2463 1171 2658 1229 ἐλπίδα
2708 1173 2802 1229 καί
2834 1171 2958 1229 κατ’
2995 1173 3186 1244 εὐχήν.
3203 1171 3267 1226 Ἦ
3293 1172 3351 1227 δέ
3378 1190 3443 1243 γε
3467 1172 3577 1231 τῶν
3591 1172 3752 1226 Ἰδου-

2165 1266 2343 1339 μαίων
2383 1267 2673 1338 ἠρήμωται
2722 1263 2897 1337 χώρα,
2931 1265 3029 1323 καὶ
3080 1264 3389 1337 μεμένηκεν
3435 1265 3495 1317 ὲν
3539 1265 3750 1326 κακοῖς,

478 1360 681 1416 ciorem
714 1367 894 1419 erecta
927 1366 1032 1413 est.
1051 1356 1240 1433 itaque
1289 1355 1636 1429 gloriﬁcants-
1672 1364 1760 1413 est
1808 1356 1954 1415 Deus
2002 1356 2065 1415 in

2174 1360 2264 1414 n’ns
2287 1357 2650 1429 ἀνασφήλασα
2682 1374 2750 1412 πε
2759 1358 2815 1428 pl.
2831 1357 2895 1411 τὸ
2926 1356 3172 1435 ᾇμεινοια
3197 1354 3410 1419 οὐκοῦν
3430 1354 3752 1426 ,δεδόξασται

481 1451 730 1505 terminis
758 1449 948 1506 Israel.

541 1541 832 1598 Sciendum
850 1556 1042 1611 porro,
1053 1539 1216 1599 etiam
1239 1539 1536 1599 secundum
1570 1538 2075 1603 reconditissimnur

2162 1451 2297 1517 Θεὸς
2319 1453 2379 1506 ἑν
2401 1454 2516 1514 τοῖς
2543 1450 2715 1520 ὁρίοις
2757 1448 3013 1520 Ἰσραήλν

2248 1544 2445 1599 Ἰστέον
2475 1543 2555 1610 δέ,
2590 1543 2684 1597 ὅτιο
2706 1543 2801 1595 καὶ
2844 1540 2995 1595 κατὰ
3033 1540 3126 1597 τὸν
3169 1538 3440 1595 ὲσώτατον
3469 1540 3615 1603 νοῦν,
3647 1539 3752 1596 κᾶν

479 1646 725 1697 sensum,
750 1632 999 1701 quamvis
1028 1631 1251 1704 quidam
1278 1631 1447 1701 Deum
1484 1640 1839 1703 agnoscentes
1885 1631 2065 1708 ipsum

2174 1636 2225 1693 εἴ
2265 1636 2326 1693 ἐν
2363 1634 2730 1708 προσκρούσει
2770 1633 3007 1702 γένοιντό
3035 1650 3184 1697 τινες
3211 1632 3321 1686 τῶν
3350 1632 3567 1688 εἰδότων
3594 1632 3751 1700 Θεὸν,

478 1721 823 1788 attenderint,
850 1738 916 1778 ac
957 1732 1181 1794 propter
1222 1733 1511 1794 peccatum
1551 1738 1743 1795 pmnas
1790 1724 2071 1795 dederint,

2174 1728 2273 1787 κᾶν
2303 1729 2352 1783 εί
2379 1728 2721 1785 παιδεύοιντο
2764 1726 2848 1780 δι”
2865 1726 3163 1797 ἁμαρτίαν,
3205 1724 3321 1781 ἀλλ’
3353 1720 3448 1779 οῦν
3490 1725 3591 1779 οὐκ
3642 1726 3755 1779 εἰσ-

482 1824 665 1871 tamen
690 1830 795 1871 non
812 1814 1055 1872 funditus
1078 1814 1385 1893 perituros;
1416 1831 1543 1873 nam
1573 1815 1739 1889 Deus,
1773 1815 1863 1873 ubi
1887 1832 2063 1888 quatt-

2174 1820 2317 1876 ἅπαν
2349 1820 2545 1884 αὐτοὺς
2573 1817 2874 1881 ἀπολέσθαι
2917 1816 3208 1889 συμϐαίνει
3232 1833 3246 1847 ο
3295 1816 3664 1886 κατοικτείρει
3691 1816 3749 1869 δὲ

482 1915 594 1961 ιυιη
622 1907 756 1964 satis
774 1915 860 1963 est
890 1907 944 1962 in
961 1921 1059 1969 eos
1078 1880 1555 1969 animadverterit.
1590 1880 1974 1973 iniseretur.'et
1991 1908 2060 1965 ad

2174 1910 2295 1975 Βεδς
2328 1880 2625 1975 παιδεύσας
2651 1880 3108 1981 ἀρκούντωςίκαί
3134 1906 3458 1978 ἀνακομίζει
3487 1880 3649 1961 πάλιν
3671 1907 3754 1970 εἰς

478 2015 797 2075 prosperum
832 2009 1031 2056 statum
1070 2014 1167 2057 eos
1228 2000 1458 2057 reducit.
1527 1998 1825 2057 1errenum
1877 2011 2058 2059 autem

2174 2002 2447 2074 εὐθυμίαν.
2479 2001 2604 2065 Τοῖς
2650 2000 2707 2054 δέ
2743 2016 2809 2070 γε
2852 2000 2915 2054 τὸ
2952 2001 3138 2072 γήϊνον
3174 1998 3434 2069 ἀγαπῶσι
3475 1998 3751 2070 φρόνημα,

481 2090 739 2147 allectum
783 2091 1159 2163 diligentibus.
1209 2101 1266 2152 et
1306 2092 1375 2147 ad
1421 2091 1539 2149 sola
1585 2106 1707 2163 quae
1732 2093 1911 2151 carnis
1936 2101 2062 2150 sunt

2174 2092 2257 2148 mi.
2280 2095 2362 2157 εἰς
2392 2091 2531 2164 μόνα
2571 2090 2828 2162 βλέπουσι
2851 2091 2920 2149 τὰ
2950 2091 3172 2162 σαρκὸς,
3203 2090 3439 2162 μάχεται
3467 2088 3755 2160 διηνεκῶς,

481 2181 920 2251 respicientibus,
945 2181 1270 2239 adversatur
1290 2195 1526 2252 semper,
1560 2190 1616 2239 et
1645 2182 1741 2239 ira:
1768 2197 2063 2254 suaesnper

2174 2183 2259 2240 ταὶ
2305 2183 2404 2255 τῆς
2446 2182 2535 2236 ἐπ’
2563 2181 2748 2247 αὐτοῖς
2783 2181 2955 2253 ὀργῆς
3004 2183 3304 2253 παρατενεῖ
3346 2181 3474 2243 τοὺς
3503 2180 3753 2251 χρόνους.

481 2273 603 2330 illos
638 2282 850 2344 tempus
871 2272 1164 2343 producit:
1203 2290 1225 2326 ι
1258 2270 1612 2331 Vocabuntur
1661 2260 1834 2340 enim,
1862 2274 2059 2345 inquit,

2174 2293 2190 2328 ι
2221 2272 2571 2345 κληθήσεται
2607 2273 2739 2345 γὰρ,
2771 2272 2960 2345 φησιν,
2989 2272 3174 2337 αὐτοῖς
3206 2273 3331 2343 ὅρια
3380 2271 3630 2341 ἀνομίας,
3661 2271 3756 2325 καὶ

480 2364 587 2422 illis
613 2365 831 2427 termini
855 2364 1172 2436 impietatis,
1206 2372 1265 2420 et
1299 2363 1535 2435 populus
1570 2379 1736 2434 super
1771 2379 1933 2436 quem
1960 2381 2061 2422 ex-

2174 2367 2291 2433 ιιαδς
2318 2368 2407 2438 ἐφ’
2443 2366 2503 2422 δν
2534 2366 2914 2438 παρατέταται
2934 2364 3137 2438 Κύριος
3165 2363 3273 2428 ἕως
3298 2362 3513 2426 αἰῶνος.
3563 2380 3582 2415 ι

482 2465 669 2516 tensus
695 2464 779 2512 est
806 2456 1072 2515 Dominus
1098 2456 1152 2512 in
1177 2465 1468 2512 aeternum.
1505 2472 1528 2509 ι

551 2547 722 2605 Vsus.
750 2547 805 2602 6.
825 2544 1005 2605 Filius
1024 2547 1295 2619 gloriﬁcat
1320 2556 1548 2619 patrem,
1588 2557 1639 2603 et
1663 2564 1843 2609 servus
1892 2548 2067 2603 domi-

2241 2540 2378 2609 Υἱὸς
2420 2538 2652 2605 δοξάζει
2686 2538 2934 2608 πατέρα,
2973 2539 3074 2593 καί
3122 2536 3349 2603 δοῦλος
3401 2537 3509 2591 τὸν
3549 2538 3756 2605 κύριον

478 2658 606 2700 nunt
639 2658 814 2699 suum.
844 2640 914 2697 Et
942 2641 991 2697 si
1017 2648 1168 2711 pater
1199 2654 1317 2694 sum
1338 2653 1455 2708 ego,
1474 2636 1562 2692 ubi
1595 2647 1672 2696 est
1712 2638 1883 2709 gloria
1909 2641 2066 2693 mea?

2174 2631 2372 2686 αὐτοῦ.
2402 2630 2514 2685 Καὶ
2543 2633 2595 2685 ει
2621 2631 2818 2698 πατὴρ
2854 2632 2973 2701 εἰμι
3002 2629 3142 2699 ἐγὼ,
3176 2629 3297 2685 ποῦ
3337 2631 3510 2685 ἐστιν
3536 2631 3573 2698 ἠ
3604 2632 3755 2697 δόξα

480 2742 532 2787 σι
566 2734 612 2787 si
632 2733 879 2791 dominus
915 2747 1033 2787 sunt
1069 2746 1187 2801 ego,
1220 2727 1409 2784 ubiut
1483 2727 1643 2784 timor
1694 2731 1883 2785 meus?
1936 2730 2063 2784 dicit

2174 2742 2319 2792 μους
2355 2723 2455 2779 καὶ
2485 2724 2539 2777 εἰ
2567 2724 2775 2790 κύριός
2814 2724 2930 2792 εἰμι
2972 2721 3108 2791 ἐγὼ,
3145 2721 3263 2777 ποῦ
3309 2721 3481 2777 ἐστιν
3509 2727 3541 2778 c'
3571 2728 3759 2793 φόϐος

482 2821 742 2879 Dominus
758 2824 1105 2892 ontm'potsns.
1988 2892 1991 2895 Α

2174 2832 2286 2887 μου
2310 2830 2331 2879 ;
2357 2813 2522 2884 λέγει
2551 2814 2768 2883 Κύριος
2803 2813 3253 2883 παντοκράτωρ.

550 2914 664 2971 VII.
689 2912 943 2975 Limitem
970 2913 1199 2971 rationis
1226 2927 1482 2986 egressos
1517 2913 1915 2984 contempsisse
1944 2931 2068 2983 quae

2237 2905 2311 2958 Z'.
2356 2905 2502 2971 Ἔξω
2547 2902 2643 2957 τοῦ
2687 2902 3019 2973 καθήκοντος
3075 2904 3254 2971 ἰόντας
3299 2904 3484 2973 λόγου,
3529 2905 3625 2959 καί
3678 2899 3758 2963 ὧν

484 3005 708 3063 minime
732 3006 1037 3077 oportebat,
1061 3006 1304 3063 ostendit
1324 3007 1546 3077 ubique.
1577 3005 1742 3078 Frugi
1765 3007 1910 3062 enim
1941 3008 2068 3062 tiliis

2174 2998 2367 3068 ἥκιστα
2387 2995 2527 3068 χρῆν
2547 2994 2786 3065 ἀφειδεῖν
2805 2994 3137 3065 ᾑρημένους,
3165 2994 3456 3062 ἀποφαίνει
3482 2996 3755 3067 πανταχῆ,

482 3098 864 3165 conveniebat,
898 3108 956 3157 et
983 3099 1202 3171 quidem
1222 3099 1351 3170 jure
1378 3099 1670 3157 admodum
1693 3115 1759 3156 ac
1780 3100 2069 3167 merito,ut

2174 3088 2293 3152 Τοῖς
2328 3086 2428 3160 μὲν
2464 3091 2575 3160 γὰρ
2619 3085 2889 3140 ἐπιεικέσι
2941 3084 3051 3138 τῶν
3104 3084 3238 3138 υἰῶν
3289 3086 3488 3157 πρέποι
3537 3087 3627 3150 ἂν,
3662 3090 3757 3142 καὶ

484 3191 652 3259 patris
672 3190 754 3247 sui
772 3189 999 3261 gloriam
1013 3191 1409 3260 procurandum
1424 3191 1571 3247 serio
1586 3194 1947 3264 susciperent,
1961 3209 2068 3262 quo

2174 3178 2319 3250 μάλα
2349 3177 2596 3243 εἰκότως,
2628 3176 2692 3229 τὸ
2719 3176 3130 3247 μεταποιεῖσθαι
3165 3176 3372 3249 σφόδρα
3399 3178 3500 3248 τῆς
3529 3179 3624 3233 τοῦ
3658 3180 3758 3248 φύ-

487 3280 771 3354 ίιιιζίηοιςιί
799 3283 969 3353 patris
995 3280 1090 3337 lilii
1112 3290 1464 3339 vocarentur.
1488 3280 1607 3338 1am
1638 3284 1683 3338 si
1709 3284 1832 3355 quis
1862 3285 2060 3353 ﬁdelis,

486 3388 583 3426 seu
612 3387 902 3441 germanus
930 3371 1003 3428 sit
1035 3373 1307 3440 minister,
1335 3376 1504 3430 etiam
1559 3376 1838 3433 dominum
1904 3393 2062 3437 suum

484 3464 754 3520 celebrem
771 3463 908 3528 ﬁeri,
941 3473 998 3519 et
1034 3479 1142 3521 non
1171 3464 1489 3533 obscurum,
1526 3476 1584 3523 et
1640 3467 1789 3524 velut
1840 3471 2067 3540 pedibus

487 3556 777 3623 protritum
810 3569 1054 3621 manere,
1084 3570 1411 3626 magnopere
1431 3557 1659 3627 optabit.
1692 3557 1824 3613 Nam
1855 3560 1934 3614 sic
1952 3561 2066 3630 ipse

486 3661 705 3719 quoque
726 3656 934 3718 partem
955 3645 1251 3715 felicitatis,
1273 3662 1396 3717 quae
1427 3649 1480 3703 in
1536 3649 1622 3705 his
1672 3658 1776 3716 est,
1810 3652 1967 3720 feret,
2011 3663 2067 3708 et

488 3741 632 3808 quod
679 3739 785 3797 sibi
836 3751 1160 3797 ornamento
1191 3740 1265 3795 sit
1296 3739 1479 3806 faciet,
1509 3750 1565 3801 et
1584 3758 1704 3801 eam
1725 3759 1953 3802 summa:
1973 3761 2069 3802 vo-

490 3832 712 3902 luptatis
733 3832 1079 3889 occasionem
1127 3833 1231 3890 sibi
1264 3834 1447 3891 ducet.
1506 3834 1615 3891 Vos
1638 3848 1843 3899 autem.
1873 3838 2065 3906 inquit,

489 3940 614 3978 cum
635 3937 722 3979 me
744 3933 804 3980 ut
853 3934 1064 3995 patrem
1121 3924 1418 3993 honorare,
1470 3936 1634 3998 atque
1680 3936 1740 3984 ut
1783 3929 2065 3985 dominum

492 4014 686 4069 timere
714 4012 1006 4081 deberetis,
1033 4012 1089 4068 in
1116 4013 1383 4071 ambobus
1396 4028 1504 4068 non
1532 4029 1722 4084 parum
1775 4016 1844 4073 ab
1874 4015 2069 4074 oliicio

491 4106 817 4173 olescivistis,
842 4115 897 4162 et
926 4106 1278 4163 inveniemini
1332 4121 1433 4165 nec
1491 4116 1551 4162 ut
1587 4108 1725 4179 patri
1780 4109 2066 4175 honorem,

491 4213 596 4254 nec
628 4207 689 4254 ut
715 4198 937 4255 domino
970 4198 1220 4256 timorem
1251 4196 1648 4267 impertientes.
1684 4197 1785 4257 Ubi
1816 4200 1963 4257 enim
1984 4210 2072 4258 est

493 4290 670 4345 honor
699 4288 894 4345 meus?
921 4289 1010 4347 ubi
1041 4291 1227 4357 timor,
1259 4288 1305 4343 si
1337 4287 1560 4345 nihilad
1616 4290 1846 4361 gloriam
1891 4308 2068 4349 meam

493 4380 772 4447 pertinens
792 4380 973 4437 facere
1004 4381 1309 4443 sustinetis.
1331 4393 1508 4447 neque
1529 4395 1748 4450 pmnam
1780 4399 1810 4439 a
1848 4383 2071 4440 domino

496 4479 823 4538 metuentes,
853 4471 971 4541 ejus
991 4471 1147 4542 iussa
1171 4477 1495 4547 capessitisi
1551 4474 1861 4532 Istiusmodi
1908 4476 2071 4547 quip-

495 4564 642 4632 piam
672 4578 771 4634 per
802 4563 998 4621 Isaiam
1036 4581 1255 4638 quoque
1293 4568 1470 4625 dicit:
1511 4585 1534 4621 ι
1589 4565 1995 4634 Audi,emlum,
2016 4576 2075 4623 et
2103 4593 2151 4651 ι)

394 4656 399 4659 ’
495 4656 720 4712 auribus
740 4656 975 4726 percipe,
1023 4668 1188 4725 terra,
1223 4660 1352 4730 quia
1394 4660 1653 4716 Dominus
1705 4658 1919 4715 locutus
1944 4668 2072 4716 est:

495 4745 663 4803 Filios
713 4748 875 4819 genui
924 4757 980 4804 et
1045 4749 1303 4816 exaltari,
1358 4751 1461 4823 ipsi
1513 4761 1695 4807 autem
1748 4760 2078 4822 spreverunt

497 4838 667 4894 me".
696 4856 718 4891 ι
752 4838 1054 4905 ρυωτσιιιίε
1078 4838 1244 4909 igitur
1262 4855 1294 4895 a
1316 4841 1491 4906 nobis,
1518 4855 1638 4911 qum
1658 4841 1774 4897 Deo
1822 4851 1951 4897 sunt
1979 4840 2076 4897 bo-

497 4928 746 4995 norilica,
805 4939 863 4985 et
905 4931 973 4986 ad
1041 4945 1206 5003 opera
1258 4933 1919 5000 sanctaincumbendum,
1949 4949 2075 4989 cum

497 5022 737 5078 sciamus
772 5022 1035 5093 scriptum
1066 5038 1221 5080 esse:
1260 5045 1283 5078 ι
1318 5025 1457 5082 Vivo
1483 5040 1606 5098 ego,
1629 5026 1765 5081 dicit
1788 5027 2072 5094 Dominus,

496 5112 625 5183 quia
654 5114 1018 5185 gloriﬁcantes
1045 5130 1133 5172 Ite
1154 5116 1491 5188 gloriﬁcabo,
1519 5116 1690 5189 824
1708 5125 1764 5174 et
1784 5119 1875 5187 qui
1937 5134 2073 5174 con-

502 5208 695 5264 temnit
711 5222 820 5274 me,
844 5217 1223 5266 eontemnetur
1254 5209 1323 5264 υ.
1354 5227 1375 5261 ι
1415 5208 1820 5267 Glorilieabitur
1839 5220 2074 5267 autem:

501 5294 659 5351 nobis
706 5294 868 5353 Pater
893 5295 1270 5354 universorum
1299 5297 1465 5366 Deus,
1496 5299 1542 5354 si
1584 5314 1690 5354 non
1720 5299 1864 5369 quod
1920 5301 2079 5357 nobis

497 5385 793 5455 jucundum
815 5398 873 5445 et
897 5388 1134 5445 amicum
1171 5396 1279 5457 est,
1306 5404 1468 5462 agere
1521 5391 1896 5451 studuerimus
1915 5431 1933 5458 ,
1983 5392 2079 5448 sed

504 5480 581 5536 illi
603 5482 782 5552 potius
808 5491 1044 5538 mentem
1064 5491 1304 5539 nostram
1349 5483 1786 5540 dedicaverimus
1805 5493 1863 5540 et
1884 5485 1939 5538 in
1960 5500 2081 5540 om-

505 5573 666 5630 nibus
691 5574 762 5631 ad
782 5575 903 5646 ejus
933 5585 1122 5631 nutum
1146 5591 1247 5632 nos
1276 5575 1818 5633 conformaverimus.
1852 5576 2084 5632 Timebi-

505 5682 628 5725 mus
647 5681 779 5724 vero
798 5676 858 5723 ut
884 5668 1196 5734 Dominum,
1220 5669 1265 5726 si
1293 5670 1710 5740 propensionem
1727 5670 1794 5726 ad
1823 5669 2082 5741 improbi-

580 5842 625 5880 "
653 5845 734 5903 lsa
786 5862 826 5912 ι,
858 5846 914 5903 2.
996 5843 1246 5919 "ll’teg.
1274 5862 1333 5917 ιι,
1358 5846 1448 5903 30.

2171 3287 2365 3336 σαντος
2401 3268 2581 3340 δόξης,
2620 3268 2708 3322 ἵνα
2753 3268 2848 3323 καὶ
2892 3266 3282 3321 εὐκλεεστάτου
3320 3268 3522 3341 πατρὸς
3559 3270 3756 3343 ὀνομάο

2171 3363 2370 3428 ζωνται
2412 3362 2599 3416 τέκνα.
2632 3361 2695 3415 Ei
2714 3359 2791 3413 ,δὲ
2821 3359 2885 3431 δή
2914 3376 2999 3423 τις
3026 3359 3111 3429 εἴη
3148 3359 3244 3413 καὶ
3271 3360 3488 3430 οἰκέτης
3513 3363 3756 3434 γνήσιος,

2171 3453 2447 3528 περιφανῆ
2473 3471 2577 3508 που
2628 3453 2847 3516 πάντως
2879 3452 2974 3506 καὶ
3015 3451 3300 3521 διαόόητον
3323 3452 3415 3505 τὸν
3441 3455 3638 3509 οἰκεῖον
3665 3455 3759 3510 si).

2172 3554 2322 3622 ξεται
2346 3552 2597 3622 γενέσθαι
2629 3551 2917 3623 δεσπότην,
2951 3552 3051 3605 οὐκ
3099 3550 3313 3622 ἄσημον
3363 3546 3503 3604 εἶναι
3533 3551 3627 3605 καὶ
3659 3567 3759 3604 πε-

2172 3645 2505 3718 πατημένον.
2539 3644 2769 3710 Μεθέξει
2808 3644 2916 3715 γὰρ
2944 3643 3086 3697 οὕτω
3137 3644 3233 3697 καὶ
3269 3643 3434 3706 αὐτὸς
3466 3644 3566 3715 τῆς
3599 3642 3656 3695 ἔν
3694 3660 3758 3711 γε

2172 3736 2382 3802 τούτοις
2406 3735 2728 3809 εὐημερίας,
2753 3737 2849 3789 καὶ
2870 3734 3130 3805 καύχημα
3154 3734 3215 3788 τὸ
3236 3735 3426 3806 χρῆμα
3450 3738 3756 3804 ποιήσεται,

2174 3831 2271 3885 καὶ
2330 3829 2599 3902 θυμηδίας
2654 3829 2756 3899 τῆς
2813 3828 3097 3898 ἀνωτάτης
3153 3826 3416 3894 λογιεῖται
3463 3826 3757 3898 πρόφασιν.

2186 3917 2376 3986 Ὑμεῖς
2401 3916 2478 3978 δὲ,
2510 3916 2694 3987 φησὶν,
2720 3915 2797 3979 ὡς
2825 3914 3043 3987 πατέρα
3069 3931 3137 3986 με
3158 3914 3401 3980 δοξάζειν
3431 3915 3760 3985 ὀφείλοντες,

2175 4008 2403 4064 δεδιέναι
2452 4008 2509 4062 δὲ
2560 4009 2654 4062 καί
2706 4007 2780 4073 ὡς
2823 4007 3114 4076 δεσπότην,
3148 4007 3270 4061 κατ’
3301 4007 3470 4078 ἄμφω
3496 4007 3593 4062 τοῦ
3623 4010 3758 4080 πρέ-

2177 4115 2369 4161 ποντος
2399 4097 2461 4151 ού
2492 4097 2726 4169 μετρίως
2748 4095 3162 4168 διημαρτήκατε
3184 4112 3197 4124 ·
3229 4096 3504 4151 ἁλώσεσθε
3530 4097 3585 4150 δὲ
3619 4100 3758 4169 μήτε

2175 4191 2254 4255 ὡς
2276 4191 2447 4262 πατρὶ
2473 4190 2570 4262 τὴν
2598 4189 2779 4257 δόξαν,
2815 4190 2953 4261 μήτε
2977 4189 3085 4259 μὴν
3108 4188 3183 4254 ὼς
3210 4189 3445 4261 δεσπότῃ
3471 4189 3562 4243 τὸν
3596 4189 3761 4259 φόὸον

2176 4281 2528 4343 ἀνάπτοντες.
2560 4279 2669 4333 ῐῐυῦ
2698 4279 2808 4349 γὰρ
2840 4280 2874 4350 ἡ
2899 4277 3027 4342 δόξα
3058 4295 3162 4348 μου
3186 4294 3200 4343 ;
3229 4278 3331 4331 ποῦ
3361 4278 3416 4333 δὲ
3447 4281 3475 4333 6
3504 4279 3686 4349 φόϐος,
3709 4279 3759 4332 εἰ

2180 4370 2346 4449 μηδὲν
2394 4369 2503 4424 τῶν
2545 4369 2627 4432 είς
2679 4368 2834 4434 δόξαν
2879 4366 3129 4440 ὁρώντων
3176 4368 3273 4438 τὴν
3323 4368 3463 4440 ἐμὴν
3504 4369 3760 4440 ἀνέχεσθε

2176 4461 2333 4535 δρᾷν,
2358 4463 2496 4534 μήτε
2528 4462 2634 4534 μὴν
2661 4461 2725 4515 τὸ
2743 4460 3065 4524 κολάζεσθαι
3092 4460 3346 4524 δεδιότες,
3365 4464 3476 4524 τοῖς
3500 4462 3759 4516 δεσπότου

2177 4556 2355 4610 εἴκετε
2412 4555 2634 4624 νόμοιςς
2690 4553 2835 4624 Ἔφη
2894 4571 2947 4606 τι
3002 4551 3243 4605 τοιοῦτον
3290 4554 3383 4606 καὶ
3438 4553 3527 4607 διὰ
3578 4555 3762 4623 φωνῆς

2190 4646 2447 4701 Ἡσαΐου·
2487 4646 2741 4708 ι’Λκουε,
2772 4645 2989 4714 ούρανὲ.
3026 4644 3120 4697 καὶ
3156 4642 3433 4706 ὲνωτίζου,
3456 4645 3489 4713 ἠ
3536 4644 3629 4712 γῆ,
3679 4644 3761 4696 ὅτι

2179 4737 2384 4807 Κύριος
2404 4736 2694 4807 ἐλάλησεν·
2718 4737 2881 4800 Υἰοὺς
2906 4736 3191 4805 ἐγέννησα,
3224 4735 3319 4789 καὶ
3349 4734 3540 4803 ὒψωσα
3558 4752 3572 4764 υ
3607 4734 3763 4787 αὐτοὶ

2178 4830 2237 4885 δέ
2264 4848 2332 4901 με
2360 4831 2657 4901 ἠθέτησαν.
2681 4848 2698 4879 ι
2727 4829 2850 4900 Χρὴ
2874 4828 3054 4882 τοίνυν
3089 4829 3234 4896 ἡμᾶς
3256 4826 3322 4879 τὰ
3347 4827 3426 4890 εἰς
3452 4824 3606 4890 δόξαν
3625 4823 3761 4878 θεοῦ

2182 4923 2385 4995 ζητεῖν,
2419 4921 2513 4976 καὶ
2562 4921 2671 4992 μὴν
2718 4922 2814 4974 καὶ
2858 4918 3175 4986 ἐπείγεσθαι
3223 4915 3542 4987 κατορθοῦν,
3571 4914 3633 4968 τὸ
3668 4931 3762 4983 γε·-

2180 5014 2502 5086 γραμμένον
2530 5013 2770 5076 εἰδότας
2807 5031 2826 5063 ι
2852 5011 2937 5065 Ζῶ
2966 5009 3095 5079 ἐγὼ,
3122 5010 3270 5077 λέγει
3294 5009 3515 5079 Κύριος,
3532 5009 3614 5063 ὅτι
3637 5010 3764 5072 τοὺς

2177 5108 2502 5177 δοξάζοντας
2525 5124 2593 5178 με
2618 5106 2849 5171 δοξάσω,
2878 5104 2972 5158 καὶ
2996 5105 3025 5157 ὁ
3047 5104 3346 5171 ὲξουθενων
3375 5118 3464 5173 με,
3487 5102 3765 5172 ἀτιμωθή-

2182 5220 2358 5258 σεται.
2388 5220 2406 5253 ι
2443 5200 2738 5265 Δοξάσεται
2765 5199 2823 5252 δὲ
2846 5196 2984 5266 πρὸς
3008 5196 3167 5268 ήμῶν
3194 5198 3222 5250 ό
3250 5195 3435 5266 Πατὴρ
3455 5196 3484 5247 ό
3504 5193 3612 5248 τῶν
3629 5193 3764 5247 ὅλων

2180 5296 2332 5362 Θεὸς,
2368 5295 2491 5367 οὐχὶ
2530 5294 2593 5347 τὸ
2619 5293 2804 5356 αὐτοῖς
2833 5291 2964 5362 ⁴ἡμῖν
2990 5288 3091 5361 ἡδύ
3139 5305 3200 5342 τε
3243 5289 3338 5341 καὶ
3367 5286 3521 5357 φίλον
3552 5288 3763 5339 ἀποπε-

2183 5389 2388 5465 ραίνειν
2439 5384 2886 5448 ἐσπουδακότων,
2944 5381 3374 5435 ἀνατεθεικότων
3442 5378 3502 5433 δὲ
3566 5377 3765 5448 μᾶλλον

2179 5480 2331 5552 αὐτῷ
2375 5480 2469 5534 τὸν
2511 5476 2661 5541 νοῦν,
2692 5478 2784 5531 καὶ
2814 5478 2930 5539 τοῖς
2978 5473 3148 5528 αὑτοῦ
3193 5471 3457 5541 νεύμασιν
3485 5469 3766 5540 ἑπομένων

2181 5572 2479 5643 πανταχοῦ.
2509 5568 2936 5641 Φοϐηθησόμεθα
2972 5565 3029 5619 δὲ
3067 5565 3160 5619 καί
3197 5564 3273 5627 ὼς
3305 5562 3529 5635 Κύριον,
3556 5560 3655 5632 τὴν
3686 5563 3764 5626 εἰς

2183 5665 2492 5736 φαυλότητα
2521 5662 2692 5735 ῥοπὴν
2713 5661 3110 5723 ἀνακόπτοντες
3131 5656 3269 5712 αἰδοῖ
3291 5656 3384 5711 τοῦ
3408 5654 3768 5728 προσκρούειν
