4120 6376
389 398 498 452 289

1202 383 1755 444 COMMENTARIUS
1796 383 1860 436 IN
1906 381 2319 437 MALACHIAM
2358 379 2800 437 PllUPHETAM.
2869 437 2888 454 ,

3539 383 3646 442 290

387 504 559 576 αὐτῷ,
591 504 688 558 καὶ
739 502 831 557 τὸν
875 501 971 556 ἐπὶ
1018 499 1112 554 τοῦ
1167 499 1314 553 θείου
1364 498 1609 569 βήματος
1661 496 1969 560 εὐνοοῦντες

2075 503 2261 556 tatem,
2279 494 2486 562 pmlore
2501 494 2734 563 quodam
2753 491 2898 547 illius
2911 491 3215 548 oﬂendendi
3237 494 3643 561 resciderimus,

387 599 626 668 ἔλεγχον.
674 615 694 648 ι
731 595 870 658 Τοὺς
897 594 1003 664 γάρ
1036 592 1245 655 πάντας
1277 591 1426 662 ἡμᾶς
1460 590 1542 642 δεῖ
1579 589 1958 661 φανερωθῆναι

387 687 697 760 ἔμπροσθεν
717 685 811 738 τοῦ
849 685 1090 757 βήματος
1126 683 1221 735 τοῦ
1253 681 1512 754 Χριστοῦ,
1542 681 1629 734 ἴνα
1666 681 1959 751 κομίσηται

388 781 615 842 ἕκαστος
645 779 714 833 τὰ
750 777 839 830 διὰ
867 775 960 829 τοῦ
1006 774 1275 845 σώματος,
1305 772 1444 844 πρὸς
1489 772 1528 826 ἂ
1567 771 1820 844 ἔπραξεν,
1850 770 1959 824 εἴτε

388 869 613 941 ἀγαθὸν,
647 871 756 922 είτε
781 867 1002 938 φαῦλον.
1031 886 1050 918 s

468 959 654 1030 Ὑμεῖς
679 961 732 1013 οι
775 960 966 1026 ιερεῒς,
1005 959 1060 1011 οὶ
1092 953 1484 1024 φαυλίζων-τες
1510 951 1576 1006 τὸ
1609 951 1796 1020 ὄνομά
1818 967 1957 1020 μου.

391 1051 497 1108 Kal
521 1052 729 1105 εἴπατε
749 1067 763 1081 ·
795 1051 892 1104 Ἐν
918 1049 1035 1102 τίνι
1061 1047 1477 1117 ἐφαυλίσαμεν
1503 1045 1571 1097 τὸ
1598 1043 1784 1113 ὄνομά
1811 1057 1961 1105 σου;

390 1143 809 1214 Προσὰγοντες
837 1139 989 1210 πρός
1023 1141 1088 1192 τὸ
1129 1136 1564 1205 θυσιαστήριόν
1596 1153 1714 1206 μου
1745 1133 1962 1204 ἄρτους

390 1237 858 1308 ἠλισγημένους.
900 1235 1009 1288 Καὶ
1045 1234 1274 1286 εἴπατε·
1330 1233 1432 1285 Ἐν
1457 1231 1575 1284 τίνι
1620 1229 1962 1298 ήλισγήσα-

388 1348 500 1402 μεν
517 1331 772 1395 adrade;
796 1329 900 1381 Ἐν
920 1326 999 1391 τῷ
1016 1324 1219 1393 λέγειν
1245 1323 1401 1394 ὑμᾶς
1423 1339 1437 1354 ⁶
1466 1321 1725 1392 Τρὰπεζα
1741 1322 1963 1388 Κυρίου

388 1421 767 1493 ἠλισγημένη
819 1418 974 1483 ἐστὶ,
1006 1417 1102 1472 καὶ
1156 1419 1228 1471 τὰ
1268 1415 1644 1485 ἐπιτιθέμενα
1680 1412 1965 1483 ,βρώματα

387 1512 856 1583 ἐξουδενωμέγα.

461 1608 539 1663 II'.
597 1609 936 1662 Ἐπαιτιᾶται
983 1605 1189 1676 σφόδρα
1236 1602 1347 1656 τῶν
1380 1599 1646 1655 Ἰουδαίων
1691 1598 1752 1651 τὸ
1801 1596 1965 1669 ρᾁυ-

393 1719 511 1772 μον,
543 1697 625 1763 οἷς
658 1701 749 1753 καὶ
785 1700 814 1752 6
847 1699 1011 1768 νόμος
1034 1699 1297 1766 ἐπιφωνεῖ
1325 1696 1404 1760 τὸ,
1434 1714 1452 1746 ι
1474 1691 1734 1756 Εὑλαδεϊς
1761 1694 1964 1745 ποιεῖτε

390 1793 512 1856 τοὺς
554 1791 703 1855 υἱοὺς
740 1791 980 1862 Ἰσραήλ.
1014 1809 1033 1841 s
1062 1788 1293 1858 Ἐψεται
1343 1786 1452 1858 γάρ
1491 1785 1568 1848 ὡς
1611 1784 1816 1837 ἐπίπαν
1849 1785 1966 1847 ταῖς

2066 585 2576 653 accusationemque
2599 585 2738 653 apud
2753 585 2992 639 divinum
3012 584 3242 638 tribunal
3259 589 3532 642 nobiscum
3551 603 3645 638 vn-

2067 676 2441 730 lutaverimus.
2480 696 2497 726 ι
2529 675 2730 731 Omnes
2765 675 2910 731 enim
2968 691 3068 733 nos
3112 679 3445 733 manifestari
3483 695 3644 750 opor-

2068 778 2146 823 tet
2175 776 2300 821 ante
2343 766 2576 821 tribunal
2627 766 2856 833 Christi,
2899 777 2957 821 ut
2992 769 3221 839 recipiat
3277 770 3644 840 unusquisque

2066 868 2225 931 prout
2260 860 2425 929 gessit
2449 859 2501 910 in
2533 873 2761 927 corpore
2785 874 2903 922 suo,
2931 861 3042 913 sive
3061 861 3222 924 bona,
3244 862 3356 916 sive
3379 862 3514 915 mala
3535 863 3603 915 “.
3620 882 3635 911 s

2139 952 2302 1005 Vsus.
2317 951 2372 1004 7.
2388 949 2492 1004 Vos
2518 951 2835 1015 sacerdotes,
2849 952 2940 1021 qui
2964 952 3228 1021 despicitis
3249 940 3432 1006 nomen
3447 970 3640 1010 metti»,

2069 1041 2137 1096 Et
2166 1041 2374 1094 dixistis
2405 1057 2424 1094 :
2449 1039 2515 1092 In
2541 1055 2644 1109 quo
2705 1041 3038 1107 despeximus
3061 1058 3245 1095 nomen
3278 1045 3467 1096 tuum?
3500 1042 3644 1112 Ole-

2068 1144 2236 1186 reutes
2269 1137 2339 1185 ad
2361 1131 2530 1185 altare
2565 1147 2735 1183 nicum
2772 1147 2932 1199 panes
2977 1131 3224 1198 pollutos.
3277 1130 3342 1185 Et
3394 1133 3641 1186 dixistis:

2068 1225 2136 1279 In
2174 1241 2276 1296 quo
2317 1225 2598 1290 polluimus
2618 1225 2742 1279 eos?
2769 1223 2836 1277 In
2870 1240 2930 1276 eo
2989 1225 3132 1292 quod
3177 1225 3393 1278 dicitis:
3459 1223 3642 1277 Mensa

2069 1317 2283 1372 Domini
2314 1318 2513 1386 polluta
2538 1326 2636 1378 est.
2690 1327 2736 1370 et
2779 1317 3120 1384 superpositas
3181 1329 3314 1370 esca:
3364 1325 3485 1370 sunt
3553 1318 3645 1368 de:

2066 1421 2278 1478 spectw.

2136 1610 2267 1666 Vill.
2293 1609 2610 1680 Expostulat
2631 1609 2978 1664 vehementer
3007 1621 3130 1663 eum
3167 1608 3542 1664 sacerdotibus
3569 1610 3640 1661 ob

2069 1701 2395 1768 socordiam,
2422 1703 2616 1771 quibus
2639 1713 2692 1755 et
2717 1702 2800 1755 lex
2817 1700 3080 1757 acelamat
3103 1701 3256 1765 illud,
3288 1720 3306 1752 ‹
3339 1701 3643 1772 Religiosos

2072 1795 2233 1848 facite
2252 1793 2388 1847 ﬁlios
2410 1793 2596 1846 Israel.
2631 1811 2650 1843 s
2681 1789 2935 1859 Subiecta
3005 1791 3149 1845 enim
3195 1791 3479 1848 multitudo
3505 1807 3642 1863 pene

389 1883 498 1935 τῶν
545 1882 864 1953 ἡγουμένων
897 1881 1222 1943 ἐπιεικείαις
1271 1880 1306 1950 ἡ
1362 1877 1469 1930 ὑπὸ
1533 1879 1694 1948 χεῖρα
1737 1875 1966 1944 πληθὺς,

2071 1887 2124 1941 in
2147 1886 2399 1942 omnibus
2429 1885 2730 1955 principum
2769 1885 2906 1940 bona
2934 1885 3184 1956 exempla
3233 1885 3496 1954 sequitur,
3543 1899 3641 1938 nec

390 1975 654 2028 ἀδικεῖται
699 1973 756 2026 δέ
810 1973 870 2025 οὐ
927 1971 1184 2045 μετρίως,
1219 1971 1348 2023 ὅταν
1395 1969 1478 2040 ίδῃ
1516 1965 1965 2040 κατημεληκότας

389 2066 488 2136 τῆς
529 2065 666 2136 πρὸς
703 2063 836 2117 Θεὸν
882 2062 1083 2126 αἰδοῦς.
1137 2059 1577 2130 Συγκαθίσταται
1623 2057 1733 2129 γὰρ
1805 2056 1967 2120 εὐθὺς

393 2160 485 2213 καὶ
519 2157 888 2229 συπρῤωστεῖ
929 2155 989 2208 τὸ
1038 2152 1280 2225 ῥᾴθυμον
1313 2153 1392 2214 είς
1421 2150 1733 2210 εὐλάϐειαν,
1767 2149 1862 2200 καὶ
1898 2148 1964 2218 τῇ

389 2253 497 2305 τῶν
518 2249 843 2321 καθηγητῶν
874 2247 1138 2303 ὑπτιώσει
1163 2262 1227 2300 συ
1235 2241 1721 2309 μπλάττε.ται.⁹’οτι
1745 2239 1803 2292 δέ
1822 2240 1968 2291 ἐστιν

391 2344 596 2415 ἀληθὴς
627 2345 654 2396 6
683 2344 862 2411 λόγος,
890 2339 1222 2395 πιστώσεται
1254 2337 1425 2407 λέγων
1451 2338 1480 2390 ὁ
1510 2334 1619 2389 τῶν
1650 2334 1786 2386 ὅλων
1813 2330 1968 2398 Θεὸς,

392 2438 472 2490 ὅτι
509 2455 527 2487 ι
560 2437 622 2488 Ui
652 2434 908 2505 ποιμένες
932 2431 1357 2503 ἡφρονεύσαντο,
1409 2427 1504 2482 καὶ
1530 2427 1620 2480 τὸν
1645 2423 1851 2496 Κύριον
1869 2422 1972 2476 οὐκ

393 2523 745 2594 ἐξεζήτησαν.
781 2521 879 2576 Διὰ
908 2521 1063 2575 τοῦτο
1093 2521 1194 2574 οὐκ
1223 2519 1412 2590 ἐνόησε
1445 2518 1598 2571 πᾶσα
1623 2518 1656 2587 ή
1696 2511 1972 2585 νομὴ,καὶ

391 2615 905 2688 διεσκορπίσθησαν.
937 2634 956 2667 ι
1009 2612 1218 2667 Οὐκοῦν
1245 2612 1322 2676 ὡς
1360 2610 1563 2664 ἐπίπαν
1593 2609 1643 2661 οί
1671 2607 1781 2660 τῶν
1812 2606 1971 2660 θείων

396 2708 792 2779 θυσιαστηρίων
842 2705 1116 2778 ἱερουργοὶ
1165 2703 1436 2775 πρόφασις
1472 2700 1814 2770 εὑρίσκονται
1859 2699 1972 2759 τοῖς

396 2801 572 2862 ἄλλοις
617 2797 902 2867 εὐδοκίμου
955 2795 1100 2866 ζωῆς
1131 2793 1250 2865 μὲν,
1286 2793 1444 2861 εἴπερ
1490 2790 1693 2842 ἕλοιντο
1733 2785 1973 2840 διαϐιοῦν

394 2892 590 2964 ὀρθῶς,
639 2891 731 2944 καὶ
775 2887 895 2942 καθ’
933 2887 992 2940 ὃν
1045 2886 1309 2956 προσήκει
1364 2883 1563 2954 τρόπον
1593 2881 1653 2933 τὸ
1683 2879 1846 2941 σέϐας
1877 2879 1970 2930 άν-

398 2985 628 3040 άπτειν·
685 2980 925 3052 αἰσχρῶν
970 2978 1153 3032 δὲκαὶ
1199 2975 1467 3048 βδελυρῶν
1503 2971 1972 3044 ἐπιτηδευμάτων,

397 3079 446 3130 εί
475 3075 581 3149 πρό
610 3090 673 3144 γε
699 3069 808 3126 τῶν
830 3071 1003 3126 ἄλλων
1034 3065 1178 3124 οὗτοι
1215 3069 1284 3123 τὰ
1327 3067 1503 3121 τοιάδε
1530 3064 1640 3119 τῶν
1671 3062 1858 3118 κακῶν
1884 3062 1976 3114 εὐ-

364 3183 366 3186 '
399 3168 670 3242 ρίσκοιντο
695 3162 1244 3237 κατηῤῥωστηκότες.
1272 3158 1540 3232 Ταύτῃτοι
1570 3156 1665 3211 καὶ
1710 3157 1738 3208 6
1779 3153 1974 3208 Θεσπέ-

399 3274 511 3320 σιος
528 3256 729 3327 Πέτρος
756 3256 867 3314 τοῖς
895 3252 1108 3305 τελοῦσι
1128 3249 1468 3312 διδασκάλοις
1485 3243 1754 3316 ἐπεφώνει
1772 3243 1971 3313 σοφῶς,

397 3350 480 3403 ὅτι
513 3347 788 3418 προσῆκεν
815 3344 1012 3408 αὐτοὺς
1043 3342 1247 3405 τύπους
1278 3339 1530 3409 γενέσθαι
1554 3341 1666 3400 τοῖς
1685 3336 1973 3408 ποιμνίοις.

411 3442 596 3510 Ὑμεῖς
643 3441 766 3494 ἐστε
805 3436 1007 3500 τοίνυν,
1060 3433 1215 3505 φησὶ,
1268 3435 1318 3485 οἰ
1367 3435 1479 3495 τοῖς
1526 3431 1626 3502 τῆς
1681 3428 1977 3500 ἱερωσύνης

400 3534 678 3604 αὐχήμασι
697 3530 1105 3602 διαπρέποντες,
1127 3530 1176 3582 oi
1205 3523 1556 3598 φαυλίζοντες
1577 3526 1640 3579 τὸ
1663 3524 1835 3591 δνομά
1850 3540 1974 3594 μου.

401 3627 508 3680 Καὶ
537 3626 585 3676 εί
619 3621 873 3695 βούλεσθε
925 3621 1121 3692 μαθεῖν
1149 3621 1243 3674 τοῦ
1280 3616 1590 3690 φαυλισμοῦ
1623 3617 1712 3670 τὸν
1754 3615 1976 3687 τρόπον,

401 3719 700 3774 ἀκούσεσθε
721 3716 1170 3788 διακεκραγὸτοςο
1223 3715 1313 3767 Ἐν
1335 3713 1415 3784 τῷ
1451 3711 1788 3784 προσφέρειν
1833 3709 1978 3780 ὑμᾶς

400 3814 480 3876 είς
525 3811 584 3865 τὸ
631 3807 1018 3880 θυσιαστήριόν
1047 3823 1148 3878 μου
1201 3805 1400 3874 ἄρτους
1455 3801 1877 3874 ⁴Ιγλισγημένους.
1913 3797 1978 3852 Εἰ

400 3903 458 3955 δέ
494 3901 558 3973 δὴ
584 3902 824 3970 λέγοιντο
859 3901 952 3954 καὶ
979 3899 1114 3970 πρὸς
1142 3897 1299 3952 τοῦτο
1329 3894 1522 3950 πάλινο
1559 3912 1577 3945 t
1605 3893 1736 3946 Τίνα
1771 3891 1835 3962 δὴ
1858 3891 1978 3962 τρό-

403 4011 504 4046 πον
551 3993 929 4062 ηλισγήσαμεν
978 3989 1207 4054 αὐτούς
1242 4007 1261 4040 s
1313 3985 1424 4058 ἐρῶ
1468 3984 1602 4055 πρὸς
1652 3983 1822 4052 ὑμᾶς·
1891 3981 1978 4044 Ὠς

402 4083 578 4136 οἴεσθε
609 4082 708 4154 μὲν
737 4083 886 4146 ίσως,
927 4081 1126 4151 μᾶλλον
1171 4079 1228 4132 δὲ
1277 4079 1370 4131 καὶ
1401 4075 1587 4138 αὐτοῖς
1631 4073 1790 4144 βοᾶτε
1837 4072 1979 4143 πρά-

405 4191 627 4245 γμασιν,
655 4173 737 4227 ὅτι
780 4193 799 4225 ι
830 4173 874 4226 Τ
881 4172 1090 4245 ράπεζα
1112 4169 1316 4241 Κυρίου
1343 4165 1736 4237 ἐξουδενωμένη
1767 4163 1932 4218 ἐστίν.
1953 4182 1972 4215 s

418 4267 632 4338 Ἐπειδὴ
674 4267 732 4321 δέ
773 4266 979 4319 ἕκαστα
1012 4265 1120 4318 τῶν
1167 4261 1472 4333 εἰρημένων
1523 4256 1978 4330 άναμηρύσασθαι

2066 1978 2337 2033 mediocre
2374 1977 2754 2032 detrimentum
2791 1976 3145 2045 aceipit,cum
3167 1990 3258 2032 eos
3282 1975 3638 2032 reverentiam

2065 2083 2194 2139 erga
2227 2069 2390 2123 Deum
2415 2069 2739 2138 postliabere
2772 2068 2964 2122 cernit.
3035 2067 3227 2122 Statim
3259 2067 3400 2121 enim
3451 2067 3638 2121 eodem

2068 2161 2354 2230 redigitur,
2395 2170 2451 2214 et
2480 2158 2683 2214 desidia
2718 2159 2768 2213 in
2797 2157 2942 2213 cultu
2980 2159 3161 2212 divino
3189 2157 3349 2212 simul
3402 2155 3639 2227 languet,

2067 2261 2125 2308 et
2152 2255 2218 2307 ad
2257 2252 2639 2322 magistrorum
2665 2250 2912 2317 supinam
2959 2248 3337 2320 negligentiam
3402 2247 3638 2315 ﬁngitur.

2071 2345 2212 2400 Vera
2251 2359 2336 2398 me
2367 2345 2548 2398 dicere
2577 2359 2640 2396 ex
2672 2341 2849 2396 verbis
2884 2340 2978 2396 Dei
3019 2341 3394 2394 universorum
3449 2349 3598 2409 patet
3623 2356 3640 2368 '

2075 2453 2094 2488 ι
2130 2435 2381 2490 Pastores
2409 2433 2575 2488 stulte
2603 2439 2848 2501 egerunt,
2881 2440 2937 2485 et
2970 2430 3254 2486 Dominum
3289 2443 3397 2484 non
3448 2428 3640 2496 exqui-

2070 2530 2337 2584 siverunt.
2370 2526 2599 2596 Propter
2630 2525 2734 2581 boe
2773 2539 2880 2578 non
2906 2523 3171 2579 intellexit
3189 2521 3368 2578 omnis
3413 2535 3566 2590 grex.
3588 2530 3642 2573 et

2049 2621 2314 2690 'dissipati
2347 2629 2475 2676 sunt
2495 2620 2564 2676 ³³.
2606 2637 2624 2670 ι
2655 2618 2844 2688 Itaque
2875 2617 2928 2671 in
2947 2616 3199 2671 omnibus
3251 2613 3382 2679 fere,
3437 2612 3530 2682 qui
3574 2613 3642 2666 ad

2073 2715 2251 2769 divina
2279 2712 2468 2766 altaria
2489 2710 2801 2765 sacriﬁcant
2831 2709 3044 2764 eteteris
3073 2709 3138 2762 ad
3174 2707 3337 2761 vitam
3357 2707 3640 2776 probatam

2074 2807 2429 2861 incitamento
2454 2813 2600 2869 sunt,
2635 2805 2680 2859 si
2710 2818 2776 2859 ex
2797 2802 3000 2857 virtute
3027 2803 3225 2865 vivere,
3257 2809 3314 2854 et
3338 2797 3504 2854 Deum
3529 2813 3643 2852 mo-

2074 2898 2143 2951 do
2169 2912 2274 2965 quo
2302 2897 2554 2952 convenit
2579 2895 2760 2950 coiere
2821 2893 3128 2948 voluerint:
3156 2891 3223 2947 ad
3260 2891 3490 2945 nefanda
3540 2905 3632 2943 au-

2076 3001 2182 3042 tem
2217 2996 2270 3042 et
2302 2987 2637 3042 detestabilia
2665 2987 2841 3041 studia
2890 2986 3074 3052 duces,
3111 2986 3156 3040 si
3216 2998 3325 3054 pra:
3377 2983 3499 3037 aliis
3544 2983 3641 3036 lm-

2071 3081 2304 3151 jusmodi
2338 3079 2496 3133 malis
2528 3078 2665 3133 male
2691 3077 2895 3132 habere
2927 3074 3351 3145 conspiciantur.
3391 3073 3528 3128 IIine
3587 3085 3642 3128 et

2078 3172 2289 3226 divinus
2315 3169 2509 3224 Petrus
2536 3169 2826 3238 magistros
2853 3169 3128 3235 sapienter
3157 3167 3458 3228 admonuit,
3511 3179 3642 3220 con—

2082 3262 2286 3315 venire.
2311 3274 2404 3314 eos
2430 3253 2659 3313 formam
2695 3256 2871 3329 gregis
2893 3256 3007 3310 ﬁeri
3032 3255 3099 3310 ⁸⁸.
3145 3252 3254 3310 Vos
3280 3255 3442 3325 igitur
3487 3255 3642 3316 estis,

2079 3352 2250 3418 inquit
2276 3353 2556 3420 propheta,
2588 3350 2679 3420 qui
2711 3347 2994 3404 sacerdotii
3024 3347 3288 3418 dignitate
3343 3347 3642 3413 conspicui,

2075 3445 2166 3514 qui
2207 3443 2480 3513 despicitis
2509 3456 2706 3497 nomen
2753 3455 2954 3496 meum.
3007 3439 3075 3494 Et
3122 3439 3164 3493 si
3193 3439 3408 3493 modum
3443 3439 3646 3508 despe-

2076 3537 2270 3590 Ctionis
2301 3534 2489 3589 audire
2531 3533 2715 3598 vultis,
2739 3532 2974 3586 audietis
3021 3530 3345 3585 clamantem
3379 3545 3395 3583 :
3427 3549 3446 3581 ι
3481 3528 3534 3582 ln
3579 3545 3646 3583 eo

2074 3628 2216 3696 quod
2249 3625 2453 3680 oﬁ'crtis
2473 3625 2538 3678 ad
2568 3624 2736 3679 altare
2758 3639 2936 3677 meum
2959 3637 3124 3693 panes
3155 3623 3406 3690 pollutos.
3440 3640 3460 3674 ι
3495 3621 3646 3688 Quod

2077 3719 2120 3774 si
2144 3716 2422 3786 objicient,
2457 3735 2475 3768 ι
2500 3715 2556 3770 In
2589 3731 2698 3784 quo
2731 3715 3018 3785 polluimus
3033 3713 3164 3768 eos?
3201 3731 3219 3763 ι
3249 3713 3422 3766 dicam
3447 3712 3598 3766 vobis
3627 3727 3641 3738 ·

2076 3814 2212 3882 Quia
2244 3812 2447 3883 putatis
2474 3809 2634 3878 forte,
2667 3809 2750 3864 vel
2777 3810 2956 3880 potius
2981 3809 3111 3876 ipsis
3143 3807 3304 3862 rebus
3349 3805 3645 3865 testamini.

2073 3905 2240 3977 825
2288 3917 2530 3959 mensam
2574 3901 2782 3956 Domini
2839 3901 3148 3969 despectant
3200 3911 3344 3951 esse.
3383 3895 3646 3962 Quoniam

2076 4009 2257 4053 autem
2287 3994 2493 4064 singula
2539 3994 2804 4047 dictorum
2855 3988 3193 4060 recolligere,
3259 3997 3315 4042 et
3368 3987 3648 4056 perspicue

2077 4086 2357 4141 declarare
2381 4093 2615 4157 oportet,
2640 4097 2738 4154 age
2765 4081 3034 4145 dicamus,
3067 4079 3196 4150 quid
3221 4077 3325 4133 sibi
3352 4077 3503 4148 panis
3532 4077 3646 4147 pul-

2078 4178 2222 4232 lutus
2269 4175 2418 4230 velit.
2467 4171 2737 4228 Pollutum
2796 4171 2982 4240 itaque
3039 4166 3467 4225 contaminatum
3532 4167 3648 4219 sive

2077 4269 2412 4325 immundum
2448 4265 2709 4322 nominat.
2747 4262 3038 4318 Sciendum
3061 4275 3242 4330 porro,
3271 4274 3336 4314 ex
3373 4258 3649 4312 voluntate

405 4361 532 4432 χρὴ,
566 4359 660 4413 καὶ
688 4356 1072 4431 διερμηνεῦσαι
1098 4353 1306 4425 σαφῶς,
1326 4354 1458 4424 φέρε
1486 4351 1750 4422 λέγωμεν,
1769 4349 1821 4401 τί
1847 4365 1979 4401 ποτε

2077 4360 2477 4432 Iegislatorisiu
2543 4356 2828 4412 sacriﬁciis
2885 4369 3008 4424 quae
3051 4351 3448 4422 peragebantur
3480 4350 3644 4404 etiam

406 4453 514 4523 ἄρα
539 4450 785 4521 βούλεται
807 4449 1002 4520 δηλοῦν
1029 4451 1059 4502 6
1081 4448 1241 4517 ἄρτος
1267 4446 1297 4498 6
1323 4443 1706 4516 ηλισγημένος.
1726 4440 1981 4510 Ἦλισγη-

2078 4467 2247 4525 panes
2273 4450 2453 4507 oﬁerri
2483 4450 2692 4516 solitos,
2716 4449 2810 4504 sed
2841 4462 3060 4519 azymos
3109 4453 3165 4499 et
3199 4457 3364 4512 puros
3398 4460 3414 4498 :
3475 4443 3647 4497 solum

409 4543 569 4614 μένον
603 4542 703 4612 μὲν
729 4535 823 4594 οὖν
852 4541 944 4593 τὸν
973 4537 1398 4610 μεμολυσμένον,
1428 4536 1591 4606 ἤγουν
1613 4533 1704 4586 τὸν
1735 4529 1978 4601 ἀκάθαρ-

2081 4557 2261 4600 autem
2290 4542 2612 4599 sacriﬁcium
2644 4540 2817 4595 laudis
2851 4540 2904 4593 in
2931 4536 3270 4593 fermentatis
3314 4536 3496 4606 peragi
3527 4537 3647 4604 jus-

405 4653 496 4690 τον
525 4631 803 4704 ὀνομάζει.
843 4632 1055 4686 Είδέναι
1085 4629 1143 4683 δὲ
1171 4629 1486 4696 ἀναγκαῖον,
1519 4627 1601 4680 ὅτι
1650 4624 1793 4678 κατά
1820 4640 1884 4692 γε
1917 4622 1981 4676 τὸ

2087 4637 2160 4692 sit
2189 4636 2255 4687 ⁸⁷.
2290 4634 2367 4688 De
2398 4632 2594 4704 quibus
2618 4631 2760 4701 quod
2787 4629 3012 4698 mystice
3041 4625 3232 4681 disseri
3287 4623 3478 4692 possit,
3523 4622 3648 4677 alibi

405 4725 483 4798 τῷ
513 4725 778 4798 νομοθέτῃ
799 4721 988 4776 δοκοῦν
1017 4721 1109 4774 ἐπὶ
1134 4722 1255 4782 ταῖς
1284 4716 1632 4788 τελουμέναις
1653 4715 1864 4776 θυσίαις
1885 4711 1982 4767 καὶ

2085 4724 2540 4785 satisdocuimus,
2563 4737 2683 4792 quze
2703 4735 2846 4774 nunc
2867 4717 3098 4774 strictim
3153 4722 3416 4786 repetam,
3476 4728 3543 4767 ne
3596 4713 3649 4766 in

405 4817 560 4885 ἄρτοι
586 4811 1068 4884 προσεκομίξοντο·
1109 4808 1247 4880 πλὴν
1278 4805 1475 4876 ἄζυμοί
1506 4822 1564 4858 τε
1595 4804 1690 4857 καὶ
1719 4801 1974 4874 καθαροίο

2086 4816 2249 4871 rebus
2283 4815 2438 4883 longe
2466 4812 2769 4866 utilissimis
2791 4809 2948 4864 ttedio
2985 4819 3178 4876 captus
3234 4805 3438 4858 videar.
3492 4803 3651 4858 Panis

410 4906 579 4978 μόνην
615 4903 674 4958 δέ
717 4903 816 4975 τὴν
845 4903 944 4974 τῆς
970 4900 1225 4963 αἰνέσεως
1252 4898 1441 4951 θυσίαν
1488 4897 1574 4950 ἐπ’
1603 4895 1788 4964 ἄρτοις
1821 4893 1982 4965 ζυμί⁸

2081 4920 2212 4976 ergo
2241 4917 2483 4975 azymus,
2513 4916 2606 4958 seu
2673 4915 2778 4956 non
2822 4899 3198 4961 fermentatus,
3260 4897 3472 4966 signum
3527 4908 3650 4948 esse

406 5015 523 5061 ταις
559 4995 831 5050 τελεῖσθαι
877 4993 1229 5067 προστέταχε.
1265 4991 1372 5044 Καὶ
1417 4989 1498 5054 τίς
1535 4991 1563 5043 6
1605 4989 1732 5061 περὶ
1774 4985 1980 5041 τούτων

2081 5006 2244 5068 queat
2271 4997 2395 5050 vita:
2427 5009 2530 5050 non
2556 4995 2888 5048 fermentata:
2915 5007 2981 5046 ae
2999 4990 3358 5060 pum.Atque
3383 4989 3455 5041 ita
3488 4987 3650 5040 etiam

408 5087 666 5158 μυστικὸς
717 5086 784 5141 ἂν
817 5088 1026 5156 γένοιτο
1052 5085 1226 5152 λόγος,
1261 5080 1621 5153 ἀποχρώντως
1673 5081 1732 5134 ἐν
1773 5079 1983 5150 ἑτέροις

2082 5089 2296 5143 divinus
2321 5086 2518 5142 Paulus
2536 5086 2590 5140 in
2622 5085 2725 5139 ﬁde
2749 5082 3069 5154 justiﬁeatis
3109 5080 3294 5136 scribit
3333 5094 3347 5130 :
3393 5095 3412 5129 ι
3465 5075 3652 5145 Itaque

405 5180 708 5250 εἰρήκαμεν
727 5196 741 5210 ·
765 5179 1123 5249 ἀφηγήσομαι
1151 5175 1208 5228 δέ
1235 5173 1331 5227 νῦν
1361 5173 1456 5226 καὶ
1484 5172 1542 5224 ἐν
1585 5170 1872 5243 ἐπιδρομῇ,
1903 5170 1979 5233 ὡς

2075 5179 2354 5248 epulemur
2379 5192 2484 5232 non
2515 5176 2567 5230 in
2602 5175 2866 5231 fermento
2887 5172 3080 5237 veteri,
3098 5185 3274 5240 neque
3302 5169 3352 5224 in
3387 5169 3654 5223 fermento

405 5271 470 5325 ἂν
501 5271 575 5342 μὴ
610 5271 824 5342 δοκοίην
855 5270 1082 5341 ὀκνηρὸς
1110 5263 1249 5322 εἷναί
1277 5283 1362 5330 τις
1391 5265 1448 5318 ἔν
1472 5282 1536 5336 γε
1567 5265 1680 5326 τοῖς
1717 5263 1859 5316 οὕτω
1889 5261 1981 5314 λυ-

2075 5268 2294 5323 tnalitite
2320 5277 2376 5324 et
2394 5267 2668 5337 nequitiae,
2701 5265 2796 5322 sed
2837 5265 2891 5319 in
2947 5263 3155 5334 azymis
3211 5257 3540 5316 sinceritatis
3594 5268 3653 5312 et

408 5359 819 5424 σιτελεστᾶτοις.
859 5358 1067 5414 Οὐκοῦν
1111 5359 1141 5411 6
1186 5357 1286 5429 μὲν
1328 5356 1534 5426 ἄζυμος
1561 5356 1722 5426 ἄρτος
1751 5355 1975 5425 σημεῖον

2080 5360 2410 5416 veritatis".
2441 5378 2461 5411 ›
2488 5360 2554 5415 Et
2585 5359 2818 5414 iterum:
2861 5374 2880 5408 ι
2919 5355 3231 5425 Expurgate
3250 5362 3405 5406 vetns
3425 5350 3653 5405 fermen-

405 5447 471 5502 ἂν
500 5448 710 5518 γένοιτο
737 5447 882 5519 ζωῆς
908 5451 1006 5520 τῆς
1039 5447 1246 5518 άξύμου
1279 5448 1370 5500 καὶ
1405 5445 1668 5516 καθαράς.
1697 5443 1853 5498 Οὕτω
1880 5443 1974 5496 καὶ

2082 5462 2216 5516 tum,
2252 5460 2313 5506 ut
2338 5450 2456 5506 sitis
2474 5465 2609 5505 nova
2647 5447 2980 5519 conspersio,
3005 5447 3145 5501 sicut
3163 5444 3298 5500 estis
3326 5440 3586 5514 azymi".
3625 5459 3646 5493 ι

405 5542 436 5595 6
473 5539 755 5604 θεσπέσιος
803 5539 1011 5604 Παῦλος
1058 5542 1168 5604 τοῖς
1221 5541 1277 5593 ἐν
1325 5537 1501 5592 πίστει
1541 5536 1976 5607 δεδικαιωμένοις

2084 5542 2340 5597 lIortatur
2371 5542 2498 5598 item
2527 5540 2777 5597 Christus
2810 5549 3034 5596 sanctos
3087 5535 3362 5607 apostolos
3397 5535 3481 5590 his
3527 5548 3654 5589 ver-

404 5631 727 5698 ἑπιστέλλει,
756 5631 929 5702 λέγων
951 5650 962 5662 ·
1005 5650 1024 5683 ι
1059 5632 1221 5686 Ὥστε
1251 5629 1595 5703 ἑορτάζωμεν
1625 5630 1702 5702 μὴ
1737 5630 1796 5681 ἐν
1829 5627 1977 5702 ζύμῃ

2083 5635 2210 5691 bis:
2247 5655 2265 5688 ι
2295 5634 2494 5690 Cavete
2532 5649 2564 5688 a
2589 5633 2851 5690 termento
2907 5632 3301 5688 Pharisaeorum
3341 5637 3398 5686 et
3447 5627 3654 5685 Saddu-

481 5815 528 5847 “
555 5813 595 5869 II
624 5813 750 5872 Cor.
774 5831 826 5884 ν,
861 5816 944 5873 l0.
1021 5818 1066 5850 "
1089 5816 1288 5875 Jerem.
1319 5835 1372 5887 κ,
1396 5819 1484 5874 21.
1552 5819 1645 5873 "'I
1680 5817 1824 5874 Pctr.
1853 5832 1902 5883 v,
1941 5817 1994 5871 l-

2129 5821 2172 5851 ⁵⁷
2207 5817 2347 5876 Psal.
2375 5833 2520 5886 xux,
2543 5819 2634 5875 25.
2735 5819 2826 5873 ⁸⁸1
2860 5819 2986 5876 Cor.
3024 5834 3078 5886 ν,
3109 5817 3165 5873 8.
3249 5815 3296 5849 ⁵⁸
3325 5815 3456 5874 ibid.
3491 5813 3544 5871 7.
