4120 6376
457 355 557 414 291
1517 347 1580 404 S.
1617 346 1897 406 CYRIL-Ll
1934 348 2403 406 ALEXANDRINI
2443 353 2762 411 ARCHIEP.
3640 363 3747 423 292

457 484 706 530 eteorum
741 469 810 523 ⁸⁸.
838 483 864 520 -ι
890 463 1058 521 Pura:
1095 465 1260 536 igitur
1286 474 1344 520 et
1372 464 1739 521 sanctificata
1774 474 1831 519 et
1859 480 2064 536 azyma:

2170 466 2393 537 παλαιᾷ,
2429 467 2560 538 μηδὲ
2589 471 2649 524 ἐν
2683 470 2830 542 ζύμη
2862 472 3059 538 κακίας
3095 475 3191 527 καὶ
3225 476 3510 546 πονηρίας,
3542 477 3654 532 ἀλλ’
3689 484 3748 534 ὲν

459 565 586 620 vita:
614 563 717 618 hoc
737 573 907 631 genus
925 558 1087 629 panis
1113 566 1200 612 est
1220 555 1865 628 symbolum.0ﬁerebant
1890 558 2056 628 igitur

2170 557 2391 628 ἀζύμοις
2451 559 2802 632 εἱλικρινείας
2847 565 2940 618 καὶ
2985 565 3263 638 ἀληθείας.
3296 588 3316 620 ι
3369 571 3479 622 Καὶ
3538 571 3702 624 πάλιν
3731 592 3743 603 ·

461 672 562 726 pro
588 669 668 722 se,
702 659 764 707 ut
786 652 839 706 in
869 651 1011 723 typis
1037 650 1216 705 adhuc
1253 657 1308 705 et
1364 648 1602 713 umbris,
1629 649 1720 718 qui
1753 651 2052 705 secundum

2170 668 2185 699 ι
2209 647 2584 722 Ἐκκαθάρατε
2611 647 2705 704 οὖν
2733 654 2833 724 τὴν
2863 655 3101 710 παλαιὰν
3128 656 3329 729 ζύμην,
3367 661 3456 712 ἴνα
3496 657 3595 732 ἦτε
3634 667 3748 714 νέον

462 749 636 818 legem
674 760 842 816 panes
861 758 1080 815 azymos
1095 753 1151 797 et
1171 757 1360 815 azyma
1387 740 1710 799 offerebant.

2170 741 2412 811 φύραμα,
2440 741 2624 806 καθώς
2661 746 2784 798 ὲστε
2822 746 3042 818 ἄζυμοι.
3067 767 3086 800 ι
3117 751 3416 823 Παρεγγυᾷ
3435 753 3492 806 δὲ
3514 754 3750 823 Χριστὸς

460 845 574 908 τοῖς
626 841 806 912 ἁγίοις
865 839 1208 905 ἀποστόλοις,
1254 838 1398 893 οῦτω
1447 837 1661 906 λέγων’
1701 857 1720 889 ‹
1751 837 2056 908 Προσέχετε
2093 837 2202 891 ἀπὸ
2267 836 2368 906 τῆς
2407 836 2588 909 ζύμης
2658 837 2768 891 τῶν
2797 840 3105 911 Φαρισαίων
3160 845 3254 895 καὶ
3298 844 3689 898 Σαδδουκαίων.
3723 864 3740 894 ι

462 939 673 994 Οὐκοῦν
717 938 970 1007 καθαρᾶς
1002 936 1096 990 καὶ
1128 937 1475 1008 ἡγιασμένης
1523 935 1615 988 καὶ
1661 933 1872 1006 ἁζύμου
1912 933 2059 1005 ζωῆς
2097 933 2323 1003 σημεῖον
2368 933 2397 984 ό
2441 933 2625 1004 ἄρτος.
2697 935 3106 1006 Προσεκόμιζον
3169 937 3350 992 τοίνυν
3394 938 3511 992 ἀνθ’
3542 937 3745 992 ἑαυτῶν

461 1035 539 1098 ὡς
576 1037 633 1088 ὲν
663 1033 856 1097 τύποις
879 1033 960 1086 ἔτι
989 1032 1085 1086 καὶ
1137 1033 1314 1094 σκιαῖς
1340 1031 1390 1083 οἱ
1457 1029 1831 1100 προσάγοντες
1861 1029 2065 1100 ἄρτους
2101 1045 2161 1081 τε
2193 1026 2436 1097 ἀζύμους
2462 1028 2557 1080 καὶ
2582 1027 2770 1098 ἄζυμα
2795 1031 2936 1083 κατὰ
2967 1031 3057 1084 τὸν
3085 1031 3270 1101 νόμον.

537 1129 812 1195 Quoniam
842 1135 1023 1181 autem
1051 1125 1506 1189 catechumenos,
1531 1133 1588 1178 et
1613 1125 1684 1178 ita
1715 1139 1812 1194 per
1840 1139 2060 1178 sacrum

2241 1120 2462 1192 Ἐπειδὴ
2489 1121 2548 1174 δὲ
2587 1124 2682 1176 καὶ
2711 1123 2839 1187 τοὺς
2865 1123 2944 1177 ἔτι
2979 1123 3438 1194 κατηχουμένους,
3474 1123 3568 1176 καὶ
3599 1123 3752 1176 οὔπω

465 1222 738 1292 baptisma
762 1219 1000 1274 nondum
1026 1235 1056 1272 a
1090 1226 1314 1288 peccato
1355 1225 1614 1286 purgatos
1666 1217 1923 1272 Ecclesiis
1957 1231 2062 1270 non

2170 1214 2256 1286 τὴν
2305 1215 2582 1286 ἁμαρτίαν
2633 1217 3057 1286 ὲκνενιμμένους
3107 1215 3195 1269 διὰ
3236 1216 3330 1268 τοῦ
3365 1215 3524 1284 ἁγίου
3557 1216 3751 1286 βαπτί-

464 1312 714 1383 ejicimus
747 1327 871 1367 cum
897 1311 1066 1365 Deum
1098 1309 1474 1381 gloriﬁcamus
1506 1327 1521 1362 :
1561 1308 1695 1378 quin
1750 1323 1849 1363 eos
1883 1309 2066 1377 potius

2170 1323 2387 1376 σματος,
2413 1307 2513 1360 οὐκ
2541 1306 2900 1378 ἐκπέμπομεν
2919 1306 3028 1359 τῶν
3060 1307 3398 1378 Ἐκκλησιῶν
3414 1307 3752 1376 δοξολογοῦν-

466 1404 524 1460 in
547 1402 972 1458 consummando
993 1401 1264 1456 sacriﬁcio
1290 1397 1466 1453 laudis
1485 1400 1664 1455 socios
1689 1398 2063 1461 adsciscimus,

468 1497 595 1553 ideo
626 1495 708 1550 les
742 1494 796 1549 in
833 1493 1160 1550 fermentato
1191 1491 1364 1558 illam,
1421 1491 1874 1562 gloriﬁcationem
1901 1499 2052 1561 puta,

470 1589 770 1645 faciendam
807 1588 1006 1658 inquit,
1039 1587 1178 1642 sicut
1210 1587 1320 1641 dixi
1357 1601 1372 1639 :
1407 1586 1606 1641 veteris
1638 1587 1896 1656 nequitiae
1925 1586 2055 1640 reli-

467 1683 650 1753 quias,
676 1681 830 1752 quasi
858 1681 1127 1750 quoddam
1187 1680 1513 1733 fermentum
1556 1679 1610 1732 in
1669 1692 1729 1732 se
1768 1675 2054 1731 habentem

471 1773 804 1844 significans,
821 1787 1014 1842 panem
1041 1771 1424 1826 fermentatum
1445 1785 1541 1839 per
1561 1768 1791 1840 aenigma
1817 1769 2053 1824 nondum

2159 1416 2251 1462 τες
2284 1398 2436 1463 Θεὸν,
2468 1397 2774 1464 ποιούμεθα
2818 1399 2877 1452 δὲ
2932 1399 3133 1468 μᾶλλον
3167 1401 3478 1464 κοινωνοὺς,
3513 1402 3609 1472 τὴν
3653 1403 3752 1472 τῆς

2163 1489 2423 1554 αἰνέσεως
2467 1490 2807 1562 πληροῦντες
2856 1490 3048 1546 θυσίαν
3075 1509 3090 1524 ο
3125 1492 3381 1566 ταύτῃτοί
3407 1511 3541 1566 φησι
3589 1497 3682 1548 καὶ
3724 1498 3752 1548 ό

2162 1586 2348 1657 νόμος,
2380 1587 2468 1640 ἐπ’
2499 1585 2689 1658 ἄρτοις
2720 1585 2974 1657 ζυμίταις
3006 1587 3203 1658 χρῆναι
3223 1587 3356 1659 δρᾷν
3374 1588 3563 1658 αὐτὴν,
3590 1588 3755 1659 ἄρτον

2163 1680 2398 1751 ζυμίτην
2449 1679 2624 1747 λέγων
2660 1677 3080 1748 αἰνιγματωδῶς
3102 1679 3194 1732 τὸν
3220 1677 3374 1732 οὔπω
3417 1679 3756 1750 κεκαθαρμέ-

2163 1787 2273 1833 νον,
2305 1770 2380 1833 ὠς
2412 1769 2568 1841 ἔφην,
2597 1769 2686 1822 διὰ
2721 1769 2816 1822 τοῦ
2855 1768 3012 1838 ἁγίου
3046 1768 3444 1841 βαπτίσματος,
3475 1769 3667 1840 ἔχοντα
3698 1770 3754 1822 δὲ

471 1865 800 1934 baptismate
827 1874 1136 1934 purgatum.
1178 1882 1198 1915 ι
1227 1861 1332 1917 Vos
1365 1863 1530 1933 igitur
1567 1861 1882 1916 sacerdotes
1902 1860 2059 1926 estis,

2170 1861 2354 1933 ῶσπερ
2387 1861 2512 1916 τινὰ
2561 1861 2742 1934 ζύμην
2771 1863 2828 1914 ὲν
2859 1861 3038 1933 ἐαυτῷ
3063 1862 3130 1915 τὰ
3161 1863 3259 1934 τῆς
3293 1863 3525 1934 ἀρχαίας
3557 1861 3753 1930 φαυλό-

476 1955 672 2026 inquit,
695 1956 788 2024 qui
823 1955 1105 2025 despicitis
1137 1969 1331 2009 nomen
1361 1968 1562 2018 meum,
1595 1973 1614 2004 ι
1649 1953 1777 2007 dum
1805 1952 1871 2006 ad
1891 1951 2062 2006 altare

475 2063 655 2104 meum
679 2061 851 2118 panes
873 2047 1106 2117 pollutos
1127 2045 1356 2102 oﬁertis.
1380 2045 1692 2100 Curandum
1718 2059 1848 2114 ergo
1877 2058 2064 2098 sacer-

475 2139 626 2194 dotio
657 2137 890 2204 ornatis,
917 2151 983 2192 ne
1011 2136 1142 2207 quid
1167 2135 1273 2191 tale
1310 2135 1364 2190 in
1394 2133 1640 2190 Ecclesia
1668 2134 2060 2196 committatur,

473 2243 531 2290 et
562 2231 856 2288 tenendum
883 2239 1195 2284 accuratam
1219 2228 1658 2284 observationem
1697 2226 1807 2281 Deo
1849 2233 2062 2296 gratam

474 2323 848 2396 etjucundam
881 2321 1173 2387 accidere;
1198 2329 1408 2386 contra,
1445 2319 1752 2375 socordiam
1808 2319 1862 2372 in
1903 2317 2064 2372 rebus

477 2425 588 2472 tam
613 2413 942 2470 venerandis
969 2427 1219 2484 magnam
1251 2411 1327 2467 illi
1360 2425 1550 2467 creare
1583 2409 1928 2467 molestiam;
1963 2423 2066 2462 nec

477 2509 533 2564 id
562 2507 757 2579 supine
790 2505 1124 2577 negligentes
1164 2505 1386 2575 impune
1438 2502 1634 2559 ferent.
1664 2501 1732 2556 Et
1793 2501 2066 2572 quomodo

479 2615 588 2656 non
622 2599 936 2656 miserabile
960 2607 1044 2654 est
1074 2597 1220 2653 istud
1263 2596 1496 2653 videre?
1523 2611 1646 2650 cum
1687 2595 1764 2650 illi
1797 2593 2061 2649 audiant:

483 2709 506 2745 r
551 2689 662 2746 Vos
690 2690 1004 2746 sacerdotes
1033 2689 1300 2758 estis,qui
1328 2687 1607 2758 despicitis
1645 2701 1840 2741 nomen
1898 2686 2068 2757 826

480 2797 682 2838 meum.
714 2799 734 2833 ι
777 2779 872 2835 Est
908 2780 1054 2835 enim
1097 2780 1315 2849 quidam
1346 2786 1694 2844 contemptus
1739 2774 1836 2830 Dei
1882 2790 2066 2830 sacer-

479 2875 666 2929 dotum
697 2873 978 2942 segnities,
1012 2879 1068 2926 et
1090 2883 1372 2941 peccatqu
1406 2869 1532 2924 illud
1586 2869 1767 2940 gloriae
1819 2870 1920 2940 ipsi
1965 2868 2065 2924 tri-

481 2965 708 3023 buenda:
740 2979 807 3020 ac
827 2965 1022 3020 debitae
1055 2965 1402 3019 adversatur.

555 3141 720 3196 Vens.
756 3138 812 3194 8.
841 3138 980 3204 Quia
1007 3140 1053 3192 si
1090 3138 1326 3208 oﬁ‘eratis
1361 3154 1557 3192 caecum
1590 3137 1642 3192 in
1691 3137 2015 3206 sacri/icium
2044 3175 2061 3201 ,

2162 1971 2324 2027 τητος
2352 1955 2605 2024 λείψανα.
2642 1973 2661 2005 r
2683 1954 2874 2025 Ὑμεῖς
2903 1950 3020 2018 οὖν,
3044 1954 3227 2024 φησὶν,
3257 1955 3306 2006 οἱ
3336 1954 3520 2025 ἱερεῖς,
3546 1953 3594 2004 οἱ
3622 1970 3756 2021 φαυ-

2163 2047 2402 2112 λίζοντες
2433 2048 2494 2100 τὸ
2527 2047 2700 2118 δνομά
2754 2064 2881 2117 μου,
2913 2065 2932 2096 ι
2968 2046 3058 2099 διὰ
3089 2046 3151 2098 τὸ
3183 2046 3514 2117 προσφέρειν
3564 2047 3645 2109 εἰς
3695 2046 3756 2098 τὸ

2159 2139 2550 2211 θυσιαστήριόν
2585 2157 2687 2210 μου
2723 2139 2921 2211 ἄρτους
2940 2138 3362 2209 ἡλισγημένους.
3389 2139 3508 2210 Χρὴ
3537 2155 3757 2209 τοιγαρ-

2163 2229 2258 2284 οῦν
2285 2229 2542 2300 φροντίδα
2581 2229 2855 2282 ποιεῖσθαι
2882 2229 3010 2292 τοὺς
3039 2227 3138 2300 τὴν
3168 2227 3318 2282 θείαν
3344 2229 3564 2299 ἔχοντας
3594 2231 3754 2300 ίερω-

2169 2322 2358 2393 σύνην,
2397 2320 2474 2392 μὴ
2502 2321 2610 2392 ἄρα
2637 2338 2689 2374 τι
2717 2319 2893 2391 δρῷτο
2917 2319 3158 2374 τοιοῦτον
3189 2322 3250 2374 ὲν
3300 2321 3628 2392 Ἐκκλησίαν
3680 2324 3758 2373 ετ.-

2163 2412 2312 2466 δέναι
2357 2427 2439 2477 τε,
2482 2412 2565 2464 ὅτι
2612 2413 2648 2482 ἡ
2699 2409 2800 2482 μὲν
2843 2411 3079 2483 ἀκριὸὴς
3124 2413 3449 2483 ὲπιτήρησις
3499 2413 3760 2485 εὐφρανεῖ

2165 2502 2319 2570 Θεὸν,
2352 2503 2730 2575 καταλυπήσει
2757 2502 2814 2556 δὲ
2841 2502 2962 2558 λίαν
3007 2503 3070 2556 τὸ
3106 2503 3371 2576 ῥᾳθυμεῖν
3406 2505 3623 2559 ἑλέσθαι
3649 2505 3757 2558 τῶν

2165 2593 2310 2649 οὓτω
2343 2594 2580 2648 σεπτῶν.
2616 2595 2744 2648 Ὅτι
2777 2595 2880 2650 οὐκ
2917 2595 3153 2669 ἀζήμιον
3181 2597 3244 2652 τὸ
3274 2600 3464 2670 χρῆμα
3506 2601 3616 2662 τοῖς
3650 2600 3755 2652 ὑπ-

2165 2686 2472 2757 τιουμένοις
2520 2704 2672 2752 πως,
2732 2688 2792 2740 οὐ
2846 2688 3194 2761 ταλαίπωρον
3250 2691 3397 2756 ἰδεῖν,
3454 2692 3758 2746 ἀκουόντων

2169 2777 2389 2832 ἐκείνων
2411 2794 2425 2807 ·
2463 2797 2482 2829 ι
2506 2779 2692 2849 Ὑμεῖς
2721 2783 2770 2834 oi
2799 2780 2984 2850 ἱερεῖς,
3015 2781 3066 2834 οἱ
3096 2782 3445 2850 φαυλίζοντες
3486 2783 3548 2837 τὸ
3585 2784 3759 2854 όνομά

2171 2886 2294 2940 μου.
2329 2889 2348 2922 ι
2381 2870 2667 2941 Φαύλισμα
2696 2872 2805 2943 γὰρ
2835 2871 3026 2944 ὥσπερ
3056 2876 3136 2938 εἰς
3169 2874 3302 2928 Θεὸν
3339 2875 3450 2928 τῶν
3478 2875 3666 2947 ἱερέων
3695 2876 3760 2928 τὸ

2169 2963 2436 3034 ῥᾴθυμον,
2463 2963 2558 3016 καὶ
2587 2965 2668 3026 εἰς
2697 2963 2796 3034 τὴν
2826 2964 2975 3033 αὐτῷ
3003 2966 3322 3037 πρέπουσάν
3345 2985 3406 3021 τε
3432 2967 3528 3020 καὶ
3551 2969 3758 3038 ὀφειλο-

2171 3056 2340 3126 μένην
2367 3054 2526 3120 δόξαν
2551 3057 2886 3128 ἀναφέρεται
2914 3059 2975 3112 τὸ
3009 3058 3409 3132 πλημμέλημα.

2240 3151 2395 3203 Διότι
2425 3148 2534 3202 ἐὰν
2566 3149 2992 3221 προσαγάγητε
3021 3152 3257 3222 τυφλὸν
3295 3157 3382 3220 εἰς
3420 3156 3657 3222 θυσίας,
3685 3158 3757 3210 οὐ

480 3251 652 3289 nonne
684 3233 929 3288 malum?
975 3229 1044 3285 Et
1080 3237 1126 3285 si
1171 3232 1410 3300 o/fcratis
1481 3231 1753 3294 claudum,
1795 3238 1889 3284 aut
1949 3229 2066 3282 lan-

2171 3242 2398 3304 xaxdr,‘
2431 3240 2529 3294 καὶ
2555 3213 2665 3295 ἐίῖν
2686 3213 3114 3313 προσαγάγητέ
3129 3244 3331 3313 χωλὸν
3358 3213 3408 3314 ’ἢ
3431 3213 3760 3316 ἇρῤωστον.

478 3328 730 3399 guidum,
779 3342 948 3380 nonne
991 3325 1187 3378 malum
1223 3325 1247 3376 ?
1294 3322 1442 3392 Oﬂ'cr
1490 3323 1628 3376 illud
1671 3325 1793 3377 duci
1851 3337 1977 3387 tuo,
2021 3323 2069 3376 si

479 3420 726 3487 suscipiet
765 3429 833 3482 te,
877 3419 924 3471 si
965 3417 1184 3486 accipiet
1219 3415 1410 3485 [aciem
1442 3426 1612 3479 tuam,
1643 3415 1768 3468 dicit
1817 3413 2069 3468 Dominus

480 3513 828 3580 omnipotens.

553 3601 648 3657 IX.
688 3599 824 3656 Cum
864 3600 946 3656 lex
1011 3600 1292 3655 mandaret
1315 3600 1356 3634 ⁴¹
1385 3599 1728 3654 victimarum
1761 3599 1888 3654 vitia
1940 3614 2071 3654 con-

479 3697 745 3760 siderare.
781 3702 838 3749 et
863 3694 1083 3748 mutilas
1114 3708 1208 3748 seu
1239 3692 1501 3747 membris
1529 3702 1717 3762 captas
1757 3694 2071 3762 repudiare,

478 3804 547 3843 ex
580 3788 728 3841 omni
761 3796 914 3856 parte
953 3785 1197 3856 integras
1236 3784 1572 3850 sacriﬁcare,
1617 3784 1691 3838 illi
1725 3799 1792 3840 eo
1828 3795 2071 3854 tempore

481 3882 622 3935 citra
664 3879 966 3943 delectum,
992 3888 1049 3932 et
1074 3859 1218 3931 nullo
1244 3877 1581 3942 discrimine,
1628 3889 1825 3932 cuncta
1878 3876 2072 3932 oll'ere-

483 3974 638 4038 bant,
662 3981 720 4026 et
747 3971 930 4042 gloria:
953 3969 1063 4024 Deo
1097 3970 1272 4040 digna:
1313 3969 1452 4023 ratio
1475 3968 1702 4022 omnino
1745 3969 1941 4040 exigua
1974 3970 2072 4023 du-

482 4066 746 4122 cebatur:
782 4074 842 4118 ut
863 4073 1046 4117 autem
1075 4077 1238 4131 quam
1259 4061 1522 4131 plurimas
1551 4061 1803 4116 victimas
1838 4077 2073 4130 congre-

483 4168 697 4230 garent,
727 4165 783 4211 et
807 4156 1020 4226 copiam
1049 4155 1280 4209 arietmn
1307 4155 1475 4217 domi,
1507 4168 1574 4208 ac
1607 4154 1841 4209 fortasse
1877 4156 1930 4209 in
1958 4155 2073 4224 ipso

484 4252 839 4310 tabernaculo
873 4250 1157 4312 baberent,
1200 4249 1251 4301 in
1309 4261 1375 4300 eo
1426 4247 1714 4316 plurimum
1777 4261 1957 4317 opera:
2009 4262 2075 4301 ac

485 4345 653 4403 studii
687 4343 1131 4401 consumebatur.
1167 4342 1250 4395 An
1281 4340 1466 4410 igitur,
1517 4354 1551 4394 ο
1600 4339 1848 4408 praaclari
1895 4342 2071 4410 legmn

483 4437 758 4503 custodes,
793 4437 840 4491 si
875 4435 1000 4505 quis
1032 4449 1236 4488 caecum
1292 4433 1358 4486 ad
1417 4430 1746 4486 sacriﬁcium
1792 4431 2071 4498 obtulerit,

2172 3333 2244 3386 οὐ
2274 3332 2497 3396 κακόν;
2533 3333 2885 3404 Προσὰγαγε
2909 3334 2986 3403 δὴ
3016 3337 3162 3390 αὐτὸ
3188 3336 3268 3402 τῷ
3289 3340 3600 3407 ἡγουμένῳ
3620 3356 3761 3405 σου,

2169 3425 2224 3476 εὶ
2269 3424 2670 3492 προσδέξεται
2717 3442 2811 3491 σε,
2845 3430 2896 3480 ει
2938 3429 3199 3498 λήψεται
3242 3433 3571 3498 πρόσωπόν
3620 3449 3760 3499 σου,

2172 3513 2334 3583 λέγει
2367 3517 2583 3585 Κύριος
2607 3516 3055 3586 παντοκράτωρ.

2241 3606 2316 3658 Θ’.
2359 3608 2762 3677 Μωμοσκοπεῖν
2807 3608 2904 3664 τοῦ
2951 3610 3117 3682 νόμου
3166 3612 3234 3666 τὰ
3279 3616 3453 3685 ἱερεῖα
3486 3616 3758 3686 προστὰτ·

2172 3715 2375 3763 τοντος,
2425 3700 2522 3752 καὶ
2575 3700 2881 3772 ἀπόὸλητον
2936 3702 3037 3773 μὲν
3085 3705 3355 3758 ποιεῖσθαι
3397 3706 3467 3760 τὰ
3511 3706 3758 3778 ἔμπηρα,

2173 3789 2464 3862 καθιεροῦν
2494 3791 2552 3844 δὲ
2589 3791 2660 3845 τὰ
2679 3791 2910 3864 ἄμωμα,
2938 3798 3338 3867 προσεκόμιζον
3364 3799 3443 3870 τῷ
3472 3799 3761 3870 θυσιαστηο

2175 3884 2276 3954 ρίῳ
2309 3884 2428 3938 κατ’
2464 3886 2640 3938 ἐκεῖνο
2687 3885 2782 3939 τοῦ
2827 3887 3022 3958 καιροῦ
3070 3890 3246 3943 πάντα
3281 3891 3458 3964 χύδην
3486 3895 3577 3948 καὶ
3611 3894 3761 3947 ἁδια-
3841 3907 3849 3914 ·

2174 3974 2398 4043 κρίτως,
2430 3977 2643 4046 καὶτῆς
2679 3977 2777 4046 μὲν
2809 3980 3128 4052 πρεπούσης
3155 3981 3315 4052 δόξης
3339 3983 3417 4053 τῷ
3440 3985 3558 4056 Θεῷ
3581 3985 3760 4053 ὀλίγος

2171 4059 2242 4134 ἦν
2274 4066 2553 4130 παντελῶς
2572 4068 2600 4117 ό
2628 4067 2816 4136 λόγος’
2849 4072 3069 4140 φροντὶς
3099 4072 3156 4125 δὲ
3178 4073 3297 4125 λίαν
3324 4075 3756 4146 ὲσπουδασμένη,

2173 4156 2235 4209 τὸ
2269 4157 2497 4210 πλεῖστα
2515 4161 2616 4213 ὅσα
2644 4161 2987 4232 συναγείρειν
3017 4163 3253 4234 θύματα,
3277 4167 3372 4220 καὶ
3405 4167 3573 4238 κριῶν
3597 4169 3762 4236 ἄφΟοο

2173 4245 2296 4301 νίαν
2327 4247 2464 4301 οἶκοι
2507 4267 2565 4302 τε
2614 4249 2781 4320 ἔχειν,
2819 4254 2916 4306 καὶ
2943 4255 3000 4308 ἐν
3027 4257 3164 4326 αὐτῇ
3213 4275 3313 4310 που
3357 4259 3498 4329 τάχα
3531 4263 3597 4330 τῇ
3633 4261 3762 4332 ἁγίᾳ

2177 4335 2506 4412 σκηνῇῘἋρ⁹
2535 4336 2646 4404 οῦν,
2684 4337 2729 4396 ὦ
2759 4343 2852 4397 τοῦ
2885 4345 3052 4414 νόμου
3087 4347 3344 4416 φύλακες,
3395 4352 3444 4402 εί
3493 4353 3758 4422 προσάγει

2173 4447 2258 4492 τις
2285 4430 2486 4500 τυφλὸν
2531 4433 2612 4495 εἰς
2647 4433 2864 4499 θυσίαν,
2889 4437 2950 4489 ού
2981 4438 3150 4491 κακὸν
3181 4439 3242 4492 τὸ
3287 4440 3468 4511 θῦμα;
3513 4443 3563 4494 εί
3602 4443 3658 4496 δὲ
3697 4444 3760 4513 δὴ

487 4533 590 4586 hoc
646 4529 974 4586 sacriﬁcium
1023 4528 1280 4580 vitiosum
1318 4541 1423 4579 non
1480 4525 1608 4581 est?
1635 4525 1788 4592 Quod
1834 4525 1880 4580 si
1925 4526 2068 4579 clau-

2177 4523 2274 4614 καὶ
2324 4523 2498 4594 χωλὸν
2557 4525 2590 4595 ἢ
2620 4525 2924 4597 ἄρρωστον,
2957 4529 3048 4582 τὸν
3081 4531 3181 4601 τῆς
3211 4532 3490 4602 ὲμπηρίας
3541 4533 3761 4602 διαφεύ-

484 4624 636 4687 dum,
663 4631 755 4675 aut
782 4619 1115 4691 languidum,
1149 4633 1278 4670 uum
1325 4632 1384 4670 se
1438 4633 1468 4669 a
1511 4616 1744 4671 crimine
1813 4615 2068 4670 mutilata:

2177 4613 2325 4678 ξεται
2377 4615 2595 4687 μῶμον;
2646 4619 2719 4671 Ub
2770 4619 2880 4690 γὰρ
2927 4621 2991 4692 δὴ
3031 4623 3126 4676 καὶ
3159 4622 3228 4675 τὰ
3271 4623 3449 4677 τοιάδε
3492 4624 3760 4692 λογιεῖσθε

487 4718 720 4770 victimae
761 4714 897 4769 tueri
935 4713 1189 4782 poterit?
1217 4713 1297 4764 Au
1335 4726 1440 4764 non
1500 4709 1802 4764 istiusmodi
1840 4709 1980 4763 mala
2020 4718 2076 4764 et

486 4809 554 4860 ad
586 4805 916 4860 sacriﬁcium
949 4807 1128 4872 inepta
1175 4801 1511 4856 censebitis?
1563 4801 1658 4855 Sin
1719 4801 1879 4855 aliter
1933 4802 2073 4870 apud

488 4900 698 4954 animos
729 4909 939 4953 vestros
989 4895 1255 4958 statuitis,
1292 4907 1392 4964 age
1421 4893 1689 4963 quispiam
1736 4909 1833 4964 pro
1864 4893 2023 4948 xenio
2056 4932 2074 4958 ,

487 5003 543 5046 ct
568 4992 621 5046 in
664 4991 784 5044 loco
812 4989 1052 5042 muneris
1088 4987 1179 5042 uni
1227 5001 1448 5041 suorqu
1489 4986 1910 5055 gubernatorum
1942 4987 2075 5041 οπο-

491 5096 594 5140 rat.
637 5083 798 5155 Atqui
853 5097 960 5136 non
993 5079 1274 5149 suscipiet,
1314 5079 1509 5148 inquit,
1559 5093 1658 5133 nec
1690 5076 1966 5133 oﬁ‘erentis
1997 5079 2076 5132 fa-

490 5181 628 5234 ciem
660 5177 925 5231 reveritus
953 5173 1080 5228 illud
1103 5172 1440 5228 olferendum
1473 5169 1640 5227 fuisse
1658 5171 1951 5241 iudicabit,
1984 5187 2077 5226 ve-

493 5271 902 5336 hementerque,
939 5274 998 5317 ut
1040 5263 1235 5332 injuria
1283 5262 1585 5324 lacessitus,
1642 5263 1926 5316 irascetur.
1976 5261 2076 5316 Est

492 5361 675 5429 itaque
711 5377 740 5413 a
779 5358 985 5413 ratione
1011 5370 1234 5427 prorsus
1265 5355 1688 5421 alienissimum,
1736 5356 1847 5410 Deo
1881 5357 2080 5410 audere

489 5450 688 5506 oﬁ‘erre
715 5465 834 5520 quae
857 5465 954 5503 nec
981 5457 1226 5503 nostrum
1250 5447 1449 5518 aliquis
1464 5447 1780 5515 dignaretur
1808 5447 2076 5516 accipere.

494 5540 746 5614 Magtmm
783 5544 885 5597 hoc
919 5541 1075 5596 nobis
1111 5549 1392 5611 peccatum
1426 5550 1510 5595 est
1541 5579 1557 5604 ,
1594 5540 1637 5594 si
1678 5540 1910 5594 oblaturi
1946 5539 2075 5606 Deo,

492 5651 802 5708 qureramus
837 5635 1021 5690 miseri
1055 5633 1200 5704 quod
1235 5632 1454 5700 ftedius,
1488 5641 1583 5686 aut
1624 5634 1786 5689 vilius
1809 5642 1932 5688 est:
1964 5647 2072 5688 non

572 5823 620 5858 ⁸⁸
655 5821 843 5877 Matth.
879 5835 991 5882 xvn,
1023 5817 1075 5872 0.
1155 5815 1195 5847 ⁶¹
1230 5814 1400 5873 Leuit.
1435 5831 1568 5885 χιιι,
1595 5815 1660 5876 at
1690 5830 1842 5886 seqq.

2174 4707 2338 4772 κακὰ,
2385 4709 2482 4760 καὶ
2529 4709 2665 4779 πρὸς
2695 4709 2886 4765 θυσίαν
2927 4713 3030 4767 οὐκ
3076 4715 3390 4786 ὲπιτήδεια;
3435 4713 3573 4768 Ἀλλ’
3603 4717 3762 4786 εἴπερ

2173 4803 2351 4857 οἴεσθε
2379 4804 2520 4858 κατά
2549 4808 2690 4875 σφᾶς
2717 4809 2816 4880 οὐχ
2842 4803 2943 4863 ὦδε
2975 4809 3140 4882 ἔχειν,
3170 4809 3494 4881 ἀποφερέτω
3513 4826 3597 4873 τις
3621 4809 3762 4864 αὐτὰ

2175 4895 2367 4962 ξένιον,
2392 4898 2487 4951 καὶ
2513 4901 2570 4952 ὲν
2593 4899 2766 4971 δώρου
2793 4900 2944 4968 τάξει
2974 4902 3084 4954 τῶν
3118 4900 3447 4972 καθηγητῶν
3479 4899 3560 4953 ἑνί
3579 4939 3593 4953 .
3613 4898 3764 4952 Ἀλλ’

2175 4988 2277 5042 οὐκ
2316 4989 2382 5042 ἂν
2419 4990 2798 5062 προσδέξαιτο,
2832 4992 2987 5063 φησὶ,
3019 4993 3130 5046 οὐδ’
3154 4991 3220 5045 ἂν
3251 4992 3313 5045 τὸ
3335 4989 3428 5045 τοῦ
3461 4991 3764 5062 προσκομί-

2179 5079 2365 5143 ζοντος
2413 5079 2705 5151 πρόσωπον
2757 5081 3048 5148 αἰδεσθεὶς,
3076 5083 3256 5135 οἰστὸν
3285 5081 3348 5135 τὸ
3385 5081 3580 5153 χρῆμα
3608 5082 3768 5150 ποιή-

2181 5186 2355 5236 σαιτο,
2385 5172 2678 5244 χαλεπανεῖ
2706 5174 2763 5226 δὲ
2794 5173 2912 5227 λίαν
2943 5174 3018 5238 ὡς
3046 5175 3564 5246 ὑδρισμένος.Ἔστι
3584 5174 3766 5226 τοίνυν

2175 5264 2287 5318 τῶν
2309 5264 2450 5334 ἄγαν
2488 5267 2902 5332 ἐκτοπωτάτων,
2929 5265 3049 5337 Θεῷ
3070 5267 3399 5339 προσφέρειν
3427 5265 3765 5335 ἀποτολμᾷν,

2175 5358 2213 5414 ἃ
2268 5359 2390 5430 μηδ’
2421 5359 2487 5413 ἂν
2535 5354 2616 5424 εἷς
2661 5360 2769 5414 τῶν
2821 5361 2942 5414 καθ’
2965 5363 3113 5432 ἡμᾶς
3151 5361 3324 5415 ἕλοιτο
3372 5360 3574 5414 λαϐεῖν.
3623 5359 3767 5412 Πολὺ

2176 5451 2334 5504 τοῦτο
2352 5453 2481 5523 παρ’
2508 5453 2640 5522 ἡμῖν
2663 5452 2724 5504 τὸ
2746 5452 3128 5524 πλημμέλημα
3147 5469 3160 5482 °
3187 5454 3236 5504 si
3265 5452 3374 5523 γάρ
3399 5469 3451 5504 τι
3481 5449 3768 5522 μέλλοιμεν

2179 5543 2570 5614 προσκομίζειν
2589 5543 2729 5614 Θεῷ,
2753 5543 2828 5607 ὡς
2861 5545 2928 5598 ἂν
2957 5545 3175 5616 ἔχοιμεν
3202 5543 3271 5596 τὰ
3294 5525 3514 5614 αἰσχίω,
3538 5541 3632 5595 καὶ
3652 5539 3772 5592 δεύ-

2176 5651 2310 5707 τερα
2347 5633 2605 5706 ζητοῖμεν
2656 5637 2706 5688 οἱ
2758 5636 3008 5703 τάλανες,
3049 5636 3150 5690 οὐκ
3193 5621 3638 5701 ἐννοοῦντεςῖδτι
3673 5631 3772 5687 καὶ
