4120 6376
353 316 461 374 295
1161 315 1720 376 COMMENTARIUS
1758 316 1826 373 IN
1868 317 2276 374 MALACI'IIAM
2320 319 2762 376 PROPHETAM.
3504 319 3614 378 291

353 432 494 486 Καῒν
536 430 725 484 θυσιαν
767 447 868 484 ουκ
911 431 1150 486 ἐποιεῖτο
1194 433 1414 506 δεκτὴν,
1444 435 1527 488 ὅτι
1557 435 1920 508 προσεκόμιζε

2039 437 2342 508 cogitantes
2373 455 2480 508 quo
2503 449 2660 510 pacto
2680 437 2834 493 Caini
2864 437 3186 493 sacriﬁcium
3224 437 3612 507 repudiaverit,

351 525 454 596 μὲν
486 526 585 578 οὐκ
633 524 828 596 ὀρθῶς,
857 525 1038 596 ἑαυτῷ
1069 527 1171 596 μὲν
1208 527 1277 581 τὰ
1306 527 1500 600 πρῶτα
1543 529 1640 581 καὶ
1680 527 1920 600 ἐξαίρετα

2038 532 2294 600 quoniam
2323 532 2542 586 sinistre.
2581 530 2861 596 offerebat,
2893 547 3014 585 cum
3044 531 3143 586 sibi
3184 530 3356 600 prima
3395 538 3451 584 et
3476 545 3613 598 prte-

343 615 689 687 τετηρηκὼς,
731 617 898 686 τιμᾷν
948 616 1007 670 δὲ
1055 617 1285 688 νομίσας
1315 621 1428 683 τοῖς
1459 619 1737 690 δευτέροις
1781 619 1920 675 Θεόν⁴

2038 624 2194 691 cipua
2257 632 2581 688 reservaret,
2617 633 2671 676 et
2712 622 3067 677 deterioribus
3112 623 3278 678 Deum
3343 636 3404 677 se
3442 623 3613 677 hono-

356 705 500 760 Ἀλλ’
528 707 589 760 οὐ
638 706 936 778 προσέσχεν
967 708 1132 761 αὐτοῦ
1161 711 1280 773 ταῖς
1323 703 1536 774 θυσίαις
1581 711 1609 764 ὁ
1645 709 1754 764 τῶν
1797 711 1920 766 δλωη

2037 725 2277 769 raturum
2303 726 2534 784 putaret.
2567 715 2765 770 Verqu
2799 717 3171 769 universorum
3213 715 3351 768 Deus
3407 715 3473 767 ad
3522 730 3614 769 sa-

341 798 498 860 836g.
533 799 604 850 Οὐ
631 798 740 869 γὰρ
771 797 1034 867 λογιεῖται
1058 799 1224 873 τιμὴν
1256 800 1367 856 τῶν
1403 797 1825 874 προσφερόντων
1871 803 1920 856 τὶ

2033 808 2298 861 criﬁcium
2321 808 2439 878 ejus
2467 824 2570 860 non
2605 809 2840 875 respexit
2863 809 2928 862 ".
2950 807 3062 861 Non
3092 808 3236 862 enim
3264 806 3608 862 offerentium

341 889 613 961 ῥᾴθυμονο

429 1003 811 1078 ’Λπαράδεκτά
850 1023 918 1072 γε
967 1005 1078 1079 μὴν
1105 1007 1134 1061 ὁ
1164 1007 1330 1079 νόμος
1353 1007 1434 1073 είς
1468 1008 1660 1065 θυσίαν
1697 1011 1930 1065 ἐποιεῖτο

346 1096 414 1152 τὰ
437 1097 618 1168 τυφλὰ
645 1097 754 1150 τῶν
786 1097 1142 1170 θρεμμάτων,
1172 1101 1268 1156 καὶ
1297 1101 1404 1173 μὴν
1431 1101 1503 1156 τὰ
1529 1103 1682 1174 χωλά
1721 1121 1782 1157 τε
1834 1105 1930 1159 καὶ

343 1191 624 1263 ἄρῤωστα,
652 1189 746 1244 τοῦ
775 1193 873 1262 μὲν
902 1193 1107 1261 τυφλοῦ
1130 1197 1489 1265 σημαίνοντος
1513 1197 1928 1268 αἰνιγματωδῶς

343 1283 474 1347 τοὺς
518 1281 610 1336 τὸν
659 1282 802 1337 θεῖον
851 1285 951 1338 οὐκ
983 1284 1206 1354 ἔχοντας
1249 1288 1530 1359 φωτισμὸν
1563 1290 1622 1342 ὲν
1650 1289 1925 1360 καρδίαιςο

341 1373 438 1426 τοῦ
465 1373 524 1428 δὲ
547 1372 745 1444 χωλοῦ,
779 1376 908 1438 τοὺς
931 1375 1032 1429 οὐκ
1065 1377 1274 1442 εἰδότας
1306 1378 1617 1450 ὀρθοποδεῖν
1641 1381 1695 1433 ἓν
1721 1381 1927 1449 ἀγαθο-

338 1464 575 1534 εργίαις·
599 1464 693 1518 τοῦ
742 1482 808 1538 γε
843 1467 953 1539 μὴν
985 1467 1299 1540 ἀρρώστου,
1329 1471 1460 1534 τοὺς
1494 1471 1570 1542 μὴ
1596 1471 1717 1526 λίαν
1745 1472 1926 1526 εὐσθε-

343 1559 471 1624 νῶς,
506 1559 747 1624 ἐκλύτως
773 1561 831 1615 δὲ
858 1561 1048 1633 ὥσπερ
1090 1562 1186 1616 καὶ
1207 1563 1677 1636 κατημελημένως
1697 1566 1795 1638 τὴν
1820 1567 1925 1620 ὑπὸ

340 1649 478 1704 Θεοῦ
504 1651 844 1724 πληροῦντας
869 1654 1134 1710 δουλείαν.
1162 1656 1310 1726 Ἔφη
1341 1656 1398 1709 δέ
1429 1674 1533 1710 που
1572 1659 1666 1711 κα)⁸
1697 1658 1786 1712 διὰ
1814 1676 1924 1727 φω-

2033 901 2416 969 negligentiam
2450 902 2552 956 sibi
2583 901 2772 954 honori
2803 900 2974 955 ducit.

2104 1011 2271 1067 Porro
2294 1013 2374 1068 lex
2403 1030 2542 1069 caeca
2581 1013 2833 1068 animalia
2866 1029 2895 1067 a
2926 1013 3194 1068 sacriﬁcio
3245 1013 3567 1068 excludebat
3593 1053 3610 1078 ,

2027 1105 2282 1158 ut'etiam
2307 1106 2498 1160 clauda
2543 1117 2596 1160 et
2639 1105 2878 1160 morbida
2921 1120 2937 1158 :
2973 1120 3116 1159 caeco
3182 1120 3278 1174 per
3329 1106 3608 1174 ambagum

2029 1195 2371 1265 signiﬁcante
2426 1199 2663 1251 divinam
2721 1197 3168 1252 illuminationem
3247 1196 3300 1250 in
3355 1198 3610 1251 cordibus

2030 1303 2137 1341 non
2164 1289 2425 1342 habentes
2453 1307 2469 1344 :
2498 1289 2712 1351 claudo,
2745 1288 3048 1342 nescientes
3081 1287 3132 1340 in
3170 1287 3326 1342 bonis
3358 1289 3610 1356 operibus

2029 1388 2174 1434 recta
2205 1381 2494 1435 incedere:
2537 1381 2784 1450 languido
2829 1395 2981 1443 vero,
3041 1395 3133 1434 seu
3201 1381 3445 1446 inﬁrmo,
3501 1396 3606 1434 nou

2026 1471 2311 1524 adumdum
2335 1471 2564 1526 ﬁrmiter
2597 1481 2651 1526 et
2675 1479 3007 1535 constanter,
3041 1472 3132 1524 sed
3163 1471 3316 1539 quasi
3351 1472 3609 1524 dissolute

2025 1570 2081 1617 et
2115 1565 2412 1618 oscitanter
2459 1565 2567 1618 Deo
2597 1565 2914 1618 servientes.
2949 1564 3036 1617 Ait
3081 1574 3136 1616 et
3166 1578 3258 1631 per
3291 1563 3607 1632 prophetam

2023 1655 2218 1709 a‘licubi
2243 1671 2262 1710 ξ
2298 1674 2316 1707 ι
2344 1653 2432 1708 Vae
2481 1657 2569 1724 qui
2596 1655 2776 1710 facitis
2817 1670 2955 1725 opus
2989 1653 3081 1708 Dei
3116 1654 3446 1724 negligenter
3479 1655 3544 1708 ⁸³.
3583 1674 3602 1706 ι

342 1745 440 1815 νῆς
480 1749 761 1818 προφήτου
779 1764 792 1777 ·
821 1764 840 1798 ι
872 1747 1008 1800 Οὐαὶ
1029 1748 1079 1800 οἱ
1123 1748 1406 1812 ποιοῦντες
1432 1749 1493 1803 τδ
1520 1749 1680 1822 ἔργον
1711 1753 1920 1824 Κυρίου

2021 1745 2187 1815 827
2215 1743 2392 1812 Quare
2446 1754 2677 1798 mentem
2732 1743 3108 1807 illuminatam,
3167 1750 3313 1795 recte
3365 1742 3610 1813 gradien-

341 1835 580 1907 ἀμελῶς.
612 1857 633 1890 ι
664 1839 784 1910 Χρὴ
825 1838 1116 1912 τοιγαροῦν
1167 1841 1317 1912 ἡμᾶς
1361 1843 1774 1914 πεφωτισμένον
1823 1844 1922 1914 μὲν

342 1927 488 1998 ἔχειν
510 1929 604 1982 τὸν
633 1928 782 1994 νοῦν,
815 1929 1210 2001 δρθοποδοῦντα
1241 1931 1300 1985 δὲ
1343 1933 1439 1987 καὶ
1473 1934 1744 2005 ἰσχύοντα.
1787 1937 1922 1990 Τότε

339 2017 452 2089 γὰρ
482 2017 724 2090 ἐσόμεθα
745 2018 928 2074 δεκτοί
968 2037 1030 2075 τε
1074 2021 1170 2075 καὶ
1199 2021 1333 2092 ἱεροὶ
1360 2022 1514 2094 παρὰ
1541 2023 1620 2095 τῷ
1645 2024 1922 2098 φιλαρέτῳ

340 2109 483 2182 Θεῷ.

409 2243 519 2300 Καὶ
547 2245 666 2301 νῦν
696 2243 1096 2310 ἐξιλάσκεσθε
1140 2245 1210 2302 τὸ
1253 2247 1580 2316 πρόσωπον
1614 2247 1722 2304 τοῦ
1770 2249 1920 2306 Θεοῦ

337 2334 526 2404 ὑμῶν,
549 2335 649 2389 καὶ
673 2335 924 2405 δεήθητε
949 2336 1158 2393 αὑτοῦ.
1176 2338 1274 2392 Ἐν
1294 2339 1508 2408 χερσὶν
1529 2339 1695 2410 ὑμῶν
1713 2340 1920 2412 γέγονε

339 2425 548 2482 ταῦτα·
581 2429 636 2481 ει
669 2427 943 2499 λήψομαι
985 2429 1056 2495 ἐξ
1093 2429 1264 2500 ὑμῶν
1287 2433 1579 2500 πρόσωπα
1605 2432 1793 2505 ὑμῶν,
1820 2433 1922 2488 λέ-

340 2533 432 2586 τει
461 2517 682 2586 Κύριος
706 2519 1152 2592 παντοκράτωρ.

409 2632 470 2684 l'.
510 2629 684 2684 Καλεῖ
720 2629 861 2704 πρὸς
899 2632 1239 2703 μετάγνωσιν
1275 2635 1406 2700 τοὺς
1433 2634 1798 2707 ἠσεϐηκότας,
1827 2637 1921 2690 καὶ

337 2721 436 2794 τὴν
459 2722 555 2776 ἐπὶ
576 2725 689 2787 τοῖς
713 2727 1206 2797 πεπαρῳνημένοις
1231 2727 1403 2800 ὀργὴν
1424 2727 1920 2799 προσαποσείεσθαι

337 2811 448 2865 δεῖν
494 2806 553 2865 εὗ
601 2812 745 2882 μάλα
778 2812 934 2884 φησι,
957 2816 1080 2878 ταῖς
1108 2817 1190 2879 είς
1225 2815 1295 2869 τὰ
1325 2815 1538 2886 ἀμείνω
1573 2815 1916 2886 μεταϐολαῖς.

338 2903 450 2956 Καὶ
493 2903 600 2974 γάρ
645 2905 795 2957 ἐστιν
841 2903 1066 2972 ἀγαθὸς,
1101 2923 1120 2956 ι
1151 2907 1265 2961 Καὶ
1288 2906 1534 2979 ἀνορθῶν
1561 2907 1689 2970 τοὺς
1720 2909 1920 2980 κατερ-

340 2994 668 3065 ραγμένους,
696 2995 790 3048 καὶ
816 2993 1044 3066 ἰώμενος
1069 2997 1132 3049 τὸ
1159 2999 1640 3070 συντετριμμένον,
1673 2999 1768 3053 καὶ
1797 3001 1919 3053 ὲπι-

340 3087 590 3158 στρέφων
618 3087 679 3141 τὸ
713 3088 1149 3160 πεπλανημένον.
1183 3109 1203 3142 ι
1243 3090 1434 3160 Λέγων
1461 3091 1519 3146 δὲ
1555 3092 1637 3160 τὸ,
1669 3111 1688 3144 ι
1711 3092 1921 3158 Ἐξιλά-

339 3178 535 3232 σκεσθε
564 3178 627 3232 τὸ
653 3178 944 3250 πρόσωπον
971 3180 1066 3234 τοῦ
1096 3181 1230 3235 Θεοῦ
1257 3183 1432 3254 ὑμῶν,
1464 3202 1484 3237 ι
1528 3185 1919 3255 ὑπεμφαίνειεν

339 3269 428 3334 ἂν,
458 3271 553 3324 καὶ
587 3271 733 3341 μάλα
763 3271 1007 3339 εἰκότως,
1039 3274 1116 3336 ὡς
1161 3274 1566 3347 ἀποστρέφεται
1616 3277 1750 3342 Θεὸς
1794 3279 1921 3342 τοὺς

339 3362 701 3434 προσκρούειν
734 3364 885 3436 αὑτῷ
934 3364 1009 3436 μὴ
1063 3367 1552 3438 παραιτουμένους,
1579 3370 1674 3424 καὶ
1705 3370 1786 3424 ὅτι
1811 3370 1921 3426 τῶν

341 3447 438 3526 μὴ’
457 3454 762 3526 ζητούντων
807 3457 904 3528 τὴν
949 3455 1108 3521 δόξαν
1155 3457 1319 3512 αὐτοῦ
1358 3459 1484 3522 τοὺς
1526 3458 1690 3524 ίδίους
1731 3459 1921 3533 ῶσπερ

339 3547 651 3620 ὀφθαλμοὺς
677 3549 969 3621 ἀποφέρει,
1001 3551 1138 3621 μήτε
1168 3549 1402 3620 φειδοῦς,
1434 3551 1466 3623 ἢ
1493 3551 1735 3623 ἀγάπης.
1783 3556 1920 3625 μήτε

343 3638 450 3709 μὴν
483 3639 778 3702 ἐποπτείας
807 3639 996 3706 ἀξιῶν.
1029 3660 1048 3693 ι
1071 3639 1382 3713 Ὀφθαλμδς
1429 3642 1539 3713 γὰρ
1587 3643 1795 3714 Κυρίου
1825 3645 1920 3698 ἐπὶ

338 3731 597 3796 δικαίους,
631 3751 650 3786 ι
700 3732 844 3787 κατὰ
879 3732 942 3786 τὸ
971 3735 1528 3807 γεγραμμένον.Ἔφη
1565 3735 1624 3790 δὲ
1658 3737 1751 3791 καὶ
1784 3739 1920 3809 πρός

338 3837 490 3886 τινας
517 3822 626 3874 τῶν
651 3823 946 3896 ἀλιτηρίων
971 3823 1058 3878 διὰ
1082 3824 1268 3894 φωνῆς
1304 3825 1523 3879 Ἡσαΐου
1545 3843 1559 3856 ο
1593 3822 1794 3882 (Ὅταν
1819 3829 1919 3893 τὰς

340 3915 528 3984 χεῖρας
557 3914 836 3986 ὲκτείνητε
856 3914 992 3986 πρός
1021 3933 1110 3986 με,
1125 3916 1452 3987 ἀποστρέψω
1467 3919 1594 3982 τοὺς
1609 3919 1919 3990 ὀφθαλμούς

343 4022 446 4075 μου
490 4005 584 4076 ἀφ’
617 4005 790 4077 ὑμῶν.
823 4006 934 4059 Καὶ¹
983 4007 1081 4061 ἐὰν
1125 4005 1432 4078 πληθύνητε
1461 4008 1558 4078 τὴν
1587 4008 1792 4080 δέησιν,
1819 4010 1918 4063 οὐκ

340 4097 732 4168 είσακούσομαι
776 4097 930 4168 ὑμῶν
956 4113 974 4128 ο
1019 4100 1075 4151 αἱ
1105 4097 1213 4169 γὰρ
1256 4101 1436 4170 χεῖρες
1487 4099 1640 4170 ὑμῶν
1687 4100 1919 4171 αἵματος

342 4191 588 4259 πλήρεις.
623 4209 642 4242 ι
676 4190 798 4262 Χρὴ
822 4190 1113 4260 τοιγαροῦν
1149 4190 1528 4254 ἐξιλάσκεσθαι
1567 4192 1696 4256 τοὺς
1741 4195 1919 4263 ἡμαρ-

339 4281 594 4350 τηκότας,
629 4282 677 4334 εί
720 4281 784 4352 δή
819 4299 935 4345 πως
966 4282 1075 4353 ἄρα
1118 4282 1554 4353 μεταστρέψειεν
1587 4284 1672 4353 ἐφ’
1707 4285 1918 4350 ἑαυτοῖς

340 4371 402 4424 τὸ
435 4372 725 4443 πρόσωπον
751 4372 846 4425 τοῦ
877 4372 1034 4438 Θεοῦ,
1076 4374 1171 4427 καὶ
1199 4375 1262 4426 ὲκ
1286 4374 1386 4444 τῆς
1413 4375 1768 4446 ἀποστροφῆς
1800 4377 1920 4430 ἐσό-

2024 1846 2133 1891 tem
2185 1845 2241 1890 et
2295 1836 2568 1891 robustam
2615 1835 2911 1890 habeamus
2983 1847 3204 1888 necesse
3273 1841 3376 1888 est.
3456 1833 3605 1886 Tunc

2022 1927 2166 1982 enim
2225 1927 2339 1983 Deo
2383 1928 2599 1983 virtutis
2654 1927 2857 1982 amanti
2903 1924 3108 1993 accepti
3185 1933 3240 1980 et
3291 1924 3430 1979 sacri
3495 1925 3605 1978 eri-

2023 2034 2167 2074 mus.

2094 2237 2260 2296 Vens.
2288 2239 2346 2296 9.
2391 2237 2463 2296 Et
2507 2257 2646 2295 nunc
2683 2241 2887 2309 placate
2943 2239 3132 2308 facient
3180 2237 3280 2292 Dei
3334 2239 3512 2303 vestri,
3553 2248 3600 2291 et

2021 2333 2376 2402 deprecamini
2431 2349 2571 2389 eum.
2625 2333 2693 2387 In
2767 2334 3009 2386 manibus
3070 2333 3250 2387 vestris
3292 2331 3432 2400 facta
3479 2341 3602 2385 sunt

2019 2426 2131 2479 hcec
2176 2441 2199 2484 :
2250 2427 2297 2480 si
2346 2427 2627 2496 suscipiant
2670 2426 2833 2496 facies
2887 2434 3103 2488 vestras,
3151 2426 3281 2478 dicit
3348 2423 3604 2478 Dominus

2018 2517 2366 2587 omnipotens.

2087 2625 2160 2686 X.
2185 2628 2385 2699 impios
2405 2630 2474 2684 ad
2503 2629 2880 2699 paenitentiam
2917 2629 3146 2695 invitat,
3182 2639 3236 2684 et
3301 2629 3603 2684 mutatione

2018 2719 2073 2774 in
2107 2720 2322 2786 melius,
2368 2721 2505 2775 iram
2539 2722 2800 2787 divinam,
2831 2729 3051 2790 propter
3104 2719 3304 2774 illatam
3349 2719 3448 2787 ipsi
3478 2717 3603 2784 ,Deo

2016 2814 2422 2881 contumeliam,
2449 2813 2805 2868 amoliendam
2821 2811 3122 2880 iustissime
3153 2814 3480 2882 pronuntiat.
3499 2814 3594 2866 Bo-

2018 2922 2123 2961 uus
2168 2915 2252 2961 est
2287 2906 2432 2962 enim
2464 2905 2606 2960 Deus
2630 2945 2646 2970 ,
2674 2925 2693 2956 ε
2721 2905 2785 2959 Ει
2816 2905 2975 2975 erigit
3025 2903 3185 2960 elisos
3209 2905 3275 2970 “,
3326 2915 3380 2959 et
3444 2917 3602 2960 sanat

2017 2997 2278 3052 contritos
2308 2996 2472 3051 corde
2503 2990 2568 3062 “,
2597 3004 2651 3050 et
2689 2995 2830 3064 quod
2879 3005 3156 3049 erraverat
3190 2994 3397 3050 reducit
3433 2997 3478 3026 “
3505 3034 3520 3049 .
3575 3016 3594 3046 ι

2019 3086 2154 3140 Dum
2179 3085 2315 3141 dixit
2343 3104 2357 3141 :
2395 3103 2413 3137 ι
2447 3084 2669 3140 Placate
2701 3084 2890 3138 faciem
2911 3083 3005 3138 Dei
3033 3083 3220 3148 vestri,
3254 3103 3274 3136 ›
3307 3083 3600 3138 subosten-

1945 3161 1988 3220 Ο
2023 3179 2100 3234 dit
2131 3179 2321 3242 Deum,
2348 3187 2404 3233 et
2431 3178 2650 3248 quidem
2687 3177 2902 3243 merito,
2936 3177 3176 3231 aversari
3214 3177 3386 3246 ipsum
3427 3175 3601 3230 offen-

2021 3270 2151 3326 dere
2182 3285 2288 3326 non
2317 3269 2645 3340 refugientes
2667 3309 2682 3334 ,
2714 3278 2767 3324 et
2789 3283 2818 3322 a
2845 3268 3068 3339 gloriam
3111 3282 3263 3322 suam
3292 3283 3397 3320 non
3453 3284 3602 3338 quar-

2020 3361 2286 3426 rentibus,
2317 3361 2465 3416 velut
2499 3370 2779 3430 aspectum
2808 3369 3058 3414 avertere
3080 3399 3095 3423 ,
3123 3374 3224 3414 nec
3274 3373 3369 3412 eos
3422 3359 3601 3412 indul-

2021 3452 2226 3521 gentia,
2259 3461 2355 3507 aut
2413 3452 2703 3516 cbaritate,
2743 3460 2838 3506 aut
2893 3451 3231 3520 inspectione
3288 3450 3598 3520 complecti.

2025 3561 2046 3596 ι
2089 3543 2241 3599 Oculi
2271 3545 2416 3600 enim
2455 3545 2668 3598 Domini
2701 3559 2865 3612 super
2887 3541 3062 3612 justos
3087 3543 3156 3606 ⁸⁷,
3192 3561 3214 3594 ›
3241 3551 3298 3595 ιιι
3333 3542 3597 3611 scriptum

2020 3643 2122 3690 est.
2149 3633 2218 3688 Et
2251 3635 2320 3689 ad
2346 3636 2608 3704 quosdam
2642 3637 2906 3691 scelestos
2935 3649 3064 3690 voce
3089 3634 3240 3689 Isaiae
3272 3635 3346 3688 ait
3375 3653 3389 3688 :
3425 3654 3443 3685 ι
3466 3636 3599 3689 Cum

2019 3724 2374 3780 extenderitis
2411 3741 2600 3780 manus
2619 3767 2636 3793 ,
2665 3735 2906 3780 avertam
2935 3725 3119 3782 oculos
3143 3741 3170 3778 a
3196 3725 3366 3780 vobis.
3401 3725 3598 3780 Etcum

2020 3815 2506 3884 multiplicaveritis
2533 3820 2854 3882 orationem,
2881 3835 2986 3874 non
3014 3819 3300 3873 exaudiam
3326 3834 3450 3874 vos:
3480 3835 3600 3874 ma-

2021 3923 2125 3964 nus
2141 3909 2286 3964 enim
2320 3918 2513 3964 vestra:
2541 3913 2800 3982 sanguine
2821 3912 2991 3982 plenae
3006 3911 3212 3967 sunt".
3245 3932 3262 3964 ο
3301 3912 3602 3982 Propitiare

2021 3999 2185 4070 igitur
2211 4001 2380 4055 Deum
2426 4001 2528 4056 sibi
2556 4013 2865 4071 peccatores
2887 4003 3166 4068 debent,si
3203 4005 3344 4059 forte
3402 4005 3598 4060 faciem

2019 4093 2136 4161 ejus
2163 4095 2230 4148 ad
2260 4109 2320 4151 se
2340 4106 2682 4160 convertant,
2704 4106 2760 4152 et
2792 4112 2912 4166 quae
2937 4113 3002 4151 ex
3035 4097 3150 4166 ejus
3173 4097 3453 4152 aversione
3493 4098 3597 4152 sibi

2021 4183 2182 4238 noxia
2217 4184 2593 4250 imminebant,
2625 4201 2685 4241 ea
2715 4204 2744 4242 a
2773 4187 3043 4256 capitibus
3071 4188 3188 4243 suis
3217 4199 3458 4242 arceant.
3491 4189 3596 4242 Dc-

2019 4275 2140 4329 ﬁnit
2167 4279 2334 4343 enim,
2367 4287 2422 4333 et
2481 4279 2641 4348 quale
2702 4279 2863 4335 fuerit
2915 4292 3194 4350 peccatum
3257 4281 3597 4336 sacerdotum

2020 4367 2390 4437 demonstrat,
2449 4382 2502 4428 et
2553 4372 2934 4427 inﬁciationem
2970 4373 3232 4442 praecidit.
3294 4373 3402 4429 Nec
3453 4374 3596 4428 enim

343 4477 482 4531 μενα
526 4461 959 4534 ἀποκρούσαιντο
1010 4461 1200 4534 βλάϐη.
1232 4463 1524 4535 Καθορίζει
1551 4465 1662 4536 γὰρ
1698 4465 1808 4519 τῶν
1841 4469 1916 4520 ἱε-

2022 4460 2280 4516 mentitur
2310 4478 2431 4517 cum
2457 4464 2532 4518 ait
2562 4481 2576 4518 :
2603 4482 2622 4515 ι
2655 4464 2712 4519 in
2746 4463 2995 4518 manibus
3047 4466 3244 4520 veStris
3290 4463 3406 4518 haec
3455 4463 3596 4518 facta

344 4553 588 4626 ρουργῶν
619 4553 682 4608 τὸ
721 4553 1118 4626 πλημμέλημα,
1151 4554 1246 4607 καὶ
1282 4555 1496 4624 ἀναιρεί
1532 4557 1630 4627 τὴν
1663 4558 1912 4629 ἄρνησιν.

2019 4560 2168 4606 ευιιι.
2199 4571 2218 4604 ι
2249 4551 2363 4607 Non
2404 4555 2562 4608 modo
2591 4557 2735 4610 enim
2767 4555 2884 4609 aliis
2919 4556 3266 4624 peccantibus
3295 4571 3391 4610 vos
3442 4557 3598 4611 silui-

340 4643 414 4696 οὐ
442 4642 549 4715 γὰρ
585 4643 651 4698 ἂν
693 4643 1059 4715 ψευδοεπήση,
1092 4642 1300 4711 λέγων’
1353 4663 1371 4695 ι
1395 4645 1484 4698 Ἑν
1528 4647 1716 4717 χερσὶν
1760 4648 1915 4718 ὑμῶν

2019 4643 2133 4708 stis,
2155 4642 2346 4711 inquit,
2372 4643 2465 4698 sed
2500 4645 2553 4698 in
2599 4661 2684 4699 me
2719 4645 2886 4716 impie
2917 4647 3196 4715 designata
3247 4645 3396 4700 velut
3429 4649 3599 4700 mani-

339 4733 528 4802 γέγονε
562 4732 754 4788 ταῦτα.
785 4753 804 4786 ι
838 4735 1136 4804 Μονονουχὶ
1171 4732 1300 4803 γὰρ,
1328 4735 1478 4804 φησὶ,
1513 4736 1712 4807 ἐτέρων
1737 4739 1917 4808 ἡμαρ-

339 4823 776 4895 τηκότων,ὑμεῖς
801 4825 1398 4896 σεσιγὴκατε,ἀλλόἷον
1419 4826 1734 4897 αὐτόχειρες
1758 4829 1915 4898 ὑμεῖς

340 4915 495 4968 αὐτοὶ
543 4917 804 4984 γεγόνατε
846 4917 954 4971 τῶν
1016 4918 1095 4981 είς
1141 4917 1241 4988 ἐμὲ
1281 4917 1775 4988 δεδυσσεϐημένων,
1818 4920 1914 4972 καὶ

340 5009 439 5078 τῆς
481 5009 638 5079 ὑμῶν
683 5009 955 5080 ῥᾳθυμίας
983 5005 1094 5063 εἷεν
1133 5010 1199 5064 ἂν
1223 5011 1291 5064 τὰ
1321 5011 1642 5081 ἐγκλήματα
1689 5010 1922 5080 μεσολα-

344 5096 566 5162 ϐοῦντος
607 5099 842 5163 οὐδενός.
892 5099 1040 5170 Πλὴν
1081 5102 1129 5154 εί
1177 5101 1270 5155 καί
1295 5119 1438 5164 τινες
1469 5101 1736 5154 ὲκδεδίασι
1760 5101 1923 5172 τυχὸν

343 5186 482 5260 τδ[ν]
497 5190 766 5244 ποιεῖσθαι
795 5192 927 5263 πρὸς
946 5194 1093 5264 ὑμᾶς
1110 5194 1237 5256 τοὺς
1265 5210 1330 5246 πε
1341 5193 1394 5265 9i.
1415 5191 1619 5246 τούτων
1631 5191 1886 5262 ἐλέγχους
1901 5233 1916 5258 ,

346 5279 460 5332 ἀλλ’
488 5277 580 5336 οὖν
607 5283 706 5336 οὐκ
735 5283 929 5354 ἔσομαι
953 5285 1048 5337 καὶ
1069 5283 1230 5347 αὐτὸς
1250 5283 1393 5337 καθὰ
1419 5282 1513 5336 καὶ
1549 5278 1630 5346 εἷς
1661 5281 1720 5349 ἐξ
1741 5281 1916 5354 ὑμῶν,

344 5368 454 5422 οὐδ’
486 5371 552 5424 ἂν
585 5371 804 5442 λάϐοιμι
838 5373 1127 5443 πρόσωπον
1162 5371 1274 5425 τῶν
1317 5371 1918 5444 ῆσεϐηκότων.⁶’ομοιον

347 5458 536 5514 τούτου
565 5463 625 5516 τὸ
653 5463 741 5516 διὰ
769 5465 952 5534 φωνῆς
971 5461 1064 5516 τοῦ
1084 5462 1246 5516 Δαϐίδ
1265 5477 1278 5491 ·
1317 5481 1335 5515 ι
1356 5461 1654 5526 Ύπέλαϐες
1688 5460 1917 5532 ἀνομίαν

2013 4733 2114 4788 bus
2139 4735 2336 4790 vestris
2370 4739 2797 4805 perpetravistis,
2819 4753 2992 4808 eaque
3016 4749 3212 4794 vestras
3232 4739 3600 4793 dissolutionis

2009 4825 2224 4895 piacula
2252 4837 2398 4890 sunt,
2429 4843 2550 4882 cum
2585 4838 2826 4884 vestrum
2857 4845 3015 4885 nemo
3044 4832 3306 4886 obstaret.
3339 4829 3491 4897 Quod
3552 4833 3597 4886 si

2021 4917 2112 4986 qui
2151 4933 2248 4972 vos
2300 4933 2465 4988 super
2510 4921 2597 4976 his
2647 4923 2974 4993 redarguere
3012 4924 3344 4989 timuerunt,
3384 4937 3600 4976 verum-

2023 5010 2300 5066 enimvero
2332 5029 2434 5069 non
2457 5029 2558 5085 ego
2588 5031 2804 5085 quoque
2826 5026 2884 5071 ut
2923 5033 3063 5073 unus
3091 5027 3332 5072 vestrum
3363 5030 3477 5080 ero,
3499 5030 3599 5069 nec

2023 5114 2372 5171 peccatorum
2414 5107 2678 5176 accipiam
2730 5106 2947 5162 faciem.
2997 5107 3186 5162 Simile
3227 5104 3354 5159 illud
3384 5103 3598 5157 Davidi-

2021 5204 2145 5244 cum
2173 5207 2190 5244 :
2245 5209 2264 5241 ι
2303 5191 2585 5262 Cogitasti,
2617 5197 2810 5264 iuqttit,
2831 5197 3191 5266 iniquitatem,
3222 5195 3366 5264 quod
3393 5205 3488 5246 ero
3518 5193 3594 5246 tui

2027 5283 2252 5341 similis.
2309 5284 2548 5354 Arguam
2583 5296 2655 5348 te,
2683 5298 2738 5340 et
2771 5296 3002 5342 statuam
3036 5296 3163 5340 ante
3214 5284 3410 5339 faciem
3445 5291 3592 5336 tuam

2025 5387 2244 5443 peccata
2267 5378 2456 5431 μηδ’.»
2487 5378 2600 5431 Non
2623 5379 2764 5432 enim
2791 5379 2938 5433 novit
2966 5393 3250 5448 personam
3270 5377 3433 5446 judex
3461 5387 3474 5424 :
3503 5373 3597 5426 sed

2027 5476 2110 5522 est
2135 5469 2378 5524 sincerus
2407 5484 2460 5524 et
2493 5469 2837 5540 incorruptus
2871 5482 3125 5540 tanquam
3152 5469 3311 5522 Deus.

434 5664 478 5744 ζ’
509 5663 643 5744 (ἓυη-
674 5680 747 5726 Wo
773 5665 1028 5744 δββίιίιι-
1056 5665 1113 5744 ,⁸³
1137 5662 1336 5744 lere!!!-
1367 5680 1556 5744 “:Y'!b
1590 5665 1675 5744 ιοο
1753 5664 1798 5696 ⁸⁸
1823 5664 1920 5744 P59

2019 5688 2176 5743 :ruv,
2211 5676 2292 5730 li.
2370 5677 2414 5708 δ’
2447 5677 2588 5732 Psal.
2627 5692 2804 5744 eam,
2837 5677 2891 5730 5.
2971 5677 3017 5708 "
3052 5675 3248 5731 Ezech.
3284 5689 3469 5740 xsxrv,
3496 5669 3597 5730 16.

349 5732 393 5765 ⁶¹
426 5733 570 5791 Psal.
601 5750 788 5800 XXIIII,
824 5732 1155 5791 l6."“lsa.
1187 5737 1346 5803 1,15.
1420 5736 1464 5766 ⁶⁹
1493 5736 1636 5792 l’sal.
1675 5752 1821 5806 xux,
1848 5738 1938 5792 2i.
