4120 6376
480 330 602 430 λὲθδ

1485 353 1546 410 S.
1585 349 1862 407 CY‘RLLLI
1907 341 2385 401 ALEXANDRINI
2427 339 2750 396 ARCHI'E-P.

3663 330 3772 385 296

491 493 573 547 ὅτι
601 481 798 557 ἔσομαί
827 497 912 534 σοι
941 479 1146 549 ὅμοιος.
1163 469 1402 541 Ἐλέγξω
1423 469 1518 524 καλ⁵
1545 467 1884 540 παραστήσω
1914 463 2060 518 κατά
2088 459 2382 533 πρόσωπόν
2409 475 2501 512 σου
2523 457 2624 520 τὰς
2646 453 2924 526 ἁμαρτίας
2941 467 3056 504 σου.
3079 469 3096 501 ι
3121 449 3196 503 Οὐ
3217 448 3324 519 γὰρ
3347 443 3454 501 οἶδε
3484 445 3775 516 πρόσωπον

489 588 519 639 ὁ
541 579 756 654 κριτὴς,
785 571 904 628 ἀλλ’
929 571 1083 624 ἐστιν
1105 566 1267 630 εὐθὺς
1297 563 1393 619 καὶ
1421 563 1721 623 ἀδέκαστος
1747 562 1822 622 ὡς
1847 559 2002 620 Θεός.

560 691 848 751 Vens.10.
915 686 1056 754 Quia
1097 692 1150 740 et
1199 684 1254 737 in
1330 680 1472 735 vobis
1531 677 1849 731 claudentur
1909 673 2087 736 ostia,

2263 669 2417 723 Διότι
2443 665 2540 720 καί
2569 665 2638 718 ἐν
2662 662 2807 734 ὑμῖν
2836 656 3433 729 συγκλεισθήσονται
3463 653 3654 720 θύραι,
3682 663 3779 702 και

495 797 540 844 τι
595 801 698 838 non
747 779 1041 835 accendetis
1093 775 1262 827 altare
1294 784 1465 824 nteant
1515 766 1700 837 gratis.

563 919 735 992 828
767 907 1384 982 XLDpportunissime,
1409 912 1470 958 ut
1503 902 1558 958 in
1601 901 1973 973 praedictione,
1996 897 2093 950 de-

495 986 753 1068 cns'vit—ae
778 1001 1103 1062 Christiana:
1128 998 1342 1053 interim
1379 1000 1762 1065 praemonstrat
1785 1031 1807 1055 .,
1849 997 1910 1042 ut
1957 986 2091 1054 legis

498 1102 714 1164 umbra,
737 1108 791 1152 et
818 1094 986 1150 veleri
1037 1091 1128 1146 illo
1163 1087 1470 1144 sacerdotio
1501 1084 1652 1139 brevi
1710 1079 2002 1142 desituris,
2035 1087 2090 1131 et

501 1211 600 1252 suo
629 1204 872 1260 tempore
892 1183 1141 1242 veritatis
1178 1179 1556 1237 sacerdotibus
1585 1174 1883 1245 spiritualis
1912 1173 2089 1227 cultus

505 1283 845 1343 administris
879 1275 1242 1348 apparituris,
1277 1271 1483 1339 Deique
1514 1268 1738 1339 gloriam
1795 1265 2092 1336 promptis-

504 1380 642 1435 sime
670 1373 1000 1446 quaesituris.
1025 1368 1280 1422 Clausum
1327 1377 1490 1434 porro
1518 1360 1584 1415 iri
1616 1373 1779 1430 super
1801 1357 1931 1427 ipsis
1952 1357 2092 1409 ostia

505 1469 669 1524 dicit:
702 1462 943 1533 autquia
984 1458 1297 1514 sacerdotes
1346 1454 1478 1524 legis
1513 1467 1619 1506 non
1679 1449 1970 1505 adolebunt
2013 1448 2094 1500 in-

507 1571 731 1612 censum
757 1572 771 1608 :
793 1573 810 1605 ι
839 1552 894 1605 Si
917 1552 1059 1605 enim
1076 1546 1336 1603 clauserit
1364 1551 1551 1598 contra
1573 1541 1875 1603 hominem,
1895 1538 2089 1608 inquit,

507 1651 631 1719 quis
652 1648 858 1718 aperiet
877 1644 968 1698 7"?
996 1662 1014 1694 ι
1047 1652 1142 1696 aut
1165 1649 1313 1696 certe
1329 1652 1453 1693 cum
1477 1636 1657 1689 verius
1674 1634 2089 1688 tabernaculum

505 1742 806 1797 exhibitum
847 1738 1028 1800 fuerit,
1086 1735 1188 1788 hoc
1215 1739 1302 1786 est
1337 1728 1613 1794 Ecclesia,
1645 1726 1862 1796 quidam
1923 1722 2094 1792 legale

510 1832 871 1886 sacerdotium
912 1827 1088 1882 adhuc
1129 1826 1410 1884 obeuntes,
1467 1834 1573 1873 non
1617 1818 1912 1871 intrabunt.
1952 1813 2092 1866 Pro-

2193 764 2307 818 οὐκ
2333 760 2598 828 ἀνάψετε
2625 757 2693 810 τὸ
2723 751 3160 820 θυσιαστήριόν
3187 766 3309 819 μου
3335 745 3584 814 δωρεάν.

2265 918 2371 970 IA'.
2417 912 2760 982 Εὐαφόρμως
2801 907 3007 978 σφόδρα
3035 905 3133 976 τῆς
3161 905 3218 956 έν
3252 897 3475 971 Χριστῷ
3504 896 3778 960 πολιτείας,

2191 1008 2269 1072 ὡς
2305 1008 2364 1060 ὲν
2393 1002 2792 1077 προαγορεύσει
2834 1000 2973 1062 τέως
3017 993 3414 1068 προαναφαίνει
3451 991 3514 1044 τὸ
3551 988 3776 1051 κάλλοςο

2190 1095 2266 1160 ὡς
2293 1094 2402 1166 γὰρ
2427 1094 2528 1164 τῆς
2561 1095 2618 1145 ὲν
2649 1091 2802 1160 νόμῳ
2837 1089 2998 1150 σκιᾶς
3027 1087 3150 1140 ὅσον
3175 1083 3388 1136 οὐδέπω
3432 1077 3782 1148 πεπαυσομέ-

2195 1205 2314 1258 νης,
2344 1186 2439 1240 καὶ
2467 1185 2567 1254 τῆς
2595 1182 2830 1254 ἀρχαίας
2868 1180 3083 1250 ἐκείνης
3121 1175 3441 1248 ἱερωσύνης,
3480 1172 3780 1243 μελλόντων

2191 1299 2254 1334 τε
2305 1275 2718 1334 ἀναδείκνυσθαι
2749 1273 2903 1339 ,κατά
2948 1270 3176 1342 καιροὺς
3222 1269 3330 1322 τῶν
3375 1268 3474 1338 τῆς
3524 1265 3781 1334 ἀληθείας

2198 1377 2344 1445 ἱερου
2356 1371 2520 1444 ργῶν,
2550 1369 2599 1424 οἳ
2629 1370 2722 1422 καὶ
2752 1367 2855 1436 τῆς
2884 1367 2944 1418 ὲν
2973 1363 3244 1434 πνεύματι
3273 1360 3530 1432 λατρείας
3571 1359 3782 1411 ἕσοντατ.

2197 1463 2529 1532 λειτουργοὶ,
2561 1457 2860 1528 ζητήσουσί
2898 1472 2958 1507 τε
2992 1455 3088 1508 καὶ
3129 1452 3274 1524 μάλα
3304 1449 3521 1522 ψργῶς
3553 1448 3650 1518 τὴν
3685 1448 3780 1500 τοῦ

2197 1553 2333 1608 Θεοῦ
2379 1551 2559 1616 δόξαν.
2591 1545 3122 1617 Συγκλεισθήσεσθαι
3169 1543 3226 1596 δὲ
3269 1541 3440 1612 θύρας
3479 1540 3645 1610 φησὶν
3685 1537 3785 1590 ἐπ’

2198 1646 2418 1706 αὐτοὺς,
2445 1644 2480 1712 ἢ
2517 1641 2746 1703 εὐωδίας
2775 1640 2876 1693 οὐκ
2908 1637 3175 1708 ἐσομένης
3199 1637 3312 1697 τοῖς
3343 1633 3483 1687 κατά
3517 1632 3680 1702 νόμον
3712 1631 3786 1682 ἱε-

2199 1737 2521 1810 ρατεύουσνν
2542 1751 2554 1765 ·
2585 1751 2607 1785 ι
2636 1732 2762 1786 Ἐὰν
2786 1730 2896 1801 γὰρ
2930 1729 3123 1801 κλείσῃ
3169 1725 3312 1780 κατὰ
3341 1721 3654 1795 ἀνθρώπου,
3679 1739 3783 1790 (pr.-

2201 1831 2305 1894 σὶν,
2355 1827 2441 1891 τίς
2487 1823 2727 1889 ἀνοίξεις
2759 1842 2778 1874 ι
2812 1823 2981 1892 ῆγουν
3029 1819 3131 1889 τῆς
3162 1816 3535 1888 ἀληθεστέρας
3571 1812 3784 1867 ἀναδει-

512 1936 629 1990 pter
658 1921 1086 1978 incredulitatem
1123 1932 1250 1971 vero
1284 1915 1439 1985 quasi
1469 1911 1712 1977 exclusi,
1747 1908 1879 1964 loris
1907 1922 2094 1962 mane-

2211 1919 2422 1991 χθείσης
2460 1915 2686 1987 σκηνῆς,
2717 1912 2964 1967 τουτέστι
2989 1911 3089 1979 τῆς
3131 1905 3481 1978 Ἐκκλησίας,
3533 1906 3632 1956 οῦκ
3669 1904 3783 1954 εἱσ-

512 2017 665 2082 bnut,
706 2023 761 2069 et
784 2022 971 2066 sancta
992 2027 1097 2064 non
1147 2009 1437 2072 attingant.
1475 2003 1599 2057 Illos
1640 2001 1784 2056 enim
1845 1997 2100 2053 sacerdo-

515 2109 649 2161 tium
671 2105 921 2160 antisisse
943 2118 1013 2157 ex
1069 2100 1252 2154 verbis
1290 2097 1388 2151 Dei
1443 2110 1540 2165 per
1569 2109 1635 2148 os
1692 2091 1851 2147 Oscae
1879 2091 2049 2160 liquet
2078 2108 2096 2143 :

521 2217 542 2250 ι
581 2197 716 2264 Quia
754 2197 945 2250 diebus
976 2192 1157 2246 nmltis
1191 2190 1457 2245 sedebunt
1495 2188 1591 2242 lilii
1617 2184 1784 2238 Israel
1843 2199 1948 2237 non
2001 2198 2100 2236 ert-

513 2291 741 2344 sistente
786 2303 934 2356 rege,
991 2299 1165 2354 neque
1225 2283 1525 2338 exsistente
1573 2277 1869 2342 sacriﬁcio,
1931 2288 2104 2344 neque

515 2385 808 2437 exsistente
841 2380 1001 2433 altari
1029 2417 1045 2442 ,
1079 2390 1250 2446 neque
1273 2372 1598 2436 sacerdotio,
1644 2384 1818 2441 neque
1879 2367 2106 2423 manife-

517 2476 750 2530 statiune
781 2473 880 2524 ⁷³.»
920 2469 1184 2536 Quocirca
1212 2467 1387 2521 cultus
1411 2465 1598 2535 legalis
1624 2463 1780 2533 quasi
1813 2462 2106 2516 terminum

516 2579 572 2624 et
597 2565 886 2623 sacerdotii
928 2564 1226 2619 secundum
1276 2561 1444 2630 legem
1473 2557 1766 2627 quamdam
1807 2555 2109 2611 conclusio-

517 2675 642 2715 nem
679 2659 901 2723 indicat,
930 2652 1226 2724 utquldem
1273 2652 1507 2711 videtur.
1557 2650 1682 2702 dum
1717 2647 1885 2712 dicit,
1947 2661 2110 2716 super

521 2748 652 2818 ipsis
678 2747 818 2802 ostia
841 2743 1139 2801 claudenda
1170 2755 1313 2807 esse,
1341 2739 1582 2794 Ecclesia
1615 2752 1711 2792 eos
1750 2754 1853 2792 non
1909 2738 2108 2792 admit-

522 2846 669 2894 tente
695 2855 712 2892 :
741 2852 847 2892 non
868 2836 1018 2892 enim
1048 2833 1280 2904 amplius
1306 2841 1614 2884 mactantur
1644 2843 1803 2897 oves,
1839 2845 1959 2885 cum
1995 2830 2110 2901 jam

522 2947 703 2986 rerum
749 2929 1002 2999 princeps
1060 2935 1116 2981 et
1155 2936 1345 2980 auctor
1389 2924 1528 2978 Deus
1563 2923 1859 2978 incruentis
1901 2923 2114 2978 sacrill-

522 3025 624 3079 ciis
641 3023 957 3078 honoretur.
982 3017 1244 3086 Quoniam
1272 3031 1396 3071 vero
1419 3014 1595 3070 addit:
1619 3034 1638 3067 ι
1669 3014 1786 3070 Non
1805 3017 2112 3071 accendetis

525 3115 697 3170 altare
724 3127 901 3170 meum
923 3112 1113 3182 gratis,
1141 3126 1160 3162 ι
1187 3109 1420 3164 dicimus
1442 3109 1543 3162 hoc
1572 3119 1782 3163 morate
1811 3107 2107 3178 prolatum.

526 3205 651 3261 Vult
676 3207 818 3263 enim
865 3206 952 3260 his
988 3204 1204 3268 docere,
1234 3199 1301 3255 ad
1336 3201 1697 3255 sacerdotium
1730 3211 1786 3256 et
1813 3202 1881 3257 ad
1936 3203 2114 3272 ignem

2201 2012 2486 2066 ελάσουσιν
2520 2011 2578 2062 ὲν
2604 2009 2742 2078 αὐτῇ
2771 2021 2916 2067 τινες
2962 2003 3064 2075 τὴν
3110 2000 3253 2054 κατὰ
3295 1999 3458 2070 νόμον
3487 1994 3788 2068 ἱερωσύνην

2202 2100 2537 2172 πληροῦντες
2566 2098 2668 2151 ἐτι.
2686 2095 3087 2166 Ἐκκλειόμενοι
3115 2092 3172 2146 δὲ
3191 2090 3386 2160 ὥσπερ
3411 2089 3477 2142 δι’
3507 2087 3785 2149 ἀπιστίας,

2203 2195 2307 2260 ἔξω
2326 2211 2386 2247 τε
2415 2191 2660 2264 μενοῦσι,
2690 2190 2785 2242 καὶ
2812 2187 2924 2240 τῶν
2949 2185 3120 2255 ἁγίων
3149 2185 3248 2253 οὐχ
3275 2180 3654 2252 ἀψονται.”υτι
3676 2179 3788 2250 γὰρ

2203 2284 2592 2340 ἐκπεπτώκασι
2631 2281 2730 2353 τῆς
2769 2277 3100 2352 ἱερουργίας,
3135 2275 3305 2345 σαφὲς
3350 2273 3416 2328 ἂν
3458 2271 3666 2342 γένοιτο
3693 2269 3787 2323 τοῦ

2205 2377 2339 2431 Θεοῦ
2367 2377 2615 2444 λέγοντος
2645 2371 2735 2426 διὰ
2773 2373 2958 2441 φωνῆς
2986 2368 3173 2437 Ὠσηέ’
3211 2386 3233 2418 ι
3261 2365 3408 2418 Διότι
3435 2363 3645 2435 ἡμέρας
3668 2359 3789 2414 πολ-

2205 2469 2304 2535 λάς
2339 2468 2651 2523 καθίσονται
2681 2466 2730 2518 oi
2767 2463 2873 2517 uici.
2916 2458 3156 2532 Ἰσραὴλ,
3182 2458 3282 2511 οὐκ
3320 2457 3472 2519 ὄντος
3503 2453 3786 2525 βασιλέως,

2207 2562 2329 2616 οὐδὲ
2376 2561 2656 2632 ἄρχοντος,
2701 2557 2803 2610 οὐκ
2841 2553 3008 2626 οῦσης
3062 2551 3275 2615 θυσίας,
3317 2544 3442 2602 οὔτε
3497 2546 3788 2619 ίερατείας,

2208 2654 2332 2709 οὔτε
2379 2652 2574 2724 δήλων.
2603 2669 2622 2702 ι
2679 2649 2892 2703 Οὐκοῦν
2940 2647 3042 2717 τῆς
3087 2645 3144 2698 ἐν
3196 2644 3345 2714 νόμῳ
3387 2641 3645 2714 λατρείας
3691 2638 3790 2710 τὴν

2207 2745 2370 2800 οἱονεὶ
2413 2739 2728 2812 κατάληξιν,
2755 2740 2849 2794 καὶ
2880 2739 2980 2810 τῆς
3007 2735 3128 2791 κατ’
3158 2735 3322 2789 αὐτὸν
3365 2731 3663 2804 ίερωσύνης
3699 2729 3792 2782 τὸν

2212 2835 2600 2907 συγκλεισμὺν,
2632 2832 3071 2903 κατασημήνειεν
3107 2828 3194 2894 ἂν,
3222 2825 3298 2890 ὥς
3329 2825 3394 2894 γέ
3426 2841 3517 2896 μοι
3545 2824 3710 2887 δοκεῖ,
3731 2821 3792 2872 τὸ

2210 2931 2320 2984 δεῖν
2345 2929 2430 2983 ἐπ’
2454 2927 2639 2991 αὐτοῖς
2663 2922 3078 2996 κλεισθήσεσθαι
3099 2920 3272 2991 θύρας
3303 2919 3501 2982 εἰπεῖν,
3531 2917 3592 2969 οὐ
3622 2931 3792 2988 προσ-

2217 3024 2436 3094 ιεμένης
2469 3021 2667 3083 αὐτοὺς
2719 3019 2817 3088 τῆς
2859 3014 3224 3087 Ἐκκλησίαςο
3260 3013 3320 3067 ού
3361 3011 3470 3082 γὰρ
3519 3009 3795 3080 μηλοσφα-

2213 3119 2331 3186 γεῖν
2372 3115 2452 3168 ἔτι
2502 3112 2712 3183 καιρὸς,
2742 3110 2856 3165 ἀλλ’
2885 3107 2988 3182 ήδη
3017 3111 3138 3172 ταῖς
3183 3105 3544 3175 ἀναιμάκτοις
3567 3101 3795 3172 τιμᾶται

2215 3211 2432 3274 θυσίαις
2477 3212 2504 3263 ό
2551 3208 2660 3262 τῶν
2707 3207 2846 3261 ὅλων
2895 3205 3050 3270 Θεός.
3085 3203 3303 3275 Ἐπειδὴ
3348 3201 3406 3256 δὲ
3460 3199 3797 3272 προσεπάγει

526 3300 684 3354 altari
734 3298 1118 3369 imponendum
1151 3307 1368 3352 vocatos
1413 3311 1536 3353 esse
1576 3309 1682 3349 nun
1719 3304 1777 3349 ut
1805 3295 1924 3361 ejus
1950 3309 1978 3347 a
2005 3309 2109 3363 quo

2213 3303 2424 3366 τούτοις
2474 3301 2572 3367 τὸ,
2640 3318 2660 3352 ι
2691 3299 2805 3354 Οὐκ
2860 3296 3097 3368 ἀνάψετε
3143 3295 3205 3348 τὸ
3254 3290 3636 3362 θυσιαστήριόν
3696 3306 3798 3360 μου

526 3389 703 3445 vocati
739 3397 866 3442 sunt
894 3387 1118 3457 gloriam
1143 3389 1428 3443 minuant:
1483 3389 1578 3443 sed
1615 3396 1676 3441 ut
1730 3401 1850 3441 eam
1912 3385 2110 3455 quibus

528 3482 685 3536 decet
720 3481 896 3535 modis
952 3480 1215 3544 colentes,
1271 3480 1557 3536 sacerdotii
1612 3493 1828 3549 quoque
1893 3477 2111 3546 praemia

531 3573 847 3643 percipiant.
880 3571 1071 3626 Astilli
1103 3579 1210 3626 tam
1246 3571 1576 3627 venerabilia
1613 3570 1790 3624 studia
1819 3584 1916 3639 pro
1939 3568 2112 3622 nihilo

536 3673 809 3734 putantes,
840 3678 1015 3732 neque
1048 3663 1351 3719 reverentia
1395 3661 1646 3718 sacriﬁcii
1701 3661 1970 3726 deterriti,
2008 3677 2114 3730 quo

533 3757 712 3812 minus
746 3755 916 3810 Deum
938 3755 1216 3822 laederent,
1233 3753 1354 3824 jure
1374 3755 1442 3811 de
1471 3755 1678 3825 reliquo
1709 3769 1898 3825 ptenas
1917 3767 2116 3823 expen-

533 3849 682 3903 dent.
716 3845 1066 3901 Meritissimo
1095 3861 1334 3918 namque
1385 3862 1491 3902 non
1540 3847 1594 3900 in
1660 3861 1828 3916 parvo
1888 3843 2116 3899 crimine

534 3940 840 4007 ponendum
865 3947 972 4003 est,
996 3937 1439 3992 communionem
1479 3951 1510 3990 a
1533 3938 1643 3992 Deo
1675 3937 1995 3990 donaturum
2025 3945 2118 3987 as-

533 4030 774 4099 pernari,
801 4029 1142 4099 honoresque
1161 4030 1231 4086 ab
1262 4029 1380 4099 ipso
1401 4027 1624 4083 collatos
1659 4025 2116 4082 inconsultissime

536 4137 811 4194 respuere.
856 4121 1042 4192 Itaque
1065 4133 1313 4176 terrenus
1356 4130 1412 4176 et
1439 4119 1696 4192 profanus
1719 4119 2014 4188 appellatus
2035 4126 2120 4172 est

538 4217 700 4282 Esau,
731 4215 986 4285 quoniam
1018 4222 1238 4284 propter
1275 4228 1456 4268 escam
1487 4212 1759 4282 primitiva
1788 4225 1887 4265 sua
1933 4209 2120 4265 vendi-

535 4309 695 4362 dit".
715 4305 892 4373 Quare
906 4319 1029 4360 cum
1050 4303 1215 4358 dicit:
1244 4324 1264 4357 ι
1287 4303 1402 4360 Non
1421 4305 1731 4359 accemletis
1754 4302 1922 4357 altare
1941 4315 2116 4356 meum

539 4401 703 4470 gratis
727 4438 742 4464 ,
777 4416 797 4452 ι
833 4405 1017 4452 monet
1037 4395 1399 4452 sacerdotium
1445 4409 1545 4451 suo
1601 4396 1821 4466 praemio
1846 4409 1954 4450 non
2003 4393 2122 4447 fru-

538 4490 700 4545 strari
735 4505 751 4543 :
785 4503 886 4544 nec
917 4499 1098 4543 tamen
1129 4503 1228 4543 suo
1265 4504 1479 4559 quoque
1500 4503 1687 4542 carere
1715 4487 1999 4558 supplicio,
2019 4486 2121 4541 nisi

539 4583 664 4651 quis
698 4581 824 4636 illud
867 4595 972 4647 quo
1007 4595 1107 4650 par
1138 4591 1224 4635 est
1251 4581 1409 4636 modo
1433 4588 1489 4635 et
1511 4580 1719 4634 ratione
1759 4580 2119 4647 usurpaverit.

2209 3393 2441 3466 δωρεὰν,
2472 3412 2490 3444 ι
2525 3393 2584 3446 έν
2619 3391 2740 3464 ἡθει
2772 3391 2954 3462 φαμὲν
2977 3387 3310 3459 γεγενῆσθαι
3344 3385 3438 3439 τὸν
3462 3384 3641 3452 λόγον.
3667 3381 3801 3434 Βού-

2209 3487 2361 3540 λεται
2389 3485 2497 3556 γὰρ
2513 3483 2614 3555 ήδη
2648 3482 2861 3553 δηλοῦν,
2880 3484 2963 3536 ὅτι
2999 3481 3296 3552 κέκληνται
3326 3477 3464 3550 πρὸς
3493 3474 3802 3548 ἱερουργίαν

2212 3578 2308 3634 καὶ
2343 3579 2422 3642 εἰς
2456 3577 2517 3630 τὸ
2547 3574 2660 3648 πῦρ
2692 3576 2890 3629 ἐνιέναι
2922 3574 3010 3646 τῷ
3031 3569 3430 3644 θυσιαστηρίῳ,
3458 3571 3556 3640 οὐχ
3584 3569 3673 3622 ἵνα
3703 3568 3803 3638 τὴν

2211 3668 2308 3722 τοῦ
2343 3667 2678 3738 κεκληκότος
2720 3665 2920 3728 αὐτοὺς
2968 3663 3331 3736 παραλύσωσι
3360 3662 3538 3726 δόξαν,
3569 3658 3684 3713 ἀλλ’
3715 3658 3803 3711 ἴνα

2212 3761 2482 3832 τιμῶντες
2505 3765 2617 3824 τοῖς
2641 3759 2945 3831 καθήκουσι
2977 3759 3204 3830 τρόποις
3229 3757 3325 3810 καὶ
3351 3754 3420 3809 τὰ
3446 3753 3545 3825 τῆς
3574 3750 3804 3825 ἱερωσύ-

2215 3870 2313 3924 νης
2341 3852 2516 3924 ἔχοιεν
2539 3851 2696 3925 γέρα.
2715 3853 2778 3905 υί
2799 3851 2856 3904 δὲ
2879 3849 2943 3922 δὴ
2964 3849 3074 3903 τῶν
3100 3848 3243 3904 οὕτω
3265 3847 3476 3901 ππτῶν
3495 3846 3556 3899 οὐ
3579 3861 3805 3916 πεφρον-

2213 3942 2431 4005 τικότες
2448 3942 2906 4013 σπουδασμάτων,
2926 3941 3064 4012 μήτε
3093 3941 3201 4010 μὴν
3217 3939 3358 3993 αίδοῖ
3375 3938 3473 4008 τῆς
3495 3935 3803 4008 ἱερουργίας

2217 4033 2579 4103 προσκρούειν
2624 4033 2743 4104 Θεῷ
2790 4031 3254 4104 παραιτούμενοι,
3304 4027 3527 4092 δικαίως
3585 4029 3652 4082 ἂν
3703 4027 3802 4097 ἤδη

2216 4123 2868 4196 κολάζοιντο.Ἔγκλημα
2921 4125 3029 4195 γὰρ
3075 4124 3138 4178 οὐ
3189 4123 3385 4196 μικρὸν
3435 4122 3519 4194 εἴη
3569 4120 3658 4184 ἂν,
3709 4120 3804 4172 καὶ

2223 4216 2369 4288 μάλα
2413 4217 2658 4284 εἰκότως,
2694 4217 2756 4272 τὸ
2806 4217 3078 4271 ποιεῖσθαι
3130 4221 3263 4290 παρ’
3291 4217 3444 4270 οὐδὲν
3489 4215 3599 4268 τῶν
3651 4211 3801 4282 παρά

2218 4308 2356 4363 Θεοῦ
2383 4309 2775 4381 δεδωρημένων
2815 4311 2914 4383 τὴν
2953 4309 3190 4382 μέθεξιν,
3221 4307 3572 4364 ἀποσείεσθαί
3609 4324 3668 4359 τε
3709 4307 3802 4358 καὶ¹

2220 4401 2342 4455 λίαν
2386 4401 2630 4465 ἀϐούλως
2667 4402 2768 4466 τὰς
2797 4404 2928 4475 παρ’
2958 4403 3124 4457 αὑτοῦ
3157 4404 3341 4474 τιμάς.
3376 4401 3486 4456 Καὶ
3513 4398 3640 4470 γοῦν
3664 4397 3800 4451 ὠνό-

2227 4492 2428 4563 μασταί
2476 4509 2536 4546 τε
2597 4493 2785 4564 γήῖνός
2830 4511 2890 4547 τε
2956 4495 3051 4548 καὶ
3115 4495 3340 4566 βέϐηλος
3395 4496 3424 4547 ὁ
3465 4491 3665 4556 Ἠσαῦ,
3722 4491 3803 4544 ὅτι

2229 4585 2484 4658 βρώσεως
2565 4587 2693 4657 μιᾶς
2756 4588 2988 4642 ἀπέδοτο
3045 4588 3114 4641 τὰ
3180 4587 3523 4657 πρωτοτόκια
3588 4585 3801 4639 ἑαυτοῦ.

545 4674 836 4729 Sciendum
856 4670 1205 4726 Hebrzeorum
1235 4673 1525 4727 editionem
1555 4671 1719 4726 alium
1745 4685 1966 4726 sensum
1993 4670 2109 4725 red-

2221 4678 2430 4733 Οῦκοῦν
2463 4679 2590 4732 ὅταν
2619 4679 2801 4749 λέγει,
2843 4701 2860 4732 ι
2892 4682 3008 4735 Οῦκ
3035 4680 3268 4750 ἀνάψετε
3308 4680 3369 4732 τὸ
3417 4678 3802 4751 θυσιαστήριόν

543 4769 691 4829 dere,
731 4764 838 4820 alio
876 4766 1163 4819 verborum
1191 4773 1470 4820 contextu.
1513 4762 1690 4834 lnquit
1717 4764 1862 4819 enim
1891 4783 1904 4820 :
1937 4763 2046 4819 Vos
2068 4771 2125 4818 et

539 4855 709 4929 829
737 4855 931 4912 Levita!
959 4865 1013 4912 et
1050 4857 1364 4911 sacerdotes
1387 4856 1478 4927 qui
1510 4866 1812 4912 extremum
1838 4857 1892 4911 in
1926 4855 2127 4925 templo

544 4953 718 5006 locum
747 4950 1017 5016 obtinent,
1045 4965 1077 5003 a
1112 4952 1264 5004 vobis
1282 4950 1585 5014 constituti,
1611 4959 1667 5003 ut
1691 4948 1828 5005 osﬁa
1854 4949 2125 5017 claudant,

545 5057 650 5097 non
679 5040 992 5096 accendetis
1015 5040 1188 5095 altare
1249 5056 1425 5095 meum
1480 5041 1671 5109 gratis,
1727 5040 1832 5095 hoc
1854 5053 1960 5106 est,
2011 5041 2133 5096 sine

547 5132 795 5188 mercede
828 5149 933 5187 non
977 5131 1220 5198 servitis,
1254 5132 1368 5186 sive
1398 5132 1701 5187 sacerdotio
1733 5148 1838 5187 non
1877 5133 2128 5206 lintrgiiui-

549 5226 624 5287 ni,
658 5238 782 5278 cum
817 5223 1048 5294 pepulus
1067 5223 1331 5288 decimas,
1353 5231 1408 5278 et
1440 5223 1727 5294 primitias,
1753 5233 1810 5278 et
1830 5225 1967 5278 dona
2001 5241 2128 5293 gra-

546 5318 745 5371 tiarum
775 5314 979 5369 actoria
1011 5315 1166 5370 vobis
1185 5313 1396 5371 otierat.
1423 5315 1687 5383 Quoniam
1713 5331 1843 5386 ergo
1868 5317 2045 5370 divina
2074 5317 2126 5370 in

547 5406 786 5462 minimis
817 5408 1161 5472 numerastis,
1189 5417 1245 5464 et
1270 5409 1476 5478 potiora
1508 5423 1572 5464 ac
1625 5408 1992 5478 praevertenda
2024 5425 2128 5464 non

550 5499 803 5566 curaslis,

2223 4787 2324 4842 μου
2368 4770 2600 4842 δωρεὰν,
2635 4792 2652 4823 ι
2703 4771 2951 4842 βούλεται
2999 4772 3210 4841 δηλοῦν,
3241 4770 3316 4835 ὡς
3363 4772 3460 4824 οὐκ
3506 4772 3804 4843 ἀγέραστον

2227 4862 2328 4934 μὲν
2360 4865 2392 4931 ἡ
2427 4863 2696 4934 ἱερωσύνη
2721 4880 2733 4892 ο
2780 4865 2920 4933 πλὴν
2957 4865 3077 4917 οὐδὲ
3106 4863 3209 4925 ἔξω
3236 4863 3410 4934 δίκης,
3437 4863 3484 4914 εί
3521 4862 3595 4933 μὴ
3641 4881 3807 4934 προσ-

2227 4955 2452 5027 φέροιτό
2487 4973 2570 5019 τις
2599 4957 2758 5026 αὐτῇ,
2793 4956 2915 5010 καθ’
2942 4955 3000 5008 ὃν
3025 4955 3090 5008 ἂν
3119 4955 3384 5026 προσήκοι
3413 4955 3614 5024 τρόπον
3634 4971 3692 5006 τε
3714 4955 3810 5006 καὶ

2229 5047 2622 5115 λόγον.’1στέον
2653 5048 2709 5100 δὲ
2737 5049 2819 5101 ὅτι
2858 5049 2891 5118 ἡ
2920 5048 3028 5100 τῶν
3066 5047 3330 5119 Ἐϐραίων
3361 5046 3571 5111 ἔκδοσις
3616 5048 3810 5118 ἑτέραν

2231 5139 2345 5210 ἔχει
2379 5139 2478 5211 τὴν
2521 5139 2631 5193 τῶν
2662 5139 2952 5210 νοημάτων
2997 5138 3276 5202 ἀπόδοσιν,
3307 5139 3400 5192 καὶ
3429 5138 3598 5210 αὐτὴν
3631 5138 3688 5191 δὲ
3711 5139 3811 5208 τὴν

2230 5233 2328 5302 τῆς
2374 5229 2575 5296 λέξεως
2622 5230 3070 5302 συνθήκην.Ἔφη
3115 5228 3246 5299 γὰρ,
3303 5231 3385 5283 ὅτι
3426 5229 3612 5300 Ὑμεῖς
3656 5245 3714 5280 τε
3760 5229 3810 5279 οἱ

2229 5320 2480 5385 Λευῖται,
2516 5321 2613 5376 καὶ
2646 5321 2754 5393 μὴν
2779 5320 2878 5374 καὶ¹
2902 5322 2951 5374 ei
2980 5321 3166 5392 ἱερεῖς,
3189 5306 3238 5374 οἱ
3267 5322 3366 5392 τὴν
3397 5322 3631 5392 ἐσχάτην
3658 5321 3715 5372 ὲν
3734 5317 3812 5388 τῷ

2231 5413 2344 5483 ναῷ
2380 5411 2532 5478 τάξιν
2560 5410 2794 5482 ἔχοντες,
2821 5410 3144 5481 τεταγμένοι
3175 5428 3235 5464 τε
3264 5412 3400 5482 πρὸς
3430 5411 3582 5483 ὑμῶν
3627 5410 3706 5470 εἰς
3750 5408 3812 5460 τὸ

2233 5503 2436 5558 κλείειν
2461 5503 2564 5566 τὰς
2602 5501 2795 5574 θύρας,
2829 5504 2930 5556 οὐκ
2953 5503 3187 5573 ἀνάψετε
3219 5503 3282 5556 τὸ
3302 5501 3682 5572 θυσιαστήριόν
3709 5516 3810 5571 μου

550 5591 780 5661 δωρεὰν,
790 5591 1090 5660 τουτέστιν,
1107 5593 1207 5647 οὐκ
1219 5592 1414 5664 ἀμισθὶ
1426 5592 1666 5646 ποιεῖσθε
1682 5593 1779 5664 τὴν
1797 5593 2064 5661 δουλείαν,
2079 5596 2248 5666 ἤγουν
2262 5596 2364 5665 τὴν
2379 5594 2704 5666 ἱερωσύνην,
2727 5596 3116 5669 προσαγόντων
3136 5599 3266 5668 ἡμῖν
3283 5595 3392 5650 τῶν
3404 5595 3548 5649 λαῶν
3559 5594 3810 5656 δεκάτας,

549 5685 826 5756 ἀπαρχὰς,
843 5687 1260 5761 εὐχαριστήρια.
1276 5687 1419 5744 Ἀνθ’
1431 5689 1554 5743 ὅτου
1569 5689 1634 5761 δὴ
1645 5684 1738 5743 οὖν
1749 5691 2130 5764 κατημέληται
2146 5691 2216 5746 τὰ
2230 5690 2326 5745 τοῦ
2340 5690 2502 5755 Θεοῦ,
2518 5693 2611 5747 καὶ
2626 5693 2726 5748 οὐκ
2737 5695 2794 5749 έν
2812 5694 3055 5766 φροντίδι
3069 5694 3256 5766 γέγονε
3274 5697 3337 5766 τῇ
3354 5691 3808 5764 προὺργιαιτάτῃ,

622 5841 668 5874 ⁷⁸
692 5841 795 5899 lsa.
828 5843 1088 5912 xxn,2‘2;
1117 5843 1220 5904 Job
1243 5863 1343 5912 xu,
1369 5847 1458 5904 14.
1536 5847 1581 5880 ⁷¹
1615 5847 1754 5905 Osee
1784 5863 1866 5912 tu.
1907 5849 1960 5903 ι.
2035 5849 2082 5881 τ’

2211 5847 2288 5905 br.
2320 5865 2422 5921 xu,
2450 5851 2539 5909 l6.
