4120 6376
442 340 549 397 Ἰθθ

1428 335 1488 392 5.
1528 334 1799 391 CYRIL‘LI
1841 332 2304 392 ALEXANDﬂiNl
2344 329 2662 389 ARCHIEP.
2754 346 2759 350 ‘

3592 344 3699 401 ὅσα

443 451 583 521 quod
636 450 809 507 dicitis
860 466 948 505 vos
984 464 1005 505 .'
1055 448 1237 505 Mensa
1299 447 1508 503 Domini
1560 448 1763 518 polluta
1824 458 1917 514 est,
1973 466 1999 504 ε

2131 445 2384 515 Τράπεζα
2412 446 2633 515 Κυρίου
2662 445 3040 516 ἠλισγημένη
3075 446 3226 513 ἐστὶ,
3258 448 3353 503 καί
3401 449 3470 505 τὰ
3515 451 3699 508 ἐπιτι-

443 546 533 615 qui
555 554 977 611 superponuntur
998 541 1223 610 despecti
1245 550 1365 594 sunt
1392 540 1492 593 cibi
1515 540 1649 608 ejus.

522 634 934 691 Xlli.Meliores
970 643 1026 688 et
1071 633 1242 703 magis
1297 631 1436 701 frugi
1484 632 1600 687 fore
1658 646 1724 685 ex
1753 632 2019 701 [gentibus

443 737 688 788 vocatos,
736 740 897 795 quam
945 723 1230 789 lsraelitas,
1287 722 1415 778 hinc
1472 737 1686 793 quoque
1743 722 2014 793 patefacit.

442 820 594 886 Apud
640 816 758 871 illos
803 816 949 870 enim
1013 815 1277 869 sacriticia
1341 813 1539 868 munda
1569 853 1583 878 ,
1618 822 1673 868 et
1725 813 2016 869 beneolens

440 909 759 978 thymiama,
786 917 843 962 et
883 922 1132 975 magnum
1165 921 1356 960 nomen
1381 906 1587 961 Domini
1620 924 1637 957 ι
1663 906 1730 959 ab
1777 916 1897 960 ortu
1924 921 2011 960 so»

441 1000 508 1055 lis
537 1015 708 1070 usque
723 1001 789 1054 ad
819 1012 1073 1053 occasum
1103 998 1170 1052 τ’.
1199 1016 1217 1049 ι
1259 998 1411 1066 Apud
1461 1013 1555 1049 vos
1586 1006 1763 1052 autem
1807 998 1976 1052 altare
1996 1036 2012 1061 ,

441 1092 638 1162 inquit,
659 1108 763 1147 non
790 1100 872 1145 est
909 1092 964 1145 in
1004 1105 1193 1160 magna
1225 1098 1282 1143 et
1314 1105 1433 1157 qua:
1455 1087 1622 1143 Deum
1673 1090 1864 1143 deceat
1898 1088 2015 1158 glo-

441 1190 543 1242 ria.
576 1187 967 1242 Contaminatis
999 1187 1142 1239 enim
1177 1184 1330 1247 illud,
1355 1183 1621 1238 dicentes:
1658 1202 1675 1234 ι
1702 1183 1882 1237 Mensa
1904 1182 2013 1242 llo;

439 1280 569 1333 mini
598 1276 796 1350 polluta
814 1287 920 1343 est,
941 1287 995 1331 et
1024 1278 1271 1344 despecta
1299 1291 1417 1343 qua:
1450 1283 1577 1329 sunt
1601 1289 1762 1344 super
1797 1289 1911 1329 ea.»
1947 1275 2013 1329 Et

437 1385 537 1441 par
604 1369 819 1440 quidem
875 1380 1023 1433 erat,
1074 1368 1381 1422 sacerdotes
1428 1366 1793 1433 hujuscemodi
1836 1366 2012 1419 verbis

437 1460 731 1525 abstinere,
755 1474 877 1513 cum
904 1458 1031 1528 ipsis
1062 1457 1217 1513 factis
1236 1458 1552 1520 clamarent,
1568 1459 1709 1512 sicut
1732 1458 2007 1523 nimirum,

443 1571 462 1603 ς
497 1552 565 1607 Et
588 1552 850 1621 insipiens
871 1550 1002 1604 dicit
1027 1549 1077 1603 in
1097 1550 1259 1604 corde
1295 1564 1423 1603 suo:
1460 1548 1574 1602 Non
1594 1561 1678 1602 est
1708 1550 1849 1603 Deus
1885 1549 1950 1602 '°.
1986 1569 2003 1601 ι

436 1644 541 1699 Per
569 1658 687 1713 quae
707 1643 850 1697 enim
873 1642 996 1712 quis
1020 1649 1365 1696 contemnere
1386 1639 1648 1707 cernitur,
1680 1641 1892 1695 tametsi
1919 1657 2010 1695 vo-

435 1752 552 1792 cem
585 1754 691 1792 non
713 1736 859 1799 edat,
884 1735 1139 1805 operibus
1166 1746 1345 1787 tamen
1375 1733 1504 1802 ipsis
1537 1745 1592 1788 et
1628 1740 1749 1788 vitae
1772 1735 2010 1803 pravita-

2126 538 2339 607 θέμενά
2364 537 2755 603 ἐξουδένωται
2778 538 3061 609 ,βρώματα
3083 540 3289 595 αὑτοῦ.

2196 633 2293 685 ll".
2335 632 2457 685 Ὅτι
2490 632 2587 685 καὶ
2622 630 2876 701 ἀμείνους
2906 632 3140 698 ἔσονται,
3176 638 3271 687 καὶ
3307 635 3699 703 ἐπιεικέστεροι

2122 723 2231 778 τῶν
2260 722 2319 788 ἐξ
2361 722 2599 795 Ἰσραὴλ,
2630 725 2679 776 οί
2704 723 2765 788 ἐξ
2795 723 2965 779 ὲθνῶν
2984 726 3330 798 κεκλημένοι,
3358 728 3449 781 καὶ
3471 729 3557 783 διὰ
3576 730 3698 784 τούσ-

2122 832 2231 869 των
2256 816 2388 885 ἡμῖν
2421 813 2741 884 καθίστησιν
2768 814 3015 887 ἐναργές.
3048 816 3185 885 Παρ’
3215 816 3442 882 ἐκείνοις
3467 818 3567 889 μὲν
3586 821 3697 892 γὰρ

2123 906 2180 959 αἱ
2208 904 2389 959 θυσίαι
2417 905 2675 977 καθαραὶ,
2698 906 2873 959 καὶτὸ
2897 906 3095 970 εὑῶδες
3120 907 3390 979 θυμίαμα,
3425 912 3518 964 καὶ
3553 912 3699 982 μέγα

2121 995 2181 1047 τὸ
2232 995 2404 1066 ὄνομα
2457 1015 2477 1045 ι
2506 995 2612 1049 ἀπὸ
2654 996 2927 1050 ἀνατολῶν
2956 997 3107 1069 ἡλίου
3138 1001 3231 1053 καλ⁸
3259 1000 3363 1064 ἓως
3398 1002 3635 1074 δυσμῶν.
3671 1025 3690 1056 ι

2122 1085 2256 1157 Παρ’
2281 1086 2408 1155 ὑμῖν
2445 1085 2523 1151 δὲ,
2551 1086 2706 1157 φησι,
2734 1087 2835 1141 οὐκ
2866 1088 2922 1140 ἐν
2950 1088 3076 1161 δόξῃ
3107 1090 3320 1164 μεγάλῃ
3346 1093 3440 1145 καὶ
3470 1096 3537 1165 τῇ
3564 1111 3700 1168 πρε-

2121 1174 2297 1245 πούσῃ
2331 1174 2449 1246 Θεῷ
2499 1175 2558 1228 τὸ
2607 1175 3008 1249 θυσιαστήριον.
3058 1180 3355 1251 Βεϐηλοῦτε
3402 1185 3511 1255 γὰρ
3542 1186 3695 1252 αὐτὸ,

2118 1262 2396 1333 λέγοντες·
2434 1284 2452 1317 ι
2486 1266 2746 1338 Τράπεζα
2787 1268 2993 1339 Κυρίου
3027 1270 3362 1345 ὴλισγημένη
3412 1275 3580 1342 ἐστὶν,
3608 1277 3694 1343 ἔξ-

2117 1355 2456 1427 ουδενωμένα
2485 1356 2542 1410 δὲ
2572 1358 2667 1410 καὶ⁵
2698 1357 2766 1412 τὰ
2791 1361 2878 1412 ἐπ’
2910 1360 3098 1430 αὐτῆς.
3126 1381 3143 1413 ι
3185 1363 3295 1416 Καὶ
3323 1365 3470 1429 είκὺς
3501 1366 3598 1437 μὲν
3621 1369 3695 1440 μὴ

2116 1446 2377 1511 τοιούτοις
2429 1450 2636 1520 ῥήμασι
2685 1450 2982 1522 κεχρῆσθαι
3029 1452 3156 1517 soi);
3204 1454 3401 1527 ἱερέας,
3428 1457 3608 1522 αὐτοῖς
3632 1475 3694 1526 γε

2120 1538 2228 1611 μὴν
2276 1540 2561 1612 πράγμασι
2608 1540 2765 1594 τοῦτο
2817 1541 2967 1614 βοᾷν,
2994 1542 3243 1617 καθάπερ
3281 1547 3471 1617 ἀμέλει
3502 1568 3520 1600 ι
3551 1550 3645 1602 καὶ
3668 1552 3697 1602 ὁ

2116 1630 2306 1702 ἄφρων
2340 1632 2502 1701 φησιν
2539 1635 2596 1686 ὲν
2626 1631 2820 1704 καρδίᾳ
2852 1632 3015 1687 αὐτοῦ
3038 1649 3049 1662 ·
3081 1634 3196 1688 Οὐκ
3225 1634 3340 1690 ἔστι
3373 1635 3523 1702 Θεός.
3559 1658 3579 1691 ι
3607 1636 3697 1691 Δι’

2117 1716 2193 1777 ὧν
2224 1723 2334 1794 γὰρ
2360 1725 2555 1796 ὁρᾶται
2584 1725 2960 1797 καταφρονῶν,
2994 1726 3094 1781 κᾶν
3122 1729 3170 1781 εί
3203 1728 3277 1800 μὴ
3310 1729 3445 1805 λέγῃ
3468 1734 3692 1800 φωναῖς,

437 1838 487 1882 te
525 1839 732 1885 tantum
790 1843 898 1882 non
931 1827 1147 1892 clamat,
1179 1845 1198 1877 ι
1231 1826 1343 1880 Non
1373 1836 1456 1879 est
1495 1825 1654 1882 Deus.
1686 1845 1704 1877 ι
1741 1826 1839 1894 Qui
1866 1828 2005 1881 enim

2112 1815 2227 1870 ἀλλ’
2252 1812 2344 1870 οὖν
2379 1816 2560 1889 ἔργοις
2593 1817 2796 1883 αὐτοῖς,
2828 1818 2924 1871 καὶ
2975 1821 3040 1890 τῇ
3064 1815 3073 1823 ’
3094 1817 3189 1872 τοῦ
3238 1820 3354 1891 βίου
3409 1824 3692 1895 σκαιότητι

437 1922 518 1977 sic
547 1922 732 1976 vivere
763 1929 1185 1987 consueverunt,
1214 1919 1367 1989 quasi
1398 1918 1508 1974 Deo
1540 1936 1643 1974 non
1677 1920 2010 1989 inspectante

433 2014 729 2084 omniaque
776 2012 952 2068 soluto
994 2013 1176 2065 animo
1217 2020 1267 2064 et
1301 2010 1598 2066 insolenter
1632 2021 1797 2080 atque
1853 2010 2011 2081 impie

432 2104 695 2176 agere,bi
729 2105 890 2158 rebus
925 2113 981 2157 et
1034 2099 1193 2157 factis
1243 2101 1376 2173 ipsis
1438 2102 1602 2156 Deum
1660 2113 1875 2172 negant.
1925 2102 2007 2157 Ad

431 2195 579 2251 hunc
608 2195 790 2264 itaque
832 2192 1069 2257 modum,
1122 2195 1213 2261 qui
1250 2205 1438 2249 sancto
1507 2193 1662 2247 altari
1712 2196 2011 2249 veneratio-

432 2306 553 2345 nem
602 2289 676 2343 illi
726 2287 995 2357 imprimis
1044 2303 1337 2358 congruam
1388 2286 1732 2358 debitamque
1793 2304 2011 2344 servare

433 2396 539 2436 non
565 2382 906 2446 studuerunt,
955 2380 1115 2450 831
1168 2395 1262 2448 per
1300 2380 1413 2449 ipsa
1466 2395 1585 2448 quae
1632 2393 2011 2436 consectantur

432 2472 638 2536 dicunt,
668 2488 687 2524 ι
730 2471 910 2526 Marsa
945 2472 1152 2527 Domini
1182 2472 1380 2539 polluta
1405 2483 1508 2526 est.
1543 2490 1562 2524 ι
1605 2470 1881 2543 Fugienda
1926 2486 2009 2529 est

426 2565 636 2636 ergoin
676 2563 1141 2643 liisincuria;qui
1190 2578 1347 2618 secus
1402 2565 1556 2628 faxit,
1593 2566 1781 2621 audire
1839 2566 2006 2623 Deum

431 2655 645 2713 debebit
679 2656 946 2712 dicentem
975 2673 987 2709 :
1024 2674 1041 2706 ι
1065 2654 1179 2709 Non
1210 2664 1293 2710 est
1322 2656 1451 2711 mibi
1475 2655 1720 2711 voluntas
1744 2658 1797 2711 in
1832 2659 2004 2725 vobis,

415 2755 485 2803 «οι
508 2746 835 2803 sacriﬁcium
871 2762 976 2801 non
1003 2747 1295 2818 suspiciam
1325 2762 1390 2802 ex
1438 2748 1690 2803 manibus
1737 2750 1948 2804 vestris.
1980 2768 2000 2801 ι

427 2836 569 2903 Quin
603 2846 785 2892 autem
820 2837 1188 2893 miserrimum
1227 2836 1299 2890 sit
1330 2836 1499 2891 Deum
1551 2836 1854 2908 oﬂendere,
1886 2840 2006 2909 quis

417 2927 516 2985 cui
589 2928 659 2982 ab
728 2928 910 2983 animo
991 2938 1044 2983 et
1104 2937 1285 2983 mente
1345 2924 1484 2981 bene
1542 2937 1666 2994 est,
1724 2929 2005 2985 dubitave-

424 3020 500 3076 rit
533 3020 561 3075 τ

2117 1907 2400 1978 μονονουχὶ
2430 1908 2757 1980 διακέκραγε
2794 1907 2872 1972 τὸ,
2914 1927 2933 1960 ‹
2965 1910 3079 1962 Οὐκ
3102 1909 3216 1963 ἔστι
3246 1910 3397 1976 Θεός.
3429 1931 3448 1964 ι
3486 1914 3549 1967 Ol
3584 1914 3691 1987 γὰρ

2112 1996 2256 2050 οὕτω
2278 1996 2376 2070 ζῇν
2409 1999 2680 2064 εἰωθότες,
2704 2000 2777 2062 ῶς
2808 1998 2884 2070 μὴ
2914 2000 3219 2072 ἐφορῶντος
3246 2002 3403 2070 Θεοῦ,
3432 2004 3609 2059 πάντα
3631 2023 3690 2059 τι

2111 2088 2244 2164 δρᾷν
2269 2092 2738 2163 ἀπεριμερίμνως,
2778 2094 2869 2146 καὶ
2898 2092 3146 2157 ἐκτόπως
3174 2095 3565 2169 ἀνοσιουργεῖν,
3601 2099 3691 2170 ερ-

2111 2201 2229 2253 γοις
2278 2185 2461 2249 αὐτοῖς
2507 2184 2604 2239 καὶ
2651 2186 2972 2256 πράγμασιν
3033 2185 3324 2257 ἀρνοῦνται
3389 2190 3482 2242 τὸν
3531 2190 3687 2250 Θεόν.

2111 2277 2268 2332 Κατά
2316 2278 2503 2332 τοῦτον
2545 2278 2608 2350 δὴ
2642 2273 2735 2332 οὖν
2783 2279 2876 2331 τὸν
2926 2277 3142 2349 τρόπον,
3176 2281 3226 2332 οί
3268 2284 3341 2353 μὴ
3383 2282 3689 2350 ἀποσώζειν

2110 2370 2501 2434 ἐσπουδακότες
2542 2371 2621 2441 τῷ
2655 2371 2793 2442 ἁγίῳ
2821 2372 3191 2446 θυσιαστηρίῳ
3221 2372 3282 2427 τὸ
3328 2374 3409 2427 ὅτι
3456 2374 3687 2445 μάλιστα

2111 2462 2321 2533 πρέπον
2356 2479 2416 2516 τε
2459 2461 2627 2535 αὐτῷ,
2664 2464 2758 2516 καὶ
2799 2464 3147 2536 ὀφειλόμενον
3196 2464 3380 2531 σέϐας,
3417 2465 3484 2521 δι’
3507 2466 3687 2521 αὐτῶν

2109 2544 2184 2606 ὧν
2211 2552 2468 2608 διώκουσι
2500 2553 2718 2624 λέγουσι
2740 2571 2752 2584 ο
2790 2574 2808 2606 ι
2834 2553 3094 2627 Τράπεζα
3119 2557 3325 2627 Κυρίου
3348 2557 3687 2630 ήλισγημένη

2108 2644 2244 2701 ἐστί.
2276 2664 2295 2697 ι
2334 2646 2702 2718 Παραινητέον
2727 2646 2790 2719 δὴ
2818 2642 2909 2700 οὖν
2939 2646 2999 2701 τὸ
3041 2647 3284 2719 ῥᾴθυμον
3333 2649 3391 2702 ἐν
3434 2650 3644 2714 τούτοις

2107 2736 2204 2791 καὶ
2246 2738 2294 2790 εί
2340 2739 2414 2809 μή
2458 2756 2540 2803 τις
2572 2738 2747 2792 ἕλοιτο
2778 2737 2935 2791 τοῦτο
2961 2738 3115 2810 δρᾷν,
3151 2739 3443 2794 ἀκούσεται
3469 2740 3686 2808 πάντως

2106 2828 2240 2882 Θεοῦ
2272 2828 2549 2896 λέγοντος·
2587 2850 2605 2881 ι
2640 2831 2752 2883 Οὐκ
2795 2829 2909 2883 ἔστι
2935 2847 3039 2901 μου
3079 2830 3290 2901 θέλημα
3322 2832 3381 2885 ὲν
3414 2832 3561 2903 ὑμῖν,
3593 2833 3685 2887 καί.

2106 2918 2298 2975 θυσίαν
2327 2922 2390 2976 οὐ
2423 2920 2785 2993 προσδέξομαι
2823 2924 2887 2976 ἐκ
2913 2922 3022 2976 τῶν
3055 2924 3255 2995 χειρῶν
3287 2925 3461 2995 ὑμῶν.
3489 2944 3510 2980 s
3538 2927 3683 2981 Πάν-

2102 3012 2273 3068 δεινον
2303 3012 2362 3067 δὲ
2393 3014 2473 3067 ὅτι
2499 3014 2558 3067 τὸ
2593 3014 2953 3086 προσκρούειν
2986 3013 3125 3086 Θεῷ,
3150 3016 3268 3081 πῶς
3299 3016 3365 3070 ἂν
3396 3017 3682 3073 ὲνδοιάσειέ

2102 3121 2207 3169 τις,
2243 3106 2400 3175 εῐπερ
2427 3106 2575 3159 ἐστὶν
2604 3108 2662 3158 ὲν
2692 3105 2842 3177 καλῷ
2871 3106 2966 3159 καὶ
2995 3105 3086 3160 νοῦ
3121 3107 3216 3160 καὶ
3251 3107 3481 3178 φρενόςς

506 3198 665 3254 Vsus.
706 3200 794 3256 1-5.
828 3200 900 3254 Et
932 3198 1187 3269 dixistisf:
1220 3200 1350 3255 Herc
1370 3217 1435 3256 ex
1462 3202 1736 3273 afﬂictione
1763 3215 1904 3268 sunt,
1948 3211 1997 3256 ct

2176 3195 2288 3249 Kal
2325 3196 2553 3249 εἴπατε.
2602 3196 2800 3251 Ταῦτα
2835 3196 2904 3251 ἐκ
2954 3199 3359 3265 κακοπαθείας
3386 3199 3541 3266 ἐστὶ,
3579 3202 3678 3255 καὶ

424 3294 692 3364 ιτιιιῆιαοί
725 3310 820 3360 ea,
846 3295 973 3347 dicit
1008 3292 1265 3349 Dominus
1307 3297 1652 3364 auinipotcns.
1687 3298 1754 3350 Et
1804 3299 2001 3367 infere-

2100 3285 2456 3355 ἐξεφύσησα
2510 3286 2692 3353 αὐτὰ,
2743 3286 2903 3356 λέγει
2942 3288 3159 3356 Κύριος
3232 3290 3674 3361 παντοκράτωρ.

425 3386 563 3439 satis
604 3393 776 3449 rapta,
816 3397 863 3438 et
878 3386 1102 3451 clauda,
1127 3394 1173 3439 et
1201 3384 1490 3453 inﬁrmata.
1522 3384 1588 3440 Et
1619 3389 1664 3442 si
1697 3388 1995 3443 obtuleritis

2109 3377 2209 3432 Kal
2232 3377 2571 3448 εἰσεφέρετε
2594 3376 2967 3448 ἁρπάγματα,
3008 3379 3107 3433 καὶ
3150 3379 3222 3433 τὰ
3256 3380 3439 3449 χωλὰ,
3477 3382 3680 3437 καὶτὰ

422 3475 768 3544 sacriﬁcium,
800 3477 845 3529 si
871 3477 1151 3545 suscipiam
1176 3493 1237 3531 ea
1273 3479 1337 3531 de
1359 3481 1602 3534 manibus
1632 3484 1843 3547 vestris,
1868 3482 1997 3536 dicit

2109 3471 2532 3539 ἐνοχλούμενα.
2589 3470 2699 3525 Καὶ
2749 3470 2859 3523 ἐὰν
2908 3470 3125 3539 φέρητε
3166 3471 3279 3539 τὴν
3325 3474 3579 3540 θυσίαν,
3624 3476 3679 3529 εί

420 3566 683 3622 Dominus
709 3568 1048 3621 omninotens.

495 3746 635 3802 XIV.
672 3746 888 3801 Acriter
903 3755 1124 3801 accusat
1146 3749 1482 3813 sacerdOtes,
1509 3758 1568 3803 ut
1588 3749 1680 3820 qui
1710 3749 1987 3806 offerenda

421 3838 478 3897 in
524 3835 792 3890 sacriﬁcio
836 3833 1090 3902 lustrare,
1129 3851 1197 3892 an
1236 3838 1431 3894 vitiosa
1472 3838 1605 3905 sint,
1652 3841 1879 3897 minime
1902 3858 1997 3897 ve-

423 3927 546 3991 lint,
574 3937 651 3995 et,
674 3928 789 3982 sine
821 3941 948 3982 cura
983 3937 1146 3998 atque
1175 3930 1568 4000 exploratione,
1596 3932 1808 4001 clauda,
1828 3950 1991 4000 ca~ca,

2097 3558 2503 3629 προσδέξομαι
2563 3560 2715 3614 αὐτὰ
2746 3560 2815 3614 ἐκ
2856 3560 2975 3614 τῶν
3024 3559 3237 3630 χειρῶν
3286 3561 3473 3631 ὑμῶν,
3515 3563 3675 3635 λέγει

2096 3654 2312 3721 Κύριος
2349 3652 2793 3722 παντοκράτωρ.

2168 3747 2264 3798 ΙΔ’.
2307 3746 2621 3818 Κατῃτιᾶτο
2662 3745 2784 3799 λίαν
2827 3747 2954 3811 τοὺς
3006 3747 3349 3819 ίερουργοὺς,
3372 3748 3447 3813 ὡς
3476 3747 3676 3821 ἥκιστα

2099 3833 2197 3905 μὲν
2238 3836 2620 3906 μωμοσκοπεῖν
2670 3835 2955 3905 ἑλομένους
3003 3836 3072 3889 τὰ
3128 3838 3513 3908 προσαγόμενα
3567 3839 3679 3893 τῶν

2097 3921 2372 3992 θυμάτων,
2402 3925 2863 3996 προσδεχομένους
2891 3926 2947 3980 δὲ
2973 3926 3170 3997 μᾶλλον
3203 3927 3465 3999 ῥαθύμως
3496 3947 3556 3983 τε
3584 3933 3676 3984 καὶ

421 4018 668 4072 morbida
711 4016 1016 4082 admittant,
1052 4033 1361 4088 quanquam
1398 4019 1479 4073 lex
1523 4020 1700 4090 aliqua
1750 4023 1996 4091 corporis

2109 4012 2471 4080 ἀϐασανίστως
2498 4017 2666 4088 χωλά,
2698 4017 2788 4069 καὶ
2810 4017 3004 4085 τυφλὰ,
3060 4020 3154 4073 καὶ
3186 4020 3465 4091 ἄρῤωστα,
3498 4022 3674 4076 καίτοι

418 4120 575 4177 parte
625 4124 729 4167 non
773 4125 902 4166 sana
949 4117 1008 4165 et
1039 4111 1246 4181 integra
1313 4111 1463 4179 rejici
1512 4124 1699 4182 aperte
1748 4112 1991 4180 jusserit.

2093 4106 2187 4159 τοῦ
2216 4106 2381 4174 νόμου
2423 4107 2608 4177 σαφῶς
2633 4108 2700 4161 τὰ
2722 4108 2946 4180 ἔμπηρα
2984 4109 3091 4163 τῶν
3120 4110 3373 4182 θυμάτων
3393 4113 3675 4185 ἀπόϐλητα

423 4201 578 4268 Quod
606 4203 650 4257 si
671 4201 812 4256 forte
846 4204 1187 4259 sacerdotum
1228 4204 1499 4274 quispiam
1518 4203 1709 4259 inutile
1737 4222 1902 4274 pecus
1922 4208 1991 4261 ad

2109 4197 2203 4250 isl'v
2240 4198 2508 4251 ποιεῖσθαι
2543 4202 2993 4270 προστεταχότος.
3037 4202 3099 4254 El
3129 4200 3184 4254 δὲ
3217 4201 3278 4272 δή
3321 4202 3422 4256 πού
3447 4222 3530 4269 τις
3566 4205 3675 4259 τῶν

418 4294 755 4349 sacriﬁcium
791 4292 1084 4348 oﬂ’erentes
1115 4294 1295 4348 studio
1334 4296 1613 4349 servandae
1652 4296 1786 4365 legis
1815 4298 1992 4368 repel-

2098 4288 2302 4363 ίερέωνθ
2346 4290 2628 4353 ἀπεσόϐει,
2679 4291 2773 4345 τοῦ
2824 4292 2990 4361 νόμου
3045 4294 3425 4364 ἀντεχόμενος,
3468 4295 3558 4351 τὸν
3596 4300 3675 4362 είς

430 4384 588 4451 leret,
652 4401 758 4440 non
811 4384 1185 4448 discedebant,
1241 4384 1609 4453 captivitatem
1666 4387 1992 4443 omnimodis

2109 4381 2287 4435 iusiav
2337 4382 2687 4454 προσάγοντα
2725 4384 2784 4436 τὸ
2813 4385 3059 4455 ἀχρεῖον,
3103 4386 3370 4454 ἐπέμενον
3413 4387 3477 4449 οί,
3506 4405 3673 4458 προσ-

420 4478 840 4544 prtetendentes,
861 4486 917 4530 et
936 4476 1195 4530 audacter
1220 4475 1507 4530 admodum
1526 4474 1853 4532 aiiirmantes
1881 4493 1989 4533 non

2109 4462 2340 4541 ἱγοντες,
2354 4475 2464 4529 ἀνω
2489 4492 2547 4528 τε
2568 4476 2663 4528 καὶ
2685 4475 2833 4529 κάτω
2850 4475 2946 4545 τὴν
2964 4476 3338 4547 αἰχμαλωσίαν
3357 4479 3671 4549 προτείνον-

416 4578 537 4618 esse
566 4563 737 4617 malas
759 4566 1029 4626 victimas,
1060 4563 1153 4618 sed
1170 4578 1236 4617 ex
1268 4564 1461 4621 itinere
1487 4566 1558 4619 ita
1594 4563 1842 4630 amictae,
1864 4582 1987 4623 cum

2109 4526 2206 4627 ςὲς,
2244 4526 2825 4637 aliasalias—va}!
2850 4526 2945 4621 ιιι
2969 4526 3451 4637 ’μέἱᾴζὲᾉιᾩιέεῶᾅ
3492 4570 3672 4638 φαῦλα

417 4655 743 4726 ellebylone
784 4656 840 4710 in
882 4653 1136 4709 Judazam
1200 4664 1623 4711 reverterentur.
1678 4655 1989 4714 Offerebam

2109 4655 2198 4725 μὲν
2224 4656 2324 4709 οὐκ
2376 4650 2539 4716 εἶναι.
2600 4657 2983 4729 κακοπαθῆσαι
3031 4659 3088 4712 δὲ
3132 4659 3332 4729 μᾶλλον
3382 4659 3524 4713 κατὰ
3574 4660 3672 4732 τὴν

414 4763 581 4817 porro
603 4756 660 4803 et
694 4757 869 4818 rapta,
900 4746 1186 4814 etclauda,
1216 4756 1273 4802 et
1292 4746 1514 4802 debilia.
1545 4747 1698 4803 Ferm
1719 4750 1987 4819 siquidem

2109 4746 2232 4811 Βδὸν,
2266 4746 2701 4801 ὑπονοστούντων
2755 4747 2935 4800 αὐτῶν
2983 4748 3048 4800 ὲκ
3103 4748 3201 4818 τῆς
3240 4747 3558 4812 Βαϐυλῶνος
3591 4751 3672 4812 είς

408 4839 779 4906 incursantes,
828 4837 1097 4899 interdum
1130 4839 1384 4908 gregibus
1427 4850 1627 4894 nocent
1658 4857 1674 4896 :
1711 4855 1805 4896 seu
1852 4840 1990 4897 l'orte

2109 4838 2194 4909 τὴν
2246 4838 2526 4893 Ἰουδαίαν.
2567 4837 2974 4911 Προσεκόμιζον
3001 4840 3055 4893 δὲ
3088 4839 3183 4893 καὶ
3207 4841 3275 4893 τὰ
3301 4841 3665 4911 ἁρπάγματα.

403 4927 872 4997 quidrapuerint,
893 4926 1087 4981 deinde
1111 4942 1274 4983 cursu
1308 4937 1496 4997 pastor
1527 4930 1825 4997 insecutus,
1872 4931 1987 4988 fau-

2109 4934 2188 4986 ιαὶ
2208 4932 2278 4987 τὰ
2304 4933 2472 5004 χωλά.
2532 4935 2625 4987 καὶ
2671 4934 2739 4988 τὰ
2793 4932 3177 5004 ὲνοχλούμενα.
3210 4933 3384 5005 Θῆρες
3422 4934 3521 5005 μὲν
3558 4932 3668 5003 γὰρ

413 5016 568 5074 cibus
588 5015 1095 5085 earumeripuerit:
1127 5024 1182 5070 et
1204 5032 1396 5071 canum
1453 5018 1741 5075 latratibus
1779 5031 1986 5092 perter-

2109 5024 2335 5086 επιόντες
2365 5024 2475 5079 ἔσθ’
2497 5026 2585 5079 ὅτε
2642 5025 3022 5079 κατασίνονται
3054 5027 3171 5088 ταῖς
3200 5025 3452 5093 ἀγέλαις,
3488 5025 3592 5079 κᾶν
3620 5025 3673 5078 εἴ

410 5106 690 5175 refecerit,
725 5116 817 5161 aut
846 5108 1042 5177 pedum
1078 5107 1130 5160 in
1169 5122 1263 5161 eas
1313 5108 1624 5178 proiecerit.
1678 5109 1805 5166 Haec
1836 5118 1982 5177 sunt,

2109 5132 2144 5169 ιι
2175 5115 2334 5185 τυχὸν
2363 5116 2689 5186 ἀρπάσειαν,
2730 5110 2849 5168 εἶτα
2885 5113 3108 5186 δραμὼν
3137 5116 3165 5169 ὁ
3198 5116 3402 5187 ποιμὴν
3457 5116 3669 5171 ὲκσπά-

409 5198 624 5269 opinor,
666 5206 844 5271 rapta,
869 5208 926 5253 et
947 5198 1063 5253 inec
1082 5198 1245 5252 simul
1276 5214 1400 5255 cum
1440 5200 1668 5268 claudis,
1699 5217 1820 5272 qua:
1860 5220 1982 5259 cum

2109 5223 2204 5260 ςειε
2232 5205 2337 5259 τῶν
2370 5207 2596 5262 ὀδόντων
2648 5206 2710 5261 τὸ
2762 5207 3152 5279 ἡρπασμένον,
3203 5207 3235 5279 ἢ
3287 5208 3669 5280 καταπτοήσας

400 5291 621 5348 caeteris
645 5292 793 5361 pasci
822 5290 1054 5360 amplius
1071 5306 1176 5345 non
1201 5300 1439 5362 possent,
1459 5290 1777 5350 offerebant.
1803 5293 1980 5362 Etiam

2109 5300 2266 5354 ιυνῶν
2292 5300 2539 5364 ὑλακαῖς,
2585 5299 2617 5369 ἢ
2656 5298 2972 5369 καλαύροπα
3026 5296 3222 5369 βαλών.
3255 5298 3447 5363 Τοῦτο,
3476 5295 3665 5371 οἶμαι,

410 5379 679 5437 inﬁrmata
728 5379 1005 5445 dicabant,
1056 5374 1158 5436 huc
1180 5392 1287 5447 est,
1328 5382 1440 5453 jam
1467 5383 1805 5451 moribunda,
1859 5385 1981 5439 uni-

2109 5391 2148 5444 τὸ
2182 5391 2472 5464 ἅρπαγμα,
2496 5390 2680 5443 ταῦπα
2715 5390 2992 5461 προσῆγον
3026 5387 3160 5460 ὁμοῦ
3191 5390 3303 5450 τοῖς
3346 5389 3473 5452 τοὺς
3500 5389 3665 5453 πόδας

2085 5479 2500 5552 λελωϐημένοις,
2546 5480 2640 5533 καὶ
2666 5480 2765 5534 οὐκ
2797 5480 2877 5533 ἔτι
2902 5482 3014 5544 τοῖς
3042 5479 3219 5545 ἀλλοις
3259 5482 3663 5554 συγκατανέμε·

2086 5571 2210 5627 σθαι
2237 5571 2573 5643 δυναμένοις.
2606 5570 2889 5644 Ποοσῆγον
2918 5572 2973 5627 δὲ
3020 5573 3112 5627 καὶ
3145 5572 3214 5626 τὰ
3262 5571 3663 5645 ἐνοχλούμεναξ,

408 5485 692 5537 versorum
733 5472 901 5528 Deum
950 5472 1340 5530 dedecorantes
1385 5474 1566 5546 potius
1604 5492 1767 5549 quam
1814 5476 1983 5533 bono-

407 5574 611 5620 rantes.
646 5560 842 5619 Verum
884 5580 905 5616 ι
941 5561 1222 5621 exsutﬂavi
1260 5580 1345 5632 ea,
1374 5566 1526 5639 [dicit
1569 5568 1830 5628 Dominus
1859 5585 1977 5627 om-

475 5737 523 5775 "
555 5739 693 5812 Psal,
726 5757 872 5812 XLII,
903 5746 952 5799 1.
1029 5744 1074 5776 ⁸⁸
1098 5742 1236 5799 Psal.
1272 5758 1387 5811 xm,
1423 5744 1470 5799 ί.
