4120 6376
402 319 507 375 :05

1400 317 1461 371 S.
1506 314 1783 372 CYRILLI
1837 315 2308 373 ALEXANDRINI
2348 315 2667 372 ARCIIIEP.

3549 309 3653 365 τίοῑ

402 432 705 490 divinitatis
748 446 945 485 nomen
984 428 1123 499 apud
1153 442 1246 483 eos
1283 442 1559 495 magnum,
1604 419 1966 481 venerandu’m

2075 426 2247 497 ὄνομα
2286 426 2417 498 παρ’
2446 428 2649 488 αὐτοῖς,
2683 425 2875 477 σεπτόν
2896 441 2951 476 τι
3004 422 3095 477 καὶ
3153 423 3499 492 ἁξιάγαστον.
3527 429 3653 481 Δια-

403 539 458 580 ct
482 523 858 580 admirandum
890 535 1013 575 esse
1034 517 1345 575 conﬁrmat.
1380 518 1491 575 Hoc
1526 518 1666 575 idem
1714 533 1812 573 nos
1837 532 1975 586 quo-

404 633 532 688 que,
557 626 610 670 et
636 628 741 669 non
766 612 909 667 aliud
942 612 1260 667 sentiamus.

474 703 718 772 Suscepit
744 712 921 755 autem
946 709 1001 755 et
1032 699 1295 755 Dominus
1347 711 1527 757 noster
1549 700 1705 757 Jesus
1728 700 2001 756 Christus'

406 795 780 850 centurionem
810 794 1174 858 idololatrsm,
1198 793 1439 862 dixitque
1458 793 1677 861 insuper
1706 813 1719 849 :
1757 813 1775 845 ι
1803 794 1977 849 Amen

405 890 526 942 dico
563 888 732 949 vobis,
754 902 857 942 non
886 887 1065 941 inveni
1098 896 1303 940 tantam
1349 888 1508 957 fidem
1551 890 1602 940 in
1646 885 1813 941 Israel
1839 885 1906 939 ”.
1950 904 1971 938 ι

402 979 722 1035 Maledictus
749 995 881 1048 ergo
926 979 1021 1048 qui
1073 978 1183 1035 Deo
1215 988 1529 1049 corruptum
1573 992 1670 1032 seu
1721 978 1972 1033 vitiosum

298 1092 313 1145 ν,
404 1070 700 1136 sacrificat,
750 1086 869 1125 cum
914 1070 1084 1140 possit
1128 1070 1278 1124 illum
1324 1073 1595 1125 honorare
1630 1070 1973 1137 melioribus,

399 1162 666 1234 siquidem
692 1162 744 1216 in
776 1162 1030 1231 gregibus
1058 1162 1198 1228 suis,
1225 1172 1284 1216 ιιι
1311 1161 1467 1217 modo
1502 1163 1701 1217 dictum
1735 1173 1839 1231 est,
1869 1163 1972 1216 im-

399 1253 727 1308 maculatum
780 1260 836 1304 et
886 1253 1185 1304 masculum
1243 1251 1426 1304 habet.
1466 1251 1868 1305 Observandum
1906 1249 1974 1303 ad

397 1344 722 1399 sacrificium
764 1342 871 1410 peti
893 1341 1217 1406 masculum,
1250 1341 1377 1397 licet
1424 1342 1506 1395 lex
1546 1342 1655 1396 Deo
1690 1341 1974 1395 immolare

397 1437 558 1490 ctiam
596 1435 854 1489 feminam
894 1434 1217 1503 praeceperit
1246 1433 1313 1490 ⁸⁸.
1350 1433 1590 1489 Dicimus
1618 1433 1779 1504 igitur
1808 1433 1973 1487 sacri-

398 1528 520 1588 ficla
552 1542 615 1582 ex
652 1537 794 1591 voto,
833 1527 936 1581 hoc
966 1537 1071 1593 est,
1114 1540 1260 1581 utere
1292 1526 1619 1591 voluntaria,
1657 1526 1973 1580 immacula-

399 1632 510 1675 tsm
545 1632 597 1675 et
621 1620 915 1677 tuasculam
948 1622 1224 1675 victimam
1254 1620 1581 1689 postulasse,
1621 1630 1675 1674 et
1712 1630 1874 1690 typus
1903 1622 1970 1673 ad

395 1712 711 1768 offerentem
744 1714 1077 1783 pertinebat,
1112 1714 1509 1783 quodammodo
1547 1716 1801 1771 hortante
1828 1716 1968 1785 lege,

2083 518 2394 589 κεισὼμεθα
2422 519 2529 589 γὰρ
2554 519 2651 588 οὐχ
2685 517 2884 588 ἑτέρως
2906 519 3083 589 ἡμεῖς,
3122 517 3155 588 ἢ
3190 517 3330 570 κατὰ
3349 517 3537 572 τοῦτον
3563 518 3659 572 τὸν
3749 550 3757 558 -

2078 611 2295 665 τρόπον.

2160 702 2475 773 ’Δπεδέχετο
2494 702 2553 755 δὲ
2582 701 2675 755 καὶ
2700 702 2728 753 ὁ
2765 700 2969 772 Κύριος
2994 699 3154 772 ἡμῶν
3187 699 3393 773 Ἰησοῦς
3420 700 3655 771 Χριστὸς

2077 794 2467 864 ιίδωλολάτρην
2523 795 2655 847 ὄντα
2704 792 2797 848 τὸν
2858 793 3278 864 ἑκατόνταρχον,
3336 795 3431 847 καὶ
3466 794 3530 864 δὴ
3560 794 3658 847 καὶ

2076 887 2333 959 ἔπρασκεν·
2363 906 2381 938 s
2430 887 2603 957 Ἀμὴν
2651 884 2795 955 λέγω
2825 886 2975 955 ὑμῖν,
3004 884 3134 956 παρ’
3164 884 3337 938 οὐδενὶ
3385 884 3655 956 τοσαύτην

2076 980 2259 1033 πίστιν
2278 971 2437 1050 εῦρον
2470 980 2529 1031 ὲν
2555 978 2634 1049 τῷ
2682 977 2921 1049 Ἰσραήλ.
2948 995 2969 1029 ι
3009 976 3311 1049 Ἐπάρατος
3342 971 3435 1030 οῦν
3465 975 3655 1031 όθύων

2074 1071 2194 1142 Θεῷ
2218 1070 2315 1125 καὶ
2334 1070 2805 1143 κατεφθαρμένον,
2847 1070 3024 1123 καίτοι
3056 1069 3147 1123 τὸν
3181 1068 3344 1123 αὐτὸν
3372 1070 3485 1131 τοῖς
3503 1068 3655 1140 ἀμεί-

2074 1179 2191 1216 νοσι
2243 1162 2412 1233 τιμᾷν
2472 1161 2573 1231 (l),
2627 1161 2785 1231 είπερ
2829 1162 2886 1213 ὲν
2918 1160 3189 1231 ποιμνίοις
3220 1160 3354 1231 ἔχει,
3402 1159 3655 1230 καθάπερ

2072 1252 2211 1323 εφην
2242 1251 2465 1323 ἀρτίως,
2492 1253 2551 1305 τὸ
2577 1251 2810 1322 ἄμωμόν
2846 1268 2905 1304 τε
2945 1252 3039 1304 καὶ
3073 1251 3260 1322 ἄρσεν.
3310 1249 3656 1320 Σημειωτέον

2071 1342 2146 1407 δὲ,
2179 1343 2261 1397 ὅτι
2287 1342 2347 1396 τὸ
2385 1343 2551 1412 ἄρσεν
2573 1344 2652 1406 είς
2687 1342 2879 1396 θυσίαν
2932 1344 3106 1406 αἰτεῖ,
3151 1342 3327 1396 καίτοι
3353 1341 3653 1413 τοῦ’νὸμον

2073 1434 2503 1505 προστεταχότος
2555 1433 2848 1487 καταθύειν
2899 1432 3017 1505 Θεῷ
3079 1435 3175 1488 καὶ
3224 1421 3413 1506 θήλεα.
3472 1434 3653 1505 Φαμὲν

2072 1521 2185 1590 οὖν,
2214 1526 2296 1579 ὅτι
2322 1527 2378 1577 at
2408 1524 2527 1578 κατ’
2555 1524 2719 1595 εὐχὴν
2769 1524 2971 1591 θυσίαι,
3013 1524 3283 1589 τουτέστι,
3307 1523 3651 1589 τὰ.ὲκούσια,

2071 1617 2132 1669 τὸ
2162 1616 2391 1688 ἄμωμόν
2414 1633 2475 1670 τε
2509 1617 2602 1669 καὶ
2640 1617 2806 1687 ἄρσεν
2828 1615 3075 1687 ἐδέχοντο
3095 1614 3265 1686 θῦμα,
3291 1614 3385 1668 καὶ
3407 1610 3475 1686 ἦν
3506 1617 3535 1669 ό
3563 1616 3653 1668 τύ-

2075 1728 2173 1775 πος
2203 1713 2283 1774 είς
2342 1708 2433 1763 τὸν
2489 1708 2851 1781 προσάγοντα,
2914 1709 3195 1779 μονονουχὶ
3235 1708 3655 1779 παρεγγυῶντος

396 1808 462 1862 ad
490 1808 655 1863 Deum
681 1809 926 1863 volentes
955 1808 1007 1863 in
1036 1808 1256 1862 odorem
1307 1808 1597 1863 suavitatis
1647 1811 1963 1874 ascendere,

2072 1800 2167 1853 τοῦ
2189 1800 2376 1871 νόμου,
2402 1800 2483 1852 ὅτι
2503 1799 2609 1871 χρὴ
2629 1800 2754 1863 τοὺς
2780 1801 2859 1862 εἰς
2879 1798 3056 1870 ὀσμὴν
3085 1799 3312 1860 εὐωδίας
3341 1798 3654 1854 ἀναϐαίνειν

396 1898 580 1953 viriles
628 1907 682 1952 et
712 1897 879 1951 animi
930 1897 1437 1966 perturbationibus
1496 1896 1753 1966 majores,
1802 1907 1968 1965 atque

398 1992 465 2043 al)
494 1990 639 2044 omni
678 1989 1106 2059 reprehensione
1142 1989 1507 2043 alienissimos
1540 2004 1662 2044 esse
1687 1999 1964 2058 oportere.

402 2080 681 2136 Sacriﬁcia
734 2089 911 2134 autem
952 2095 1052 2151 pro
1098 2079 1358 2149 peccatis,
1390 2080 1458 2134 de
1489 2080 1644 2149 agnis
1691 2090 1746 2134 et
1798 2079 1968 2134 haedis

394 2172 651 2229 feminam
685 2172 1049 2228 admittebant
1074 2172 1253 2241 plane.
1294 2174 1468 2241 Atque
1508 2170 1622 2225 haec
1670 2171 1834 2225 etiam
1868 2172 1967 2224 im-

395 2266 707 2321 becillitatis
734 2264 1078 2323 oﬂ'erentium
1119 2263 1413 2320 insinuatio
1435 2263 1680 2333 quaedam
1708 2272 1844 2318 erat.
1880 2262 1970 2316 ln-

393 2359 562 2414 lirntze
592 2359 734 2413 enim
781 2369 912 2411 sunt
946 2356 1180 2420 feminae,
1228 2365 1282 2410 et
1309 2354 1548 2410 maribus
1592 2354 1786 2411 robore
1828 2354 1967 2409 infe—

393 2453 585 2505 riores.
615 2448 787 2505 Omne
813 2460 991 2503 autem
1018 2458 1321 2517 peccaturo,
1356 2455 1533 2502 mente
1558 2445 1830 2501 infirmata
1867 2462 1966 2502 nec

375 2541 619 2611 amplius
646 2539 934 2610 spirituale
966 2542 1127 2596 robur
1158 2549 1517 2595 conservante
1540 2538 1963 2599 econsciscitur.

1048 2763 1199 2819 CAP.
1240 2762 1302 2817 ll.

459 2898 625 2954 Vens.
668 2900 719 2963 1,
758 2899 814 2952 2.
850 2900 916 2950 Et
944 2914 1081 2952 nunc
1115 2898 1424 2952 mandatum
1455 2899 1553 2954 hoc
1587 2899 1656 2955 ad
1688 2917 1793 2966 vos,
1816 2916 1845 2953 ο
1879 2917 1965 2955 sa-

389 2993 623 3045 cerdotes
650 3003 669 3042 :
703 2987 763 3044 Si
806 3006 907 3042 non
945 2989 1253 3057 audieritis,
1292 3001 1339 3044 et
1376 2992 1422 3044 si
1454 3007 1557 3045 non
1591 2992 1868 3059 posueritis
1908 2992 1963 3047 in

390 3106 479 3143 eor
507 3103 751 3151 restrain,
789 3096 844 3140 ut
873 3086 1006 3139 detis
1040 3088 1263 3156 gloriam
1290 3086 1491 3141 nomini
1521 3102 1654 3150 meo,
1687 3088 1816 3141 dicit
1850 3088 1955 3141 Do-

2068 1892 2350 1957 ἐθέλοντας
2380 1892 2458 1962 τῷ
2486 1891 2627 1963 Θεῷ,
2674 1891 2952 1963 ἀνδρείους
3019 1909 3067 1944 cs
3120 1886 3294 1954 εἶναι,
3330 1893 3423 1945 καὶ
3465 1891 3653 1946 παθῶν

2065 1987 2341 2057 ἀμείνους,
2366 1988 2461 2041 καὶ
2490 1986 2683 2058 μώμου
2714 1986 2915 2050 παντὸς
2934 1986 3229 2041 ἀπωτάτω.
3251 1988 3317 2039 Δί
3342 1986 3399 2040 δέ
3422 2004 3485 2055 γε
3514 1988 3653 2059 ὑπὲρ

2068 2080 2352 2151 ἁμαρτιῶν
2408 2081 2815 2153 προσαγόμεναι
2872 2080 3072 2146 θυσίαι,
3124 2080 3185 2134 τό
3248 2080 3383 2151 θῆλυ
3433 2082 3653 2143 πάντως

2067 2170 2311 2241 ἐδέχοντο
2344 2172 2453 2224 ἀπὸ
2477 2170 2586 2223 τῶν
2633 2172 2844 2243 ἁμνῶν,
2880 2172 2973 2225 καὶ
3017 2171 3127 2225 ἀπὸ
3173 2171 3280 2225 τῶν
3305 2172 3531 2243 ἐρίφων.
3561 2173 3653 2225 Αί-

2068 2279 2240 2333 νιγμα
2267 2262 2322 2315 δὲ
2357 2264 2451 2316 καὶ
2492 2264 2648 2317 τοῦτο
2678 2264 2776 2335 τῆς
2804 2264 2914 2320 τῶν
2950 2264 3338 2335 προσαγόντων
3372 2264 3651 2330 ἀσθενείας
3759 2298 3774 2311 ι

2066 2349 2154 2425 ἦν.
2199 2354 2430 2409 Ἀναλκι
2479 2355 2589 2427 γὰρ
2621 2355 2681 2409 τὸ
2735 2354 2868 2425 θῆλυ
2896 2399 2909 2421 ,
2976 2355 3071 2408 καὶ
3115 2354 3226 2408 τῶν
3290 2354 3535 2426 ἀρσένων
3577 2355 3654 2418 ὡς

2068 2449 2125 2500 ὲν
2158 2445 2301 2518 ίσχύῖ
2337 2446 2609 2517 δεύτερον.
2650 2447 2920 2517 Ἀμαρτία
2944 2448 2999 2500 δὲ
3022 2449 3173 2500 πᾶσα
3198 2444 3373 2518 δρῷτο
3394 2445 3461 2500 ἂν
3489 2446 3655 2517 ἠσθε-

2069 2539 2294 2607 νηκότος
2317 2538 2410 2591 τοῦ
2438 2537 2552 2605 νοῦ,
2583 2540 2677 2591 καὶ
2705 2536 2826 2591 οὔτε
2854 2555 2957 2591 που
2986 2538 3187 2607 μᾶλλον
3224 2527 3323 2608 τῆν
3361 2554 3657 2613 πνευματιέ

2069 2629 2171 2699 κὴν
2213 2629 2477 2695 σώζοντος
2506 2628 2829 2700 εὐρωστίαν.

2676 2763 2899 2817 ΚΕΦΑΛ
2913 2805 2925 2817 .
2976 2762 3049 2818 Β’.

2139 2900 2249 2954 Καὶ
2280 2898 2397 2953 νῦν
2452 2899 2673 2967 ἐντολὴ
2727 2900 2878 2967 αὕτη
2937 2900 3084 2969 πρὸς
3124 2896 3301 2969 ὑμᾶς,
3356 2901 3408 2952 σί
3457 2898 3649 2967 ιερεῖς·

2083 2992 2218 3046 Ἐὰν
2238 2991 2323 3062 μὴ
2354 2993 2678 3080 ἀκούσητε,
2744 2992 2844 3045 καὶ
2885 2993 2995 3046 ἐὰν
3048 2991 3134 3063 μὴ
3189 2989 3378 3060 θῆσθε
3421 2993 3509 3057 είς
3540 2990 3655 3058 τὴν

2070 3084 2324 3155 καρδίαν
2348 3085 2537 3157 ὑμῶν.
2556 3084 2662 3139 τοῦ
2689 3084 2899 3140 δοῦναι
2932 3086 3122 3151 δόξαν
3148 3084 3228 3151 τῷ
3250 3086 3495 3154 ὀνόματί
3511 3101 3651 3154 μου.

389 3182 563 3235 minus
591 3182 943 3248 omnipotens,
975 3178 1185 3232 mittam
1216 3194 1371 3248 super
1403 3194 1489 3234 vos
1518 3179 1960 3245 maledictionem,

2069 3179 2227 3249 λέγει
2284 3179 2501 3247 Κύριος
2534 3178 2977 3247 παντοκράτωρ,
3020 3178 3117 3233 καὶ
3147 3175 3534 3244 ἐξαποστελῶ
3559 3178 3651 3245 ἐφ’

387 3285 436 3327 et
454 3273 761 3328 maledicam
809 3271 1216 3326 benedictionem
1262 3284 1512 3339 vestram,
1548 3283 1597 3326 et
1649 3272 1963 3327 maledicam

388 3369 578 3435 ipsum.
641 3363 708 3419 Et
759 3364 1025 3433 dissipabo
1058 3365 1465 3419 benedictionem
1505 3377 1753 3433 vestram,
1782 3379 1830 3419 et
1860 3382 1964 3419 non

389 3461 485 3513 erit
518 3462 570 3513 in
615 3458 779 3523 vobis,
824 3459 951 3527 quia
993 3475 1079 3513 vos
1124 3476 1226 3514 non
1273 3460 1465 3529 ponitis
1522 3460 1576 3513 in
1599 3476 1689 3513 eor
1714 3471 1962 3517 vestrum.

462 3726 601 3782 XVI.
642 3724 842 3795 Culpas
867 3720 1130 3780 hactenus
1158 3723 1427 3780 admissas
1460 3742 1525 3779 ex
1556 3725 1801 3783 bonitate
1826 3740 1961 3781 con-

390 3821 573 3881 donat,
625 3828 679 3871 et
720 3816 1156 3874 misericordiam
1200 3816 1407 3881 tribuit,
1444 3828 1759 3885 peccatores
1810 3819 1962 3887 quasi

392 3914 459 3965 ad
491 3912 800 3978 primaevam
832 3911 1084 3964 virtutem
1128 3923 1408 3964 revocans.
1449 3909 1563 3966 Hoc
1588 3924 1713 3966 eum
1754 3911 1963 3981 signifi-

389 4019 515 4059 care
538 4016 758 4067 censeo,
793 4003 921 4055 dum
946 4000 1245 4056 clementer
1273 4003 1350 4057 ait
1379 4021 1392 4055 :
1420 4020 1437 4052 ι
1480 4002 1546 4057 Et
1572 4017 1715 4058 nunc
1744 4002 1965 4057 manda-

388 4103 502 4146 tum
526 4093 625 4146 hoc
651 4092 717 4145 ad
751 4106 865 4156 vos,
884 4106 918 4145 ο
944 4091 1276 4149 sacerdotes.
1312 4111 1331 4146 ι
1365 4090 1602 4148 Minatur
1620 4103 1798 4149 autem
1823 4095 1967 4150 dein-

389 4199 535 4250 ('eps,
570 4184 670 4237 nisi
712 4183 895 4240 facere
956 4185 1124 4241 velint
1167 4201 1287 4255 qua:
1338 4200 1435 4240 eos
1486 4184 1666 4242 facere
1714 4197 1965 4243 constare

386 4283 622 4345 oportet,
652 4275 1076 4347 divinorumque
1111 4275 1460 4332 oraculorum
1482 4291 1700 4333 sensum
1732 4280 1783 4332 in
1811 4296 1963 4333 men-

391 4378 499 4421 tem
548 4378 603 4421 et
643 4383 739 4422 cor
798 4368 1115 4433 immittere,
1166 4367 1335 4440 834
1374 4380 1429 4423 et
1470 4368 1663 4437 seipsis
1710 4370 1965 4427 meliores

388 4459 697 4524 evaserint,
725 4466 779 4514 et
816 4457 913 4515 Dei
959 4457 1185 4529 gloriam
1219 4459 1600 4529 quasiverint,
1636 4460 1807 4515 altare
1857 4476 1962 4516 non

2064 3263 2218 3337 ὑμᾶς
2250 3267 2365 3335 τὴν
2388 3267 2673 3336 κατάραν,
2713 3269 2813 3321 καὶ
2845 3267 3359 3338 ἐπικαταρὰσομςιι
3408 3268 3524 3336 τὴν
3548 3270 3649 3322 εὑ-

2063 3363 2277 3430 λογίαν
2306 3361 2492 3430 ὑμῶν,
2547 3363 2646 3415 καὶ
2689 3360 3099 3432 καταράσομαι
3143 3362 3355 3428 αὑτήν.
3388 3360 3495 3415 Kal
3522 3360 3649 3414 δια-

2064 3453 2344 3508 σκεδάσω
2370 3455 2488 3522 τὴν
2531 3456 2819 3526 εὐλογίαν
2842 3455 3030 3524 ὑμῶν,
3062 3455 3164 3509 καί
3217 3456 3328 3509 οὐκ
3366 3454 3535 3509 ἔσται
3584 3456 3655 3507 ἐν

2064 3545 2243 3614 ὑμῖν,
2294 3544 2384 3600 ὄτι
2446 3547 2613 3617 ὑμεῖς
2671 3550 2743 3602 οὐ
2797 3548 3033 3602 τίθεσθε
3103 3550 3190 3615 εις
3238 3548 3354 3616 τὴν
3400 3546 3656 3617 καρδίαν

2064 3636 2254 3707 ὑμῶν.

2136 3730 2253 3796 IG’.
2282 3730 2521 3804 Παρίησι
2556 3731 2870 3801 φιλαγάθως
2899 3732 2997 3796 τὰς
3037 3731 3133 3785 ἐπὶ
3156 3733 3270 3795 τοῖς
3298 3729 3403 3802 ἤδη
3440 3730 3653 3800 φθάσα-

2067 3836 2153 3873 σιν
2178 3822 2380 3887 αἰτίας,
2414 3826 2508 3877 καὶ
2555 3824 2709 3894 νέμει
2758 3822 2849 3877 τὸν
2893 3822 3064 3885 ἔλεον,
3119 3824 3199 3885 εἰς
3253 3822 3431 3894 ἀρχὰς
3462 3821 3653 3892 ὥσπερ

2065 3915 2364 3979 ἐπιεικείας
2401 3914 2676 3979 ἀνατιθεὶς
2706 3916 2832 3979 τοὺς
2893 3916 3307 3987 ἡμαρτηκότας.
3361 3915 3524 3967 Τουτὶ
3552 3916 3652 3985 μὲν

2064 4002 2217 4078 οἶμαι
2242 4006 2456 4080 δηλοῦν,
2500 4008 2726 4076 λέγοντα
2756 4007 3011 4080 χρηστῶς
3042 4008 3123 4062 τό-
3183 4025 3203 4059 ι
3236 4007 3349 4061 Καὶ
3379 4006 3472 4061 νῦν
3503 4009 3537 4078 η
3566 4008 3653 4060 tv.

2064 4099 2195 4172 τολὴ
2224 4100 2364 4171 αὕτη
2385 4099 2521 4170 πρὸς
2544 4100 2709 4171 ὑμᾶς,
2738 4102 2787 4153 οί
2818 4102 3000 4172 ἱερεῖς.
3026 4120 3045 4153 s
3084 4098 3324 4153 ’Λπειλεῖ
3358 4099 3415 4154 δὲ
3442 4099 3650 4161 λοιπὸν,

2064 4193 2140 4257 ὡς
2170 4195 2221 4248 εί
2250 4194 2324 4265 μὴ
2378 4193 2585 4263 ἐχοιντο
2618 4196 2793 4247 ποιεῖν
2838 4193 2875 4249 ἃ
2928 4194 3036 4266 χρὴ
3066 4193 3354 4257 ποιοῦντας
3384 4192 3649 4264 ὁρᾶσθαι,

2066 4283 2160 4337 καὶ
2193 4285 2273 4347 είς
2326 4282 2453 4339 νοῦν
2509 4283 2619 4337 ἔσω
2659 4283 2906 4339 τίθεσθαι
2948 4290 3044 4339 καὶ
3092 4284 3322 4356 καρδίαν
3346 4283 3456 4336 τῶν
3491 4281 3652 4335 θείων

2064 4375 2557 4447 χρησμῳδημάτων
2611 4376 2711 4449 τὴν
2766 4377 3042 4447 αἴσθησιν,
3100 4376 3309 4429 ἔσοιντό
3361 4391 3422 4427 τε
3469 4374 3652 4429 αὐτῶν

2066 4466 2324 4537 ἀμείνους
2350 4467 2384 4538 ἢ
2412 4467 2605 4531 πάλαι,
2640 4469 2736 4522 καὶ
2778 4470 2876 4539 τὴν
2908 4469 3004 4523 τοῦ
3034 4468 3170 4523 Θεοῦ
3204 4468 3364 4535 δόξαν
3388 4466 3651 4539 ιπιζητή-

395 4548 537 4603 ultra
568 4548 981 4619 vilipendentes,
1031 4546 1207 4618 neque
1238 4559 1444 4605 temere
1469 4561 1525 4605 et
1553 4550 1966 4624 citraexplora-

2072 4576 2243 4625 σειαν,
2288 4560 2363 4631 μὴ
2411 4562 2947 4633 κατασμικρύνοντες
3001 4562 3085 4617 ἔτι
3133 4563 3194 4616 τὸ
3244 4562 3648 4633 θυσιαστήριον,

399 4646 601 4701 tionem
620 4641 827 4715 legibus
845 4642 1051 4700 sancita
1082 4657 1237 4697 sacra
1262 4652 1604 4713 peragentes,
1632 4643 1968 4711 penitissime

394 4733 501 4788 illis
552 4731 968 4790 maledictorum
1014 4739 1071 4787 et
1128 4746 1537 4787 succensurum.
1598 4731 1735 4788 Puto
1789 4745 1965 4789 autem

392 4840 513 4896 ego.
554 4824 782 4879 istorum
815 4825 1128 4889 verhorum,
1179 4841 1198 4875 ι
1252 4822 1566 4879 Maledicam
1608 4826 1965 4881 benedictioni

393 4930 609 4979 vestrae,
637 4928 691 4972 et
712 4917 987 4985 dissipabo
1016 4919 1211 4985 ipsam,
1246 4935 1264 4968 ›
1301 4917 1443 4972 hanc
1474 4917 1699 4972 forsitan
1747 4930 1967 4973 senten-

395 5012 522 5064 tiam
578 5024 702 5064 esse
738 5028 752 5063 :
786 5008 897 5064 Deo
939 5009 1257 5078 quibusdam
1318 5008 1630 5065 felicitatem
1675 5024 1964 5079 annuente,

393 5104 615 5157 alterum
650 5111 969 5170 proventum
997 5101 1050 5156 in
1080 5103 1226 5170 agris
1254 5103 1388 5165 fore.
1419 5112 1473 5157 et
1495 5103 1678 5157 omnia
1704 5118 1964 5173 prospere

392 5207 728 5257 successors,
752 5204 805 5246 et
843 5207 1039 5262 pecora
1077 5193 1472 5249 incredibiliter
1501 5210 1727 5251 numero
1748 5212 1963 5255 auctum

393 5286 477 5349 iri,
511 5285 762 5354 ipsosque
805 5287 857 5339 in
883 5286 1204 5354 corporibus
1237 5287 1365 5340 nihil
1399 5289 1683 5342 adversum
1717 5291 1966 5346 noxium-

320 5420 323 5425 ,
390 5387 493 5442 que
524 5389 803 5443 possmus.
826 5375 1127 5441 ~Aufert-nte
1157 5387 1334 5431 autem
1381 5378 1494 5444 ipso
1528 5378 1962 5439 benedictionem

488 5554 538 5595 -"
578 5552 767 5608 Matth.
797 5571 911 5621 vm,
953 5556 1037 5610 lO.
1117 5556 1163 5585 "
1192 5556 1363 5611 Levit.
1396 5574 1504 5613 uti
1562 5576 1712 5632 seqq.

458 5757 538 5831 (l)
574 5759 759 5815 Dettcit
793 5764 1012 5816 verbum
1049 5763 1421 5833 impersonale.

2071 4650 2213 4721 μήτε
2244 4649 2351 4723 μὴν
2380 4651 2568 4716 ἁπλῶς
2597 4653 2630 4723 ἢ
2657 4652 3035 4717 ἀϐασανίστως
3087 4653 3365 4717 τελοῦντες
3390 4654 3457 4707 τὰ
3494 4668 3646 4706 νενο-

2072 4742 2334 4813 μισμένα,
2364 4745 2541 4816 πάντη
2560 4762 2620 4799 τε
2649 4746 2747 4800 καὶ
2791 4748 3010 4811 πάντως
3041 4746 3459 4818 κατηραμένους
3516 4746 3650 4798 ἀπο-

2071 4838 2230 4903 φανεῖ
2261 4837 2354 4890 καὶ
2406 4838 2514 4891 ὐπδ
2554 4838 2705 4894 θείαν
2750 4839 2910 4904 ὄντας
2940 4840 3133 4912 ὀργήν.
3196 4836 3364 4909 Οἶμαι
3392 4839 3449 4892 δὲ
3476 4838 3649 4907 ἔγωγε

2068 4926 2262 4996 δηλοῦν
2285 4930 2367 4998 τὸ,
2397 4949 2415 4981 σ
2457 4931 2964 5004 Ἐπικαταράσομαι
2982 4933 3081 5005 τὴν
3097 4932 3343 5000 εὐλογίαν
3367 4930 3540 5001 ὐμῶν,
3556 4931 3653 4983 καὶ

2071 5017 2410 5075 διασκεδάσω
2433 5021 2624 5094 αὐτὴν,
2665 5045 2685 5076 ι
2714 5026 2892 5079 ὲκεῑνο
2918 5027 3061 5095 τάχα
3098 5042 3223 5079 που.
3256 5022 3390 5077 Θεοῦ
3409 5022 3510 5093 μὲν
3543 5023 3652 5092 γὰρ

2074 5111 2466 5176 κατανεύοντος
2497 5113 2595 5185 τὴν
2622 5116 2924 5186 εὐημερίαν
2972 5117 3136 5181 τισὶν,
3168 5115 3463 5187 εὐφορήσει
3493 5112 3563 5166 τὰ
3595 5113 3654 5165 ὲν

2071 5202 2285 5273 ἀγροῖς,
2309 5204 2608 5277 εὐκαρπίαι
2640 5224 2698 5259 τε
2748 5207 2967 5263 ἔσονται
3003 5210 3097 5263 καὶ
3142 5206 3409 5277 εὐθηνίαι,
3440 5204 3535 5257 καὶ
3576 5206 3653 5267 είς

2071 5291 2283 5363 πληθὺν
2298 5294 2606 5368 ἀμέτρητον
2632 5298 2888 5353 ἐπιδώσει
2909 5298 2977 5354 τὰ
3000 5299 3313 5371 θρέμματα,
3338 5296 3432 5350 καὶ
3448 5293 3654 5365 φθορᾶς

2072 5384 2281 5441 ἔσονται
2306 5387 2407 5459 τῆς
2436 5388 2542 5449 τῶν
2567 5392 2838 5461 σωμάτων
2858 5394 3115 5464 ἀμείνους
3150 5391 3325 5445 αὐτοί.
3368 5387 3655 5458 ’Δφιστέιν-
