4120 6376
440 428 546 483 505

1259 430 1810 489 COMMENTARIUS
1846 431 1912 489 IN
1951 433 2360 489 MALACHIAM
2402 432 2841 491 PROPllETAM.

3561 439 3668 495 τοο

432 555 529 605 τος
554 538 612 594 δὲ
667 539 765 612 τὴν
804 542 1054 612 εὐλογίαν
1104 546 1291 613 αὐτοῦ,
1340 550 1479 619 πρὸς
1533 552 1640 604 πᾶν
1696 551 2004 605 τούναντίον

2110 568 2285 619 suam,
2310 568 2395 608 res
2424 553 2644 606 omnino
2677 568 2891 606 versum
2924 551 2991 606 iri
3034 560 3179 607 retro
3202 560 3255 607 et
3302 561 3500 609 statum
3549 557 3677 612 bea—

437 632 816 702 μεταχωρήσει
847 634 917 687 τὰ
944 638 1265 705 πράγματα,
1295 640 1389 693 καὶ
1407 641 1640 695 ἀπέσται
1663 643 1761 713 μιν
1790 645 2007 709 πάντως

432 721 495 774 τὸ
520 722 834 793 εὐημερεῖν,
865 729 1267 799 κατακρατήσει
1299 730 1355 786 δὲ
1387 732 1587 802 μᾶλλον
1609 734 1676 787 τὰ
1704 734 1790 803 ἐφ’
1818 729 1903 798 οἷς
1940 735 2007 788 ἂν

432 811 658 875 εἰκότως
692 815 1043 884 καταγένοιτό
1066 835 1169 883 τις.
1200 822 1308 875 Καὶ
1343 824 1503 877 ταυτὶ
1542 824 1641 894 μὲν
1668 826 1696 878 ὁ
1726 824 1885 895 λόγος
1931 827 2008 890 ὡς

431 902 490 953 ὲν
521 903 797 973 αίσθητοῖς
822 923 881 960 τε
903 909 997 961 καὶ
1024 912 1382 983 προσκαίροις
1415 915 1755 986 πράγμασιν.

432 1014 439 1022 ο
502 993 712 1050 Είδέναι
744 998 802 1050 δὲ
826 1001 1118 1068 ἀναγκαῖον
1141 1003 1236 1067 ὡς,
1253 1006 1302 1057 εί
1331 1010 1405 1078 μή
1432 1024 1516 1069 τις
1536 1006 1712 1061 ἕλοιτο
1736 1008 1835 1073 τὰς
1856 1009 2007 1073 θείας

432 1089 512 1150 τίς
534 1087 657 1142 νοῦν
677 1090 826 1160 ἔχειν
845 1092 1086 1159 ἐντολὰς,
1149 1097 1430 1167 οἰχήσεται
1458 1100 1638 1153 πάντα
1669 1099 1820 1172 αὑτῷ
1870 1101 2009 1172 πρὸς

432 1179 495 1232 τὸ
528 1182 693 1252 μηδὲν
720 1183 789 1236 τὰ
820 1185 899 1247 είς
922 1185 1046 1240 νοῦν
1097 1188 1300 1256 ἀγαθὰ,
1323 1176 1434 1255 ἔξει
1486 1208 1549 1244 τε
1581 1193 1790 1264 καρπὸν
1818 1193 2007 1248 οὐδένα

433 1270 531 1341 τῆς
564 1271 813 1341 φιλοθὼυ
858 1273 1023 1347 ζωῆς·
1078 1277 1192 1331 ἀλλ’
1241 1278 1393 1335 ἔσται
1452 1281 1551 1353 μὲν
1604 1284 1854 1353 εὐλογίας
1906 1286 2007 1357 τῆς

432 1361 636 1416 ἄνωθεν
662 1365 755 1418 καὶ
778 1366 928 1436 παρά
978 1367 1113 1422 Θεοῦ
1142 1373 1473 1441 τητώμενος,
1522 1380 1925 1445 παραπεσεῖται
1948 1378 2005 1431 δὲ

430 1456 547 1519 ταῖς
574 1456 735 1527 ἀραῖς
761 1460 856 1512 καὶ
879 1462 1003 1523 ταῖς
1027 1462 1090 1514 ὲκ
1116 1463 1320 1516 τούτων
1370 1469 1601 1530 ποιναῖς.
1646 1469 1916 1540 Ζητητὼν
1941 1469 2005 1542 δὴ

429 1542 521 1599 οὖν
546 1547 646 1619 τὴν
672 1547 768 1601 τοῦ
815 1549 949 1602 Θεοῦ
999 1551 1175 1618 δόξαν·
1235 1554 1331 1607 καὶ
1356 1555 1478 1608 τίνα
1510 1555 1574 1627 δὴ
1612 1558 1810 1627 τρόπον
1848 1559 2006 1612 τοῦτο

431 1637 864 1710 κατορθώσομεν,
888 1642 1047 1705 αὐτὸς
1081 1644 1227 1714 ἡμᾶς
1250 1645 1278 1699 ὁ
1302 1645 1493 1718 Σωτὴρ
1541 1646 1780 1713 ἐδίδαξεν
1808 1651 2001 1705 εἰπών·

436 1749 455 1780 ‹
488 1730 769 1800 Λαμψάτω
786 1733 847 1786 τὸ
884 1734 1000 1804 φῶς
1028 1736 1181 1806 ὑμῶν
1206 1736 1518 1810 ξμπροσθεν
1537 1738 1646 1793 τῶν
1676 1741 2003 1814 ἀνθρώπων,

429 1819 575 1884 ὅπως
603 1819 750 1875 ἴδωσι
770 1823 839 1877 τὰ
862 1823 1009 1876 καλὰ
1054 1825 1211 1896 ὑμῶν
1261 1825 1418 1898 ἔργα,
1472 1829 1566 1883 καὶ
1616 1830 1881 1896 δοξάσωσι
1914 1835 2003 1887 τὸν

2114 645 2303 698 tiorem
2328 644 2515 714 procul
2544 645 2878 707 ablaturum,
2911 642 3203 698 invalitura
3252 644 3430 711 potius
3461 644 3531 700 ob
3553 662 3673 715 qua:

2109 736 2231 803 quis
2254 736 2446 789 merito
2472 735 2557 789 hic
2592 752 2698 788 non
2745 743 3003 790 moretur.
3047 735 3112 791 Et
3142 735 3258 791 base
3283 737 3498 806 quidem
3538 749 3594 792 ut
3619 740 3671 791 iu

2110 828 2269 881 rebus
2320 842 2540 882 sensum
2600 826 2941 898 tangentibus
3003 843 3063 882 ac
3118 829 3476 898 temporaneis
3537 831 3676 883 dicta

2109 928 2289 973 ιιιιιιο.

2179 1009 2466 1064 Sciendum
2501 1018 2679 1063 autem
2706 1010 2884 1078 plane,
2915 1010 3014 1065 uisi
3040 1011 3162 1080 quis
3192 1011 3371 1065 divina
3412 1013 3664 1065 mandata

2108 1102 2290 1156 animo
2319 1102 2597 1156 continere
2630 1102 2884 1165 voluerit,
2909 1103 3090 1157 omnia
3125 1105 3289 1157 animi
3315 1108 3454 1159 bona
3491 1104 3590 1171 ipsi
3617 1105 3669 1156 iu

2107 1192 2337 1247 nihilum
2357 1191 2650 1254 abitura,et
2698 1192 2822 1247 vita:
2872 1192 3137 1261 religiosa:
3191 1192 3423 1247 fructum
3475 1193 3676 1247 nullum

2112 1285 2412 1339 relaturum
2454 1284 2745 1354 :quinimo
2821 1284 3123 1352 caelestem,
3166 1294 3327 1353 atque
3360 1301 3389 1336 a
3433 1284 3539 1340 Deo
3576 1287 3677 1337 im-

2109 1378 2302 1447 pertiri
2336 1377 2555 1431 solitam
2586 1375 3014 1430 benedictionem
3042 1376 3461 1440 amissurum,ct
3484 1376 3538 1429 in
3560 1391 3675 1427 ma-

2108 1471 2425 1525 ledictiones
2476 1483 2773 1540 pennasque
2854 1480 3251 1539 consequentes
3307 1468 3674 1523 incursurum.

2108 1562 2450 1618 Studendum
2477 1576 2608 1632 ergo
2650 1561 2742 1616 Dei
2774 1561 3001 1631 glorias;
3037 1563 3180 1629 quod
3225 1560 3497 1631 quomodo
3546 1558 3678 1626 legi-

2108 1656 2238 1711 time
2261 1654 2371 1720 liat,
2402 1655 2515 1723 ipse
2540 1652 2792 1708 Salvator
2815 1666 2915 1707 nos
2936 1651 3121 1706 decuit
3151 1649 3258 1705 illis
3285 1649 3501 1705 verbis:
3528 1668 3547 1700 ι
3585 1648 3679 1703 Sic

2107 1746 2283 1802 luceat
2309 1746 2398 1799 lus
2434 1754 2614 1800 vestra
2639 1758 2826 1802 coram
2856 1742 3193 1808 hominibus,
3229 1751 3292 1795 ut
3320 1741 3537 1796 videant
3558 1754 3681 1810 ope-

2108 1855 2167 1895 ra
2192 1846 2372 1894 vestra
2400 1838 2566 1900 bona,
2602 1848 2659 1892 et
2689 1836 2996 1908 gloriﬁcent
3040 1832 3256 1888 Patrem
3290 1842 3536 1888 vestrum
3583 1832 3676 1903 qui

428 1910 648 1983 Πατέρα
671 1913 829 1984 ὑμῶν
845 1915 937 1969 τὸν
961 1918 1019 1970 ὲν
1048 1920 1160 1981 τοῖς
1185 1919 1453 1990 οὐρανοῖς.
1486 1938 1505 1973 ι
1536 1922 1672 1976 Τότε
1702 1924 1798 1977 καὶ
1822 1924 2005 1996 πλήρη

2109 1930 2161 1984 in
2192 1930 2347 1985 caelis
2370 1939 2454 1983 est
2478 1930 2545 1982 ⁸⁷.
2574 1948 2593 1980 ι
2628 1929 2779 1982 Tunc
2805 1928 2968 1982 etiam
3003 1925 3218 1995 plenam
3248 1924 3675 1980 benedictionem

426 2007 526 2075 τὴν
562 2006 813 2076 εὐλογίαν
838 2009 1229 2082 ἀποληψόμεθα
1256 2014 1350 2066 καὶ
1371 2015 1703 2085 ἀκράδαντον
1727 2016 1825 2088 τὴν
1854 2017 2009 2070 εὐθυ-

431 2102 578 2167 μίαν,
620 2100 715 2154 καὶ
750 2105 873 2167 ταῖς
925 2107 1321 2176 πνευματικαῖς
1371 2108 1706 2179 εὐκαρπίαις
1733 2110 2006 2181 ἐντρυφή-

429 2207 628 2260 σομεν,
680 2191 906 2262 ἔμπλεοί
953 2212 1012 2248 τε
1064 2197 1265 2261 παντὸς
1316 2197 1521 2267 ἀγαθοῦ
1565 2199 1869 2268 γεγονότες,
1912 2202 2007 2255 τὸν

426 2282 641 2353 ἀληθῶς
682 2284 991 2357 ἀξιοπρεπῆ
1035 2290 1130 2342 καὶ
1177 2289 1452 2362 ἐξαίρετον
1508 2292 1838 2367 διαζήσομεν
1867 2293 2002 2364 βίον.

507 2374 653 2429 Ἰδοὺ
702 2375 816 2447 ἐγὼ
848 2380 1100 2448 ἀφορίζω
1136 2381 1276 2451 ὑμῖν
1302 2382 1410 2437 τὸν
1446 2378 1626 2454 ὦμον,
1674 2385 1769 2439 καὶ
1821 2400 2004 2455 σκορ-

423 2465 535 2519 πιῶ
560 2466 865 2552 ἔνυστροκ
887 2470 988 2525 ἐπί
1035 2473 1108 2527 τὰ
1153 2477 1444 2542 πρόσωπα
1477 2474 1663 2545 ὑμῶν,
1706 2476 2006 2546 Mat-por

420 2559 642 2628 ἑορτῶν
670 2561 855 2632 ὑμῶν,
904 2565 1002 2618 καί
1051 2564 1325 2636 λήψομαι
1375 2566 1534 2637 ὑμᾶς
1567 2572 1654 2634 sic
1707 2568 1779 2624 τὸ
1832 2572 1998 2625 αὑτό.

421 2653 531 2707 Kal
568 2655 967 2726 ἐπιγνώσεσθε
1023 2657 1171 2713 διότι
1214 2660 1329 2731 ἐγὼ
1383 2660 1811 2727 ἐξαπέσταλκα
1850 2664 2001 2733 πρὸς

421 2744 575 2813 ὑμᾶς
616 2746 731 2815 τὴν
778 2747 1042 2819 ἐντολὴν
1088 2752 1333 2821 ταύτην,
1381 2753 1488 2808 τοῦ
1513 2749 1668 2808 εἶναι
1713 2755 1829 2823 τὴν
1871 2755 1998 2809 δια-

418 2835 618 2904 θήκην
666 2857 787 2909 μου
833 2842 985 2910 πρὸς
1044 2844 1185 2910 τοὺς
1241 2847 1521 2914 Λευίτας,
1566 2846 1727 2917 λέγει
1787 2849 2001 2918 Κύριος

418 2931 862 3001 παντοκράτωρ.

490 3022 588 3076 lZ'.
624 3024 949 3096 Κέκρυπταί
979 3046 1032 3082 τι
1061 3028 1221 3083 πάλιν
1266 3032 1323 3083 ὲν
1373 3034 1484 3095 τοῖς
1538 3035 1938 3106 προκειμένοις,
1970 3035 2000 3088 ὅ

419 3117 513 3167 καὶ
540 3111 692 3186 οἶμαι
721 3119 829 3172 δεῖν
859 3122 971 3184 τοῖς
1006 3121 1403 3192 φιλακροὰμοσι
1446 3124 1861 3197 διατρανοῦσθαι
1897 3144 1997 3180 σα-

420 3206 555 3275 φῶς·
593 3212 800 3263 συνεῖεν
825 3211 935 3283 γὰρ
965 3211 1031 3265 ἂν
1052 3212 1194 3266 οὕτω
1244 3210 1304 3267 εὖ
1367 3216 1508 3285 μάλα
1558 3218 1620 3270 τὸ
1646 3217 1995 3288 δηλούμενον.

2104 2031 2161 2077 et
2189 2021 2519 2075 immobilem
2550 2020 2747 2075 utentis
2779 2018 3131 2073 serenitatem
3168 2016 3513 2086 recipiemus,
3547 2015 3672 2069 etin

2105 2112 2473 2183 spiritualium
2529 2111 2799 2167 fructuum
2834 2108 3079 2164 ubertate
3108 2123 3231 2164 cum
3255 2108 3531 2177 voluptate
3553 2122 3676 2158 ver-

2105 2205 2373 2270 sabimur,
2402 2203 2703 2274 repletiqne
2730 2203 2888 2257 bonis
2917 2201 3191 2266 omnibus,
3233 2214 3358 2255 vere
3399 2200 3555 2253 nobis
3594 2200 3678 2252 di-

2103 2310 2263 2366 gnam
2286 2304 2341 2351 et
2369 2294 2683 2365 praeclaram
2716 2294 2883 2348 vitam
2912 2294 3276 2346 traducemus.

2185 2387 2340 2443 Vens.
2381 2386 2437 2451 5,
2478 2387 2533 2443 4.
2575 2384 2709 2442 Ecce
2738 2402 2829 2456 ego
2861 2401 3044 2453 separa
3072 2385 3215 2438 vobis
3244 2390 3540 2444 humerum.
3567 2384 3677 2433 dis-

2104 2494 2316 2549 pergam
2342 2479 2689 2533 ventriculum
2711 2491 2870 2545 super
2901 2476 3062 2544 faeies
3080 2484 3296 2536 vestras,
3335 2473 3678 2528 ventriculum

2103 2570 2496 2624 solemnitatem
2564 2576 2892 2630 vestrarum,
2948 2577 2999 2621 et
3052 2565 3332 2632 suscipiam
3374 2579 3460 2618 ros
3510 2564 3563 2616 in
3622 2563 3677 2614 id

2103 2664 2293 2731 ipsum.
2328 2659 2399 2714 Et
2442 2662 2761 2730 cognoscetis
2795 2661 2918 2730 quia
2948 2660 3068 2713 misi
3101 2659 3170 2713 ad
3225 2674 3312 2713 vos
3366 2656 3677 2709 claudatem

2101 2752 2218 2815 hoc,
2242 2760 2296 2805 ut
2325 2759 2459 2804 esset
2481 2757 2843 2804 testamentum
2867 2764 3036 2802 nteant
3058 2748 3126 2801 ad
3157 2746 3385 2813 Levites,
3412 2746 3539 2798 dicit
3570 2743 3678 2797 Do-

2102 2841 2276 2895 minus
2312 2841 2661 2909 omnipotens.

2182 3016 2348 3072 XVII.
2385 3016 2624 3072 Rursum
2656 3018 2710 3072 in
2741 3017 2927 3072 verbis
2980 3016 3227 3071 adductis
3277 3013 3480 3084 aliquid
3549 3014 3677 3068 latet

2100 3112 2245 3181 quod
2263 3110 2519 3166 studiosis
2544 3108 2796 3163 audiendi
2823 3107 3026 3178 liquido
3052 3105 3436 3163 declarandum
3462 3106 3670 3159 sentio:

2104 3205 2185 3259 sic
2222 3203 2366 3260 enim
2403 3201 2845 3258 commodissime
2874 3201 3183 3256 earumdem
3216 3200 3326 3254 vim
3350 3212 3682 3267 sensumque

431 3296 490 3350 '0
517 3298 681 3369 νόμος
711 3299 890 3354 τοίνυν
918 3302 947 3354 ὁ
966 3301 1052 3355 διὰ
1075 3302 1317 3366 Μωσέως
1351 3307 1470 3368 ταῖς
1498 3305 1762 3360 ἀνωτάτω
1812 3309 1999 3377 τιμαῖς

2106 3297 2430 3368 percipient.
2493 3294 2607 3351 Lex
2664 3296 2831 3366 igitur
2885 3293 3121 3349 Moesica
3186 3293 3360 3349 sacris
3414 3291 3678 3347 altaribus

420 3389 509 3441 τὸν
527 3388 637 3443 τῶν
669 3389 829 3446 θείων
856 3392 1253 3465 θυσιαστηρεων
1280 3397 1634 3468 παραστάτην
1665 3399 1759 3451 καὶ
1802 3398 2006 3470 ἱερουρ-

418 3476 513 3543 γδν
549 3480 852 3548 στεφανῶν,
883 3475 995 3533 οἷον
1024 3482 1082 3536 ἐν
1132 3482 1283 3549 τάξει
1332 3482 1466 3537 Θεοῦ
1528 3485 1772 3541 τέθεικεν
1814 3487 2002 3542 αὐτόν.

423 3567 566 3639 Ἔφη
602 3569 711 3640 γὰρ
734 3571 817 3625 ὅτι
844 3591 863 3622 ι
903 3574 1199 3645 Κάρπωμα
1231 3576 1438 3646 Κυρίου
1468 3578 1496 3630 ὀ
1518 3577 1721 3649 κλῆρος
1767 3580 1953 3635 αὐτοῦ.
1981 3601 1999 3634 ι

423 3659 643 3731 Ἒφηδέ
678 3680 779 3716 που
811 3664 902 3718 καὶ
933 3667 961 3718 ὁ
992 3665 1278 3732 θεσπέσιος
1308 3669 1521 3734 Παῦλος
1549 3687 1561 3702 ·
1593 3690 1617 3723 ‹
1647 3672 1883 3728 Βλέπετε
1912 3674 2005 3729 τὸν

433 3749 649 3822 Ἰσραὴλ
677 3754 819 3807 κατά
869 3755 1067 3828 σάρκα.
1102 3758 1213 3829 Ούχ
1250 3761 1300 3813 oi
1351 3761 1662 3829 ἐγγίζοντες
1708 3764 1787 3835 τῷ
1814 3764 2005 3820 θυσια-

422 3845 649 3918 στηρίῳ,
682 3851 931 3903 κοινωνοὶ
960 3848 1057 3904 τοῦ
1117 3851 1505 3923 θυσιαστηρίου
1550 3854 1725 3918 slolv;
1778 3876 1796 3908 ι
1845 3858 2005 3922 Ἔθος

422 3937 529 4009 γὰρ
556 3933 625 4009 ἦν
666 3940 775 3994 ἀπὸ
823 3944 1023 4005 παντὸς
1072 3942 1312 4013 θύματος
1365 3945 1716 4017 ἀφαιρεῖσθαι
1764 3947 1844 4017 τῷ
1886 3947 2004 4019 Θεῷ

424 4031 699 4103 βραχίονα,
735 4035 831 4089 καὶ
867 4034 1177 4107 πηθήνιον,
1212 4037 1309 4092 καὶ
1340 4038 1432 4091 τὸν
1450 4037 1607 4092 λοϐὸν
1631 4038 1726 4094 τοῦ
1764 4039 2000 4110 ἥπατος,

424 4126 517 4177 καὶ
542 4125 671 4189 τοὺς
697 4125 792 4180 δύο
817 4130 1073 4196 νεφροὺς,
1104 4130 1197 4182 καὶ
1227 4130 1326 4199 μέν
1350 4147 1432 4184 τοι
1464 4129 1523 4183 τὸ
1542 4130 1822 4201 ἕνυστρον,
1845 4149 2004 4185 τουτ-

422 4217 560 4280 έστι,
596 4217 695 4287 τὴν
724 4218 952 4282 κοιλίαν,
990 4220 1425 4290 ὑπεμφαίνοντος
1464 4222 1879 4292 αἰνιγματωδῶς
1907 4222 2000 4276 τοῦ

421 4308 644 4377 νομικοῦ
687 4310 1013 4381 γράμματος
1066 4313 1148 4365 ὅτι
1201 4313 1380 4368 πάντα
1427 4313 1584 4385 ἡμῶν
1638 4314 1713 4368 τὰ
1755 4316 2002 4371 ὲντόσθια

421 4398 531 4452 τῶν
580 4401 943 4457 ἀνατιθέντων
1013 4406 1239 4468 ἑαυτοὺς
1284 4407 1364 4469 τίς
1412 4406 1590 4479 ὀσμὴν
1646 4406 1877 4473 εὐωδίας
1924 4408 2003 4479 τῷ

421 4490 542 4562 Θεῷ
572 4493 698 4563 ἱερά
734 4511 794 4547 τε
834 4491 974 4550 εἶναι
1018 4499 1284 4567 προσήκει
1330 4498 1424 4552 καὶ
1458 4499 1786 4569 ήγιασμένα.
1826 4501 2001 4569 Προσ·

421 4582 737 4654 εκομίζοντο
764 4586 870 4657 γὰρ
898 4586 968 4640 τὰ
993 4587 1261 4653 ὲντόσθια,
1293 4589 1391 4659 τῆς
1412 4589 1638 4659 ἐνούσης
1660 4592 1841 4654 αὐτοῖς
1866 4593 1999 4645 ἀκα-

2109 3398 2375 3445 astantem
2395 3396 2779 3458 etoperantem
2802 3387 3101 3443 honoribus
3125 3385 3394 3457 supremis
3413 3382 3675 3445 alliciens.

2110 3482 2494 3553 propemodum
2528 3480 2637 3535 Deo
2669 3479 2951 3550 arquabat;
2984 3480 3061 3534 ait
3092 3480 3237 3535 enim
3266 3495 3280 3532 :
3317 3496 3336 3527 ι
3362 3475 3673 3532 Oblatioues

2108 3574 2319 3631 Domini
2373 3573 2646 3645 possessio
2705 3573 2821 3641 ejus
2850 3572 2918 3627 ⁸⁸.
2958 3590 2975 3622 ι
3036 3570 3101 3625 Ει
3152 3570 3364 3626 divinus
3425 3567 3621 3623 Paulus
3662 3584 3677 3619 :

2114 3683 2131 3715 ι
2166 3664 2352 3718 Videte
2392 3661 2557 3717 lsrael
2607 3661 2905 3717 secundum
2965 3674 3207 3715 carnem.
3256 3656 3420 3730 835
3491 3655 3678 3711 Νυιιιιο

2108 3756 2196 3824 qui
2236 3754 2667 3825 appropinquant
2682 3752 2862 3817 altari,
2877 3752 3165 3821 participes
3191 3760 3317 3805 sunt
3341 3749 3528 3804 altaris
3545 3748 3629 3802 ιη
3654 3767 3673 3800 ι

2107 3843 2240 3899 Erat
2288 3844 2486 3915 quippe
2529 3843 2772 3901 solemne
2829 3857 2859 3895 a
2906 3841 3149 3912 qualibet
3200 3840 3376 3896 hostia
3438 3838 3677 3908 separari

2107 3938 2216 3991 Deo
2242 3951 2477 4002 armum,
2509 3946 2561 3990 et
2592 3933 2987 4005 pectusculum,
3032 3942 3088 3988 et
3118 3930 3398 3987 reticulum
3452 3931 3677 4002 jecoris,

2105 4038 2163 4082 et
2190 4026 2324 4084 duos
2351 4042 2531 4091 renes,
2582 4039 2637 4080 et
2675 4025 3033 4081 ventriculum
3080 4044 3093 4079 :
3126 4039 3235 4097 quo
3270 4023 3493 4094 quidem
3531 4021 3679 4077 Scri-

2107 4131 2264 4191 ptura
2302 4119 2493 4190 legalis
2521 4135 2619 4191 per
2666 4118 3005 4175 involucrum
3042 4118 3248 4173 indicat
3298 4118 3481 4177 omnia
3539 4117 3678 4169 inte-

2106 4215 2248 4268 riora
2294 4228 2481 4269 eorum
2524 4212 2618 4283 qui
2652 4227 2711 4267 se
2762 4212 3153 4267 dedicaverunt
3207 4210 3314 4264 Deo
3366 4210 3420 4263 in
3461 4211 3680 4262 odorem

2104 4304 2390 4359 suavitatis
2437 4314 2624 4359 sancta
2665 4313 2720 4357 et
2763 4302 3096 4357 sanctiﬁcata
3118 4315 3237 4355 esse
3274 4309 3544 4370 oportere.
3588 4298 3683 4353 Of-

2110 4398 2425 4453 ferebantur
2458 4398 2602 4452 enim
2661 4396 2850 4451 intima
2903 4411 2931 4448 a
2989 4393 3238 4449 sordibus
3294 4392 3685 4448 inhaerentibus

2106 4500 2356 4561 purgata.
2413 4491 2612 4545 Arruns
2656 4504 2821 4558 porro
2865 4486 3076 4541 roboris
3125 4485 3385 4540 indicium
3448 4484 3679 4555 intelligi

2106 4590 2303 4653 potesL
2341 4580 2603 4634 Existimo
2621 4588 2800 4631 autem
2834 4591 2932 4631 nos
2962 4574 3028 4626 ad
3075 4589 3237 4629 omne
3286 4588 3423 4642 opus
3476 4574 3674 4625 bonum

422 4674 650 4745 θαρσίας
690 4678 1102 4749 ἀπηλλαγμένα.
1168 4678 1416 4751 Βραχίων
1439 4698 1500 4734 τε
1552 4682 1663 4752 μὴν
1695 4682 1878 4751 ἰσχύος
1930 4684 1996 4737 ἂν

2106 4662 2345 4726 valentes
2375 4679 2539 4737 atque
2562 4669 2834 4722 animosos
2888 4667 3017 4721 illud
3070 4667 3344 4735 sapienter
3411 4662 3679 4719 modulari

424 4768 594 4820 νοοῖτο
650 4771 895 4840 σημεῖον.
944 4770 1158 4840 Χρῆναι
1198 4770 1256 4823 δέ
1312 4789 1456 4842 φημι
1508 4772 1645 4843 πρὸς
1703 4775 1810 4827 πᾶν
1838 4774 1999 4845 ἔργον

424 4858 625 4925 ἀγαθὸν
652 4860 933 4929 ἰσχύοντας
971 4863 1117 4933 ἡμᾶς
1151 4863 1247 4916 κα)⁸
1294 4862 1709 4934 ἁνδριζομένους
1762 4867 2001 4935 ἀναμελ·

422 4950 579 5019 «paen.
614 4954 789 5006 ἐκεῖνο
823 4954 1000 5022 σοφῶς
1026 4956 1087 5006 τὸ
1118 4954 1206 5009 διὰ
1229 4955 1325 5025 τῆς
1350 4955 1445 5008 τοῦ
1475 4956 1768 5026 ψάλλοντος
1794 4958 1993 5029 λύρας·

430 5060 448 5092 ι
488 5043 735 5111 Εύλόγει,
768 5047 801 5115 ἡ
826 5044 969 5116 ψυχή
1026 5065 1153 5117 μου,
1196 5048 1288 5101 τὸν
1314 5047 1538 5119 Κύριον,
1588 5050 1681 5103 καὶ
1728 5049 1907 5104 πάντα
1935 5050 2003 5103 τὰ

424 5135 574 5198 ἐντός
606 5153 732 5205 μου,
762 5138 821 5191 τὸ
853 5137 1025 5208 ὄνομα
1051 5139 1114 5192 τὸ
1132 5138 1286 5207 ἅγιον
1313 5141 1501 5194 αὑτοῦ.
1548 5159 1568 5193 ι
1611 5142 1721 5196 Καὶ
1748 5142 1875 5212 περὶ
1904 5142 2003 5211 μὲν

424 5224 532 5278 τῶν
555 5227 844 5283 ἐντοσθίων
884 5230 979 5284 καὶ
1004 5230 1344 5300 τελουμένων
1367 5232 1569 5285 θυσιῶν
1612 5232 1752 5287 κατὰ
1778 5233 1870 5286 τὸν
1916 5232 2002 5285 νό-

427 5337 525 5387 μον
558 5321 733 5390 ίσχνδς
756 5324 887 5392 ἡμῖν
915 5322 1053 5390 ἄγαν
1080 5326 1440 5395 ἐκπεποίηται
1473 5325 1631 5394 λόγος
1688 5327 1748 5378 ἐν
1783 5325 2001 5396 ἑτέραις

425 5414 785 5481 συγγραφαῖς.
829 5414 1038 5467 Οὐκοῦν
1068 5416 1129 5467 τὸ
1155 5415 1324 5473 ταῦτα
1363 5417 1541 5485 λέγειν
1574 5418 1802 5488 ἀφέντες
1831 5420 1910 5481 εἰς
1940 5417 2002 5470 τὸ

426 5502 620 5572 παρὸν.
651 5505 760 5557 τῶν
814 5508 1194 5577 προκειμένων
1243 5510 1342 5579 τὴν
1395 5510 1744 5580 διασάφησιν,
1780 5511 1856 5572 ὡς
1899 5509 1997 5571 ἔνι,

424 5596 693 5650 ποιεῖσθαι
744 5598 1152 5670 σπουδάσωμεν.
1206 5602 1642 5673 Προστετακὸτος
1682 5603 1862 5655 τοίνυν
1908 5601 2000 5655 τοῦ

423 5688 588 5757 νόμου
612 5691 1094 5758 μωμοσκοπεῖσθαι
1120 5692 1228 5746 δεῖν
1255 5693 1323 5746 τὰ
1354 5694 1492 5763 ἱερὰ,
1519 5696 1610 5748 καί
1642 5694 2002 5747 ἀϐασάνιστον

495 5865 537 5896 ⁸⁷
562 5864 753 5920 Matth.
802 5885 853 5934 γ,
890 5866 969 5922 16.
1082 5871 1124 5902 ³⁸⁵
1154 5869 1310 5925 Deut.
1348 5887 1500 5938 xvnt,
1534 5871 1619 5923 15.

2105 4766 2304 4819 debere
2328 4764 2471 4833 quod
2506 4760 2716 4815 Psaltes
2745 4761 2857 4831 lyra
2876 4775 2972 4815 sua
3020 4758 3257 4813 cantavit
3298 4773 3313 4811 :
3355 4776 3374 4809 ι
3416 4756 3674 4816 Benedic,

2108 4856 2290 4911 anima
2326 4871 2467 4919 mea,
2526 4853 2832 4917 Dominum,
2889 4865 2943 4907 et
2998 4852 3178 4906 omnia
3231 4867 3351 4920 quae
3402 4850 3542 4903 intra
3598 4865 3683 4901 me

2108 4959 2257 5015 sunt,
2287 4948 2493 5004 nomini
2532 4958 2721 5002 sancto
2764 4946 2881 5015 ejus
2928 4948 2993 5000 ’°.
3028 4967 3045 4997 ι
3081 4946 3159 5001 Ac
3185 4942 3680 5009 deintcstinisqui-

2108 5045 2228 5098 dem
2258 5052 2315 5096 et
2356 5040 2638 5097 sacriﬁciis
2692 5039 2988 5094 secundum
3044 5039 3215 5107 legem
3274 5035 3457 5105 peragi
3498 5033 3673 5087 solitis

2102 5134 2381 5191 enucleate
2407 5132 2561 5189 nobis
2594 5133 2649 5188 in
2680 5133 2801 5188 aliis
2834 5131 2988 5187 libris
3011 5131 3343 5201 disputatum
3374 5135 3475 5182 est.
3504 5127 3680 5194 Quare

2101 5231 2169 5284 de
2216 5228 2299 5284 his
2347 5228 2499 5297 plura
2542 5227 2723 5282 dicere
2769 5223 3182 5295 supersedentes
3254 5221 3306 5275 in
3364 5220 3675 5292 prasentia.

2102 5321 2504 5392 propositorum
2539 5318 2827 5374 verborum
2882 5315 3318 5386 explanationem
3357 5327 3674 5382 percurrere

2107 5428 2203 5481 pro
2232 5410 2488 5467 facultate
2532 5409 2824 5466 enitamur.
2879 5409 3010 5464 Cum
3047 5407 3392 5478 praecepisset
3427 5420 3557 5474 ergo
3591 5404 3677 5457 lex

2110 5505 2450 5559 victimarum
2499 5503 2650 5559 labes
2700 5502 3027 5572 perspicere.
3066 5510 3119 5554 et
3154 5498 3547 5567 ineXploratam
3598 5497 3679 5549 vi-

2109 5596 2328 5653 ctimam
2355 5597 2425 5650 ad
2458 5596 2632 5649 altare
2670 5594 2820 5650 haud
2837 5592 3055 5658 offerre,
3087 5601 3141 5647 et
3165 5588 3435 5646 sacrificio
3490 5603 3679 5657 perpe-

2110 5686 2302 5742 trando
2332 5685 2638 5742 constitutis
2674 5684 3019 5741 victimarum
3078 5692 3260 5752 partes
3292 5695 3570 5751 separare,
3605 5678 3681 5733 illi

1726 5873 1768 5903 ”
1802 5870 1820 5923 1
1853 5870 1972 5927 Crr.
2002 5886 2056 5937 ι,
2096 5866 2177 5924 l8.
2257 5868 2302 5899 θ’
2333 5866 2475 5923 Psal.
2520 5882 2614 5932 cu,
2652 5864 2697 5919 l.
