4120 6376
465 416 566 474 ’507
1448 417 1503 475 S.
1547 417 1833 477 αἳιιιιιϊ
1858 421 1990 478 ΑιΕ

2097 421 2326 478 ΝΒΗΙΜ
2362 424 2683 481 Ait-CIIIED.
2783 429 2792 436 ’

3582 424 3690 480 50$

462 535 742 606 explorare
767 533 897 589 vitia
916 548 1021 590 non
1040 533 1322 598 curabant,
1343 542 1398 588 et
1419 535 1732 590 mandatum
1760 536 1824 589 de
1843 536 1995 605 apha:

2125 534 2273 605 θυμα
2308 537 2384 607 μὴ
2413 535 2878 608 προσκομίζεσθαι
2916 537 2993 608 τῷ
3023 535 3415 608 θυσιαστηρίῳ,
3447 534 3542 589 καὶ
3571 539 3686 599 τοῖς

462 625 680 680 rematis
705 640 822 696 qua:
851 635 1112 681 vocantur
1134 623 1347 680 irritum
1384 625 1676 689 Iaciebant,
1704 635 1759 681 et
1783 639 1887 680 non
1905 627 2016 695 iam

458 717 600 786 quod
625 718 756 784 Deo,
783 719 876 773 sed
906 721 1053 788 quod
1090 719 1366 788 cupiditati
1414 735 1524 774 sua:
1571 720 1836 774 arrideret
1878 735 2016 790 pra:-

458 820 683 874 stantes,
721 810 1050 866 subi-ﬂentes
1081 817 1134 865 et
1152 821 1466 866 constanter
1487 811 1762 867 observari
1791 812 2017 865 studeno

459 909 558 963 tes,
608 915 744 968 quas
791 900 892 954 sibi
938 901 1330 954 commodiores
1394 900 1658 969 putabant
1720 901 2014 955 hostiarum

455 1004 650 1044 carnes
684 989 972 1060 eligebant.
1003 990 1144 1046 Istud
1183 992 1236 1044 in
1272 990 1743 1060 reprehensionem
1772 991 2013 1055 adducit,

454 1091 507 1134 et
531 1083 646 1136 ait:
687 1101 704 1133 ι
737 1083 870 1136 Ecce
898 1097 996 1152 ego
1021 1098 1213 1152 separo
1238 1084 1388 1137 vobis
1413 1083 1715 1137 humerum.
1755 1101 1774 1135 ι
1814 1083 2014 1151 Separo

455 1176 649 1241 posuit,
679 1189 801 1243 pro,
833 1177 1090 1241 separavi,
1122 1184 1176 1229 et
1200 1175 1374 1230 denuo
1407 1173 1528 1228 volo
1555 1174 1760 1228 servari
1785 1186 2011 1228 consue-

457 1267 712 1320 tudinem.
751 1266 1099 1336 Superadjcci
1140 1268 1317 1336 quasi,
1372 1267 1486 1321 sive
1525 1266 1724 1336 adjicio
1757 1284 1775 1316 ι
1809 1265 2012 1319 ventri-

452 1353 631 1408 culum
657 1369 870 1423 quoque
902 1355 952 1409 in
979 1354 1143 1410 facies
1170 1365 1398 1412 vestras.
1422 1374 1440 1407 ο
1460 1357 1723 1423 Quoniam
1743 1357 1884 1409 enim
1911 1355 2012 1424 ipsi

451 1446 776 1500 dedecorant
793 1447 980 1511 altare,
1001 1448 1120 1500 ideo
1146 1446 1285 1501 Deus
1305 1448 1454 1512 dicit,
1485 1447 1872 1516 «dispergam,»
1903 1446 2012 1498 vel.

453 1545 510 1590 ut
559 1550 654 1604 par
690 1538 804 1606 pari
869 1537 1128 1592 referens.
1179 1556 1198 1588 ι
1236 1537 1337 1603 Qui
1387 1540 1530 1592 enim
1580 1553 1668 1592 me
1714 1536 2013 1591 contemnit

450 1638 825 1682 eoutemnetur
851 1629 920 1681 "~.
976 1647 994 1680 ι
1015 1647 1124 1680 -ι
1163 1629 1465 1698 Suscipiam
1499 1631 1678 1698 itaque
1708 1643 1802 1684 vos
1830 1628 1890 1683 in
1925 1628 2009 1681 id-

452 1717 624 1786 ipsum
651 1736 672 1774 ι
702 1738 721 1770 ι
749 1719 851 1773 hoc
877 1730 977 1784 est,
1005 1719 1058 1773 in
1098 1720 1199 1774 hoc
1221 1721 1337 1788 ipso
1370 1719 1616 1791 superior
1650 1719 1797 1782 liam,
1831 1727 1886 1774 et
1908 1719 2012 1772 im-

449 1811 568 1874 pios
603 1810 942 1878 redarguam.
973 1810 1110 1876 Quia
1143 1811 1288 1864 enim
1312 1809 1484 1880 legem
1518 1811 1584 1864 de
1620 1809 1916 1880 seligendis
1941 1808 2009 1864 ad

2116 627 2470 694 τεταγμένοις
2507 629 2586 690 είς
2620 628 2928 700 ἱερουργίαν
2957 628 3026 680 τὰ
3051 627 3160 679 τῶν
3203 626 3458 698 θυμάτων
3487 623 3684 697 ἀφορί-

2116 716 2301 780 ζεσθαι
2333 718 2495 789 μέρη,
2519 718 2904 789 κατημέλησαν
2930 719 3030 788 μὲν
3057 717 3148 772 τοῦ
3171 717 3367 790 χρῆναι
3399 733 3686 788 μωμοσκο-

2115 809 2257 873 πεῖν,
2309 807 2609 878 ἠτεθήκασι
2664 809 2720 861 δὲ
2770 806 2869 879 τὴν
2901 808 3121 877 ἐντολὴν
3175 807 3285 860 τῶν
3332 806 3685 877 καλουμένων

2115 896 2528 968 ἀφαιρεμάτων,
2576 897 2639 950 οὗ
2695 896 2790 949 τοῦ
2840 896 2976 950 Θεοῦ
3015 897 3212 968 μᾶλλον
3259 896 3357 967 ἡδὺ
3389 895 3499 948 τῶν
3539 892 3685 950 ἰδίων

2114 985 2442 1055 πράττοντες
2467 985 2591 1056 θελη
2601 985 2804 1055 μάτων,
2835 1003 2867 1039 κ
2876 986 3188 1056 ρατύνοντές
3217 1001 3275 1038 τε
3295 985 3390 1038 καὶ
3417 982 3686 1052 ἐμπεδοῦν

2115 1075 2523 1140 σπουδάζοντες,
2556 1077 2660 1132 am
2669 1094 2699 1147 ρ
2724 1078 2920 1141 αὐτοὺς
2943 1078 3171 1146 ὠφελεῖν
3188 1076 3364 1130 ἐδόκει
3389 1075 3459 1130 τά
3485 1077 3550 1130 ὲκ
3571 1074 3680 1128 τῶν

2114 1168 2369 1237 θυμάτων
2396 1168 2804 1239 συναγείροντες
2849 1168 3004 1240 κρέα.
3031 1167 3200 1221 Τοῦτο
3251 1167 3486 1237 παράγει
3544 1165 3680 1234 πρὸς

2113 1259 2352 1330 ἔλεγχον,
2382 1260 2474 1312 καί
2503 1275 2687 1330 φησιν’
2753 1279 2771 1310 ι
2823 1261 2950 1312 Ἰδοὺ
2983 1258 3094 1328 ἐγὼ
3135 1259 3378 1329 ἀφορίζω
3434 1259 3560 1328 ὑμῖν
3589 1257 3682 1312 τὸν

2111 1345 2279 1420 ὦμον.
2313 1367 2332 1402 ›
2385 1350 2460 1403 Τὸ
2502 1349 2580 1414 δὲ,
2611 1349 2884 1418 ἀφορίᾱυ,
2943 1349 3037 1404 νῦν
3088 1350 3335 1404 τέθεικεν
3391 1349 3514 1402 ἀντὶ
3558 1347 3677 1414 τοῦ»

2125 1441 2402 1511 ’Δφὼρισά
2420 1459 2481 1494 τε
2509 1443 2628 1513 ἤδη,
2663 1442 2758 1496 καὶ
2793 1445 2871 1506 είς
2897 1442 3058 1512 δεῦρο
3109 1441 3367 1512 βούλομαι
3392 1439 3679 1512 τηρεῖσθαι

2109 1530 2170 1584 τὺ
2207 1531 2347 1593 ἔθος.
2381 1531 2729 1602 Προσέρεὴψα
2766 1530 2824 1584 δὲ
2855 1530 3065 1601 ὥσπερ,
3093 1531 3214 1601 ἦτοι
3235 1529 3558 1603 προσρίπτω
3585 1533 3680 1588 καὶ

2110 1618 2171 1670 τὸ
2215 1635 2232 1668 ι
2270 1617 2525 1690 ἐνυστρον
2551 1620 2630 1681 είς
2649 1617 2718 1671 τά
2748 1617 3016 1688 πρόσωπα
3046 1618 3216 1688 ὑμῶν.
3257 1637 3276 1671 ι
3327 1618 3548 1690 Ἐπειδὴ
3567 1619 3678 1689 γὰρ

2109 1711 2433 1780 ἀτιμάζουσι
2469 1711 2622 1766 αὐτοὶ
2649 1712 2710 1765 τὸ
2745 1710 3145 1783 θυσιαστήριον,
3168 1711 3340 1784 ταύτῃ
3370 1729 3452 1766 τοι
3486 1713 3677 1783 ιΣκορ-

2109 1802 2282 1868 πιῶ,›
2336 1803 2490 1874 φησὶ,
2521 1797 2633 1856 οἷον
2655 1801 3016 1874 ἀνθυϐρίζων.
3057 1824 3074 1855 ι
3130 1805 3188 1858 '0
3235 1804 3342 1875 γὰρ
3386 1804 3676 1870 ἐξουδενῶν

449 1915 600 1954 usum
629 1911 865 1955 vestrum
903 1902 1256 1967 observastis,
1307 1909 1624 1972 partemque
1671 1901 1831 1956 vobis.
1872 1917 1997 1956 con-

2109 1910 2198 1964 με,
2223 1896 2379 1963 φησὶ,
2395 1893 2900 1965 ἐξουδενωθήσεται.
2916 1895 3302 1967 ι--σΛήψομαι
3323 1896 3387 1967 δη
3418 1891 3512 1949 οὖν
3533 1896 3678 1967 ὑμᾶς

444 2004 652 2042 eessam
686 1990 995 2059 neutiquam
1030 1992 1333 2062 relinquere
1357 1993 1778 2057 sustinuistis,et
1811 2008 2004 2062 super.

442 2092 739 2132 vacatteum
769 2081 917 2135 vobis
951 2081 1166 2136 videtur
1195 2081 1330 2136 vitia
1367 2081 1671 2151 inspicere,
1707 2091 2003 2152 propterea

442 2169 790 2236 cognoscetis
815 2169 998 2224 clausa
1035 2185 1165 2224 esse
1198 2187 1360 2241 super
1387 2186 1484 2226 vos
1525 2172 1702 2226 ostia:
1751 2173 1852 2225 hoc
1898 2181 2002 2237 est,

443 2257 750 2311 sacerdotio
801 2272 898 2314 vos
933 2259 1182 2314 exclusos
1232 2269 1287 2314 et
1327 2259 1530 2328 eiectos
1566 2274 1706 2316 esse.
1737 2259 2002 2326 Quoniam

441 2362 540 2416 ego
562 2347 680 2402 dedi
718 2349 1028 2404 mandatum
1079 2350 1203 2415 ltoc,
1257 2351 1371 2406 sive
1415 2360 1816 2416 testamentum,
1864 2355 2007 2420 quod

441 2439 775 2509 disposui-ad
830 2439 1064 2497 Levitas.
1111 2443 1248 2510 Quid
1301 2444 1467 2513 igitur
1517 2444 1685 2506 inde?
1715 2443 2005 2503 Sciendum

440 2538 522 2581 est
545 2529 908 2584 divininorum
932 2530 1180 2590 altarium
1223 2533 1497 2591 ministris.
1527 2532 1830 2588 faciendum
1863 2531 2006 2602 quod

441 2618 554 2672 vult
592 2617 752 2685 Deus,
791 2621 958 2694 833
1011 2631 1066 2677 et
1113 2626 1379 2684 mandatis
1429 2625 1716 2680 dominicis
1780 2625 2002 2694 postha-

439 2711 669 2765 bcndnm
705 2725 868 2781 atque
917 2716 1371 2770 contemnendum
1418 2730 1528 2785 prae
1571 2715 1680 2769 illis
1740 2715 1997 2784 quidquid

436 2800 634 2869 alioqui
687 2802 814 2871 ipsis
843 2805 1182 2860 commodum
1217 2805 1450 2862 videtur.
1505 2806 1596 2862 Sic
1633 2808 1777 2863 enim
1823 2807 1996 2862 sancti

433 2902 901 2948 ertmtsaerorum
952 2897 1207 2964 ministri,
1252 2912 1352 2952 nec
1414 2899 1694 2968 pereuntia
1749 2898 1993 2970 diligent,

433 2997 532 3037 uec
551 2996 579 3035 a
609 2984 749 3052 turpi
785 2997 992 3056 quaram
1019 2990 1366 3045 transversim
1390 3002 1638 3059 agentur.

2109 1987 2188 2048 εἰς
2218 1985 2449 2054 τδηαύτδ,
2512 2006 2531 2037 ι
2584 1986 2852 2051 τουτέστι,
2899 1987 2956 2039 ἐν
2979 1986 3126 2058 αὐτῷ
3182 1987 3246 2057 δὴ
3293 1988 3469 2059 τούτῳ
3518 2005 3676 2058 περι-

2108 2076 2324 2146 έσομαι,
2357 2077 2450 2130 καὶ
2481 2076 2808 2142 ἀσεϐοῦντας
2852 2077 3074 2146 ἐλέγξω.
3128 2079 3266 2132 Ἀνθ’
3298 2081 3420 2133 ὅτου
3474 2079 3580 2151 γὰρ
3611 2079 3675 2149 δὴ

2105 2167 2199 2226 τδν
2233 2166 2331 2237 μὲν
2359 2167 2451 2219 ἐπὶ
2483 2170 2595 2236 τοῖς
2623 2167 2963 2240 ἀφαιρέμασι
3015 2171 3128 2232 τοῖς
3150 2168 3305 2239 ὑμῶν
3335 2170 3674 2240 τετηρήκατε

2105 2259 2288 2328 νόμον,
2313 2260 2543 2330 καὶτῆς
2574 2259 2819 2330 δοθείσης
2875 2261 3002 2332 ὑμῖν
3048 2261 3264 2332 μερίδος
3313 2262 3433 2315 κατ’
3488 2261 3674 2314 οὐδένα

2103 2348 2302 2418 τρόπον
2354 2347 2616 2418 ἀνέχεσθε
2660 2349 3145 2421 καταρρᾳθυμεῖν,
3193 2352 3398 2405 εἰκαῖον
3445 2350 3502 2405 δὲ
3544 2352 3674 2422 ὑμῖν

2101 2441 2251 2504 δοκεῖ
2308 2441 2371 2494 τὺ
2418 2441 2614 2513 χρῆναι
2666 2445 3052 2513 μωμοσκοπεῖν
3075 2481 3092 2508 ,
3142 2443 3415 2512 γνώσεσθε
3463 2443 3526 2515 δὴ
3580 2440 3674 2498 οὖν

2103 2531 2500 2602 κεκλεισμένων
2546 2533 2632 2600 ἐφ’
2681 2534 2808 2602 ὑμῖν
2865 2533 2974 2587 τῶν
3027 2532 3227 2605 θυρῶν,
3286 2534 3551 2595 τουτέστι,
3585 2536 3675 2587 ὲκ-

2100 2626 2406 2696 κλειόμενοί
2434 2644 2494 2681 τε
2527 2628 2623 2681 καὶ
2651 2627 3057 2698 ἐκπεμπόμενοι
3092 2631 3192 2699 τῆς
3225 2628 3532 2700 ἱερουργίας
3571 2628 3669 2696 (I).

2105 2718 2226 2775 Ὀτι
2249 2717 2368 2787 ἐγὼ,
2391 2718 2601 2772 δέδωκα
2621 2719 2720 2788 τὴν
2750 2719 2968 2790 ἐντολὴν
3005 2720 3230 2791 ταύτην,
3253 2722 3372 2792 ἦτοι
3403 2720 3505 2792 τὴν
3553 2719 3670 2774 διά-

2101 2807 2273 2874 θεσιν,
2303 2808 2368 2879 ἦν
2400 2808 2655 2880 διεθέμην
2690 2809 2826 2880 πρὸς
2889 2812 3016 2874 τοὺς
3059 2811 3311 2876 Λευίτας.
3359 2810 3425 2864 Τί
3466 2805 3559 2864 οὖν
3609 2809 3673 2862 τὺ

2099 2897 2381 2964 ὲντεῦθενς
2409 2899 2619 2952 Εἰδὲναι
2649 2901 2915 2969 προσήκει
2941 2903 3065 2964 τοὺς
3096 2905 3206 2966 τοῖς
3238 2900 3403 2965 θείοις
3427 2900 3668 2970 λσιτουρ⁴

2100 2987 2331 3057 γοῦντας
2349 2988 2773 3060 θυσιαστηρίοις,
2805 2991 2833 3044 ὅ
2852 3009 2904 3044 τι
2931 2990 2992 3044 τδ
3013 2991 3131 3063 θεῷ
3182 2992 3373 3046 δοκοῦν
3424 2992 3669 3063 ἐκπράτ-

427 3069 618 3124 τεσθαι
661 3071 801 3144 χρὴ,
854 3075 950 3128 καὶ
1000 3074 1109 3129 τῶν
1159 3077 1506 3132 Δεσποτικῶν
1593 3076 2028 3150 προσταγμάτων
2089 3075 2397 3149 ῥιπτεῖσθαι
2465 3080 2696 3132 κατόπιν
2759 3081 2903 3142 πᾶν,
2959 3082 3095 3153 ὅπερ
3155 3083 3352 3147 αὐτοὺς
3420 3081 3653 3153 ὠφελεῖν

429 3163 630 3235 ἑτέρως
672 3165 838 3225 δοκεῖ.
905 3166 1065 3240 Ἱεροὶ
1135 3169 1255 3242 γὰρ
1291 3169 1464 3235 οὕτως
1490 3171 1703 3232 ἔσονται
1733 3170 2056 3241 λειτουργοὶ,
2103 3171 2196 3235 καὶ
2230 3170 2350 3244 οὐχὶ
2376 3170 2484 3228 τῶν
2529 3172 2880 3244 προσκαίρων
2929 3175 3176 3242 ἐρασταὶ,
3222 3176 3315 3229 καὶ
3365 3174 3670 3248 λημμάτων

415 3261 552 3330 ι-αἰσχ
558 3260 666 3329 ρῶν
695 3262 1016 3335 ἡττώμενοι,

503 3374 659 3431 Vens.
698 3377 752 3433 5.
790 3376 1174 3435 Testamentum
1205 3397 1375 3436 meum
1415 3382 1518 3450 fuit
1551 3398 1754 3438 cum-eo
1785 3382 1900 3438 vita:
1937 3393 1982 3436 et
2013 3371 2055 3429 C

426 3468 593 3531 Dacis.

500 3578 684 3636 XVIII.
728 3579 992 3653 Loquitur
1025 3585 1092 3642 de
1137 3585 1203 3642 iis
1237 3589 1326 3658 qui
1361 3601 1546 3645 sancte
1579 3601 1632 3646 et
1663 3605 1787 3646 cum
1837 3590 1994 3646 laude

426 3674 784 3733 sacerdotium
836 3687 1020 3743 erunt,
1053 3680 1292 3750 illudque
1331 3697 1445 3738 rem
1501 3698 1620 3740 esse
1653 3699 1783 3739 vere
1822 3685 1994 3739 admi-

427 3766 646 3821 rabilem
674 3769 928 3834 ostendit,
959 3771 1107 3840 quod
1141 3773 1357 3842 quidem
1387 3773 1456 3828 ad
1485 3774 1682 3847 legem,
1720 3785 1774 3832 et
1810 3778 1876 3833 ad
1909 3779 1991 3832 di-

411 3853 668 3912 ‘vinarum
692 3859 1105 3929 'Scriplurarum
1145 3862 1376 3919 fructum
1417 3866 1990 3935 conﬁrmationemque

423 3949 675 4020 pertinet.
702 3949 861 4018 Nam,
881 3955 1214 4023 utsapienter
1228 3955 1416 4012 scribit
1435 3957 1630 4015 Paulus
1656 3980 1670 4016 :
1694 3978 1713 4013 ι
1735 3959 1844 4016 Lex
1861 3977 1987 4018 san-

419 4051 527 4106 cta,
555 4051 608 4096 et
627 4045 940 4107 mandatum
955 4056 1202 4100 sanctum
1222 4086 1238 4112 ,
1260 4057 1313 4101 et
1334 4047 1560 4118 justum,
1583 4061 1637 4106 et
1657 4053 1855 4108 bonum
1873 4056 1942 4104 η.
1963 4074 1981 4107 ι

419 4131 644 4203 Quando
665 4134 829 4205 igitur
857 4137 1027 4191 visum
1047 4147 1129 4192 est
1147 4138 1212 4193 de
1231 4139 1357 4202 Levi
1373 4144 1538 4201 verba
1573 4142 1774 4211 facere,
1794 4161 1986 4202 sensus

417 4229 815 4291 percommode,
850 4229 1006 4298 plane
1037 4247 1140 4286 non
1174 4234 1238 4286 ad
1270 4233 1419 4287 illum
1451 4235 1540 4310 q‘ni
1575 4250 1640 4290 ex
1658 4235 1824 4290 Iacob
1856 4253 1984 4305 pro-

416 4319 658 4385 genitus,
689 4330 742 4374 et
775 4321 915 4376 inter
945 4323 1224 4382 duodecim
1265 4325 1403 4383 ﬁlios
1427 4326 1544 4394 ejus
1566 4329 1981 4394 numerabatur,

415 4409 730 4470 referendus
773 4424 876 4476 est,
895 4415 1005 4486 jam
1041 4416 1184 4470 enim
1216 4419 1305 4486 qui
1337 4419 1642 4474 sacerdotio
1690 4421 1984 4490 [irrigantur

413 4501 480 4555 de
510 4501 719 4562 familia.
747 4503 871 4565 Levi
915 4507 1054 4565 nulli.
1081 4519 1210 4562 sunt
1251 4511 1515 4578 omnino;
1575 4512 1978 4584 inteUigendum

411 4603 592 4648 autem
637 4597 1020 4660 sacerdotium,
1054 4610 1110 4654 et
1170 4600 1270 4655 hoc
1316 4601 1488 4669 ipsum
1534 4606 1675 4673 quod
1708 4615 1793 4661 est
1825 4622 1978 4667 sacra

2170 3376 2238 3431 Ἦ
2264 3375 2520 3444 διαθήκη
2567 3395 2687 3447 μου
2734 3373 2812 3448 ἦν
2833 3381 2961 3448 μετ’
3004 3380 3188 3435 αὑτοῦ
3222 3381 3338 3449 τῆς
3384 3381 3532 3452 ζωῆς
3567 3386 3663 3440 καί

2096 3468 2204 3538 τῆς
2232 3468 2497 3538 εἰρήνης·

2167 3583 2274 3636 Iﬂ'.
2323 3581 2668 3652 Ἀνακομίζει
2700 3583 2794 3636 τὸν
2816 3583 2973 3654 λόγον
2997 3585 3088 3638 ἐπὶ
3113 3588 3238 3650 τοὺς
3271 3588 3458 3656 ἁγίους
3477 3606 3534 3642 τε
3563 3591 3658 3644 καὶ

2092 3674 2395 3744 εὐδοκίμως
2460 3674 2896 3746 ίερατεύσαντας,
2932 3676 3024 3730 καὶ
3078 3675 3405 3745 ἀξιάγαστον
3447 3679 3662 3751 ἀληθῶς

2090 3764 2380 3835 ἀποφαίνει
2404 3765 2591 3835 χρῆμα
2634 3765 2732 3835 τὴν
2779 3765 3108 3837 ίερουργίαν,
3171 3768 3229 3821 τό
3278 3786 3340 3838 γε
3393 3765 3526 3841 ἧκον
3580 3773 3660 3835 είς

2081 3856 2252 3926 ’νόμον
2275 3856 2496 3927 καὶ⁶τὴν
2526 3858 2598 3910 ἐκ·
2615 3856 2724 3911 τῶν
2752 3855 2921 3910 θείων
2938 3860 3430 3932 χρησμῳδημάτων
3468 3862 3659 3933 ὄνησιν

2089 3947 2184 4000 καὶ
2215 3947 2532 4016 ἀσφάλειαν.
2593 3948 2685 4012 Ὠς
2709 3947 2821 4021 γὰρ
2845 3950 2874 4002 ὁ
2922 3950 3236 4018 σοφώτατος
3273 3953 3470 4024 γράφει
3508 3953 3659 4007 Παῦ-

2087 4037 2196 4101 λοςο
2229 4055 2248 4090 ι
2296 4039 2354 4092 ’0
2380 4038 2545 4108 νόμος
2591 4039 2764 4109 ἅγιος,
2823 4041 2919 4094 καὶ
2949 4043 2982 4112 η
3012 4042 3207 4114 ἐντολὴ
3253 4043 3404 4111 ἁγία,
3434 4045 3529 4098 καὶ
3575 4045 3656 4098 δι-

2087 4129 2234 4195 καία,
2270 4131 2364 4183 καὶ
2420 4129 2621 4200 ἀγαθή.
2679 4151 2696 4181 ι
2748 4133 2916 4186 Ὅταν
2967 4133 3146 4187 τοίνυν
3204 4134 3350 4188 δοκεῖ
3404 4136 3532 4204 περὶ
3562 4135 3657 4190 τοῦ

2083 4223 2214 4274 Λευὶ
2242 4222 2507 4275 ποιεῖσθαι
2535 4224 2661 4287 τοὺς
2698 4223 2910 4292 λόγους,
2958 4225 3242 4281 ἀναθετέον
3286 4223 3346 4280 εὖ
3373 4229 3515 4296 μάλα
3545 4229 3656 4281 τῶν

2083 4313 2370 4385 νοημάτων
2429 4313 2528 4384 τὴν
2575 4315 2837 4386 δύναμιν,
2896 4317 3016 4388 οὐχὶ
3063 4318 3125 4390 δή
3166 4335 3268 4373 που
3323 4321 3539 4384 πάντως
3569 4323 3657 4375 ἐπ’

2084 4397 2302 4458 ἐκεῖνον’
2316 4405 2374 4468 ὃς
2407 4406 2574 4474 ἀνέφυ
2603 4407 2702 4477 μὲν
2731 4409 2791 4472 ἐξ
2835 4409 3047 4476 Ἰακὼϐ,
3081 4413 3392 4483 ἐναρίθμιος
3437 4415 3492 4468 δὲ
3541 4420 3655 4479 τοῖς

2080 4494 2399 4549 δυοκαίδεκα
2420 4498 2639 4565 γέγονεν
2670 4501 2826 4562 υἱοῖς·
2858 4501 2918 4554 οὐ
2965 4504 3073 4573 γὰρ
3106 4503 3472 4572 ίερατεύουσιν
3493 4509 3650 4572 ὅλως·

2082 4587 2385 4657 συνήσομεν
2412 4588 2468 4641 δὲ
2489 4592 2588 4660 τῆς
2609 4590 2907 4662 ἱερωσύνης
2931 4593 2992 4645 τὸ
3012 4594 3217 4665 χρῆμα,
3237 4597 3330 4650 καὶ
3351 4599 3482 4653 αὐτὸ
3495 4599 3652 4654 τοῦτο

414 4686 591 4740 tacere
646 4686 698 4740 in
754 4703 980 4757 persona
1041 4690 1164 4750 Levi
1217 4694 1614 4768 quodammodo
1664 4697 1973 4769 ﬁguratum.

2097 4678 2218 4749 ἱπερ
2236 4679 2380 4733 ἐστὶν
2406 4681 2685 4753 ἱερουργία
2720 4687 2994 4754 μονονουχὶ
3043 4687 3138 4739 καὶ
3185 4686 3652 4760 διαμορφούμενον

413 4797 431 4825 ι
471 4775 592 4831 Fuit
620 4778 808 4847 igitur,
831 4779 1028 4854 inquit,
1057 4783 1123 4837 ad
1157 4784 1330 4852 ipsum
1369 4795 1747 4846 testamentum
1797 4806 1972 4846 meum

411 4870 532 4923 sine
582 4879 637 4923 et
671 4872 839 4940 pacis.
886 4892 905 4924 ι
943 4872 1231 4944 Proposita
1283 4888 1366 4936 est
1411 4880 1555 4934 enim
1604 4883 1781 4938 verbis
1838 4883 1970 4939 Mosi

407 4963 748 5017 sanctissimo
776 4963 860 5020 lex
883 4967 1085 5036 scripta
1123 4970 1369 5030 ordinata
1396 4988 1494 5042 per
1535 4975 1754 5045 angelos
1777 4976 1844 5039 ”,
1879 4991 1974 5046 per

405 5049 588 5108 Mosen
626 5066 807 5110 autem
834 5059 1005 5126 posita
1042 5058 1327 5127 lsraelitis,
1366 5065 1555 5127 vitam,
1590 5075 1646 5120 et
1683 5082 1869 5136 pacem
1907 5068 1974 5123 iis

404 5143 496 5210 qui
531 5145 844 5203 innocenter
875 5151 1058 5209 vivere
1085 5162 1141 5207 et
1168 5152 1493 5225 legislatoris
1521 5156 1856 5215 voluntatem
1876 5176 1975 5230 pro

408 5234 586 5304 regula
620 5237 719 5293 sibi
745 5256 1044 5310 proponere
1073 5243 1293 5309 vellent,
1331 5247 1679 5312 annuntians.

525 5569 567 5600 "
596 5569 610 5621 |
639 5567 768 5640 Reg.
801 5587 858 5636 tt,
890 5573 975 5627 ου.

472 5753 545 5834 ll)
571 5752 727 5834 lin-ue
751 5756 924 5834 locum
949 5759 1180 5834 fortasse
1212 5763 1285 5815 ita
1307 5765 1500 5834 rectius
1530 5765 1672 5834 legas
1698 5785 1706 5818 :
1733 5766 1952 5820 Κεκλει-

403 5826 596 5898 σμένας
645 5826 727 5894 ἐφ’
755 5827 888 5896 ὑμῖν
922 5830 1014 5892 τὰς
1045 5831 1232 5902 θύρας,
1266 5834 1404 5903 ὑμεῖς
1448 5833 1501 5888 δὲ
1537 5826 1950 5908 εξίκλεσομένους

2081 4769 2158 4834 ὡς
2188 4773 2244 4828 ὲν
2275 4773 2550 4846 προσώπῳ
2575 4776 2728 4831 Λευί.
2769 4797 2785 4828 ι
2814 4774 2922 4832 Ἦν
2953 4780 3148 4845 τοίνυν,
3204 4783 3356 4852 φησι,
3391 4784 3526 4854 πρὸς
3555 4786 3652 4838 αὑ-

2081 4863 2172 4916 τὸν
2201 4865 2232 4934 ἡ
2257 4863 2494 4929 διάθεσίς
2529 4885 2629 4937 μου
2660 4868 2761 4938 τῆς
2788 4869 2933 4940 ζωῆς
2953 4871 3045 4925 καὶ
3069 4873 3168 4944 τῆς
3197 4874 3437 4944 εἰρήνης.
3478 4894 3497 4926 ι
3547 4878 3649 4930 Λε-

2079 4953 2307 5026 λάληται
2343 4959 2442 5028 μὲν
2469 4960 2581 5031 γάρι
2601 4960 2676 5024 ὡς
2702 4962 2837 5033 πρὸς
2871 4964 3070 5017 Μωσὲα
3103 4965 3194 5019 τὸν
3226 4965 3514 5036 ἱερώτατον
3545 4971 3651 5022 ὁὲν

2079 5044 2364 5116 γράμμασι
2396 5049 2576 5119 νόμος,
2610 5050 2946 5122 διακονηθεὶς
3001 5053 3067 5109 δι’
3099 5054 3363 5124 ἀγγέλων,
3414 5057 3649 5113 τέθειται

2076 5133 2131 5185 δὲ
2165 5134 2254 5190 διὰ
2280 5138 2503 5210 μεσίτην
2532 5142 2734 5194 Μωσέα
2765 5143 2874 5206 τοῖς
2916 5143 2974 5208 ἐξ
2995 5145 3224 5215 αἵματος
3265 5148 3499 5220 Ἰσραὴλ,
3541 5168 3648 5206 πα-

2081 5226 2372 5293 ραγγελίαν
2431 5229 2570 5298 ἔχων
2623 5231 2769 5302 ζωῆς
2821 5233 2912 5286 καὶ
2968 5236 3190 5306 εἰρήνης
3243 5239 3355 5300 τοῖς
3402 5239 3646 5294 ἐθέλουσι

2077 5317 2225 5386 βιοῦν
2256 5319 2429 5390 ὀρθῶς
2464 5324 2555 5375 καί
2580 5325 2776 5378 κανόνα
2821 5327 3086 5380 ποιεῖσθαι
3137 5330 3234 5398 τῆς
3271 5329 3476 5390 ἑαυτῶν
3501 5331 3644 5405 ζωῆς

2070 5409 2131 5462 τὸ
2161 5410 2236 5480 τῷ
2265 5413 2526 5485 νομοθέτῃ
2552 5415 2764 5478 δοκοῦν,

1089 5572 1132 5604 ⁸-⁸
1168 5573 1323 5631 Rom.
1347 5592 1440 5642 tm,
1474 5578 1560 5633 I2.
1637 5581 1681 5612 ”
1705 5581 1878 5635 Galat-
1909 5595 1991 5650 ιιι,
2023 5584 2104 5639 l9-

2062 5770 2240 5892 :Jsdrta't
2262 5771 2712 5845 ἐκπεμπνμένους
2741 5775 2835 5849 τῆς
2867 5778 3194 5851 ἱερουργίας
3221 5786 3360 5842 elita
3389 5801 3486 5843 nos
3519 5786 3634 5844 rga.

2101 5855 2117 5892 t
2159 5855 2313 5892 unus.

2101 5855 2313 5897 ιαιιιιιιδ.
