4120 6376
416 410 525 470 309

1268 420 1815 480 COMMENTARIUS
1854 421 1920 479 ΙΝ
1964 423 2381 482 MALACHIAM-
2413 416 2850 478 PROPllETAM.

3548 419 3665 475 δια

486 528 669 581 Ἐοικε
689 527 747 580 δέ
776 544 828 581 τι
859 529 952 582 καί
978 528 1082 582 τῶν
1113 531 1550 605 ἀναγκαιοτέρων
1582 538 1662 599 είς
1692 536 1922 608 θεωρίαν
1950 539 1980 591 ό

2153 538 2376 593 Videtur
2402 549 2580 591 autem
2611 548 2790 589 sermo
2820 532 3089 602 quidpiam
3114 531 3181 588 ad
3203 531 3662 588 considerandum.

413 616 568 686 λόγος
595 618 728 687 ἡμῖν
756 620 835 682 είς
861 619 921 673 τὸ
946 621 1118 690 παρὸν
1148 621 1574 679 ὑπαινίττεσθαι.
1626 627 1845 681 Δέδοται
1876 628 1984 699 γὰρ

411 712 439 761 ὸ
464 708 757 779 νόμοςτοίς
784 711 1052 781 ἀρχαίοις,
1076 716 1187 776 τοῖς
1213 713 1273 779 ἐξ
1303 715 1531 785 αἵματος
1550 719 1682 771 Λευὶ
1712 719 1985 788 παιδαγω-

411 799 537 869 γίαν
560 801 828 870 εἰσφέρων
855 802 946 855 ἐπὶ
967 802 1044 873 τῷ
1075 803 1313 874 Χριστῷ,
1361 806 1454 861 καὶ
1476 808 1674 862 ,εἰκόνα
1725 806 1848 861 τινά
1890 808 1984 861 καὶ

410 889 757 945 ὑποτύπωσιν
790 893 1004 964 ἐμφανῆ
1046 893 1155 948 τῶν
1206 895 1601 968 ἀληθεστέρων.
1648 899 1879 970 Ἀληθὴς
1926 900 1984 953 δὲ

410 981 661 1053 Χριστὸς,
694 983 751 1045 ὃς
778 985 892 1036 ἐστι
919 982 1052 1055 ζωὴ,
1087 987 1181 1039 καὶ
1226 988 1437 1057 εἰρήνη,
1466 990 1560 1043 καὶ
1580 990 1744 1044 αὑτὸν
1770 994 1900 1062 ἡμῖν
1927 994 1984 1046 αι

408 1075 498 1127 διὰ
520 1075 765 1138 Μωσέως
788 1076 1053 1147 γράφουσι
1081 1078 1248 1131 σκιαί.
1281 1079 1569 1151 Τοιγάρτοι
1604 1083 1697 1136 καὶ
1743 1081 1982 1150 ἔφασκεν

422 1164 692 1227 Ἰουδαίοις
723 1165 1059 1236 προσλαλῶν·
1124 1186 1144 1219 ι
1176 1168 1238 1221 El
1266 1169 1579 1224 ἐπιστεύετε
1630 1174 1825 1246 Μωσῇ,
1857 1176 1983 1229 επι-

409 1254 623 1308 στεύετε
652 1254 718 1309 ἂν
746 1255 887 1325 ἐμοί’
924 1258 1052 1327 περὶ
1095 1259 1204 1329 γὰρ
1243 1260 1376 1330 ἐμοῦ
1422 1263 1627 1326 ἐκεῖνος
1667 1264 1924 1336 ἔγραψεν.
1957 1286 1974 1320 ι

408 1346 575 1399 Αὑτὸν
606 1346 793 1417 ἐδήλου
818 1348 1151 1419 σφαζόμενος
1177 1352 1347 1421 ἀμνὸς
1376 1354 1435 1406 έν
1466 1357 1597 1425 μηνὶ
1650 1355 1727 1426 τῷ
1758 1356 1979 1429 πρώτῳ,

406 1440 471 1505 τῇ
504 1438 1063 1511 τεσσαρεσκαιδεκάτῃ
1090 1442 1290 1512 ἡμέρᾳ,
1336 1444 1430 1497 καὶ
1458 1444 1757 1510 ἀνασώζειν
1786 1448 1982 1503 ἐθέλων

404 1526 483 1597 τῷ
506 1526 695 1597 αἵματι
716 1528 843 1592 τοὺς
868 1528 1040 1599 χρίειν
1070 1528 1352 1595 ἐθέλοντας
1369 1532 1463 1597 τὰς
1482 1534 1588 1588 τῶν
1612 1535 1776 1590 οἴκων
1797 1537 1976 1607 φλιάς·

406 1619 577 1673 Αὑτὸν
614 1623 647 1692 ἠ
678 1622 909 1692 δάμαλις
937 1626 969 1695 ή
1000 1626 1184 1696 πυρῤά
1207 1641 1267 1678 τε
1295 1627 1389 1680 καὶ
1413 1629 1663 1700 ἄμωμος,
1691 1624 1810 1702 ἦςή
1846 1650 1982 1687 σπο-

403 1710 491 1765 διὰ
520 1712 636 1781 μεθ’
686 1712 875 1778 ὕδατος
929 1715 1122 1785 ἡγίαζε
1162 1736 1182 1768 ‹
1215 1719 1344 1783 τοὺς
1388 1723 1817 1793 κεκοινωμένους
1846 1726 1983 1796 πρὸς

402 1801 501 1872 τὴν
534 1803 632 1871 τῆς
689 1805 887 1875 σαρκὸς
934 1804 1300 1879 καθαρότητα,
1337 1829 1357 1861 ι
1412 1811 1594 1875 καθὼς
1648 1813 1973 1885 γέγραπται.

406 1893 575 1947 Αὑτὸν
602 1896 632 1947 ὁ
666 1894 874 1966 άζυμος
910 1898 1095 1968 ἄρτος,
1146 1901 1201 1953 αἱ
1247 1902 1527 1971 τρυγόνες,
1562 1902 1613 1955 οι
1646 1881 1850 1957 νεοττοὶ
1874 1905 1980 1958 τῶν
2014 1881 2053 1935 Β

406 1984 767 2055 περιστερῶν,
805 1988 901 2041 καὶ
920 1989 1258 2055 ἁπαξαπλῶς
1279 1988 1348 2063 ἦν
1368 1995 1396 2046 ό
1424 1993 1588 2065 νόμος
1618 1996 1715 2065 τῆς
1741 1996 1832 2049 ἐπὶ
1847 1997 1980 2067 Χρι-

407 2074 515 2146 στῷ
545 2076 796 2148 θεωρίας.
855 2078 1095 2146 Εἰκότως
1142 2078 1237 2137 οὖν
1280 2084 1498 2152 λέγεται
1550 2085 1794 2157 Διαθήκη
1834 2087 1980 2158 ζωῆς

405 2166 499 2220 καὶ
525 2167 768 2239 είρήνης.
826 2172 1259 2243 Ζωοποιηθέντες
1286 2174 1396 2246 γὰρ
1438 2175 1497 2229 ὲν
1526 2175 1695 2248 αὐτῷ,
1723 2177 1788 2232 δι’
1812 2177 1977 2233 αὑτοῦ

402 2257 468 2328 δὴ
496 2259 656 2314 πάλιν
678 2261 780 2332 τὴν
803 2264 1167 2337 προσαγωγὴν
1193 2266 1504 2337 ἐσχήκαμεν
1541 2267 1640 2339 τὴν
1697 2269 1836 2339 πρὸς
1887 2268 1981 2323 τὸν

402 2348 536 2404 Θεὸν
589 2351 685 2406 καὶ⁵
733 2353 972 2424 Πατέρα,
1022 2355 1375 2428 είρηνεύομέν
1418 2374 1478 2410 τε
1524 2357 1660 2430 πρὸς
1708 2358 1869 2413 αὐτὸν
1910 2359 1979 2413 δι’

406 2442 649 2512 ὑπακοῆς
680 2446 775 2498 καὶ
805 2446 1064 2511 πίστεως.

474 2533 582 2588 Καὶ
614 2533 809 2591 ἔδωκα
836 2536 998 2603 αὑτῷ
1021 2540 1093 2593 ἐν
1116 2540 1277 2608 φόϐῳ
1295 2540 1609 2609 φοϐεῖσθαί
1632 2541 1846 2610 premat
1859 2542 1978 2597 ἀπὸ

402 2627 729 2696 προσώπου
758 2630 1051 2700 ὀνόματός
1075 2649 1195 2701 μου
1224 2633 1676 2687 συστέλλεσθαι
1701 2634 1908 2689 αὐτόν.

473 2716 574 2771 ιθν.
592 2717 1011 2790 ’Δπαριθμεῑται
1034 2720 1317 2793 χρησίμως
1338 2722 1407 2775 τὰ
1431 2721 1665 2793 λαμπρὰ
1688 2722 1787 2792 τῆς
1821 2724 1978 2795 ἱερω-

407 2805 571 2875 σύνης
614 2808 905 2878 αὐχήματα
942 2807 1032 2863 διὰ
1079 2810 1178 2879 τῆς
1235 2809 1330 2863 τοῦ
1376 2810 1542 2879 νόμου
1593 2811 1981 2882 μυσταγωγίας

404 2893 755 2965 ἐξευρημένα.
798 2896 1054 2950 Ἐνετιθει
1096 2898 1204 2969 γὰρ
1251 2897 1490 2969 μάλιστα
1528 2904 1642 2965 τοίς
1677 2902 1981 2973 ίερουργοῖς

404 2984 495 3038 τὸν
521 2983 615 3039 τοῦ
642 2984 776 3040 Θεοῦ
810 2986 974 3056 φόϐον
994 3004 1009 3018 ο
1045 2987 1358 3042 στέλλεσθαι
1393 2990 1492 3059 μὲν
1519 2989 1828 3045 ἀναπείθων
1870 2991 1980 3045 ἀπὸ

405 3077 696 3147 προσώπου
734 3079 995 3151 ὀνόματος
1023 3079 1215 3145 αὐτοῦ,
1239 3081 1510 3147 τουτέστι,
1550 3083 1858 3155 ὑφορᾶσθαι
1888 3082 1981 3137 καὶ

2088 629 2351 696 imprimis
2381 625 2651 696 singulare
2669 624 2892 679 nobisin
2923 624 3171 692 praesenti
3204 622 3500 681 insinuare.
3520 622 3661 680 Data

2084 730 2172 775 est
2196 721 2337 774 enim
2376 721 2458 775 lex
2481 719 2773 782 veteribus,
2805 714 2931 772 Levi
2954 716 3356 786 progeniemad
3375 716 3650 772 Christum

2087 812 2391 876 instituens,
2419 821 2474 864 et
2503 809 2787 877 imaginem
2814 810 3102 877 quamdam
3142 821 3205 859 ac
3234 807 3657 864 deliueatiouem.

2085 905 2384 960 evidentem
2430 917 2606 956 rerum
2639 902 2907 955 veriorum
2939 902 3219 956 exhibens.
3251 899 3429 954 Verus.
3448 909 3531 954 est
3558 915 3653 953 au—.

2086 1003 2190 1049 tem
2238 994 2505 1058 Christus,
2566 993 2654 1061 qui
2706 1000 2789 1045 est
2835 992 2964 1055 vita,
3001 1003 3055 1045 et
3088 1006 3189 1060 pax
3236 990 3318 1054 “,
3369 990 3651 1059 ipsumque

2085 1086 2239 1140 nobis
2268 1085 2470 1139 tnnbrte
2529 1082 2784 1137 Mosaicae
2834 1083 3149 1153 depingunt.
3190 1080 3425 1135 Proinde
3467 1090 3519 1135 et
3549 1078 3643 1135 Ju-

2084 1178 2228 1232 dteos
2260 1177 2543 1246 alloquens
2566 1176 2778 1230 dicebat
2814 1193 2827 1229 :
2868 1194 2886 1227 ι
2925 1174 2980 1230 Si
3011 1174 3313 1229 crederetis
3343 1173 3497 1238 Mosi,
3530 1188 3656 1228 cre-.

2083 1268 2281 1323 deretis
2306 1268 2530 1323 forsitan
2561 1266 2795 1321 etmihi:
2828 1267 2895 1320 de
2921 1266 3166 1321 iueenim
3188 1265 3276 1319 ille
3298 1266 3597 1334 scripsit".
3626 1284 3643 1315 ι

2082 1359 2254 1427 Ipsum
2290 1361 2709 1428 reprtesentabat
2762 1374 2934 1428 agnus
2976 1373 3161 1413 mense
3211 1358 3408 1427 primo,
3439 1356 3647 1412 decima

2081 1460 2271 1519 quarta
2306 1450 2413 1511 die,
2434 1449 2765 1513 immolatus,
2794 1452 2883 1519 qui
2914 1463 3134 1504 servare
3164 1447 3461 1503 incolumes
3490 1446 3653 1501 debe-

2082 1538 2175 1593 bat
2206 1549 2469 1607 quotquot
2491 1540 2774 1593 domorum
2817 1548 2995 1607 postes
3029 1538 3145 1605 ejus
3190 1538 3453 1606 sanguine
3498 1535 3650 1591 oble-

2082 1631 2284 1684 visseut
2317 1631 2383 1682 ’⁸.
2417 1630 2590 1699 Ipsum
2622 1629 2781 1683 vitula
2803 1629 2918 1683 rufa
2948 1638 3002 1684 et
3034 1629 3375 1683 immaculata
3399 1629 3468 1693 ",
3497 1626 3652 1696 cujus

2084 1722 2223 1774 cinis
2245 1735 2398 1789 aquae
2431 1720 2721 1789 permistus
2754 1720 3129 1779 sanctilicabat
3168 1738 3187 1769 ι
3225 1718 3537 1787 inquinatos
3579 1717 3647 1771 ad

2080 1812 2515 1867 emundationem
2558 1812 2764 1878 carnis,
2804 1830 2823 1864 ι
2866 1821 2925 1863 ιιι
2956 1809 3213 1878 scriptum
3258 1818 3341 1863 est
3368 1808 3434 1861 ”.
3470 1806 3647 1879 Ipsum

2082 1917 2304 1972 azytnus
2343 1902 2498 1969 panis
2521 1903 2566 1935 ”
2601 1921 2615 1956 :
2650 1902 2825 1971 ipsum
2886 1911 3148 1964 turtures,
3183 1909 3235 1955 et
3271 1899 3397 1969 pulli
3434 1897 3643 1953 colqu-

2083 1995 2271 2049 barum
2306 1995 2323 2027 ί
2376 2014 2391 2049 :
2427 2004 2504 2060 et,
2541 2002 2601 2047 ut
2639 1993 2889 2048 universe
2918 1992 3091 2047 dicam
3115 2030 3131 2056 ,
3158 1990 3243 2044 lex
3268 1988 3646 2061 mysteriorum

2081 2086 2280 2141 Christi
2313 2084 2471 2154 plena
2500 2093 2619 2139 erat
2660 2086 2703 2138 ³.
2745 2081 2913 2137 Recta
2970 2082 3132 2152 igitur
3174 2088 3399 2137 vocatur
3459 2075 3647 2131 Testa-

2083 2185 2320 2231 mentum
2352 2176 2547 2231 vitaeet
2570 2175 3017 2245 pacis.Vivificati
3046 2173 3189 2226 enim
3223 2171 3275 2225 in
3304 2168 3468 2241 837
3489 2168 3631 2236 ipso,

2081 2283 2176 2336 per
2218 2268 2390 2336 ipsum
2416 2282 2604 2323 rursus
2632 2280 2910 2322 accessum
2938 2263 3113 2332 adepti
3160 2277 3350 2317 smnus
3377 2261 3444 2315 ad
3475 2260 3643 2315 Deum

2080 2369 2134 2413 et
2149 2357 2364 2412 Patrem
2396 2396 2413 2423 ,
2449 2373 2744 2428 pacemque
2794 2372 2917 2412 cum
2955 2372 3020 2412 eo
3056 2370 3151 2425 per
3196 2353 3554 2410 obedientiam
3593 2361 3648 2406 et

2082 2448 2240 2503 ﬁdem
2271 2450 2534 2505 habemus
2570 2450 2615 2505 ³.

2152 2539 2221 2593 Et
2248 2540 2367 2594 dedi
2394 2542 2439 2594 ei
2465 2551 2517 2594 ut
2545 2542 2600 2594 in
2629 2543 2814 2595 timore
2834 2541 3030 2593 timeret
3058 2554 3156 2602 me,
3182 2547 3227 2592 et
3255 2553 3286 2589 α
3320 2536 3453 2604 [acie
3484 2534 3649 2587 nomi-

2082 2631 2160 2685 nis
2192 2632 2292 2684 mei
2320 2648 2505 2699 pavore
2533 2633 2923 2686 contraheretur
2947 2633 3074 2698 ipse.

2155 2721 2290 2777 XIX.
2319 2721 2434 2777 Non
2468 2722 2726 2778 inutiliter
2750 2722 2980 2792 insignia
3012 2719 3295 2777 sacerdotii
3327 2726 3641 2774 ornamenta

2080 2830 2176 2884 per
2206 2814 2339 2883 legis
2370 2814 2753 2886 niystagogiam
2787 2814 3075 2869 adinventa
3111 2821 3414 2881 percenset.
3447 2809 3645 2865 Sacer—

2081 2906 2295 2961 dotihus
2326 2906 2467 2960 enim
2504 2904 2599 2959 Dei
2632 2906 2878 2961 timorem
2912 2905 3178 2975 imprimis
3213 2900 3513 2963 inserebat,
3543 2900 3647 2953 im—

2080 2998 2283 3067 pellens
2304 3012 2401 3052 eos
2426 2998 2492 3050 ad
2518 3011 2767 3065 pavorem
2789 3012 2821 3050 ιι
2841 2995 2976 3050 facie
2998 2995 3231 3049 nominis
3259 2992 3393 3060 ejus,
3415 2991 3517 3046 hoc
3542 3002 3645 3054 est,

2083 3086 2436 3141 reformidare
2464 3101 2528 3140 ac
2555 3085 2724 3141 vereri
2758 3083 2958 3138 faciens
2988 3098 3183 3138 nomen
3212 3079 3568 3141 Dominicum,
3595 3092 3650 3131 et

405 3168 823 3224 ὑποστέλλεσθαι
869 3172 1302 3244 παρασκευάῖον
1327 3173 1389 3225 τὸ
1416 3172 1587 3244 ὄνομα
1620 3174 1682 3228 τὸ
1711 3177 1977 3231 Δεσποτι-

2084 3176 2150 3229 ad
2173 3175 2527 3231 reverentiam
2556 3190 2661 3229 non
2694 3172 3137 3242 perfunctoriam,
3159 3170 3254 3225 sed
3284 3169 3479 3223 seriam
3504 3175 3557 3220 et
3581 3180 3645 3219 ex

406 3259 522 3322 κδν,
555 3258 687 3314 αίδὼ
708 3277 767 3314 τε
794 3260 894 3333 τὴν
927 3263 1005 3326 εἰς
1037 3260 1197 3316 αὐτὸν
1230 3262 1500 3316 ποιεῖσθαι
1525 3262 1635 3315 δεῖν
1669 3264 1979 3320 ἀναπείθων

405 3351 466 3405 ού
507 3351 803 3423 πάρεργον,
847 3353 963 3407 ἀλλ’
997 3354 1442 3425 ἐσπουδασμένην
1461 3372 1475 3387 ’
1506 3350 1566 3409 οὗ
1596 3354 1647 3408 τί
1676 3355 1742 3408 ἂν
1774 3356 1983 3424 γένοιτο

406 3442 870 3517 τιμλφέστερονς
916 3445 1225 3517 Γέγραπται
1254 3446 1363 3518 γὰρ
1390 3447 1472 3499 ὅτι
1506 3465 1527 3499 ι
1561 3447 1620 3500 '0
1650 3446 1981 3517 φοϐούμενος

406 3534 496 3587 τὸν
530 3532 762 3606 Κύριον,
795 3528 949 3597 οὗτος
1000 3535 1250 3603 ὑγιαίνει.
1289 3554 1309 3587 ι
1358 3535 1468 3588 Καὶ
1513 3535 1677 3590 πάλιν
1701 3553 1716 3568 ·
1757 3555 1777 3591 ι
1812 3538 1980 3602 Φόϐος

409 3625 633 3696 Κυρίου,
678 3624 802 3689 δόξα
853 3625 947 3679 καὶ
986 3624 1266 3696 καύχημα.
1304 3643 1324 3677 ι
1360 3624 1769 3698 Μεμαρτύρηκε
1798 3627 1980 3682 τοίνυν

404 3716 566 3780 ὁσίως
596 3716 690 3770 καὶ
734 3716 947 3787 ἀληθῶς
986 3717 1329 3788 ίερατευκόσι
1358 3717 1418 3769 τὸ
1443 3716 1670 3787 βεϐηκὸς
1699 3720 1778 3781 είς
1804 3718 1981 3787 ἀσφά-

408 3809 578 3863 λειαν.
636 3809 711 3862 Ού
759 3808 869 3879 γὰρ
922 3807 1107 3872 ἁπλῶς
1156 3807 1497 3877 πεφοϐῆσθαι
1555 3824 1718 3878 φησιν
1760 3808 1979 3873 αὐτοὺς,

407 3901 521 3955 ἀλλ’
560 3902 646 3955 Ἐν
684 3900 833 3972 φόϐῳ
880 3899 1219 3971 πεφοϐῆσθαι
1242 3939 1256 3963 ,
1293 3900 1574 3962 τουτέστι,
1606 3901 1664 3953 ὲν
1708 3900 1804 3971 ὅλῃ
1834 3899 1978 3971 ψυχῇ

409 3992 503 4046 καὶ
534 3992 728 4063 καρδίᾳ
749 3992 840 4046 τὸν
874 3992 1015 4046 θεῖον
1039 3990 1377 4056 είσδέξασθαι
1405 3990 1588 4061 φόϐον.
1622 3991 1689 4045 Αἱ
1720 3992 1830 4061 γὰρ
1856 3995 1982 4046 ὲπι-

406 4082 590 4146 τάσεις
620 4084 678 4135 ἐν
705 4081 932 4146 τούτοις,
951 4081 1046 4135 καὶ
1071 4082 1121 4134 οἱ
1144 4081 1252 4133 τῶν
1270 4080 1465 4145 λέξεων
1487 4080 1983 4151 ἁναδιπλασιασμοὶ

407 4174 467 4227 τὸ
504 4174 894 4246 ὲρηρεισμένον
922 4175 1001 4238 είς
1040 4173 1241 4246 ἀρετὴν
1284 4174 1395 4226 τῶν
1437 4174 1839 4244 ἐπαινουμένων
1872 4176 1983 4236 τοῖς

407 4264 779 4335 ἀκροωμένοις
814 4263 1335 4334 κατασημαίνουσιν.

475 4356 670 4425 Νόμος
721 4351 799 4426 ἦν
846 4355 1131 4422 ἀληθείας
1180 4353 1249 4406 ἐν
1296 4352 1549 4421 στόματι
1597 4351 1817 4417 αὐτοῦ,
1883 4353 1981 4405 καὶ

405 4447 606 4501 ἀδικία
638 4450 750 4516 οὐχ
775 4447 987 4516 εὑρέθη
1013 4446 1085 4500 ἐν
1112 4448 1387 4517 χείλεσιν
1415 4444 1627 4500 αὑτοῦ.

2085 3267 2263 3321 studio
2293 3266 2522 3334 quodam
2559 3263 2851 3334 profectam
2886 3278 2980 3318 eos
3013 3264 3288 3316 adducens
3327 3278 3341 3316 :
3374 3274 3482 3329 quo
3514 3258 3643 3328 quid

2084 3356 2296 3411 tandem
2344 3354 2744 3410 honorabiliusi
2784 3352 3055 3422 Scriptum
3093 3358 3177 3405 est
3220 3351 3364 3404 enim
3418 3371 3431 3405 :
3482 3368 3501 3401 ι
3547 3344 3651 3416 Qui

2085 3450 2238 3503 timet
2284 3447 2599 3511 Dominum,
2633 3446 2719 3501 hic
2767 3446 2903 3501 bene
2947 3444 3105 3499 habet
3125 3444 3167 3498 ⁸.
3209 3461 3229 3495 ι
3279 3442 3346 3497 Et
3388 3442 3582 3497 iterum
3634 3457 3649 3492 :

2089 3560 2106 3591 ι
2145 3538 2331 3593 Timor
2370 3537 2616 3605 Domini,
2645 3537 2817 3609 gloria
2861 3546 2916 3591 et
2956 3534 3245 3591 exsultatio
3265 3534 3305 3584 ⁸.
3344 3550 3363 3585 ι
3397 3530 3652 3587 Testatur

2084 3632 2266 3700 itaque
2314 3640 2498 3685 sancte
2542 3641 2596 3684 et
2637 3642 2763 3685 vere
2811 3628 3113 3683 sacerdotio
3155 3624 3352 3679 functis
3405 3622 3652 3677 stabilem

2083 3723 2429 3778 securitatem
2470 3733 2805 3776 eventuram.
2836 3718 2987 3773 Haud
3031 3718 3172 3773 enim
3213 3713 3527 3785 simpliciter
3559 3726 3653 3765 eos

2084 3814 2325 3869 timuisse
2353 3814 2501 3879 dicit,
2544 3811 2637 3867 sed
2666 3810 2719 3863 iu
2763 3810 2953 3864 timore
2986 3808 3258 3871 timuisse,
3284 3806 3387 3860 hoc
3414 3814 3493 3859 est
3542 3812 3650 3856 tota

2083 3908 2261 3959 anima
2300 3914 2355 3958 et
2386 3904 2549 3959 corde
2592 3903 2826 3955 divinum
2868 3901 3116 3957 timorem
3155 3897 3444 3967 recepisse.
3476 3893 3651 3962 Exag-

2084 3998 2390 4067 gerationes
2422 3994 2564 4049 enim
2602 3996 2653 4046 iu
2690 3993 2802 4055 his,
2839 4001 2894 4045 et
2927 4006 3116 4046 vocum
3158 3985 3655 4056 conduplicatiooes

2084 4102 2269 4140 eormn
2301 4086 2390 4156 qui
2415 4085 2700 4139 laudantur
2728 4084 2781 4137 in
2817 4082 3013 4137 virtute
3040 4079 3398 4137 constantiam
3430 4076 3655 4131 audien-

2089 4179 2229 4233 tibus
2258 4176 2593 4246 cogitandam
2622 4172 2935 4242 subjiciunt.

2161 4355 2321 4411 Vens.
2350 4353 2404 4408 6.
2430 4352 2540 4406 Lex
2567 4352 2798 4407 veritatis
2825 4350 2925 4419 fuit
2958 4350 3010 4402 in
3041 4362 3128 4401 ore
3152 4345 3265 4414 ejus
3284 4386 3299 4410 ,
3324 4354 3371 4397 et
3399 4342 3655 4412 iniquitas

2088 4462 2187 4500 non
2213 4454 2287 4499 est
2309 4444 2519 4497 inventa
2547 4444 2602 4497 in
2624 4442 2777 4494 labiis
2806 4442 2941 4509 ejus.

476 4536 561 4592 κ’.
604 4504 858 4592 Ἐκῇευέ
896 4504 1005 4610 γὰρ
1039 4542 1068 4593 ό
1110 4504 1272 4608 νόμος
1304 4537 1399 4590 καὶ⁵
1443 4536 1537 4589 τοῦ
1581 4535 1808 4605 ψεύδους
1846 4538 1979 4589 ἀπο-

2155 4535 2272 4591 ΧΧ.
2293 4533 2520 4591 Jubebat
2544 4533 2687 4590 enim
2721 4532 2804 4587 lex
2828 4504 2891 4586 et
2917 4546 2947 4585 a
2975 4528 3255 4584 mendacio
3285 4524 3582 4591 discedere,
3605 4504 3658 4575 et

408 4630 615 4700 φοιτᾷν,
640 4629 779 4701 ὀρθά
800 4647 859 4683 τε
878 4632 971 4683 καὶ
995 4629 1178 4683 δίκαια
1202 4627 1406 4688 λαλεῖν,
1428 4628 1519 4679 καὶ
1535 4626 1633 4696 τὴν
1658 4626 1740 4695 ἐφ’
1764 4628 1980 4697 ἑκάστῳ

408 4720 692 4789 πράγματι
727 4720 905 4792 κρίσιν
932 4720 1065 4791 εὺθῆ
1101 4736 1162 4772 τε
1203 4719 1297 4771 καὶ
1327 4718 1684 4786 ἀδιάστροφον
1713 4717 1980 4770 ποιεῖσθαι

408 4810 597 4879 φιλεῖν.
629 4812 811 4865 Ἐοικε
855 4813 913 4866 δὲ
945 4812 1103 4866 πάλιν
1150 4809 1405 4879 ἀλήθειαν
1436 4807 1723 4877 ὀνομάζειν
1745 4807 1837 4861 τὸν
1865 4807 1978 4861 Κύ-

410 4922 524 4975 ριον
570 4902 724 4973 ἡμῶν
774 4904 980 4975 Ἰησοῦν
1023 4905 1113 4957 τὸν
1160 4903 1413 4973 Χριστὸν,
1460 4897 1521 4956 οὗ
1572 4902 1664 4954 τὸν
1713 4901 1875 4972 νόμον
1923 4902 1981 4953 ἐν

409 4994 608 5063 χεῦεσι
644 4994 1015 5065 πεφορηκέναι
1044 4994 1178 5063 φησι
1201 4994 1327 5055 τοὺς
1361 4990 1698 5063 βιοτεύοντας
1731 4994 1979 5063 ἱεροπρε-

412 5088 544 5150 πῶς.
584 5088 643 5139 Εί
672 5088 783 5157 γὰρ
823 5090 915 5140 καὶ
961 5084 1051 5158 ἦν,
1089 5086 1165 5149 ὼς
1194 5085 1350 5156 ἔφην,
1382 5085 1441 5138 ὲν
1489 5086 1668 5147 σκιαῖς
1706 5084 1736 5136 ό
1781 5084 1977 5154 νόμος,

411 5179 523 5232 ἀλλ’
558 5175 624 5249 ἦν
654 5182 709 5232 ἐν
736 5179 886 5251 αὐτῷ
912 5180 1009 5250 τῆς
1053 5179 1310 5251 ἀληθείας
1337 5180 1370 5249 ἡ
1406 5177 1684 5248 μόρψωσις
1704 5216 1720 5241 ,
1753 5177 1845 5231 καὶ
1872 5178 1981 5230 τῶν

410 5272 778 5340 εὐαγγελικῶν
819 5271 1206 5342 θεσπισμάτων
1234 5272 1266 5341 ὴ
1296 5270 1370 5333 ὡς
1400 5270 1458 5321 ὲν
1492 5267 1818 5339 Γράμμασιν
1850 5267 1986 5320 ὑπο-

410 5365 671 5429 τύπωσις.
726 5365 1043 5437 Εὑρήσομεν
1095 5364 1204 5434 γὰρ
1262 5364 1320 5415 ἐν
1380 5363 1493 5424 τοῖς
1538 5357 1729 5422 τύποις
1779 5358 1878 5429 τῆς
1928 5358 1986 5411 ὲν

412 5461 680 5533 πνεύματι
729 5462 983 5533 λατρείας
1028 5460 1125 5531 τὴν
1168 5460 1417 5528 δύναμιν.
1473 5456 1596 5509 Ὀτι
1639 5453 1697 5508 δὲ
1746 5453 1984 5524 Χριστοῦ

411 5555 573 5624 νόμος
604 5550 672 5634 ἦν
702 5556 795 5615 καὶ
821 5555 849 5608 ὁ
874 5554 1045 5607 πάλαι
1084 5555 1194 5616 τοῖς
1225 5549 1600 5623 ἀρχαιοτέροις
1627 5546 1715 5601 διὰ
1745 5545 1987 5610 Μωσέως

2089 4637 2234 4682 recta
2259 4637 2422 4695 atque
2444 4624 2591 4694 justa
2622 4622 2887 4694 proloqui,
2914 4630 2972 4677 et
2995 4620 3047 4674 in
3082 4632 3403 4688 unaquaque
3433 4630 3491 4668 re
3514 4614 3657 4683 judi-

2088 4719 2230 4773 cium
2253 4728 2458 4772 rectum
2482 4732 2548 4771 ac
2567 4714 2787 4769 minime
2808 4727 3118 4783 perversum
3141 4708 3417 4778 diligere‘.
3438 4707 3660 4762 Videtur

2088 4825 2250 4881 porro
2279 4825 2469 4864 rursus
2497 4809 2778 4864 veritatem
2805 4803 3073 4876 appellare
3100 4800 3385 4856 Dominum
3417 4807 3655 4853 nostrum

2086 4901 2268 4957 Jesutn
2304 4900 2613 4967 Christum,
2640 4897 2794 4966 cujus
2826 4898 2995 4966 legem
3033 4896 3085 4957 in
3122 4892 3275 4949 labiis
3311 4890 3499 4946 tulisse
3529 4888 3658 4942 dicit

2087 4994 2178 5065 qui
2232 4994 2397 5048 vitam
2448 4993 2750 5047 sacerdotio
2805 4988 3215 5059 resppudentem
3273 4981 3655 5050 transigerent.

2089 5086 2203 5142 Etsi
2234 5087 2407 5152 enim,
2436 5096 2494 5139 ut
2520 5085 2664 5151 dixi,
2690 5086 2775 5141 lex
2805 5085 2856 5138 in
2887 5081 3093 5143 umbris
3120 5087 3267 5145 erat,
3298 5084 3475 5131 tamen
3507 5071 3563 5128 in
3594 5086 3657 5124 ea

2087 5176 2332 5231 veritatis
2362 5174 2569 5242 forma,
2593 5191 2687 5229 seu
2723 5174 2932 5243 imago,
2958 5169 3499 5239 evangelicorumque
3529 5176 3657 5216 ora-

2084 5268 2324 5323 culorum
2349 5276 2408 5321 ut
2427 5268 2481 5321 in
2506 5266 2703 5322 litteris
2728 5264 3040 5325 informatio
3058 5263 3258 5327 iuerat.
3280 5257 3412 5312 Nam
3442 5255 3493 5308 in
3518 5252 3660 5323 typis

2086 5359 2339 5414 virtutem
2369 5358 2547 5418 cultus
2576 5357 2739 5412 divini
2774 5356 2827 5411 in
2859 5350 3443 5425 spirituinveniemus.
3469 5344 3660 5399 Fuisse

2085 5462 2262 5507 autem
2309 5450 2511 5510 Christi
2557 5450 2728 5521 legem
2774 5464 2893 5518 qua:
2940 5447 3065 5504 olim
3120 5441 3513 5515 antiquioribus
3562 5452 3657 5507 per

2088 5545 2270 5599 MOsen
2317 5542 2579 5601 divinitus
2621 5552 2704 5607 est
2749 5541 2978 5614 tradjta,
3013 5537 3263 5601 Salvator
3309 5535 3425 5604 ipse
3473 5538 3657 5587 auctor

519 5690 564 5720 “
584 5689 787 5743 Coloss.
816 5704 897 5751 nt,
928 5686 1242 5752 l3;Ephes.
1269 5684 1438 5747 ".14.
1516 5677 1733 5752 "Joau.
1752 5694 1803 5742 ν,
1827 5679 1914 5752 ιο.
1994 5680 2000 5708 ²

2084 5677 2225 5732 Exod.
2246 5692 2341 5752 tm,
2363 5675 2424 5752 5_
2439 5689 2604 5752 seqq.
2671 5674 2716 5707 ³⁷
2738 5672 2895 5752 Num;
2918 5670 3087 5752 “Lg
3110 5683 3261 5752 seqq.
3398 5661 3559 5752 Ηθξιςτ
3580 5679 3650 5752 εξ,

424 5761 557 5812 l3.”
603 5760 771 5814 Exod.
799 5750 893 5819 xtl,
938 5757 1022 5811 l8.
1094 5750 1105 5787 ί
1142 5755 1308 5808 Levii.
1348 5771 1397 5817 ι’,
1438 5752 1493 5806 7.
1535 5752 1554 5781 ’
1586 5750 1745 5803 llehr.
1794 5766 1848 5815 κ,
1878 5751 1922 5803 l.

421 5834 504 5888 ll.
588 5836 604 5865 ε
639 5830 803 5884 Exod.
836 5845 987 5893 nm,
1014 5829 1066 5893 Li,
1102 5827 1129 5877 7
1154 5844 1165 5894 ς
1193 5825 1364 5879 Laut.
1401 5838 1547 5888 χλιιι,

2003 5750 2021 5777 ³
2054 5747 2203 5803 llom.
2241 5764 2288 5811 v,
2324 5748 2366 5813 Ι,
2396 5746 2428 5799 “2
2469 5762 2480 5810 ;
2512 5744 2707 5815 Ephes.
2743 5760 2804 5808 ιι,
2836 5744 2917 5798 18.

2999 5728 3277 5806 "Berlin,
3311 5734 3396 5791 l3.
3472 5735 3492 5765 '
3522 5728 3653 5795 Ibid.
