4120 6376
470 412 583 471 313

1492 408 1552 462 S.
1592 404 1873 463 manu
1908 401 2382 459 ALEXAKDRINI
2422 400 2740 456 ARClllEP.

3622 400 3737 456 εισι

476 534 678 595 gentes,
706 537 798 590 pro
829 537 889 573 eo
921 519 1058 589 quod
1096 535 1179 573 res
1214 535 1315 571 non
1350 519 1702 572 custodiristis
1737 518 1843 571 vias
1878 532 2044 581 meas,

2162 515 2350 568 πάντα
2386 514 2457 568 τὰ
2487 516 2656 580 ἔθνη,
2692 513 2819 567 ἀνθ’
2857 529 2944 565 ων
2986 511 3148 577 ὑμεῖς
3185 513 3295 567 οὐκ
3343 513 3733 582 ὲφυλὰεασθσ»

476 616 565 671 sei
592 612 924 683 accipiebatis
948 627 1224 677 personam
1254 611 1307 663 in
1335 608 1465 678 lege.

548 791 735 846 XXIV.
765 792 843 846 Ad
893 802 1104 859 patrum
1149 800 1369 859 peccata
1413 790 1579 855 redit,
1610 790 1863 861 ipsosque
1896 798 2050 843 vetu-

476 888 702 939 stiorum
752 882 1041 937 criminum
1092 882 1367 935 admonet.
1422 880 1487 935 Et
1527 881 1783 950 quoniam
1832 880 1885 935 in
1937 880 2053 948 lege

477 974 823 1031 custodienda
876 981 1191 1028 constantes
1243 988 1349 1027 non
1406 980 1596 1036 erant,
1646 973 1768 1027 ideo
1826 974 2052 1028 traditos

478 1064 709 1121 aﬂirmat
741 1063 845 1119 illis
876 1079 906 1117 a
939 1064 1136 1133 quibus
1169 1064 1221 1118 in
1255 1064 1623 1134 captivitatem
1653 1072 1780 1118 sunt
1803 1064 2053 1130 abducti,

477 1157 691 1221 miseri,
715 1164 771 1211 et
795 1154 1019 1224 abjecti,
1048 1164 1102 1209 ct
1133 1155 1277 1209 otnni
1312 1155 1636 1224 indulgentia
1666 1154 1891 1209 exclusi.
1917 1154 2053 1221 Quid

477 1250 620 1302 enim
657 1248 1120 1302 incommodorum
1157 1247 1299 1315 passi
1332 1262 1436 1299 non
1472 1255 1625 1310 sunt,
1656 1256 1708 1298 et
1744 1261 1878 1315 quas
1913 1244 2056 1299 cala-

480 1338 691 1392 mitates
733 1336 975 1392 infelices
1004 1336 1075 1391 illi
1115 1352 1218 1390 non
1247 1338 1635 1392 esantlarunt?
1667 1338 1969 1400 Caeterum,
2011 1337 2054 1391 si

481 1444 641 1484 nosse
663 1429 846 1494 vultis,
878 1429 1076 1498 inquit,
1105 1445 1297 1484 causas
1319 1431 1387 1485 ob
1411 1445 1547 1498 quas
1579 1431 1751 1482 iratus
1776 1439 1859 1483 est
1886 1429 2055 1491 vobis,

482 1522 714 1577 audietis
738 1522 1006 1577 dicentem
1035 1538 1049 1576 :
1084 1539 1102 1572 ι
1133 1520 1270 1588 Quia
1296 1537 1388 1576 vos
1419 1536 1523 1576 non
1555 1520 1924 1575 custodivistis
1947 1522 2058 1573 vias

481 1628 651 1676 nicas,
678 1613 772 1669 sed
803 1612 1153 1681 accipiebatis
1182 1628 1468 1681 personam
1502 1612 1554 1665 in
1590 1612 1727 1682 lege.
1764 1631 1782 1662 ι
1821 1610 1929 1665 lloc
1955 1622 2060 1671 est.

478 1707 697 1774 opinor,
744 1705 1054 1772 corrupisse
1104 1714 1484 1759 testamentum
1534 1702 1699 1769 Levi,
1746 1704 1886 1756 viam
1938 1702 2060 1757 vitae

480 1795 772 1849 secundum
819 1792 990 1861 legem
1039 1803 1223 1848 tenere
1264 1791 1525 1856 noluisse,
1552 1802 1606 1846 et
1642 1794 1694 1846 in
1736 1805 2060 1860 unoquoque

2153 605 2259 673 τὰς
2301 605 2483 672 ὁδούς
2527 624 2646 676 μου
2674 646 2687 671 ,
2743 605 2883 659 ἀλλ’
2923 603 3285 674 ἐλαμϐάνετε
3329 604 3618 674 πρόσωπα
3658 606 3730 659 ἐν

2152 699 2339 765 νόμῳ.

2224 783 2347 835 KA'.
2389 780 2515 835 Ἐπὶ
2562 783 2659 846 τὰς
2710 782 2817 836 τῶν
2865 781 3118 854 πατέρων
3172 782 3376 836 ἄνεισιν
3433 786 3726 855 ἁμαρτίας.

2155 873 2565 945 ὑπομιμνήσκει
2593 874 2648 928 δὲ
2677 877 2770 928 καὶ
2802 876 2997 938 αὐτοὺς
3025 874 3133 927 τῶν
3159 875 3528 947 ἀρχαιοτέρων
3559 878 3733 931 αἰτια-

2158 966 2360 1036 μάτων.
2407 965 2520 1019 Kal.
2566 967 2795 1037 ἐπείπερ
2829 963 2970 1037 ἦσαν
3014 968 3114 1020 οὐκ
3154 967 3418 1034 ἀσφαλεῖς
3463 969 3591 1038 περὶ
3635 968 3734 1039 τὴν

2153 1051 2247 1105 τοῦ
2273 1053 2437 1124 νόμου
2465 1056 2718 1125 τήρησιν,
2753 1054 2924 1126 ταύτῃ
2961 1073 3042 1108 τοι
3071 1055 3315 1110 δεδόσθαι
3350 1058 3513 1126 φησιν
3538 1059 3734 1120 αὐτοὺς

2155 1146 2267 1206 τοῖς
2309 1144 2718 1215 ἀποκομίσασιν
2760 1145 2840 1208 εἰς
2886 1144 3264 1215 αἰχμαλωσίαν
3306 1145 3590 1216 οἰκτροὺς,
3641 1148 3736 1201 καὶ

2157 1237 2648 1309 κατερριμμένους,
2682 1237 2779 1291 καὶ
2804 1236 3017 1306 φειδοῦς
3050 1236 3267 1306 ἀπάσης
3290 1237 3733 1300 ἐκπεπτωκότας.

2156 1330 2222 1383 Τί
2271 1330 2381 1400 γὰρ
2429 1328 2539 1381 τῶν
2572 1328 2814 1399 ἀνιαρῶν
2847 1328 2909 1381 ού
2946 1327 3142 1399 συνέϐη
3197 1327 3390 1381 παθεῖν
3434 1328 3650 1393 αὐτοὺς,
3701 1329 3735 1398 ἢ

2158 1422 2339 1485 ποίαις
2396 1423 2445 1474 οί
2498 1420 2728 1485 τάλανες
2780 1423 2839 1474 ού
2909 1420 3342 1490 κεκοινωνήκασι
3398 1424 3735 1491 συμφοραῖςς

2171 1512 2313 1566 Ἀλλ’
2337 1515 2386 1565 εἰ
2418 1512 2718 1583 βούλοισθε,
2768 1513 2901 1583 φησι
2922 1550 2936 1573 ,
2969 1511 3269 1580 ἀναμαθεῖν
3297 1510 3395 1572 τὰς
3427 1510 3607 1573 αἰτίας
3636 1510 3739 1581 τῆς

2159 1606 2243 1672 ἐφ’
2279 1604 2433 1675 ὑμῶν
2462 1604 2838 1674 γεγενημένης
2879 1603 3071 1671 ὀργῆς,
3119 1600 3415 1656 ἀκούσεσθε
3453 1599 3702 1668 λέγοντος
3720 1618 3745 1633 θ»

2166 1696 2349 1751 ι’Λνθ’
2400 1690 2475 1752 ὧν
2528 1698 2688 1768 ὑμεῖς
2732 1697 2833 1750 οὐκ
2880 1694 3218 1764 ἐφυλάξασθε
3265 1694 3365 1758 τὰς
3409 1692 3563 1757 ὁδούς
3610 1710 3738 1762 μου,

2162 1790 2275 1842 ἀλλ’
2308 1788 2644 1859 ἐλαμϐάνετε
2675 1788 2943 1860 πρόσωπα
2976 1788 3034 1840 ὲν
3074 1786 3244 1857 νόμῳ.
3290 1805 3309 1837 s
3347 1784 3536 1846 Τοῦτο,
3564 1781 3738 1856 οἶμαι,

482 1887 696 1955 negotio
728 1885 1063 1953 iniquissime
1092 1883 1367 1952 iudicasse
1403 1903 1416 1939 :
1456 1884 1666 1937 tametsi
1704 1882 1842 1936 Deus
1878 1890 2058 1952 aperte

2162 1881 2276 1934 ἐστι
2308 1881 2370 1934 τὸ
2398 1880 2710 1952 διαφθεῖραι
2750 1880 2848 1951 τὴν
2897 1879 3168 1950 διαθήκην
3215 1878 3311 1932 τοῦ
3354 1878 3509 1943 Λευὶ,
3553 1875 3617 1930 τό
3665 1878 3741 1948 μὴ

480 1977 626 2027 dicat
660 1994 672 2027 :
710 1991 729 2024 ι
768 1972 885 2028 Νοιι
919 1974 1155 2044 accipies
1193 1988 1476 2042 personam
1511 1973 1564 2026 in
1590 1973 1828 2041 judicio.
1859 1988 2054 2026 secun-

479 2067 605 2118 dum
651 2078 874 2133 parvum
917 2073 1011 2118 aut
1049 2078 1297 2135 magnum
1343 2079 1450 2118 non
1486 2062 1842 2133 iudicabis".
1887 2084 1906 2116 ι
1956 2062 2055 2117 Per

480 2171 614 2225 quas
642 2166 821 2211 autem
849 2155 1035 2225 culpas
1065 2156 1310 2212 hostibus
1335 2155 1563 2209 traditos
1591 2165 1645 2210 et.
1668 2153 1909 2223 abiectos
1936 2170 2056 2209 esse

479 2249 638 2313 dicit,
678 2265 775 2319 per
817 2250 1035 2304 easdem
1084 2250 1328 2319 apposite
1373 2250 1631 2313 minatur,
1666 2248 1767 2303 nisi
1818 2249 2058 2302 rationes

479 2340 692 2395 vivendi
719 2341 920 2395 rectius
951 2340 1304 2404 instituerint,
1330 2356 1389 2395 se
1415 2340 1629 2395 illorum
1658 2340 1919 2410 supplicio
1952 2355 2057 2393 non

483 2441 938 2500 temperaturum.
967 2430 1268 2487 lnsolenter
1292 2432 1437 2486 enim
1469 2432 1520 2487 in
1552 2432 1719 2502 legem
1775 2439 2060 2502 peccantes

481 2522 673 2576 idonea
702 2530 756 2576 et
784 2523 1269 2592 congruentissima
1298 2536 1457 2592 poena
1484 2531 1759 2589 sequetur.

2162 1975 2348 2044 τηρεῖν
2376 1972 2590 2026 ἑλέσθαι
2620 1973 2718 2043 τῆς
2749 1973 2808 2025 ἐν
2832 1973 2982 2042 νόμῳ
3010 1971 3155 2041 ζωῆς
3200 1971 3299 2042 τὴν
3321 1970 3466 2035 ὀδὸν,
3500 1972 3743 2024 ὲκτοπω·

2159 2066 2327 2127 τάτας
2354 2064 2411 2117 δὲ
2442 2064 2565 2118 λίαν
2608 2065 2705 2117 καὶ
2750 2062 2847 2127 τὰς
2879 2065 2961 2131 ἐφ’
2997 2065 3213 2133 ἑκάστῳ
3253 2061 3541 2133 πράγματι
3571 2064 3743 2114 ποιεῖ-

2162 2157 2285 2210 σθαι
2328 2155 2561 2226 κρίσεις,
2596 2155 2778 2209 καίτοι
2831 2155 2968 2209 Θεοῦ
3015 2154 3265 2223 λέγοντος
3290 2152 3568 2223 ἐναργῶς·
3613 2173 3630 2205 ι
3665 2155 3739 2207 Οὐ

2160 2250 2308 2322 λήψῃ
2338 2249 2629 2321 πρόσωπον
2658 2249 2716 2301 ὲν
2756 2248 2959 2317 κρίσει,
2995 2245 3138 2301 κατά
3162 2246 3253 2299 τὸν
3286 2244 3482 2316 μικρὸν
3527 2244 3622 2298 καὶ
3648 2244 3742 2298 τὸν

2167 2341 2338 2411 μέγαν
2360 2339 2423 2392 οὐ
2448 2342 2672 2413 κρινεῖς.
2700 2359 2719 2391 ι
2749 2343 2828 2393 Δι’
2862 2332 2937 2392 ὧν
2963 2338 3019 2392 δέ
3049 2353 3213 2408 φησιν
3238 2336 3312 2401 ὼς
3350 2335 3557 2405 ταύτης
3580 2334 3744 2389 ἕνεκα

2163 2436 2260 2503 τῆς
2284 2435 2466 2497 αἰτίας
2497 2434 2734 2490 δέδονται
2753 2436 2866 2497 τοῖς
2892 2432 3109 2504 ἐχθροῖς
3136 2433 3233 2486 καὶ
3263 2430 3549 2499 γεγόνασιν
3570 2429 3742 2499 ἅπερ·

2168 2524 2463 2593 ριμμένοι,
2518 2526 2607 2580 διὰ
2649 2524 2854 2579 τούτων
2903 2522 3082 2576 αὐτῶν
3126 2521 3298 2591 εὐφυᾶ
3356 2524 3590 2574 ποιεῖται
3644 2520 3747 2587 τὴν

477 2616 736 2689 ἀπειλὴν,
761 2616 836 2681 ὡς
876 2618 926 2669 εἰ
953 2617 1027 2688 μὴ
1053 2616 1260 2671 ἕλοιντο
1307 2617 1456 2688 βιοῦν
1525 2616 1723 2688 ὀρθῶς,
1787 2616 1897 2668 οὐδ’
1925 2616 1993 2669 ἂν
2063 2615 2226 2682 αὐτὸς
2290 2620 2584 2691 ἀπόσχοιτο
2615 2619 2709 2673 τοῦ
2743 2618 2993 2681 κολάζειν
3023 2615 3242 2678 αύτούς.
3276 2615 3506 2682 Ἕψεται
3539 2614 3597 2669 δὲ
3631 2617 3743 2677 τοῖς

480 2713 760 2786 ὑϐρίζουσι
791 2712 883 2766 τὸν
905 2713 1069 2784 νόμον
1098 2713 1131 2784 ἠ
1156 2715 1269 2777 τοῖς
1296 2711 1456 2766 τοῦτο
1498 2712 1630 2785 δρᾷν
1662 2712 1877 2765 εἰωθόσι
1922 2711 2209 2784 πρέπουσὰ
2236 2733 2294 2768 τε
2330 2716 2426 2768 καὶ
2456 2714 2834 2787 ἁρμοδιωτάτη
2860 2713 3005 2784 δίκη.

554 2804 716 2859 Vsus.
761 2804 850 2859 ιο.
899 2805 1089 2859 Nouus
1136 2815 1284 2873 pater
1330 2821 1467 2859 unus
1522 2807 1754 2861 omnium
1802 2807 2062 2861 uestrum?

484 2894 672 2950 Nonne
698 2897 837 2951 Deus
863 2914 995 2950 unus
1020 2898 1212 2951 creavit
1234 2914 1323 2951 vos
1345 2898 1369 2951 7
1391 2898 1567 2963 Quare
1592 2898 1877 2968 reliquistis
1900 2915 2063 2952 unus-

479 2989 696 3056 quisque
737 2988 955 3057 fratrem
1000 3004 1175 3049 suum,
1219 3000 1271 3040 ut
1327 2988 1638 3057 pollueretis
1698 2999 2062 3044 testamentum

479 3091 685 3148 patrum
710 3082 1036 3135 vestrorum?
1060 3074 1350 3137 Derelictus
1370 3094 1444 3137 est
1461 3081 1655 3149 Iudas,
1676 3093 1722 3137 et
1742 3083 2062 3137 abominatio

482 3170 653 3238 factus
676 3180 749 3224 est
772 3174 826 3224 in
850 3169 1020 3227 Israel
1046 3182 1095 3228 et
1119 3176 1170 3229 in
1196 3175 1515 3230 Jerusalem.

560 3346 726 3402 XXV.
763 3347 899 3403 Cum
937 3350 1303 3419 inciperemus
1334 3350 1388 3405 in
1425 3351 1742 3422 prophetam
1787 3369 2065 3408 commen-

485 3436 678 3491 tarium
704 3441 1068 3504 conscribere,
1094 3442 1427 3506 dicebamus,
1464 3444 1604 3512 post}
1625 3444 1860 3498 reditum
1900 3459 1930 3499 e
1959 3445 2065 3499 Ba-

487 3528 680 3600 bylone
719 3530 785 3584 ab
811 3531 1053 3603 Assyria,
1079 3532 1367 3596 lsraelitas,
1400 3533 2060 3604 parvipendenteslrgem,

484 3622 759 3677 extraneis
782 3623 1042 3677 uxoribus
1059 3638 1115 3679 se
1140 3622 1489 3691 implicuisse.
1556 3624 1684 3690 Quae
1726 3639 1811 3678 res
1834 3625 2063 3679 amenti-

484 3714 584 3769 bus
624 3712 729 3769 illis
758 3728 823 3767 eo
862 3729 1033 3783 usque
1073 3716 1421 3783 procedebat.
1467 3725 1525 3770 ut
1576 3732 1698 3769 cum
1741 3716 1863 3769 aliis
1904 3717 2060 3769 simul

484 3805 791 3859 sacerdotes
824 3806 1012 3860 eodem
1073 3818 1315 3870 ruerent,
1353 3806 1753 3876 etjamductas
1786 3807 1948 3879 851
1985 3810 2064 3878 ip-

484 3910 573 3949 sas
605 3911 817 3966 quoque
873 3912 903 3952 e
936 3899 1198 3966 sanguine
1253 3898 1415 3952 Israel
1478 3915 1576 3968 pro
1627 3900 2062 3966 deSpeCIissimis

487 3987 770 4053 haberent,
822 3989 1088 4058 domoque
1127 3990 1408 4058 ejicerent,
1460 4001 1513 4044 et
1560 3991 1611 4045 in
1662 4006 1848 4046 earum
1886 3992 2060 4047 locuta

484 4082 799 4151 peregrinas
824 4082 1232 4137 introducerent
1262 4085 1660 4140 Ammonitidas
1688 4095 1742 4139 et
1778 4084 2061 4151 ldunucas,

482 4188 548 4227 ex
581 4187 686 4242 quo
711 4172 869 4229 Israel
900 4189 1220 4245 magnopere
1251 4175 1744 4233 contaminabatnr.
1770 4176 1884 4233 Non
1918 4179 2061 4232 enim

484 4263 586 4317 illa:
612 4264 815 4333 patrios
844 4279 1025 4318 mores
1045 4264 1394 4328 deserebant,
1419 4269 1513 4320 sed
1569 4267 1863 4321 etiamnum
1925 4269 2062 4323 idola

485 4356 901 4418 \cncrabantur.
932 4366 987 4409 et
1011 4356 1256 4409 militiam
1295 4356 1417 4410 cceli
1485 4358 1804 4425 adorabunt,
1858 4371 1913 4415 et
1971 4378 2063 4416 eo-

484 4446 746 4515 gebantur
776 4461 913 4515 pene
950 4447 1040 4515 qui
1071 4462 1190 4500 cum
1218 4446 1432 4500 feminis
1487 4448 1624 4503 adeo
1658 4460 1838 4505 mente
1865 4468 2061 4507 corru-

2234 2809 2382 2877 Οὐχὶ
2421 2807 2617 2876 πατὴρ
2650 2802 2738 2874 εἷς
2768 2806 3007 2860 πάντων
3050 2805 3245 2873 dator;
3280 2803 3427 2873 Οὑχί
3469 2802 3612 2868 Θεὸς
3644 2797 3734 2867 εἵς

2158 2902 2401 2955 ἔκτισεν
2440 2900 2631 2971 unde;
2670 2901 2732 2955 Τί
2762 2882 2850 2953 ὅτι
2888 2898 3310 2967 ἐγκατελίπετε
3348 2895 3607 2961 ἕκαστος
3638 2895 3745 2949 τὸν·

2158 2991 2426 3060 ἀδελφὸν
2472 2991 2680 3053 αὐτοῦ,
2733 2990 2840 3043 τοῦ
2879 2987 3233 3055 βεΰηνίῶσαι
3274 2987 3390 3055 τὴν
3437 2985 3734 3054 διαθήκην

2160 3080 2279 3136 τῶν
2316 3081 2585 3150 πατέρων
2619 3080 2813 3149 oper,-
2854 3078 3305 3148 Ὲγκατελείέρθη
3347 3076 3612 3141 Ἰούδας,
3648 3077 3745 3130 καί

2089 3206 2130 3261 C
2157 3174 2474 3245 ,ϐδέλυγμα
2500 3172 2736 3243 ἐγένετο
2777 3172 2847 3226 ἐν
2877 3169 2958 3237 τῷ
2994 3169 3245 3239 Ἰσραὴλ
3293 3169 3391 3222 καὶ
3420 3170 3491 3221 ἐν
3528 3169 3743 3237 Ἰερου-

2170 3264 2396 3334 σαλήμ.

2242 3356 2372 3412 KE’.
2427 3356 2744 3429 Ἀρχόμενοι
2788 3355 2889 3425 τῆς
2924 3354 3003 3416 εἰς
3049 3353 3141 3407 τὸν
3190 3354 3475 3424 προφήτην
3507 3369 3745 3423 συγγρα-

2171 3451 2297 3521 φῆς,
2329 3450 2585 3520 ἐλέγομεν
2629 3451 2744 3513 ὅτι,
2784 3449 2920 3518 μετά
2952 3446 3050 3517 τὴν
3082 3447 3148 3500 ὲκ
3198 3444 3515 3508 Βαβυλῶνος
3546 3446 3641 3498 και
3682 3446 3747 3499 ex

2168 3544 2274 3613 γῆς
2312 3541 2613 3613 Ἀσσυρίων
2641 3539 2924 3603 ἐπάνοδον,
2948 3537 3107 3605 ὀλίγα
3138 3539 3237 3607 τῆς
3265 3537 3497 3608 νομικῆς
3530 3539 3746 3609 φροντί-

2173 3651 2363 3695 σαντες
2408 3634 2648 3701 ἐντολῆς,
2681 3634 2730 3685 οἰ
2758 3628 2817 3696 ἐξ
2852 3630 3068 3702 Ἰσραὴλ
3096 3632 3215 3693 ταῖς
3248 3629 3589 3698 ἀλλογενέσιν
3619 3646 3742 3682 συν·

2170 3725 2459 3779 επλέκοντο
2485 3722 2717 3793 γυναιξί.
2759 3722 2867 3775 Καὶ
2900 3720 3036 3794 πρὸς
3087 3718 3246 3774 τοῦτο
3273 3719 3538 3791 ὲξιτήλοις
3565 3718 3745 3783 αὐτοῖς

2172 3816 2379 3889 προέϐη
2428 3817 2490 3869 τὸ
2541 3814 2836 3887 δρώμενον,
2887 3814 2963 3877 ῶς
3023 3814 3115 3866 καὶ
3163 3812 3362 3873 αὐτοὺς
3408 3814 3521 3876 τοῖς
3568 3811 3746 3875 ἄλλοις

2173 3906 2644 3977 συναποφέρεσθαι
2674 3906 2799 3967 τοὺς
2832 3904 3232 3976 ἱερατεύοντας,
3262 3903 3360 3957 καὶ
3388 3901 3487 3967 τὰς
3519 3902 3618 3973 μὲν
3646 3903 3745 3974 ήδη

2171 3999 2579 4070 συνῳκισμένας
2611 3997 2667 4051 αἳ
2695 3997 2789 4050 καὶ
2818 3992 2959 4067 ἦσαν
2990 3996 3048 4061 ἐξ
3099 3995 3330 4067 αἵματος
3367 3994 3599 4066 Ἰσραὴλ,
3629 3996 3740 4047 ἀτι-

2175 4091 2411 4161 μοτάτοις
2456 4088 2732 4158 ἡγεῖσθαι,
2783 4088 2878 4139 καὶ
2926 4085 3353 4155 ἀποπέμπεσθαι
3393 4084 3501 4137 τῶν
3531 4082 3743 4146 ἑστιῶν,

2171 4182 2553 4247 εἰσοικίζεσθαι
2579 4180 2634 4233 δὲ
2661 4179 2863 4250 μᾶλλον
2884 4178 2985 4241 τὰς
3013 4177 3323 4246 ἀλλογενεῖς
3355 4174 3744 4248 Ἀμμανίτιδας

2171 4277 2264 4329 καὶ
2277 4274 2580 4343 Ἰδουμαίας
2599 4288 2613 4301 ·
2636 4272 2731 4324 καὶ
2757 4269 2925 4340 πολλή
2955 4286 3039 4332 τις
3066 4268 3314 4322 ἐντεῦθεν
3338 4268 3371 4337 ή
3397 4266 3492 4320 τοῦ
3532 4267 3739 4339 Ἰσραὴλ

2174 4367 2473 4439 βεδήλωσις
2518 4362 2606 4436 ἦν.
2642 4364 2716 4417 Οὐ
2760 4364 2869 4435 γάρ
2902 4362 3202 4432 κατέληγον
3247 4362 3450 4413 ἐκεῖναι
3492 4358 3599 4412 τῶν
3644 4375 3733 4411 πα-

2170 4459 2357 4533 τρῴων
2396 4458 2685 4525 etiamm):
2714 4457 3003 4527 ὲλάτρευον
3039 4455 3138 4525 μὲν
3170 4453 3409 4517 εἰδώλοις
3438 4453 3540 4516 ἔτι,
3578 4468 3744 4524 προσ-

486 4537 591 4606 ptis
621 4537 946 4600 habitarent,
978 4537 1136 4590 simul
1158 4539 1425 4605 inquinari
1452 4551 1509 4593 ct
1554 4542 1718 4595 Deum
1754 4541 2051 4597 olfendere.

2162 4553 2385 4609 εκύνουν
2412 4551 2467 4604 δὲ
2499 4552 2593 4604 καὶ
2622 4552 2687 4620 τῇ
2721 4550 2950 4621 στρατιᾷ
2995 4547 3086 4600 τοῦ
3116 4544 3370 4618 ούρανοῦ,
3404 4546 3498 4599 καὶ
3522 4541 3591 4616 ἦν
3624 4563 3743 4608 πως

487 4631 561 4685 De
586 4632 669 4685 liis
698 4633 746 4686 in
777 4632 929 4686 libris
963 4632 1146 4686 Esdrae
1174 4631 1338 4685 multa
1373 4633 1685 4686 scribuntur
1711 4635 1776 4688 η.
1831 4636 2066 4689 Accusat

488 4725 648 4793 igitur
675 4738 768 4779 eos
801 4724 1175 4778 universorum
1211 4723 1374 4787 Deus,
1397 4735 1453 4777 ut
1495 4742 1693 4781 uxores
1734 4728 2065 4783 lsraelitidas

486 4819 599 4871 sive
633 4814 843 4871 Iudaeas
866 4826 1243 4885 aspernantes,
1268 4816 1498 4869 sceleste
1523 4829 1701 4869 autem
1737 4817 2067 4888 alienigena-

488 4923 604 4960 rum
633 4907 843 4960 ftlialtus
869 4908 1325 4971 adluercscentes,
1354 4922 1474 4960 eum
1505 4917 1683 4960 tamen
1752 4907 2060 4974 huiusmodi

486 4995 917 5066 coniunctionem
955 4999 1037 5052 lex
1068 4999 1435 5053 interdiceret.
1464 4996 1661 5052 Verum
1689 4998 1794 5063 illi,
1829 5009 1938 5053 tam
1968 5013 2061 5054 ve-

487 5092 783 5145 nerandum
817 5092 1125 5145 mandatum
1150 5092 1331 5146 nescio
1353 5106 1460 5160 quo
1500 5092 1659 5145 modo
1683 5089 1836 5145 flocci
1854 5091 2058 5145 facien-

488 5194 585 5245 tes,
611 5193 705 5237 aot
730 5183 1014 5237 mulierum
1042 5183 1225 5250 specie
1253 5183 1317 5234 ad
1349 5182 1656 5250 voluptates
1708 5180 1938 5236 lascivas
1962 5182 2059 5236 ab-

486 5275 955 5343 ripiebantur;aut
986 5273 1216 5329 fortasse
1238 5273 1539 5327 alienorum
1564 5272 1859 5341 amicitias,
1906 5289 1975 5328 ne
2003 5274 2054 5328 in

485 5368 629 5435 ipsos
648 5366 907 5421 bellarent
942 5374 1195 5433 tanquam
1220 5364 1332 5431 jam
1361 5364 1539 5418 socios
1578 5374 1631 5418 et
1657 5372 1878 5432 propter
1940 5381 2040 5418 ιιιι-

484 5457 626 5524 ptias
649 5456 903 5511 allinitate
924 5456 1371 5526 conjtmctos,ltac
1393 5456 1603 5510 ratione
1627 5465 1850 5525 captare
1873 5457 2059 5512 molie-

488 5548 699 5599 bantur.
732 5546 883 5612 Quod
906 5547 1047 5602 aliud
1083 5547 1217 5601 ttihil
1247 5556 1364 5601 erat
1386 5563 1547 5616 quam
1621 5547 1726 5601 title
1787 5547 2058 5604 titubante

488 5637 800 5708 injuriosius
834 5654 994 5710 agerc
1032 5657 1155 5695 cum
1189 5640 1315 5703 Deo,
1353 5640 1510 5710 quasi
1536 5640 1626 5709 qui
1662 5654 1757 5694 eos
1819 5640 1887 5694 dc
1940 5642 2059 5697 illo-

560 5814 603 5849 "
630 5816 781 5871 Deut.
807 5833 843 5877 ι.
892 5816 973 5871 Π.

2169 4640 2383 4710 ἀνάγκη
2416 4640 2540 4701 τοὺς
2576 4640 2698 4699 ταῖς
2749 4635 2892 4688 οὕτω
2924 4635 3022 4705 τὴν
3059 4634 3231 4705 φρένα
3267 4632 3745 4703 κατεφθαρμέναις

2169 4732 2554 4804 συνῳκηκὸτας
2613 4725 3178 4798 συγκαταμιαίνεσθαι
3231 4724 3325 4779 καὶ
3382 4721 3745 4796 προσκρούειν

2164 4827 2302 4897 Θεῷ.
2334 4824 2507 4887 Πολὺς
2535 4822 2592 4875 δέ
2614 4839 2676 4889 γε
2704 4820 2825 4873 λίαν
2853 4820 2880 4871 ὀ
2907 4818 2999 4871 ὲπί
3020 4835 3085 4886 γε
3114 4816 3354 4871 τουτοισὶ
3376 4816 3566 4885 γέγονε
3590 4814 3744 4882 λόγος

2163 4921 2221 4971 ἐν
2262 4920 2377 4981 τοῖς
2409 4916 2616 4984 Ἕσδρα
2659 4913 2906 4983 βιϐλίοις.
2946 4911 3306 4962 Καταιτιᾶται
3339 4906 3519 4960 τοίνυν
3549 4907 3747 4969 αὐτοὺς

2161 5012 2189 5063 ὁ
2220 5010 2327 5064 τῶν
2356 5009 2496 5062 ὅλων
2522 5008 2674 5070 Θεὸς,
2704 5004 2779 5068 ὡς
2811 5004 3007 5074 γύναια
3036 5003 3133 5071 μὲν
3176 4998 3542 5067 ἀτιμάζοντας
3564 4996 3661 5059 τὰς
3686 4996 3745 5063 ἐξ

2162 5102 2397 5173 αἵματος
2437 5098 2653 5169 Ἰσραὴλ
2676 5098 2842 5167 ἤγουν
2870 5094 2962 5147 τοῦ
3000 5092 3193 5155 Ἰούδα,
3234 5089 3663 5163 προσκειμένους
3686 5087 3745 5140 δὲ

2162 5195 2390 5257 ἀνοσίως
2422 5195 2541 5255 ταῖς
2584 5190 2693 5243 τῶν
2725 5185 3038 5255 ἀλλοφύλων
3080 5184 3412 5255 θυγατράσι,
3445 5180 3621 5234 καίτοι
3650 5176 3741 5232 τοῦ

2162 5285 2329 5355 νόμου
2357 5283 2457 5352 τὴν
2490 5280 2704 5333 σύνοδον
2734 5277 3168 5346 ἀποφάσκοντος.
3209 5271 3348 5323 Ἀλλ’
3392 5271 3441 5322 οἰ
3469 5268 3575 5321 τῶν
3602 5266 3745 5321 οὕτω

2166 5370 2381 5424 σεπτῶν
2424 5370 2523 5421 οὐκ
2573 5363 2669 5420 οἷδ’
2720 5368 2867 5428 ὅπως
2916 5363 3381 5433 ὀλιγωρήσαντες,
3413 5360 3445 5412 ἢ
3491 5361 3607 5420 ταῖς
3638 5355 3744 5410 τῶν

2168 5462 2403 5529 γυναίων
2436 5459 2608 5531 ῶραις
2642 5457 2776 5527 πρὸς
2801 5456 3053 5523 ἀσελγεῖς
3078 5452 3272 5522 ἡδονὰς
3308 5447 3740 5521 συνηρπάζοντο,

2169 5555 2201 5623 ἣ
2240 5552 2377 5623 τάχα
2408 5568 2512 5605 που
2542 5553 2664 5613 ταῖς
2695 5552 2757 5602 ἐκ
2787 5547 2895 5601 τῶν
2924 5544 3241 5614 ἀλλοφύλων
3272 5542 3477 5611 φιλίαις
3506 5536 3741 5608 ὑποτρέ·

2169 5659 2283 5711 χειν
2312 5640 2525 5712 ῆθελοι,
2558 5640 2646 5694 ἵνα
2679 5639 2752 5710 μὴ
2791 5637 3051 5707 μάχοιντο
3100 5634 3233 5702 πρδς
3279 5632 3475 5695 αὐτοὺς
3523 5629 3595 5693 ὡς
3628 5627 3739 5698 ήδη

1068 5817 1364 5872 ¹⁶1.Εκιιι·.
1402 5835 1449 5884 χ,
1482 5820 1514 5874 2
1537 5836 1662 5890 seqq
1693 5838 1705 5882 ι
1738 5819 1778 5875 ιι
1808 5821 1955 5879 Esdr.
1998 5838 2047 5877 XI

2162 5822 2171 5872 ἱ
2209 5828 2258 5877 cl
2298 5822 2361 5876 25
2389 5836 2573 5890 seqq;
2610 5818 2674 5872 ιιι
2704 5818 2851 5873 lisdr.
2881 5833 2954 5881 Ix,
2989 5817 3020 5870 9
3044 5830 3191 5884 seqq.
