4120 6376
362 443 473 497 517

1208 441 1758 502 COMMENTARIUS
1804 444 1872 500 l-N
1913 446 2316 506 MALACIIIAM
2360 451 2805 511 PROPHETAM.

3505 452 3610 510 3i3

366 551 714 623 γνωρίμους,
752 554 846 608 καὶ
880 554 979 628 τὴν
1020 556 1083 611 ἐκ
1119 557 1314 629 γάμων
1344 559 1567 630 ἔχοντας
1603 561 1940 633 ἀγχιστείαν.

2048 581 2163 621 rum
2199 582 2358 623 manu
2398 571 2627 640 eripere,
2661 585 2756 625 seu
2794 566 3035 640 potentia
3067 565 3487 635 alienigenarum
3518 583 3617 621 su-

369 640 541 696 Τοῦτο
561 641 620 697 δὲ
654 645 750 698 καὶ
775 644 963 714 ἕτερον
986 645 1138 701 οὐδὲν
1165 647 1199 719 ἢ
1226 651 1346 712 ταῖς
1374 650 1770 720 δλιγοπιστίαις
1801 652 1937 706 καθ⁸

368 730 589 804 υϐρίσαι
617 732 782 800 Θεὸν,
814 734 888 801 ὡς
920 737 1018 808 τῆς
1060 737 1288 793 ἐκείνων
1319 740 1499 812 χειρὸς
1540 743 1820 807 ἐξελέσθαι
1861 745 1938 817 μὴ

365 822 701 894 δυνάμενον,
755 825 926 897 ἧγουν
981 827 1263 898 ἀποφῆναι
1323 831 1638 902 κρείττονας
1704 834 1807 905 τῆς
1874 838 1936 905 ἐξ

366 913 684 983 ἀλλοφύλων
709 914 1038 981 πλεονεξίας.
1083 918 1302 973 Ἐλύπει
1333 919 1397 992 δὴ
1438 917 1530 977 οὖν
1575 924 1717 978 κατά
1758 927 1938 981 πάντα

366 1006 567 1077 τρόπον
599 1007 663 1061 τὸ
694 1008 886 1081 χρῆμα
924 1008 1078 1064 Θεόν.
1117 1010 1301 1085 Ταύτῃ
1334 1029 1417 1066 τοι
1445 1015 1541 1068 καὶ
1566 1017 1666 1087 τῆς
1694 1017 1937 1088 ἐμφύτου

369 1096 755 1168 φιλοστοργίας
778 1098 1107 1166 ἀλογοῦντας
1135 1098 1379 1171 βλέπων,
1405 1105 1540 1175 φησί
1558 1123 1572 1136 ο
1609 1126 1626 1157 ι
1649 1108 1784 1179 Οὐχὶ
1806 1108 1937 1174 Θεὸς

366 1182 449 1252 εἷς
493 1187 708 1243 ἔκτισεν
754 1190 928 1260 ύμᾶςς
960 1191 1095 1262 Οὐχὶ
1142 1194 1327 1265 πατὴρ
1372 1188 1456 1259 εἷς
1500 1197 1718 1251 πάντων
1751 1200 1935 1270 ύμῶν;

369 1278 435 1333 Τί
464 1279 550 1332 ὅτι
590 1279 978 1348 ἐγκατελίπετε
1024 1283 1252 1348 ἕκαστος
1284 1285 1376 1339 τὸν
1411 1286 1640 1357 ἀδελφὺν
1686 1290 1880 1354 αὐτοῦς
1912 1310 1932 1343 ι

368 1364 464 1434 Εἷς
490 1369 591 1441 μὲν
618 1370 726 1442 γὰρ
749 1373 781 1425 δ
809 1370 1026 1428 πάντων
1051 1374 1168 1427 ἐστὶ
1194 1376 1571 1449 Δημιουργδς,
1609 1380 1703 1432 καὶ
1744 1380 1861 1445 ἐνὸς
1887 1386 1936 1436 οἱ

368 1460 570 1524 πάντες
596 1461 886 1527 Δεσπότου,
919 1460 1246 1535 βουλομένου
1292 1468 1595 1523 συνδεῖσθαι
1621 1470 1683 1526 τὸ
1716 1472 1937 1542 ποιηθὲν

367 1554 448 1616 είς
478 1552 671 1607 ἕνωσιν
697 1554 790 1608 καὶ
824 1556 1130 1627 δμοψυχίαν
1156 1561 1270 1622 τοῖς
1295 1560 1398 1630 τῆς
1428 1561 1648 1633 ἀγάπης
1673 1562 1893 1632 δεσμοῖς
1918 1581 1934 1598 ο

368 1641 431 1696 Εἰ
464 1642 564 1713 μὲν
595 1643 703 1716 γάρ
733 1639 875 1716 ἦσαν
903 1644 996 1699 δύο
1022 1646 1134 1701 θεοὶ
1177 1648 1271 1701 καὶ
1301 1648 1502 1722 κύριοι,
1528 1652 1561 1723 ἢ
1594 1653 1686 1706 καὶ
1716 1653 1938 1719 πλείους

368 1733 468 1795 ἔτι,
497 1734 560 1788 τὺ
591 1735 818 1802 ἀπεικὸς
838 1737 989 1792 οὐδὲν
1037 1742 1159 1803 ταῖς
1181 1739 1292 1795 τῶν
1322 1744 1665 1814 ποιησάντων
1680 1746 1938 1818 γνώμαις

370 1826 943 1898 συγκαταμερίζεσθαι
993 1827 1066 1884 τὰ
1121 1831 1436 1903 ποιήματα,
1498 1834 1591 1888 καὶ
1639 1837 1740 1908 τὴν
1798 1839 1938 1910 πρὸς

366 1913 570 1987 ἄλληλα
606 1917 795 1971 στάσιν
822 1919 1152 1994 εὐαφόρμως
1199 1922 1531 1995 εἰσδέχεσθαι
1552 1965 1566 1989 ,
1600 1928 1742 1981 κατά
1783 1945 1847 1998 γε
1874 1929 1937 1983 τὸ
1969 1910 2011 1966 Β

365 2009 479 2072 τοῖς
522 2012 781 2083 κρατοῦσι
828 2013 1039 2067 δοκοῦν.
1096 2014 1313 2088 Ἐπειδὴ
1357 2016 1415 2070 δὲ
1462 2010 1544 2082 εἷς
1592 2019 1740 2073 ἐστιν
1780 2022 1809 2074 δ
1847 2021 1935 2075 διὰ

368 2100 584 2155 πάντων
617 2104 711 2156 καὶ
743 2104 802 2156 ἐν
828 2105 963 2158 πᾶσι
994 2106 1088 2158 καὶ
1119 2106 1214 2160 ἐπὶ
1250 2107 1457 2173 πάντας
1487 2109 1641 2175 Θεὸς,
1678 2111 1806 2165 ποία
1854 2130 1936 2177 τις

364 2191 433 2246 ἂν
456 2191 666 2262 γένοιτο
690 2192 788 2265 τῆς
813 2193 1077 2267 διχονοίας
1103 2198 1409 2270 πρόφασιςς
1443 2200 1552 2254 Καὶ
1588 2202 1774 2274 ἐπειδὴ
1801 2204 1938 2276 πρὸς

364 2282 540 2355 τούτῳ
582 2285 676 2340 καὶ
717 2280 798 2349 εἷς
847 2287 877 2340 δ
923 2288 1142 2343 πάντων
1187 2289 1296 2346 τῶν
1334 2291 1601 2347 Ἰουδαίων
1633 2295 1750 2348 ἐστὶ
1795 2293 1937 2350 κατά

368 2378 546 2448 σάρκα
592 2377 795 2450 πατὴρ,
821 2378 1091 2446 τουτέστι,
1120 2383 1150 2436 δ
1180 2380 1466 2448 θεσπέσιος
1503 2384 1774 2456 Ἀϐραὰμ,
1798 2385 1853 2439 τί
1873 2386 1937 2439 τὸ

362 2467 657 2524 ἀναπείθον
673 2470 774 2542 τὴν
799 2471 899 2542 τῆς
928 2473 1113 2543 φιλίας
1140 2474 1475 2547 εἰσδέχεσθαι
1501 2477 1694 2543 νόσονς
1723 2479 1794 2532 Ἢ
1818 2477 1936 2543 πῶς

354 2561 468 2615 οὐκ
496 2561 789 2617 ἀκόλουθον
821 2566 936 2628 τοῖς
979 2564 1038 2632 ἑξ
1087 2566 1317 2637 αἵματος
1348 2568 1515 2636 ἐγγὺς
1548 2568 1624 2631 ὡς
1667 2571 1729 2622 ἰν
1769 2569 1937 2639 ὀφλή-

368 2668 536 2723 ματος
572 2653 723 2719 τάξει
761 2654 1146 2710 κατατίθεσθαι
1186 2657 1285 2730 τὴν
1333 2660 1580 2732 ἀγάπην;
1631 2660 1756 2725 Πῶς
1784 2660 1841 2715 δὲ
1872 2662 1934 2715 οὐ

369 2745 565 2815 μανίας
591 2747 760 2817 ἐγγὺς
797 2748 861 2803 τὸ
899 2751 1022 2812 ταῖς
1061 2749 1172 2804 τῶν
1203 2751 1518 2821 ἀλλοφύλων
1554 2752 1938 2825 ἐπιμαίνεσθαι

366 2837 691 2911 θυγατράσι,
724 2840 825 2905 τὰς
850 2840 989 2896 οἴκοι
1019 2859 1078 2897 τε
1107 2843 1204 2896 καὶ
1233 2845 1298 2897 ἐκ
1329 2845 1520 2913 γένους
1553 2847 1934 2918 ἀτιμάζοντας,

365 2930 455 2985 ἶνα
484 2931 798 3004 βεϐηλώσῃς
838 2933 1010 3005 αὐτὴν
1035 2934 1273 2989 διάθεσιν
1297 2937 1477 2990 αὐτῶν
1503 2937 1612 2990 τῶν
1651 2940 1933 3009 πατέρωνς

364 3022 715 3094 Τετηρήκασι
754 3023 865 3096 γὰρ
892 3026 1090 3079 ἐκεῖνοι
1118 3026 1189 3080 τά
1210 3029 1323 3092 τοῖς
1346 3026 1513 3092 θείοις
1546 3029 1733 3100 νόμοις
1752 3029 1935 3101 διηγο-

359 3115 607 3185 ρευμένα
633 3115 765 3188 περὶ
799 3116 1078 3186 γυναικῶν
1104 3116 1347 3173 ὀθνείων.
1370 3120 1606 3175 Ἤκουον
1634 3121 1766 3193 γάρ’
1789 3122 1935 3194 «Τὴν

2039 659 2280 727 perieres
2322 661 2549 718 reddere
2595 662 2862 731 inequiret.
2915 658 3255 717 Ouinimodis
3290 659 3454 729 igitur
3498 656 3610 714 Deo

2039 749 2249 806 istares
2284 750 2520 808 dolebat.
2567 753 2721 808 Unde
2766 766 2861 807 eos
2928 751 3303 823 ingeneratum
3365 763 3606 804 amorem

2038 851 2385 897 contemnere
2403 857 2656 907 cernens,
2685 844 2762 898 ait
2793 860 2809 897 :
2845 860 2867 895 ι
2901 841 3089 896 Nonne
3121 856 3260 895 unus
3284 840 3425 894 Deus
3453 853 3609 893 crea-

2038 932 2116 986 vit
2169 931 2304 988 vos?
2333 930 2524 990 Nonne
2551 933 2710 989 Pater
2740 949 2880 989 unus
2905 930 3189 987 omnium?
3213 929 3349 996 Quid
3375 929 3609 997 estquod

2040 1026 2408 1096 unusquisque
2445 1026 2740 1096 reliquistis
2774 1024 2996 1079 fratrem
3023 1022 3227 1079 suum?
3268 1042 3286 1072 ι
3325 1019 3470 1076 Unus
3524 1029 3612 1074 est

2036 1119 2181 1174 enim
2206 1119 2582 1175 universorum
2609 1117 2813 1188 opifex,
2837 1124 2892 1172 et
2914 1129 3103 1170 omnes
3132 1113 3293 1167 unius
3331 1111 3463 1165 estis
3507 1109 3613 1162 Do-

2038 1210 2189 1273 mini,
2219 1209 2308 1277 qui
2361 1209 2503 1279 quod
2524 1209 2765 1264 condidit
2786 1214 2857 1262 ad
2884 1205 3138 1261 unionem
3177 1212 3233 1258 et
3262 1200 3607 1257 concordiam

2038 1296 2269 1352 vinculis
2298 1297 2581 1352 charitatis
2610 1294 2866 1363 colligare
2903 1296 3035 1349 vult.
3062 1292 3275 1348 Etenim
3316 1293 3363 1346 si
3423 1297 3611 1344 essent

2037 1387 2144 1443 duo
2186 1386 2259 1441 dii
2295 1402 2358 1442 ac
2383 1387 2606 1449 domini,
2634 1396 2727 1440 aut
2759 1384 2923 1440 etiam
2960 1382 3162 1453 plures,
3194 1381 3433 1437 alienum
3474 1378 3608 1433 nihil

2039 1476 2176 1532 foret
2211 1493 2300 1533 res
2326 1479 2571 1532 conditas
2594 1480 2751 1548 juxta
2778 1475 3119 1531 conditorum
3179 1471 3483 1527 voluntates
3527 1470 3610 1524 di-

2035 1567 2143 1622 vidi
2172 1583 2234 1622 ac
2259 1567 2491 1634 secerni,
2514 1576 2568 1621 et
2607 1565 2709 1621 levi
2745 1566 3035 1621 occasione
3060 1562 3164 1619 sibi
3220 1563 3454 1617 invicem
3504 1560 3603 1614 ad-

2036 1640 2265 1722 versari,
2298 1657 2710 1728 proutdominis
2731 1656 2865 1726 ipsis
2889 1655 3101 1710 liberet.
3127 1653 3393 1721 Quoniam
3425 1658 3606 1705 autem

2037 1765 2176 1805 unus
2201 1759 2283 1804 est
2311 1764 2406 1820 per
2431 1750 2610 1803 omnia
2636 1757 2692 1805 et
2712 1748 2767 1804 in
2820 1746 3072 1803 omnibus
3124 1755 3180 1800 et
3232 1759 3396 1814 super
3427 1741 3609 1797 omnia

2042 1842 2179 1896 Deus
2206 1841 2281 1910 '",
2318 1856 2439 1910 qua:
2465 1841 2681 1895 tandem
2711 1853 2835 1896 esse
2859 1847 3024 1909 queat
3057 1834 3423 1892 dissensionis
3451 1846 3612 1889 occa-

2038 1933 2243 1990 sio?Et
2274 1933 2526 2003 quoniam
2555 1932 2778 2002 insuper
2800 1946 2940 1986 unus
2989 1937 3075 1985 est
3118 1928 3361 1984 omnium
3391 1921 3610 1980 Judaeu-

2041 2042 2158 2081 rum
2195 2034 2348 2097 pater
2363 2023 2658 2079 secuudum
2689 2037 2938 2089 carnem,
2970 2020 3186 2076 divinus
3211 2031 3405 2088 nempe
3433 2014 3611 2071 Abra-

2038 2119 2184 2182 ham,
2218 2116 2371 2187 'quid
2426 2126 2510 2170 est
2559 2117 2700 2185 quod
2761 2114 3055 2169 amicitiam
3105 2107 3441 2165 labefactat?
3501 2107 3612 2161 Aut

2036 2206 2306 2280 quomodo
2323 2221 2657 2277 consequens
2680 2220 2783 2260 non
2813 2214 2896 2260 est
2924 2198 3340 2273 consanguineis
3370 2213 3608 2253 amorem

2036 2310 2095 2356 ut
2122 2298 2363 2355 debitum
2408 2295 2753 2368 persolvere?
2784 2293 3065 2363 Quomodo
3091 2300 3271 2346 autem
3321 2303 3425 2343 non
3474 2302 3613 2358 pene

2034 2390 2318 2456 furiosum,
2345 2388 2660 2445 domesticis
2700 2395 2753 2441 et
2785 2401 2851 2441 ex
2879 2384 3068 2441 eodem
3090 2389 3301 2453 'genere
3335 2375 3612 2448 prognatis

2035 2480 2352 2553 coniugibus
2380 2481 2672 2549 despectis,
2692 2492 2858 2548 super
2873 2487 3184 2532 exterarum
3219 2468 3431 2526 llliabus
3467 2467 3613 2522 insa-

2035 2574 2238 2639 nire,ut
2268 2579 2647 2627 testamentum
2678 2568 2853 2637 ipsum
2879 2572 3094 2635 patrum
3129 2558 3295 2634 842
3318 2555 3615 2627 proianes?

2033 2663 2302 2720 llliseniin
2322 2661 2520 2717 divinis
2541 2658 2744 2733 legibus
2764 2657 2830 2714 de
2882 2654 3181 2726 peregrinis
3219 2649 3480 2706 uxoribus
3528 2646 3613 2701 iu-

2037 2757 2265 2813 lerdicu
2290 2765 2592 2812 servarunt.
2628 2747 3091 2810 Audiebautenim
3119 2764 3133 2801 :
3177 2763 3196 2797 ι
3232 2743 3428 2799 Filiam
3460 2748 3608 2795 tuam

2037 2865 2145 2905 non
2186 2847 2340 2903 dabis
2369 2845 2480 2900 lilio
2510 2843 2628 2912 ejus
2660 2861 2674 2896 :
2719 2851 2772 2897 et
2825 2839 2988 2894 iiliam
3024 2834 3195 2908 ipsius
3224 2848 3328 2890 non
3371 2830 3608 2901 accipies

2035 2937 2150 2992 lilio
2185 2945 2297 2990 tuo.
2334 2930 2733 2988 Seducetenin:
2766 2928 2934 2983 lilium
2963 2936 3113 2995 tuum
3146 2941 3177 2979 a
3209 2939 3316 2992 me,
3342 2934 3396 2977 et
3419 2921 3611 2976 abiens

2036 3030 2238 3086 serviet
2258 3026 2364 3081 diis
2393 3022 2591 3079 alienis
2614 3022 2679 3075 ⁸⁸.
2710 3039 2730 3073 ι
2771 3021 2873 3075 Ast
2904 3017 2958 3073 bi
2989 3014 3267 3072 oraculum
3312 3010 3465 3068 nihili
3524 3010 3609 3065 ia-

2036 3120 2244 3175 cientes
2272 3117 2444 3187 legem
2473 3113 2885 3172 conculcaruut.
2947 3117 3005 3164 et
3055 3114 3321 3178 quantum
3377 3104 3432 3158 in
3476 3102 3611 3172 ipsis

363 3205 656 3311 θυγατέρα.
669 3223 766 3262 σου
798 3208 861 3262 ού
896 3207 1088 3273 δώσεις
1120 3208 1196 3281 τῷ
1223 3210 1326 3281 υίῷ
1349 3210 1517 3265 αὑτοῦ
1536 3228 1551 3242 ·
1580 3212 1675 3266 καὶ
1700 3211 1798 3276 τὴν
1836 3212 1934 3267 θυ-

2039 3212 2142 3267 fuit
2164 3217 2547 3266 tesrainentum
2568 3205 2933 3267 inilrmarunt,
2960 3208 3016 3255 et
3044 3198 3330 3267 profanum
3356 3195 3613 3251 reddide-v

2441 3299 2453 3311 ο
2587 3296 2601 3308 -
2688 3309 2725 3311 ,_
2770 3301 2841 3311 ω-.
2875 3290 3048 3311 I_____._
3076 3287 3366 3311 _2_I_.:-..-
3404 3284 3577 3311 ---ι-ἶ

364 3299 570 3370 γατὲρα
597 3298 764 3352 αὑτοῦ
792 3299 854 3352 οὐ
883 3299 1030 3372 λήψῃ
1057 3299 1136 3371 τῷ
1166 3300 1266 3372 υίῷ
1304 3317 1421 3356 σου.
1464 3302 1789 3374 Ἀποστήσει
1826 3303 1933 3377 γὰρ

352 3387 457 3442 τὸν
499 3387 614 3442 υίόν
663 3404 759 3442 σου
802 3389 899 3443 ἀπ’
953 3389 1111 3460 ἐμοῦ,
1168 3390 1264 3444 καὶ
1319 3389 1604 3461 πορευθεὶς
1649 3389 1936 3462 λατρεύσει

364 3481 505 3543 θεοῖς
546 3479 772 3553 ἑτέροις.
810 3499 829 3532 ι
879 3483 943 3535 Ui
993 3482 1051 3535 δὲ
1105 3483 1237 3553 παρ’
1277 3480 1431 3536 οὐδὲν
1475 3481 1831 3554 ποιησάμενοι
1874 3482 1935 3536 τὸ

364 3571 764 3644 χρησμῴδημα,
788 3575 1137 3645 πεπατήκασι
1163 3574 1256 3628 τὸν
1283 3574 1467 3646 νόμον,
1492 3577 1603 3640 καὶ,
1624 3574 1687 3629 τό
1713 3592 1777 3646 γε
1800 3570 1936 3648 ἧκον

353 3665 444 3727 ἐίς
481 3664 700 3730 αὐτοὺς,
736 3665 942 3738 ἀδρανῆ
985 3667 1079 3721 καὶ
1117 3666 1342 3740 βέϐηλον
1370 3667 1793 3721 ἁποτετελέκασι
1836 3666 1936 3737 τὴν

361 3752 647 3825 διαθήκην,
671 3755 964 3822 λυποῦντες
994 3759 1115 3820 ταῖς
1142 3756 1489 3828 παραϐάσεσι
1516 3757 1626 3811 τῶν
1647 3757 1827 3827 νόμων
1843 3757 1936 3810 τὸν

362 3843 600 3914 ἄριστον.
638 3845 1051 3918 Κατατεθηπὼς
1082 3847 1140 3901 δὲ
1167 3846 1357 3919 ὥσπερ
1403 3847 1467 3901 τὸ
1501 3847 1797 3918 δρώμενον,
1842 3848 1935 3900 καὶ

358 3934 682 4007 ἀδικωτάτῳ
712 3937 860 4008 μίσει
900 3937 1391 4011 πλεονεκτούμενον
1423 3940 1635 4011 βλέπων
1662 3940 1723 3992 τὸ
1749 3940 1809 4006 ἐξ
1851 3939 1937 3992 αἴ-

367 4043 535 4096 ματος
572 4028 745 4083 Ἰούδα
787 4030 897 4084 τῶν
923 4032 1163 4099 γυναίων
1206 4032 1379 4099 ἔθνος,
1422 4032 1613 4101 ἐπάγει
1642 4032 1735 4085 καί
1763 4048 1931 4102 φηαιο

371 4117 836 4191 «Ἐγκατελείφθη
872 4121 1093 4186 Ἰούδας,
1129 4142 1147 4172 ι
1209 4122 1304 4176 καὶ
1343 4125 1402 4176 ἐν
1440 4125 1552 4186 τοῖς
1590 4123 1933 4176 κατοικοῦσιν

372 4208 744 4283 Ἰερουσαλὴμ,
771 4214 1033 4284 Ὣ,φησὶ,
1077 4214 1380 4286 παραδόξου
1422 4212 1778 4286 πράγματοςί
1830 4212 1932 4266 οὐκ

376 4300 701 4371 Ἀσσυρίοις,
738 4305 800 4358 οὐ
836 4306 1096 4375 Πέρσαις,
1131 4306 1232 4361 οὐκ
1269 4305 1607 4377 Ἐλαμίταις,
1638 4305 1699 4358 οὐ
1725 4306 1838 4370 τοῖς
1866 4306 1932 4359 ὲκ

362 4391 620 4458 γειτόνων
660 4395 876 4466 ἐχθροῖς
893 4438 909 4462 ,
955 4396 1071 4451 ἀλλ’
1104 4396 1253 4468 αὐτῷ
1284 4396 1364 4466 τῷ
1404 4396 1639 4469 Ἰσραὴλ,
1682 4398 1778 4451 καὶ
1820 4399 1932 4461 τοῖς

362 4485 674 4539 κατοικοῦσι
706 4485 805 4558 τὴν
842 4486 1197 4560 Ἰερουσαλὴμ
1240 4487 1492 4559 βδελυρός
1536 4505 1598 4543 τε
1647 4491 1743 4542 καὶ
1796 4505 1929 4542 κατ-

2037 3314 2184 3367 runt,
2211 3316 2334 3356 eunt
2364 3299 2455 3369 qui
2488 3296 2733 3367 optimus
2760 3301 2845 3350 est
2875 3290 3054 3362 legum
3076 3287 3369 3345 violatione
3401 3284 3610 3342 contri-

2035 3404 2260 3450 stantes.
2308 3388 2724 3460 Obstupet‘actus
2808 3389 2990 3440 autem
3053 3377 3444 3453 propemodum
3518 3375 3609 3431 tali

2037 3487 2202 3555 facto,
2226 3493 2282 3539 et
2306 3482 2434 3540 odio
2488 3476 2830 3550 iniquissimo
2869 3488 3043 3545 genus
3091 3471 3375 3527 mulierqu
3420 3465 3611 3522 Judai-

2035 3595 2221 3639 carum
2253 3589 2570 3649 oppressum
2605 3583 2858 3635 cernens,
2878 3568 2992 3623 haec
3023 3564 3213 3620 addit:
3252 3581 3271 3615 ι
3311 3559 3612 3616 Derclictus

2035 3683 2117 3731 est
2143 3671 2330 3736 Judas,
2361 3685 2381 3722 ι
2411 3677 2465 3722 et
2491 3665 2633 3736 apud
2662 3663 2971 3718 habitantes
3005 3655 3331 3719 Jerusalem,
3363 3668 3398 3707 o
3461 3665 3600 3713 rem,

2035 3767 2231 3838 inquit,
2262 3759 2625 3831 inopinataml
2668 3771 2772 3812 non
2807 3754 2949 3823 apud
2999 3751 3275 3822 Assyrios,
3317 3762 3426 3802 non
3477 3744 3611 3800 Per-

2035 3873 2147 3922 sas,
2177 3872 2282 3911 non
2304 3854 2589 3914 Elamitas,
2624 3864 2731 3903 non
2760 3846 2968 3900 vicinos
2997 3846 3203 3908 hostes,
3227 3840 3322 3896 sed
3372 3838 3427 3893 in
3490 3838 3610 3907 ipso

2033 3947 2200 4005 Israel
2235 3955 2291 4002 et
2343 3944 2718 4001 habitantibus
2758 3939 3067 3996 Jerusalem
3120 3930 3504 3990 abominabilis
3553 3937 3611 3984 et

2031 4039 2255 4093 odiosus
2284 4036 2458 4091 factus
2483 4044 2587 4098 est,
2617 4035 2668 4088 id
2697 4041 2800 4096 est,
2830 4046 3003 4101 genus
3029 4044 3094 4082 ex
3128 4025 3265 4081 Juda
3313 4034 3369 4076 et
3416 4020 3611 4076 mulie-

2034 4144 2150 4182 rum
2178 4125 2625 4198 propinquiorum
2652 4122 2838 4176 infelix
2869 4116 3184 4173 multitudo.
3242 4112 3396 4167 Scire
3427 4118 3607 4163 autent

2031 4221 2158 4277 licet
2174 4218 2421 4275 lsraelem
2441 4216 2624 4272 vocari
2648 4218 2831 4270 decem
2858 4212 3031 4266 tribus
3056 4223 3200 4279 qme,
3220 4216 3348 4260 ante
3365 4213 3609 4269 tempora

2032 4309 2381 4381 captivitatis,
2416 4305 2719 4362 Samariam
2746 4301 3072 4365 incolebant,
3100 4312 3238 4365 quas
3288 4302 3341 4349 ct
3397 4293 3607 4381 primus

2034 4379 2374 4471 in'Assyrios
2400 4407 2456 4453 et
2484 4394 2668 4452 Medos
2715 4391 3069 4448 Salmanasar
3099 4383 3381 4442 transtulit
3403 4383 3467 4437 ’⁸.
3502 4379 3611 4434 lla-

2033 4492 2269 4547 bitautes
2301 4503 2430 4543 vero
2462 4485 2761 4541 Jerusalem
2789 4481 2910 4537 illos
2930 4479 3176 4535 nominat
3238 4490 3375 4544 quos
3428 4471 3612 4529 Nabu-

361 4575 667 4647 ηκθημινος
690 4559 966 4649 γέγονενδ
1003 4559 1223 4645 Ἰούδας,
1258 4578 1551 4644 τουτέστιν,
1580 4581 1642 4634 τὸ
1668 4580 1726 4646 ἐξ
1759 4578 1929 4635 Ἰούδα

2035 4580 2391 4642 chodonosor,
2429 4585 2669 4643 tempore
2721 4581 3009 4641 postremae
3069 4562 3434 4635 captivitatis.
3477 4559 3611 4616 sub-

359 4667 513 4733 γένος
538 4669 634 4723 καὶ
666 4673 700 4743 ἡ
736 4671 847 4725 τῶν
871 4673 1209 4744 άηιπέρων
1243 4672 1479 4741 γυναίων
1505 4671 1666 4727 ἀθλία
1693 4672 1920 4742 πληθύς.

2035 4670 2257 4757 iugavit,
2280 4666 2653 4735 Hierosolyma
2684 4673 2738 4719 et
2764 4662 2880 4732 ipso
2906 4660 3087 4715 divino
3128 4654 3328 4725 templo
3349 4652 3608 4718 incensis,

371 4757 567 4814 Ἰστέον
596 4760 654 4814 δὲ
682 4763 765 4816 ὅτι
802 4763 1019 4834 Ἰσραὴλ
1046 4764 1143 4833 μὲν
1170 4763 1425 4833 ὀνομάζει
1453 4763 1555 4829 τὰς
1591 4764 1722 4818 δέκα
1753 4764 1927 4834 φυλὰς

359 4847 417 4902 αἶ
445 4853 832 4924 κατῳκήκασιν
853 4856 911 4908 ἐν
932 4859 999 4927 τῇ
1027 4855 1332 4927 Σαμαρείᾳ,
1350 4857 1458 4929 πρὸ
1486 4855 1594 4910 τῶν
1615 4856 1716 4926 τῆς
1769 4857 1929 4927 αίχμ-

358 4934 590 5001 αλωσίας
622 4940 846 5009 καιρῶν,
873 4941 941 5005 ἃς
971 4944 1065 4996 καὶ
1097 4943 1314 5014 πρῶτον
1347 4945 1626 5015 ἀπῴκισεν
1645 4946 1673 4998 ὁ
1708 4945 1925 5014 Σαλμα-

357 5029 531 5101 νασάρ
559 5033 643 5095 εἰς
680 5033 1001 5105 Ἀσσυρίους
1036 5037 1131 5089 καὶ
1170 5037 1406 5108 Μήδους.
1439 5037 1577 5100 Τοὺς
1603 5036 1662 5089 δέ
1695 5053 1758 5104 γε
1792 5054 1922 5090 κατ-

358 5119 638 5186 οικοῦντας
676 5123 1027 5197 Ἰερουσαλὴμ
1059 5128 1302 5183 ἐκείνους
1336 5123 1474 5182 εἶναί
1500 5145 1634 5199 φησι
1662 5128 1756 5192 οὓς
1780 5122 1925 5181 εἷλεν

357 5210 386 5261 ὸ
415 5212 903 5287 Ναϐουχοδονόσορ,
947 5219 1089 5274 κατά
1119 5219 1212 5272 τὸν
1242 5219 1431 5289 καιρὸν
1476 5219 1577 5286 τῆς
1609 5220 1927 5284 τελευταίας

2029 4743 2166 4835 quos
2197 4771 2252 4816 et
2301 4761 2353 4814 in
2413 4758 2739 4829 Babylonem
2793 4753 3019 4808 abduxit
3048 4752 3117 4807 ⁸⁸.
3146 4749 3384 4804 Accusat
3418 4743 3606 4835 igitur,

2032 4833 2140 4907 imo
2167 4864 2297 4905 vero
2314 4863 2417 4903 non
2445 4846 2636 4901 leviter
2658 4859 2756 4900 eos
2787 4844 3088 4898 insectatur
3130 4837 3297 4911 quod,
3369 4833 3609 4891 dimissis

2030 4958 2097 4999 ex
2134 4940 2270 4996 Juda
2301 4939 2584 5003 uxoribus,
2611 4940 2694 5006 εει
2729 4934 3046 5005 alienigenis
3080 4939 3368 5002 prognatas
3404 4923 3609 4982 nefarie

2030 5036 2362 5096 asciverant,
2388 5030 2637 5102 quamvis
2666 5028 2908 5097 paternis
2945 5026 3060 5081 suis
3094 5022 3353 5083 moribus,
3384 5026 3446 5072 ut
3482 5025 3609 5070 ante

2031 5128 2164 5190 dixi,
2189 5125 2451 5180 tenaciter
2470 5123 2893 5185 aillt:ereutcs,et
2915 5121 2968 5174 in
2991 5131 3151 5172 εωηο
3172 5109 3497 5170 idololatria!
3511 5107 3607 5162 ad-

2033 5220 2137 5275 huc
2172 5231 2294 5273 sese
2323 5215 2653 5271 volutantes.

357 5307 760 5376 αἰχμαλωσίας,
793 5315 1189 5386 κατεμπρήσας
1215 5314 1286 5368 τά
1320 5315 1687 5386 Ἰεροσόλυμα,
1712 5317 1806 5370 καὶ
1839 5316 2003 5369 αὐτὸν
2027 5315 2086 5369 δὲ
2112 5315 2206 5369 τὸν
2268 5312 2412 5367 θετον
2470 5311 2766 5382 ἐμπρήσας
2830 5308 2982 5373 ναὸν,
3013 5304 3108 5368 οὓς
3144 5301 3241 5358 καὶ
3272 5298 3608 5366 ἀπεκόμισεν

357 5393 437 5455 εἰς
470 5393 781 5452 Βαϐυλῶνα.
811 5401 1081 5464 Αίτιᾶται,
1113 5400 1312 5471 μᾶλλον
1331 5402 1389 5456 δὲ
1410 5402 1470 5455 οὐ
1504 5402 1732 5475 μετρίαν
1787 5402 1965 5457 αὐτῶν
2002 5405 2238 5457 ποιεῖται
2257 5402 2357 5473 τὴν
2378 5398 2650 5470 καταϐοὴν
2709 5400 2792 5452 δτι
2820 5397 2910 5469 δὴ,
2942 5394 3199 5468 μεθέντες
3222 5391 3320 5454 τάς
3350 5387 3411 5453 ἐξ
3437 5386 3606 5441 Ἰούδα

360 5491 645 5555 γυναῖκας,
688 5491 1018 5565 εἰσεδέχοντο
1050 5492 1381 5563 παρανόμως
1419 5492 1520 5556 τὰς
1543 5497 1607 5548 ἐκ
1662 5492 1771 5547 τῶν
1812 5492 2146 5564 ἀλλοφύλων,
2180 5491 2379 5554 καίτοι,
2435 5488 2687 5562 καθάπερ
2736 5489 2838 5560 ἤδη
2906 5483 3312 5560 προεῖπον,τῶν
3337 5477 3605 5552 πατρῴων

354 5580 498 5636 ἐθῶν
539 5582 710 5655 ἀπρὶξ
755 5584 1041 5656 ἐχομένας,
1093 5588 1189 5641 καὶ
1224 5588 1337 5651 τοῖς
1380 5585 1479 5658 τῆς
1525 5586 1969 5659 εἰδωλολατρείας
2009 5585 2292 5658 βαρϐάροις
2321 5584 2810 5655 ὲγκυλινδουμένας
2840 5584 2942 5638 ἔτι.

428 5677 884 5749 Παραφυλακτέον
914 5678 971 5732 δὲ
1002 5679 1093 5744 καὶ
1121 5681 1253 5751 ἡμῖν
1276 5679 1458 5743 αὐτοῖς
1481 5681 1593 5743 τοῖς
1619 5681 1676 5733 ὲν
1699 5678 1922 5751 Χριστῷ

428 5855 472 5893 ⁸⁷
507 5853 702 5926 Epltes.
732 5871 806 5922 tv,
844 5856 896 5913 6.
978 5856 1019 5888 η
1056 5857 1208 5911 Dcut.
1237 5870 1338 5931 vn,
1360 5854 1412 5921 5,
1448 5856 1497 5910 ι.

1698 6096 1729 6125 ο

1613 5856 1654 5887 ιιι
1680 5854 1743 5911 ιγ
1780 5856 1909 5929 nrg.
1940 5870 2092 5920 XVIII,
2125 5852 2158 5910 9
2219 5869 2372 5927 δοίη*

2097 5677 2404 5735 Cavendum
2428 5686 2610 5732 autem
2632 5686 2688 5731 et
2714 5675 2870 5731 nobis
2909 5675 3040 5744 ipsis
3073 5674 3124 5729 in
3152 5673 3371 5730 Christo
3397 5670 3618 5743 justili-.

2453 5855 2495 5888 "
2518 5852 2585 5909 IV
2619 5852 2749 5923 Reg.
2790 5868 2914 5918 ur,
2945 5850 2977 5906 9
3007 5864 3158 5921 δίης.
