4120 6376
337 349 434 404 33!

1188 344 1740 401 COMMENTARIUS
1779 345 1843 399 ΙΝ
1890 346 2295 401 MALACHIAM
2338 348 2777 403 PROPllETAM.

3489 358 3593 414 323

334 460 435 514 καί
479 458 790 529 στεναγμῷ
828 459 895 512 ἐκ
941 460 1161 513 κόπων.
1208 462 1333 514 Ἔτι
1373 460 1546 524 ἀξιον
1583 460 1919 527 ’ἐπιϐλέψαι

2028 478 2091 514 ea:
2117 462 2403 517 laboribus.
2436 464 2618 515 Adhuc
2646 463 2860 532 dignum
2888 464 3138 528 respicere
3164 466 3217 516 in
3252 468 3591 536 sacri/icium,

331 557 418 617 εις
470 554 712 614 θυσίαν,
764 553 803 619 ἢ
860 551 1069 605 λαϐεῖν
1119 551 1331 605 dexter
1390 552 1457 605 ἐκ
1516 550 1636 603 τῶν
1703 550 1918 621 χειρῶν

2021 564 2111 606 aut
2145 558 2405 622 suscipere
2430 555 2746 623 acceptabile
2772 557 2836 609 de
2868 557 3108 608 manibus
3130 557 3311 609 vestris
3331 557 3357 610 .’

329 643 500 714 ὑμῶν
519 661 536 705 ;

401 738 525 790 KZ'.
569 735 817 789 Πλεῖστοι
854 736 956 806 μὲν
993 730 1135 806 ἦσαν
1164 736 1308 789 κατὰ
1340 735 1432 788 τὸν
1472 734 1633 805 νόμον
1678 733 1785 786 τῶν
1819 733 1913 787 θυ-

331 828 461 881 σιῶν
500 829 551 880 οἱ
600 828 814 898 τρόποι.
867 830 933 881 Αἱ
969 828 1067 898 μὲν
1120 829 1230 899 γὰρ
1278 827 1744 897 προσεκομίζοντο
1792 826 1912 880 κατ’

329 919 495 989 εὐχὴν
553 916 823 981 ἑκούσιον,
868 919 925 970 αἱ
976 916 1034 970 δὲ
1063 912 1204 987 ἦσαν
1254 918 1629 988 χαριστήριον,
1662 916 1757 969 καὶ
1805 916 1913 986 μὴν

328 1011 423 1063 καὶ
462 1011 490 1062 ό
522 1011 653 1079 περὶ
689 1008 982 1081 ἁμαρτίας.
1015 1010 1252 1063 Δεκάταιι
1278 1009 1337 1062 δὲ
1371 1004 1461 1072 αὖ,
1493 1008 1587 1062 καὶ
1638 1009 1909 1079 ἀπαρχαὶ,

328 1102 422 1155 καὶ
464 1100 558 1155 τοῦ
595 1102 891 1172 διδράχμου
932 1100 1136 1171 δασμὸς
1160 1141 1176 1164 ,
1216 1101 1293 1163 ὡς
1335 1103 1404 1155 ἐκ.
1431 1100 1671 1171 νομικῶν
1725 1102 1912 1154 ἐνταλ-

331 1193 514 1263 μάτων
544 1195 653 1256 τοῖς
682 1192 792 1245 τῶν
832 1192 1021 1263 ἱερέων
1055 1193 1456 1263 προσεφέροντο
1493 1191 1690 1259 λόγοις.
1731 1192 1910 1261 Προσ-

328 1287 552 1354 ἀγοντες
587 1285 766 1338 τοίνυν
807 1286 887 1348 εἰς
916 1284 1105 1339 Θυσίαν
1133 1283 1210 1353 τῷ
1242 1284 1361 1356 Θεῷ
1395 1284 1466 1337 τὰ
1489 1284 1733 1348 ἑκούσια,
1766 1301 1909 1356 παρα

326 1377 602 1448 εκύμιζον,
646 1376 723 1439 ὡς
764 1376 922 1447 ἔφην,
957 1377 1027 1430 τά
1058 1376 1207 1447 χωλά
1249 1378 1346 1430 καὶ
1377 1376 1555 1447 τυφλά
1589 1378 1684 1430 καὶ
1727 1376 1905 1448 ἀρπά-

325 1485 533 1541 γματα,
568 1470 637 1522 τὰ
690 1468 755 1522 ὲκ
798 1469 897 1539 τῆς
923 1468 1299 1539 αἰχμαλωσίας
1326 1468 1698 1537 ὰιλογοῦντες
1736 1470 1905 1533 κακὰ,

323 1562 436 1615 ἀνω
463 1578 522 1616 τε
570 1562 663 1616 καὶ
697 1561 849 1615 κάτω
880 1560 979 1632 τὴν
1010 1560 1215 1631 δῄωσιν
1261 1559 1619 1630 ὀνομάζοντες
1666 1562 1760 1615 καὶ
1807 1561 1905 1632 τὴν

312 1651 574 1706 ὶντεῦθεν
600 1651 783 1715 αὑτοῖς
808 1649 1245 1722 ἐπενηνεγμένην
1276 1651 1571 1721 πτωχείαν,
1602 1653 1782 1705 καίτοι
1810 1652 1902 1705 τοῦ

325 1742 504 1796 ¹πάντα
539 1740 812 1811 ἰσχύοντος
853 1739 989 1794 Θεοῦ
1024 1740 1163 1811 μετὰ
1204 1740 1304 1810 τὴν
1348 1742 1413 1793 ὲκ
1449 1741 1766 1804 Βαϐυλῶνος
1803 1744 1902 1795 έπ-

323 1832 507 1888 άνοδον
531 1833 847 1905 ἀσυγκρίτῳ
877 1834 975 1903 μὲν
1009 1835 1206 1898 αὐτοὺς
1238 1836 1537 1906 ήμερότητι
1571 1833 1902 1905 κατευφραί-
1938 1813 1979 1867 Β

324 1942 525 1992 νοντος,
548 1925 912 1996 ἀπονέμοντος
939 1925 997 1979 δὲ
1034 1925 1305 1988 πλουσίως
1336 1925 1406 1979 τὰ
1437 1921 1520 1990 οἷς
1559 1926 1707 1990 εἰκὸς
1732 1922 1800 1997 ἦν
1844 1926 1904 1979 οὐ

327 2018 562 2090 μετρίως
612 2018 901 2089 ἑντρυφᾷν.
959 2017 1361 2088 Προσεκόμιζον
1414 2018 1593 2072 τοίνυν
1642 2020 1906 2089 κατηφεῖς

325 2110 421 2163 καὶ
460 2110 867 2182 δεδακρυμένοι,
908 2110 1190 2180 μονονουχὶ
1230 2111 1342 2172 τοῖς
1386 2108 1623 2179 θύμασιν
1664 2110 1903 2180 ἐποιμώ-

324 2202 529 2268 ζοντες,
562 2202 813 2270 λέγοντές
839 2218 895 2255 τε
924 2204 1037 2266 τοῖς
1074 2202 1402 2273 ἱερουργοίς’
1436 2201 1623 2255 Ταῦτά
1671 2204 1815 2256 ἔστιν
1840 2205 1904 2256 ἐκ

326 2295 528 2356 κόπων,
581 2295 881 2360 τουτέστιν,
934 2295 1034 2347 οὐκ
1079 2295 1341 2365 ἀμογητὶ,
1383 2296 1903 2365 προπεπορισμένα

321 2386 379 2438 δι
416 2386 571 2453 μόλις
596 2386 671 2449 ὡς
701 2386 759 2452 ἐξ
811 2385 1031 2456 ἱδρῶτος
1072 2386 1168 2439 καὶ
1213 2386 1396 2438 πόνου.
1446 2382 1603 2450 Εἶτα,
1638 2386 1754 2448 πῶς
1800 2386 1901 2454 ἔτι,

325 2477 486 2547 φησὶ,
536 2477 687 2543 ἄξιον
735 2476 1025 2546 ἐπιϐλέψαι
1071 2480 1152 2541 εἰς
1211 2476 1421 2542 θυσίαν,
1468 2477 1501 2547 ἢ
1549 2478 1667 2542 πῶς
1716 2479 1783 2533 ἂν
1824 2480 1902 2533 ἔτι

322 2571 609 2639 ποιήσαιμι
647 2566 986 2640 παραδεκτὸν
1015 2568 1075 2621 τὸ
1110 2569 1218 2621 ἀπὸ
1247 2567 1470 2639 γνώμης
1510 2569 1607 2622 ούκ
1655 2570 1899 2641 ἀγαθῆςς

320 2660 482 2714 Θύειν
513 2660 621 2733 γὰρ
670 2660 961 2714 ἀκόλουθον
997 2660 1230 2731 ἱλαρῶς,
1273 2659 1630 2731 ἑορτάζοντας
1670 2664 1765 2715 καὶ
1808 2664 1902 2716 εύο

322 2753 733 2823 φραινομένους.
762 2754 875 2806 Καὶ
905 2752 1083 2817 τοῦτο,
1115 2749 1285 2823 οἶμαι,
1316 2753 1432 2807 εστι
1466 2754 1527 2806 τὸ
1560 2753 1652 2807 διὰ
1679 2755 1780 2825 τῆς
1806 2757 1900 2809 τοῦ

322 2844 534 2898 Παύλου
571 2844 754 2914 φωνῆς
799 2843 974 2915 ὀρθῶς
1006 2844 1317 2915 εἰρημένον,
1364 2847 1474 2908 τοῖς
1518 2849 1900 2918 συναγείρουσι

320 2938 418 2998 τὰς
447 2935 720 2999 διακονίας
739 2952 754 2965 ·
788 2954 807 2985 ι
828 2935 919 3006 Μὴ
949 2938 1011 2988 ὲκ
1037 2934 1232 3004 λύπης,
1264 2929 1382 3006 ita
1411 2938 1687 3008 ἀνάγκης·
1717 2939 1900 3011 ἱλαρὸν

323 3025 431 3094 γὰρ
466 3024 625 3095 δότην
653 3026 842 3096 ἀγαπᾷ
883 3026 1107 3096 Κύριος.
1136 3044 1154 3075 ι
1187 3025 1395 3078 Οὐκοῦν
1437 3028 1486 3079 εί
1523 3027 1746 3097 θύοιμεν
1788 3030 1901 3083 ἱλαιο

323 3116 463 3186 ρῶς,
510 3115 834 3169 ἐποπτεύσει
859 3133 918 3169 τε
947 3116 1039 3169 καὶ
1086 3116 1443 3186 παραδέξεται
1478 3117 1573 3171 καὶ
1624 3120 1899 3174 ἐπαινέσει

318 3207 471 3273 Θεὸς,
498 3208 939 3278 παραδεξάμενος
962 3208 1018 3260 δὲ
1047 3210 1263 3277 τιμήσει
1294 3208 1389 3261 καὶ
1412 3208 1717 3281 εὐλογήσει.
1744 3209 1895 3266 Εἶναι

318 3302 375 3355 δέ
405 3317 538 3372 φησι
567 3299 675 3354 τῶν
711 3301 785 3369 (l)
816 3298 1127 3367 ἀναγκαίων
1166 3299 1243 3362 εἰς
1273 3299 1456 3370 ὄνησιν
1490 3301 1551 3354 τὸ
1584 3303 1676 3355 καὶ
1708 3302 1899 3374 ἑτέραν

320 3395 432 3456 τοῖς
488 3392 866 3463 προκειμένοις
920 3392 1230 3462 ἐφαρμόσαι
1278 3392 1539 3446 διάνοιαν.
1597 3393 1899 3464 Ἐπάρατον

324 3484 422 3554 μὲν
460 3483 569 3556 γὰρ
618 3484 872 3549 ἐποιεῖτο,
917 3482 1011 3537 καὶ
1048 3483 1191 3553 μάλα
1237 3482 1493 3548 δικαίως,
1541 3486 1571 3538 ό
1616 3484 1722 3538 τῶν
1762 3484 1898 3539 ὅλων

318 3576 451 3639 Θεδς
486 3576 577 3630 τὸν
609 3573 937 3645 βεϐηλοῦντα
969 3575 1074 3628 τῶν
1105 3575 1356 3647 πατέρων
1383 3576 1484 3648 τὴν
1520 3576 1782 3644 διάθεσιν,
1809 3578 1899 3632 δια

320 3667 375 3720 δέ
412 3684 476 3735 γε
513 3665 612 3720 τοῦ
654 3667 766 3720 δεῖν
808 3666 1043 3730 όθνείαις
1078 3665 1448 3721 συνάπτεσθαι
1500 3668 1769 3737 γυναιξὶν,
1806 3669 1895 3736 ἐξ·

317 3757 632 3830 ωθηθεισῶν
668 3758 775 3811 τῶν
813 3759 876 3812 ὲκ
909 3758 1119 3826 γένους,
1150 3758 1245 3811 καὶ
1274 3758 1361 3811 ἐπ’
1385 3758 1610 3830 οὐδεμιᾷ
1635 3760 1897 3825 πολλάκις

319 3851 468 3922 αἰτίᾳ
504 3849 988 3920 κατεγνωσμένων.
1030 3850 1247 3922 ᾘτιᾶτο
1271 3851 1328 3904 δὲ
1366 3850 1503 3922 πρὸς
1543 3852 1752 3917 τούτοις
1787 3854 1898 3907 τῶν

323 3944 510 4015 ἱερέων
552 3941 725 4005 τινας.
760 3942 836 4005 ὡς
883 3942 1258 4012 λαμϐάνοντας
1299 3943 1591 4014 πρόσωπον
1626 3947 1685 3999 ὲν
1724 3945 1895 4016 νόμῳ.

319 4035 431 4090 Καὶ
473 4035 537 4105 δὴ
588 4034 683 4088 καὶ
734 4033 1004 4102 ἔφασκεν·
1051 4051 1070 4085 ι
1114 4033 1513 4106 Ἐξολοθρεύσει
1560 4035 1765 4107 Κύριος
1805 4039 1897 4091 τὸν

318 4126 602 4201 ἄνθρωπον
631 4124 721 4179 τὸν
759 4125 1015 4178 ποιοῦντα
1059 4124 1266 4190 ταῦτα,
1311 4126 1417 4190 ἕως
1462 4126 1556 4180 καὶ
1588 4129 1895 4202 ταπεινωθῇ

320 4221 383 4271 ἐκ
415 4217 790 4289 σκηνωμάτων
824 4215 1039 4287 Ἰσραὴλ
1071 4216 1167 4271 καὶ
1195 4218 1261 4270 ἐκ
1297 4218 1679 4289 προσαγόντων
1708 4220 1898 4273 Θυσίαν

318 4309 396 4379 τῷ
428 4310 618 4381 Κυρίῳ
646 4309 1065 4379 παντοκράτορι.
1090 4328 1110 4360 ι
1142 4305 1275 4362 Εἶτα
1307 4310 1519 4373 τούτοις
1560 4313 1898 4382 προσέθηκεν

320 4401 478 4465 εὐθύς
499 4418 513 4432 ’
545 4421 563 4453 ι
603 4401 969 4455 Ἐκαλύπτετε
1008 4400 1236 4471 δάκρυσι
1279 4403 1338 4455 τὸ
1373 4401 1751 4476 θυσιαστήριον
1782 4405 1897 4456 Κυ-

2087 732 2253 805 844
2280 732 2492 787 XXVII.
2553 732 2692 789 Medi
2724 748 2818 787 seu
2866 749 3066 804 genera
3108 736 3504 791 sacriﬁciorum
3558 755 3590 791 a

2016 825 2134 895 lege
2159 826 2918 896 praescriptaerantplurima.
2969 828 3089 881 Alia
3154 830 3353 898 quippe
3396 830 3590 884 oll'ere-

2015 915 2213 970 bantur
2240 931 2303 971 es
2339 929 2464 971 veto
2499 918 2836 983 voluntario,
2863 917 2963 971 alia
2998 919 3063 971 ad
3085 921 3382 987 gratiarum
3418 922 3589 976 actio-

2015 1022 2136 1062 nem
2166 1010 2518 1077 spectabant,
2555 1010 2658 1063 alia
2692 1027 2789 1080 pro
2830 1022 3071 1080 peccato.
3100 1013 3268 1068 Erant
3328 1016 3457 1068 item
3491 1017 3593 1070 den

2012 1100 2185 1167 cimze,
2213 1101 2562 1169 etprimitiaa,
2604 1113 2656 1156 et
2681 1103 2980 1157 didrachmi
3008 1104 3289 1169 tributum,
3325 1120 3446 1174 qua;
3501 1121 3589 1159 ra-

2014 1194 2156 1247 tione
2176 1194 2516 1247 sacerdouun
2569 1196 2821 1249 mandato
2848 1196 2979 1264 legis
3039 1195 3431 1254 offerebantur.
3482 1198 3585 1265 Qui

2008 1298 2140 1354 ergo
2164 1284 2467 1338 voluntarie
2489 1284 2598 1340 Deo
2616 1285 2938 1352 olTerebant,
2971 1287 3333 1351 adducebant,
3362 1296 3420 1341 ut
3453 1289 3585 1355 dixi,

2008 1374 2195 1429 clauda
2219 1384 2271 1428 et
2306 1390 2448 1430 caeca
2476 1386 2532 1429 et
2561 1392 2627 1430 ex
2663 1377 3065 1445 depnedatione
3104 1390 3445 1447 recuperata,
3469 1394 3588 1448 per-

2009 1475 2169 1533 petuo
2198 1464 2333 1518 mala
2362 1465 2415 1520 in
2447 1467 2650 1535 quibus
2685 1466 2919 1523 fuissent
2945 1477 2999 1522 et
3027 1470 3335 1529 vastitatem
3356 1472 3588 1542 indeque

2006 1555 2209 1612 illatam
2235 1556 2334 1612 sibi
2364 1566 2659 1628 egestatem
2691 1574 2846 1614 suam
2876 1569 3185 1630 crepantes,
3205 1564 3417 1618 tametsi
3466 1580 3585 1621 om-

2008 1649 2258 1718 nipotens
2287 1649 2428 1703 Deus
2457 1660 2578 1718 post
2601 1652 2838 1705 reditum
2869 1666 2900 1706 e
2933 1650 3205 1723 Babylone
3237 1655 3585 1726 incompara-

2007 1741 2097 1795 bili
2128 1758 2221 1796 eos
2250 1742 2587 1811 benignitate
2608 1743 3045 1809 exhilarasset,et
3064 1748 3402 1803 abundanter
3416 1751 3584 1805 dona-

2008 1834 2384 1902 vissetquibus
2431 1849 2527 1889 eos
2572 1850 2676 1889 non
2744 1837 3087 1892 mediocriter
3142 1838 3468 1895 ohlectatum
3517 1842 3582 1895 iri

2006 1935 2427 1981 consentaneum
2463 1936 2601 1980 erat.
2624 1924 3113 1997 Oﬂ'erebantigitur
3141 1931 3318 1985 maesti
3367 1942 3424 1986 et
3446 1930 3581 1989 οων

2008 2030 2111 2081 tes,
2148 2028 2353 2071 tantum
2386 2033 2491 2072 non
2516 2034 2679 2087 super
2702 2019 2939 2074 victimis
2973 2020 3351 2087 lamentantes,
3408 2035 3465 2078 et
3492 2040 3585 2079 tta-

2005 2110 2206 2164 criﬁcis
2250 2109 2363 2164 hac
2390 2110 2673 2165 dicentes:
2707 2109 2834 2166 Haec
2877 2121 3002 2166 sunt
3067 2113 3136 2168 de
3183 2113 3459 2172 laboribus
3524 2126 3583 2171 et

2003 2197 2260 2252 mrunmis
2287 2201 2501 2261 nostris,
2538 2200 2641 2254 hoc
2665 2208 2766 2263 est,
2797 2214 2901 2255 non
2968 2201 3086 2255 sine
3131 2202 3338 2267 labore,
3388 2216 3444 2259 et
3494 2208 3579 2262 vix

2004 2304 2124 2343 cum
2164 2290 2361 2345 sudore
2380 2291 2664 2361 acquisita.
2698 2290 2919 2357 Deinde,
2945 2295 3237 2361 quomodo,
3269 2296 3581 2367 inquit,par

2004 2391 2089 2435 est
2124 2381 2397 2449 respicere
2444 2383 2509 2434 ad
2547 2382 2896 2448 sacriﬁcium,
2936 2393 3028 2435 aut
3083 2387 3351 2453 ηιιοιηοιιο
3404 2397 3577 2442 ratmn

2004 2472 2232 2527 habeam
2267 2473 2407 2540 quod
2442 2489 2470 2526 a
2496 2475 2633 2529 bona
2671 2482 2850 2527 mente
2884 2490 2989 2529 non
3039 2478 3440 2544 proﬁciscitur?
3474 2479 3578 2535 De-

2003 2576 2088 2618 cet
2142 2566 2287 2619 euim
2343 2565 2654 2619 sacriﬁcare
2722 2567 2900 2622 animo
2947 2567 3126 2627 hilari.
3189 2570 3383 2624 festum
3434 2571 3575 2625 diem

2000 2666 2225 2727 agentes
2252 2668 2307 2713 et
2330 2657 2596 2712 laetantes.
2626 2659 2692 2714 Et
2717 2660 2840 2723 hoc,
2872 2661 3084 2731 opinor,
3112 2671 3217 2728 est,
3261 2664 3404 2733 quod
3440 2665 3579 2720 bene

2004 2746 2200 2800 Paulus
2247 2746 2655 2801 conferentibus
2708 2748 2759 2801 in
2831 2749 3192 2805 ministerium
3228 2768 3243 2804 :
3279 2770 3296 2801 ι
3345 2749 3461 2808 Νοη
3506 2768 3575 2808 ex

2002 2837 2238 2898 tristitia,
2269 2845 2361 2890 aut
2388 2851 2455 2890 ex
2492 2839 2812 2892 necessitate
2844 2856 2857 2892 :
2893 2840 3116 2893 hilarem
3144 2842 3287 2894 enim
3329 2843 3573 2899 datorem

2001 2925 2175 2994 diligit
2201 2926 2344 2980 Deus
2365 2925 2431 2980 ".
2470 2945 2489 2977 ι
2523 2926 2768 2991 Quare,si
2798 2931 3170 2985 sacriﬁcemus
3205 2932 3470 2999 hilariter,
3496 2951 3576 2988 ne.

2000 3017 2213 3087 spiciet,
2244 3028 2296 3072 et
2326 3018 2679 3087 suscipiet,'et
2705 3020 2939 3076 laudabit
2970 3023 3137 3089 Deus,
3166 3033 3221 3078 et
3265 3038 3573 3097 susceptum

2003 3108 2289 3162 honorabit
2316 3122 2379 3163 ac
2402 3109 2703 3164 benedicet.
2741 3110 2874 3166 Puto
2899 3123 3078 3167 autem
3096 3115 3164 3168 ad
3190 3115 3423 3173 fructum
3441 3134 3575 3175 con.

2003 3202 2285 3254 ducturum
2314 3216 2655 3271 magnopere,
2684 3203 2727 3257 si
2768 3220 2833 3259 ex
2865 3206 3042 3260 verbis
3089 3211 3379 3278 prepositis
3408 3212 3573 3269 alium

1998 3306 2217 3347 sensum
2247 3292 2545 3348 eliciamus.
2579 3294 2849 3351 Maledicit
2881 3300 3256 3356 universorum
3307 3304 3469 3369 Deus,
3520 3316 3575 3360 ct

1999 3384 2213 3453 quidem
2240 3386 2567 3456 aequissime,
2599 3386 2981 3456 profanantem
3041 3403 3253 3460 patrum
3278 3403 3574 3451 testamen-

2001 3483 2133 3540 tum,
2162 3487 2384 3544 propter
2405 3477 2746 3532 adbibitasin
2794 3478 3105 3547 coniugium
3176 3492 3465 3541 extraneas
3491 3485 3574 3539 [υ-

2000 3566 2197 3632 minas,
2216 3567 2457 3635 expulsis
2484 3585 2604 3638 qua:
2628 3581 2786 3623 erant
2833 3570 3073 3641 ejusdem
3125 3577 3320 3643 gentis,
3352 3586 3407 3631 et
3434 3592 3575 3647 saepe

2000 3659 2143 3714 nulla
2169 3659 2238 3714 de
2274 3676 2435 3716 causa
2483 3664 2886 3721 condemnatis.
2942 3665 3209 3722 Prwterea
3264 3672 3574 3725 sacertlmcs

1996 3750 2257 3819 quosdam
2293 3750 2588 3819 insimulat,
2609 3761 2668 3806 ut
2698 3754 3023 3823 accipientes
3056 3768 3340 3824 personam
3363 3759 3571 3828 iulegc.

1997 3843 2177 3910 Quare
2198 3844 2362 3897 etiam
2384 3843 2599 3900 dicebat
2626 3860 2640 3897 :
2670 3865 2690 3896 ι
2715 3844 2995 3914 Disperdet
3016 3847 3277 3904 Dominus
3302 3852 3573 3908 hominem

2000 3936 2285 3990 facientem
2306 3937 2442 4001 bzec,
2490 3938 2663 3993 donec
2729 3939 3043 3993 bumilietur
3087 3956 3151 3994 ex
3217 3942 3573 3999 tabernaculis

1999 4026 2192 4091 Israel,
2219 4038 2274 4083 et
2301 4044 2368 4082 ex
2390 4027 2740 4085 oﬁ‘erentibus
2760 4030 3089 4085 sacriﬁcium
3128 4031 3359 4088 Domino
3396 4040 3573 4090 omni.

2002 4122 2228 4192 potenti.
2266 4140 2285 4172 ι
2310 4120 2402 4176 llis
2430 4122 2613 4177 statim
2641 4122 2914 4190 subjecit:
2968 4144 2988 4176 ι
3040 4125 3377 4195 Operiebatis
3400 4126 3571 4198 lacry-

2000 4214 2102 4268 mis
2129 4213 2300 4267 altare
2343 4228 2546 4278 meum,
2570 4223 2623 4268 et
2650 4215 2870 4284 planctu
2940 4225 2995 4271 et
3022 4218 3221 4286 gemitu
3273 4232 3337 4272 ex
3375 4218 3570 4274 labori-

2000 4305 2123 4358 bus.
2155 4321 2175 4356 ι
2215 4303 2547 4373 Opericlttuia
2579 4305 2839 4376 intellige,
2865 4304 3173 4362 Faciebatis
3218 4317 3277 4362 ut
3322 4309 3571 4378 implere-

2003 4404 2088 4449 tur
2108 4395 2349 4449 divinum
2374 4395 2541 4449 altare
2557 4394 2683 4450 ﬁetu
2703 4405 2758 4450 et
2775 4395 3047 4451 lamentis.
3068 4395 3319 4452 Mulieres
3340 4414 3569 4469 namque

321 4491 462 4561 ρίου,
489 4492 583 4543 καὶ
614 4488 898 4560 κλαυθμῷ,
926 4490 1020 4542 καὶ
1048 4488 1337 4559 στεναγμῷ
1360 4492 1423 4542 ὲκ
1450 4491 1686 4543 κόπων.»
1719 4491 1791 4544 Τὸ
1819 4492 1897 4555 δὲ,

2004 4496 2190 4540 eontra
2209 4485 2380 4557 legem
2411 4486 2669 4556 expulsz,
2693 4497 2750 4541 et
2777 4488 2869 4556 qui
2900 4490 3242 4544 sacerdotum
3266 4502 3570 4545 vestrorum

317 4581 717 4644 ἐκαλύπτετε,
762 4580 981 4650 νοητέον
1034 4579 1156 4634 ἀντὶ
1205 4579 1300 4633 τοῦ
1354 4580 1701 4653 Πληροῦσθαι
1753 4600 1895 4654 παρ-

319 4666 680 4735 εσκευάζεσθε
727 4668 944 4741 θρήνων
984 4671 1080 4723 καὶ
1123 4670 1370 4740 οἰμωγῆς
1417 4673 1480 4725 τὸ
1517 4672 1658 4725 θεῖον
1708 4672 1897 4727 θυσια-

321 4764 561 4835 στήριον.
603 4763 805 4817 Γύναιά
827 4780 887 4817 τε
927 4766 1036 4834 γὰρ
1069 4762 1397 4834 παραλόγως
1430 4764 1759 4836 ὲξεωσμένα,
1799 4767 1896 4819 καὶ

317 4855 369 4906 οἰ
412 4853 591 4925 κρίσιν
613 4853 796 4907 ἄδικον
827 4855 927 4926 τὴν
957 4852 1088 4924 παρ’
1115 4854 1268 4924 ὑμῶν
1294 4852 1405 4907 τῶν
1434 4854 1622 4925 ἱερέων
1652 4856 1897 4920 ἐκτόπως

322 4944 801 5017 ὑπομεμενηκότες
838 4944 1185 5017 περιίσταντο
1223 4944 1287 4997 τὸ
1325 4944 1729 5016 θυσιαστήριον,
1772 4948 1899 5010 τοὺς

320 5038 417 5108 τῆς
443 5037 654 5101 ἀδικίας
681 5036 1074 5107 ἀνοιμώζοντες
1096 5037 1330 5108 τρόπους
1360 5036 1455 5089 καὶ
1483 5037 1548 5089 ἐκ
1576 5038 1761 5091 κόπων
1790 5038 1898 5091 τῶν

320 5130 502 5204 uiator;
529 5129 974 5198 ἐπενηνεγμένων
987 5127 1450 5200 δακρυρροοῦντες
1474 5128 1737 5198 ἀσχέτως.
1764 5124 1897 5183 Εἶτα

324 5220 440 5283 πῶς
484 5220 630 5286 ἀξιον
679 5219 1001 5290 ἐπιϐλέψαι,
1038 5220 1227 5291 φησὶν,
1268 5221 1347 5283 είς
1390 5220 1601 5284 θυσίαν,
1642 5220 1677 5291 ἢ
1711 5220 1896 5274 λαϐεῖν

320 5309 507 5363 δεκτὸν
536 5311 601 5363 ἐκ
628 5309 736 5363 τῶν
775 5310 974 5382 χειρῶν
1004 5311 1188 5381 ύμῶνς
1217 5311 1429 5383 Ὠσπερ
1456 5312 1565 5383 γάρ
1592 5314 1739 5365 ἐστιν
1764 5313 1897 5382 ἀλη-

323 5399 412 5463 θὶς
438 5401 499 5454 τὸ
530 5402 588 5456 ὲν
614 5399 781 5473 βίϐλῳ
808 5400 1124 5473 Παροιμιῶν
1158 5401 1565 5473 γεγραμμένον,
1596 5402 1707 5473 Οὐχ
1732 5404 1892 5471 ἁγναὶ

390 5600 435 5629 ³⁸
464 5599 506 5653 ιι
537 5599 663 5656 Cor.
694 5618 745 5655 ut
773 5602 826 5654 7.
900 5604 945 5634 "
972 5602 1081 5656 lmo
1111 5603 1267 5656 Deut.
1301 5618 1459 5668 nm,
1485 5603 1571 5657 ⁴8.

1999 4579 2517 4648 iniquumjudicium
2536 4580 2887 4650 pertulerant,
2918 4581 3342 4637 circumstabant
3373 4582 3568 4641 altare,

1996 4686 2135 4743 quas
2166 4672 2509 4742 pertulerant
2533 4673 2757 4743 injurias
2814 4673 3157 4741 deplorantes
3198 4682 3255 4727 et
3292 4674 3363 4728 ob
3396 4675 3570 4732 illatas

1997 4765 2621 4820 vexationesimmodiee
2675 4765 3056 4834 lacrymautes.
3108 4763 3413 4836 “51am
3461 4780 3570 4833 quo

1999 4867 2158 4927 pacto
2182 4856 2398 4928 dignum
2430 4868 2532 4920 est,
2561 4857 2755 4927 inquit,
2793 4858 3064 4925 respicere
3102 4859 3167 4910 ad
3221 4856 3569 4918 sacriﬁcium,

1999 4960 2090 5004 aut
2108 4951 2355 5020 accipere
2385 4950 2715 5019 acceptabile
2741 4951 2807 5002 de
2832 4950 3081 5004 iiianibus
3136 4949 3365 5003 vestris?
3420 4947 3573 5002 Sicut

1998 5041 2143 5095 enim
2169 5057 2355 5095 verum
2390 5053 2473 5097 est
2498 5042 2641 5110 quod
2674 5042 2726 5095 in
2748 5040 2889 5095 libro
2912 5039 3327 5095 Proverbiorum
3350 5038 3570 5109 legitur,

2000 5132 2119 5189 Non
2155 5143 2282 5189 sunt
2308 5146 2455 5191 casta
2475 5145 2598 5189 vota
2619 5139 2683 5188 de
2739 5130 3082 5191 mercedibus
3138 5134 3441 5189 meretricis
3472 5134 3517 5163 ’³
3549 5171 3571 5196 ,

2000 5222 2077 5275 sic
2106 5238 2213 5276 non
2240 5223 2553 5277 censebitur
2587 5226 2820 5278 inundus
2853 5233 2909 5279 et
2938 5225 3092 5295 culpa
3149 5236 3352 5278 vacans
3382 5237 3567 5277 sacer-

2000 5314 2120 5374 dos.
2154 5315 2197 5367 si
2248 5316 2391 5369 dicat
2455 5316 2653 5369 divinis
2710 5313 3007 5386 Scripturis
3057 5328 3117 5369 se
3167 5312 3569 5382 quodammodo

2000 5407 2412 5461 corroboratum
2445 5421 2507 5463 ac
2536 5407 2833 5462 stabilitum
2860 5420 2998 5469 esse.
3035 5417 3082 5460 et
3118 5406 3233 5476 lege
3268 5406 3572 5461 sacriﬁcio-

394 5778 473 5849 (⁵1)
501 5779 641 5852 Lege
669 5776 820 5849 οἶμαι
843 5780 897 5833 οι
920 5780 1046 5845 τῶν,
1089 5788 1195 5835 etc.
1228 5780 1428 5837 omisso
1464 5779 1619 5851 φησί,
1650 5780 1917 5838 inculcata
1948 5793 1977 5835 a
2005 5780 2247 5836 librario.
