4120 6376
538 382 664 452 ’3ὶό

1550 370 1609 428 S.
1645 366 1921 429 CYRILIJ
1959 359 2427 418 ALI‘LXAVDIIINI
2469 354 2793 411 ARCIIIEI’.

3714 347 3815 402 5⁸34

563 523 680 561 rum
704 499 1039 561 conculcata,
1075 492 1227 562 quasi
1262 492 1371 545 Deo
1403 488 1547 543 nullo
1574 504 1601 539 ιι
1635 502 1692 541 se
1715 484 1918 538 scelere
1953 479 2132 534 οπο..-

2240 474 2395 545 εὑχαὶ.
2433 474 2542 527 ἀπὸ
2576 470 2924 543 μισθώματος
2972 466 3193 537 ἑταίρας
3221 482 3230 493 ·
3256 462 3439 526 οὕτως
3481 461 3584 518 οὐκ
3619 460 3684 515 ἂν
3726 461 3813 514 λο-

560 615 623 652 so
646 593 939 651 sacriﬁcet.
970 588 1013 643 Τ
1020 588 1207 642 imoris
1237 585 1452 656 plenum
1479 588 1563 635 est
1590 580 1773 650 igitur,
1804 576 1955 646 quasi
2014 573 2129 627 illo-

560 691 631 743 tis
660 683 905 740 manibus
943 680 1252 737 sacriﬁcare
1311 676 1439 730 Deo.
1494 674 1628 727 Puto
1663 672 1807 724 enim
1862 683 1961 739 ego
2010 667 2133 721 lotis

558 777 786 839 viribus,
821 781 1080 844 quantum
1118 768 1375 837 consequi
1431 754 1674 835 posSunt,
1709 762 1950 832 purgatis
2021 768 2130 811 tam

559 867 776 936 sapiens
811 862 1172 918 ministerium
1196 858 1578 929 peragendum.
1613 853 1763 908 Talis
1793 853 1936 906 enim
1978 862 2129 905 extra

556 955 935 1011 omnecritnen
958 951 1252 1008 invenitur.
1285 949 1548 1003 neciratn
1602 945 1838 999 divinam
1896 939 2131 996 merebi-

559 1063 612 1111 ιιι
622 1063 667 1102 t‘.

2239 568 2451 638 γισθείη
2489 564 2729 635 καθαρός
2779 579 2840 615 τε
2887 560 2981 614 καὶ
3022 557 3321 629 ἀμώμητος
3364 556 3578 627 ἱερεὺς,
3624 557 3681 611 εἰ
3703 557 3815 617 τοῖς

2239 663 2404 723 θείοις
2447 658 2809 728 θεσπίσμασιν
2852 653 3135 726 μονονουχὶ
3170 653 3263 705 καὶ
3295 649 3569 722 ἐρρῶσθαι
3603 649 3816 719 φράσις

2239 752 2332 804 καὶ
2363 751 2455 803 τὸν
2490 749 2768 819 πρέποντα
2804 747 2927 809 ταῖς
2958 742 3290 813 ἱερουργίαις
3316 740 3564 806 πατήσας
3593 738 3813 807 θεσμὸν.

2236 846 2311 907 ὡς
2350 843 2468 897 κατ’
2493 841 2680 895 οὐδένα
2722 838 2921 911 τρόπον
2955 831 3411 908 προσκεκρουκὼς
3457 831 3720 901 προσάγοι
3757 828 3817 883 τὸ

2236 936 2402 1006 θῦμα.
2427 932 2659 1005 Φοόερὸν
2689 926 2781 985 οὖν
2814 932 2921 1002 ἄρα
2962 930 3024 982 τὸ
3055 927 3299 988 ἀνίπτοις
3334 924 3522 993 ὥσπερ
3560 922 3664 993 ἄρα
3693 936 3797 990 χερ

2236 1029 2321 1078 σὶν
2347 1025 2648 1095 ἱερουργεῖν
2666 1024 2744 1092 τῷ
2767 1020 2904 1089 Θεῷ.
2930 1018 3141 1088 Χρῆναι
3166 1015 3272 1084 γὰρ
3296 1013 3469 1082 ἔγωγέ
3492 1029 3632 1081 φημι
3655 1026 3817 1065 παντ.

560 1103 738 1192 σθένει
771 1136 1233 1207 κεκαθαρμένους,
1267 1133 1405 1187 κατά
1436 1146 1499 1201 γε
1529 1131 1590 1185 τὸ
1628 1129 1866 1198 ἐφικτὸν,
1900 1126 2000 1195 τῆς
2031 1122 2173 1176 οὕτω
2213 1120 2381 1189 σοφῆς
2413 1115 2678 1170 ἅπτεσθαι
2716 1111 3077 1182 λειτουργίας.
3107 1107 3253 1172 Ἒξω
3286 1107 3394 1178 γὰρ
3428 1106 3457 1156 ό
3484 1103 3687 1157 τοιόσδε
3720 1103 3816 1155 καὶ

557 1232 777 1302 ἀπάσης
811 1231 1018 1294 αἰτίας,
1056 1231 1150 1282 καὶ
1192 1229 1301 1280 τῶν
1344 1225 1405 1290 ἐξ
1445 1225 1615 1295 ὀργῆς
1648 1223 1960 1293 εὑρίσκεται
1997 1215 2332 1286 κινημάτων.

632 1325 792 1379 Vens.
821 1322 908 1386 14,
942 1322 1029 1376 15.
1060 1322 1121 1374 Ιίι
1140 1320 1350 1374 dixistis
1395 1335 1413 1372 :
1454 1316 1677 1385 Propter
1720 1313 1843 1383 quid
1877 1312 2130 1365 Dominus

558 1411 866 1483 testiﬁcatus
895 1421 969 1465 est
993 1412 1128 1464 inter
1157 1420 1203 1461 te
1238 1421 1282 1461 et
1317 1410 1453 1460 inter
1506 1421 1718 1459 uxorem
1770 1400 2133 1454 adolescentia:

558 1517 663 1558 tm:
709 1519 868 1572 quam
914 1500 1212 1571 reliquisti?
1256 1498 1321 1551 Et
1366 1498 1475 1549 Ita'c
1521 1496 1777 1563 particeps
1814 1502 1904 1545 tua
1925 1502 1971 1545 et
1999 1505 2135 1542 uxor

558 1596 849 1649 testamenti
885 1595 1042 1655 tui,et
1068 1609 1169 1646 non
1192 1592 1349 1643 aliter
1392 1588 1600 1658 fecit,et
1635 1585 1868 1654 reliquid:
1920 1582 2132 1652 spiritus

559 1689 655 1740 tui.
718 1687 784 1741 Et
850 1686 1112 1740 dixistis:
1162 1683 1302 1750 Quid
1342 1684 1488 1735 aliud
1535 1695 1693 1750 quam
1726 1693 1899 1731 semen
1947 1674 2134 1742 quaerit

558 1776 700 1831 Deus
723 1777 750 1829 .’

630 1865 871 1923 XXVIII.
909 1866 1017 1921 Deo
1058 1865 1162 1920 ista
1198 1864 1395 1930 saepius
1463 1858 1914 1930 reprehendente,
1958 1866 2011 1910 et
2068 1855 2134 1909 ad

555 1963 642 2015 sui
666 1960 879 2030 generis
906 1958 1229 2027 diligendus,
1259 1967 1424 2027 atque
1445 1955 1511 2008 ad
1542 1960 1819 2008 contracta
1856 1964 1975 2003 cum
2001 1948 2133 2001 alie-

554 2053 771 2120 nigenis
801 2051 1145 2106 tuatrimonia
1171 2065 1289 2118 qua:
1311 2058 1366 2101 et
1395 2048 1508 2117 ipsa
1540 2045 1719 2098 divina
1757 2043 1839 2096 lex
1912 2041 2134 2095 damnat

558 2145 852 2199 dissuenda
892 2140 1228 2211 impellente,
1265 2138 1427 2191 stulte
1480 2132 1885 2197 occurrebant;
1924 2149 1943 2182 ι
1996 2129 2133 2196 Quid

556 2236 703 2290 aliud
738 2249 899 2304 quam
929 2246 1113 2287 semen
1152 2232 1348 2301 quaerit
1392 2232 1531 2283 Deus
1555 2227 1635 2279 ’5?
1684 2245 1702 2277 ι
1765 2226 1971 2279 Dictum
2031 2232 2130 2285 est,

558 2326 751 2396 inquit,
777 2342 871 2396 per
907 2324 1216 2378 mandatum
1240 2321 1404 2375 Musis
1435 2337 1450 2373 :
1485 2340 1503 2371 ι
1552 2319 1667 2375 Non
1719 2319 1823 2374 erit
1888 2316 2132 2372 infecun-

557 2419 648 2481 tia,
678 2432 774 2472 nec
797 2416 1001 2473 sterilis
1041 2416 1093 2470 itt
1121 2413 1278 2469 Israel
1310 2412 1376 2466 ⁸⁷.
1420 2431 1439 2465 ι
1475 2412 1542 2466 Ει
1563 2416 1628 2467 ad
1667 2412 1940 2466 Abraham
2001 2408 2135 2461 alic-

568 2511 658 2565 ubi
715 2511 845 2565 dicit
870 2509 1242 2563 universorum
1275 2505 1455 2560 Deus:
1496 2524 1513 2555 ι
1544 2503 1901 2573 Multiplicans
1965 2499 2135 2554 multi-

560 2600 770 2668 plicalto
807 2612 990 2653 semen
1018 2607 1189 2661 tuum,
1249 2595 1387 2648 sicut
1436 2593 1621 2648 stellas
1668 2592 1786 2647 cmii
1842 2588 2136 2644 multitudi-

559 2691 711 2744 ne".
746 2709 764 2741 ι
800 2690 1064 2757 Quocirca
1127 2685 1370 2739 divinum
1438 2684 1746 2747 consilium,
1809 2682 2025 2752 inquit,‘
2068 2681 2133 2734 ad

560 2782 960 2837 multitudinem
1004 2788 1060 2833 et
1090 2777 1385 2832 liberorum
1412 2776 1844 2845 procreationem
1894 2773 2131 2841 respicit,

558 2877 752 2947 utipsa
777 2874 1086 2930 Abraltamo
1130 2870 1287 2925 facta:
1344 2868 1722 2939 promissionis
1775 2866 1945 2935 gratia
1976 2864 2133 2918 tinem

558 2973 944 3036 congruentem
971 2959 1326 3031 adipiscatur.
1363 2956 1468 3011 Sed
1508 2957 1623 3010 sive
1658 2970 1723 3007 ex
1754 2954 1968 3021 alienis,
2023 2954 2135 3007 sive

557 3072 625 3110 ex
653 3051 901 3121 cognatis
924 3051 1025 3105 hoc
1055 3064 1085 3102 a
1117 3047 1273 3103 nobis
1306 3054 1612 3117 praestetur,
1634 3044 1742 3098 Deo
1766 3043 1988 3113 perinde
2017 3052 2131 3109 est;

559 3153 721 3202 tinem
755 3144 899 3200 enim
925 3141 1191 3211 promissa
1214 3145 1642 3207 consequuntur.
1695 3154 1712 3186 ι
1744 3134 1969 3188 Dixistis
2037 3133 2137 3203 igi-

561 3250 669 3302 tur,
701 3235 877 3304 inquit

560 3329 702 3382 inter
740 3334 793 3379 te
818 3333 873 3378 et
899 3337 1123 3377 uxorem
1155 3319 1534 3375 adolescentiae
1561 3327 1665 3373 tuae
1696 3332 1857 3387 quam
1916 3316 2142 3385 reliqui-

560 3418 668 3472 sti?
705 3434 724 3468 t
758 3418 827 3469 At
856 3415 901 3469 si
937 3414 1042 3468 hoc
1067 3412 1289 3467 libuerit
1318 3412 1520 3475 dicere,
1550 3425 1721 3479 quare
1777 3407 2037 3462 Dominus
2062 3418 2141 3462 te—

561 3506 935 3569 stiﬁcatussit.
967 3505 1268 3574 etjusserit
1302 3503 1448 3559 nullo
1502 3503 1660 3558 modo
1726 3501 2002 3557 dimittere
2054 3502 2140 3556 cui

561 3600 915 3667 coltabitatis,
966 3597 1303 3670 respondebo
1354 3606 1409 3651 et
1459 3610 1560 3666 ego
1609 3596 1676 3651 ad
1732 3595 1875 3650 hoc:
1929 3594 2141 3664 Cogita,

564 3710 587 3745 ‹
619 3692 882 3759 Quoniam
904 3691 1018 3760 ipsa
1046 3699 1126 3744 est
1153 3688 1423 3759 particeps
1450 3703 1545 3743 seu
1578 3685 1727 3741 socia
1758 3695 1871 3753 tua,
1902 3693 1958 3741 et
2005 3701 2144 3741 uxor

561 3779 867 3836 testamenti
898 3794 989 3834 seu
1018 3777 1241 3833 hederis
1279 3778 1378 3841 tui,
1411 3796 1429 3827 ι
1463 3778 1563 3831 hoc
1591 3785 1695 3842 est,
1722 3791 1827 3829 una
1877 3790 2010 3830 caro
2060 3786 2141 3830 te-

560 3886 685 3925 cum
716 3870 786 3935 ",
816 3879 870 3924 ct
896 3868 1049 3939 juxta
1082 3866 1253 3937 legent
1288 3866 1712 3929 contubernalis,
1747 3875 1801 3920 et
1848 3881 1952 3920 non
1984 3865 2143 3920 aliter

563 3961 864 4016 fabricatus
886 3970 972 4015 est
1003 3974 1125 4014 eam
1184 3958 1348 4013 Deus.
1398 3959 1493 4013 Est
1553 3973 1737 4028 porro,
1784 3966 1844 4011 ut
1882 3957 2140 4025 arbitror,

560 4053 724 4108 etiam
764 4069 783 4103 ι
840 4050 1083 4122 reliquiae
1124 4052 1349 4120 spiritus
1392 4048 1527 4118 ejus,
1581 4068 1601 4101 ι
1636 4058 1693 4103 et
1750 4051 2139 4118 propemodum

561 4160 789 4216 corpore
810 4153 866 4199 et
897 4144 1076 4199 anima
1104 4145 1187 4197 vir
1242 4143 1629 4198 commiscetur
1684 4157 1807 4197 cum
1862 4156 1927 4196 ea
1977 4156 2137 4210 quam

561 4237 662 4306 ipsi
690 4236 823 4306 legis
843 4233 1030 4304 religio
1053 4234 1346 4302 copulavit.
1370 4232 1539 4304 846
1578 4233 1643 4287 Et
1685 4231 2137 4301 quemadmodum

563 4345 726 4383 niuim
746 4342 941 4398 corpus
966 4327 1122 4395 ﬁunt,
1152 4327 1231 4380 sic
1251 4326 1431 4396 aliquo
1462 4327 1618 4381 modo
1644 4325 1809 4379 etiam
1856 4338 1961 4379 una
2019 4324 2139 4377 ani-

565 4436 673 4486 ma,
701 4434 885 4473 amore
905 4428 1088 4472 mutuo
1134 4416 1254 4471 illos
1283 4418 1592 4486 colligante,
1632 4424 1686 4468 et
1711 4415 1892 4467 divina
1924 4413 2038 4483 lege
2085 4413 2136 4467 in

561 4511 907 4565 concordiam
964 4509 1326 4563 devinciente.
1354 4506 1633 4576 Reliquias
1683 4506 1868 4575 itaque
1914 4504 2136 4574 spiritus

561 4604 662 4657 viri
689 4618 915 4658 uxorem
941 4610 1125 4666 vocat,
1178 4612 1231 4657 et
1258 4601 1412 4671 quasi
1457 4600 1742 4653 dimidium
1776 4597 1893 4666 ejus
1942 4598 2136 4651 anima:
2169 4581 2213 4641 ι)

562 4705 783 4765 propter
816 4695 1094 4760 unionem,
1117 4693 1325 4748 scilicet
1378 4707 1499 4761 qua:
1516 4692 1806 4747 concordia
1854 4690 2135 4744 charitatis

561 4788 708 4842 velut
736 4803 898 4842 unum
924 4786 1107 4841 eﬂicit.
1139 4784 1218 4842 Ne
1242 4787 1405 4857 igitur
1436 4785 1556 4855 plus
1586 4800 1751 4855 quam
1806 4785 1945 4839 ratio
1992 4784 2133 4852 pati-

565 4892 651 4935 tur
676 4879 842 4934 Deum
866 4880 1159 4951 culpatote,
1209 4889 1267 4933 ut
1323 4879 1415 4948 qui
1470 4894 1694 4933 uxorein
1757 4878 2134 4932 adolescentia:

561 4989 692 5039 suae,
724 4972 943 5029 hederis
964 4987 1028 5028 ac
1056 4974 1279 5043 spiritus
1336 4972 1675 5041 participem,
1729 4983 1784 5025 et
1833 4986 1998 5026 carne
2032 4969 2134 5025 sibi

563 5069 771 5122 unitam
805 5067 964 5121 domo
987 5074 1348 5131 removentes,
1384 5063 1614 5119 fortasse
1676 5064 1915 5132 iniquius
1952 5063 2137 5129 oltjur-

561 5169 668 5227 get.
696 5159 959 5213 Existimo
980 5167 1161 5212 autent
1224 5172 1323 5225 ego
1369 5156 1830 5224 sapientissimum
1891 5156 2135 5221 Paulum,

563 5253 688 5305 hinc
719 5258 1051 5319 permotum,
1082 5248 1367 5303 mandasse
1402 5248 1469 5302 iis
1496 5248 1584 5315 qui
1615 5248 1666 5301 in
1687 5246 1965 5302 Christqu
2019 5262 2139 5302 cre-

559 5344 809 5397 diderant
839 5358 858 5397 :
894 5359 913 5392 ι
949 5341 1216 5411 Alligatus
1245 5355 1306 5395 es
1355 5340 1552 5394 uxori?
1582 5339 1687 5394 noli
1724 5356 1966 5409 quaerere
1988 5339 2140 5394 solu-

563 5434 851 5492 tionem".
887 5433 1000 5501 [Et
1032 5434 1227 5488 alicubi
1261 5430 1511 5488 Salvator
1540 5450 1553 5487 :
1585 5450 1604 5484 ι
1632 5432 1950 5503 Quicunque
1980 5432 2140 5487 diuti-

559 5528 693 5582 serit
723 5542 947 5583 uxorem
994 5542 1170 5593 suam,
1227 5538 1452 5599 excepta
1511 5544 1678 5585 causa
1733 5527 2134 5593 fornicationis,

560 5616 691 5671 facit
720 5630 838 5671 eam
867 5618 1130 5673 mmchari
1161 5634 1175 5674 :
1206 5627 1259 5673 et
1288 5619 1381 5689 qui
1418 5619 1695 5675 dimissam
1726 5620 1964 5686 duxerit,
1998 5633 2135 5675 mte-

666 5795 915 5855 “Exod.
954 5812 1135 5864 xxxiv,
1173 5798 1256 5853 l6.
1368 5800 1411 5831 ’⁷
1443 5800 1609 5855 Exod.
1673 5816 1801 5866 χχιι,
1842 5800 1932 5856 26.

2049 5802 2095 5834 ⁸⁸
2141 5801 2277 5859 Gen.
2320 5818 2429 5867 xvi,
2462 5803 2550 5856 10.

2310 1303 2419 1357 Kal
2462 1301 2700 1354 εἴπατε*
2739 1298 2986 1350 Ἕνεκεν
3034 1294 3201 1360 τίνος
3247 1295 3278 1346 ό
3324 1291 3536 1358 Κύριος
3580 1289 3815 1357 διεμαρ-

2237 1397 2454 1464 τύρατο
2506 1391 2814 1461 (iram-Sacr
2860 1407 2975 1443 σου
3030 1388 3126 1441 καὶ
3181 1384 3487 1455 ἀναμέσων
3532 1384 3818 1452 γυναικός

2237 1487 2517 1556 νεότητός
2573 1500 2689 1539 σου
2738 1482 2819 1551 ἦν
2856 1480 3280 1553 ἐγκατέλιπες;
3329 1478 3439 1530 Καὶ
3495 1476 3649 1543 αὕτη
3690 1490 3814 1529 κοι-

2238 1579 2431 1644 νωνός
2486 1590 2603 1630 σου
2660 1573 2759 1628 καί
2807 1572 2963 1642 γυνὴ
3016 1568 3307 1637 διαθήκης
3354 1585 3498 1633 σου,
3551 1568 3650 1621 καὶ
3704 1568 3818 1622 οὐκ

2240 1672 2441 1736 ἄλλως
2471 1668 2745 1735 ἐποίησε,
2792 1666 2890 1719 καί
2942 1665 3281 1733 ὑπόλειμμα
3327 1662 3669 1729 πνεύματος
3711 1660 3818 1712 at)-

2238 1762 2371 1817 τοῦ.
2402 1760 2509 1815 Kal
2536 1759 2742 1814 εἴπατε
2762 1774 2776 1788 ο
2814 1757 2874 1812 Τί
2889 1755 3045 1810 ἄλλο
3072 1755 3111 1823 ἢ
3139 1754 3375 1824 σπέρμα
3402 1750 3561 1821 ζητεῖ
3583 1755 3615 1807 ὀ
3643 1753 3818 1817 Θεός;

2312 1854 2445 1907 KH'.
2500 1851 2930 1920 Ἐπαιτιωμὲνου
2973 1845 3110 1900 Θεοῦ
3150 1845 3217 1899 τά
3249 1844 3422 1898 τοιάδε
3455 1843 3684 1913 συχνῶς,
3724 1843 3819 1895 καὶ

2239 1945 2621 2007 ἁναπείθοντος
2664 1943 2765 2013 μὲν
2794 1942 3014 2011 ἀγαπᾷν
3046 1940 3144 2002 τὰς
3177 1941 3240 1992 ὲκ
3278 1939 3485 2006 γένους,
3515 1938 3818 2006 ἀποφοιτᾷν

2236 2040 2292 2092 δὲ
2322 2038 2428 2091 τῶν
2456 2035 2751 2108 ἀλλοτρίων
2780 2034 2876 2087 καὶ
2905 2029 3361 2101 ἀπονοσφίζεσθαι
3388 2030 3580 2099 γάμων
3607 2027 3700 2089 οὒς
3724 2027 3819 2081 καὶ

2238 2129 2400 2193 αὐτὸς
2432 2130 2461 2181 ὁ
2504 2127 2645 2190 θεῖος
2682 2123 2995 2196 ἀπεκήρυξε
3028 2125 3222 2193 νόμος.
3260 2120 3645 2183 ἀσυνετοῦντες
3687 2120 3817 2189 ἔφα·

2240 2238 2368 2273 σκον
2391 2237 2402 2248 ·
2440 2238 2458 2271 ι
2492 2220 2557 2272 Τί
2585 2218 2712 2272 ἄλλο
2748 2216 2780 2287 ἢ
2815 2216 3038 2286 σπέρμα
3072 2214 3224 2283 ζητεῖ
3254 2216 3282 2266 ό
3314 2212 3473 2279 Θεός;
3508 2232 3527 2264 ι
3557 2212 3817 2283 Εἴρηται,

2238 2315 2392 2383 φησὶ,
2429 2312 2515 2365 διὰ
2546 2312 2645 2381 τῆς
2679 2309 2924 2372 Μωσέως
2956 2308 3175 2379 ἐντολῆς
3195 2326 3207 2339 ·
3248 2326 3266 2359 ι
3296 2306 3409 2360 Οὐκ
3440 2305 3594 2360 ἔσται
3629 2306 3822 2373 ἄγονος

2236 2404 2355 2457 οὐδὲ
2389 2406 2574 2474 στεῖρα
2606 2405 2665 2455 ἐν
2693 2402 2832 2464 υἱοῖς
2868 2399 3138 2471 Ἰσραήλ.ι
3173 2398 3317 2468 Ἔφη
3343 2397 3400 2452 δέ
3435 2414 3536 2450 που
3564 2398 3657 2452 καὶ
3685 2397 3823 2466 πρὸς

2251 2495 2502 2565 Ἀϐραὰμ
2527 2496 2554 2548 ό
2584 2493 2694 2546 τῶν
2716 2493 2853 2546 ὅλων
2884 2492 3015 2556 Θεός
3035 2509 3047 2521 ’
3091 2510 3107 2542 ι
3140 2490 3434 2561 Πληθύνων
3476 2488 3729 2560 πληθυνῶ
3758 2490 3820 2541 το

2239 2588 2457 2658 σπέρμα
2486 2603 2599 2651 σου,
2626 2586 2756 2638 ὠσεὶ
2780 2583 2849 2637 τά
2876 2584 3049 2655 ἄστρα
3081 2582 3173 2636 τοῦ
3200 2582 3427 2653 οὖρανοῦ
3459 2582 3537 2653 τῷ
3564 2581 3775 2653 πλήθει.
3793 2601 3811 2632 ι

2237 2678 2444 2733 Οὐκοῦν
2470 2678 2498 2730 ὁ
2532 2678 2704 2741 θεῖος,
2738 2677 2898 2748 φησὶ,
2954 2675 3156 2738 σκοπὸς
3202 2677 3281 2739 εἱς
3334 2673 3546 2744 πληθὺν
3574 2674 3676 2744 ὁρᾷ
3723 2675 3820 2726 καὶ

2238 2769 2604 2838 παιδογονίαν,
2632 2769 2721 2821 ἵνα
2747 2769 2839 2822 καὶ
2862 2769 2943 2830 είς
2967 2768 3140 2838 πέρας
3161 2768 3347 2834 ἄγοιτο
3367 2766 3429 2819 τὸ
3453 2766 3659 2838 πρέπον
3680 2766 3819 2835 αὐτῇ

2236 2863 2336 2933 τῆς
2388 2863 2524 2934 πρὸς
2574 2860 2822 2932 Ἀϐραὰμ
2867 2860 3199 2930 ἐπαγγελίας
3248 2862 3279 2931 ἠ
3324 2860 3501 2931 χάρις.
3540 2859 3678 2912 Ἀλλ’
3722 2860 3821 2911 εἴτ’

2236 2950 2329 3008 οὖν
2370 2956 2427 3020 ἐξ
2452 2954 2764 3025 ἀλλοτρίων,
2792 2953 2901 3008 εἴτε
2936 2953 2993 3020 ἐξ
3025 2951 3302 3023 ὁμογενῶν
3330 2952 3489 3006 τοῦτο
3522 2952 3818 3025 πράττοιτο

2235 3047 2373 3118 πρὸς
2415 3048 2590 3118 ὑμῶν,
2632 3046 2913 3118 ἀδιαφορεῑ
2948 3044 3025 3116 τῷ
3070 3045 3210 3115 Θεῷ,
3253 3044 3561 3114 διεξάγεται
3602 3044 3709 3116 γὰρ
3742 3045 3825 3107 είς

2239 3139 2417 3210 πέρας
2463 3138 2525 3191 τὸ
2572 3138 3000 3210 ἐπηγγελμένον.
3058 3158 3076 3190 ι
3110 3139 3311 3191 Εἴπατε
3371 3138 3572 3203 τοίνυν,
3619 3136 3820 3207 φησίν-

933 3251 947 3287 :
986 3232 1107 3300 Qua
1139 3231 1205 3286 de
1230 3244 1390 3285 causa
1422 3226 1682 3283 Dominus
1716 3225 2039 3281 testiﬁcatus
2056 3234 2138 3279 est
2164 3237 2207 3294 ο
2243 3231 2467 3284 Ἕνεκεν
2503 3230 2647 3295 τίνος
2670 3233 2699 3284 ό
2730 3230 2932 3301 Κύριος
2960 3230 3360 3303 διεμαρτύρατο
3384 3228 3489 3283 ἀνά
3521 3230 3683 3299 μέσον
3727 3226 3823 3282 σοῦ

2250 3323 2345 3376 καὶ
2380 3323 2484 3377 ἀνά
2522 3325 2685 3394 μέσον
2714 3323 2972 3393 γυναικὸς
3013 3324 3264 3396 νεότητός
3296 3340 3413 3387 σου,
3448 3322 3514 3393 ἢν
3543 3321 3823 3390 ἐγκατέλι-

2247 3431 2375 3482 πες;
2406 3435 2425 3468 ι
2466 3415 2604 3469 Ἀλλ’
2631 3416 2791 3487 εἴπερ
2821 3416 3027 3469 ἕλοισθε
3059 3416 3216 3469 τοῦτο
3238 3416 3416 3485 λέγειν
3444 3414 3726 3481 τὺ,ἒνεκεν
3746 3414 3827 3465 τί-

2245 3526 2332 3573 νος
2360 3508 2778 3581 διεμαρτύρατο,
2811 3508 2903 3562 καὶ
2939 3508 3272 3579 προστέταχε
3313 3507 3388 3578 μὴ
3429 3507 3539 3560 δεῖν
3574 3506 3826 3577 ἀποπέμο

2244 3599 2440 3653 πεσθαι
2492 3599 2588 3670 τὴν
2630 3600 3058 3671 συνῳκισμένην,
3109 3599 3221 3670 ἐρῶ
3255 3601 3390 3670 πρὸς
3433 3598 3591 3652 τοῦτο
3633 3598 3821 3665 κάγώ·

2257 3690 2538 3762 Ἐννόησον
2568 3711 2585 3743 ι
2612 3693 2732 3745 Ὅτι
2764 3691 2902 3761 αὕτη
2928 3692 3183 3756 κοινωνός
3215 3708 3309 3745 σου
3343 3691 3436 3745 καὶ
3468 3692 3605 3761 γυνὴ
3635 3691 3823 3761 διαθή-

2242 3800 2346 3855 κης
2376 3800 2491 3848 σου,
2519 3804 2537 3835 ι
2569 3786 2867 3848 τουτέστιν,
2895 3784 3205 3857 ὁμόσαρκός
3243 3802 3324 3837 σοι
3359 3785 3453 3838 καὶ
3486 3784 3628 3837 κατά
3658 3784 3825 3853 νόμον

2245 3875 2654 3945 συνῳκισμένη,
2696 3875 2791 3928 καὶ
2832 3875 2931 3928 οὐκ
2963 3874 3138 3938 ἄλλως
3170 3875 3339 3946 αὐτὴν
3388 3874 3822 3946 δεδημιούργηκι

2242 3966 2392 4028 θεός.
2422 3967 2575 4019 Ἐστι
2611 3965 2697 4029 δὲ,
2742 3961 2917 4035 οἶμαι,
2968 3968 3062 4018 καὶ
3108 3985 3124 4016 ι
3153 3965 3467 4036 ὑπόλειμμα
3516 3966 3823 4037 πνεύματος

2242 4058 2436 4122 αὑτοῦ,
2467 4078 2485 4110 ι
2538 4060 2630 4111 καὶ
2684 4060 2967 4129 μονονουχὶ
3028 4058 3401 4129 συγκέκραται
3459 4076 3576 4122 πως
3609 4061 3636 4112 ὁ
3684 4059 3823 4130 ἀνὴρ

2244 4150 2518 4221 σαρκικῶς
2562 4167 2620 4203 τε
2676 4151 2770 4204 καὶ
2819 4150 3065 4220 ψυχικῶς
3103 4155 3167 4222 τῇ
3211 4151 3350 4205 κατά
3394 4150 3554 4222 νόμον
3599 4149 3823 4222 λατρεία

2244 4243 2683 4315 συνηρμοσμένη.
2730 4244 2836 4297 Καὶ
2872 4243 3060 4315 ὥσπερ
3088 4243 3144 4297 ἓν
3175 4244 3429 4311 γεγόνασι
3471 4243 3649 4313 σῶμα,
3682 4242 3824 4296 οὓτω

2239 4337 2437 4407 τρόπον
2468 4335 2588 4388 τινὰ
2624 4338 2718 4389 καὶ
2757 4336 2852 4405 μία
2892 4335 3059 4407 ψυχὴ,
3106 4336 3427 4406 συνδεούσης
3459 4336 3654 4398 αὐτοὺς
3687 4335 3825 4404 ἀγά-

2240 4446 2381 4495 πης,
2429 4430 2519 4481 καὶ
2565 4429 2730 4499 νόμου
2782 4428 2927 4482 θείου
2990 4428 3334 4498 συλλέγοντος
3381 4432 3459 4491 είς
3500 4430 3820 4500 bitat/vx!”-

2251 4520 2597 4591 Ὑπόλειμμα
2626 4520 2803 4573 τοίνυν
2863 4521 3172 4591 πνεύματος
3204 4520 3297 4575 τοῦ
3342 4522 3534 4593 air/6.09,;
3580 4525 3682 4593 τὴν
3726 4540 3826 4590 γυ-

2238 4616 2401 4665 ναῖκα
2428 4612 2581 4665 καλεῖ
2616 4614 2711 4666 καὶ
2747 4614 2909 4667 οἱονεὶ
2956 4614 3121 4684 μέρος
3164 4613 3260 4683 τῆς
3298 4614 3459 4668 αὑτοῦ
3498 4614 3699 4686 ψυχῆς,
3738 4616 3825 4668 διά

2238 4718 2298 4754 τε
2343 4702 2441 4770 τὴν
2489 4701 2681 4755 ἕνωσιν
2728 4702 2826 4773 τὴν
2863 4702 2939 4765 ὡς
2990 4702 3046 4755 ἕν
3081 4719 3176 4769 γε,
3221 4703 3396 4773 φημὶ,
3441 4705 3503 4775 τῇ
3544 4704 3685 4757 κατά
3725 4703 3825 4774 τὴν

2240 4793 2460 4864 ἀγάπην
2486 4794 2777 4866 όμοψυχίᾳ.
2803 4793 2893 4863 Μὴ
2922 4795 3100 4847 τοίνυν
3127 4795 3271 4864 πέρα
3297 4794 3391 4847 τοῦ
3415 4794 3624 4859 δέοντος
3658 4796 3826 4859 ἰόντες

2240 4883 2400 4952 λόγου
2456 4886 2803 4939 καταιτιᾶσθε
2843 4886 2994 4949 Θεὸν,
3040 4886 3116 4950 ὡς
3149 4888 3287 4956 τάχα
3340 4904 3441 4941 που
3492 4888 3586 4941 καὶ
3623 4887 3825 4951 ἀδίκως

2242 4975 2658 5047 ἐπιπλήττοντος
2694 4978 2805 5038 τοὶς
2834 4976 3219 5046 ἀποπέμπουσι
3251 4978 3351 5048 τῆς
3382 4979 3563 5042 ἑστίας
3591 4980 3823 5046 γυναῖκα

2243 5065 2511 5136 νεότητος,
2541 5067 2634 5120 καὶ
2666 5066 2927 5138 διαθήκης
2955 5070 3048 5121 καὶ
3079 5069 3385 5141 πνεύματος
3420 5071 3695 5133 κοινωνὸν,
3729 5074 3825 5123 καὶ

2238 5158 2531 5213 ἐνωθεὶσαν
2569 5161 2866 5231 σαρκικῶς.
2895 5158 3064 5232 Οἶμαι
3093 5162 3149 5216 δὲ
3180 5164 3353 5232 ἔγωγε
3383 5162 3473 5216 τὸν
3512 5163 3823 5233 σοφώτατον

2237 5251 2469 5317 Παῦλον,
2499 5253 2859 5323 κεκινημένον
2891 5254 3163 5320 ἐντεῦθεν,
3194 5254 3490 5310 ἐπιστεῖλαι
3522 5258 3635 5320 τοῖς
3663 5273 3825 5308 πεπι-

2239 5342 2521 5397 στευκόσιν
2547 5344 2627 5407 είς
2654 5344 2889 5414 Χριστόν
2909 5361 2923 5376 ο
2966 5364 2987 5397 ι
3015 5346 3232 5400 Δέδεσαι
3270 5347 3521 5415 γυναικί;
3558 5347 3632 5418 μὴ
3668 5348 3821 5418 ζήτει

2236 5434 2408 5487 λύσιν.
2431 5455 2449 5486 ι
2490 5436 2633 5508 Ἔφη
2678 5435 2735 5489 δέ
2772 5454 2875 5489 που
2918 5438 3014 5491 καὶ
3055 5439 3217 5503 αὐτὸς
3246 5442 3273 5493 ὁ
3303 5440 3527 5511 Σωτήρο
3562 5457 3582 5491 t
3619 5442 3715 5503 Ὃς
3754 5438 3823 5493 ἂν

2243 5525 2490 5598 ἀπολύσῃ
2525 5527 2621 5597 τὴν
2668 5530 2900 5595 γυναῖκα
2938 5530 3125 5591 αὑτοῦ,
3172 5530 3441 5596 παρεκτὸς
3483 5531 3640 5598 λόγου
3684 5546 3823 5601 πορ-

2244 5620 2412 5684 νείας,
2445 5623 2587 5674 ποιεῖ
2615 5622 2785 5693 αὐτὴν
2821 5622 3174 5694 μοιχευθῆναι
3192 5642 3203 5654 ·
3240 5624 3332 5677 καὶ
3360 5627 3387 5678 ὁ
3414 5622 3817 5693 ἀπολελυμένην

2654 5806 2695 5836 ²¹¹
2732 5802 2866 5859 Gen.
2897 5819 2956 5872 tt,
2994 5802 3087 5871 25,
3123 5803 3212 5857 ‘24.
3327 5804 3368 5833 “
3400 5804 3413 5858 Ι
3445 5801 3567 5857 Cor.
3597 5812 3693 5865 vtt,
3723 5799 3793 5857 27
