  <div class='ocr_page' id='page_1' title='image "/cluster/home/n/w/nwhite01/storage/ocr_20150623/72/nnc1.0046980300/168.png"; bbox 0 0 4120 6376; ppageno 0'>
   <div class='ocr_carea' id='block_1_1' title="bbox 333 324 463 383">
    <p class='ocr_par' dir='ltr' id='par_1_1' title="bbox 333 324 463 383">
     <span class='ocr_line' id='line_1_1' title="bbox 333 324 463 383; baseline 0 0"><span class='ocrx_word' id='word_1_1' title='bbox 333 324 463 383; x_wconf 63' lang='grc'><strong>’325</strong></span> 
     </span>
    </p>
   </div>
   <div class='ocr_carea' id='block_1_2' title="bbox 1202 318 2796 379">
    <p class='ocr_par' dir='ltr' id='par_1_2' title="bbox 1202 318 2796 379">
     <span class='ocr_line' id='line_1_2' title="bbox 1202 318 2796 379; baseline -0.002 -3"><span class='ocrx_word' id='word_1_2' title='bbox 1202 322 1756 379; x_wconf 67' lang='lat' dir='ltr'><strong>COMMENTARIUS</strong></span> <span class='ocrx_word' id='word_1_3' title='bbox 1795 322 1861 376; x_wconf 74' lang='grc' dir='ltr'><strong>ΙΝ</strong></span> <span class='ocrx_word' id='word_1_4' title='bbox 1907 320 2311 377; x_wconf 76' lang='lat' dir='ltr'><strong>MALAClliAM</strong></span> <span class='ocrx_word' id='word_1_5' title='bbox 2354 318 2796 375; x_wconf 73' lang='lat' dir='ltr'><strong>PROI’IIETAM.</strong></span> 
     </span>
    </p>
   </div>
   <div class='ocr_carea' id='block_1_3' title="bbox 3494 314 3603 377">
    <p class='ocr_par' dir='ltr' id='par_1_3' title="bbox 3494 314 3603 377">
     <span class='ocr_line' id='line_1_3' title="bbox 3494 314 3603 377; baseline 0.018 -2"><span class='ocrx_word' id='word_1_6' title='bbox 3494 314 3603 377; x_wconf 63' lang='lat'><strong>3:26</strong></span> 
     </span>
    </p>
   </div>
   <div class='ocr_carea' id='block_1_4' title="bbox 352 434 1957 510">
    <p class='ocr_par' dir='ltr' id='par_1_4' title="bbox 352 435 1927 510">
     <span class='ocr_line' id='line_1_4' title="bbox 352 435 1927 510; baseline -0.003 -16"><span class='ocrx_word' id='word_1_7' title='bbox 352 439 629 510; x_wconf 77' lang='grc' dir='ltr'><strong>γαμήσας,</strong></span> <span class='ocrx_word' id='word_1_8' title='bbox 660 436 966 507; x_wconf 73' lang='grc' dir='ltr'><strong>μοιχᾶται.»</strong></span> <span class='ocrx_word' id='word_1_9' title='bbox 1001 435 1312 509; x_wconf 79' lang='grc' dir='ltr'>Ἐρομένοις</span> <span class='ocrx_word' id='word_1_10' title='bbox 1336 441 1393 493; x_wconf 76' lang='grc' dir='ltr'><strong>δὲ</strong></span> <span class='ocrx_word' id='word_1_11' title='bbox 1417 443 1526 503; x_wconf 83' lang='grc' dir='ltr'>τοῖς</span> <span class='ocrx_word' id='word_1_12' title='bbox 1559 438 1927 491; x_wconf 76' lang='grc' dir='ltr'><strong>Σαδδουκαίων</strong></span> 
     </span>
    </p>
   </div>
   <div class='ocr_carea' id='block_1_5' title="bbox 2039 434 3604 510">
    <p class='ocr_par' dir='ltr' id='par_1_5' title="bbox 2040 434 3604 505">
     <span class='ocr_line' id='line_1_5' title="bbox 2040 434 3604 505; baseline -0.001 -15"><span class='ocrx_word' id='word_1_13' title='bbox 2040 436 2231 491; x_wconf 82' lang='lat' dir='ltr'><strong>cbatur</strong></span> <span class='ocrx_word' id='word_1_14' title='bbox 2258 438 2321 491; x_wconf 80' lang='lat'><strong>&quot;.</strong></span> <span class='ocrx_word' id='word_1_15' title='bbox 2359 455 2377 488; x_wconf 72' lang='grc' dir='ltr'><strong>ι</strong></span> <span class='ocrx_word' id='word_1_16' title='bbox 2409 435 2872 505; x_wconf 74' lang='lat' dir='ltr'><strong>Interrogantibus</strong></span> <span class='ocrx_word' id='word_1_17' title='bbox 2896 443 3073 488; x_wconf 87' lang='lat' dir='ltr'><strong>autem</strong></span> <span class='ocrx_word' id='word_1_18' title='bbox 3104 434 3604 490; x_wconf 67' lang='lat' dir='ltr'><strong>Sadduczeiscurio—</strong></span> 
     </span>
    </p>
   </div>
   <div class='ocr_carea' id='block_1_6' title="bbox 353 529 1929 602">
    <p class='ocr_par' dir='ltr' id='par_1_6' title="bbox 353 529 1929 602">
     <span class='ocr_line' id='line_1_6' title="bbox 353 529 1929 602; baseline -0.002 -18"><span class='ocrx_word' id='word_1_19' title='bbox 353 530 767 601; x_wconf 73' lang='grc' dir='ltr'>φιλοξητηταῖς·</span> <span class='ocrx_word' id='word_1_20' title='bbox 802 550 820 580; x_wconf 73' lang='grc' dir='ltr'><strong>ι</strong></span> <span class='ocrx_word' id='word_1_21' title='bbox 865 529 1007 583; x_wconf 78' lang='grc' dir='ltr'>’Λνθ’</span> <span class='ocrx_word' id='word_1_22' title='bbox 1028 531 1384 602; x_wconf 72' lang='grc' dir='ltr'>ὃτουΜωσῆς</span> <span class='ocrx_word' id='word_1_23' title='bbox 1411 531 1713 585; x_wconf 81' lang='grc' dir='ltr'>ἐνετείλατο</span> <span class='ocrx_word' id='word_1_24' title='bbox 1748 529 1929 583; x_wconf 81' lang='grc' dir='ltr'>δοῦναι</span> 
     </span>
    </p>
   </div>
   <div class='ocr_carea' id='block_1_7' title="bbox 356 617 1924 690">
    <p class='ocr_par' dir='ltr' id='par_1_7' title="bbox 356 617 1924 690">
     <span class='ocr_line' id='line_1_7' title="bbox 356 617 1924 690; baseline -0.002 -18"><span class='ocrx_word' id='word_1_25' title='bbox 356 618 558 690; x_wconf 78' lang='grc' dir='ltr'>βιϐλίον</span> <span class='ocrx_word' id='word_1_26' title='bbox 607 617 940 672; x_wconf 74' lang='grc' dir='ltr'><strong>ἀποστασίου</strong></span> <span class='ocrx_word' id='word_1_27' title='bbox 974 619 1068 672; x_wconf 73' lang='grc' dir='ltr'>καὶ</span> <span class='ocrx_word' id='word_1_28' title='bbox 1115 619 1553 674; x_wconf 74' lang='grc' dir='ltr'><strong>ἀπαλλάττεσθαι</strong></span> <span class='ocrx_word' id='word_1_29' title='bbox 1590 620 1879 689; x_wconf 83' lang='grc' dir='ltr'>γυναικός;</span> <span class='ocrx_word' id='word_1_30' title='bbox 1908 636 1924 669; x_wconf 74' lang='grc' dir='ltr'><strong>ι</strong></span> 
     </span>
    </p>
   </div>
   <div class='ocr_carea' id='block_1_8' title="bbox 354 710 1933 782">
    <p class='ocr_par' dir='ltr' id='par_1_8' title="bbox 354 710 1933 782">
     <span class='ocr_line' id='line_1_8' title="bbox 354 710 1933 782; baseline 0 -19"><span class='ocrx_word' id='word_1_31' title='bbox 354 711 457 782; x_wconf 70' lang='grc' dir='ltr'><strong>ἔφη</strong></span> <span class='ocrx_word' id='word_1_32' title='bbox 493 710 687 765; x_wconf 83' lang='grc' dir='ltr'>πάλιν·</span> <span class='ocrx_word' id='word_1_33' title='bbox 724 728 742 761; x_wconf 78' lang='grc' dir='ltr'><strong>ι</strong></span> <span class='ocrx_word' id='word_1_34' title='bbox 774 710 895 762; x_wconf 76' lang='grc' dir='ltr'><strong>Ὀτι</strong></span> <span class='ocrx_word' id='word_1_35' title='bbox 928 710 1135 779; x_wconf 82' lang='grc' dir='ltr'>Μωσῆς</span> <span class='ocrx_word' id='word_1_36' title='bbox 1168 710 1266 781; x_wconf 85' lang='grc' dir='ltr'>μὲν</span> <span class='ocrx_word' id='word_1_37' title='bbox 1302 712 1437 781; x_wconf 72' lang='grc' dir='ltr'>πρὸς</span> <span class='ocrx_word' id='word_1_38' title='bbox 1466 711 1564 781; x_wconf 79' lang='grc' dir='ltr'>τὴν</span> <span class='ocrx_word' id='word_1_39' title='bbox 1600 711 1933 781; x_wconf 83' lang='grc' dir='ltr'>σκληροκαρ-</span> 
     </span>
    </p>
   </div>
   <div class='ocr_carea' id='block_1_9' title="bbox 352 797 1931 873">
    <p class='ocr_par' dir='ltr' id='par_1_9' title="bbox 352 797 1931 873">
     <span class='ocr_line' id='line_1_9' title="bbox 352 797 1931 873; baseline -0.001 -19"><span class='ocrx_word' id='word_1_40' title='bbox 352 802 470 856; x_wconf 84' lang='grc' dir='ltr'>δίαν</span> <span class='ocrx_word' id='word_1_41' title='bbox 505 802 657 873; x_wconf 80' lang='grc' dir='ltr'>ὑμῶν</span> <span class='ocrx_word' id='word_1_42' title='bbox 691 797 1026 855; x_wconf 78' lang='grc' dir='ltr'>ὲνετείλατο’</span> <span class='ocrx_word' id='word_1_43' title='bbox 1063 802 1158 854; x_wconf 77' lang='grc' dir='ltr'><strong>ἀπ’</strong></span> <span class='ocrx_word' id='word_1_44' title='bbox 1194 801 1372 872; x_wconf 75' lang='grc' dir='ltr'>ἀρχῆς</span> <span class='ocrx_word' id='word_1_45' title='bbox 1402 803 1457 855; x_wconf 81' lang='grc' dir='ltr'><strong>δὲ</strong></span> <span class='ocrx_word' id='word_1_46' title='bbox 1494 803 1552 855; x_wconf 87' lang='grc' dir='ltr'>οὐ</span> <span class='ocrx_word' id='word_1_47' title='bbox 1585 802 1804 870; x_wconf 74' lang='grc' dir='ltr'>γέγονεν</span> <span class='ocrx_word' id='word_1_48' title='bbox 1842 801 1931 854; x_wconf 68' lang='grc' dir='ltr'><strong>οὓς</strong></span> 
     </span>
    </p>
   </div>
   <div class='ocr_carea' id='block_1_10' title="bbox 353 891 1929 966">
    <p class='ocr_par' dir='ltr' id='par_1_10' title="bbox 353 891 1929 966">
     <span class='ocr_line' id='line_1_10' title="bbox 353 891 1929 966; baseline -0.001 -18"><span class='ocrx_word' id='word_1_49' title='bbox 353 911 495 959; x_wconf 86' lang='grc' dir='ltr'>τως·</span> <span class='ocrx_word' id='word_1_50' title='bbox 522 896 551 949; x_wconf 84' lang='grc' dir='ltr'>ὁ</span> <span class='ocrx_word' id='word_1_51' title='bbox 594 893 702 963; x_wconf 83' lang='grc' dir='ltr'><strong>γὰρ</strong></span> <span class='ocrx_word' id='word_1_52' title='bbox 732 891 971 958; x_wconf 80' lang='grc' dir='ltr'>πλάσας,</span> <span class='ocrx_word' id='word_1_53' title='bbox 1018 895 1185 966; x_wconf 81' lang='grc' dir='ltr'><strong>ἄρσεν</strong></span> <span class='ocrx_word' id='word_1_54' title='bbox 1223 896 1317 947; x_wconf 68' lang='grc' dir='ltr'>καὶ</span> <span class='ocrx_word' id='word_1_55' title='bbox 1347 894 1480 963; x_wconf 80' lang='grc' dir='ltr'>θῆλυ</span> <span class='ocrx_word' id='word_1_56' title='bbox 1528 896 1782 965; x_wconf 77' lang='grc' dir='ltr'>ἐποίησεν</span> <span class='ocrx_word' id='word_1_57' title='bbox 1831 895 1929 947; x_wconf 76' lang='grc' dir='ltr'><strong>αὖ·</strong></span> 
     </span>
    </p>
   </div>
   <div class='ocr_carea' id='block_1_11' title="bbox 353 982 1930 1057">
    <p class='ocr_par' dir='ltr' id='par_1_11' title="bbox 353 982 1930 1057">
     <span class='ocr_line' id='line_1_11' title="bbox 353 982 1930 1057; baseline 0 -19"><span class='ocrx_word' id='word_1_58' title='bbox 353 986 501 1050; x_wconf 86' lang='grc' dir='ltr'>τούς.</span> <span class='ocrx_word' id='word_1_59' title='bbox 531 987 598 1040; x_wconf 81' lang='grc' dir='ltr'>Ὀ</span> <span class='ocrx_word' id='word_1_60' title='bbox 644 982 737 1040; x_wconf 83' lang='grc' dir='ltr'>οὖν</span> <span class='ocrx_word' id='word_1_61' title='bbox 768 985 899 1049; x_wconf 79' lang='grc' dir='ltr'>Θεὸς</span> <span class='ocrx_word' id='word_1_62' title='bbox 946 986 1280 1051; x_wconf 74' lang='grc' dir='ltr'><strong>συνέζευξεν,</strong></span> <span class='ocrx_word' id='word_1_63' title='bbox 1327 986 1609 1056; x_wconf 80' lang='grc' dir='ltr'>ἄνθρωπος</span> <span class='ocrx_word' id='word_1_64' title='bbox 1648 986 1720 1057; x_wconf 77' lang='grc' dir='ltr'>μὴ</span> <span class='ocrx_word' id='word_1_65' title='bbox 1766 1002 1930 1056; x_wconf 84' lang='grc' dir='ltr'>χωρι-</span> 
     </span>
    </p>
   </div>
   <div class='ocr_carea' id='block_1_12' title="bbox 356 1076 1934 1149">
    <p class='ocr_par' dir='ltr' id='par_1_12' title="bbox 356 1076 1934 1149">
     <span class='ocr_line' id='line_1_12' title="bbox 356 1076 1934 1149; baseline 0 -18"><span class='ocrx_word' id='word_1_66' title='bbox 356 1077 515 1141; x_wconf 74' lang='grc' dir='ltr'>ζέτω.</span> <span class='ocrx_word' id='word_1_67' title='bbox 531 1095 549 1128; x_wconf 76' lang='grc' dir='ltr'><strong>ι</strong></span> <span class='ocrx_word' id='word_1_68' title='bbox 572 1106 641 1118; x_wconf 87' lang='grc'><strong><em>-</em></strong></span> <span class='ocrx_word' id='word_1_69' title='bbox 663 1077 803 1129; x_wconf 73' lang='grc' dir='ltr'><strong>«Καὶ</strong></span> <span class='ocrx_word' id='word_1_70' title='bbox 827 1076 1134 1145; x_wconf 81' lang='grc' dir='ltr'>φυλάξασθε</span> <span class='ocrx_word' id='word_1_71' title='bbox 1152 1079 1209 1131; x_wconf 86' lang='grc' dir='ltr'>ὲν</span> <span class='ocrx_word' id='word_1_72' title='bbox 1239 1077 1316 1147; x_wconf 82' lang='grc' dir='ltr'>τῷ</span> <span class='ocrx_word' id='word_1_73' title='bbox 1346 1076 1614 1148; x_wconf 79' lang='grc' dir='ltr'>πνεύματι</span> <span class='ocrx_word' id='word_1_74' title='bbox 1644 1077 1817 1149; x_wconf 85' lang='grc' dir='ltr'>ὑμῶν,</span> <span class='ocrx_word' id='word_1_75' title='bbox 1841 1078 1934 1132; x_wconf 74' lang='grc' dir='ltr'><strong>καὶ</strong></span> 
     </span>
    </p>
   </div>
   <div class='ocr_carea' id='block_1_13' title="bbox 354 1168 1935 1240">
    <p class='ocr_par' dir='ltr' id='par_1_13' title="bbox 354 1168 1935 1240">
     <span class='ocr_line' id='line_1_13' title="bbox 354 1168 1935 1240; baseline 0.001 -18"><span class='ocrx_word' id='word_1_76' title='bbox 354 1170 417 1223; x_wconf 83' lang='grc' dir='ltr'>οὐ</span> <span class='ocrx_word' id='word_1_77' title='bbox 447 1169 520 1240; x_wconf 82' lang='grc' dir='ltr'>μὴ</span> <span class='ocrx_word' id='word_1_78' title='bbox 549 1168 1004 1238; x_wconf 71' lang='grc' dir='ltr'>ἐγκαταλίπητε.»</span> <span class='ocrx_word' id='word_1_79' title='bbox 1040 1168 1146 1222; x_wconf 81' lang='grc' dir='ltr'><strong>Τοῦ</strong></span> <span class='ocrx_word' id='word_1_80' title='bbox 1178 1170 1341 1240; x_wconf 86' lang='grc' dir='ltr'>νόμου</span> <span class='ocrx_word' id='word_1_81' title='bbox 1374 1169 1429 1222; x_wconf 77' lang='grc' dir='ltr'><strong>δὲ</strong></span> <span class='ocrx_word' id='word_1_82' title='bbox 1467 1169 1653 1238; x_wconf 83' lang='grc' dir='ltr'>σαφῶς</span> <span class='ocrx_word' id='word_1_83' title='bbox 1686 1170 1782 1223; x_wconf 75' lang='grc' dir='ltr'><strong>καὶ</strong></span> <span class='ocrx_word' id='word_1_84' title='bbox 1812 1170 1935 1223; x_wconf 67' lang='grc' dir='ltr'>ἀναν</span> 
     </span>
    </p>
   </div>
   <div class='ocr_carea' id='block_1_14' title="bbox 358 1257 1935 1330">
    <p class='ocr_par' dir='ltr' id='par_1_14' title="bbox 358 1257 1935 1330">
     <span class='ocr_line' id='line_1_14' title="bbox 358 1257 1935 1330; baseline 0 -17"><span class='ocrx_word' id='word_1_85' title='bbox 358 1259 554 1329; x_wconf 78' lang='grc' dir='ltr'>φανδὸν</span> <span class='ocrx_word' id='word_1_86' title='bbox 590 1258 1001 1330; x_wconf 83' lang='grc' dir='ltr'>διηγορευκότος</span> <span class='ocrx_word' id='word_1_87' title='bbox 1049 1257 1246 1322; x_wconf 78' lang='grc' dir='ltr'>ἐξεῖναι</span> <span class='ocrx_word' id='word_1_88' title='bbox 1277 1261 1389 1322; x_wconf 84' lang='grc' dir='ltr'>τοῖς</span> <span class='ocrx_word' id='word_1_89' title='bbox 1431 1259 1675 1312; x_wconf 77' lang='grc' dir='ltr'>ἐθέλουσι</span> <span class='ocrx_word' id='word_1_90' title='bbox 1710 1261 1935 1330; x_wconf 82' lang='grc' dir='ltr'>προσρί-</span> 
     </span>
    </p>
   </div>
   <div class='ocr_carea' id='block_1_15' title="bbox 356 1349 1934 1421">
    <p class='ocr_par' dir='ltr' id='par_1_15' title="bbox 356 1349 1934 1421">
     <span class='ocr_line' id='line_1_15' title="bbox 356 1349 1934 1421; baseline 0 -17"><span class='ocrx_word' id='word_1_91' title='bbox 356 1367 512 1405; x_wconf 88' lang='grc' dir='ltr'>πτειν</span> <span class='ocrx_word' id='word_1_92' title='bbox 559 1352 682 1414; x_wconf 82' lang='grc' dir='ltr'>ταῖς</span> <span class='ocrx_word' id='word_1_93' title='bbox 726 1350 1202 1421; x_wconf 80' lang='grc' dir='ltr'>συνηρμοσμέναις</span> <span class='ocrx_word' id='word_1_94' title='bbox 1234 1349 1435 1419; x_wconf 76' lang='grc' dir='ltr'>βιϐλίον</span> <span class='ocrx_word' id='word_1_95' title='bbox 1467 1352 1800 1404; x_wconf 84' lang='grc' dir='ltr'>ἀποστασίου</span> <span class='ocrx_word' id='word_1_96' title='bbox 1841 1352 1934 1404; x_wconf 74' lang='grc' dir='ltr'><strong>καὶ</strong></span> 
     </span>
    </p>
   </div>
   <div class='ocr_carea' id='block_1_16' title="bbox 358 1440 1934 1513">
    <p class='ocr_par' dir='ltr' id='par_1_16' title="bbox 358 1440 1934 1513">
     <span class='ocr_line' id='line_1_16' title="bbox 358 1440 1934 1513; baseline 0 -18"><span class='ocrx_word' id='word_1_97' title='bbox 358 1441 703 1513; x_wconf 79' lang='grc' dir='ltr'><strong>ἀνεγκλήτως</strong></span> <span class='ocrx_word' id='word_1_98' title='bbox 722 1440 1155 1495; x_wconf 81' lang='grc' dir='ltr'><strong>ἀπαλλάττεσθαι</strong></span> <span class='ocrx_word' id='word_1_99' title='bbox 1180 1441 1279 1512; x_wconf 86' lang='grc' dir='ltr'><strong>τῆς</strong></span> <span class='ocrx_word' id='word_1_100' title='bbox 1305 1442 1733 1512; x_wconf 82' lang='grc' dir='ltr'>συνῳκισμὲνης,</span> <span class='ocrx_word' id='word_1_101' title='bbox 1762 1442 1934 1496; x_wconf 79' lang='grc' dir='ltr'>ἐδόκει</span> 
     </span>
    </p>
   </div>
   <div class='ocr_carea' id='block_1_17' title="bbox 358 1533 1935 1606">
    <p class='ocr_par' dir='ltr' id='par_1_17' title="bbox 358 1533 1935 1606">
     <span class='ocr_line' id='line_1_17' title="bbox 358 1533 1935 1606; baseline -0.001 -17"><span class='ocrx_word' id='word_1_102' title='bbox 358 1552 475 1598; x_wconf 87' lang='grc' dir='ltr'><strong>πως</strong></span> <span class='ocrx_word' id='word_1_103' title='bbox 508 1533 892 1606; x_wconf 76' lang='grc' dir='ltr'>ἀντιφέρεσθαι</span> <span class='ocrx_word' id='word_1_104' title='bbox 920 1537 1031 1598; x_wconf 84' lang='grc' dir='ltr'>τοῖς</span> <span class='ocrx_word' id='word_1_105' title='bbox 1060 1534 1226 1588; x_wconf 86' lang='grc' dir='ltr'>πάλαι</span> <span class='ocrx_word' id='word_1_106' title='bbox 1255 1535 1697 1605; x_wconf 86' lang='grc' dir='ltr'>τεθεσπισμένοις</span> <span class='ocrx_word' id='word_1_107' title='bbox 1720 1534 1808 1588; x_wconf 88' lang='grc' dir='ltr'><strong>διά</strong></span> <span class='ocrx_word' id='word_1_108' title='bbox 1838 1535 1935 1606; x_wconf 83' lang='grc' dir='ltr'><strong>τῆς</strong></span> 
     </span>
    </p>
   </div>
   <div class='ocr_carea' id='block_1_18' title="bbox 358 1625 1930 1697">
    <p class='ocr_par' dir='ltr' id='par_1_18' title="bbox 358 1625 1930 1697">
     <span class='ocr_line' id='line_1_18' title="bbox 358 1625 1930 1697; baseline -0.001 -16"><span class='ocrx_word' id='word_1_109' title='bbox 358 1625 451 1681; x_wconf 76' lang='grc' dir='ltr'>τοῦ</span> <span class='ocrx_word' id='word_1_110' title='bbox 503 1628 782 1697; x_wconf 78' lang='grc' dir='ltr'>προφήτου</span> <span class='ocrx_word' id='word_1_111' title='bbox 826 1627 1037 1696; x_wconf 88' lang='grc' dir='ltr'>φωνῆς,</span> <span class='ocrx_word' id='word_1_112' title='bbox 1076 1626 1299 1695; x_wconf 84' lang='grc' dir='ltr'>ἄγοντος</span> <span class='ocrx_word' id='word_1_113' title='bbox 1342 1626 1444 1679; x_wconf 77' lang='grc' dir='ltr'>ὑπὸ</span> <span class='ocrx_word' id='word_1_114' title='bbox 1488 1626 1643 1697; x_wconf 79' lang='grc' dir='ltr'>δίκην</span> <span class='ocrx_word' id='word_1_115' title='bbox 1703 1628 1796 1680; x_wconf 66' lang='grc' dir='ltr'><strong>καὶ</strong></span> <span class='ocrx_word' id='word_1_116' title='bbox 1824 1644 1930 1679; x_wconf 82' lang='grc' dir='ltr'><strong>παο</strong></span> 
     </span>
    </p>
   </div>
   <div class='ocr_carea' id='block_1_19' title="bbox 360 1716 1932 1790">
    <p class='ocr_par' dir='ltr' id='par_1_19' title="bbox 360 1716 1932 1790">
     <span class='ocr_line' id='line_1_19' title="bbox 360 1716 1932 1790; baseline 0 -19"><span class='ocrx_word' id='word_1_117' title='bbox 360 1717 623 1789; x_wconf 78' lang='grc' dir='ltr'>ρανομίας</span> <span class='ocrx_word' id='word_1_118' title='bbox 676 1716 926 1788; x_wconf 77' lang='grc' dir='ltr'>ἔγκλημα</span> <span class='ocrx_word' id='word_1_119' title='bbox 995 1718 1441 1790; x_wconf 80' lang='grc' dir='ltr'>καταγράφοντος</span> <span class='ocrx_word' id='word_1_120' title='bbox 1493 1718 1586 1771; x_wconf 81' lang='grc' dir='ltr'><strong>τοῦ</strong></span> <span class='ocrx_word' id='word_1_121' title='bbox 1627 1717 1932 1789; x_wconf 80' lang='grc' dir='ltr'>τολμῶντος</span> 
     </span>
    </p>
   </div>
   <div class='ocr_carea' id='block_1_20' title="bbox 2035 525 3602 597">
    <p class='ocr_par' dir='ltr' id='par_1_20' title="bbox 2035 525 3602 597">
     <span class='ocr_line' id='line_1_20' title="bbox 2035 525 3602 597; baseline -0.003 -14"><span class='ocrx_word' id='word_1_122' title='bbox 2035 530 2148 583; x_wconf 85' lang='lat' dir='ltr'><strong>sis:</strong></span> <span class='ocrx_word' id='word_1_123' title='bbox 2187 550 2204 581; x_wconf 78' lang='grc' dir='ltr'><strong>ι</strong></span> <span class='ocrx_word' id='word_1_124' title='bbox 2246 528 2381 596; x_wconf 83' lang='lat' dir='ltr'><strong>Quid</strong></span> <span class='ocrx_word' id='word_1_125' title='bbox 2412 544 2540 597; x_wconf 80' lang='lat' dir='ltr'><strong>ergo</strong></span> <span class='ocrx_word' id='word_1_126' title='bbox 2572 529 2846 582; x_wconf 82' lang='lat' dir='ltr'><strong>mandavit</strong></span> <span class='ocrx_word' id='word_1_127' title='bbox 2878 526 3055 581; x_wconf 81' lang='lat' dir='ltr'><strong>Moses</strong></span> <span class='ocrx_word' id='word_1_128' title='bbox 3089 528 3217 581; x_wconf 89' lang='lat' dir='ltr'><strong>dare</strong></span> <span class='ocrx_word' id='word_1_129' title='bbox 3252 525 3485 581; x_wconf 88' lang='lat' dir='ltr'><strong>libellum</strong></span> <span class='ocrx_word' id='word_1_130' title='bbox 3518 540 3602 580; x_wconf 85' lang='lat' dir='ltr'><strong>re-</strong></span> 
     </span>
    </p>
   </div>
   <div class='ocr_carea' id='block_1_21' title="bbox 2036 618 3604 691">
    <p class='ocr_par' dir='ltr' id='par_1_21' title="bbox 2036 618 3604 691">
     <span class='ocr_line' id='line_1_21' title="bbox 2036 618 3604 691; baseline -0.001 -18"><span class='ocrx_word' id='word_1_131' title='bbox 2036 622 2177 691; x_wconf 82' lang='lat' dir='ltr'><strong>pudii</strong></span> <span class='ocrx_word' id='word_1_132' title='bbox 2205 632 2253 677; x_wconf 91' lang='lat' dir='ltr'><strong>et</strong></span> <span class='ocrx_word' id='word_1_133' title='bbox 2278 623 2548 676; x_wconf 85' lang='lat' dir='ltr'><strong>dimittere</strong></span> <span class='ocrx_word' id='word_1_134' title='bbox 2566 621 2825 674; x_wconf 76' lang='lat' dir='ltr'><strong>uxorem?</strong></span> <span class='ocrx_word' id='word_1_135' title='bbox 2842 619 3117 689; x_wconf 89' lang='lat' dir='ltr'><strong>respondit</strong></span> <span class='ocrx_word' id='word_1_136' title='bbox 3137 637 3151 673; x_wconf 88' lang='lat'><strong>:</strong></span> <span class='ocrx_word' id='word_1_137' title='bbox 3172 618 3344 673; x_wconf 81' lang='lat' dir='ltr'><strong>Moses</strong></span> <span class='ocrx_word' id='word_1_138' title='bbox 3384 628 3604 688; x_wconf 84' lang='lat' dir='ltr'><strong>propter</strong></span> 
     </span>
    </p>
   </div>
   <div class='ocr_carea' id='block_1_22' title="bbox 2034 711 3603 782">
    <p class='ocr_par' dir='ltr' id='par_1_22' title="bbox 2034 711 3603 782">
     <span class='ocr_line' id='line_1_22' title="bbox 2034 711 3603 782; baseline -0.002 -14"><span class='ocrx_word' id='word_1_139' title='bbox 2034 714 2286 768; x_wconf 79' lang='lat' dir='ltr'><strong>duritiam</strong></span> <span class='ocrx_word' id='word_1_140' title='bbox 2312 715 2492 768; x_wconf 86' lang='lat' dir='ltr'><strong>cordis</strong></span> <span class='ocrx_word' id='word_1_141' title='bbox 2524 714 2684 767; x_wconf 83' lang='lat' dir='ltr'><strong>vestri</strong></span> <span class='ocrx_word' id='word_1_142' title='bbox 2714 714 2815 769; x_wconf 92' lang='lat' dir='ltr'><strong>hoc</strong></span> <span class='ocrx_word' id='word_1_143' title='bbox 2836 713 3078 782; x_wconf 87' lang='lat' dir='ltr'><strong>permisit</strong></span> <span class='ocrx_word' id='word_1_144' title='bbox 3101 713 3202 777; x_wconf 87' lang='lat' dir='ltr'><strong>;ab</strong></span> <span class='ocrx_word' id='word_1_145' title='bbox 3233 711 3390 767; x_wconf 90' lang='lat' dir='ltr'><strong>initio</strong></span> <span class='ocrx_word' id='word_1_146' title='bbox 3424 722 3603 767; x_wconf 84' lang='lat' dir='ltr'><strong>autem</strong></span> 
     </span>
    </p>
   </div>
   <div class='ocr_carea' id='block_1_23' title="bbox 2034 803 3601 870">
    <p class='ocr_par' dir='ltr' id='par_1_23' title="bbox 2034 803 3601 870">
     <span class='ocr_line' id='line_1_23' title="bbox 2034 803 3601 870; baseline -0.001 -13"><span class='ocrx_word' id='word_1_147' title='bbox 2034 803 2664 870; x_wconf 86' lang='lat' dir='ltr'><strong>noueratsic;Creator</strong></span> <span class='ocrx_word' id='word_1_148' title='bbox 2694 804 2838 859; x_wconf 86' lang='lat' dir='ltr'><strong>enim</strong></span> <span class='ocrx_word' id='word_1_149' title='bbox 2885 804 3182 858; x_wconf 80' lang='lat' dir='ltr'><strong>masculum</strong></span> <span class='ocrx_word' id='word_1_150' title='bbox 3235 815 3291 857; x_wconf 86' lang='lat' dir='ltr'><strong>et</strong></span> <span class='ocrx_word' id='word_1_151' title='bbox 3346 803 3601 858; x_wconf 79' lang='lat' dir='ltr'><strong>feminam</strong></span> 
     </span>
    </p>
   </div>
   <div class='ocr_carea' id='block_1_24' title="bbox 2036 893 3606 963">
    <p class='ocr_par' dir='ltr' id='par_1_24' title="bbox 2036 893 3606 963">
     <span class='ocr_line' id='line_1_24' title="bbox 2036 893 3606 963; baseline -0.001 -16"><span class='ocrx_word' id='word_1_152' title='bbox 2036 893 2163 948; x_wconf 85' lang='lat' dir='ltr'><strong>fecit</strong></span> <span class='ocrx_word' id='word_1_153' title='bbox 2215 910 2331 948; x_wconf 82' lang='lat' dir='ltr'><strong>eos.</strong></span> <span class='ocrx_word' id='word_1_154' title='bbox 2361 895 2511 960; x_wconf 81' lang='lat' dir='ltr'><strong>Quod</strong></span> <span class='ocrx_word' id='word_1_155' title='bbox 2571 895 2734 963; x_wconf 71' lang='lat' dir='ltr'><strong>igitur</strong></span> <span class='ocrx_word' id='word_1_156' title='bbox 2778 893 2919 947; x_wconf 85' lang='lat' dir='ltr'><strong>Deus</strong></span> <span class='ocrx_word' id='word_1_157' title='bbox 2969 893 3269 962; x_wconf 74' lang='lat' dir='ltr'><strong>conjunxit,</strong></span> <span class='ocrx_word' id='word_1_158' title='bbox 3321 893 3480 947; x_wconf 88' lang='lat' dir='ltr'><strong>homo</strong></span> <span class='ocrx_word' id='word_1_159' title='bbox 3539 908 3606 947; x_wconf 85' lang='lat' dir='ltr'><strong>ne</strong></span> 
     </span>
    </p>
   </div>
   <div class='ocr_carea' id='block_1_25' title="bbox 2034 985 3604 1054">
    <p class='ocr_par' dir='ltr' id='par_1_25' title="bbox 2034 985 3604 1054">
     <span class='ocr_line' id='line_1_25' title="bbox 2034 985 3604 1054; baseline -0.001 -13"><span class='ocrx_word' id='word_1_160' title='bbox 2034 995 2248 1054; x_wconf 85' lang='lat' dir='ltr'><strong>separet</strong></span> <span class='ocrx_word' id='word_1_161' title='bbox 2278 986 2344 1039; x_wconf 80' lang='grc'><strong>³³.</strong></span> <span class='ocrx_word' id='word_1_162' title='bbox 2396 985 2677 1040; x_wconf 86' lang='lat' dir='ltr'><strong>Custodite</strong></span> <span class='ocrx_word' id='word_1_163' title='bbox 2728 985 2844 1039; x_wconf 84' lang='lat' dir='ltr'><strong>illas</strong></span> <span class='ocrx_word' id='word_1_164' title='bbox 2873 985 2926 1039; x_wconf 90' lang='lat' dir='ltr'><strong>in</strong></span> <span class='ocrx_word' id='word_1_165' title='bbox 2966 986 3156 1054; x_wconf 82' lang='lat' dir='ltr'><strong>spiritu</strong></span> <span class='ocrx_word' id='word_1_166' title='bbox 3190 997 3386 1049; x_wconf 86' lang='lat' dir='ltr'><strong>vestro,</strong></span> <span class='ocrx_word' id='word_1_167' title='bbox 3434 996 3489 1039; x_wconf 89' lang='lat' dir='ltr'><strong>et</strong></span> <span class='ocrx_word' id='word_1_168' title='bbox 3538 1002 3604 1040; x_wconf 87' lang='lat' dir='ltr'><strong>ne</strong></span> 
     </span>
    </p>
   </div>
   <div class='ocr_carea' id='block_1_26' title="bbox 2038 1075 3607 1147">
    <p class='ocr_par' dir='ltr' id='par_1_26' title="bbox 2038 1075 3607 1147">
     <span class='ocr_line' id='line_1_26' title="bbox 2038 1075 3607 1147; baseline -0.001 -16"><span class='ocrx_word' id='word_1_169' title='bbox 2038 1078 2341 1147; x_wconf 74' lang='lat' dir='ltr'><strong>relinquite.</strong></span> <span class='ocrx_word' id='word_1_170' title='bbox 2409 1078 2699 1140; x_wconf 67' lang='lat' dir='ltr'><strong>Caeterum,</strong></span> <span class='ocrx_word' id='word_1_171' title='bbox 2724 1092 2847 1130; x_wconf 87' lang='lat' dir='ltr'><strong>cum</strong></span> <span class='ocrx_word' id='word_1_172' title='bbox 2880 1075 2962 1130; x_wconf 72' lang='lat' dir='ltr'><strong>lex</strong></span> <span class='ocrx_word' id='word_1_173' title='bbox 2989 1086 3172 1143; x_wconf 85' lang='lat' dir='ltr'><strong>aperte</strong></span> <span class='ocrx_word' id='word_1_174' title='bbox 3211 1085 3267 1131; x_wconf 89' lang='lat' dir='ltr'><strong>et</strong></span> <span class='ocrx_word' id='word_1_175' title='bbox 3325 1075 3607 1131; x_wconf 79' lang='lat' dir='ltr'><strong>manifeste</strong></span> 
     </span>
    </p>
   </div>
   <div class='ocr_carea' id='block_1_27' title="bbox 2036 1167 3607 1236">
    <p class='ocr_par' dir='ltr' id='par_1_27' title="bbox 2036 1167 3607 1236">
     <span class='ocr_line' id='line_1_27' title="bbox 2036 1167 3607 1236; baseline -0.003 -13"><span class='ocrx_word' id='word_1_176' title='bbox 2036 1174 2239 1223; x_wconf 78' lang='lat' dir='ltr'><strong>sauciat</strong></span> <span class='ocrx_word' id='word_1_177' title='bbox 2276 1169 2436 1223; x_wconf 92' lang='lat' dir='ltr'><strong>licere</strong></span> <span class='ocrx_word' id='word_1_178' title='bbox 2459 1169 2763 1223; x_wconf 88' lang='lat' dir='ltr'><strong>volentibus</strong></span> <span class='ocrx_word' id='word_1_179' title='bbox 2786 1167 3055 1236; x_wconf 71' lang='lat' dir='ltr'><strong>objectare</strong></span> <span class='ocrx_word' id='word_1_180' title='bbox 3086 1168 3320 1221; x_wconf 88' lang='lat' dir='ltr'><strong>libellum</strong></span> <span class='ocrx_word' id='word_1_181' title='bbox 3371 1169 3607 1236; x_wconf 84' lang='lat' dir='ltr'><strong>repudii,</strong></span> 
     </span>
    </p>
   </div>
   <div class='ocr_carea' id='block_1_28' title="bbox 2036 1260 3611 1330">
    <p class='ocr_par' dir='ltr' id='par_1_28' title="bbox 2036 1260 3611 1330">
     <span class='ocr_line' id='line_1_28' title="bbox 2036 1260 3611 1330; baseline -0.002 -15"><span class='ocrx_word' id='word_1_182' title='bbox 2036 1263 2275 1330; x_wconf 86' lang='lat' dir='ltr'><strong>citraque</strong></span> <span class='ocrx_word' id='word_1_183' title='bbox 2307 1260 2777 1329; x_wconf 86' lang='lat' dir='ltr'><strong>reprehensionem</strong></span> <span class='ocrx_word' id='word_1_184' title='bbox 2832 1274 3028 1314; x_wconf 81' lang='lat' dir='ltr'><strong>uxores</strong></span> <span class='ocrx_word' id='word_1_185' title='bbox 3075 1260 3366 1322; x_wconf 83' lang='lat' dir='ltr'><strong>dimittere,</strong></span> <span class='ocrx_word' id='word_1_186' title='bbox 3401 1260 3611 1313; x_wconf 84' lang='lat' dir='ltr'><strong>videtur</strong></span> 
     </span>
    </p>
   </div>
   <div class='ocr_carea' id='block_1_29' title="bbox 2036 1349 3605 1422">
    <p class='ocr_par' dir='ltr' id='par_1_29' title="bbox 2036 1349 3605 1422">
     <span class='ocr_line' id='line_1_29' title="bbox 2036 1349 3605 1422; baseline -0.003 -17"><span class='ocrx_word' id='word_1_187' title='bbox 2036 1356 2185 1421; x_wconf 87' lang='lat' dir='ltr'><strong>quasi</strong></span> <span class='ocrx_word' id='word_1_188' title='bbox 2207 1352 2658 1422; x_wconf 55' lang='lat' dir='ltr'><strong>antiqttopracuio</strong></span> <span class='ocrx_word' id='word_1_189' title='bbox 2683 1366 2977 1420; x_wconf 81' lang='lat' dir='ltr'><strong>repugnare</strong></span> <span class='ocrx_word' id='word_1_190' title='bbox 2998 1366 3096 1403; x_wconf 80' lang='lat' dir='ltr'><strong>vox</strong></span> <span class='ocrx_word' id='word_1_191' title='bbox 3116 1349 3408 1418; x_wconf 63' lang='lat' dir='ltr'><strong>protiltela‘.</strong></span> <span class='ocrx_word' id='word_1_192' title='bbox 3431 1364 3605 1418; x_wconf 62' lang='lat' dir='ltr'><strong>ptume</strong></span> 
     </span>
    </p>
   </div>
   <div class='ocr_carea' id='block_1_30' title="bbox 2038 1440 3610 1511">
    <p class='ocr_par' dir='ltr' id='par_1_30' title="bbox 2038 1440 3610 1511">
     <span class='ocr_line' id='line_1_30' title="bbox 2038 1440 3610 1511; baseline -0.003 -16"><span class='ocrx_word' id='word_1_193' title='bbox 2038 1442 2372 1510; x_wconf 85' lang='lat' dir='ltr'><strong>subjicientis</strong></span> <span class='ocrx_word' id='word_1_194' title='bbox 2404 1452 2457 1497; x_wconf 87' lang='lat' dir='ltr'><strong>et</strong></span> <span class='ocrx_word' id='word_1_195' title='bbox 2492 1442 2790 1511; x_wconf 87' lang='lat' dir='ltr'><strong>iniquitatis</strong></span> <span class='ocrx_word' id='word_1_196' title='bbox 2848 1442 3053 1495; x_wconf 88' lang='lat' dir='ltr'><strong>crimen</strong></span> <span class='ocrx_word' id='word_1_197' title='bbox 3113 1440 3460 1509; x_wconf 76' lang='lat' dir='ltr'><strong>impiugeutis</strong></span> <span class='ocrx_word' id='word_1_198' title='bbox 3510 1455 3610 1492; x_wconf 85' lang='lat' dir='ltr'><strong>au-</strong></span> 
     </span>
    </p>
   </div>
   <div class='ocr_carea' id='block_1_31' title="bbox 2037 1530 3609 1602">
    <p class='ocr_par' dir='ltr' id='par_1_31' title="bbox 2037 1530 3609 1602">
     <span class='ocr_line' id='line_1_31' title="bbox 2037 1530 3609 1602; baseline -0.004 -12"><span class='ocrx_word' id='word_1_199' title='bbox 2037 1536 2184 1590; x_wconf 87' lang='lat' dir='ltr'><strong>denti</strong></span> <span class='ocrx_word' id='word_1_200' title='bbox 2206 1536 2405 1589; x_wconf 89' lang='lat' dir='ltr'><strong>ducere</strong></span> <span class='ocrx_word' id='word_1_201' title='bbox 2427 1549 2650 1589; x_wconf 78' lang='lat' dir='ltr'><strong>uxorem</strong></span> <span class='ocrx_word' id='word_1_202' title='bbox 2669 1543 2724 1587; x_wconf 88' lang='lat' dir='ltr'><strong>et</strong></span> <span class='ocrx_word' id='word_1_203' title='bbox 2741 1534 3003 1602; x_wconf 86' lang='lat' dir='ltr'><strong>separari.</strong></span> <span class='ocrx_word' id='word_1_204' title='bbox 3018 1530 3495 1587; x_wconf 79' lang='lat' dir='ltr'><strong>Providentissime</strong></span> <span class='ocrx_word' id='word_1_205' title='bbox 3514 1531 3609 1601; x_wconf 75' lang='lat' dir='ltr'><strong>igi-</strong></span> 
     </span>
    </p>
   </div>
   <div class='ocr_carea' id='block_1_32' title="bbox 2039 1624 3606 1695">
    <p class='ocr_par' dir='ltr' id='par_1_32' title="bbox 2039 1624 3606 1695">
     <span class='ocr_line' id='line_1_32' title="bbox 2039 1624 3606 1695; baseline -0.005 -13"><span class='ocrx_word' id='word_1_206' title='bbox 2039 1638 2127 1682; x_wconf 91' lang='lat' dir='ltr'><strong>tur</strong></span> <span class='ocrx_word' id='word_1_207' title='bbox 2148 1627 2232 1683; x_wconf 90' lang='lat' dir='ltr'><strong>his</strong></span> <span class='ocrx_word' id='word_1_208' title='bbox 2255 1628 2431 1682; x_wconf 81' lang='lat' dir='ltr'><strong>verbis</strong></span> <span class='ocrx_word' id='word_1_209' title='bbox 2448 1626 2679 1682; x_wconf 87' lang='lat' dir='ltr'><strong>ostendit</strong></span> <span class='ocrx_word' id='word_1_210' title='bbox 2703 1626 2963 1695; x_wconf 86' lang='lat' dir='ltr'><strong>propheta</strong></span> <span class='ocrx_word' id='word_1_211' title='bbox 2988 1624 3295 1677; x_wconf 88' lang='lat' dir='ltr'><strong>mandatum</strong></span> <span class='ocrx_word' id='word_1_212' title='bbox 3324 1633 3477 1676; x_wconf 89' lang='lat' dir='ltr'><strong>vetus</strong></span> <span class='ocrx_word' id='word_1_213' title='bbox 3501 1638 3606 1676; x_wconf 82' lang='lat' dir='ltr'><strong>non</strong></span> 
     </span>
    </p>
   </div>
   <div class='ocr_carea' id='block_1_33' title="bbox 2040 1714 3609 1789">
    <p class='ocr_par' dir='ltr' id='par_1_33' title="bbox 2040 1714 3609 1789">
     <span class='ocr_line' id='line_1_33' title="bbox 2040 1714 3609 1789; baseline -0.006 -15"><span class='ocrx_word' id='word_1_214' title='bbox 2040 1734 2160 1774; x_wconf 87' lang='lat' dir='ltr'><strong>esse</strong></span> <span class='ocrx_word' id='word_1_215' title='bbox 2183 1719 2438 1789; x_wconf 83' lang='lat' dir='ltr'><strong>quiddam</strong></span> <span class='ocrx_word' id='word_1_216' title='bbox 2462 1718 2718 1784; x_wconf 89' lang='lat' dir='ltr'><strong>otiosum,</strong></span> <span class='ocrx_word' id='word_1_217' title='bbox 2743 1731 2844 1771; x_wconf 87' lang='lat' dir='ltr'><strong>nec</strong></span> <span class='ocrx_word' id='word_1_218' title='bbox 2870 1716 3051 1770; x_wconf 90' lang='lat' dir='ltr'><strong>sinere</strong></span> <span class='ocrx_word' id='word_1_219' title='bbox 3076 1724 3131 1769; x_wconf 91' lang='lat' dir='ltr'><strong>nt</strong></span> <span class='ocrx_word' id='word_1_220' title='bbox 3166 1716 3303 1769; x_wconf 89' lang='lat' dir='ltr'><strong>hanc</strong></span> <span class='ocrx_word' id='word_1_221' title='bbox 3326 1714 3427 1769; x_wconf 87' lang='lat' dir='ltr'><strong>sibi</strong></span> <span class='ocrx_word' id='word_1_222' title='bbox 3450 1728 3609 1768; x_wconf 85' lang='lat' dir='ltr'><strong>occa-</strong></span> 
     </span>
    </p>
   </div>
   <div class='ocr_carea' id='block_1_34' title="bbox 358 1798 1957 1883">
    <p class='ocr_par' dir='ltr' id='par_1_34' title="bbox 358 1808 1933 1883">
     <span class='ocr_line' id='line_1_34' title="bbox 358 1808 1933 1883; baseline 0 -19"><span class='ocrx_word' id='word_1_223' title='bbox 358 1810 653 1879; x_wconf 83' lang='grc' dir='ltr'>προσάγειν</span> <span class='ocrx_word' id='word_1_224' title='bbox 701 1809 795 1862; x_wconf 80' lang='grc' dir='ltr'>καὶ</span> <span class='ocrx_word' id='word_1_225' title='bbox 841 1808 1299 1876; x_wconf 78' lang='grc' dir='ltr'>ἀπονοσφίζεσθαι</span> <span class='ocrx_word' id='word_1_226' title='bbox 1337 1812 1614 1878; x_wconf 83' lang='grc' dir='ltr'>γυναικός.</span> <span class='ocrx_word' id='word_1_227' title='bbox 1650 1812 1933 1883; x_wconf 82' lang='grc' dir='ltr'>Οἰκονομι-</span> 
     </span>
    </p>
   </div>
   <div class='ocr_carea' id='block_1_35' title="bbox 2039 1798 3608 1883">
    <p class='ocr_par' dir='ltr' id='par_1_35' title="bbox 2042 1804 3608 1877">
     <span class='ocr_line' id='line_1_35' title="bbox 2042 1804 3608 1877; baseline -0.006 -11"><span class='ocrx_word' id='word_1_228' title='bbox 2042 1813 2248 1866; x_wconf 89' lang='lat' dir='ltr'><strong>sionem</strong></span> <span class='ocrx_word' id='word_1_229' title='bbox 2285 1812 2545 1865; x_wconf 89' lang='lat' dir='ltr'><strong>scelerate</strong></span> <span class='ocrx_word' id='word_1_230' title='bbox 2583 1809 2813 1864; x_wconf 84' lang='lat' dir='ltr'><strong>faciendi</strong></span> <span class='ocrx_word' id='word_1_231' title='bbox 2868 1807 3086 1877; x_wconf 82' lang='lat' dir='ltr'><strong>quidam</strong></span> <span class='ocrx_word' id='word_1_232' title='bbox 3150 1808 3439 1876; x_wconf 85' lang='lat' dir='ltr'><strong>accipiant.</strong></span> <span class='ocrx_word' id='word_1_233' title='bbox 3492 1804 3608 1858; x_wconf 84' lang='lat' dir='ltr'><strong>Non</strong></span> 
     </span>
    </p>
   </div>
   <div class='ocr_carea' id='block_1_36' title="bbox 358 1895 1937 1971">
    <p class='ocr_par' dir='ltr' id='par_1_36' title="bbox 358 1895 1937 1971">
     <span class='ocr_line' id='line_1_36' title="bbox 358 1895 1937 1971; baseline -0.001 -16"><span class='ocrx_word' id='word_1_234' title='bbox 358 1900 577 1955; x_wconf 83' lang='grc' dir='ltr'>κὼτατα</span> <span class='ocrx_word' id='word_1_235' title='bbox 601 1897 780 1952; x_wconf 88' lang='grc' dir='ltr'>τοίνυν</span> <span class='ocrx_word' id='word_1_236' title='bbox 805 1898 893 1952; x_wconf 82' lang='grc' dir='ltr'><strong>διὰ</strong></span> <span class='ocrx_word' id='word_1_237' title='bbox 923 1895 1031 1950; x_wconf 89' lang='grc' dir='ltr'><strong>τῶν</strong></span> <span class='ocrx_word' id='word_1_238' title='bbox 1067 1899 1479 1970; x_wconf 78' lang='grc' dir='ltr'><strong>προσκειμένων</strong></span> <span class='ocrx_word' id='word_1_239' title='bbox 1507 1898 1629 1952; x_wconf 66' lang='grc' dir='ltr'>οὔτε</span> <span class='ocrx_word' id='word_1_240' title='bbox 1657 1900 1937 1971; x_wconf 82' lang='grc' dir='ltr'>ἄπρακτον</span> 
     </span>
    </p>
   </div>
   <div class='ocr_carea' id='block_1_37' title="bbox 358 1987 1937 2063">
    <p class='ocr_par' dir='ltr' id='par_1_37' title="bbox 358 1987 1937 2063">
     <span class='ocr_line' id='line_1_37' title="bbox 358 1987 1937 2063; baseline -0.001 -17"><span class='ocrx_word' id='word_1_241' title='bbox 358 1991 647 2063; x_wconf 81' lang='grc' dir='ltr'>ἀποφαίνει</span> <span class='ocrx_word' id='word_1_242' title='bbox 695 1988 793 2061; x_wconf 79' lang='grc' dir='ltr'>τὴν</span> <span class='ocrx_word' id='word_1_243' title='bbox 823 1987 1054 2061; x_wconf 82' lang='grc' dir='ltr'>ἀρχαίαν</span> <span class='ocrx_word' id='word_1_244' title='bbox 1099 1989 1339 2059; x_wconf 73' lang='grc' dir='ltr'>ἐντολὴν,</span> <span class='ocrx_word' id='word_1_245' title='bbox 1383 1989 1509 2043; x_wconf 73' lang='grc' dir='ltr'>οὔτε</span> <span class='ocrx_word' id='word_1_246' title='bbox 1557 1990 1662 2061; x_wconf 82' lang='grc' dir='ltr'>μὴν</span> <span class='ocrx_word' id='word_1_247' title='bbox 1709 1992 1937 2045; x_wconf 88' lang='grc' dir='ltr'>ἀνοσίων</span> 
     </span>
    </p>
   </div>
   <div class='ocr_carea' id='block_1_38' title="bbox 358 2078 1943 2156">
    <p class='ocr_par' dir='ltr' id='par_1_38' title="bbox 358 2078 1943 2156">
     <span class='ocr_line' id='line_1_38' title="bbox 358 2078 1943 2156; baseline -0.001 -17"><span class='ocrx_word' id='word_1_248' title='bbox 358 2082 772 2156; x_wconf 70' lang='grc' dir='ltr'><strong>ἐγχειρημάτων</strong></span> <span class='ocrx_word' id='word_1_249' title='bbox 814 2078 982 2152; x_wconf 74' lang='grc' dir='ltr'>αὐτὴν</span> <span class='ocrx_word' id='word_1_250' title='bbox 1022 2081 1293 2135; x_wconf 85' lang='grc' dir='ltr'>ποιεῖσθαι</span> <span class='ocrx_word' id='word_1_251' title='bbox 1339 2083 1614 2152; x_wconf 79' lang='grc' dir='ltr'>πρόφασιν</span> <span class='ocrx_word' id='word_1_252' title='bbox 1657 2083 1943 2156; x_wconf 74' lang='grc' dir='ltr'>ἐπιτρέπει</span> 
     </span>
    </p>
   </div>
   <div class='ocr_carea' id='block_1_39' title="bbox 358 2174 1943 2246">
    <p class='ocr_par' dir='ltr' id='par_1_39' title="bbox 358 2174 1943 2246">
     <span class='ocr_line' id='line_1_39' title="bbox 358 2174 1943 2246; baseline -0.002 -16"><span class='ocrx_word' id='word_1_253' title='bbox 358 2177 518 2231; x_wconf 83' lang='grc' dir='ltr'>τισίν.</span> <span class='ocrx_word' id='word_1_254' title='bbox 544 2176 619 2230; x_wconf 81' lang='grc' dir='ltr'><strong>Οὐ</strong></span> <span class='ocrx_word' id='word_1_255' title='bbox 651 2174 759 2246; x_wconf 79' lang='grc' dir='ltr'><strong>γὰρ</strong></span> <span class='ocrx_word' id='word_1_256' title='bbox 790 2174 1106 2246; x_wconf 82' lang='grc' dir='ltr'>ὲπειδῆπερ,</span> <span class='ocrx_word' id='word_1_257' title='bbox 1151 2176 1334 2245; x_wconf 77' lang='grc' dir='ltr'>φησὶν,</span> <span class='ocrx_word' id='word_1_258' title='bbox 1376 2175 1580 2245; x_wconf 74' lang='grc' dir='ltr'>ἐφῆκεν</span> <span class='ocrx_word' id='word_1_259' title='bbox 1606 2176 1634 2228; x_wconf 84' lang='grc' dir='ltr'>ὁ</span> <span class='ocrx_word' id='word_1_260' title='bbox 1676 2175 1838 2245; x_wconf 83' lang='grc' dir='ltr'>νόμος</span> <span class='ocrx_word' id='word_1_261' title='bbox 1865 2175 1943 2227; x_wconf 78' lang='grc' dir='ltr'>δίο</span> 
     </span>
    </p>
   </div>
   <div class='ocr_carea' id='block_1_40' title="bbox 359 2264 1941 2337">
    <p class='ocr_par' dir='ltr' id='par_1_40' title="bbox 359 2264 1941 2337">
     <span class='ocr_line' id='line_1_40' title="bbox 359 2264 1941 2337; baseline -0.003 -15"><span class='ocrx_word' id='word_1_262' title='bbox 359 2269 546 2322; x_wconf 79' lang='grc' dir='ltr'>δοσθαι</span> <span class='ocrx_word' id='word_1_263' title='bbox 582 2268 644 2320; x_wconf 80' lang='grc' dir='ltr'>τὸ</span> <span class='ocrx_word' id='word_1_264' title='bbox 680 2266 903 2337; x_wconf 79' lang='grc' dir='ltr'>βιϐλίον,</span> <span class='ocrx_word' id='word_1_265' title='bbox 930 2266 1021 2319; x_wconf 83' lang='grc' dir='ltr'>6ιά</span> <span class='ocrx_word' id='word_1_266' title='bbox 1059 2265 1217 2319; x_wconf 80' lang='grc' dir='ltr'>τοῦτο</span> <span class='ocrx_word' id='word_1_267' title='bbox 1258 2266 1352 2318; x_wconf 75' lang='grc' dir='ltr'>καὶ</span> <span class='ocrx_word' id='word_1_268' title='bbox 1385 2264 1668 2320; x_wconf 80' lang='grc' dir='ltr'>ἀνεύθυνοι</span> <span class='ocrx_word' id='word_1_269' title='bbox 1710 2266 1941 2329; x_wconf 80' lang='grc' dir='ltr'>διδόντες</span> 
     </span>
    </p>
   </div>
   <div class='ocr_carea' id='block_1_41' title="bbox 360 2356 1941 2431">
    <p class='ocr_par' dir='ltr' id='par_1_41' title="bbox 360 2356 1941 2431">
     <span class='ocr_line' id='line_1_41' title="bbox 360 2356 1941 2431; baseline -0.002 -18"><span class='ocrx_word' id='word_1_270' title='bbox 360 2362 547 2431; x_wconf 84' lang='grc' dir='ltr'>ὑμεῖς,</span> <span class='ocrx_word' id='word_1_271' title='bbox 590 2361 680 2413; x_wconf 86' lang='grc' dir='ltr'>ἰνα</span> <span class='ocrx_word' id='word_1_272' title='bbox 721 2360 841 2422; x_wconf 83' lang='grc' dir='ltr'>ταῖς</span> <span class='ocrx_word' id='word_1_273' title='bbox 886 2356 1204 2427; x_wconf 81' lang='grc' dir='ltr'>ἀλλοφύλοις</span> <span class='ocrx_word' id='word_1_274' title='bbox 1254 2358 1613 2429; x_wconf 82' lang='grc' dir='ltr'>προσκέοισθε</span> <span class='ocrx_word' id='word_1_275' title='bbox 1673 2357 1941 2426; x_wconf 70' lang='grc' dir='ltr'>γυναιξὶν,</span> 
     </span>
    </p>
   </div>
   <div class='ocr_carea' id='block_1_42' title="bbox 359 2447 1945 2519">
    <p class='ocr_par' dir='ltr' id='par_1_42' title="bbox 359 2447 1945 2519">
     <span class='ocr_line' id='line_1_42' title="bbox 359 2447 1945 2519; baseline 0.001 -17"><span class='ocrx_word' id='word_1_276' title='bbox 359 2450 475 2503; x_wconf 82' lang='grc' dir='ltr'>ἀλλ’</span> <span class='ocrx_word' id='word_1_277' title='bbox 500 2451 548 2503; x_wconf 87' lang='grc' dir='ltr'><strong>εί</strong></span> <span class='ocrx_word' id='word_1_278' title='bbox 577 2450 668 2503; x_wconf 77' lang='grc' dir='ltr'><strong>καὶ</strong></span> <span class='ocrx_word' id='word_1_279' title='bbox 702 2449 912 2515; x_wconf 78' lang='grc' dir='ltr'>ἔξεστιν</span> <span class='ocrx_word' id='word_1_280' title='bbox 945 2447 1246 2518; x_wconf 81' lang='grc' dir='ltr'>ἀποστῆναι</span> <span class='ocrx_word' id='word_1_281' title='bbox 1297 2450 1538 2516; x_wconf 80' lang='grc' dir='ltr'>γυναίου,</span> <span class='ocrx_word' id='word_1_282' title='bbox 1570 2449 1664 2504; x_wconf 72' lang='grc' dir='ltr'>καὶ</span> <span class='ocrx_word' id='word_1_283' title='bbox 1692 2451 1945 2519; x_wconf 82' lang='grc' dir='ltr'>νομικαῖς</span> 
     </span>
    </p>
   </div>
   <div class='ocr_carea' id='block_1_43' title="bbox 2043 1895 3611 1971">
    <p class='ocr_par' dir='ltr' id='par_1_43' title="bbox 2043 1895 3611 1971">
     <span class='ocr_line' id='line_1_43' title="bbox 2043 1895 3611 1971; baseline -0.003 -18"><span class='ocrx_word' id='word_1_284' title='bbox 2043 1901 2207 1964; x_wconf 89' lang='lat' dir='ltr'><strong>enim,</strong></span> <span class='ocrx_word' id='word_1_285' title='bbox 2244 1900 2441 1971; x_wconf 86' lang='lat' dir='ltr'><strong>inquit,</strong></span> <span class='ocrx_word' id='word_1_286' title='bbox 2462 1900 2718 1969; x_wconf 88' lang='lat' dir='ltr'><strong>quoniam</strong></span> <span class='ocrx_word' id='word_1_287' title='bbox 2744 1900 2988 1969; x_wconf 88' lang='lat' dir='ltr'><strong>permisit</strong></span> <span class='ocrx_word' id='word_1_288' title='bbox 3008 1898 3159 1953; x_wconf 80' lang='lat' dir='ltr'><strong>vobis</strong></span> <span class='ocrx_word' id='word_1_289' title='bbox 3190 1897 3272 1952; x_wconf 77' lang='lat' dir='ltr'><strong>lex</strong></span> <span class='ocrx_word' id='word_1_290' title='bbox 3296 1898 3425 1952; x_wconf 86' lang='lat' dir='ltr'><strong>dare</strong></span> <span class='ocrx_word' id='word_1_291' title='bbox 3459 1895 3611 1951; x_wconf 86' lang='lat' dir='ltr'><strong>libel-</strong></span> 
     </span>
    </p>
   </div>
   <div class='ocr_carea' id='block_1_44' title="bbox 2042 1988 3615 2062">
    <p class='ocr_par' dir='ltr' id='par_1_44' title="bbox 2042 1988 3615 2062">
     <span class='ocr_line' id='line_1_44' title="bbox 2042 1988 3615 2062; baseline -0.003 -17"><span class='ocrx_word' id='word_1_292' title='bbox 2042 1990 2153 2046; x_wconf 88' lang='lat' dir='ltr'><strong>lum</strong></span> <span class='ocrx_word' id='word_1_293' title='bbox 2177 1993 2407 2062; x_wconf 86' lang='lat' dir='ltr'><strong>repudii,</strong></span> <span class='ocrx_word' id='word_1_294' title='bbox 2438 1992 2558 2047; x_wconf 87' lang='lat' dir='ltr'><strong>ideo</strong></span> <span class='ocrx_word' id='word_1_295' title='bbox 2575 2001 2727 2046; x_wconf 78' lang='lat' dir='ltr'><strong>extra</strong></span> <span class='ocrx_word' id='word_1_296' title='bbox 2755 1989 2965 2060; x_wconf 89' lang='lat' dir='ltr'><strong>culpam</strong></span> <span class='ocrx_word' id='word_1_297' title='bbox 2991 1990 3149 2054; x_wconf 86' lang='lat' dir='ltr'><strong>estis,</strong></span> <span class='ocrx_word' id='word_1_298' title='bbox 3180 1990 3268 2058; x_wconf 89' lang='lat' dir='ltr'><strong>qui</strong></span> <span class='ocrx_word' id='word_1_299' title='bbox 3296 1989 3496 2044; x_wconf 89' lang='lat' dir='ltr'><strong>ideirco</strong></span> <span class='ocrx_word' id='word_1_300' title='bbox 3522 1988 3615 2041; x_wconf 89' lang='lat' dir='ltr'><strong>da-</strong></span> 
     </span>
    </p>
   </div>
   <div class='ocr_carea' id='block_1_45' title="bbox 2040 2079 3616 2154">
    <p class='ocr_par' dir='ltr' id='par_1_45' title="bbox 2040 2079 3616 2154">
     <span class='ocr_line' id='line_1_45' title="bbox 2040 2079 3616 2154; baseline -0.003 -17"><span class='ocrx_word' id='word_1_301' title='bbox 2040 2086 2109 2139; x_wconf 90' lang='lat' dir='ltr'><strong>tis</strong></span> <span class='ocrx_word' id='word_1_302' title='bbox 2169 2094 2229 2140; x_wconf 90' lang='lat' dir='ltr'><strong>ut</strong></span> <span class='ocrx_word' id='word_1_303' title='bbox 2260 2100 2381 2139; x_wconf 90' lang='lat' dir='ltr'><strong>cum</strong></span> <span class='ocrx_word' id='word_1_304' title='bbox 2408 2084 2599 2139; x_wconf 88' lang='lat' dir='ltr'><strong>alienis</strong></span> <span class='ocrx_word' id='word_1_305' title='bbox 2648 2084 2994 2154; x_wconf 83' lang='lat' dir='ltr'><strong>copulemini.</strong></span> <span class='ocrx_word' id='word_1_306' title='bbox 3076 2083 3182 2137; x_wconf 83' lang='lat' dir='ltr'><strong>Sed</strong></span> <span class='ocrx_word' id='word_1_307' title='bbox 3233 2080 3481 2152; x_wconf 84' lang='lat' dir='ltr'><strong>quamvis</strong></span> <span class='ocrx_word' id='word_1_308' title='bbox 3545 2079 3616 2133; x_wconf 83' lang='lat' dir='ltr'><strong>ab</strong></span> 
     </span>
    </p>
   </div>
   <div class='ocr_carea' id='block_1_46' title="bbox 2039 2176 3616 2247">
    <p class='ocr_par' dir='ltr' id='par_1_46' title="bbox 2039 2176 3616 2247">
     <span class='ocr_line' id='line_1_46' title="bbox 2039 2176 3616 2247; baseline -0.003 -15"><span class='ocrx_word' id='word_1_309' title='bbox 2039 2178 2499 2233; x_wconf 83' lang='lat' dir='ltr'><strong>uxorediscedere</strong></span> <span class='ocrx_word' id='word_1_310' title='bbox 2523 2176 2702 2242; x_wconf 88' lang='lat' dir='ltr'><strong>liceat,</strong></span> <span class='ocrx_word' id='word_1_311' title='bbox 2737 2178 2898 2247; x_wconf 83' lang='lat' dir='ltr'><strong>ithne</strong></span> <span class='ocrx_word' id='word_1_312' title='bbox 2951 2176 3067 2246; x_wconf 73' lang='lat' dir='ltr'><strong>lege</strong></span> <span class='ocrx_word' id='word_1_313' title='bbox 3115 2177 3468 2245; x_wconf 84' lang='lat' dir='ltr'><strong>approbante.</strong></span> <span class='ocrx_word' id='word_1_314' title='bbox 3518 2187 3616 2228; x_wconf 76' lang='lat' dir='ltr'><strong>ca-</strong></span> 
     </span>
    </p>
   </div>
   <div class='ocr_carea' id='block_1_47' title="bbox 2040 2267 3609 2339">
    <p class='ocr_par' dir='ltr' id='par_1_47' title="bbox 2040 2267 3609 2339">
     <span class='ocr_line' id='line_1_47' title="bbox 2040 2267 3609 2339; baseline -0.003 -15"><span class='ocrx_word' id='word_1_315' title='bbox 2040 2279 2366 2324; x_wconf 76' lang='lat' dir='ltr'><strong>vetetamen</strong></span> <span class='ocrx_word' id='word_1_316' title='bbox 2404 2289 2423 2321; x_wconf 85' lang='grc'><em>‹</em></span> <span class='ocrx_word' id='word_1_317' title='bbox 2458 2269 2511 2323; x_wconf 92' lang='lat' dir='ltr'><strong>in</strong></span> <span class='ocrx_word' id='word_1_318' title='bbox 2539 2270 2732 2339; x_wconf 87' lang='lat' dir='ltr'><strong>spiritu</strong></span> <span class='ocrx_word' id='word_1_319' title='bbox 2790 2279 2971 2323; x_wconf 87' lang='lat' dir='ltr'><strong>vestro</strong></span> <span class='ocrx_word' id='word_1_320' title='bbox 3021 2267 3327 2335; x_wconf 85' lang='lat' dir='ltr'><strong>relinquere</strong></span> <span class='ocrx_word' id='word_1_321' title='bbox 3383 2280 3609 2321; x_wconf 77' lang='lat' dir='ltr'><strong>uxorem</strong></span> 
     </span>
    </p>
   </div>
   <div class='ocr_carea' id='block_1_48' title="bbox 2044 2358 3616 2428">
    <p class='ocr_par' dir='ltr' id='par_1_48' title="bbox 2044 2358 3616 2428">
     <span class='ocr_line' id='line_1_48' title="bbox 2044 2358 3616 2428; baseline -0.002 -14"><span class='ocrx_word' id='word_1_322' title='bbox 2044 2360 2421 2417; x_wconf 68' lang='lat' dir='ltr'><strong>adolescentiae</strong></span> <span class='ocrx_word' id='word_1_323' title='bbox 2439 2371 2657 2416; x_wconf 64' lang='lat' dir='ltr'><strong>vestrae.</strong></span> <span class='ocrx_word' id='word_1_324' title='bbox 2698 2379 2717 2413; x_wconf 74' lang='grc' dir='ltr'><strong>ι</strong></span> <span class='ocrx_word' id='word_1_325' title='bbox 2758 2360 2872 2415; x_wconf 86' lang='lat' dir='ltr'><strong>Hoc</strong></span> <span class='ocrx_word' id='word_1_326' title='bbox 2903 2360 3045 2414; x_wconf 90' lang='lat' dir='ltr'><strong>enim</strong></span> <span class='ocrx_word' id='word_1_327' title='bbox 3102 2368 3342 2428; x_wconf 72' lang='lat' dir='ltr'><strong>prtesutt,</strong></span> <span class='ocrx_word' id='word_1_328' title='bbox 3402 2358 3616 2412; x_wconf 82' lang='lat' dir='ltr'><strong>etiamsi</strong></span> 
     </span>
    </p>
   </div>
   <div class='ocr_carea' id='block_1_49' title="bbox 2041 2450 3139 2507">
    <p class='ocr_par' dir='ltr' id='par_1_49' title="bbox 2041 2450 3139 2507">
     <span class='ocr_line' id='line_1_49' title="bbox 2041 2450 3139 2507; baseline -0.003 -3"><span class='ocrx_word' id='word_1_329' title='bbox 2041 2450 2128 2506; x_wconf 80' lang='lat' dir='ltr'><strong>lex</strong></span> <span class='ocrx_word' id='word_1_330' title='bbox 2158 2451 2449 2506; x_wconf 80' lang='lat' dir='ltr'><strong>divortium</strong></span> <span class='ocrx_word' id='word_1_331' title='bbox 2508 2452 2813 2507; x_wconf 83' lang='lat' dir='ltr'><strong>volentibus</strong></span> <span class='ocrx_word' id='word_1_332' title='bbox 2838 2450 3139 2505; x_wconf 73' lang='lat' dir='ltr'><strong>indulserit.</strong></span> 
     </span>
    </p>
   </div>
   <div class='ocr_carea' id='block_1_50' title="bbox 359 2536 3618 2612">
    <p class='ocr_par' dir='ltr' id='par_1_50' title="bbox 359 2536 3618 2612">
     <span class='ocr_line' id='line_1_50' title="bbox 359 2536 3618 2612; baseline -0.001 -21"><span class='ocrx_word' id='word_1_333' title='bbox 359 2538 515 2593; x_wconf 76' lang='grc' dir='ltr'>τοῦτο</span> <span class='ocrx_word' id='word_1_334' title='bbox 556 2537 885 2612; x_wconf 85' lang='grc' dir='ltr'>πράττεσθαι</span> <span class='ocrx_word' id='word_1_335' title='bbox 915 2536 1135 2611; x_wconf 69' lang='grc' dir='ltr'>ψήφοις,</span> <span class='ocrx_word' id='word_1_336' title='bbox 1169 2537 1472 2609; x_wconf 79' lang='grc' dir='ltr'>φυλάξασθε</span> <span class='ocrx_word' id='word_1_337' title='bbox 1524 2560 1541 2591; x_wconf 78' lang='grc' dir='ltr'><strong>ι</strong></span> <span class='ocrx_word' id='word_1_338' title='bbox 1574 2541 1632 2593; x_wconf 87' lang='grc' dir='ltr'>ὲν</span> <span class='ocrx_word' id='word_1_339' title='bbox 1699 2556 1969 2611; x_wconf 84' lang='grc' dir='ltr'>πνευματι</span> <span class='ocrx_word' id='word_1_340' title='bbox 2009 2540 2163 2612; x_wconf 81' lang='grc' dir='ltr'>ὑμῶν</span> <span class='ocrx_word' id='word_1_341' title='bbox 2188 2541 2248 2595; x_wconf 85' lang='grc' dir='ltr'>τὸ</span> <span class='ocrx_word' id='word_1_342' title='bbox 2272 2541 2595 2611; x_wconf 71' lang='grc' dir='ltr'>καταλεῖψαι</span> <span class='ocrx_word' id='word_1_343' title='bbox 2654 2545 2886 2611; x_wconf 87' lang='grc' dir='ltr'>γυναῖκα</span> <span class='ocrx_word' id='word_1_344' title='bbox 2912 2541 3007 2610; x_wconf 82' lang='grc' dir='ltr'>τὴν</span> <span class='ocrx_word' id='word_1_345' title='bbox 3030 2542 3095 2592; x_wconf 81' lang='grc' dir='ltr'>ἐκ</span> <span class='ocrx_word' id='word_1_346' title='bbox 3120 2538 3421 2609; x_wconf 60' lang='grc' dir='ltr'>νεότητος..</span> <span class='ocrx_word' id='word_1_347' title='bbox 3448 2537 3618 2591; x_wconf 80' lang='grc' dir='ltr'>Τοῦτο</span> 
     </span>
    </p>
   </div>
   <div class='ocr_carea' id='block_1_51' title="bbox 358 2629 2290 2704">
    <p class='ocr_par' dir='ltr' id='par_1_51' title="bbox 358 2629 2290 2704">
     <span class='ocr_line' id='line_1_51' title="bbox 358 2629 2290 2704; baseline 0.001 -19"><span class='ocrx_word' id='word_1_348' title='bbox 358 2631 470 2704; x_wconf 73' lang='grc' dir='ltr'>γὰρ</span> <span class='ocrx_word' id='word_1_349' title='bbox 506 2630 744 2702; x_wconf 75' lang='grc' dir='ltr'>ἄμεινον,</span> <span class='ocrx_word' id='word_1_350' title='bbox 789 2629 882 2683; x_wconf 72' lang='grc' dir='ltr'><strong>καὶ</strong></span> <span class='ocrx_word' id='word_1_351' title='bbox 924 2632 1124 2700; x_wconf 77' lang='grc' dir='ltr'>ἐφῆκεν</span> <span class='ocrx_word' id='word_1_352' title='bbox 1152 2633 1179 2684; x_wconf 88' lang='grc' dir='ltr'>ὁ</span> <span class='ocrx_word' id='word_1_353' title='bbox 1207 2632 1367 2701; x_wconf 87' lang='grc' dir='ltr'>νόμος</span> <span class='ocrx_word' id='word_1_354' title='bbox 1404 2633 1516 2693; x_wconf 81' lang='grc' dir='ltr'>τοῖς</span> <span class='ocrx_word' id='word_1_355' title='bbox 1549 2630 1790 2683; x_wconf 76' lang='grc' dir='ltr'>ἐθέλουσι</span> <span class='ocrx_word' id='word_1_356' title='bbox 1834 2630 1931 2702; x_wconf 82' lang='grc' dir='ltr'>τὴν</span> <span class='ocrx_word' id='word_1_357' title='bbox 1970 2634 2290 2687; x_wconf 77' lang='grc' dir='ltr'>ἀπόστασιν.</span> 
     </span>
    </p>
   </div>
   <div class='ocr_carea' id='block_1_52' title="bbox 445 2744 1940 2817">
    <p class='ocr_par' dir='ltr' id='par_1_52' title="bbox 445 2744 1940 2817">
     <span class='ocr_line' id='line_1_52' title="bbox 445 2744 1940 2817; baseline -0.003 -14"><span class='ocrx_word' id='word_1_358' title='bbox 445 2750 596 2803; x_wconf 74' lang='grc' dir='ltr'><strong>Ἀλλ’</strong></span> <span class='ocrx_word' id='word_1_359' title='bbox 615 2748 725 2802; x_wconf 75' lang='grc' dir='ltr'><strong>ἐὰν</strong></span> <span class='ocrx_word' id='word_1_360' title='bbox 748 2746 1022 2816; x_wconf 80' lang='grc' dir='ltr'>μισήσας</span> <span class='ocrx_word' id='word_1_361' title='bbox 1050 2746 1507 2813; x_wconf 76' lang='grc' dir='ltr'>ἐξαποστείλῃς,</span> <span class='ocrx_word' id='word_1_362' title='bbox 1537 2744 1695 2817; x_wconf 70' lang='grc' dir='ltr'>λέγει</span> <span class='ocrx_word' id='word_1_363' title='bbox 1723 2749 1940 2814; x_wconf 76' lang='grc' dir='ltr'>Κύριος</span> 
     </span>
    </p>
   </div>
   <div class='ocr_carea' id='block_1_53' title="bbox 361 2836 869 2906">
    <p class='ocr_par' dir='ltr' id='par_1_53' title="bbox 361 2836 869 2906">
     <span class='ocr_line' id='line_1_53' title="bbox 361 2836 869 2906; baseline 0 -13"><span class='ocrx_word' id='word_1_364' title='bbox 361 2843 396 2893; x_wconf 80' lang='grc' dir='ltr'><strong><em>ό</em></strong></span> <span class='ocrx_word' id='word_1_365' title='bbox 432 2839 573 2905; x_wconf 81' lang='grc' dir='ltr'>Θεὸς</span> <span class='ocrx_word' id='word_1_366' title='bbox 610 2836 869 2906; x_wconf 78' lang='grc' dir='ltr'>Ἰσραήλ.</span> 
     </span>
    </p>
   </div>
   <div class='ocr_carea' id='block_1_54' title="bbox 432 2948 1935 3020">
    <p class='ocr_par' dir='ltr' id='par_1_54' title="bbox 432 2948 1935 3020">
     <span class='ocr_line' id='line_1_54' title="bbox 432 2948 1935 3020; baseline -0.003 -14"><span class='ocrx_word' id='word_1_367' title='bbox 432 2951 561 3006; x_wconf 75' lang='lat' dir='ltr'><strong>KG’.</strong></span> <span class='ocrx_word' id='word_1_368' title='bbox 603 2950 910 3011; x_wconf 83' lang='grc' dir='ltr'>Τουτέστιν,</span> <span class='ocrx_word' id='word_1_369' title='bbox 936 2951 984 3005; x_wconf 85' lang='grc' dir='ltr'><strong>εί</strong></span> <span class='ocrx_word' id='word_1_370' title='bbox 1017 2949 1248 3020; x_wconf 79' lang='grc' dir='ltr'>πιθανὴν</span> <span class='ocrx_word' id='word_1_371' title='bbox 1286 2948 1380 3002; x_wconf 75' lang='grc' dir='ltr'><strong>καὶ</strong></span> <span class='ocrx_word' id='word_1_372' title='bbox 1406 2948 1716 3019; x_wconf 82' lang='grc' dir='ltr'>εὐάφορμον</span> <span class='ocrx_word' id='word_1_373' title='bbox 1754 2948 1935 3002; x_wconf 77' lang='grc' dir='ltr'>ποιού-</span> 
     </span>
    </p>
   </div>
   <div class='ocr_carea' id='block_1_55' title="bbox 364 3038 1937 3114">
    <p class='ocr_par' dir='ltr' id='par_1_55' title="bbox 364 3038 1937 3114">
     <span class='ocr_line' id='line_1_55' title="bbox 364 3038 1937 3114; baseline -0.002 -18"><span class='ocrx_word' id='word_1_374' title='bbox 364 3058 524 3114; x_wconf 88' lang='grc' dir='ltr'>μενος</span> <span class='ocrx_word' id='word_1_375' title='bbox 553 3042 649 3114; x_wconf 84' lang='grc' dir='ltr'>τὴν</span> <span class='ocrx_word' id='word_1_376' title='bbox 694 3040 1031 3111; x_wconf 76' lang='grc' dir='ltr'>ἀποπομπὴν</span> <span class='ocrx_word' id='word_1_377' title='bbox 1069 3040 1146 3111; x_wconf 84' lang='grc' dir='ltr'>τῷ</span> <span class='ocrx_word' id='word_1_378' title='bbox 1180 3039 1368 3110; x_wconf 87' lang='grc' dir='ltr'>βιϐλίῳ</span> <span class='ocrx_word' id='word_1_379' title='bbox 1416 3038 1808 3111; x_wconf 70' lang='grc' dir='ltr'>προσγράψας,</span> <span class='ocrx_word' id='word_1_380' title='bbox 1854 3041 1937 3094; x_wconf 77' lang='grc' dir='ltr'>ὅτι</span> 
     </span>
    </p>
   </div>
   <div class='ocr_carea' id='block_1_56' title="bbox 364 3130 1271 3205">
    <p class='ocr_par' dir='ltr' id='par_1_56' title="bbox 364 3130 1271 3205">
     <span class='ocr_line' id='line_1_56' title="bbox 364 3130 1271 3205; baseline -0.001 -19"><span class='ocrx_word' id='word_1_381' title='bbox 364 3133 683 3205; x_wconf 85' lang='grc' dir='ltr'>μεμίσηκάς</span> <span class='ocrx_word' id='word_1_382' title='bbox 716 3148 774 3184; x_wconf 87' lang='grc' dir='ltr'><strong>τε</strong></span> <span class='ocrx_word' id='word_1_383' title='bbox 806 3132 900 3184; x_wconf 78' lang='grc' dir='ltr'><strong>καὶ</strong></span> <span class='ocrx_word' id='word_1_384' title='bbox 942 3130 1271 3185; x_wconf 84' lang='grc' dir='ltr'>ἀπεστείλω.</span> 
     </span>
    </p>
   </div>
   <div class='ocr_carea' id='block_1_57' title="bbox 433 3237 1937 3310">
    <p class='ocr_par' dir='ltr' id='par_1_57' title="bbox 433 3237 1937 3310">
     <span class='ocr_line' id='line_1_57' title="bbox 433 3237 1937 3310; baseline -0.005 -12"><span class='ocrx_word' id='word_1_385' title='bbox 433 3243 540 3298; x_wconf 80' lang='grc' dir='ltr'><strong>Καὶ</strong></span> <span class='ocrx_word' id='word_1_386' title='bbox 566 3243 824 3310; x_wconf 74' lang='grc' dir='ltr'>καλύψει</span> <span class='ocrx_word' id='word_1_387' title='bbox 862 3240 1106 3295; x_wconf 80' lang='grc' dir='ltr'>ἀσέϐεια</span> <span class='ocrx_word' id='word_1_388' title='bbox 1138 3238 1237 3295; x_wconf 77' lang='grc' dir='ltr'><strong>ἐπὶ</strong></span> <span class='ocrx_word' id='word_1_389' title='bbox 1263 3238 1334 3292; x_wconf 85' lang='grc' dir='ltr'>τὰ</span> <span class='ocrx_word' id='word_1_390' title='bbox 1375 3237 1760 3309; x_wconf 82' lang='grc' dir='ltr'>ἐνθυμήματά</span> <span class='ocrx_word' id='word_1_391' title='bbox 1798 3253 1937 3303; x_wconf 89' lang='grc' dir='ltr'>σου,</span> 
     </span>
    </p>
   </div>
   <div class='ocr_carea' id='block_1_58' title="bbox 359 3328 1941 3405">
    <p class='ocr_par' dir='ltr' id='par_1_58' title="bbox 359 3328 1941 3405">
     <span class='ocr_line' id='line_1_58' title="bbox 359 3328 1941 3405; baseline -0.003 -17"><span class='ocrx_word' id='word_1_392' title='bbox 359 3334 519 3405; x_wconf 71' lang='grc' dir='ltr'>λέγει</span> <span class='ocrx_word' id='word_1_393' title='bbox 573 3335 786 3402; x_wconf 82' lang='grc' dir='ltr'>Κύριος</span> <span class='ocrx_word' id='word_1_394' title='bbox 837 3329 1279 3400; x_wconf 69' lang='grc' dir='ltr'>παντοκράτωρ,</span> <span class='ocrx_word' id='word_1_395' title='bbox 1333 3328 1431 3383; x_wconf 79' lang='grc' dir='ltr'><strong>καί</strong></span> <span class='ocrx_word' id='word_1_396' title='bbox 1468 3328 1814 3399; x_wconf 72' lang='grc' dir='ltr'>φυλάξεσθε</span> <span class='ocrx_word' id='word_1_397' title='bbox 1870 3329 1941 3383; x_wconf 76' lang='grc' dir='ltr'><strong>ἐν</strong></span> 
     </span>
    </p>
   </div>
   <div class='ocr_carea' id='block_1_59' title="bbox 360 3420 1795 3493">
    <p class='ocr_par' dir='ltr' id='par_1_59' title="bbox 360 3420 1795 3493">
     <span class='ocr_line' id='line_1_59' title="bbox 360 3420 1795 3493; baseline -0.002 -16"><span class='ocrx_word' id='word_1_398' title='bbox 360 3423 440 3489; x_wconf 76' lang='grc' dir='ltr'>τῷ</span> <span class='ocrx_word' id='word_1_399' title='bbox 466 3424 755 3493; x_wconf 77' lang='grc' dir='ltr'>πνεύματι</span> <span class='ocrx_word' id='word_1_400' title='bbox 786 3421 968 3491; x_wconf 73' lang='grc' dir='ltr'>ὑμῶν,</span> <span class='ocrx_word' id='word_1_401' title='bbox 996 3420 1097 3474; x_wconf 71' lang='grc' dir='ltr'><strong>καί</strong></span> <span class='ocrx_word' id='word_1_402' title='bbox 1121 3423 1192 3475; x_wconf 89' lang='grc' dir='ltr'>οὐ</span> <span class='ocrx_word' id='word_1_403' title='bbox 1225 3420 1312 3489; x_wconf 80' lang='grc' dir='ltr'>μὴ</span> <span class='ocrx_word' id='word_1_404' title='bbox 1338 3420 1795 3490; x_wconf 73' lang='grc' dir='ltr'>ἐγκαταλίπητε.</span> 
     </span>
    </p>
   </div>
   <div class='ocr_carea' id='block_1_60' title="bbox 432 3528 1942 3602">
    <p class='ocr_par' dir='ltr' id='par_1_60' title="bbox 432 3528 1942 3602">
     <span class='ocr_line' id='line_1_60' title="bbox 432 3528 1942 3602; baseline -0.006 -13"><span class='ocrx_word' id='word_1_405' title='bbox 432 3537 511 3589; x_wconf 84' lang='grc' dir='ltr'><strong>Λ’.</strong></span> <span class='ocrx_word' id='word_1_406' title='bbox 552 3532 869 3596; x_wconf 85' lang='grc' dir='ltr'>Τουτέστιν,</span> <span class='ocrx_word' id='word_1_407' title='bbox 913 3532 963 3583; x_wconf 88' lang='grc' dir='ltr'><strong>εί</strong></span> <span class='ocrx_word' id='word_1_408' title='bbox 1008 3531 1347 3602; x_wconf 80' lang='grc' dir='ltr'>περιγένοιτο</span> <span class='ocrx_word' id='word_1_409' title='bbox 1392 3528 1503 3582; x_wconf 90' lang='grc' dir='ltr'><strong>τῶν</strong></span> <span class='ocrx_word' id='word_1_410' title='bbox 1545 3528 1656 3583; x_wconf 85' lang='grc' dir='ltr'><strong>σῶν</strong></span> <span class='ocrx_word' id='word_1_411' title='bbox 1686 3528 1942 3600; x_wconf 63' lang='grc' dir='ltr'>ἐνθυμη-</span> 
     </span>
    </p>
   </div>
   <div class='ocr_carea' id='block_1_61' title="bbox 364 3622 1939 3695">
    <p class='ocr_par' dir='ltr' id='par_1_61' title="bbox 364 3622 1939 3695">
     <span class='ocr_line' id='line_1_61' title="bbox 364 3622 1939 3695; baseline -0.001 -18"><span class='ocrx_word' id='word_1_412' title='bbox 364 3625 546 3695; x_wconf 82' lang='grc' dir='ltr'>μάτων</span> <span class='ocrx_word' id='word_1_413' title='bbox 582 3623 786 3695; x_wconf 86' lang='grc' dir='ltr'>ἀσεϐὴς</span> <span class='ocrx_word' id='word_1_414' title='bbox 826 3623 920 3678; x_wconf 76' lang='grc' dir='ltr'>καὶ</span> <span class='ocrx_word' id='word_1_415' title='bbox 970 3622 1196 3693; x_wconf 83' lang='grc' dir='ltr'>βέϐηλος</span> <span class='ocrx_word' id='word_1_416' title='bbox 1229 3624 1265 3693; x_wconf 81' lang='grc' dir='ltr'>ὴ</span> <span class='ocrx_word' id='word_1_417' title='bbox 1304 3623 1469 3695; x_wconf 89' lang='grc' dir='ltr'>δορά,</span> <span class='ocrx_word' id='word_1_418' title='bbox 1516 3623 1611 3677; x_wconf 78' lang='grc' dir='ltr'><strong>καὶ</strong></span> <span class='ocrx_word' id='word_1_419' title='bbox 1667 3622 1939 3695; x_wconf 80' lang='grc' dir='ltr'>πρόφασις</span> 
     </span>
    </p>
   </div>
   <div class='ocr_carea' id='block_1_62' title="bbox 362 3715 1941 3789">
    <p class='ocr_par' dir='ltr' id='par_1_62' title="bbox 362 3715 1941 3789">
     <span class='ocr_line' id='line_1_62' title="bbox 362 3715 1941 3789; baseline -0.002 -17"><span class='ocrx_word' id='word_1_420' title='bbox 362 3719 461 3789; x_wconf 81' lang='grc' dir='ltr'>μὲν</span> <span class='ocrx_word' id='word_1_421' title='bbox 491 3718 673 3773; x_wconf 79' lang='grc' dir='ltr'>εἰκαία</span> <span class='ocrx_word' id='word_1_422' title='bbox 700 3718 759 3771; x_wconf 81' lang='grc' dir='ltr'><strong>τὺ</strong></span> <span class='ocrx_word' id='word_1_423' title='bbox 794 3715 1022 3789; x_wconf 83' lang='grc' dir='ltr'>μισῆσαί</span> <span class='ocrx_word' id='word_1_424' title='bbox 1064 3718 1230 3782; x_wconf 76' lang='grc' dir='ltr'>ἐστιν,</span> <span class='ocrx_word' id='word_1_425' title='bbox 1259 3715 1484 3786; x_wconf 77' lang='grc' dir='ltr'>εὑρίσκῃ</span> <span class='ocrx_word' id='word_1_426' title='bbox 1518 3715 1576 3768; x_wconf 83' lang='grc' dir='ltr'><strong>δὲ</strong></span> <span class='ocrx_word' id='word_1_427' title='bbox 1608 3715 1707 3785; x_wconf 79' lang='grc' dir='ltr'><strong>τῆς</strong></span> <span class='ocrx_word' id='word_1_428' title='bbox 1739 3716 1941 3786; x_wconf 78' lang='grc' dir='ltr'>ἐτέρων</span> 
     </span>
    </p>
   </div>
   <div class='ocr_carea' id='block_1_63' title="bbox 358 3805 1941 3880">
    <p class='ocr_par' dir='ltr' id='par_1_63' title="bbox 358 3805 1941 3880">
     <span class='ocr_line' id='line_1_63' title="bbox 358 3805 1941 3880; baseline -0.004 -16"><span class='ocrx_word' id='word_1_429' title='bbox 358 3810 505 3880; x_wconf 66' lang='grc' dir='ltr'>ὠρας</span> <span class='ocrx_word' id='word_1_430' title='bbox 534 3808 839 3880; x_wconf 76' lang='grc' dir='ltr'>ἡττώμενος</span> <span class='ocrx_word' id='word_1_431' title='bbox 870 3809 966 3861; x_wconf 72' lang='grc' dir='ltr'><strong>καὶ</strong></span> <span class='ocrx_word' id='word_1_432' title='bbox 1005 3806 1246 3875; x_wconf 77' lang='grc' dir='ltr'>γυναίοις</span> <span class='ocrx_word' id='word_1_433' title='bbox 1273 3808 1385 3869; x_wconf 87' lang='grc' dir='ltr'>τοῖς</span> <span class='ocrx_word' id='word_1_434' title='bbox 1414 3805 1643 3870; x_wconf 84' lang='grc' dir='ltr'>ὀθνείοις</span> <span class='ocrx_word' id='word_1_435' title='bbox 1682 3808 1941 3877; x_wconf 87' lang='grc' dir='ltr'>προσκεῖ-</span> 
     </span>
    </p>
   </div>
   <div class='ocr_carea' id='block_1_64' title="bbox 360 3898 1941 3971">
    <p class='ocr_par' dir='ltr' id='par_1_64' title="bbox 360 3898 1941 3971">
     <span class='ocr_line' id='line_1_64' title="bbox 360 3898 1941 3971; baseline -0.002 -17"><span class='ocrx_word' id='word_1_436' title='bbox 360 3901 482 3956; x_wconf 86' lang='grc' dir='ltr'>σθαι</span> <span class='ocrx_word' id='word_1_437' title='bbox 512 3901 705 3967; x_wconf 86' lang='grc' dir='ltr'>θέλων,</span> <span class='ocrx_word' id='word_1_438' title='bbox 746 3919 764 3953; x_wconf 77' lang='lat' dir='ltr'><strong>t</strong></span> <span class='ocrx_word' id='word_1_439' title='bbox 793 3898 1044 3970; x_wconf 78' lang='grc' dir='ltr'>φύλαξαι,</span> <span class='ocrx_word' id='word_1_440' title='bbox 1078 3900 1153 3971; x_wconf 82' lang='grc' dir='ltr'>μὴ</span> <span class='ocrx_word' id='word_1_441' title='bbox 1183 3898 1578 3970; x_wconf 82' lang='grc' dir='ltr'>ὲγκαταλίπῃς,</span> <span class='ocrx_word' id='word_1_442' title='bbox 1606 3918 1624 3949; x_wconf 85' lang='grc'><strong>›</strong></span> <span class='ocrx_word' id='word_1_443' title='bbox 1658 3900 1690 3970; x_wconf 85' lang='grc' dir='ltr'>ἦ</span> <span class='ocrx_word' id='word_1_444' title='bbox 1734 3900 1941 3968; x_wconf 76' lang='grc' dir='ltr'>ἐπάρα-</span> 
     </span>
    </p>
   </div>
   <div class='ocr_carea' id='block_1_65' title="bbox 355 3987 1939 4063">
    <p class='ocr_par' dir='ltr' id='par_1_65' title="bbox 355 3987 1939 4063">
     <span class='ocr_line' id='line_1_65' title="bbox 355 3987 1939 4063; baseline -0.004 -17"><span class='ocrx_word' id='word_1_445' title='bbox 355 4008 448 4056; x_wconf 85' lang='grc' dir='ltr'><strong>τος</strong></span> <span class='ocrx_word' id='word_1_446' title='bbox 494 3992 590 4063; x_wconf 65' lang='lat' dir='ltr'><strong>Eon</strong></span> <span class='ocrx_word' id='word_1_447' title='bbox 634 3991 812 4062; x_wconf 85' lang='grc' dir='ltr'>πάντη</span> <span class='ocrx_word' id='word_1_448' title='bbox 854 4008 914 4043; x_wconf 89' lang='grc' dir='ltr'><strong>τε</strong></span> <span class='ocrx_word' id='word_1_449' title='bbox 961 3990 1056 4043; x_wconf 79' lang='grc' dir='ltr'>καὶ</span> <span class='ocrx_word' id='word_1_450' title='bbox 1101 3988 1338 4051; x_wconf 85' lang='grc' dir='ltr'>πάντως.</span> <span class='ocrx_word' id='word_1_451' title='bbox 1382 3987 1529 4058; x_wconf 85' lang='grc' dir='ltr'>Ἔφη</span> <span class='ocrx_word' id='word_1_452' title='bbox 1580 3987 1726 4058; x_wconf 84' lang='grc' dir='ltr'>γάρ·</span> <span class='ocrx_word' id='word_1_453' title='bbox 1768 4006 1786 4038; x_wconf 86' lang='grc'><strong>‹</strong></span> <span class='ocrx_word' id='word_1_454' title='bbox 1818 3989 1939 4040; x_wconf 69' lang='lat' dir='ltr'><strong>&quot;Ott</strong></span> 
     </span>
    </p>
   </div>
   <div class='ocr_carea' id='block_1_66' title="bbox 356 4079 1941 4156">
    <p class='ocr_par' dir='ltr' id='par_1_66' title="bbox 356 4079 1941 4156">
     <span class='ocr_line' id='line_1_66' title="bbox 356 4079 1941 4156; baseline -0.003 -19"><span class='ocrx_word' id='word_1_455' title='bbox 356 4084 731 4156; x_wconf 78' lang='grc' dir='ltr'>ἑξολοθρεύσει</span> <span class='ocrx_word' id='word_1_456' title='bbox 787 4081 992 4155; x_wconf 68' lang='grc' dir='ltr'>Κύριος</span> <span class='ocrx_word' id='word_1_457' title='bbox 1048 4082 1139 4134; x_wconf 82' lang='grc' dir='ltr'>τὸν</span> <span class='ocrx_word' id='word_1_458' title='bbox 1194 4079 1483 4151; x_wconf 78' lang='grc' dir='ltr'>ἄνθρωπον</span> <span class='ocrx_word' id='word_1_459' title='bbox 1535 4082 1627 4133; x_wconf 83' lang='grc' dir='ltr'>τὸν</span> <span class='ocrx_word' id='word_1_460' title='bbox 1681 4079 1941 4134; x_wconf 85' lang='grc' dir='ltr'>ποιοῦντα</span> 
     </span>
    </p>
   </div>
   <div class='ocr_carea' id='block_1_67' title="bbox 354 4171 1938 4243">
    <p class='ocr_par' dir='ltr' id='par_1_67' title="bbox 354 4171 1938 4243">
     <span class='ocr_line' id='line_1_67' title="bbox 354 4171 1938 4243; baseline -0.003 -13"><span class='ocrx_word' id='word_1_461' title='bbox 354 4177 550 4241; x_wconf 78' lang='grc' dir='ltr'>ταῦτα,</span> <span class='ocrx_word' id='word_1_462' title='bbox 577 4177 684 4239; x_wconf 73' lang='grc' dir='ltr'>ἓως</span> <span class='ocrx_word' id='word_1_463' title='bbox 712 4175 806 4229; x_wconf 78' lang='grc' dir='ltr'><strong>καὶ</strong></span> <span class='ocrx_word' id='word_1_464' title='bbox 840 4172 1149 4243; x_wconf 79' lang='grc' dir='ltr'>ταπεινωθῇ</span> <span class='ocrx_word' id='word_1_465' title='bbox 1189 4174 1252 4225; x_wconf 84' lang='grc' dir='ltr'>ὲκ</span> <span class='ocrx_word' id='word_1_466' title='bbox 1287 4171 1660 4243; x_wconf 84' lang='grc' dir='ltr'>σκηνωμάτων</span> <span class='ocrx_word' id='word_1_467' title='bbox 1704 4172 1938 4243; x_wconf 77' lang='grc' dir='ltr'>Ἰσραὴλ,</span> 
     </span>
    </p>
   </div>
   <div class='ocr_carea' id='block_1_68' title="bbox 356 4262 1941 4337">
    <p class='ocr_par' dir='ltr' id='par_1_68' title="bbox 356 4262 1941 4337">
     <span class='ocr_line' id='line_1_68' title="bbox 356 4262 1941 4337; baseline -0.002 -18"><span class='ocrx_word' id='word_1_468' title='bbox 356 4268 420 4319; x_wconf 75' lang='grc' dir='ltr'>ἐκ</span> <span class='ocrx_word' id='word_1_469' title='bbox 453 4266 835 4337; x_wconf 83' lang='grc' dir='ltr'>προσαγόντων</span> <span class='ocrx_word' id='word_1_470' title='bbox 867 4262 1059 4316; x_wconf 82' lang='grc' dir='ltr'>θυσίαν</span> <span class='ocrx_word' id='word_1_471' title='bbox 1089 4262 1279 4333; x_wconf 86' lang='grc' dir='ltr'>Κυρίῳ</span> <span class='ocrx_word' id='word_1_472' title='bbox 1321 4263 1745 4333; x_wconf 75' lang='grc' dir='ltr'>παντοκράτορι.</span> <span class='ocrx_word' id='word_1_473' title='bbox 1777 4281 1795 4312; x_wconf 74' lang='grc' dir='ltr'><strong>ι</strong></span> <span class='ocrx_word' id='word_1_474' title='bbox 1832 4262 1941 4316; x_wconf 73' lang='grc' dir='ltr'><strong>Καὶ</strong></span> 
     </span>
    </p>
   </div>
   <div class='ocr_carea' id='block_1_69' title="bbox 354 4352 1939 4428">
    <p class='ocr_par' dir='ltr' id='par_1_69' title="bbox 354 4352 1939 4428">
     <span class='ocr_line' id='line_1_69' title="bbox 354 4352 1939 4428; baseline -0.003 -17"><span class='ocrx_word' id='word_1_475' title='bbox 354 4358 513 4411; x_wconf 71' lang='grc' dir='ltr'>ταυτὶ</span> <span class='ocrx_word' id='word_1_476' title='bbox 552 4358 649 4428; x_wconf 82' lang='grc' dir='ltr'>μὲν</span> <span class='ocrx_word' id='word_1_477' title='bbox 691 4357 812 4409; x_wconf 81' lang='grc' dir='ltr'>ὅσον</span> <span class='ocrx_word' id='word_1_478' title='bbox 839 4356 918 4418; x_wconf 84' lang='grc' dir='ltr'><strong>είς</strong></span> <span class='ocrx_word' id='word_1_479' title='bbox 960 4353 1176 4424; x_wconf 77' lang='grc' dir='ltr'>ἐμφανῆ</span> <span class='ocrx_word' id='word_1_480' title='bbox 1204 4371 1263 4406; x_wconf 84' lang='grc' dir='ltr'><strong>τε</strong></span> <span class='ocrx_word' id='word_1_481' title='bbox 1308 4355 1402 4407; x_wconf 72' lang='grc' dir='ltr'>καὶ</span> <span class='ocrx_word' id='word_1_482' title='bbox 1436 4352 1728 4424; x_wconf 89' lang='grc' dir='ltr'>πρόχειρον</span> <span class='ocrx_word' id='word_1_483' title='bbox 1761 4352 1939 4421; x_wconf 83' lang='grc' dir='ltr'>λόγον.</span> 
     </span>
    </p>
   </div>
   <div class='ocr_carea' id='block_1_70' title="bbox 2120 2743 3609 2811">
    <p class='ocr_par' dir='ltr' id='par_1_70' title="bbox 2120 2743 3609 2811">
     <span class='ocr_line' id='line_1_70' title="bbox 2120 2743 3609 2811; baseline -0.003 -9"><span class='ocrx_word' id='word_1_484' title='bbox 2120 2749 2284 2803; x_wconf 71' lang='lat' dir='ltr'><strong>Vens.</strong></span> <span class='ocrx_word' id='word_1_485' title='bbox 2324 2750 2404 2805; x_wconf 89' lang='grc'><strong>16.</strong></span> <span class='ocrx_word' id='word_1_486' title='bbox 2439 2749 2547 2804; x_wconf 82' lang='lat' dir='ltr'><strong>Sed</strong></span> <span class='ocrx_word' id='word_1_487' title='bbox 2565 2747 2611 2801; x_wconf 81' lang='lat' dir='ltr'><strong>si</strong></span> <span class='ocrx_word' id='word_1_488' title='bbox 2642 2748 2764 2802; x_wconf 80' lang='lat' dir='ltr'><strong>adio</strong></span> <span class='ocrx_word' id='word_1_489' title='bbox 2786 2747 2981 2802; x_wconf 80' lang='lat' dir='ltr'><strong>habens</strong></span> <span class='ocrx_word' id='word_1_490' title='bbox 3004 2745 3294 2811; x_wconf 78' lang='lat' dir='ltr'><strong>dimiseris,</strong></span> <span class='ocrx_word' id='word_1_491' title='bbox 3332 2746 3460 2800; x_wconf 81' lang='lat' dir='ltr'><strong>dicit</strong></span> <span class='ocrx_word' id='word_1_492' title='bbox 3501 2743 3609 2797; x_wconf 80' lang='lat' dir='ltr'><strong>Do-</strong></span> 
     </span>
    </p>
   </div>
   <div class='ocr_carea' id='block_1_71' title="bbox 2044 2819 2588 2873">
    <p class='ocr_par' dir='ltr' id='par_1_71' title="bbox 2044 2819 2588 2873">
     <span class='ocr_line' id='line_1_71' title="bbox 2044 2819 2588 2873; baseline 0 0"><span class='ocrx_word' id='word_1_493' title='bbox 2044 2821 2216 2873; x_wconf 55' lang='lat' dir='ltr'><strong>minus</strong></span> <span class='ocrx_word' id='word_1_494' title='bbox 2242 2820 2381 2873; x_wconf 81' lang='lat' dir='ltr'><strong>Deus</strong></span> <span class='ocrx_word' id='word_1_495' title='bbox 2400 2819 2588 2873; x_wconf 80' lang='lat' dir='ltr'><strong>Israel.</strong></span> 
     </span>
    </p>
   </div>
   <div class='ocr_carea' id='block_1_72' title="bbox 2116 2952 3615 3023">
    <p class='ocr_par' dir='ltr' id='par_1_72' title="bbox 2116 2952 3615 3023">
     <span class='ocr_line' id='line_1_72' title="bbox 2116 2952 3615 3023; baseline 0 -15"><span class='ocrx_word' id='word_1_496' title='bbox 2116 2952 2307 3009; x_wconf 84' lang='lat' dir='ltr'><strong>XXIX.</strong></span> <span class='ocrx_word' id='word_1_497' title='bbox 2342 2953 2452 3009; x_wconf 85' lang='lat' dir='ltr'><strong>lioc</strong></span> <span class='ocrx_word' id='word_1_498' title='bbox 2477 2962 2581 3019; x_wconf 84' lang='lat' dir='ltr'><strong>est,</strong></span> <span class='ocrx_word' id='word_1_499' title='bbox 2613 2954 2657 3008; x_wconf 88' lang='lat' dir='ltr'><strong>si</strong></span> <span class='ocrx_word' id='word_1_500' title='bbox 2676 2953 3003 3023; x_wconf 80' lang='lat' dir='ltr'><strong>probabilem</strong></span> <span class='ocrx_word' id='word_1_501' title='bbox 3034 2952 3235 3008; x_wconf 87' lang='lat' dir='ltr'><strong>faciens</strong></span> <span class='ocrx_word' id='word_1_502' title='bbox 3271 2962 3324 3007; x_wconf 91' lang='lat' dir='ltr'><strong>et</strong></span> <span class='ocrx_word' id='word_1_503' title='bbox 3352 2953 3492 3022; x_wconf 77' lang='lat' dir='ltr'><strong>iusta</strong></span> <span class='ocrx_word' id='word_1_504' title='bbox 3520 2968 3615 3008; x_wconf 81' lang='lat' dir='ltr'><strong>oc-</strong></span> 
     </span>
    </p>
   </div>
   <div class='ocr_carea' id='block_1_73' title="bbox 2043 3043 3619 3113">
    <p class='ocr_par' dir='ltr' id='par_1_73' title="bbox 2043 3043 3619 3113">
     <span class='ocr_line' id='line_1_73' title="bbox 2043 3043 3619 3113; baseline 0.001 -16"><span class='ocrx_word' id='word_1_505' title='bbox 2043 3043 2261 3099; x_wconf 88' lang='lat' dir='ltr'><strong>casione</strong></span> <span class='ocrx_word' id='word_1_506' title='bbox 2283 3057 2462 3098; x_wconf 87' lang='lat' dir='ltr'><strong>natam</strong></span> <span class='ocrx_word' id='word_1_507' title='bbox 2488 3044 2861 3099; x_wconf 84' lang='lat' dir='ltr'><strong>dimissionem</strong></span> <span class='ocrx_word' id='word_1_508' title='bbox 2892 3044 3139 3099; x_wconf 86' lang='lat' dir='ltr'><strong>indicans</strong></span> <span class='ocrx_word' id='word_1_509' title='bbox 3168 3045 3506 3113; x_wconf 83' lang='lat' dir='ltr'><strong>ascripseris,</strong></span> <span class='ocrx_word' id='word_1_510' title='bbox 3568 3058 3619 3099; x_wconf 87' lang='lat' dir='ltr'><strong>te</strong></span> 
     </span>
    </p>
   </div>
   <div class='ocr_carea' id='block_1_74' title="bbox 1970 3120 2775 3200">
    <p class='ocr_par' dir='ltr' id='par_1_74' title="bbox 1970 3120 2775 3200">
     <span class='ocr_line' id='line_1_74' title="bbox 1970 3120 2775 3200; baseline 0 -10"><span class='ocrx_word' id='word_1_511' title='bbox 1970 3120 2013 3176; x_wconf 72' lang='grc' dir='ltr'><em>ε</em></span> <span class='ocrx_word' id='word_1_512' title='bbox 2046 3136 2321 3200; x_wconf 83' lang='lat' dir='ltr'><strong>odisse,et</strong></span> <span class='ocrx_word' id='word_1_513' title='bbox 2360 3136 2436 3191; x_wconf 88' lang='lat' dir='ltr'><strong>ita</strong></span> <span class='ocrx_word' id='word_1_514' title='bbox 2477 3136 2775 3191; x_wconf 89' lang='lat' dir='ltr'><strong>dimittere.</strong></span> 
     </span>
    </p>
   </div>
   <div class='ocr_carea' id='block_1_75' title="bbox 2113 3246 3617 3320">
    <p class='ocr_par' dir='ltr' id='par_1_75' title="bbox 2113 3246 3617 3320">
     <span class='ocr_line' id='line_1_75' title="bbox 2113 3246 3617 3320; baseline 0.001 -21"><span class='ocrx_word' id='word_1_515' title='bbox 2113 3246 2273 3300; x_wconf 69' lang='lat' dir='ltr'><strong>Vsus.</strong></span> <span class='ocrx_word' id='word_1_516' title='bbox 2302 3248 2387 3301; x_wconf 82' lang='grc'><strong>16.</strong></span> <span class='ocrx_word' id='word_1_517' title='bbox 2415 3247 2579 3320; x_wconf 65' lang='grc'><strong>847</strong></span> <span class='ocrx_word' id='word_1_518' title='bbox 2605 3247 2667 3301; x_wconf 81' lang='lat' dir='ltr'><strong>Et</strong></span> <span class='ocrx_word' id='word_1_519' title='bbox 2696 3250 2887 3312; x_wconf 82' lang='lat' dir='ltr'><strong>aperiet</strong></span> <span class='ocrx_word' id='word_1_520' title='bbox 2910 3248 3148 3316; x_wconf 82' lang='lat' dir='ltr'><strong>impietas</strong></span> <span class='ocrx_word' id='word_1_521' title='bbox 3163 3264 3319 3317; x_wconf 85' lang='lat' dir='ltr'><strong>super</strong></span> <span class='ocrx_word' id='word_1_522' title='bbox 3339 3248 3617 3318; x_wconf 55' lang='lat' dir='ltr'><strong>cogitatio-</strong></span> 
     </span>
    </p>
   </div>
   <div class='ocr_carea' id='block_1_76' title="bbox 2042 3337 3618 3405">
    <p class='ocr_par' dir='ltr' id='par_1_76' title="bbox 2042 3337 3618 3405">
     <span class='ocr_line' id='line_1_76' title="bbox 2042 3337 3618 3405; baseline 0.002 -16"><span class='ocrx_word' id='word_1_523' title='bbox 2042 3353 2130 3390; x_wconf 75' lang='lat' dir='ltr'><strong>nes</strong></span> <span class='ocrx_word' id='word_1_524' title='bbox 2157 3348 2298 3401; x_wconf 84' lang='lat' dir='ltr'><strong>tuas,</strong></span> <span class='ocrx_word' id='word_1_525' title='bbox 2342 3339 2467 3390; x_wconf 84' lang='lat' dir='ltr'><strong>dicit</strong></span> <span class='ocrx_word' id='word_1_526' title='bbox 2513 3337 2768 3391; x_wconf 75' lang='lat' dir='ltr'><strong>Dominus</strong></span> <span class='ocrx_word' id='word_1_527' title='bbox 2812 3338 3237 3405; x_wconf 44' lang='lat' dir='ltr'><strong>omnipotens,“</strong></span> <span class='ocrx_word' id='word_1_528' title='bbox 3281 3339 3537 3392; x_wconf 80' lang='lat' dir='ltr'><strong>custodite</strong></span> <span class='ocrx_word' id='word_1_529' title='bbox 3563 3340 3618 3392; x_wconf 85' lang='lat' dir='ltr'><strong>in</strong></span> 
     </span>
    </p>
   </div>
   <div class='ocr_carea' id='block_1_77' title="bbox 2041 3427 3069 3498">
    <p class='ocr_par' dir='ltr' id='par_1_77' title="bbox 2041 3427 3069 3498">
     <span class='ocr_line' id='line_1_77' title="bbox 2041 3427 3069 3498; baseline -0.001 -17"><span class='ocrx_word' id='word_1_530' title='bbox 2041 3428 2229 3493; x_wconf 82' lang='lat' dir='ltr'><strong>spiritu</strong></span> <span class='ocrx_word' id='word_1_531' title='bbox 2266 3437 2456 3492; x_wconf 78' lang='lat' dir='ltr'><strong>vestro,</strong></span> <span class='ocrx_word' id='word_1_532' title='bbox 2495 3438 2543 3481; x_wconf 86' lang='lat' dir='ltr'><strong>et</strong></span> <span class='ocrx_word' id='word_1_533' title='bbox 2578 3444 2640 3481; x_wconf 82' lang='lat' dir='ltr'><strong>ne</strong></span> <span class='ocrx_word' id='word_1_534' title='bbox 2673 3427 3069 3498; x_wconf 80' lang='lat' dir='ltr'><strong>derelinquatis.</strong></span> 
     </span>
    </p>
   </div>
   <div class='ocr_carea' id='block_1_78' title="bbox 2113 3537 3619 3609">
    <p class='ocr_par' dir='ltr' id='par_1_78' title="bbox 2113 3537 3619 3609">
     <span class='ocr_line' id='line_1_78' title="bbox 2113 3537 3619 3609; baseline 0 -15"><span class='ocrx_word' id='word_1_535' title='bbox 2113 3538 2282 3595; x_wconf 81' lang='lat' dir='ltr'><strong>XXX.</strong></span> <span class='ocrx_word' id='word_1_536' title='bbox 2325 3540 2438 3595; x_wconf 89' lang='lat' dir='ltr'><strong>lloc</strong></span> <span class='ocrx_word' id='word_1_537' title='bbox 2480 3549 2586 3606; x_wconf 89' lang='lat' dir='ltr'><strong>est,</strong></span> <span class='ocrx_word' id='word_1_538' title='bbox 2619 3541 2663 3594; x_wconf 89' lang='lat' dir='ltr'><strong>si</strong></span> <span class='ocrx_word' id='word_1_539' title='bbox 2696 3539 3055 3609; x_wconf 81' lang='lat' dir='ltr'><strong>cogitationes</strong></span> <span class='ocrx_word' id='word_1_540' title='bbox 3091 3550 3210 3594; x_wconf 87' lang='lat' dir='ltr'><strong>tuas</strong></span> <span class='ocrx_word' id='word_1_541' title='bbox 3240 3537 3482 3596; x_wconf 86' lang='lat' dir='ltr'><strong>obvolvit</strong></span> <span class='ocrx_word' id='word_1_542' title='bbox 3512 3540 3619 3601; x_wconf 84' lang='lat' dir='ltr'><strong>itu-</strong></span> 
     </span>
    </p>
   </div>
   <div class='ocr_carea' id='block_1_79' title="bbox 2040 3630 3620 3702">
    <p class='ocr_par' dir='ltr' id='par_1_79' title="bbox 2040 3630 3620 3702">
     <span class='ocr_line' id='line_1_79' title="bbox 2040 3630 3620 3702; baseline 0.001 -17"><span class='ocrx_word' id='word_1_543' title='bbox 2040 3631 2127 3702; x_wconf 85' lang='lat' dir='ltr'><strong>pia</strong></span> <span class='ocrx_word' id='word_1_544' title='bbox 2156 3642 2211 3686; x_wconf 90' lang='lat' dir='ltr'><strong>et</strong></span> <span class='ocrx_word' id='word_1_545' title='bbox 2240 3632 2467 3701; x_wconf 88' lang='lat' dir='ltr'><strong>profana</strong></span> <span class='ocrx_word' id='word_1_546' title='bbox 2500 3632 2679 3701; x_wconf 85' lang='lat' dir='ltr'><strong>pellis,</strong></span> <span class='ocrx_word' id='word_1_547' title='bbox 2726 3641 2779 3685; x_wconf 90' lang='lat' dir='ltr'><strong>et</strong></span> <span class='ocrx_word' id='word_1_548' title='bbox 2817 3631 2998 3685; x_wconf 91' lang='lat' dir='ltr'><strong>odium</strong></span> <span class='ocrx_word' id='word_1_549' title='bbox 3037 3631 3091 3684; x_wconf 88' lang='lat' dir='ltr'><strong>in</strong></span> <span class='ocrx_word' id='word_1_550' title='bbox 3136 3630 3279 3686; x_wconf 83' lang='lat' dir='ltr'><strong>illam</strong></span> <span class='ocrx_word' id='word_1_551' title='bbox 3320 3630 3451 3685; x_wconf 83' lang='lat' dir='ltr'><strong>falso</strong></span> <span class='ocrx_word' id='word_1_552' title='bbox 3481 3646 3620 3702; x_wconf 72' lang='lat' dir='ltr'><strong>pra:-</strong></span> 
     </span>
    </p>
   </div>
   <div class='ocr_carea' id='block_1_80' title="bbox 2030 3722 3619 3800">
    <p class='ocr_par' dir='ltr' id='par_1_80' title="bbox 2030 3722 3619 3800">
     <span class='ocr_line' id='line_1_80' title="bbox 2030 3722 3619 3800; baseline -0.003 -20"><span class='ocrx_word' id='word_1_553' title='bbox 2030 3727 2281 3800; x_wconf 24' lang='lat' dir='ltr'><strong>‘texitur,</strong></span> <span class='ocrx_word' id='word_1_554' title='bbox 2333 3724 2632 3778; x_wconf 79' lang='lat' dir='ltr'><strong>invenieris</strong></span> <span class='ocrx_word' id='word_1_555' title='bbox 2693 3733 2871 3778; x_wconf 88' lang='lat' dir='ltr'><strong>autem</strong></span> <span class='ocrx_word' id='word_1_556' title='bbox 2921 3722 3147 3776; x_wconf 88' lang='lat' dir='ltr'><strong>aliarum</strong></span> <span class='ocrx_word' id='word_1_557' title='bbox 3218 3722 3619 3791; x_wconf 84' lang='lat' dir='ltr'><strong>pulchritudine</strong></span> 
     </span>
    </p>
   </div>
   <div class='ocr_carea' id='block_1_81' title="bbox 2042 3813 3613 3883">
    <p class='ocr_par' dir='ltr' id='par_1_81' title="bbox 2042 3813 3613 3883">
     <span class='ocr_line' id='line_1_81' title="bbox 2042 3813 3613 3883; baseline -0.002 -12"><span class='ocrx_word' id='word_1_558' title='bbox 2042 3818 2329 3880; x_wconf 78' lang='lat' dir='ltr'><strong>subactus,</strong></span> <span class='ocrx_word' id='word_1_559' title='bbox 2360 3825 2414 3871; x_wconf 91' lang='lat' dir='ltr'><strong>et</strong></span> <span class='ocrx_word' id='word_1_560' title='bbox 2465 3815 2599 3869; x_wconf 88' lang='lat' dir='ltr'><strong>velle</strong></span> <span class='ocrx_word' id='word_1_561' title='bbox 2647 3813 2983 3869; x_wconf 88' lang='lat' dir='ltr'><strong>mulierculis</strong></span> <span class='ocrx_word' id='word_1_562' title='bbox 3035 3815 3334 3882; x_wconf 74' lang='lat' dir='ltr'><strong>peregrinis</strong></span> <span class='ocrx_word' id='word_1_563' title='bbox 3384 3814 3613 3883; x_wconf 82' lang='lat' dir='ltr'><strong>alligari.</strong></span> 
     </span>
    </p>
   </div>
   <div class='ocr_carea' id='block_1_82' title="bbox 2048 3904 3620 3976">
    <p class='ocr_par' dir='ltr' id='par_1_82' title="bbox 2048 3904 3620 3976">
     <span class='ocr_line' id='line_1_82' title="bbox 2048 3904 3620 3976; baseline -0.001 -15"><span class='ocrx_word' id='word_1_564' title='bbox 2048 3929 2066 3961; x_wconf 73' lang='grc' dir='ltr'><strong>ι</strong></span> <span class='ocrx_word' id='word_1_565' title='bbox 2098 3910 2330 3975; x_wconf 85' lang='lat' dir='ltr'><strong>custodi,</strong></span> <span class='ocrx_word' id='word_1_566' title='bbox 2358 3923 2425 3962; x_wconf 92' lang='lat' dir='ltr'><strong>ne</strong></span> <span class='ocrx_word' id='word_1_567' title='bbox 2455 3906 2825 3976; x_wconf 86' lang='lat' dir='ltr'><strong>derelinquas,</strong></span> <span class='ocrx_word' id='word_1_568' title='bbox 2856 3925 2874 3957; x_wconf 74' lang='grc' dir='ltr'><strong>ι</strong></span> <span class='ocrx_word' id='word_1_569' title='bbox 2923 3914 3017 3959; x_wconf 89' lang='lat' dir='ltr'><strong>aut</strong></span> <span class='ocrx_word' id='word_1_570' title='bbox 3054 3920 3278 3976; x_wconf 90' lang='lat' dir='ltr'><strong>prorsus</strong></span> <span class='ocrx_word' id='word_1_571' title='bbox 3304 3904 3620 3960; x_wconf 86' lang='lat' dir='ltr'><strong>maledictus</strong></span> 
     </span>
    </p>
   </div>
   <div class='ocr_carea' id='block_1_83' title="bbox 2042 3996 3620 4065">
    <p class='ocr_par' dir='ltr' id='par_1_83' title="bbox 2042 3996 3620 4065">
     <span class='ocr_line' id='line_1_83' title="bbox 2042 3996 3620 4065; baseline -0.002 -11"><span class='ocrx_word' id='word_1_572' title='bbox 2042 4000 2171 4055; x_wconf 89' lang='lat' dir='ltr'><strong>eris.</strong></span> <span class='ocrx_word' id='word_1_573' title='bbox 2213 4000 2360 4054; x_wconf 77' lang='lat' dir='ltr'><strong>Dixit</strong></span> <span class='ocrx_word' id='word_1_574' title='bbox 2398 3999 2540 4052; x_wconf 90' lang='lat' dir='ltr'><strong>enim</strong></span> <span class='ocrx_word' id='word_1_575' title='bbox 2577 4017 2590 4052; x_wconf 91' lang='lat'>:</span> <span class='ocrx_word' id='word_1_576' title='bbox 2621 4016 2639 4049; x_wconf 80' lang='grc' dir='ltr'><strong>ι</strong></span> <span class='ocrx_word' id='word_1_577' title='bbox 2675 3998 2811 4065; x_wconf 85' lang='lat' dir='ltr'><strong>Quia</strong></span> <span class='ocrx_word' id='word_1_578' title='bbox 2852 3998 3121 4065; x_wconf 87' lang='lat' dir='ltr'><strong>disperdet</strong></span> <span class='ocrx_word' id='word_1_579' title='bbox 3148 3996 3408 4051; x_wconf 89' lang='lat' dir='ltr'><strong>Dominus</strong></span> <span class='ocrx_word' id='word_1_580' title='bbox 3445 3996 3620 4051; x_wconf 86' lang='lat' dir='ltr'><strong>homi-</strong></span> 
     </span>
    </p>
   </div>
   <div class='ocr_carea' id='block_1_84' title="bbox 2044 4088 3618 4160">
    <p class='ocr_par' dir='ltr' id='par_1_84' title="bbox 2044 4088 3618 4160">
     <span class='ocr_line' id='line_1_84' title="bbox 2044 4088 3618 4160; baseline -0.003 -15"><span class='ocrx_word' id='word_1_581' title='bbox 2044 4106 2166 4145; x_wconf 87' lang='lat' dir='ltr'><strong>nem</strong></span> <span class='ocrx_word' id='word_1_582' title='bbox 2187 4092 2277 4160; x_wconf 89' lang='lat' dir='ltr'><strong>qui</strong></span> <span class='ocrx_word' id='word_1_583' title='bbox 2312 4091 2442 4145; x_wconf 88' lang='lat' dir='ltr'><strong>facit</strong></span> <span class='ocrx_word' id='word_1_584' title='bbox 2474 4090 2611 4153; x_wconf 73' lang='lat' dir='ltr'><strong>hazc,</strong></span> <span class='ocrx_word' id='word_1_585' title='bbox 2642 4091 2813 4143; x_wconf 89' lang='lat' dir='ltr'><strong>donec</strong></span> <span class='ocrx_word' id='word_1_586' title='bbox 2844 4088 3158 4143; x_wconf 88' lang='lat' dir='ltr'><strong>humiiietur</strong></span> <span class='ocrx_word' id='word_1_587' title='bbox 3190 4100 3255 4140; x_wconf 73' lang='lat' dir='ltr'><strong>ex</strong></span> <span class='ocrx_word' id='word_1_588' title='bbox 3288 4088 3618 4145; x_wconf 84' lang='lat' dir='ltr'><strong>tabernacu-</strong></span> 
     </span>
    </p>
   </div>
   <div class='ocr_carea' id='block_1_85' title="bbox 2037 4166 3618 4245">
    <p class='ocr_par' dir='ltr' id='par_1_85' title="bbox 2037 4166 3618 4245">
     <span class='ocr_line' id='line_1_85' title="bbox 2037 4166 3618 4245; baseline -0.004 -10"><span class='ocrx_word' id='word_1_589' title='bbox 2037 4166 2108 4236; x_wconf 86' lang='lat' dir='ltr'><strong>lis</strong></span> <span class='ocrx_word' id='word_1_590' title='bbox 2145 4179 2332 4245; x_wconf 86' lang='lat' dir='ltr'><strong>lsrael,</strong></span> <span class='ocrx_word' id='word_1_591' title='bbox 2373 4197 2437 4236; x_wconf 81' lang='lat' dir='ltr'><strong>ex</strong></span> <span class='ocrx_word' id='word_1_592' title='bbox 2471 4179 2828 4236; x_wconf 74' lang='lat' dir='ltr'><strong>offerentibus</strong></span> <span class='ocrx_word' id='word_1_593' title='bbox 2874 4178 3199 4233; x_wconf 85' lang='lat' dir='ltr'><strong>sacrificium</strong></span> <span class='ocrx_word' id='word_1_594' title='bbox 3245 4176 3470 4231; x_wconf 89' lang='lat' dir='ltr'><strong>Domino</strong></span> <span class='ocrx_word' id='word_1_595' title='bbox 3501 4192 3618 4230; x_wconf 81' lang='lat' dir='ltr'><strong>om-</strong></span> 
     </span>
    </p>
   </div>
   <div class='ocr_carea' id='block_1_86' title="bbox 2042 4268 3620 4341">
    <p class='ocr_par' dir='ltr' id='par_1_86' title="bbox 2042 4268 3620 4341">
     <span class='ocr_line' id='line_1_86' title="bbox 2042 4268 3620 4341; baseline -0.003 -17"><span class='ocrx_word' id='word_1_596' title='bbox 2042 4270 2379 4341; x_wconf 63' lang='lat' dir='ltr'><strong>nipotenti.»</strong></span> <span class='ocrx_word' id='word_1_597' title='bbox 2434 4268 2502 4323; x_wconf 85' lang='lat' dir='ltr'><strong>Et</strong></span> <span class='ocrx_word' id='word_1_598' title='bbox 2559 4268 2663 4322; x_wconf 87' lang='lat' dir='ltr'><strong>hoc</strong></span> <span class='ocrx_word' id='word_1_599' title='bbox 2724 4268 2940 4337; x_wconf 90' lang='lat' dir='ltr'><strong>quidem</strong></span> <span class='ocrx_word' id='word_1_600' title='bbox 2986 4269 3128 4337; x_wconf 88' lang='lat' dir='ltr'><strong>quod</strong></span> <span class='ocrx_word' id='word_1_601' title='bbox 3178 4269 3247 4321; x_wconf 89' lang='lat' dir='ltr'><strong>ad</strong></span> <span class='ocrx_word' id='word_1_602' title='bbox 3303 4268 3517 4336; x_wconf 85' lang='lat' dir='ltr'><strong>planam</strong></span> <span class='ocrx_word' id='word_1_603' title='bbox 3565 4277 3620 4321; x_wconf 88' lang='lat' dir='ltr'><strong>et</strong></span> 
     </span>
    </p>
   </div>
   <div class='ocr_carea' id='block_1_87' title="bbox 2043 4360 2959 4429">
    <p class='ocr_par' dir='ltr' id='par_1_87' title="bbox 2043 4360 2959 4429">
     <span class='ocr_line' id='line_1_87' title="bbox 2043 4360 2959 4429; baseline 0 -16"><span class='ocrx_word' id='word_1_604' title='bbox 2043 4360 2254 4414; x_wconf 88' lang='lat' dir='ltr'><strong>obviam</strong></span> <span class='ocrx_word' id='word_1_605' title='bbox 2278 4360 2715 4429; x_wconf 76' lang='lat' dir='ltr'><strong>explanationem</strong></span> <span class='ocrx_word' id='word_1_606' title='bbox 2745 4360 2959 4413; x_wconf 91' lang='lat' dir='ltr'><strong>attinet.</strong></span> 
     </span>
    </p>
   </div>
   <div class='ocr_carea' id='block_1_88' title="bbox 426 4442 1957 4528">
    <p class='ocr_par' dir='ltr' id='par_1_88' title="bbox 426 4442 1940 4522">
     <span class='ocr_line' id='line_1_88' title="bbox 426 4442 1940 4522; baseline -0.005 -19"><span class='ocrx_word' id='word_1_607' title='bbox 426 4447 886 4522; x_wconf 80' lang='grc' dir='ltr'>Παραφυλακτέον</span> <span class='ocrx_word' id='word_1_608' title='bbox 920 4445 976 4499; x_wconf 82' lang='grc' dir='ltr'><strong>δὲ</strong></span> <span class='ocrx_word' id='word_1_609' title='bbox 1008 4446 1103 4500; x_wconf 76' lang='grc' dir='ltr'><strong>καὶ</strong></span> <span class='ocrx_word' id='word_1_610' title='bbox 1135 4447 1247 4508; x_wconf 87' lang='grc' dir='ltr'>τοῖς</span> <span class='ocrx_word' id='word_1_611' title='bbox 1273 4444 1360 4497; x_wconf 73' lang='grc' dir='ltr'>διὰ</span> <span class='ocrx_word' id='word_1_612' title='bbox 1392 4444 1631 4507; x_wconf 84' lang='grc' dir='ltr'>πίστεως</span> <span class='ocrx_word' id='word_1_613' title='bbox 1669 4442 1940 4513; x_wconf 81' lang='grc' dir='ltr'>κεκλημέ-</span> 
     </span>
    </p>
   </div>
   <div class='ocr_carea' id='block_1_89' title="bbox 2039 4442 3614 4528">
    <p class='ocr_par' dir='ltr' id='par_1_89' title="bbox 2115 4444 3614 4516">
     <span class='ocr_line' id='line_1_89' title="bbox 2115 4444 3614 4516; baseline -0.005 -12"><span class='ocrx_word' id='word_1_614' title='bbox 2115 4448 2426 4505; x_wconf 83' lang='lat' dir='ltr'><strong>Cavendum</strong></span> <span class='ocrx_word' id='word_1_615' title='bbox 2458 4460 2639 4504; x_wconf 86' lang='lat' dir='ltr'><strong>autem</strong></span> <span class='ocrx_word' id='word_1_616' title='bbox 2672 4456 2727 4503; x_wconf 89' lang='lat' dir='ltr'><strong>et</strong></span> <span class='ocrx_word' id='word_1_617' title='bbox 2761 4464 2857 4516; x_wconf 84' lang='lat' dir='ltr'><strong>per</strong></span> <span class='ocrx_word' id='word_1_618' title='bbox 2884 4447 3043 4502; x_wconf 84' lang='lat' dir='ltr'><strong>fidem</strong></span> <span class='ocrx_word' id='word_1_619' title='bbox 3077 4446 3283 4500; x_wconf 79' lang='lat' dir='ltr'><strong>vocatis</strong></span> <span class='ocrx_word' id='word_1_620' title='bbox 3314 4444 3366 4498; x_wconf 92' lang='lat' dir='ltr'><strong>in</strong></span> <span class='ocrx_word' id='word_1_621' title='bbox 3408 4445 3614 4498; x_wconf 88' lang='lat' dir='ltr'><strong>sancti-</strong></span> 
     </span>
    </p>
   </div>
   <div class='ocr_carea' id='block_1_90' title="bbox 362 4534 1939 4609">
    <p class='ocr_par' dir='ltr' id='par_1_90' title="bbox 362 4534 1939 4609">
     <span class='ocr_line' id='line_1_90' title="bbox 362 4534 1939 4609; baseline -0.006 -14"><span class='ocrx_word' id='word_1_622' title='bbox 362 4557 478 4604; x_wconf 66' lang='grc' dir='ltr'><strong>θοις¹</strong></span> <span class='ocrx_word' id='word_1_623' title='bbox 496 4542 574 4603; x_wconf 89' lang='grc' dir='ltr'><strong>είς</strong></span> <span class='ocrx_word' id='word_1_624' title='bbox 606 4539 899 4609; x_wconf 81' lang='grc' dir='ltr'>ἀγιασμὸν,</span> <span class='ocrx_word' id='word_1_625' title='bbox 935 4536 1009 4607; x_wconf 78' lang='grc' dir='ltr'>μὴ</span> <span class='ocrx_word' id='word_1_626' title='bbox 1053 4536 1162 4607; x_wconf 78' lang='grc' dir='ltr'>ἄρα</span> <span class='ocrx_word' id='word_1_627' title='bbox 1186 4553 1301 4597; x_wconf 89' lang='grc' dir='ltr'><strong>πως</strong></span> <span class='ocrx_word' id='word_1_628' title='bbox 1329 4534 1676 4605; x_wconf 87' lang='grc' dir='ltr'>ἀπενεχθεῖεν</span> <span class='ocrx_word' id='word_1_629' title='bbox 1702 4535 1777 4598; x_wconf 85' lang='grc' dir='ltr'>ὡς</span> <span class='ocrx_word' id='word_1_630' title='bbox 1803 4535 1939 4605; x_wconf 81' lang='grc' dir='ltr'>πρὸς</span> 
     </span>
    </p>
   </div>
   <div class='ocr_carea' id='block_1_91' title="bbox 354 4626 1937 4703">
    <p class='ocr_par' dir='ltr' id='par_1_91' title="bbox 354 4626 1937 4703">
     <span class='ocr_line' id='line_1_91' title="bbox 354 4626 1937 4703; baseline -0.003 -18"><span class='ocrx_word' id='word_1_631' title='bbox 354 4636 621 4701; x_wconf 70' lang='grc' dir='ltr'>γυναῖκας</span> <span class='ocrx_word' id='word_1_632' title='bbox 660 4631 1054 4703; x_wconf 86' lang='grc' dir='ltr'>ἀπηχθημένας</span> <span class='ocrx_word' id='word_1_633' title='bbox 1081 4626 1201 4698; x_wconf 83' lang='grc' dir='ltr'><strong>Θεῷ</strong></span> <span class='ocrx_word' id='word_1_634' title='bbox 1247 4626 1343 4682; x_wconf 72' lang='grc' dir='ltr'><strong>καὶ</strong></span> <span class='ocrx_word' id='word_1_635' title='bbox 1372 4627 1680 4695; x_wconf 83' lang='grc' dir='ltr'>ἀλλογενεῖς</span> <span class='ocrx_word' id='word_1_636' title='bbox 1723 4630 1802 4690; x_wconf 86' lang='grc' dir='ltr'><strong>είς</strong></span> <span class='ocrx_word' id='word_1_637' title='bbox 1841 4628 1937 4691; x_wconf 73' lang='grc' dir='ltr'><strong>τὰς</strong></span> 
     </span>
    </p>
   </div>
   <div class='ocr_carea' id='block_1_92' title="bbox 356 4715 1935 4793">
    <p class='ocr_par' dir='ltr' id='par_1_92' title="bbox 356 4715 1935 4793">
     <span class='ocr_line' id='line_1_92' title="bbox 356 4715 1935 4793; baseline -0.004 -18"><span class='ocrx_word' id='word_1_638' title='bbox 356 4720 617 4793; x_wconf 85' lang='grc' dir='ltr'>βεϐήλους</span> <span class='ocrx_word' id='word_1_639' title='bbox 654 4721 915 4793; x_wconf 84' lang='grc' dir='ltr'>αἱρέσεις.</span> <span class='ocrx_word' id='word_1_640' title='bbox 955 4718 1199 4788; x_wconf 76' lang='grc' dir='ltr'>’Δπόχρη</span> <span class='ocrx_word' id='word_1_641' title='bbox 1235 4715 1343 4787; x_wconf 86' lang='grc' dir='ltr'><strong>γὰρ</strong></span> <span class='ocrx_word' id='word_1_642' title='bbox 1370 4716 1571 4779; x_wconf 77' lang='grc' dir='ltr'>αὐτοῖς,</span> <span class='ocrx_word' id='word_1_643' title='bbox 1604 4719 1682 4779; x_wconf 86' lang='grc' dir='ltr'><strong>είς</strong></span> <span class='ocrx_word' id='word_1_644' title='bbox 1724 4734 1935 4788; x_wconf 73' lang='grc' dir='ltr'>καρπο-</span> 
     </span>
    </p>
   </div>
   <div class='ocr_carea' id='block_1_93' title="bbox 354 4807 1940 4886">
    <p class='ocr_par' dir='ltr' id='par_1_93' title="bbox 354 4807 1940 4886">
     <span class='ocr_line' id='line_1_93' title="bbox 354 4807 1940 4886; baseline -0.004 -19"><span class='ocrx_word' id='word_1_645' title='bbox 354 4815 549 4886; x_wconf 77' lang='grc' dir='ltr'>φορίαν</span> <span class='ocrx_word' id='word_1_646' title='bbox 594 4810 990 4884; x_wconf 82' lang='grc' dir='ltr'>πνευματικὴν,</span> <span class='ocrx_word' id='word_1_647' title='bbox 1032 4809 1137 4861; x_wconf 86' lang='grc' dir='ltr'><strong>τῶν</strong></span> <span class='ocrx_word' id='word_1_648' title='bbox 1174 4807 1274 4876; x_wconf 85' lang='grc' dir='ltr'><strong>τῆς</strong></span> <span class='ocrx_word' id='word_1_649' title='bbox 1314 4807 1639 4877; x_wconf 85' lang='grc' dir='ltr'>Ἐκκλησίας</span> <span class='ocrx_word' id='word_1_650' title='bbox 1686 4807 1940 4861; x_wconf 81' lang='grc' dir='ltr'>διδασκά-</span> 
     </span>
    </p>
   </div>
   <div class='ocr_carea' id='block_1_94' title="bbox 353 4897 1937 4977">
    <p class='ocr_par' dir='ltr' id='par_1_94' title="bbox 353 4897 1937 4977">
     <span class='ocr_line' id='line_1_94' title="bbox 353 4897 1937 4977; baseline -0.004 -20"><span class='ocrx_word' id='word_1_651' title='bbox 353 4908 461 4959; x_wconf 82' lang='grc' dir='ltr'><strong>λων</strong></span> <span class='ocrx_word' id='word_1_652' title='bbox 486 4906 521 4977; x_wconf 82' lang='grc' dir='ltr'><strong>ή</strong></span> <span class='ocrx_word' id='word_1_653' title='bbox 562 4903 780 4976; x_wconf 87' lang='grc' dir='ltr'>καθαρά</span> <span class='ocrx_word' id='word_1_654' title='bbox 806 4903 903 4955; x_wconf 74' lang='grc' dir='ltr'>καὶ</span> <span class='ocrx_word' id='word_1_655' title='bbox 942 4900 1245 4972; x_wconf 84' lang='grc' dir='ltr'>ἀμώμητος</span> <span class='ocrx_word' id='word_1_656' title='bbox 1273 4897 1620 4967; x_wconf 86' lang='grc' dir='ltr'>παιδαγωγία</span> <span class='ocrx_word' id='word_1_657' title='bbox 1654 4899 1937 4969; x_wconf 76' lang='grc' dir='ltr'>μονονουχὶ</span> 
     </span>
    </p>
   </div>
   <div class='ocr_carea' id='block_1_95' title="bbox 354 4989 1935 5062">
    <p class='ocr_par' dir='ltr' id='par_1_95' title="bbox 354 4989 1935 5062">
     <span class='ocr_line' id='line_1_95' title="bbox 354 4989 1935 5062; baseline -0.006 -11"><span class='ocrx_word' id='word_1_658' title='bbox 354 4999 449 5052; x_wconf 71' lang='grc' dir='ltr'>καὶ</span> <span class='ocrx_word' id='word_1_659' title='bbox 484 4997 691 5051; x_wconf 84' lang='grc' dir='ltr'>τέκνων</span> <span class='ocrx_word' id='word_1_660' title='bbox 743 4995 940 5057; x_wconf 73' lang='grc' dir='ltr'>αὐτοὺς</span> <span class='ocrx_word' id='word_1_661' title='bbox 994 4990 1231 5062; x_wconf 83' lang='grc' dir='ltr'>εὐγενῶν</span> <span class='ocrx_word' id='word_1_662' title='bbox 1285 4989 1607 5058; x_wconf 77' lang='grc' dir='ltr'>ἀποφαίνειν</span> <span class='ocrx_word' id='word_1_663' title='bbox 1656 4990 1935 5061; x_wconf 83' lang='grc' dir='ltr'>πατέρας,</span> 
     </span>
    </p>
   </div>
   <div class='ocr_carea' id='block_1_96' title="bbox 349 5080 1938 5158">
    <p class='ocr_par' dir='ltr' id='par_1_96' title="bbox 349 5080 1938 5158">
     <span class='ocr_line' id='line_1_96' title="bbox 349 5080 1938 5158; baseline -0.003 -17"><span class='ocrx_word' id='word_1_664' title='bbox 349 5089 635 5151; x_wconf 82' lang='grc' dir='ltr'>τίκτοντας</span> <span class='ocrx_word' id='word_1_665' title='bbox 663 5084 869 5158; x_wconf 86' lang='grc' dir='ltr'>νοητῶς</span> <span class='ocrx_word' id='word_1_666' title='bbox 903 5084 963 5150; x_wconf 75' lang='grc' dir='ltr'>ἐξ</span> <span class='ocrx_word' id='word_1_667' title='bbox 991 5082 1200 5153; x_wconf 77' lang='grc' dir='ltr'>ἀγαθῆς</span> <span class='ocrx_word' id='word_1_668' title='bbox 1229 5082 1457 5153; x_wconf 84' lang='grc' dir='ltr'>καρδίας</span> <span class='ocrx_word' id='word_1_669' title='bbox 1482 5080 1552 5134; x_wconf 81' lang='grc' dir='ltr'><strong>τὰ</strong></span> <span class='ocrx_word' id='word_1_670' title='bbox 1578 5080 1675 5151; x_wconf 79' lang='grc' dir='ltr'><strong>τῆς</strong></span> <span class='ocrx_word' id='word_1_671' title='bbox 1700 5084 1779 5145; x_wconf 85' lang='grc' dir='ltr'><strong>είς</strong></span> <span class='ocrx_word' id='word_1_672' title='bbox 1805 5081 1938 5136; x_wconf 80' lang='grc' dir='ltr'>Θεὸν</span> 
     </span>
    </p>
   </div>
   <div class='ocr_carea' id='block_1_97' title="bbox 351 5178 918 5251">
    <p class='ocr_par' dir='ltr' id='par_1_97' title="bbox 351 5178 918 5251">
     <span class='ocr_line' id='line_1_97' title="bbox 351 5178 918 5251; baseline -0.004 -18"><span class='ocrx_word' id='word_1_673' title='bbox 351 5179 574 5249; x_wconf 79' lang='grc' dir='ltr'>ἀγάπης</span> <span class='ocrx_word' id='word_1_674' title='bbox 603 5178 918 5251; x_wconf 76' lang='grc' dir='ltr'>αὐχήματα.</span> 
     </span>
    </p>
   </div>
   <div class='ocr_carea' id='block_1_98' title="bbox 597 5298 1679 5390">
    <p class='ocr_par' dir='ltr' id='par_1_98' title="bbox 597 5298 1679 5390">
     <span class='ocr_line' id='line_1_98' title="bbox 597 5298 1679 5390; baseline -0.012 -3"><span class='ocrx_word' id='word_1_675' title='bbox 597 5301 981 5390; x_wconf 89' lang='grc' dir='ltr'><strong>ΤΟΜΟΣ</strong></span> <span class='ocrx_word' id='word_1_676' title='bbox 1074 5298 1640 5385; x_wconf 88' lang='grc' dir='ltr'><strong>ΔΕΥΤΕΡΟΣ</strong></span> <span class='ocrx_word' id='word_1_677' title='bbox 1657 5352 1679 5374; x_wconf 94' lang='grc'><strong>.</strong></span> 
     </span>
    </p>
   </div>
   <div class='ocr_carea' id='block_1_99' title="bbox 428 5469 1932 5546">
    <p class='ocr_par' dir='ltr' id='par_1_99' title="bbox 428 5469 1932 5546">
     <span class='ocr_line' id='line_1_99' title="bbox 428 5469 1932 5546; baseline -0.006 -16"><span class='ocrx_word' id='word_1_678' title='bbox 428 5480 494 5532; x_wconf 81' lang='grc' dir='ltr'><strong>οι</strong></span> <span class='ocrx_word' id='word_1_679' title='bbox 548 5474 994 5546; x_wconf 73' lang='grc' dir='ltr'>παροξύνοντες</span> <span class='ocrx_word' id='word_1_680' title='bbox 1049 5472 1156 5526; x_wconf 86' lang='grc' dir='ltr'><strong>τὸν</strong></span> <span class='ocrx_word' id='word_1_681' title='bbox 1209 5471 1358 5526; x_wconf 80' lang='grc' dir='ltr'><strong>Θεὸν</strong></span> <span class='ocrx_word' id='word_1_682' title='bbox 1424 5470 1495 5523; x_wconf 80' lang='grc' dir='ltr'><strong>ἐν</strong></span> <span class='ocrx_word' id='word_1_683' title='bbox 1549 5469 1672 5535; x_wconf 78' lang='grc' dir='ltr'>τοῖς</span> <span class='ocrx_word' id='word_1_684' title='bbox 1728 5470 1932 5538; x_wconf 70' lang='grc' dir='ltr'>λόγοις</span> 
     </span>
    </p>
   </div>
   <div class='ocr_carea' id='block_1_100' title="bbox 349 5562 1936 5642">
    <p class='ocr_par' dir='ltr' id='par_1_100' title="bbox 349 5562 1936 5642">
     <span class='ocr_line' id='line_1_100' title="bbox 349 5562 1936 5642; baseline -0.007 -16"><span class='ocrx_word' id='word_1_685' title='bbox 349 5571 539 5642; x_wconf 62' lang='grc' dir='ltr'>ἐμῶν,</span> <span class='ocrx_word' id='word_1_686' title='bbox 570 5568 669 5623; x_wconf 77' lang='grc' dir='ltr'><strong>καί</strong></span> <span class='ocrx_word' id='word_1_687' title='bbox 698 5567 932 5621; x_wconf 64' lang='lat' dir='ltr'><strong>sinatis”</strong></span> <span class='ocrx_word' id='word_1_688' title='bbox 974 5566 1070 5620; x_wconf 75' lang='grc' dir='ltr'>Ἐν</span> <span class='ocrx_word' id='word_1_689' title='bbox 1102 5564 1216 5618; x_wconf 76' lang='grc' dir='ltr'>τίνι</span> <span class='ocrx_word' id='word_1_690' title='bbox 1250 5562 1684 5633; x_wconf 79' lang='grc' dir='ltr'>παρωξύναμεν</span> <span class='ocrx_word' id='word_1_691' title='bbox 1707 5562 1936 5625; x_wconf 80' lang='grc' dir='ltr'><strong>αὐτόν;</strong></span> 
     </span>
    </p>
   </div>
   <div class='ocr_carea' id='block_1_101' title="bbox 425 5746 894 5814">
    <p class='ocr_par' dir='ltr' id='par_1_101' title="bbox 425 5746 894 5814">
     <span class='ocr_line' id='line_1_101' title="bbox 425 5746 894 5814; baseline -0.004 -10"><span class='ocrx_word' id='word_1_692' title='bbox 425 5750 468 5785; x_wconf 79' lang='grc'><strong>³⁸</strong></span> <span class='ocrx_word' id='word_1_693' title='bbox 504 5749 690 5805; x_wconf 72' lang='lat' dir='ltr'><strong>Mazth.</strong></span> <span class='ocrx_word' id='word_1_694' title='bbox 724 5765 775 5814; x_wconf 72' lang='grc' dir='ltr'><strong>γ,</strong></span> <span class='ocrx_word' id='word_1_695' title='bbox 805 5746 894 5803; x_wconf 63' lang='grc' dir='ltr'><strong>δί.</strong></span> 
     </span>
    </p>
   </div>
   <div class='ocr_carea' id='block_1_102' title="bbox 1008 5742 2031 5813">
    <p class='ocr_par' dir='ltr' id='par_1_102' title="bbox 1008 5742 2031 5813">
     <span class='ocr_line' id='line_1_102' title="bbox 1008 5742 2031 5813; baseline 0.011 -18"><span class='ocrx_word' id='word_1_696' title='bbox 1008 5746 1051 5778; x_wconf 74' lang='grc'><strong>³⁸</strong></span> <span class='ocrx_word' id='word_1_697' title='bbox 1085 5743 1273 5800; x_wconf 72' lang='lat' dir='ltr'><strong>Matth.</strong></span> <span class='ocrx_word' id='word_1_698' title='bbox 1309 5759 1417 5811; x_wconf 78' lang='grc' dir='ltr'>ιιι,</span> <span class='ocrx_word' id='word_1_699' title='bbox 1450 5743 1505 5811; x_wconf 83' lang='grc'><strong>7,</strong></span> <span class='ocrx_word' id='word_1_700' title='bbox 1533 5744 1585 5813; x_wconf 88' lang='lat'><strong>8;</strong></span> <span class='ocrx_word' id='word_1_701' title='bbox 1619 5742 1782 5800; x_wconf 73' lang='lat' dir='ltr'><strong>Marc.</strong></span> <span class='ocrx_word' id='word_1_702' title='bbox 1818 5742 1952 5810; x_wconf 69' lang='lat'><strong>1.9-,</strong></span> <span class='ocrx_word' id='word_1_703' title='bbox 1976 5744 2031 5799; x_wconf 80' lang='grc' dir='ltr'><strong>9ο</strong></span> 
     </span>
    </p>
   </div>
   <div class='ocr_carea' id='block_1_103' title="bbox 2046 4536 3618 4609">
    <p class='ocr_par' dir='ltr' id='par_1_103' title="bbox 2046 4536 3618 4609">
     <span class='ocr_line' id='line_1_103' title="bbox 2046 4536 3618 4609; baseline -0.005 -12"><span class='ocrx_word' id='word_1_704' title='bbox 2046 4542 2373 4609; x_wconf 85' lang='lat' dir='ltr'><strong>ficationem,</strong></span> <span class='ocrx_word' id='word_1_705' title='bbox 2409 4556 2475 4595; x_wconf 90' lang='lat' dir='ltr'><strong>ne</strong></span> <span class='ocrx_word' id='word_1_706' title='bbox 2519 4543 2658 4595; x_wconf 90' lang='lat' dir='ltr'><strong>forte</strong></span> <span class='ocrx_word' id='word_1_707' title='bbox 2704 4541 2852 4594; x_wconf 83' lang='lat' dir='ltr'><strong>velut</strong></span> <span class='ocrx_word' id='word_1_708' title='bbox 2886 4539 2953 4592; x_wconf 87' lang='lat' dir='ltr'><strong>ad</strong></span> <span class='ocrx_word' id='word_1_709' title='bbox 3000 4539 3229 4593; x_wconf 85' lang='lat' dir='ltr'><strong>feminas</strong></span> <span class='ocrx_word' id='word_1_710' title='bbox 3259 4536 3370 4592; x_wconf 88' lang='lat' dir='ltr'><strong>Deo</strong></span> <span class='ocrx_word' id='word_1_711' title='bbox 3400 4537 3618 4591; x_wconf 85' lang='lat' dir='ltr'><strong>odiosas</strong></span> 
     </span>
    </p>
   </div>
   <div class='ocr_carea' id='block_1_104' title="bbox 2045 4629 3615 4703">
    <p class='ocr_par' dir='ltr' id='par_1_104' title="bbox 2045 4629 3615 4703">
     <span class='ocr_line' id='line_1_104' title="bbox 2045 4629 3615 4703; baseline -0.002 -15"><span class='ocrx_word' id='word_1_712' title='bbox 2045 4646 2099 4689; x_wconf 91' lang='lat' dir='ltr'><strong>et</strong></span> <span class='ocrx_word' id='word_1_713' title='bbox 2157 4634 2486 4703; x_wconf 75' lang='lat' dir='ltr'><strong>alienigenas</strong></span> <span class='ocrx_word' id='word_1_714' title='bbox 2538 4634 2591 4687; x_wconf 90' lang='lat' dir='ltr'><strong>in</strong></span> <span class='ocrx_word' id='word_1_715' title='bbox 2665 4631 2921 4703; x_wconf 85' lang='lat' dir='ltr'><strong>profanas</strong></span> <span class='ocrx_word' id='word_1_716' title='bbox 2984 4631 3217 4685; x_wconf 67' lang='lat' dir='ltr'><strong>haereses</strong></span> <span class='ocrx_word' id='word_1_717' title='bbox 3278 4629 3615 4685; x_wconf 74' lang='lat' dir='ltr'><strong>auferantur.</strong></span> 
     </span>
    </p>
   </div>
   <div class='ocr_carea' id='block_1_105' title="bbox 2044 4720 3613 4793">
    <p class='ocr_par' dir='ltr' id='par_1_105' title="bbox 2044 4720 3613 4793">
     <span class='ocr_line' id='line_1_105' title="bbox 2044 4720 3613 4793; baseline -0.005 -14"><span class='ocrx_word' id='word_1_718' title='bbox 2044 4725 2231 4780; x_wconf 85' lang='lat' dir='ltr'><strong>Potest</strong></span> <span class='ocrx_word' id='word_1_719' title='bbox 2273 4727 2416 4780; x_wconf 89' lang='lat' dir='ltr'><strong>enim</strong></span> <span class='ocrx_word' id='word_1_720' title='bbox 2460 4724 2604 4787; x_wconf 86' lang='lat' dir='ltr'><strong>illos,</strong></span> <span class='ocrx_word' id='word_1_721' title='bbox 2634 4734 2828 4793; x_wconf 65' lang='lat' dir='ltr'><strong>praeter</strong></span> <span class='ocrx_word' id='word_1_722' title='bbox 2876 4721 3211 4792; x_wconf 85' lang='lat' dir='ltr'><strong>spi‘ritualem</strong></span> <span class='ocrx_word' id='word_1_723' title='bbox 3262 4720 3613 4782; x_wconf 87' lang='lat' dir='ltr'><strong>fertilitatem,</strong></span> 
     </span>
    </p>
   </div>
   <div class='ocr_carea' id='block_1_106' title="bbox 2043 4810 3618 4885">
    <p class='ocr_par' dir='ltr' id='par_1_106' title="bbox 2043 4810 3618 4885">
     <span class='ocr_line' id='line_1_106' title="bbox 2043 4810 3618 4885; baseline -0.005 -15"><span class='ocrx_word' id='word_1_724' title='bbox 2043 4815 2297 4871; x_wconf 74' lang='lat' dir='ltr'><strong>Ecclesia:</strong></span> <span class='ocrx_word' id='word_1_725' title='bbox 2326 4815 2703 4885; x_wconf 76' lang='lat' dir='ltr'><strong>magistrorum</strong></span> <span class='ocrx_word' id='word_1_726' title='bbox 2733 4813 2948 4868; x_wconf 82' lang='lat' dir='ltr'><strong>sincera</strong></span> <span class='ocrx_word' id='word_1_727' title='bbox 2973 4824 3026 4867; x_wconf 92' lang='lat' dir='ltr'><strong>et</strong></span> <span class='ocrx_word' id='word_1_728' title='bbox 3056 4812 3326 4882; x_wconf 87' lang='lat' dir='ltr'><strong>inculpata</strong></span> <span class='ocrx_word' id='word_1_729' title='bbox 3351 4810 3618 4865; x_wconf 89' lang='lat' dir='ltr'><strong>institutio</strong></span> 
     </span>
    </p>
   </div>
   <div class='ocr_carea' id='block_1_107' title="bbox 2045 4900 3617 4975">
    <p class='ocr_par' dir='ltr' id='par_1_107' title="bbox 2045 4900 3617 4975">
     <span class='ocr_line' id='line_1_107' title="bbox 2045 4900 3617 4975; baseline -0.006 -13"><span class='ocrx_word' id='word_1_730' title='bbox 2045 4919 2252 4962; x_wconf 89' lang='lat' dir='ltr'><strong>tantum</strong></span> <span class='ocrx_word' id='word_1_731' title='bbox 2300 4923 2406 4961; x_wconf 92' lang='lat' dir='ltr'><strong>non</strong></span> <span class='ocrx_word' id='word_1_732' title='bbox 2452 4907 2682 4960; x_wconf 70' lang='lat' dir='ltr'><strong>filiorum</strong></span> <span class='ocrx_word' id='word_1_733' title='bbox 2711 4918 2929 4975; x_wconf 88' lang='lat' dir='ltr'><strong>quoque</strong></span> <span class='ocrx_word' id='word_1_734' title='bbox 2974 4904 3235 4959; x_wconf 88' lang='lat' dir='ltr'><strong>nobilium</strong></span> <span class='ocrx_word' id='word_1_735' title='bbox 3283 4912 3465 4972; x_wconf 87' lang='lat' dir='ltr'><strong>patres</strong></span> <span class='ocrx_word' id='word_1_736' title='bbox 3497 4900 3617 4955; x_wconf 88' lang='lat' dir='ltr'><strong>red-</strong></span> 
     </span>
    </p>
   </div>
   <div class='ocr_carea' id='block_1_108' title="bbox 2044 4994 3617 5065">
    <p class='ocr_par' dir='ltr' id='par_1_108' title="bbox 2044 4994 3617 5065">
     <span class='ocr_line' id='line_1_108' title="bbox 2044 4994 3617 5065; baseline -0.006 -12"><span class='ocrx_word' id='word_1_737' title='bbox 2044 5000 2193 5065; x_wconf 85' lang='lat' dir='ltr'><strong>dere,</strong></span> <span class='ocrx_word' id='word_1_738' title='bbox 2226 5014 2293 5054; x_wconf 82' lang='lat' dir='ltr'><strong>ex</strong></span> <span class='ocrx_word' id='word_1_739' title='bbox 2344 4998 2508 5054; x_wconf 87' lang='lat' dir='ltr'><strong>corde</strong></span> <span class='ocrx_word' id='word_1_740' title='bbox 2550 4997 2693 5052; x_wconf 89' lang='lat' dir='ltr'><strong>bono</strong></span> <span class='ocrx_word' id='word_1_741' title='bbox 2727 4998 2923 5051; x_wconf 73' lang='lat' dir='ltr'><strong>divina:</strong></span> <span class='ocrx_word' id='word_1_742' title='bbox 2970 4994 3255 5050; x_wconf 87' lang='lat' dir='ltr'><strong>charitatis</strong></span> <span class='ocrx_word' id='word_1_743' title='bbox 3293 4994 3485 5049; x_wconf 86' lang='lat' dir='ltr'><strong>decora</strong></span> <span class='ocrx_word' id='word_1_744' title='bbox 3529 5005 3617 5045; x_wconf 86' lang='lat' dir='ltr'><strong>se-</strong></span> 
     </span>
    </p>
   </div>
   <div class='ocr_carea' id='block_1_109' title="bbox 2045 5089 3009 5163">
    <p class='ocr_par' dir='ltr' id='par_1_109' title="bbox 2045 5089 3009 5163">
     <span class='ocr_line' id='line_1_109' title="bbox 2045 5089 3009 5163; baseline -0.006 -16"><span class='ocrx_word' id='word_1_745' title='bbox 2045 5093 2279 5148; x_wconf 88' lang='lat' dir='ltr'><strong>cundum</strong></span> <span class='ocrx_word' id='word_1_746' title='bbox 2311 5089 2638 5145; x_wconf 88' lang='lat' dir='ltr'><strong>intellectum</strong></span> <span class='ocrx_word' id='word_1_747' title='bbox 2665 5097 3009 5163; x_wconf 70' lang='lat' dir='ltr'><strong>generantes.</strong></span> 
     </span>
    </p>
   </div>
   <div class='ocr_carea' id='block_1_110' title="bbox 2218 5290 3441 5390">
    <p class='ocr_par' dir='ltr' id='par_1_110' title="bbox 2218 5290 3441 5390">
     <span class='ocr_line' id='line_1_110' title="bbox 2218 5290 3441 5390; baseline -0.007 -3"><span class='ocrx_word' id='word_1_748' title='bbox 2218 5297 2626 5390; x_wconf 90' lang='lat' dir='ltr'><strong>TOMUS</strong></span> <span class='ocrx_word' id='word_1_749' title='bbox 2716 5290 3441 5387; x_wconf 77' lang='lat' dir='ltr'><strong>POSTERIOB.</strong></span> 
     </span>
    </p>
   </div>
   <div class='ocr_carea' id='block_1_111' title="bbox 2121 5462 3615 5538">
    <p class='ocr_par' dir='ltr' id='par_1_111' title="bbox 2121 5462 3615 5538">
     <span class='ocr_line' id='line_1_111' title="bbox 2121 5462 3615 5538; baseline -0.009 -13"><span class='ocrx_word' id='word_1_750' title='bbox 2121 5471 2276 5526; x_wconf 73' lang='lat' dir='ltr'><strong>\‘t-ttts.</strong></span> <span class='ocrx_word' id='word_1_751' title='bbox 2322 5468 2406 5523; x_wconf 83' lang='grc'><strong>17.</strong></span> <span class='ocrx_word' id='word_1_752' title='bbox 2461 5468 2563 5534; x_wconf 84' lang='lat' dir='ltr'><strong>Qui</strong></span> <span class='ocrx_word' id='word_1_753' title='bbox 2611 5470 2933 5538; x_wconf 77' lang='lat' dir='ltr'><strong>prorocastis</strong></span> <span class='ocrx_word' id='word_1_754' title='bbox 2980 5464 3148 5519; x_wconf 73' lang='lat' dir='ltr'><strong>Deum</strong></span> <span class='ocrx_word' id='word_1_755' title='bbox 3193 5465 3247 5519; x_wconf 76' lang='lat' dir='ltr'><strong>iu</strong></span> <span class='ocrx_word' id='word_1_756' title='bbox 3293 5462 3615 5518; x_wconf 77' lang='lat' dir='ltr'><strong>sermonibus</strong></span> 
     </span>
    </p>
   </div>
   <div class='ocr_carea' id='block_1_112' title="bbox 2044 5551 3615 5631">
    <p class='ocr_par' dir='ltr' id='par_1_112' title="bbox 2044 5551 3615 5631">
     <span class='ocr_line' id='line_1_112' title="bbox 2044 5551 3615 5631; baseline -0.006 -17"><span class='ocrx_word' id='word_1_757' title='bbox 2044 5564 2253 5629; x_wconf 71' lang='lat' dir='ltr'><strong>restria,</strong></span> <span class='ocrx_word' id='word_1_758' title='bbox 2293 5573 2337 5616; x_wconf 82' lang='lat' dir='ltr'><strong>et</strong></span> <span class='ocrx_word' id='word_1_759' title='bbox 2381 5561 2589 5616; x_wconf 71' lang='lat' dir='ltr'><strong>dixistis</strong></span> <span class='ocrx_word' id='word_1_760' title='bbox 2622 5559 2730 5615; x_wconf 85' lang='lat' dir='ltr'><strong>:In</strong></span> <span class='ocrx_word' id='word_1_761' title='bbox 2764 5577 2866 5631; x_wconf 83' lang='lat' dir='ltr'><strong>quo</strong></span> <span class='ocrx_word' id='word_1_762' title='bbox 2910 5556 3300 5629; x_wconf 78' lang='lat' dir='ltr'><strong>provocavimus</strong></span> <span class='ocrx_word' id='word_1_763' title='bbox 3348 5555 3505 5611; x_wconf 73' lang='lat' dir='ltr'><strong>cum?</strong></span> <span class='ocrx_word' id='word_1_764' title='bbox 3549 5551 3615 5606; x_wconf 71' lang='lat' dir='ltr'><strong>In</strong></span> 
     </span>
    </p>
   </div>
  </div>
