4120 6376
501 368 606 428 ἔιῖῖ

1520 361 1580 416 s.
1623 325 1898 416 Ci‘BlLLl
1938 361 2401 416 ALEXANBRIM
2443 360 2749 416 AltCillEi’.

3671 366 3774 418 δεῖ,

507 499 568 537 eo
593 481 732 553 quod
756 480 932 532 dicitis
963 491 980 530 :
1016 475 1202 532 Omnis
1234 477 1326 548 qui
1361 479 1489 545 [erit
1546 478 1768 547 malum,
1803 479 1993 531 bonum
2034 479 2086 530 in

2206 481 2301 532 Ἐν
2323 478 2403 543 τῷ
2429 478 2632 547 λέγειν
2660 475 2809 545 ὑμεῖς
2834 493 2845 504 °
2886 476 3008 541 Πᾶς
3047 472 3232 530 ποιεῖν
3266 477 3550 546 ποιηρὸν,
3586 481 3778 533 καλὸν

509 580 784 641 conspectu
823 570 1054 635 Domini,
1089 580 1138 624 et
1170 571 1224 625 itt
1263 573 1391 640 ipsis
1421 573 1519 642 ipsi
1546 572 1882 641 complacuit,
1923 581 1970 624 et
2003 571 2092 624 ubi

509 678 582 718 est
615 665 749 718 Deus
769 662 1038 733 justitiat?

585 794 774 851 XXXI.
819 795 992 864 Supra
1024 796 1307 861 annotavi,
1349 811 1452 848 non
1485 809 1612 856 uno,
1644 795 1736 848 sed
1768 793 1952 846 multis
1983 776 2094 847 mo-

511 889 594 943 dis
652 888 1031 942 universorum
1087 883 1253 939 Deum
1301 897 1489 940 contra
1535 896 1783 954 posteros
1830 883 1957 939 Levi
2004 899 2096 938 ex-

512 981 827 1032 arerbatum
858 993 1002 1033 esse.
1029 977 1097 1032 Et
1120 978 1462 1032 sacerdotum
1495 977 1738 1031 imbelles
1768 978 1976 1031 animas
2006 993 2097 1032 ca-

511 1073 743 1139 stigans,
794 1073 1015 1126 aiebat:
1053 1089 1074 1122 ι
1107 1071 1170 1125 Ει
1213 1070 1530 1124 inferebatis
1559 1085 1679 1139 qua:
1721 1080 1868 1138 rapta
1917 1079 2092 1133 erant,

513 1163 805 1227 etciauda,
839 1172 891 1216 et
916 1161 1114 1217 debilia
1140 1162 1205 1215 ³³.
1240 1180 1260 1213 ›
1295 1159 1361 1215 Et
1387 1160 1616 1214 addebat
1649 1159 1732 1214 his
1761 1177 1775 1214 :
1810 1177 1828 1210 ‹
1860 1157 1926 1213 Et
1953 1159 2096 1214 acci-

513 1254 746 1323 piebatis
797 1264 1084 1322 personam
1137 1254 1189 1308 in
1245 1252 1450 1322 lege".
1483 1271 1502 1304 ι
1547 1251 1882 1305 lionorantes
1927 1251 2093 1314 enim,

514 1357 574 1398 ut
612 1345 870 1400 credibile
893 1355 995 1412 est,
1021 1357 1075 1400 et
1104 1346 1478 1415 intempestive
1503 1353 1808 1399 reverentes
1834 1347 2094 1411 quosdam

514 1451 637 1493 sese
683 1440 1098 1504 convenientes,
1144 1440 1425 1494 tenuiores
1473 1442 1737 1496 scelerate
1770 1441 2096 1495 condemna-

516 1531 670 1596 bant,
724 1540 778 1586 et
812 1532 1132 1600 premebant
1168 1529 1454 1598 quosdam,
1505 1545 1613 1586 non
1665 1547 1730 1586 ex
1783 1530 2097 1601 prtescripto

512 1621 648 1692 legis
673 1622 814 1692 lusui
837 1620 1148 1692 judicantes
1176 1619 1222 1653 ³⁸
1247 1659 1263 1685 ,
1294 1623 1388 1675 sed
1413 1622 1465 1674 in
1497 1628 1704 1690 partem
1737 1620 2094 1691 potentiorem

513 1721 572 1764 et
603 1712 842 1780 iniquam
871 1713 1197 1766 sententiam
1227 1709 1567 1780 proferentes
1599 1725 1612 1762 :
1647 1719 1739 1764 aut
1769 1709 1907 1764 forte
1929 1709 2094 1762 etiam

2195 570 2452 623 ἐνώπιον
2485 568 2728 637 Κυρίου,
2767 566 2864 619 καὶ
2898 567 2970 618 ἐν
3008 565 3212 631 αὐτοῖς
3248 568 3431 631 αὐτὸς
3455 567 3771 635 εὐδόκησα,

2196 663 2292 714 καὶ
2329 661 2446 715 ποῦ
2475 661 2646 714 ἐστιν
2671 662 2703 713 o'
2731 658 2874 723 Θεὸς
2899 657 3011 726 τῆς
3051 657 3440 725 δικαιοσύνης
3456 675 3476 722 ;

2269 800 2389 852 AA'.
2431 797 2647 859 Φθάσας
2677 795 2832 866 ἔφην,
2879 794 2956 858 ὡς
2984 795 3043 848 ού
3075 793 3197 848 καθ’
3232 793 3326 847 ἕνα
3369 791 3590 864 τρόπον,
3637 808 3776 847 κατα

2197 890 2425 952 πολλοὺς
2469 888 2526 941 δὲ
2567 887 2863 957 μᾶλλλον,ὁ
2904 885 3011 939 τῶν
3059 886 3195 939 ὅλων
3242 885 3374 947 Θεὸς
3416 883 3510 938 ἐπὶ
3551 888 3676 951 τοὺς
3715 889 3775 956 ἐξ

2196 985 2428 1054 αἵματος
2453 980 2546 1033 τοῦ
2589 981 2719 1033 Λευὶ
2748 979 3213 1048 κατεπικραίνετο.
3259 977 3370 1031 Καὶ
3412 981 3530 1040 ταῖς
3561 978 3668 1030 τῶν
3701 977 3770 1031 is-

2199 1073 2448 1150 ρουργῶν
2477 1072 2736 1143 ἀθυμίαις
2777 1071 3150 1142 ἐπισκήπτων,
3189 1070 3423 1138 ἔφασκε·
3465 1089 3484 1119 ι
3515 1067 3625 1123 Καὶ
3661 1070 3774 1122 εἰσ-

2197 1168 2421 1238 εφέρετε
2463 1166 2532 1219 τὰ
2575 1165 2947 1236 ἁρπάγματα,
2988 1163 3082 1216 καὶ
3114 1163 3183 1216 τά
3220 1161 3398 1233 χωλά,
3437 1164 3530 1216 καὶ
3574 1162 3642 1216 τά
3687 1163 3774 1216 ὲν-

2195 1260 2516 1331 οχλούμενα.
2543 1275 2560 1310 ι
2600 1256 2642 1310 Π
2650 1257 2950 1329 ροσεπῆγεν
2975 1255 3031 1308 δὲ
3064 1253 3271 1318 τούτοις
3289 1271 3302 1285 ·
3347 1275 3365 1305 ι
3397 1251 3504 1308 Καὶ
3532 1251 3772 1325 ὲλαμὸά·

2197 1371 2318 1407 νετε
2353 1352 2645 1423 πρόσωπον
2683 1351 2740 1402 ὲν
2775 1349 2940 1418 νόμῳ.
2969 1366 2988 1399 t
3025 1345 3300 1416 Τιμῶντες
3353 1347 3482 1418 γὰρ.
3533 1344 3675 1400 κατά
3715 1347 3774 1399 τὸ

2197 1445 2364 1508 είκὺς,
2410 1446 2506 1497 καὶ
2533 1441 2600 1494 δι’
2636 1438 2815 1502 αἰδοῦς
2843 1440 3072 1510 ἀκαίρου
3101 1440 3415 1508 ποιούμενοι
3452 1435 3562 1492 τῶν
3601 1455 3772 1510 προσ-

2200 1537 2386 1590 ιόντων
2425 1534 2597 1599 τινὰς,
2634 1530 2986 1596 κατεδίκαζον
3020 1531 3116 1602 μὲν
3153 1530 3249 1600 οὐχ
3279 1530 3438 1595 ὁσίως
3469 1530 3576 1583 τῶν
3611 1530 3771 1585 ἀσθε-

2198 1627 2492 1699 νεστέρων,
2523 1627 2618 1679 καὶ
2652 1623 2963 1688 πλεονεξίας
2983 1622 3186 1691 ὲπῆγόν
3215 1639 3372 1686 τισιν,
3402 1621 3460 1674 οὺ
3490 1621 3558 1675 τά
3591 1620 3772 1674 δίκαια

2198 1718 2507 1788 κρίνοντες,
2555 1715 2697 1769 κατά
2739 1731 2804 1782 γε
2855 1714 2945 1767 τὸν
2986 1713 3170 1783 νόμον,
3212 1712 3328 1766 ἀλλ’
3372 1709 3639 1784 ὲτεραλκῆ
3678 1713 3772 1765 καὶ

515 1802 834 1874 diripientes
866 1803 1211 1859 haereditates
1237 1803 1546 1871 neutiquam
1579 1802 1644 1858 ad
1672 1815 1730 1858 se
1763 1802 2089 1856 attinentes:

2198 1809 2375 1863 ἀνισον
2401 1807 2496 1877 τὴν
2528 1805 2708 1876 ψῆφον
2744 1803 3065 1874 ἐκφέροντες
3085 1820 3098 1834 ⁸
3128 1803 3160 1874 ἢ
3193 1803 3334 1873 τάχα.
3361 1819 3465 1856 που
3495 1803 3590 1856 καὶ
3615 1801 3769 1874 διαρ-

515 1898 814 1967 gaudentes
839 1905 1020 1950 autem
1072 1909 1238 1964 super
1273 1893 1431 1951 donis
1460 1903 1514 1948 et
1553 1909 1614 1948 ea
1657 1893 2003 1962 accipientes,
2035 1899 2092 1945 et

515 1987 803 2040 sacerdotii
855 1985 1154 2041 Itanoribns
1183 1986 1492 2050 abutentes,
1525 1998 1579 2039 et
1617 1999 1779 2054 supra
1821 1981 2092 2052 subjectos

513 2089 573 2129 se
603 2071 908 2130 etierentes.
946 2075 1098 2128 Hune
1143 2077 1195 2128 in
1227 2076 1444 2129 modum
1479 2076 1641 2127 vitam
1673 2075 1926 2142 degentes
1959 2074 2090 2127 adeo

517 2164 770 2218 infamem
818 2175 871 2219 et
915 2165 1121 2235 legibus
1154 2165 1620 2229 adversis-simam,
1653 2162 1822 2234 848
1848 2163 2090 2214 videntes

517 2259 738 2326 quidam
791 2255 1046 2326 injuriatn
1085 2257 1251 2328 passi,
1287 2269 1492 2310 tantum
1540 2269 1643 2309 non
1675 2254 1889 2307 attoniti
1932 2253 2095 2307 mira-

516 2349 740 2402 bantur.
785 2345 896 2403 Nec
954 2349 1100 2402 enim
1156 2347 1696 2416 reprehendebantur
1743 2358 1774 2398 a
1833 2343 1962 2408 Deo,
1995 2358 2094 2398 nec

513 2439 914 2506 puniebantur,
975 2451 1032 2494 ut
1081 2440 1259 2494 solent
1310 2439 1600 2509 aliquando
1653 2446 2088 2506 contemptores;

516 2533 644 2599 quin
697 2533 872 2600 potius
920 2535 1080 2587 rebus
1125 2535 1379 2587 secundis
1422 2535 1730 2596 utebantur,
1755 2541 1809 2585 et
1843 2531 2094 2584 vivebant

503 2639 639 2677 cum
686 2624 975 2694 voluptate.
1025 2626 1229 2680 Idcirco
1271 2639 1414 2694 aegre
1445 2621 1700 2690 ferentes,
1749 2625 2093 2678 immensam-

516 2728 622 2782 que
648 2715 740 2769 Dei
781 2717 1170 2785 benignitatem
1204 2715 1342 2769 iorte
1374 2715 1613 2785 amplius
1639 2716 1876 2781 cogitare
1910 2714 2094 2768 uolen—

519 2817 624 2870 tes,
655 2811 1038 2875 prapemodum
1063 2807 1227 2862 etiam
1251 2821 1318 2861 ex
1345 2809 1728 2876 desperatione
1751 2805 2089 2860 clamabant:

525 2916 543 2948 ι
572 2898 763 2953 Otunis
787 2900 878 2968 qui
911 2901 1045 2956 facit
1072 2904 1300 2968 malum,
1338 2901 1538 2954 bonum
1585 2899 1637 2952 in
1665 2903 1958 2965 conspectu
1987 2895 2095 2950 Do-

509 2992 678 3059 mini,
707 3002 762 3048 et
793 2993 847 3048 in
881 2993 1012 3063 ipsis
1035 2995 1138 3062 ipsi
1168 2994 1527 3064 complacuit;
1562 3011 1582 3044 D
1608 2993 1708 3046 hoc
1731 3000 1833 3056 est,
1870 2991 2092 3045 forsitan

516 3094 574 3138 et
623 3096 963 3154 perpetrator
1018 3088 1288 3142 malorum
1332 3086 1507 3139 bonus
1569 3093 1653 3138 est
1704 3084 1760 3137 in
1804 3092 2094 3150 conspectu

2191 1900 2456 1962 πὰζοντες
2486 1899 2610 1960 τοὺς
2654 1896 2950 1967 οὐδαμόθεν
2992 1895 3173 1959 αὐτοῖς
3209 1895 3584 1966 προσήκοντας
3642 1894 3771 1963 κλή-

2195 2008 2354 2063 ρους·
2394 1989 2714 2059 ὲφηδόμενοι
2760 1988 2816 2040 δὲ
2848 1987 2941 2041 καὶ
2979 1983 3356 2058 δωροδοκίαις,
3393 1985 3487 2038 καὶ
3519 1988 3638 2049 ταῖς
3675 1985 3770 2054 τῆς

2195 2089 2492 2163 ἱερωσύνης
2515 2090 2701 2159 τιμαῖς
2723 2082 3211 2156 κατακεχρημένοι,
3237 2082 3330 2137 καὶ
3351 2081 3457 2134 τῶν
3482 2080 3587 2134 ὑπὸ
3614 2083 3770 2150 χεῖρα

2195 2182 2668 2253 κατεπαιρόμενοι.
2711 2178 2927 2248 Ταύτην
2955 2177 3168 2247 ἔχοντες
3195 2172 3288 2227 τοῦ
3338 2170 3453 2243 βίου
3485 2173 3583 2242 τὴν
3625 2173 3770 2240 ἀγω-

2192 2273 2296 2343 γὴν
2335 2271 2432 2342 τὴν
2470 2269 2614 2322 οὕτω
2649 2267 2884 2322 δυσκλεᾶ
2911 2268 3006 2318 καὶ
3045 2260 3462 2334 ὲκνομωτάτην,
3494 2259 3768 2314 καταθεώ-

2196 2362 2344 2435 μενοί
2395 2377 2538 2425 τινες
2571 2359 2680 2413 τῶν
2726 2359 2823 2418 τὰς
2860 2354 3072 2418 ἀδικίας
3117 2351 3630 2424 ὑπομεμενηκότων,
3672 2367 3769 2422 μο-

2193 2451 2405 2524 νονουχὶ
2437 2449 2836 2521 κατεθήπεσαν.
2870 2446 2944 2501 Οὐ
2974 2445 3082 2517 γὰρ
3109 2440 3176 2515 ἦν
3205 2460 3290 2507 τις
3322 2445 3407 2496 ἐπ’
3437 2443 3618 2507 αὐτοῖς
3652 2441 3770 2494 sui.

2195 2545 2388 2611 πληξις
2426 2543 2576 2613 παρὰ
2617 2536 2752 2594 Θεοῦ
2803 2537 2899 2592 καὶ
2937 2535 3004 2589 τὰ
3041 2535 3098 2600 ἐξ
3135 2532 3333 2605 ὀργῆς,
3371 2531 3482 2585 ἐσθ’
3508 2532 3596 2584 ὅτε
3631 2547 3768 2600 σύμ.-

2195 2636 2445 2690 ϐαίνοντα
2479 2636 2590 2698 τοῖς
2625 2629 2838 2685 εἰωθόσι
2873 2628 3230 2697 καταφρονεῖν
3251 2641 3265 2656 ·
3301 2619 3440 2694 ἦσαν
3475 2623 3530 2677 δὲ
3573 2621 3768 2694 μᾶλλον

2195 2727 2253 2777 ὲν
2295 2722 2560 2794 εὐπαθείᾳ
2591 2721 2684 2775 καὶ
2719 2721 2972 2790 τρυφαῖς.
3023 2715 3166 2787 Πρὸς
3205 2713 3270 2784 δὴ
3322 2714 3389 2767 τὰ
3422 2713 3644 2766 τοιαῦτα
3687 2713 3772 2765 δε-

2193 2818 2624 2890 δυσφορηκότες,
2667 2814 2764 2868 καὶ
2798 2813 2898 2884 τὴν
2940 2811 3272 2881 ἀσύγκριτον
3319 2806 3630 2878 ἡμεράτητα
3678 2806 3770 2860 τοῦ

2197 2912 2333 2965 Θεοῦ
2363 2912 2504 2980 τάχα
2542 2925 2642 2961 που
2677 2906 2855 2959 λοιπδι
2905 2907 2983 2967 εἰς
3020 2903 3144 2957 νοῦν
3177 2901 3321 2972 ἔχειν
3367 2901 3469 2953 οὐκ
3509 2899 3772 2970 ἀνεχόμε-

2195 3021 2298 3070 νοι,
2338 3001 2617 3074 μονονουχὶ
2659 2999 2754 3053 καὶ
2784 2996 3268 3068 κατακεκράγασιν
3302 2994 3368 3046 ὲκ
3409 2991 3775 3063 μικροψυχίας

2198 3097 2474 3164 λέγοντεςο
2515 3109 2536 3144 r
2571 3094 2684 3154 Πᾶς
2718 3087 2886 3145 ποιῶν
2924 3087 3182 3159 πονηρὸν,
3213 3083 3379 3139 καλὸν
3420 3082 3652 3138 ὲνιὶιπιον
3681 3083 3779 3136 αὺ-

521 3174 771 3243 Domini;
814 3186 870 3230 et
901 3191 1065 3247 super
1111 3181 1246 3230 adeo
1276 3176 1562 3230 inhoneste
1594 3173 1902 3226 viventibus
1943 3173 2090 3225 laeta-

2198 3189 2312 3254 τοῦ,
2343 3188 2438 3240 καὶ
2465 3189 2522 3238 ὲν
2561 3186 2745 3247 αὐτοῖς
2774 3182 2933 3246 αὐτὸς
2963 3180 3254 3251 ηὐδόκησε,
3284 3193 3304 3228 t
3337 3173 3602 3238 τουτέστι,
3638 3174 3779 3243 τάχα

521 3279 627 3323 tur.
661 3269 797 3323 Nam
838 3270 882 3324 si
928 3270 1029 3323 hoc
1073 3282 1262 3322 verum
1295 3283 1404 3322 non
1450 3275 1555 3332 est,
1593 3265 1788 3336 inquit,
1825 3283 1844 3316 ι
1879 3263 1979 3319 Ubi
2009 3274 2097 3318 est

520 3360 664 3416 Deus
686 3359 955 3430 iustitiae?
990 3380 1009 3413 ι
1040 3361 1335 3430 Oportebat
1360 3359 1528 3422 enim,
1562 3360 1850 3426 Oportebat
1873 3354 2096 3424 iustitia:

518 3455 946 3523 dispensatorem
981 3468 1087 3506 non
1124 3455 1258 3506 adeo
1295 3451 1618 3506 tolerantem
1659 3464 1780 3503 esse
1825 3448 1877 3502 in
1909 3463 2092 3503 sacer-

519 3547 736 3600 dotibus
773 3545 972 3608 avaris,
1019 3554 1073 3597 et
1116 3544 1288 3598 altare
1321 3540 1700 3610 polluentibus,
1731 3548 1787 3593 et
1819 3539 2000 3606 iniqua
2032 3552 2096 3591 ac

521 3638 788 3692 scelerata
826 3646 881 3691 et
910 3635 1010 3704 legi
1042 3631 1336 3705 pugnantia
1367 3633 1711 3687 columittere
1742 3637 1953 3684 summo
1981 3639 2096 3682 stu-

519 3731 612 3784 dio
656 3729 999 3784 conantibus.
1063 3727 1128 3781 Et
1181 3726 1296 3781 haec
1348 3725 1566 3795 quidem
1619 3723 1844 3776 crimina
1899 3720 2098 3774 fuerint

520 3820 916 3892 desperationis
967 3819 1206 3888 ipsorum
1255 3814 1578 3870 incessentis
1627 3814 1858 3868 animos.
1911 3809 2097 3866 Scien-

519 3913 647 3966 dum
699 3922 906 3974 autetn,
945 3909 1102 3979 juxta
1137 3910 1474 3979 propositam
1514 3905 1805 3961 verborum
1852 3917 2094 3968 sensum,

520 4003 742 4058 irritare
769 4001 960 4068 Deum,
991 4002 1083 4072 qui
1121 4003 1258 4056 adeo
1297 4000 1563 4068 imperitis
1591 3998 1814 4053 vocibus
1849 4005 2093 4052 utuntur.

521 4094 715 4150 Ferme
744 4095 888 4149 enim
913 4106 966 4150 et
993 4096 1276 4163 increpare
1299 4101 1544 4146 statuunt
1567 4089 1884 4145 tolerantem
1908 4088 2094 4154 Deum,

519 4191 612 4252 qui
669 4190 968 4245 errantium
1017 4187 1431 4242 conversionem
1484 4183 1873 4254 benignissime
1918 4191 1975 4237 et
2005 4197 2099 4236 eo-

520 4297 639 4335 rum
687 4282 779 4350 qui
819 4281 873 4334 in
927 4287 1205 4351 peccaturo
1256 4276 1494 4347 prolapsi
1541 4284 1689 4339 sunt,
1725 4273 1792 4329 ad
1841 4273 2098 4328 salutaria

525 4388 804 4426 recursum
851 4378 1152 4442 exspectat.
1189 4367 1415 4423 Divinus
1455 4369 1636 4436 itaque
1691 4365 1891 4420 Paulus
1935 4379 2098 4434 super

2198 3298 2300 3333 που
2338 3281 2434 3333 καὶ
2473 3277 2677 3346 ἀγαθὸς
2706 3277 2763 3328 ὲν
2805 3272 3103 3342 ὀφθαλμοῖς
3137 3269 3230 3323 τοῦ
3258 3267 3394 3322 Θεοῦ
3427 3270 3456 3321 ὁ
3483 3269 3591 3321 τῶν
3623 3284 3779 3336 πονη-

2199 3371 2309 3442 ρῶν
2336 3371 2602 3441 ἐργάτης
2644 3365 2904 3436 ἐφήδεται
2939 3364 2997 3416 δὲ
3032 3365 3146 3425 τοῖς
3190 3359 3365 3421 οὕτως
3395 3360 3634 3431 αἰσχρῶς
3664 3360 3778 3413 διαε-

2197 3463 2347 3518 6ιοῦν
2379 3459 2694 3533 ᾑρημένοις.
2738 3458 2801 3510 Εἰ
2830 3457 2941 3528 γὰρ
2982 3453 3057 3526 μὴ
3107 3452 3286 3518 τοῦτο,
3318 3454 3503 3522 φησὶν,
3552 3451 3774 3523 ἀληθὲς.

2205 3579 2222 3609 ι
2259 3554 2372 3609 Ποῦ
2417 3554 2563 3607 ἔστιν
2604 3553 2633 3604 ό
2674 3549 2806 3611 Θεὸς
2853 3551 2951 3619 τῆς
2992 3543 3374 3614 δικαιοσύνης;
3403 3561 3422 3595 ι
3462 3541 3608 3594 Ἔδει
3647 3543 3777 3612 γὰρ,

2196 3648 2304 3700 ἔδει
2322 3646 2420 3716 τῆς
2443 3639 2787 3711 δικαιοσύνης
2812 3639 2903 3691 τὸν
2933 3636 3197 3710 πρύτανιν
3223 3636 3298 3708 μὴ
3322 3633 3570 3688 τοσοῦτον
3607 3633 3781 3698 ἀνεξι-

2198 3735 2436 3809 κακῆσαι
2493 3731 2875 3788 πλεονεκτοῦσι
2937 3731 3273 3801 ἱερουργοῖς,
3332 3727 3425 3780 καὶ
3488 3726 3782 3795 καταμιαί-

2197 3844 2347 3880 νουσι
2373 3825 2434 3878 τὸ
2473 3822 2876 3893 θυσιαστήριον,
2909 3819 3070 3874 ἄδικὰ
3100 3835 3159 3870 τε
3205 3819 3299 3872 καὶ
3343 3818 3534 3870 ἀνόσια
3579 3817 3671 3870 καὶ
3713 3816 3780 3870 τὰ

2199 3917 2305 3985 ἔξω
2364 3916 2529 3986 νόμου
2582 3913 2714 3984 δρᾷνν
2762 3912 2845 3965 ὅτι
2897 3909 3133 3981 μάλιστα
3183 3907 3618 3962 διεσπουδακόσι.
3670 3908 3780 3982 καὶ

2198 4010 2353 4064 ταυτὶ
2384 4008 2483 4079 μὲν
2517 3998 2632 4061 εἷεν,
2659 4005 2725 4060 ἂν
2752 4004 2852 4073 τῆς
2883 4001 3266 4072 ὲπισυμϐἁσης
3298 4001 3481 4064 αὐτοῖς
3521 3998 3780 4070 μικροψυ-

2200 4102 2323 4172 χίας
2371 4095 2718 4171 ἐγκλήματα.
2767 4094 2963 4149 Ἱστέον
2999 4094 3057 4147 δὲ
3090 4093 3201 4158 ὅτι,
3239 4091 3380 4146 κατά
3426 4109 3490 4159 γε
3531 4092 3629 4162 τὴν
3671 4089 3780 4142 τῶν

2202 4193 2574 4264 προκειμένων
2600 4188 2851 4258 δύναμιν,
2885 4184 3281 4257 παροτρύνουσι
3314 4182 3402 4238 τὸν
3425 4181 3557 4236 Θεὸν
3585 4183 3635 4234 οἰ
3662 4183 3781 4244 ταῖς

2199 4283 2372 4347 οὕτως
2395 4280 2739 4342 ἀπαιδεύτοις
2761 4276 3092 4348 κεχρημένοι
3112 4279 3335 4346 φωναῖς.
3357 4273 3652 4343 Μονονουχὶ
3673 4273 3780 4344 γὰρ

2202 4377 2300 4432 καὶ
2329 4376 2588 4446 ἐπιτιμᾷν
2629 4371 2932 4441 ἐγνώκασιν
2963 4369 3374 4436 ἀνεξικακοῦντι
3402 4367 3522 4439 Θεῷ
3553 4368 3782 4439 περιμέ-

523 4466 862 4532 torpentibus
896 4473 952 4518 et
993 4479 1023 4516 a
1067 4459 1385 4533 poenitentia
1441 4457 1836 4530 refugientibus
1866 4456 2094 4512 dolens:

2203 4469 2348 4523 νοντί
2379 4484 2441 4521 τε
2472 4467 2572 4521 καὶ.
2605 4465 2750 4536 μάλα
2798 4463 3052 4536 χρηστῶς
3082 4459 3194 4518 τῶν
3225 4459 3652 4532 πεπλανημένων
3681 4457 3780 4529 τὴν

525 4577 544 4608 ι
576 4556 710 4610 Nunt
753 4557 971 4610 divitias
1014 4555 1276 4610 bonitatis
1322 4553 1441 4624 eius
1472 4561 1526 4607 et
1571 4549 1847 4621 patientiae
1892 4559 1954 4605 et
1987 4547 2094 4604 lon-

2210 4556 2568 4629 ὲπιστροφὴν,
2592 4555 2702 4608 τῶν
2725 4556 2804 4620 εἰς
2833 4553 3108 4626 ἁμαρτίαν
3135 4550 3538 4622 ὡλισθηκότων,
3571 4547 3668 4622 τὴν
3701 4550 3781 4612 είς

479 4649 855 4719 ganimitatis
924 4645 1246 4713 contemnis,
1311 4645 1568 4716 ignorans
1615 4644 1740 4712 quia
1791 4641 2098 4712 benignitas

524 4742 616 4795 Dei
661 4743 730 4795 ad
771 4739 1148 4812 paenitentiam
1181 4748 1233 4793 te
1266 4733 1462 4792 ducit?
1490 4736 1798 4791 Secundum
1845 4735 2097 4788 duritiam

523 4845 701 4888 autem
745 4842 801 4886 et
851 4832 1198 4902 imptnnitens
1237 4845 1333 4886 cor
1379 4838 1566 4894 tuum,
1617 4826 1952 4882 tbesaurizas
2003 4825 2099 4880 tibi

524 4925 624 4994 ipsi
658 4927 792 4976 iram
831 4926 887 4978 in
932 4923 1020 4978 die
1056 4923 1150 4977 ira:
1180 4931 1236 4977 et
1286 4920 1631 4976 revelationis
1665 4927 1720 4972 et
1739 4917 1872 4987 justi
1908 4916 2099 4987 iudicii

525 5017 706 5070 Dei“.
742 5034 761 5067 ι
799 5017 982 5084 itaque
1027 5015 1193 5069 etiam
1239 5020 1404 5083 atque
1435 5015 1601 5069 etiam
1645 5013 2098 5081 vehementerque

526 5109 689 5161 Deum
735 5105 1014 5162 offendunt
1043 5107 1138 5176 qui
1174 5107 1311 5162 adeo
1357 5105 1609 5161 inanibus
1633 5103 1767 5158 dant
1808 5118 2000 5160 manus
2041 5113 2097 5159 et

521 5199 702 5268 lingua
732 5196 990 5253 eii‘renata
1027 5197 1132 5266 ipsi
1167 5197 1560 5261 convitiantur,
1595 5205 1654 5250 et
1691 5205 1916 5265 peccato
1949 5205 2096 5251 tene-

524 5294 721 5346 buntur
753 5293 845 5362 qui
885 5289 1062 5345 morbi
1089 5289 1412 5346 occasiones
1443 5289 1573 5358 ipsis
1596 5289 1878 5342 dederunt.

2207 4652 2276 4706 τὰ
2303 4651 2511 4722 ἀμείνω
2539 4648 2903 4719 μεταδρομήν.
2925 4645 3040 4701 Καὶ
3067 4644 3239 4714 γοῦνὸ
3262 4643 3544 4706 Θεσπέσιος
3572 4640 3782 4704 Παῦλος

2204 4746 2318 4806 τοῖς
2340 4739 2556 4795 ὀκνοῦσί
2579 4755 2640 4793 τε
2673 4741 2766 4792 καὶι
2786 4736 3167 4807 ἀναδυομένοος
3195 4734 3274 4788 ἔτι
3309 4732 3406 4804 τὴν
3437 4731 3780 4801 μετάγνωσιν

2207 4833 2464 4903 ἐπετίμα,
2493 4829 2667 4896 λέγων
2687 4845 2700 4859 ·
2741 4849 2759 4879 ι
2790 4825 2851 4881 Ei
2881 4825 2976 4879 τοῦ
3015 4824 3247 4880 πλούτου
3285 4823 3386 4893 τῆς
3417 4821 3782 4894 χρηστότητος

2205 4921 2373 4978 αὑτοῦ
2394 4923 2488 4976 καὶ
2513 4921 2612 4991 τῆς
2636 4919 2838 4990 ἀνοχῆς
2863 4919 2958 4971 καὶ.
2976 4916 3073 4985 τῆς
3099 4913 3480 4985 μακροθυμίας
3509 4928 3774 4982 καταφρο-

2205 5018 2335 5079 νεῖς,
2367 5011 2576 5082 ἀγνοῶν
2606 5012 2690 5066 ὅτι
2720 5010 2782 5062 τὸ
2816 5006 3049 5080 χρηστὸν
3086 5005 3179 5059 τοῦ
3209 5002 3344 5058 Θεοῦ
3374 5005 3454 5067 εἰς
3492 5003 3782 5074 μετάνοιάν

2205 5124 2265 5176 σι
2291 5107 2448 5175 iniec;
2479 5104 2620 5159 κατὰ
2651 5101 2707 5155 δὲ
2734 5101 2832 5172 τὴν
2858 5097 3202 5170 σκληρότητά
3237 5113 3331 5151 σου
3363 5097 3458 5150 καὶ
3481 5095 3781 5166 ἀμετανόη-

2205 5215 2295 5252 τον
2329 5195 2577 5266 καρδίαν,
2627 5178 2974 5262 θησαυρίζεις
3032 5187 3243 5259 σεαυτῷ
3291 5186 3458 5258 ὀργὴν
3496 5187 3552 5239 ὲν
3597 5184 3780 5256 ἡμέρᾳ

2205 5290 2375 5360 ὀργῆς
2407 5287 2502 5340 καὶ
2519 5283 2909 5352 ἀποκαλύψεως
2932 5280 3028 5335 καὶ
3047 5279 3442 5350 δικαιοκρισίας
3465 5278 3557 5331 τοῦ
3574 5275 3729 5330 Θεοῦ.
3754 5294 3772 5326 ι

523 5379 733 5434 Οὐκοῦν
774 5380 1216 5453 προσιρώσουσι
1247 5378 1348 5451 μὲν
1375 5379 1556 5449 πάντη
1582 5380 1678 5433 καὶ
1712 5379 1925 5444 πάντως
1963 5382 2013 5434 oi
2039 5384 2158 5446 sui;
2197 5381 2340 5434 οὕτω
2365 5379 2600 5448 ψυχραῖς
2640 5374 2944 5447 ἡττώμενοι
2969 5372 3066 5427 καὶ
3099 5371 3354 5443 ἀχάλινον
3396 5369 3490 5423 ἰπὶ
3527 5367 3645 5439 Θεῷ
3679 5367 3779 5438 τὴν

522 5473 767 5542 γλῶτταν
791 5474 1033 5539 ἀνέντες,
1064 5473 1237 5544 ἔνοχοι
1260 5471 1318 5525 δὲ
1355 5471 1735 5544 πλημμελείας
1767 5468 1877 5526 εἷεν
1912 5473 1978 5526 ἂν
2009 5475 2056 5525 οἱ
2085 5475 2183 5544 τῆς
2215 5471 2527 5544 ἀρρωστίας
2553 5471 2737 5532 αὐτοῖς
2761 5467 2994 5532 διδόντες
3021 5465 3120 5531 τὰς
3155 5465 3426 5537 ἀφορμάς.

531 5643 544 5657 ι
600 5563 889 5619 \‘ivendum
927 5566 1089 5637 igitur
1120 5563 1306 5622 sancte
1335 5573 1390 5618 et
1429 5575 1574 5620 recta
1614 5565 1696 5619 via
1733 5564 2085 5619 incedendum

657 5771 697 5799 ³³
728 5769 952 5823 Ηλιηςιι.
995 5787 1035 5836 ι,
1072 5770 1157 5828 l3.
1270 5769 1311 5800 ³⁸
1349 5767 1569 5825 Mal-ach.
1621 5784 1678 5834 tt,
1711 5769 1764 5822 9.

1876 5769 1918 5799 ⁸⁵
1957 5768 2109 5823 Deut.
2145 5782 2185 5830 ι,
2218 5763 2302 5819 ιδ.

2268 5564 2384 5634 Χρὴ
2431 5562 2494 5632 δὴ
2531 5553 2623 5614 οὖν
2654 5558 2763 5632 ἄρα
2804 5554 2996 5630 διαζῇν
3044 5557 3209 5626 ἀγίως
3245 5557 3338 5610 καὶ
3377 5550 3684 5625 όρθοποδεῖν
3721 5549 3779 5602 ἐν

2416 5762 2458 5794 ³⁸
2491 5761 2644 5819 Rom.
2673 5779 2749 5828 tl,
2788 5761 2842 5829 4,
2883 5759 2934 5814 5.
