4120 6376
390 421 493 477 329

1247 421 1797 479 COMMENTARIUS
1835 424 1901 479 IN
1942 422 2345 482 MALACIIIAM
2390 424 2831 481 PROPHETAM.

3542 427 3647 482 550

402 533 696 608 Ἐκκλησία
746 536 874 600 τοὺς
926 535 1259 601 ἀπολέκτους
1313 538 1631 610 ίερουργοὺς
1676 538 1795 609 ἦτοι
1847 541 2004 604 τοὺς

2090 542 2130 595 in
2167 539 2405 596 Ecclesia
2432 540 2619 595 electis
2650 538 3024 595 sacerdotibus
3047 542 3158 596 sive
3188 542 3254 597 ad
3281 544 3645 600 sacerdotium

387 628 757 701 κεκλημένους
784 628 866 692 είς
909 628 1229 702 ἱερωσύνην.
1255 629 1508 683 Ἔσονται
1546 628 1655 701 γὰρ
1692 628 1865 694 οὕτως
1894 632 1973 694 είς

388 718 743 774 ὑποτύπωσιν
774 717 1074 790 εὐκοσμίας
1109 719 1204 773 καὶ
1240 718 1460 790 ἀπάσης
1488 719 1689 790 ἀρετῆς
1729 722 1840 783 τοῖς
1872 720 1975 774 ὑπὸ

386 812 548 882 χεῖρα
590 808 766 876 λαοῖς,
809 808 859 862 οἱ
891 810 988 864 καὶ
1036 810 1129 863 τὸν
1177 809 1287 862 τῶν
1325 809 1465 862 ὅλων
1509 811 1974 881 καταγεραίρουσι

388 904 543 966 Θεὸν,
587 902 687 974 τῆς
734 900 845 957 τῶν
900 902 1091 974 ἱερέων
1142 901 1418 965 πολιτείας
1466 902 1528 955 τὸ
1574 901 1829 973 λαμπρὸν
1882 903 1977 955 καὶ

390 995 669 1067 ἐξαίρετον
714 992 1119 1063 καταθεώμενοι
1152 994 1365 1057 κάλλος.
1396 994 1509 1048 Καὶ
1554 992 1737 1058 τοῦτο,
1782 988 1972 1063 οἶμαι,

389 1088 509 1141 ἐστὶ
530 1086 593 1140 τὸ
618 1084 706 1139 διὰ
729 1084 831 1156 τῆς
852 1083 947 1138 τοῦ
968 1084 1220 1156 Σωτῆρος
1246 1086 1431 1157 φωνῆς
1454 1084 1630 1156 ὀρθῶς
1655 1086 1774 1156 είρη
1784 1084 1941 1154 μένον
1956 1099 1971 1114 ⁸

395 1199 414 1231 ι
448 1177 733 1251 Λαμψάτω
755 1177 818 1231 τὸ
849 1176 966 1248 φῶς
995 1177 1149 1248 ὑμῶν
1172 1176 1486 1250 ἔμπροσθεν
1514 1177 1625 1230 τῶν
1647 1177 1972 1249 ἀνθρώπων,

389 1273 537 1336 ὅπως
583 1272 735 1325 ἴδωσι
762 1271 831 1324 τὰ
870 1270 1013 1324 καλά
1038 1269 1176 1341 ἔργα
1207 1271 1393 1342 ὑμῶν,
1431 1272 1528 1326 καὶ¹
1567 1271 1835 1335 δοξάσωσι
1881 1270 1975 1325 τὸν

389 1363 611 1435 Πατέρα
653 1361 810 1435 ὑμῶν
864 1361 957 1416 τὸν
998 1364 1057 1415 ὲν
1099 1365 1215 1426 τοῖς
1256 1364 1523 1434 οὐρανοῖς.
1552 1383 1571 1417 s
1605 1365 1818 1438 Ὠσπερ
1865 1365 1976 1439 γάρ

389 1453 834 1519 σκανδαλίζονται
869 1452 1008 1515 λαοὶ,
1042 1453 1143 1525 ζῇν
1176 1453 1449 1524 ἑλομένων
1479 1455 1722 1520 ἐκτόπως
1753 1456 1863 1511 τῶν
1904 1459 1978 1511 ἱε-

393 1546 559 1618 ρέων*
604 1542 747 1599 οὕτω
777 1544 1037 1615 πλείστην
1085 1561 1143 1597 τε
1191 1544 1324 1615 ὅσην
1372 1545 1469 1599 καὶ
1516 1546 1636 1599 λίαν
1684 1546 1974 1618 ἀμφιλαφῆ

392 1637 711 1709 κερδανοῦσι
736 1637 836 1709 τὴν
860 1636 1067 1708 ὄνησιν,
1095 1638 1144 1690 εί
1174 1637 1238 1709 δή
1259 1656 1360 1691 που
1392 1638 1679 1693 θεάσαιντο
1712 1639 1976 1711 πληροῦν-

390 1750 490 1796 τας
534 1732 595 1786 τὸ
646 1729 870 1801 ἀγαθὸν,
900 1729 995 1782 καὶ
1040 1728 1231 1801 διαζῆν
1266 1730 1601 1801 ἡγουμένους
1645 1730 1720 1794 ὡς
1761 1730 1977 1786 ἁνδάνει

388 1822 530 1893 Θεῷ.

997 1956 1249 2012 ΚΕΦΑΛ.
1296 1957 1370 2011 F'.

475 2093 631 2149 Ἰδοὺ
834 2091 1155 2148 ἀποστελῶ
1200 2091 1463 2162 ἄγγελόν
1504 2111 1644 2163 μου,
1702 2094 1799 2147 καὶ
1849 2094 1980 2147 ἐπι-

388 2184 679 2254 ϐλέψεται
709 2183 856 2239 ὁδὸν
884 2184 1001 2255 πρὸ
1032 2184 1358 2253 προσώπου
1375 2203 1517 2254 μου.
1548 2186 1658 2241 Καὶ
1688 2185 1982 2255 ἐξαίφνης

393 2277 529 2347 ἣξει
560 2281 649 2343 εὶς
693 2276 803 2331 τὸν
837 2276 991 2331 ναὸν
1031 2276 1250 2330 ἑαυτοῦ
1293 2277 1535 2345 Κύριος,
1579 2276 1653 2329 ὃν
1684 2276 1854 2346 ὑμεῖς
1886 2274 1980 2345 ζη-

392 2368 567 2435 τεῖτε,
595 2369 697 2423 καὶ
717 2370 754 2423 ὀ
779 2370 1068 2439 Ἀγγελος
1099 2368 1211 2438 τῆς
1241 2366 1558 2437 διαθήκης,
1590 2368 1665 2422 ὃν
1692 2368 1860 2437 ὑμεῖς
1892 2369 1985 2424 θέ-

392 2464 554 2518 lere.

466 2553 591 2609 AB’.
632 2551 978 2624 Εύαφόρμως
1018 2552 1141 2607 λίαν
1175 2553 1269 2607 επὶ
1295 2553 1473 2608 τὸτοῦ
1508 2555 1747 2627 Χριστοῦ
1782 2558 1985 2628 μυστήο

400 2661 516 2716 ριον
549 2646 579 2699 6
618 2643 722 2710 τῆς
754 2643 1126 2716 προκειμένης
1178 2645 1310 2716 ἡμῖν
1357 2646 1697 2717 προφητείας
1749 2664 1987 2717 μεταπε-

398 2738 625 2808 φοίτηκε
658 2736 835 2806 λόγος.
872 2736 1070 2804 Γέγονε
1104 2735 1214 2807 γὰρ
1244 2737 1377 2808 ἡμῖν
1406 2736 1557 2809 παρὰ
1594 2736 1688 2790 τοῦ
1721 2737 1856 2791 Θεοῦ
1888 2738 1985 2792 καλ⁸

398 2828 613 2897 Πατρδς
640 2827 669 2880 6
711 2826 1059 2899 Ἐμμανουήλ
1096 2844 1115 2880 ι
1150 2826 1467 2896 δικαιοσύνη
1496 2844 1555 2880 τε
1587 2827 1683 2880 καὶ
1715 2828 1986 2899 ἁγιασμὸς

400 2920 497 2974 καὶ
522 2918 921 2991 ἀπολύτρωσις,
961 2939 980 2973 ι
1016 2919 1113 2975 καὶ
1147 2919 1321 2992 ῥύπου
1351 2920 1551 2985 παντὸς
1583 2922 1985 2993 ἀποκάθαρσις,

402 3012 501 3068 καὶ
525 3012 809 3085 ἁμαρτιῶν
835 3012 1116 3076 ἀπόθεσις,
1152 3013 1248 3066 καὶ
1274 3011 1383 3066 τῶν
1410 3013 1697 3083 αίσχιόνων
1723 3013 1987 3085 ἀποϐολὴ,

404 3104 503 3161 καὶ
529 3105 647 3168 όδδς
674 3107 756 3170 είς
778 3105 847 3160 τά
876 3106 1083 3178 ἀμείνω
1106 3106 1203 3160 καὶ
1251 3106 1699 3179 πρεπωδέστερα,
1725 3106 1819 3160 καὶ
1847 3106 1989 3177 θύρα

402 3212 492 3260 τις
518 3194 709 3268 ὥσπερ
748 3197 844 3251 καὶ
871 3196 1091 3268 είσόολὴ
1123 3196 1262 3270 πρὸς
1290 3197 1437 3269 ζωὴν
1469 3196 1707 3263 αιώνιον,
1745 3198 1898 3252 πᾶσά
1927 3214 1988 3251 τε

2074 632 2301 687 vocatis.
2335 632 2428 688 Sic
2457 632 2601 686 enim
2634 631 2865 687 subditis
2905 632 3152 704 exemplo
3180 644 3340 689 erunt
3385 646 3442 691 et
3475 635 3647 692 forma

2076 725 2381 779 honestatis
2424 724 2710 793 omnisque
2756 724 2997 789 virtutis,
3037 726 3127 796 qui
3174 735 3231 781 et
3272 728 3647 783 universorum

2077 816 2186 869 Deo
2225 814 2589 884 gratulantur,
2639 830 2763 869 cum
2817 813 3027 870 illustre
3072 828 3129 871 et
3167 818 3442 889 singulare
3487 821 3652 875 decus

2077 921 2267 960 eorum
2317 910 2442 963 vitae
2489 906 2948 977 contemplantur.
3006 911 3071 963 Et
3105 911 3206 965 hoc
3254 920 3360 975 est,
3400 921 3458 965 ut
3500 922 3649 981 puto,

2074 998 2216 1064 ιιιιοιΙ
2249 1012 2381 1052 voce
2415 998 2715 1053 Salvatoris
2758 1000 2925 1068 probe
2954 999 3159 1053 dictum
3194 1000 3428 1073 legimus
3456 1020 3470 1057 :
3509 1021 3528 1054 ι
3561 1004 3653 1056 Sic

2076 1088 2257 1144 luceat
2315 1090 2407 1145 lus
2465 1100 2644 1145 vestra
2697 1106 2879 1145 coram
2937 1092 3280 1156 hominibus,
3324 1103 3385 1148 ut
3434 1094 3654 1149 videant

2075 1196 2238 1251 opera
2264 1197 2442 1238 vestra
2478 1184 2613 1238 bona
2644 1193 2698 1239 et
2723 1183 3027 1251 gloriﬁcent
3054 1183 3271 1240 Patrem
3294 1195 3534 1240 vestrum
3560 1185 3651 1255 qui

2077 1272 2130 1326 in
2159 1275 2318 1329 caelis
2347 1284 2432 1330 est
2456 1275 2521 1330 ³⁷.
2562 1292 2581 1327 ι
2616 1276 3077 1343 Quemadmodum
3124 1278 3268 1331 enim
3297 1277 3467 1351 849
3495 1294 3655 1334 scan-

2076 1364 2344 1420 dalizatur
2384 1367 2633 1438 populus,
2670 1382 2792 1422 cum
2826 1368 3135 1423 sacerdotes
3165 1384 3355 1437 parum
3397 1369 3658 1425 innocen-

2077 1462 2164 1510 ter
2200 1456 2422 1523 vivunt,
2461 1458 2533 1512 ita
2582 1458 3006 1513 emolumentmn
3056 1460 3211 1529 longe
3259 1462 3554 1517 maximum
3605 1471 3660 1515 et

2078 1548 2314 1616 amplam
2354 1550 2642 1604 utilitatem
2691 1553 3066 1621 consequitur.
3102 1555 3145 1608 si
3192 1554 3448 1609 bonitatis
3484 1554 3661 1609 nlllcio

2077 1638 2368 1709 fungentes
2411 1640 2579 1703 videt,
2627 1650 2682 1693 et
2722 1641 3100 1697 existimantes
3153 1643 3223 1695 ita
3269 1642 3557 1696 vivendum
3605 1649 3663 1694 ιιι

2079 1729 2190 1787 Deo
2215 1731 2409 1801 placet.

2721 1955 2872 2010 CAP.
2934 1958 3017 2011 lll.

2155 2084 2319 2139 Vens.
2364 2087 2417 2142 l.
2464 2086 2600 2142 Ecce
2629 2106 2722 2160 ego
2747 2092 2895 2145 mitto
2926 2094 3168 2164 angelum
3194 2113 3384 2160 meum,
3418 2109 3464 2151 et
3485 2116 3667 2165 specu-

2082 2177 2283 2229 labilur
2312 2178 2450 2231 uiam
2484 2189 2606 2233 ante
2631 2180 2822 2248 faciem
2847 2199 3035 2238 meam.
3069 2183 3136 2238 Et
3168 2187 3346 2240 statim
3389 2191 3554 2243 ueniet
3596 2191 3665 2242 ad

2084 2269 2338 2337 templum
2379 2287 2533 2324 suum
2572 2270 2850 2338 Dominus,
2890 2292 3041 2344 quem
3080 2294 3169 2331 vos
3198 2280 3460 2347 qumritis,
3489 2292 3537 2334 et
3568 2284 3670 2335 Au-

2080 2361 2229 2430 gelus
2273 2365 2590 2428 testamenti,
2623 2382 2772 2431 quem
2808 2384 2895 2421 vos
2928 2370 3101 2423 ruitis.

2158 2542 2373 2602 XXXII.
2409 2544 2761 2618 Perapposite
2798 2551 2866 2604 ad
2901 2548 3102 2605 Christi
3154 2554 3471 2623 mysterium
3504 2558 3667 2609 verba

2088 2635 2188 2691 ista
2218 2639 2535 2708 prophetica
2566 2642 2919 2697 transierunt.
2948 2643 3148 2699 Factus
3174 2651 3259 2701 est
3280 2645 3425 2700 enim
3452 2648 3608 2702 nobis
3638 2666 3667 2701 ιι

2089 2729 2201 2783 Deo
2235 2738 2292 2784 et
2336 2729 2500 2786 Patre
2560 2732 2880 2787 Emmanuel
2930 2733 3164 2801 iustitia,
3210 2744 3265 2790 et
3311 2738 3671 2793 sanctiﬁcatio

2087 2830 2145 2877 et
2175 2821 2480 2894 redemptio
2502 2824 2569 2857 ³⁷⁸
2589 2864 2605 2887 .
2634 2834 2691 2880 et
2728 2826 2907 2880 omnis
2935 2826 3291 2884 immunditia:
3317 2832 3630 2887 emundatio
3654 2871 3670 2897 ,

2088 2925 2550 2986 peccatorumque
2579 2918 2866 2987 depositio,
2892 2928 2943 2973 et
2968 2920 3379 2977 inbonestorum
3412 2923 3669 2992 abjectto,

2089 3015 2146 3061 et
2189 3007 2257 3061 ad
2306 3008 2529 3063 meliora
2586 3024 2651 3064 ac
2692 3011 3003 3066 deocntiora
3048 3014 3293 3081 quaedam
3339 3013 3445 3079 via,
3496 3024 3553 3071 et
3604 3018 3670 3071 ad

2089 3107 2351 3153 aternam
2410 3099 2577 3153 vitam
2629 3114 2727 3153 ceu
2780 3102 2943 3171 janna
3002 3113 3057 3155 et
3111 3102 3408 3174 ingressus,
3468 3114 3526 3161 et
3576 3122 3672 3175 per

2090 3189 2267 3260 ipsum
2306 3200 2550 3245 correcta
2587 3200 2715 3246 sunt
2743 3194 2946 3256 omnia,
2984 3203 3034 3247 et
3070 3209 3293 3251 eversus
3326 3196 3525 3251 diaboli
3569 3200 3670 3251 tio-

402 3290 476 3345 6t‘
505 3290 672 3345 αὐτοῦ
710 3290 934 3360 γέγονεν
962 3291 1357 3363 ἐπανόρθωσις,
1387 3291 1485 3346 καὶ
1514 3290 1830 3358 πλεονεξίας
1861 3292 1991 3345 ἀνα-

2095 3284 2354 3349 minatus,
2384 3293 2439 3337 et
2477 3283 2694 3337 inventa
2734 3284 2969 3354 jnstitia.
3001 3284 3207 3351 Quibus
3234 3287 3379 3341 enim
3410 3289 3671 3344 mirabili-

404 3380 604 3452 τροπὴ.
635 3380 731 3434 καὶ
752 3380 1101 3453 δικαιοσύνης
1127 3380 1366 3453 εὕρεσις.
1397 3382 1508 3436 Καὶ
1531 3380 1583 3435 τί
1610 3382 1719 3453 γὰρ
1737 3382 1859 3452 οὐχὶ
1882 3380 1993 3433 τῶν

404 3472 874 3543 τεθαυμασμένων
919 3474 988 3527 δι’
1016 3473 1181 3529 αὑτοῦ
1228 3472 1720 3546 πεπλουτήκαμεν;
1774 3493 1793 3527 ι
1861 3474 1992 3527 Ἰδοὺ

404 3562 607 3627 τοίνυν,
642 3565 799 3633 φησι,
847 3564 1127 3619 ἀποστελῶ
1158 3564 1250 3619 τὸν
1288 3564 1519 3633 ἄγγελόν
1559 3581 1682 3635 μου,
1732 3563 1828 3617 καὶ
1869 3565 1992 3616 ἑπι-

401 3655 661 3727 σλέψεται
690 3656 812 3711 όδδν
841 3657 951 3729 πρὸ
1000 3656 1294 3727 προσώπου
1344 3674 1468 3727 μου.
1515 3675 1534 3709 ι
1586 3657 1771 3712 Ἔοικε
1815 3656 1872 3709 δὲ
1900 3654 1992 3710 διὰ

400 3748 609 3804 τούτων
663 3749 766 3819 τὴν
815 3747 911 3802 τοῦ
961 3748 1120 3817 ἁγίου
1179 3748 1489 3803 Βαπτιστοῦ
1532 3746 1801 3801 ποιεῖσθαι
1852 3764 1988 3819 προ-

404 3840 774 3913 αναφώνησιν.
815 3842 959 3913 Ἔφη
995 3842 1107 3912 γάρ
1153 3857 1257 3894 που
1311 3840 1408 3893 καὶ
1449 3839 1613 3903 αὐτὸς
1658 3841 1687 3893 6
1719 3840 1989 3910 Χριστός*

412 3950 433 3984 ι
471 3927 640 3997 Οὗτός
673 3934 789 3987 εστι
824 3935 953 4004 περὶ
990 3928 1053 3989 οὗ
1083 3932 1396 4005 γέγραπται
1417 3949 1433 3965 ·
1474 3951 1494 3984 ι
1546 3933 1677 3987 Ἰδοὺ
1716 3932 1829 4001 ἐγὼ
1858 3932 1993 3986 ἀπο-

410 4022 584 4076 στελῶ
612 4022 702 4076 τὸν
743 4023 976 4092 ἀγγελόν
1009 4040 1113 4095 μου
1148 4023 1256 4095 πρὸ
1278 4022 1571 4095 προσώπω
1600 4040 1716 4087 σου,
1746 4023 1806 4090 ὃς
1834 4040 1994 4078 καταο

410 4114 668 4169 σκευάσει
700 4113 801 4184 τὴν
826 4114 945 4168 ὁδόν
978 4132 1072 4168 σου
1101 4114 1411 4187 ἔμπροσθέν
1444 4132 1562 4169 σου.
1602 4134 1623 4169 ι
1656 4114 1843 4177 Οὕτως
1863 4117 1997 4185 ἡμῖν

408 4205 573 4259 αὑτὸν
618 4207 714 4259 καὶ
759 4209 789 4260 6
839 4206 1125 4271 θεσπέσιος
1192 4208 1422 4272 Ἡσαΐας
1473 4209 1738 4279 ἐσήμηνε,
1782 4206 1993 4275 λέγων’

408 4316 433 4352 e
484 4300 641 4371 Φωνὴ
691 4299 922 4370 βοῶντος
966 4302 1025 4355 ὲν
1075 4303 1141 4372 τῇ
1197 4302 1429 4373 ἐρήμῳ·
1483 4300 1844 4372 Ἑτοιμάσατε
1896 4299 1997 4370 τὴν

410 4391 527 4444 ὁδὸν
565 4392 794 4463 Κυρίου,
840 4391 1055 4456 εὐθείας
1102 4395 1309 4446 ποιεῖτε
1353 4394 1452 4456 τὰς
1484 4391 1701 4463 τρίϐους
1737 4390 1830 4445 τοῦ
1861 4391 1996 4445 Θεοῦ

408 4483 590 4553 ἡμῶν.
642 4501 662 4536 ι
713 4477 790 4537 Οὗ
835 4484 900 4556 δὴ
946 4484 1253 4553 γεγονότος,
1303 4486 1457 4556 φησι,
1498 4485 1593 4538 καὶ⁸
1638 4484 1776 4556 πρὸς
1824 4484 1997 4555 βραχὺ

406 4575 812 4647 δεδραμηκότος
848 4575 943 4631 τοῦ
973 4575 1256 4645 ἀγγέλλειν
1277 4576 1348 4629 τά
1372 4577 1550 4631 τοιάδε
1588 4576 1999 4649 προστεταγμέ-

408 4683 524 4730 νου,
585 4685 606 4719 ι
670 4666 958 4741 Ἐξαίφνης
1000 4668 1145 4739 ἣξει,
1189 4669 1343 4740 φησι,
1388 4670 1469 4732 είς
1518 4668 1612 4723 τὸν
1656 4668 1785 4722 ναὸν
1826 4668 1992 4722 αὑτοῦ

410 4757 632 4831 Κύριος,
661 4758 722 4812 ὃν
753 4760 910 4831 ὑμεῖς
939 4760 1173 4831 ζητεῖτε,
1204 4760 1299 4815 καὶ
1331 4761 1361 4813 6
1394 4760 1625 4830 ἄγγελος
1662 4759 1764 4830 τῆς
1795 4758 1991 4831 διαθή-

410 4866 535 4920 κτιςι
567 4849 628 4904 ὃν
657 4851 816 4921 ὑμεῖς
847 4850 1081 4907 θέλετε.»
1120 4850 1523 4923 Διισχυρίζεται
1549 4850 1607 4905 δὲ
1634 4856 1729 4906 καὶ
1753 4854 1783 4905 6
1808 4850 1990 4922 μακάο

413 4954 528 5009 ριος
590 4938 864 5012 Ἰωάννης.
913 4940 1089 5010 λέγων
1134 4943 1248 5004 τοῖς
1295 4940 1637 5021 ἐρχομένοις.
1658 4940 1753 4995 ἐπὶ
1793 4941 1857 4995 τὸ
1891 4941 1990 5013 τῆς

415 5031 705 5100 μετανοίας
760 5030 1079 5103 βάπτισμαο
1136 5050 1155 5086 ι
1226 5030 1369 5101 Ἐγὼ
1429 5030 1680 5103 βαπτίζω
1734 5033 1882 5105 ὑμᾶς
1941 5033 2001 5087 ιν

413 5120 569 5178 ὕδατι
587 5139 601 5152 ·
633 5124 812 5178 ὀπίσω
841 5140 944 5195 μου
974 5124 1199 5197 ἔρχεται
1229 5125 1391 5197 ἀνὴρ,
1416 5118 1479 5179 οὗ
1506 5124 1609 5179 οὐκ
1645 5125 1764 5197 ειμι
1816 5124 2002 5189 ἱκανὸς

414 5212 503 5268 ἵνα
536 5212 717 5281 κύψας
744 5214 893 5271 λύσω
935 5217 1027 5272 τὸν
1055 5217 1257 5289 ιμάντα
1287 5218 1383 5272 τοῦ
1416 5218 1765 5290 ὑποδήματος
1796 5218 1998 5274 αὑτοῦ·

414 5306 620 5370 ἐκεῖνος
650 5308 794 5377 ὑμᾶς
821 5306 1072 5379 βαπτίσει
1096 5311 1159 5365 εν
1185 5308 1466 5381 Πνεύματι
1498 5311 1638 5382 ἀγίῳ
1663 5315 1762 5365 καὶ
1782 5310 1937 5382 πυρί.
1968 5329 1988 5363 ι

415 5397 613 5470 Συνίης
640 5394 756 5465 οὖν,
782 5400 930 5465 ὅπως
960 5401 1192 5459 κατόπιν
1218 5400 1381 5468 εὐθὺς
1414 5403 1509 5456 καὶ
1541 5402 1823 5472 μονονουχὶ
1855 5402 1998 5457 κατά

416 5490 587 5557 πόδας
609 5490 705 5546 τοῦ
729 5492 1189 5564 προαγγέλλοντος
1208 5492 1453 5559 suam
1471 5496 1501 5548 6
1524 5493 1780 5566 Χριστὸς,
1805 5494 1998 5549 ἑαυτὸν

416 5584 600 5655 ἀφανῆ
630 5586 891 5652 καθιστὰς
919 5590 1034 5653 τοῖς
1063 5590 1166 5644 ἀνὰ
1210 5591 1393 5644 πᾶσαν
1432 5591 1535 5663 την
1589 5590 1868 5653 Ἰουδαίαν,
1903 5588 1997 5643 καὶ⁸

416 5668 529 5728 οἷον
547 5674 808 5749 ἐξαίφνης
833 5679 927 5733 καὶ
954 5679 1231 5744 ἀδοκήτως
1261 5682 1701 5753 ἐπιφαινόμενος.
1732 5678 1997 5750 ’Δγγελόν

496 5853 539 5885 ³⁷
576 5852 764 5910 Matth.
797 5871 850 5919 ν,
884 5854 968 5909 16.
1062 5855 1129 5887 ³⁷·
1159 5854 1178 5910 l
1203 5856 1328 5910 Cor.
1356 5874 1394 5923 ι,
1446 5858 1534 5913 30.

833 5949 1108 6012 l’ATllOL.
1143 5948 1260 6010 Gn.
1296 5950 1527 6012 LXXII.

1612 5859 1655 5890 ³⁸
1688 5857 1876 5914 Matth.
1922 5874 1998 5927 at,

2052 5855 2138 5914 10.
2211 5858 2377 5918 "lsa.
2402 5876 2489 5930 ιι,
2522 5861 2576 5929 3,
2605 5877 2618 5927 ;
2650 5858 2844 5919 Matth.
2878 5876 2964 5925 ιιι,
3000 5858 3055 5916 5.

2094 3372 2196 3428 bus
2228 3388 2325 3442 per
2376 3375 2552 3445 ipsum
2597 3374 2908 3441 locupletati
2959 3393 3065 3431 non
3115 3380 3344 3433 sumus?
3378 3381 3468 3433 Ait
3495 3396 3675 3453 ergo:

2098 3483 2118 3516 ι
2144 3465 2289 3521 Ecce
2321 3479 2421 3535 ego
2454 3466 2661 3520 mittam
2693 3467 2943 3537 angelum
2983 3484 3183 3535 meum,
3218 3480 3274 3524 et
3305 3472 3676 3541 speculabitnr

2093 3556 2235 3609 viam
2270 3566 2397 3611 ante
2437 3557 2629 3612 faciem
2671 3574 2868 3613 meam.
2903 3577 2923 3611 ›
2963 3559 3172 3626 Quibus
3209 3564 3390 3617 verbis
3424 3574 3673 3620 sanctum

2094 3648 2391 3719 Baptistam
2443 3651 2657 3706 videtur
2700 3654 3085 3720 prae-nuntiare.
3142 3651 3276 3709 Nam
3326 3668 3380 3710 et
3428 3656 3677 3713 Christus

2096 3741 2214 3811 ipse
2249 3742 2451 3798 alicubi
2483 3759 2497 3796 :
2539 3761 2558 3794 ι
2594 3743 2694 3799 llic
2729 3752 2812 3799 est
2848 3745 2913 3799 de
2942 3761 3051 3815 quo
3083 3746 3345 3815 scriptum
3383 3757 3467 3802 est
3494 3760 3510 3802 :
3540 3748 3678 3805 Ecce

2097 3847 2200 3903 ego
2242 3834 2454 3888 mittam
2502 3834 2754 3904 angelum
2791 3850 2970 3889 meum
3021 3845 3148 3891 ante
3179 3836 3373 3893 faciem
3406 3848 3575 3907 tuam,
3621 3852 3680 3893 nt

2096 3934 2365 3995 praeparet
2393 3925 2539 3979 viam
2572 3934 2718 3979 tuam
2751 3935 2878 3981 ante
2906 3936 2961 3982 te
2980 3926 3046 3983 “.
3074 3946 3093 3978 ι
3127 3925 3207 3984 De
3234 3931 3424 3985 eodem
3461 3932 3678 3986 divinus

2098 4017 2306 4075 Isaias:
2341 4037 2362 4072 ι
2396 4018 2505 4074 Vox
2560 4020 2847 4075 clamantis
2895 4020 2948 4075 in
3003 4021 3221 4076 deserto
3252 4039 3267 4078 :
3299 4022 3494 4079 Parate
3535 4025 3677 4081 vlam

2101 4111 2338 4176 Domini,
2381 4121 2559 4167 rectas
2596 4112 2759 4167 facite
2803 4114 3027 4167 semitas
3072 4111 3166 4168 Dei
3200 4115 3373 4169 nostri
3401 4115 3466 4169 ³⁹.
3501 4134 3521 4168 ι
3556 4115 3676 4183 Quo

2102 4203 2265 4267 facto,
2288 4204 2485 4275 inquit,
2514 4216 2711 4259 etcum
2736 4204 3011 4276 paululum
3037 4206 3345 4260 cucurrerit
3365 4207 3455 4275 qui
3481 4209 3547 4261 ad
3574 4209 3679 4262 ista

2100 4297 2399 4351 nuntianda
2436 4298 2764 4351 constitutus
2793 4305 2878 4352 est
2908 4319 2919 4352 :
2954 4315 2976 4349 ι
3011 4298 3205 4352 Statim
3242 4298 3419 4353 veniet
3454 4300 3521 4352 ad
3552 4309 3683 4353 tem-

2100 4388 2247 4459 plum
2282 4404 2438 4445 suum
2482 4388 2763 4455 Dominus,
2796 4404 2955 4458 quem
2987 4404 3083 4444 vos
3111 4390 3375 4459 quaeritis,
3421 4402 3477 4445 et
3504 4392 3682 4459 Ange-

2100 4480 2184 4537 lus
2219 4484 2554 4549 testamenti,
2589 4498 2750 4553 quem
2795 4497 2891 4537 vos
2921 4482 3104 4536 vultis.
3139 4500 3158 4535 ι
3188 4480 3491 4538 Conﬁrmat.
3537 4484 3679 4538 idem

2104 4584 2161 4631 et
2191 4577 2383 4630 beatus
2406 4572 2667 4640 Joannes,
2702 4575 2768 4629 ad
2802 4574 3127 4643 baptismum
3169 4576 3503 4644 pmnitentia:
3538 4577 3685 4630 acci-

2102 4666 2357 4738 piendum
2389 4664 2723 4721 conﬂuentes
2752 4666 2831 4721 sic
2864 4665 3198 4737 compellans
3224 4684 3237 4721 :
3271 4686 3291 4720 ι
3325 4667 3436 4738 Ego
3462 4668 3679 4738 baptizo

2100 4774 2197 4814 vos
2228 4759 2281 4815 in
2321 4773 2483 4829 aqua,
2539 4769 2657 4828 post
2690 4772 2775 4812 me
2810 4769 2989 4813 autem
3024 4760 3203 4814 veniet
3238 4760 3342 4822 vir,
3377 4758 3529 4828 cujus
3570 4776 3677 4813 non

2097 4864 2219 4905 sum
2254 4848 2452 4919 dignus
2490 4858 2550 4902 ut
2591 4849 2954 4917 procumbens
2997 4849 3205 4903 solvam
3248 4849 3535 4919 corrigiam
3563 4850 3684 4921 ejus

2101 4941 2458 4999 calceamenti
2490 4958 2504 4994 :
2532 4940 2624 4997 ille
2652 4955 2749 4995 vos
2798 4940 3092 5012 baptisabit
3140 4940 3195 4996 in
3243 4940 3451 5010 Spiritu
3491 4951 3681 4996 sancto
3769 4986 3776 4995 ,

2099 5046 2155 5092 ει
2180 5035 2289 5105 igni
2312 5033 2377 5089 ⁵³.
2410 5051 2431 5085 ι
2456 5032 2733 5105 Perspicis
2759 5032 2924 5106 igitur
2975 5033 3251 5105 quomodo
3274 5042 3394 5103 post
3422 5032 3605 5088 statim
3628 5042 3682 5087 nl

2100 5136 2317 5193 tantum
2357 5140 2465 5182 non
2495 5138 2530 5181 ε
2557 5125 2790 5195 vestigio
2822 5124 3077 5182 Christus
3114 5125 3481 5194 praenuntium
3522 5139 3681 5179 secu-

2098 5227 2187 5275 tos
2219 5221 2314 5284 sit,
2345 5222 2407 5275 se
2444 5218 2619 5289 ipsum
2668 5218 2932 5273 hactenus
2962 5216 3220 5272 latentem
3253 5215 3458 5271 sistens
3476 5212 3680 5269 Juilais

2098 5310 2395 5377 universis,
2423 5308 2595 5383 850
2618 5318 2674 5366 et
2700 5309 2857 5381 quasi
2885 5306 3169 5379 repentino
3202 5319 3269 5361 ac
3292 5306 3361 5361 de
3389 5301 3681 5373 improviso

2104 5417 2394 5474 apparens.
2448 5400 2712 5471 Angelum
2766 5409 2947 5461 autem
3003 5398 3341 5454 nominatum
3394 5397 3685 5450 sacrosatﬁ

2099 5503 2250 5549 ctum
2281 5491 2582 5562 Baptistsm
2607 5492 2862 5558 dicimus,
2895 5506 3001 5547 non
3035 5498 3259 5560 propter
3278 5498 3527 5546 naturam
3556 5485 3681 5558 qui-

2100 5586 2248 5651 dem,
2308 5601 2375 5641 es
2415 5584 2643 5640 muliere
2668 5583 2814 5638 enim
2848 5593 3008 5638 natus
3041 5583 3209 5638 homo
3232 5580 3458 5654 proinde
3487 5586 3545 5633 ut
3577 5590 3677 5633 nos

2100 5677 2238 5742 luit,
2275 5676 2374 5734 sed
2406 5678 2664 5747 quoniam
2695 5676 2773 5732 illi
2808 5676 2935 5731 talia
2975 5677 3129 5731 nobis
3153 5670 3483 5746 pradicant“
3540 5682 3683 5724 nun—

3251 5947 3311 6010 ll

3169 5857 3213 5887 δ’
3251 5854 3437 5911 Matth.
3475 5867 3561 5920 tu,
3593 5852 3683 5909 ll.
3798 5890 3801 5891 γ
