4120 6376
441 367 541 425 351

447 479 724 537 tiandiune

448 493 724 547 ttandtque
773 493 968 527 munus
1014 493 1098 522 cas
1154 493 1488 532 Impuauum.
1534 493 1623 513 ην
1656 493 1832 511 υιιιυιν
1866 493 2017 522 Ιοιιυι

448 568 768 629 vocabulum
790 562 1022 626 inditur,
1058 564 1438 613 uecnaturam
1482 550 1797 620 angelorum
1824 544 2024 618 signiﬁ-

448 676 558 723 cat.
592 664 887 718 Venturum
923 669 1088 727 porro
1122 652 1187 707 ad
1230 647 1488 720 templum
1532 660 1689 699 suum
1731 640 1885 703 dicit,
1929 646 2025 693 aut

1426 344 1492 400 S.
1532 339 1809 399 CYRILLI
1849 330 2319 391 ALEXANDRIN!
2360 326 2678 383 ARCHIEP.

773 482 968 527 munus
1014 476 1098 522 est
1152 462 1488 532 impositum.
1534 458 1623 513 Ab
1656 454 1833 511 oﬂicio
1864 453 2027 522 igitur

2154 466 2203 517 γε
2242 447 2347 519 μὴν
2376 442 2693 516 ὼνομᾶσθαι
2735 454 2916 511 φαμεν
2953 436 3044 491 τὸν
3074 433 3361 489 θεσπέσιον
3393 433 3709 505 Βαπτιστήν

2126 540 2188 593 οὐ
2222 538 2311 592 διά
2338 553 2402 605 γε
2434 534 2533 606 τὴν
2557 532 2719 603 φύσιν
2759 528 3069 602 (γεγένηται
3100 526 3212 597 γὰρ
3236 526 3303 579 ὲκ
3328 522 3586 593 γυναικὸς
3616 524 3713 577 καὶ

2124 628 2193 703 ἦν
2225 628 2511 701 ἄνθρωπος
2545 624 2666 680 καθ’
2696 623 2896 695 ἡμᾶς),
2931 620 3047 674 ἀλλ’
3070 620 3154 673 ὅτι
3184 618 3285 690 τήν
3309 616 3405 671 τοῦ
3432 616 3502 671 τὰ
3533 614 3713 670 τοιάδε

3602 318 3711 375 352

450 758 576 830 quia
626 755 861 809 Verbum
904 708 1038 804 crare
1084 745 1285 799 factum
1332 749 1419 794 est
1442 737 1511 803 ι’,
1558 744 1614 790 et
1666 743 1922 801 tanquam
1970 728 2023 783 in

2154 720 2507 793 ιακηρύττειν
2554 718 2649 772 καὶ
2704 712 3071 783 ἀπαγγέλλειν
3120 712 3254 782 ἡμῖν
3311 708 3716 780 ἐγκεχείρισται

2350 812 2402 830 ηρ
2430 829 2468 830 η
2545 806 2754 830 καλαὶ-εγ-
2797 806 2895 830 ι.-λ
2942 805 3033 830 --τε
3079 808 3403 830 ..-Δ......---
3432 804 3464 830 Δ
3492 799 3691 830 ..Ἱζρυο

452 801 648 920 ιεηιριο
678 846 823 917 quod
867 857 899 898 e
927 837 1245 897 castissimo
1282 839 1497 887 sancta:
1523 825 1761 894 Virginis
1801 836 2029 894 corpore

2154 812 2491 883 ειτουργίαν.
2544 806 2755 864 Οὐκοῦν
2791 806 2901 862 ἀπὸ
2940 805 3035 859 τοῦ
3079 808 3403 875 πράγματος
3432 804 3466 873 ἡ
3492 801 3712 870 κλῆσις.

2201 905 2213 920 ι
2295 903 2307 920 ν
2420 903 2432 920 ι
2609 897 2847 920 unum”.
2878 897 3026 920 μ.--
3067 895 3368 920 -,..,.,,,,,,,ι
3430 892 3621 920 manu
3651 908 3712 920 υ,

455 892 789 1009 ευεέερεῖοι,
828 931 1126 989 habitavit:
1162 934 1253 981 aut
1284 924 1343 978 in
1375 920 1597 976 homine
1629 916 1895 985 perfecto,
1934 913 2028 982 qui

2154 905 2224 956 ιαὶ
2255 903 2357 956 οὐκ
2382 902 2570 965 οὐσίας
2602 897 2848 969 ἀγγέλων
2876 897 3030 952 ἔσται
3064 895 3393 968 σημαντική.
3430 892 3621 958 Ἥξειν
3651 908 3717 960 γε

454 1049 517 1087 ex
548 1002 797 1099 corpore,
825 1026 1068 1091 inquam,
1094 1027 1151 1071 et
1188 1013 1369 1069 anima
1418 1007 1733 1064 immediate
1765 1012 1819 1059 et
1848 1002 2029 1056 divina

456 1119 792 1195 providentia
846 1116 1259 1181 coagmentatus
1309 1118 1433 1159 esse
1485 1099 1729 1156 creditus
1777 1104 1890 1159 est;
1940 1099 2034 1147 aut

457 1190 714 1286 iemplum
768 1204 1089 1277 simpliciter
1148 1198 1394 1253 nominat
1446 1190 1783 1286 Jerusalem",
1846 1191 2035 1286 utpote

457 1275 697 1364 sanctam
725 1312 779 1356 et
806 1275 906 1354 sibi
926 1296 1232 1350 dedicatam
1267 1286 1583 1348 civitatem;
1614 1289 1709 1334 aut
1735 1275 2032 1332 Ecclesiam

456 1399 605 1454 velut
641 1397 689 1448 in
720 1404 845 1463 typo
876 1403 995 1442 suo.
1030 1385 1296 1439 Caeterum
1342 1378 1632 1431 adventum
1669 1387 1764 1427 seu
1798 1381 2036 1440 praesen-

444 1493 589 1545 .tiam
627 1459 790 1541 suam
809 1475 1179 1549 compluribus
1208 1468 1473 1525 mirandis
1509 1464 1767 1535 operibus
1795 1459 2037 1531 promul-

458 1580 624 1646 gavit,
658 1595 675 1625 ι
702 1570 1033 1627 Praedicans
1066 1559 1420 1630 Evangelium
1458 1555 1628 1626 regni,
1664 1566 1868 1608 sanans
1917 1564 2037 1605 om-

462 1644 557 1727 nes
601 1670 819 1723 morbos
859 1670 910 1716 et
955 1671 1172 1715 omnem
1218 1654 1530 1721 languorem
1574 1648 1626 1701 in
1663 1644 1886 1716 populo,
1919 1660 1940 1695 ι
1980 1650 2039 1696 ut

463 1767 723 1831 scriptum
777 1759 944 1815 est".
1003 1750 1194 1809 Veniet
1241 1748 1408 1818 igitur
1474 1741 1768 1804 Dominus,
1828 1735 2037 1804 inquit,

2134 998 2242 1066 μὴν
2274 998 2356 1059 εἰς
2388 993 2479 1048 τὸν
2526 993 2653 1047 ναὸν
2682 990 2849 1046 αὐτοῦ
2882 1007 3038 1062 φησι,
3087 989 3121 1061 ἢ
3165 990 3247 1043 ὅτι
3277 989 3468 1058 γέγονε
3506 985 3644 1058 σάρξ
3690 987 3721 1040 ὀ

2134 1089 2325 1157 Λόγος,
2370 1087 2470 1143 καὶ
2500 1085 2793 1157 κατῴκησε
2841 1083 3093 1154 καθάπερ
3138 1082 3196 1135 ἑν
3234 1080 3347 1153 ναῷ
3393 1078 3472 1150 τῷ
3516 1080 3581 1132 ὲκ
3620 1078 3721 1149 τῆς

2136 1179 2296 1248 ἁγίας
2331 1176 2608 1249 Παρθένου
2639 1174 2900 1245 πανάγνῳ
2945 1171 3194 1245 σώματι·
3239 1172 3407 1243 ἡγουν
3448 1168 3722 1242 ἀνθρώπῳ

2136 1271 2349 1344 τελείῳ,
2374 1271 2453 1343 τῷ
2474 1271 2539 1324 ὲκ
2565 1269 2766 1341 ψυχῆς,
2801 1268 2965 1337 λέγω,
2990 1267 3083 1320 καὶ
3123 1264 3376 1337 σώματος
3409 1262 3631 1333 ἀμέσως
3660 1278 3722 1315 τε

2140 1362 2234 1416 καὶ
2292 1361 2652 1431 οἰκονομικῶς
2699 1358 2945 1432 ἡνῶσθαι
2993 1355 3445 1427 πεπιστευμένῳ·
3498 1354 3534 1425 ἢ
3597 1355 3724 1407 ναὸν

2143 1453 2325 1518 ἁπλῶς
2360 1452 2614 1525 ὀνομάζει
2635 1452 2734 1524 τὴν
2751 1450 2862 1507 οἷον
2887 1451 3038 1523 ἱερὰν
3059 1450 3154 1504 καί⁵
3186 1447 3553 1519 ἀνακειμένην
3575 1445 3725 1518 αὐτῷ

2141 1545 2315 1611 πόλιν,
2350 1544 2506 1614 δῆλον
2545 1544 2604 1598 δὲ
2649 1543 2730 1599 ὅτι
2770 1542 2870 1613 τὴν
2923 1540 3313 1612 Ἰερουσαλήμ·
3347 1540 3515 1610 ήγουν
3555 1536 3633 1601 ὡς
3666 1539 3725 1591 εν

2139 1639 2295 1710 τύπῳ
2326 1637 2405 1709 τῷ
2434 1636 2570 1709 πρὸς
2599 1636 2814 1707 ἐκείνην
2844 1633 2943 1705 τὴν
2985 1633 3333 1704 Ἐκκλησίαν.
3375 1630 3641 1686 Ἐποιεῐτο
3666 1628 3726 1683 δὲ

2142 1732 2241 1799 τῆς
2289 1728 2482 1783 ἑαυτοῦ
2530 1727 2832 1800 παρουσίας
2870 1726 2971 1797 τὴν
3017 1726 3321 1797 ἀνάρρησιν
3370 1721 3728 1795 πολυτρόπως

460 1812 620 1932 quem
675 1870 768 1909 vos
810 1848 1083 1920 quaeritis,
1138 1858 1204 1899 ex
1254 1835 1700 1911 pusillanimitate
1753 1832 2037 1886 dicentes:

2154 1821 2544 1894 εερατουργῶν,
2578 1839 2596 1872 ι
2636 1819 2945 1891 Κηρύσσων
2975 1818 3036 1872 τὸ
3064 1815 3399 1887 Εὐαγγέλιον
3426 1814 3528 1887 τῆς
3572 1812 3729 1885 βασι-

467 1917 494 2003 :
522 1952 620 2007 Ubi
649 1955 731 2004 est
761 1917 901 2001 Dens
930 1935 1194 2008 justitize?
1228 1953 1246 1986 ι
1281 1929 1483 1984 Veniet
1516 1935 1694 1981 autem
1734 1937 1799 1976 ac
1827 1917 2041 1974 docebit

460 2051 769 2110 «μιεε-ειιρω
803 2034 977 2100 legem
1018 2036 1072 2082 et
1107 2038 1269 2093 supra
1323 2019 1549 2075 umbras
1596 2030 1661 2070 ac
1702 2023 1859 2085 typos
1892 2018 2041 2066 sunt.

462 2106 581 2190 lirit
630 2106 831 2201 quippe
872 2120 1110 2193 Angelus
1153 2112 1461 2172 testamenti
1486 2149 1504 2175 ,
1539 2108 1693 2178 .quod
1736 2106 1871 2201 olim
1914 2116 2045 2201 voce

467 2227 559 2279 Dei
594 2195 863 2278 et-Patrris
888 2210 1307 2284 prmnuntiautm
1344 2213 1449 2259 est.
1480 2201 1725 2266 Quodam
1749 2196 1893 2251 enim
1926 2195 2046 2249 loco

465 2326 747 2373 sacrorum
795 2309 1074 2361 doctorem
1123 2299 1301 2353 Mosen
1346 2296 1427 2350 sic
1479 2291 1817 2359 alloquitur:
1862 2303 1881 2338 ‹
1912 2285 2045 2340 Pro-

470 2413 687 2480 pltetam
724 2400 830 2457 illis
857 2396 1133 2453 suscitabo
1154 2393 1219 2445 de
1246 2388 1505 2443 fratribus
1538 2386 1773 2453 ipsorum
1800 2380 1943 2434 sicut
1970 2387 2042 2443 te,

466 2468 519 2556 et
548 2510 746 2570 ponam
780 2489 943 2545 verba
994 2499 1111 2541 mea
1158 2482 1211 2536 iu
1270 2494 1365 2534 ore
1401 2478 1543 2547 ejus,
1584 2486 1638 2526 et
1681 2473 1934 2540 loquetur
1966 2468 2048 2523 eis

466 2562 763 2646 secundum
798 2579 991 2637 omnia
1023 2588 1144 2646 quae
1186 2582 1497 2643 praecepero
1543 2565 1685 2620 ei“.
1708 2584 1736 2617 ο
1778 2562 1911 2618 Esse
1949 2575 2050 2614 au-

472 2691 580 2737 tem
620 2675 900 2733 Christum
932 2666 1072 2722 Novi
1109 2659 1443 2718 Testatuenti
1489 2654 1783 2725 Angelum,
1817 2660 2050 2707 testatur

469 2783 525 2829 et
560 2770 731 2826 Isaias
763 2766 911 2820 hunc
955 2761 1008 2815 in
1059 2757 1277 2812 modum
1308 2752 1375 2807 de
1417 2750 1508 2804 illo
1551 2748 1776 2817 loquens
1808 2763 1822 2798 :
1856 2762 1875 2795 ι
1912 2742 2051 2809 Quia

470 2875 685 2919 omnem
722 2856 917 2913 stolam
951 2855 1337 2919 congregatam
1371 2842 1517 2906 dolo,
1570 2849 1626 2893 et
1667 2836 2050 2892 vestimentum

460 2970 595 3009 cum
637 2942 1071 3004 commutatione
1103 2935 1414 2996 restituent,
1446 2940 1499 2985 et
1525 2930 1731 2991 volent,
1770 2926 1815 2981 si
1846 2925 2054 2980 fuerint

457 3048 595 3115 igne
624 3034 930 3098 combusti,
960 3030 1089 3101 quia
1128 3042 1262 3096 puer
1300 3033 1458 3078 natus
1486 3030 1569 3076 est
1602 3020 1779 3081 nobis,
1824 3025 1879 3070 et
1912 3014 2055 3069 ﬁlius

458 3110 631 3190 datus
660 3138 747 3185 est
778 3124 958 3188 nobis,
1007 3117 1160 3189 cujus
1193 3114 1478 3184 imperium
1531 3110 1733 3163 factum
1776 3115 1861 3160 est
1890 3119 2054 3174 super

2141 1916 2314 1983 λείας,
2354 1914 2446 1970 καὶ
2477 1912 2795 1985 θεραπεύων
2838 1913 3021 1966 πᾶσαν
3074 1910 3232 1964 νόσον
3274 1908 3369 1963 καὶ
3414 1907 3595 1962 πᾶσαν
3624 1921 3732 1977 μα-

2142 2009 2335 2063 λακίαν
2362 2009 2423 2060 ὲν
2454 2006 2533 2078 τῷ
2562 2005 2697 2077 λαῷ,
2737 2024 2755 2058 ι
2791 2004 2934 2061 καθὰ
2974 2005 3309 2075 γέγραπται.
3346 2000 3510 2068 ’Ἥξει
3547 1998 3731 2053 τοίνυν

2142 2104 2171 2154 ό
2207 2100 2432 2172 Κύριος,
2478 2100 2634 2170 φησὶ,
2672 2098 2736 2150 δν
2772 2098 2930 2167 ὑμεῖς
2964 2096 3197 2166 ζητεῖτε,
3239 2093 3491 2163 λέγοντες
3526 2091 3591 2146 ὲκ
3637 2108 3729 2161 μι-

2146 2191 2481 2263 κροψυχίας·
2521 2210 2541 2243 ι
2586 2189 2697 2244 Ποῦ
2744 2189 2891 2242 ἐστιν
2918 2190 2947 2241 ὁ
2976 2187 3110 2251 Θεὸς
3147 2187 3248 2257 τῆς
3281 2182 3661 2254 δικαιοσύνης;
3701 2200 3726 2234 s

2148 2285 2305 2351 Ἥξει
2338 2284 2395 2336 δὲ
2431 2282 2700 2337 διδάσκων
2743 2281 2815 2334 τά
2861 2279 3001 2350 ὑπὲρ
3036 2279 3199 2349 νόμον
3243 2277 3340 2330 καὶ
3376 2274 3445 2329 ea
3472 2273 3731 2328 ἐπέκεινα

2149 2378 2307 2440 σκιᾶς
2342 2376 2436 2430 καὶ
2466 2375 2674 2429 τύπων.
2705 2374 2902 2427 Ἔσται
2924 2370 3033 2443 γὰρ
3060 2369 3326 2441 διαθήκης
3354 2366 3604 2437 ἄγγελος,
3632 2364 3735 2435 τῆς

2149 2471 2316 2525 πάλαι
2348 2465 2802 2539 προηγγελμένης
2842 2464 2930 2519 διὰ
2971 2462 3157 2534 φωνῆς
3190 2461 3282 2515 τοῦ
3315 2458 3453 2514 Θεοῦ
3488 2458 3585 2513 καὶ⁵
3616 2458 3735 2511 Πα-

2149 2562 2276 2632 τρός
2341 2561 2488 2630 Ἔφη
2532 2559 2643 2629 γάρ
2674 2575 2777 2611 που
2811 2557 2949 2628 πρὸς
2986 2555 3080 2609 τὸν
3130 2552 3455 2624 ἱεροφάντην
3498 2549 3735 2607 Μωσέαο

2157 2673 2175 2706 ι
2204 2654 2509 2726 Προφήτην
2534 2651 2717 2714 αὐτοῖς
2743 2649 3035 2720 ἀναστήσω
3067 2648 3130 2700 ὲκ
3150 2647 3258 2699 τῶν
3285 2644 3533 2716 ἀδελφῶν
3558 2643 3739 2698 αὐτῶν

2151 2751 2339 2822 ὥσπερ
2388 2749 2469 2813 ei;
2500 2747 2594 2799 καὶ
2624 2744 2775 2817 θήσω
2803 2745 2928 2808 τοὺς
2964 2743 3155 2809 λόγους
3207 2759 3310 2812 μου
3353 2742 3434 2805 εἰς
3465 2739 3528 2793 τὸ
3561 2738 3741 2809 στόμα

2154 2841 2341 2907 αὑτοῦ,
2368 2840 2462 2894 καὶ
2492 2839 2717 2910 λαλήσει
2746 2838 2930 2899 αὐτοῖς
2968 2836 3109 2889 κατά
3148 2834 3328 2887 πάντα
3360 2833 3461 2887 ὅσα
3493 2829 3744 2884 ἐντείλωο

2158 2952 2259 3006 μαι
2299 2932 2468 3005 αὐτῷ.
2510 2951 2529 2984 ι
2565 2932 2689 2984 Ὅτι
2716 2930 2771 2982 δὲ
2789 2927 3016 2998 ,Καινῆς
3046 2927 3319 2997 Διαθήκης
3356 2925 3585 2994 ἄγγελος
3616 2919 3743 2996 ἧνὸ

2152 3024 2411 3098 Χριστὸς,
2463 3026 2719 3094 σαφηνιεϊ
2764 3021 2939 3090 λέγων
2976 3021 3071 3074 καὶ
3116 3022 3145 3073 ό
3193 3019 3460 3091 μακάριος
3514 3018 3743 3081 Ἡσαΐας

2156 3119 2288 3189 περὶ
2332 3114 2535 3170 αὐτοῦ·
2596 3132 2615 3166 ι
2672 3114 2797 3167 Ὅτι
2849 3114 3029 3166 πᾶσαν
3078 3110 3269 3182 στολὴν
3304 3109 3744 3180 ὲπισυνηγμὲνην

475 3229 761 3281 humerum
817 3217 961 3285 ejus,
1021 3223 1077 3267 et
1125 3217 1349 3265 vocatur
1400 3218 1594 3260 nomen
1653 3200 1770 3269 ejus
1815 3197 2050 3268 Angelus

2156 3210 2314 3279 δόλῳ,
2346 3207 2446 3261 καὶ
2479 3206 2693 3278 ἱμάτιον
2728 3205 2867 3276 μετά
2906 3204 3256 3275 καταλλαγῆς
3282 3201 3621 3268 ἀποτίσουσι,
3650 3200 3748 3255 καὶ

475 3314 655 3385 magni
711 3307 927 3365 consilii
950 3304 1096 3368 “,As
1165 3301 1285 3355 sine
1349 3297 1513 3359 dubio
1580 3292 1675 3346 Dei
1740 3299 1797 3344 et
1854 3288 2051 3342 Patris.

466 3380 708 3464 Proinde
730 3404 915 3459 vetiam
964 3395 1184 3451 dicebat
1214 3409 1230 3447 :
1261 3409 1283 3442 ι
1317 3390 1359 3441 Δ
1431 3385 1640 3454 meipso
1692 3398 1797 3437 non
1840 3380 2053 3450 loquor,

476 3503 568 3556 st'tl
618 3500 709 3568 qui
756 3494 905 3549 tnisit
949 3504 1035 3544 tne
1078 3486 1259 3551 Pater,
1295 3482 1408 3551 ipse
1457 3478 1584 3532 mihi
1636 3474 1893 3545 prmccpit
1927 3471 2055 3541 quid

475 3566 655 3647 dicam
682 3599 739 3643 et
774 3585 908 3655 quid
940 3581 1132 3650 loquar
1154 3575 1224 3630 “.
1252 3594 1274 3628 ›
1310 3574 1426 3629 Non
1457 3572 1599 3626 enim
1628 3579 1746 3624 erat
1790 3566 2058 3620 humanus

475 3694 656 3739 sermo
684 3672 1011 3735 Saluatoris,
1044 3667 1140 3723 sed
1171 3674 1427 3735 tanquam
1467 3677 1497 3716 a
1520 3661 1638 3714 Deo
1674 3668 1730 3713 et
1759 3655 1929 3711 Patre
1959 3669 2061 3725 per

478 3771 675 3827 Filium
720 3761 1020 3820 naturalem
1057 3758 1128 3812 ad
1160 3771 1258 3811 nos
1298 3755 1481 3808 ﬁebat.
1522 3750 1758 3807 Verbum
1796 3750 1941 3803 enim
1978 3755 2060 3802 est

474 3863 596 3931 ejus
619 3860 711 3927 qui
744 3853 935 3928 genuit
961 3852 1174 3922 ipsum;
1205 3848 1443 3904 ettidetn
1469 3846 1630 3899 faciet
1658 3858 1755 3915 per
1776 3839 2058 3905 Davidetn,

482 3974 501 4006 ι
529 3951 814 4010 Eructavit
836 3961 933 4003 cor
960 3959 1137 4000 meum
1161 3941 1409 4007 verbum,
1431 3936 1719 3994 bonum“.
1749 3954 1769 3989 ›

2162 3301 2504 3372 θελήσουσιν.
2542 3299 2591 3351 εί
2630 3297 2966 3369 ἐγενήθησαν
3011 3297 3397 3368 πυρίκαυστοι.
3448 3295 3573 3348 Ὅτι
3619 3311 3747 3347 παι-

2160 3392 2272 3446 δίον
2302 3389 2566 3462 ἐγεννήθη
2606 3391 2762 3459 ὴμῖν,
2811 3387 2927 3452 υίὸς
2975 3388 3073 3442 καὶ
3115 3386 3270 3458 ἐδόθη
3304 3388 3456 3459 ἡμῖν,
3494 3379 3555 3438 οῦ
3601 3385 3747 3457 ἀρχὴ

2163 3482 2400 3556 ἐγενήθη
2424 3484 2516 3536 ἐπὶ
2545 3480 2640 3536 τοῦ
2676 3480 2827 3553 ὤμου
2859 3480 3050 3541 αὐτοῦ,
3082 3482 3173 3534 καὶ
3207 3480 3449 3534 καλεῖται
3475 3478 3537 3532 τὸ
3576 3478 3748 3549 ὄνομα

2164 3574 2330 3630 αὑτοῦ
2365 3572 2608 3646 μεγάλης
2637 3572 2835 3644 βουλῆς
2864 3571 3148 3641 Ἄγγελος,
3192 3590 3210 3623 ι
3244 3571 3402 3643 δῆλον
3429 3571 3485 3624 δὲ
3525 3572 3607 3624 ὅτι
3648 3569 3748 3639 τῆς

2164 3668 2259 3721 τοῦ
2284 3666 2421 3721 Θεοῦ
2442 3666 2536 3720 καὶ
2562 3664 2799 3736 Πατρός.
2825 3663 3113 3734 Τοιγάρτοι
3138 3664 3233 3719 καὶ
3256 3662 3493 3733 ἔφασκεν
3512 3678 3526 3692 ·
3563 3681 3582 3714 t
3628 3661 3747 3714 Ἀπ’

2166 3754 2405 3828 ἐμαυτοῦ
2442 3756 2503 3809 ού
2536 3754 2705 3819 λαλῶ,
2742 3753 2859 3808 ἀλλ’
2889 3756 2925 3807 ό
2960 3753 3179 3824 πέμψας
3228 3770 3295 3825 με
3343 3753 3555 3824 Πατὴρ,
3588 3751 3750 3815 αὑτός

2169 3868 2258 3921 μοι
2288 3849 2512 3921 ἐντολὴν
2549 3848 2750 3902 δέδωκε
2800 3847 2856 3901 τί
2888 3848 3027 3901 εῐπω
3082 3848 3178 3902 καὶ
3221 3847 3272 3901 τί
3302 3846 3534 3917 λαλήσω.
3593 3865 3611 3898 ι
3672 3846 3748 3898 ού

2165 3943 2274 4014 γὰρ
2310 3939 2379 4015 ἦν
2412 3940 2752 4013 ἀνθρώπινος
2795 3940 2890 3995 τοῦ
2922 3939 3180 4011 Σωτῆρος
3232 3942 3261 3995 ὁ
3292 3940 3446 4009 λόγος
3468 3953 3481 3968 ’
3528 3941 3643 3993 ἀλλ’
3666 3939 3749 4003 ὡς

474 4048 543 4100 ὲκ
570 4042 705 4098 Θεοῦ
747 4042 840 4095 καὶ
872 4036 1084 4109 Πατρδς
1115 4035 1182 4088 δι’
1222 4031 1353 4087 Υίοῦ
1380 4032 1479 4085 »τοῦ
1507 4030 1649 4086 κατά
1678 4031 1839 4101 φύσιν
1868 4032 2057 4102 γέγονε
2096 4037 2233 4107 πρὸς
2286 4038 2455 4108 ἡμᾶς.
2488 4035 2659 4103 Λόγος
2689 4034 2798 4106 γάρ
2832 4036 2949 4087 ὲστι
3011 4033 3107 4087 τοῦ
3141 4033 3532 4104 γεγεννηκότος
3564 4033 3747 4099 αὑτὸν,

478 4139 575 4195 καὶ
597 4136 926 4192 πιστώσεται
957 4132 1131 4199 λέγων
1154 4128 1241 4184 διὰ
1271 4126 1455 4197 φωνῆς
1476 4124 1571 4178 τοῦ
1600 4125 1764 4179 Δαϐίδ
1784 4144 1797 4157 ·
1835 4143 1855 4178 ι
1904 4123 2263 4197 Ἐξηρεύξατο
2290 4133 2324 4200 η
2350 4129 2549 4201 καρδία
2582 4144 2685 4199 μου
2717 4126 2876 4195 λόγον
2908 4124 3131 4194 ἀγαθόν.
3181 4142 3200 4175 ι
3710 4154 3713 4157 ,

554 4231 716 4288 Vsus.
754 4228 813 4282 2.
865 4226 996 4280 Ecce
1034 4226 1192 4290 venit,
1241 4223 1371 4276 dicit
1405 4221 1666 4276 Dominus
1710 4223 2060 4291 omnipotens,

460 4337 523 4380 .et
554 4325 671 4395 quis
704 4321 979 4375 sustinebit
1007 4318 1146 4371 diem
1172 4315 1424 4370 introitus
1453 4314 1608 4384 ejus?
1644 4314 1750 4368 Aut
1783 4316 1902 4383 quis
1936 4316 2061 4370 sub-

466 4422 621 4473 sistet
656 4418 710 4469 in
749 4413 947 4468 uisione
973 4410 1126 4480 ejus?

2252 4226 2397 4281 Ἰδοὺ
2427 4225 2685 4295 ἔρχεται,
2712 4222 2885 4291 ’λέγει
2917 4222 3142 4289 -Κύριος
3168 4220 3608 4288 παντοκράτωρ,
3648 4221 3744 4273 καί

2166 4318 2259 4381 τίς
2319 4314 2613 4385 ὑπομενεῖ
2668 4313 2901 4384 ἡμέραν
2958 4313 3204 4367 εἰσόδου
3250 4311 3481 4376 «αὐτοῦς
3537 4313 3613 4365 Ἦ
3660 4312 3751 4379 τίς

2156 4407 2582 4473 ηὐποστήσεται
2609 4406 2680 4460 ἐν
2718 4404 2793 4475 τῇ
2836 4405 3099 4472 ὀπτασίᾳ
3126 4402 3352 4468 αὐτοῦ;

549 4507 711 4579 851
760 4501 999 4558 XXXIII.
1048 4500 1184 4555 Huic
1231 4497 1409 4554 simile
1457 4507 1514 4553 et
1555 4498 1847 4555 admodum
1895 4498 2050 4553 aliine.

2236 4500 2358 4554 AI".
2401 4499 2629 4569 Ὅμοιον
2660 4496 2837 4566 τούτῳ
2880 4498 2976 4550 καὶ
3008 4495 3157 4565 μάλα
3194 4493 3538 4566 προσεοικὸς,
3580 4493 3640 4545 τδ
3663 4492 3752 4547 διὰ

470 4614 567 4657 est
589 4600 729 4670 quod
756 4597 960 4666 legitur
992 4595 1131 4663 apud
1168 4592 1363 4647 Isaiam
1393 4609 1407 4645 :
1444 4609 1462 4641 ι
1492 4589 1909 4656 Confortamini,
1944 4606 2063 4644 ma-

478 4711 585 4749 nus
622 4692 863 4747 remissa
888 4697 957 4742 .et
995 4701 1168 4756 genua
1206 4683 1489 4737 dissoluta.
1524 4681 1923 4749 Consolamiui,
1960 4698 2060 4752 pu-

481 4786 781 4843 sillanimes
827 4789 1029 4846 mente,
1069 4776 1490 4843 confortantini,
1542 4790 1610 4832 ne
1655 4776 1895 4832 timeatis
1927 4776 1997 4829 ⁸⁷.
2040 4793 2059 4826 ι

466 4880 552 4934 Et
587 4889 802 4931 rursum
852 4871 976 4927 alibi
1007 4886 1023 4925 :
1061 4887 1084 4921 ‹
1116 4867 1418 4924 EceeDeus
1443 4875 1627 4922 noster
1654 4882 1779 4922 cum
1818 4866 2065 4922 domina-

474 4969 714 5026 ηιὲοηοδι.
732 4987 748 5019 ι
770 4964 903 5019 Nam
925 4973 985 5017 ut
1001 4959 1305 5031 planeipsis
1322 4957 1656 5024 adfuturum,
1673 4958 1780 5012 imo
1798 4956 1909 5027 jam
1930 4971 2068 5028 prm-

485 5070 697 5119 sentem
721 5055 1032 5118 ostendens,
1056 5050 1377 5107 clarissimis
1399 5048 1580 5104 verbis
1597 5049 1911 5119 pronuntiat
1933 5059 2067 5105 tem-

486 5168 588 5223 pus
613 5155 878 5206 adventus
905 5144 1025 5216 ejus
1053 5143 1106 5197 in
1135 5143 1392 5196 mundum
1422 5141 1567 5195 hunc
1588 5156 1693 5195 non
1726 5140 1815 5195 diu
1841 5141 2065 5195 dilatum

487 5244 577 5298 iri.
610 5242 872 5296 Virtutem
897 5243 1076 5291 autem
1110 5231 1443 5288 (economize
1458 5230 1576 5298 ejus
1597 5230 1924 5301 quibusdam
1957 5246 2064 5285 non

476 5336 604 5389 {ore
641 5327 1048 5399 despicabilem,
1078 5341 1177 5380 nec
1201 5324 1498 5379 incredulis
1523 5324 1884 5391 tolerabilem,
1910 5325 2069 5381 docet

487 5428 560 5479 ita
592 5440 658 5476 :4
702 5422 769 5476 Et
808 5418 938 5488 quis
972 5415 1263 5473 sustinebit
1298 5415 1442 5470 diem
1480 5414 1737 5470 introitus
1766 5414 1923 5484 ejus?
1961 5417 2070 5470 Aut

489 5516 614 5575 quis
658 5543 667 5550 -
712 5520 902 5566 bststet
938 5508 1232 5564 inwisione
1259 5506 1418 5576 ejus?
1446 5525 1467 5561 ι
1500 5504 1787 5563 lntroitum
1828 5507 2067 5578 appellat

494 5604 767 5675 Uuigem‘ti
804 5603 1036 5675 inbuuc
1070 5601 1329 5656 mundum
1361 5614 1483 5654 cum
1519 5614 1683 5657 carne
1717 5599 2063 5672 ingressum:

593 5738 637 5769 “
674 5734 830 5790 Joau.
865 5753 901 5798 I,
934 5735 1018 5792 li.
1092 5737 1134 5766 δ’
1163 5733 1349 5790 Matth.
1383 5750 1455 5799 tv,
1485 5734 1577 5789 25.

486 5806 675 5866 ειτιεεπ
699 5817 860 5870 xxxv,
887 5808 976 5861 54.
1119 5807 1162 5839 ⁵⁸
1204 5805 1305 5857 lsu.
1356 5821 1440 5870 ιι,
1466 5801 1571 5860 I0.

2167 4591 2352 4661 φωνῆς
2409 4590 2671 4653 Ἦσαῒαςο
2710 4608 2730 4639 ι
2783 4588 3082 4659 ’ἰσχύσατε,
3109 4589 3293 4658 ,χεῖρες
3335 4585 3620 4656 ἀνειμέναι
3660 4586 3754 4637 καὶ

2167 4685 2372 4753 γόνατα
2407 4681 2846 4752 παραλελυμένα.
2882 4678 3332 4751 Παρακαλέσατε,
3366 4678 3416 4730 οἱ
3436 4676 3754 4747 νόλιγόψυχοι

2167 4778 2234 4846 τῇ
2259 4774 2490 4845 διανοίᾳ,
2518 4773 2795 4844 ἰσχύσατε,
2821 4772 2898 4844 μὴ
2921 4771 3196 4841 φοϐεῖσθε.
3214 4790 3239 4823 ι
3277 4770 3386 4825 Καὶ
3409 4764 3529 4823 αὖθ’
3554 4770 3751 4840 ἐτέραδ

2175 4886 2194 4917 ι
2246 4866 2378 4919 Ἰδοὺ
2410 4867 2439 4918 ὁ
2465 4865 2606 4933 Θεὸς
2644 4865 2802 4935 ἡμῶν
2835 4864 2976 4935 μετά
3007 4864 3224 4934 κυρίας.
3261 4882 3279 4914 ι
3328 4863 3419 4926 Ὠς
3446 4862 3555 4934 γὰρ
3594 4862 3756 4915 αὐτὸν

2169 4957 2237 5027 δὴ
2286 4957 2431 5027 μάλα
2474 4956 2869 5027 παρεσόμενον,
2906 4955 3106 5026 μᾶλλον
3138 4954 3318 5007 δὲκαὶ
3362 4952 3465 5024 ήδη
3510 4951 3755 5023 παρόντα

2169 5050 2405 5114 δεικνὺς,
2442 5049 2804 5118 ἀποφαίνεται
2834 5047 3021 5117 σαφῶς
3051 5048 3131 5100 ὅτι
3162 5048 3255 5101 καὶ
3283 5048 3310 5099 ὁ
3338 5045 3439 5115 τῆς
3464 5043 3756 5115 ἐπιδημίας

2170 5140 2338 5195 αὐτοῦ
2358 5141 2455 5210 τῆς
2480 5141 2539 5193 ὲν
2565 5140 2700 5210 τῷδε
2741 5139 2820 5211 τῷ
2846 5139 3038 5209 κόσμῳ
3061 5139 3253 5208 καιρὸς
3284 5139 3383 5191 οὐκ
3412 5140 3491 5200 είς
3520 5136 3756 5207 ἀνάϐλη-

2172 5249 2257 5288 σιν
2286 5232 2439 5287 ἔσται
2472 5233 2710 5304 μακράν.
2748 5234 2871 5285 Ὅτι
2899 5232 2957 5284 δὶ
2985 5232 3081 5302 τῆς
3118 5230 3435 5301 οἰκονομίας
3466 5231 3499 5300 ἡ
3529 5228 3758 5298 δύναμις

2169 5324 2273 5376 οὐκ
2310 5324 2790 5394 εὐκαταφρόνητος
2839 5323 2993 5377 ἔσται
3044 5323 3209 5385 τισὶν,
3266 5321 3380 5375 οὐδ’
3428 5320 3502 5374 »ἂν
3548 5320 3760 5389 γένοιτο

2170 5420 2283 5481 τοῖς
2317 5416 2635 5472 ἀπειθοῦσιν
2702 5415 2897 5487 οίστὴ,
2956 5414 3202 5469 διδάσκει
3268 5414 3442 5482 λέγων
3499 5429 3517 5445 ο
3578 5424 3598 5463 s
3650 5413 3760 5465 Καὶ

2170 5509 2255 5573 τίς
2306 5509 2572 5579 ὑπομενεῖ
2620 5508 2834 5580 ἡμέραν
2898 5508 3106 5563 εἰσόδου
3160 5506 3429 5578 αὐτοῦ;ἢ
3476 5505 3560 5569 τίς
3622 5504 3757 5559 ὑπο-

2172 5601 2436 5671 στήσεται
2480 5600 2539 5654 ὲν
2571 5603 2640 5671 τῇ
2689 5600 2927 5671 ὀπτασίᾳ
2955 5599 3161 5664 aurati;
3205 5620 3223 5651 ι
3262 5601 3371 5654 Καὶ
3414 5595 3618 5649 εἴσοδον
3660 5594 3760 5665 μὲν

1657 5735 1702 5766 ³³
1740 5735 1897 5793 Deut.
1934 5752 2043 5794 xvtt

2154 5735 2206 5791 8.
2262 5736 2307 5767 ³³
2339 5736 2442 5794 lsa.
2468 5751 2548 5806 ιχ,
2574 5733 2624 5803 5,
2659 5735 2709 5791 6.
2762 5736 2808 5768 δ’
2838 5734 2995 5792 Joan.
3021 5752 3120 5800 stt,
3154 5736 3241 5791 49.
3280 5733 3477 5789 “Psal.
3514 5746 3663 5794 κων,
3696 5728 3753 5783 2.
