4120 6376
408 370 515 426 555

1256 367 1807 424 COMMENTARIUS
1843 368 1911 424 IN
1947 368 2363 425 MALACIIIAM
2399 366 2849 426 PROPIIETAM.

3562 366 3667 423 35!

407 481 667 555 ὀνομάζει
708 485 805 555 τὴν
853 484 911 538 ἐν
950 484 1086 556 τῷδε
1124 486 1203 557 τῷ
1238 487 1427 559 κόσμῳ
1459 489 1598 560 μετά
1648 489 1849 561 σαρκὸς
1878 491 1991 543 εἰσ-

2100 494 2362 548 visionem
2393 500 2575 547 autem
2611 491 2759 547 velut
2790 488 3207 560 apparitionem.
3244 487 3377 545 Nam
3413 506 3536 545 cum
3577 508 3666 546 sc-

408 579 570 647 εολὴν
600 570 694 630 τοῦ
722 578 1061 647 Μονογενοῦς
1083 595 1098 610 ·
1144 579 1411 633 ὀπτασίαν
1442 581 1523 645 δὲ,
1555 581 1655 652 τὴν
1677 576 1788 634 οἷον
1811 582 1991 652 suae.

406 686 579 723 νειαν.
625 671 882 739 Ἀόρατος
914 671 1019 741 γὰρ
1060 670 1201 724 κατά
1229 671 1390 740 φύσιν
1424 671 1702 741 ὑπάρχων,
1740 672 1814 736 ὡς
1836 673 1988 739 Θεὸς,

405 761 629 829 γέγονεν
651 761 918 832 ἐμφανὴς,
942 760 1039 833 τὴν
1065 763 1203 831 πρὸς
1227 764 1373 834 ἡμᾶς
1394 764 1650 832 ὁμοίωσιν
1680 764 1989 818 ἀναλαϐών.

408 853 873 925 ιιροανακέκραγε
901 855 960 907 δὲ
1000 854 1157 907 τοῦτο
1191 854 1380 924 σαφῶς
1411 856 1505 908 καὶ
1549 858 1578 908 6
1625 856 1896 926 Μελῳδὺς,
1934 859 1992 910 ἐν

408 945 679 1018 πνεύματι
728 946 937 1016 λέγων’
975 965 994 999 ‹
1048 948 1104 1001 '0
1146 947 1277 1011 Θεὸς
1313 948 1573 1019 ἐμφανῶς
1619 949 1759 1019 ἥξει,
1796 952 1824 1002 6
1859 949 1991 1012 Θεὸς

406 1039 584 1108 ἡμῶν,
614 1039 710 1092 καὶ
731 1039 792 1092 οὐ
828 1040 1678 1111 παρασιωπήσεται.»-‹Γέγονε
1712 1042 1819 1112 γὰρ
1854 1042 1991 1113 σὰρξ

407 1131 436 1181 ὀ
457 1128 646 1196 Λόγος,
674 1128 817 1182 καθά
846 1146 1009 1199 φησιν
1040 1132 1068 1183 ὁ
1094 1129 1379 1193 θεσπέσιος
1415 1129 1685 1202 Ἰωάννης,
1710 1133 1803 1185 καὶ
1827 1132 1992 1203 ἐσκη-

407 1234 579 1270 νωσεν
614 1218 674 1270 ὲν
708 1218 860 1287 ἡμῖν,
911 1236 930 1267 ι
966 1222 1059 1272 καὶ
1091 1219 1149 1272 ὲν
1193 1218 1378 1272 δούλου
1407 1219 1595 1290 γέγονε
1630 1224 1833 1293 μορφῇ.
1880 1222 1994 1276 Καὶ¹

406 1312 521 1374 τοῖς
560 1308 659 1379 μὲν
690 1309 1003 1380 ἠγαπηκόσι
1039 1309 1142 1382 τὴν
1178 1310 1503 1379 ἐπιφάνειαν
1532 1312 1695 1366 αὐτοῦ
1735 1313 1993 1385 φορτικὸς

408 1402 510 1472 μὲν
537 1401 789 1471 οὐδαμῶς
809 1418 823 1431 ·
855 1402 1046 1471 γέγονε
1074 1403 1131 1456 δὲ
1172 1403 1376 1473 μᾶλλον
1398 1405 1561 1475 ἤπιός
1588 1422 1647 1458 τε
1676 1406 1772 1458 καὶ
1793 1408 1991 1476 πρᾶος,

409 1497 504 1547 καὶ
536 1494 678 1566 ζωῆς
729 1496 828 1565 τῆς
875 1498 954 1560 εἰς
987 1497 1160 1550 αἰῶνα
1194 1498 1382 1569 δοτὴρ.
1428 1499 1573 1569 Ἔφη
1610 1499 1667 1553 δέ
1714 1517 1816 1552 που
1861 1501 1991 1572 περὶ

407 1587 571 1641 αὐτοῦ
608 1588 703 1641 καὶ
740 1590 768 1640 ὀ
796 1588 929 1651 Θεὸς
972 1591 1067 1644 καὶ
1098 1591 1322 1662 Πατήρο
1361 1611 1380 1645 ι
1434 1593 1565 1645 Ἰδοὺ
1598 1595 1626 1646 ὁ
1659 1595 1792 1657 Παῖς
1826 1611 1928 1664 μου
1963 1596 1994 1650 ὁ

408 1680 712 1748 ἀγαπητὸς,
742 1681 799 1732 ὲν
827 1675 870 1749 ᾧ
897 1681 1195 1753 ηὖδόκησα.
1223 1682 1335 1737 Οὐκ
1368 1684 1560 1756 ἐρίσει,
1587 1685 1706 1738 οὐδὲ
1739 1687 1990 1757 κραυγά-

411 1791 511 1839 σει,
549 1774 669 1827 οὐδὲ
702 1775 1101 1847 ἀκουσθήσεται
1129 1775 1235 1840 ἔξω
1266 1778 1299 1848 ή
1330 1777 1483 1848 φωνὴ
1506 1778 1691 1834 αὑτοῦ.
1728 1779 1991 1851 Κάλαμον

411 1865 875 1936 συντεθλασμένον
905 1868 965 1920 οὐ
989 1866 1264 1932 κατεάξει,
1300 1869 1393 1921 καὶ
1421 1868 1565 1921 λίνον
1592 1869 1897 1939 τυφόμενον
1925 1870 1985 1923 ού
2016 1853 2063 1913 Β

409 1959 629 2012 σϐέσει·
669 1959 785 2013 ἀλλ’
830 1961 909 2023 εἰς
957 1959 1215 2031 ἀληθειαν
1263 1960 1464 2025 ἐξοίσει
1509 1962 1713 2032 κρίσιν.
1766 1982 1784 2013 ι
1842 1962 1990 2033 Πλὴν

406 2056 517 2115 τοῖς
550 2050 875 2122 ἀτιμάζουσι
906 2052 1003 2124 τὴν
1029 2053 1093 2106 δι’
1123 2052 1290 2106 αὑτοῦ
1325 2055 1620 2125 σωτηρίαν,
1662 2055 1754 2107 καὶ
1780 2054 1878 2127 τὴν
1900 2055 1990 2110 διά

407 2144 643 2209 πίστεως
680 2144 1000 2216 καθαίρεσιν
1038 2145 1100 2198 οὐ
1146 2146 1530 2217 προσιεμένοις
1564 2146 1761 2218 συνέϐη
1798 2146 1988 2204 παθεῖν

405 2238 473 2290 τὰ
506 2236 685 2290 πάντα
735 2238 993 2307 αἴσχιστα
1039 2237 1148 2291 τῶν
1194 2239 1399 2293 κακῶν.
1446 2237 1740 2292 Διολώλασι
1787 2242 1893 2310 γὰρ
1941 2242 1989 2293 οἰ

405 2329 655 2393 τάλανες.
697 2330 986 2401 Τοιγάρτοι
1026 2331 1122 2383 καὶ
1155 2330 1359 2399 ἔφασκε
1390 2334 1513 2395 ταῖς
1557 2332 1821 2385 Ἰουδαίων
1856 2332 1989 2400 ἀγέ-

402 2418 558 2483 λαις·
597 2439 617 2471 ι
664 2419 838 2491 ’Δμὴν
867 2420 1009 2488 λέγω
1041 2421 1289 2492 ὑμῖν,ὄτι
1326 2422 1423 2476 ἐὰν
1446 2421 1521 2493 μὴ
1547 2422 1874 2494 πιστεύσητε
1906 2424 1990 2477 ὅτι

403 2510 515 2580 ἐγώ
559 2514 698 2584 εἰμι,
748 2514 806 2566 ὲν
839 2516 958 2577 ταῖς
1002 2514 1299 2585 ἁμαρτίαις
1352 2515 1506 2586 ὑμῶν
1546 2516 1927 2570 ἀποθανεῖσθε.
1964 2535 1985 2569 ο

408 2605 553 2675 Ἔφη
586 2605 644 2659 δέ
677 2623 780 2659 που
816 2606 909 2660 καὶ
936 2607 964 2660 6
1009 2607 1292 2678 Ἰωάννης’
1324 2626 1345 2659 ι
1399 2609 1457 2661 '0
1486 2608 1757 2662 πιστεύων
1790 2609 1870 2671 εἰς
1898 2606 1991 2661 τὸν

406 2697 557 2762 Υίὸν,
587 2698 645 2751 οὺ
679 2698 943 2769 κρίνεται·
978 2698 1008 2750 ὀ
1053 2698 1110 2753 δὲ
1146 2700 1223 2770 μὴ
1253 2699 1547 2765 πιστεύων,
1582 2701 1687 2771 ἠδη
1715 2701 1989 2771 κέκριται,

404 2789 487 2841 ὃτι
513 2789 589 2860 μὴ
618 2788 983 2842 πεπίστευκεν
1003 2791 1084 2854 είς
1103 2790 1166 2843 τὺ
1186 2791 1357 2861 ὄνομα
1380 2791 1473 2845 τοῦ
1502 2790 1632 2845 Υίοῦ
1655 2790 1749 2844 τοῦ
1771 2791 1926 2844 Θεοῦ.
1965 2809 1989 2843 ι

404 2880 756 2951 Προσεφώνει
802 2881 860 2934 δὲ
890 2882 985 2935 καὶ
1015 2883 1200 2946 αὐτοῖς
1244 2886 1359 2946 τοῖς
1404 2882 1465 2948 ἐξ
1505 2884 1753 2954 Ἰσραήλο
1792 2902 1810 2934 ‹
1852 2884 1989 2955 Ἤδη

403 2973 461 3026 δὲ
497 2976 532 3045 ἡ
565 2974 723 3044 ἀξίνη
751 2974 886 3047 πρὸς
920 2974 1020 3045 τὴν
1052 2974 1209 3045 ῥίζαν
1239 2975 1347 3029 τῶν
1380 2974 1609 3049 δένδρων
1644 2979 1840 3029 κεῖται.
1876 2976 1991 3029 Πᾶν

404 3063 500 3122 οὖν
549 3068 766 3140 δένδρον
821 3068 897 3138 μὴ
951 3066 1141 3121 ποιοῦν
1187 3068 1400 3141 καρπὸν
1457 3068 1619 3124 καλὸν
1668 3069 1993 3123 ἐκκόπτεται

405 3160 503 3213 καὶ
530 3161 611 3238 εἰς
639 3158 751 3232 πῦρ
785 3158 1061 3228 βάλλεται.
1103 3176 1124 3211 ι
1159 3157 1372 3211 Οὐκοῦν
1398 3160 1510 3221 τοῖς
1541 3158 1639 3228 μὲν
1675 3157 1993 3212 ἀπειθοῦσιν

402 3253 682 3324 ἀφόρητος
719 3252 815 3305 καὶ
846 3253 905 3304 ού
937 3251 1060 3305 λίαν
1085 3249 1263 3314 οἰστὺς
1294 3249 1395 3321 τῆς
1427 3267 1485 3304 τε
1525 3251 1729 3304 εἰσόδου
1773 3252 1866 3304 καὶ
1894 3252 1993 3322 τῆς

328 3321 343 3337 θ
405 3321 672 3412 ὀπτασίας
715 3346 880 3401 αὑτοῦ
920 3346 1142 3414 γέγονεν
1178 3347 1208 3398 ὀ
1247 3344 1458 3415 καιρός.
1506 3344 1824 3417 Ἠλέγχοντο
1861 3321 1993 3416 γὰρ,

406 3438 484 3501 ὡς
542 3438 699 3492 αὐτοὶ
750 3437 850 3500 τὰς
906 3435 1055 3505 σφῶν
1108 3434 1415 3500 διολλύντες
1463 3434 1673 3506 ψυχὰς,
1724 3436 1818 3489 καὶ
1877 3438 1998 3499 ταῖς

408 3530 615 3584 ἑαυτῶν
670 3528 967 3601 ἁμαρτίαις
1012 3527 1495 3599 ὲντεθνηξόμενοι,
1543 3528 1633 3581 διά
1680 3544 1761 3580 τοι
1807 3527 1869 3580 τὸ
1919 3527 1997 3598 μὴ

406 3622 626 3679 ἑλέσθαι
653 3624 868 3692 φρονεῖν
912 3620 1088 3692 ὀρθῶς
1117 3617 1504 3691 προσήκασθαί
1536 3636 1595 3672 τε
1624 3620 1705 3682 εἰς
1735 3617 1859 3674 νοῦν
1901 3620 1997 3673 καὶ

409 3715 636 3787 καρδίαν
683 3714 784 3786 τὴν
830 3714 919 3768 διά
972 3715 1210 3779 πίστεως
1253 3713 1540 3785 κάθαρσιν.
1598 3732 1618 3766 ι
1674 3715 1771 3778 Τίς
1815 3714 1993 3767 τοίνυν

410 3809 694 3878 ὑπομενεῖ,
726 3807 912 3880 φησιν,
938 3806 1151 3877 ἡμέραν
1182 3806 1392 3860 εἰσόδου
1423 3805 1623 3871 aurei;
1652 3807 1725 3858 ’Ἡ
1749 3806 1833 3869 τίς
1862 3808 1997 3861 ὑπο-

411 3902 671 3972 στήσεται
703 3902 760 3955 ὲν
793 3904 857 3972 τῇ
900 3900 1136 3972 ὀπτασίᾳ
1171 3899 1373 3967 αὐτοῦς
1418 3920 1439 3954 ι
1492 3899 1774 3965 Τουτέστι,
1806 3900 1891 3963 τίς
1928 3899 1995 3972 δὴ

409 3995 519 4066 ἄρα
562 3993 819 4048 τοσοῦτον
866 3993 1019 4046 ἔσται
1070 3992 1240 4056 δεινός
1279 4010 1342 4047 τε
1390 3994 1485 4047 καὶ
1534 3990 1770 4063 ἀπηνὴς,
1816 3992 1892 4054 ὼς
1934 3992 1994 4048 ἐν

410 4085 589 4156 καιρῷ
631 4085 727 4138 καὶ
775 4083 961 4156 ἡμέρᾳ
1004 4083 1105 4155 τῆς
1154 4085 1235 4148 είς
1280 4083 1484 4154 κόσμον
1529 4082 1780 4153 εἰσϐολῆς
1828 4082 1993 4136 αὑτοῦ

413 4178 589 4249 (δῆλον
615 4178 673 4231 δὲ
700 4177 782 4230 ὃτι
818 4176 920 4246 τῆς
952 4175 1091 4246 μετά
1126 4175 1348 4247 σαρκὸς,
1377 4175 1443 4230 δι’
1467 4171 1536 4248 ἦς
1558 4175 1627 4229 ἂν
1659 4175 1871 4245 γένοιτο
1900 4176 1996 4229 καὶ

2094 585 2330 641 cundum
2372 594 2623 638 naturam
2653 583 2724 638 sit
2752 583 3177 654 inaspectabilis,
3209 594 3267 639 ut
3298 583 3461 649 Deus,
3495 587 3664 640 nostri

2091 677 2447 732 similitudine
2476 688 2776 746 assumpta,
2796 677 3142 747 aspectabilis
3165 679 3355 733 evasit.
3390 677 3505 734 Hoc
3537 681 3664 734 item

2093 767 2377 835 perspicue
2426 765 2727 820 lilodulator
2772 776 2899 821 ante
2946 768 3323 834 proclamavit,
3370 767 3421 821 in
3472 768 3665 837 spiritu

2094 859 2319 913 dicens:
2363 877 2383 909 ι
2417 859 2558 913 Deus
2604 858 2894 914 manifeste
2935 860 3134 923 veniet,
3176 860 3316 914 Dens
3361 870 3565 923 noster,
3612 872 3668 914 et

2094 966 2200 1005 non
2236 940 2418 1006 silebit
2442 951 2544 1005 ⁸³.»
2580 943 2736 1016 Nam,
2765 961 2821 1005 ut
2847 952 2922 1005 ait
2961 953 3175 1007 divinus
3195 950 3454 1014 Joannes,
3485 972 3504 1003 ‹
3535 951 3667 1006 Ver—

2092 1045 2220 1100 bum
2260 1060 2391 1100 caro
2422 1043 2625 1099 factum
2660 1052 2768 1109 est,
2797 1052 2853 1099 et
2891 1044 3153 1099 habitavit
3182 1046 3236 1099 in
3274 1046 3433 1101 nobis
3452 1047 3522 1110 δ’,
3557 1065 3575 1096 ι
3612 1056 3667 1100 et

2090 1138 2295 1193 factum
2321 1148 2405 1194 est
2427 1140 2479 1193 in
2510 1136 2682 1194 forma
2708 1139 2849 1194 servi
2876 1137 2945 1195 ".
2970 1139 3050 1193 Ac
3072 1138 3419 1210 diligentibus
3446 1140 3665 1211 quidem

2088 1232 2589 1287 manifestationem
2640 1232 2759 1301 ejus
2802 1232 3025 1285 minime
3075 1246 3376 1299 onerosus;
3420 1234 3668 1303 qniuimo

2090 1323 2331 1378 clemens
2367 1331 2425 1377 et
2467 1334 2782 1378 mansuetus
2819 1322 2938 1389 luit,
2977 1334 3029 1377 et
3062 1324 3227 1378 vitam
3266 1335 3529 1381 aeternam
3563 1328 3669 1382 illis

2090 1417 2414 1485 impertivit.
2456 1416 2535 1473 De
2579 1432 2691 1487 quo
2733 1418 2860 1472 item
2902 1417 3044 1474 Deus
3088 1427 3142 1474 et
3197 1417 3361 1473 Pater
3412 1421 3610 1475 alicubi
3650 1440 3664 1476 :

2098 1524 2119 1558 ι
2153 1506 2292 1561 Ecce
2323 1505 2496 1561 Filius
2524 1521 2676 1562 meus
2705 1507 2958 1573 dilectus,
2993 1509 3044 1562 in
3069 1524 3177 1578 quo
3200 1509 3524 1579 complacui.
3552 1511 3669 1567 Non

2090 1601 2402 1665 contendet,
2454 1614 2630 1669 neque
2669 1600 2949 1665 clamabit,
2996 1616 3172 1671 neque
3224 1605 3476 1659 audietur
3530 1604 3667 1660 foris

2091 1707 2199 1747 vox
2223 1690 2362 1762 ejus.
2398 1692 2734 1747 Arundinem
2769 1705 3082 1763 quassatam
3121 1710 3225 1750 non
3259 1695 3583 1765 confringet,
3612 1711 3667 1751 et

2093 1785 2262 1841 linum
2301 1785 2573 1856 fumigans
2615 1801 2720 1841 non
2762 1789 3100 1858 esstinguet;
3156 1791 3248 1845 sed
3294 1792 3347 1845 in
3384 1794 3664 1848 veritatem

2090 1878 2284 1933 educet
2324 1876 2589 1946 judicium
2630 1879 2701 1935 ⁸³.
2735 1898 2753 1931 ι
2791 1880 2862 1934 At
2899 1880 3045 1934 enim
3085 1881 3313 1937 salutem
3355 1897 3449 1949 per
3491 1883 3665 1953 ipsum

2090 1969 2496 2039 adipiscendam
2542 1972 2985 2042 aspernantibus,
3036 1976 3518 2045 purgationemque
3571 1992 3666 2046 per

2092 2062 2252 2117 ﬁdem
2303 2065 2701 2132 rejicientibus,
2733 2067 2975 2121 omnimn
3033 2069 3297 2123 malorum
3362 2069 3665 2126 fmdissima

2092 2158 2298 2225 perpeti
2359 2158 2609 2229 contigit.
2670 2157 2958 2214 Perierunt
3008 2162 3156 2215 enim
3209 2162 3437 2218 miseri.-
3487 2164 3668 2229 Quare

2091 2249 2253 2303 etiam
2294 2248 2604 2305 Iudaeorum
2658 2251 2831 2307 turbis
2868 2252 3126 2308 dicebat:
3161 2273 3181 2305 ι
3208 2259 3381 2311 Amen
3409 2256 3533 2311 dico
3576 2273 3665 2311 vo-

2092 2341 2200 2407 bis,
2236 2343 2337 2398 nisi
2382 2344 2727 2400 credideritis
2775 2347 2900 2413 quia
2941 2363 3042 2416 ego
3082 2363 3222 2412 sum,
3266 2350 3569 2406 moriemini
3612 2352 3664 2405 in

2092 2437 2335 2505 peccatis
2356 2438 2550 2493 vestris
2575 2439 2644 2495 ³³.
2673 2458 2692 2491 ι
2716 2439 2782 2495 Ει
2801 2440 2996 2495 alicubi
3016 2440 3248 2497 Joannes
3274 2459 3289 2497 :
3318 2460 3337 2495 ι
3368 2442 3467 2510 Qui
3496 2445 3673 2499 credit

2091 2529 2145 2582 in
2167 2526 2383 2594 Filium,
2412 2546 2517 2585 non
2542 2531 2847 2601 judicatur;
2878 2533 2969 2604 qui
2995 2543 3174 2589 autem
3200 2550 3305 2590 non
3330 2537 3528 2603 credit,
3551 2536 3666 2605 jam

2086 2623 2363 2690 judicatus
2387 2632 2492 2691 est,
2524 2626 2651 2694 quia
2676 2641 2781 2681 non
2810 2627 3044 2682 credidit
3073 2627 3128 2683 in
3164 2630 3383 2685 nomine
3407 2631 3667 2701 unigeniti

2091 2714 2214 2772 Filii
2248 2718 2344 2772 Dei
2367 2717 2432 2771 “.
2474 2736 2494 2770 ι
2526 2719 2673 2773 Dixit
2700 2718 2961 2775 lsraelitis
2986 2736 3201 2790 quoque
3228 2741 3241 2776 :
3271 2740 3289 2773 ι
3316 2722 3436 2777 Jam
3461 2724 3674 2779 securis

2094 2810 2163 2863 ad
2205 2810 2442 2865 radicem
2472 2812 2727 2866 arborum
2759 2813 2934 2882 posita
2967 2823 3073 2869 est.
3109 2813 3303 2870 Omnis
3335 2817 3479 2870 enim
3505 2816 3673 2871 arbor

2092 2919 2215 2975 qua:
2260 2921 2366 2960 non
2413 2905 2545 2961 facit
2594 2906 2829 2961 fructum
2890 2908 3115 2969 bonum,
3165 2910 3448 2965 exeidetnr
3501 2920 3557 2965 et
3614 2912 3669 2965 in

2096 2999 2272 3070 ignem
2299 2992 2545 3055 mittetur
2563 3002 2633 3057 ⁸⁵.
2663 3020 2683 3054 ι
2706 3003 3001 3058 Incrednlis
3024 3019 3156 3073 ergo
3179 3013 3392 3073 tempus
3411 3005 3670 3060 introitus

2094 3101 2150 3145 et
2197 3091 2423 3146 visionis
2464 3090 2582 3160 ejus
2633 3093 2971 3149 intolerabile
3018 3105 3073 3149 et
3129 3110 3318 3165 parum
3387 3094 3671 3150 ferendum

2020 3211 2063 3269 ρ
2098 3183 2315 3239 accidit.
2371 3183 2930 3253 Reprehendebantur
2974 3187 3151 3251 enim,
3196 3196 3381 3257 utpote
3435 3189 3525 3258 qui
3574 3189 3675 3259 ipsi

2097 3293 2227 3333 suas
2256 3278 2470 3332 animas
2496 3278 2805 3347 perderent,
2834 3288 2889 3331 et
2916 3278 2968 3331 in
3000 3278 3238 3348 peccatis
3269 3280 3380 3333 suis
3402 3280 3674 3347 morituri,

2097 3369 2221 3438 quia
2253 3369 2389 3423 bene
2415 3382 2627 3437 sapere,
2658 3377 2713 3423 et
2745 3369 2797 3422 in
2830 3370 3068 3423 aninmm
3095 3378 3255 3439 atque
3274 3384 3372 3424 eor
3397 3373 3673 3440 purgatio-

2096 3474 2221 3516 nem
2257 3476 2353 3531 per
2378 3461 2538 3516 iidem
2565 3462 2852 3517 admittere
2873 3464 3263 3517 detrectarent.
3294 3462 3460 3533 852
3495 3483 3514 3515 ε
3540 3464 3675 3531 Quis

2098 3553 2263 3624 igitur
2295 3553 2604 3619 sustinebit,
2645 3553 2844 3624 inquit,
2897 3555 3040 3610 diem
3074 3558 3339 3610 adventus
3382 3557 3535 3627 ejus?
3570 3560 3679 3612 Aut

2092 3647 2221 3715 quis
2248 3647 2538 3702 sustinebit
2569 3647 2623 3700 in
2650 3648 2860 3703 visione
2885 3646 3041 3716 ejus?
3073 3667 3090 3699 ι
3118 3649 3230 3705 Hoc
3255 3659 3357 3711 est,
3388 3650 3511 3720 quis
3543 3652 3679 3707 adeo

2099 3737 2269 3792 durus
2294 3746 2349 3793 et
2372 3738 2616 3804 immitis,
2648 3747 2707 3792 ut
2730 3747 2971 3809 tempore
2992 3750 3045 3796 et
3066 3741 3154 3797 die
3185 3741 3303 3811 ejus
3332 3744 3382 3797 in
3418 3745 3676 3798 mundum

2102 3829 2377 3900 ingressus
2409 3831 2563 3903 (cum
2597 3846 2762 3887 carne
2796 3834 3069 3898 videlicet,
3111 3850 3209 3905 per
3238 3850 3398 3905 quam
3441 3847 3498 3890 et
3530 3839 3675 3906 tangi

2103 3938 2198 3977 seu
2231 3924 2401 3980 videri
2422 3925 2634 3996 possit)
2667 3924 2968 3981 subsistere
3008 3926 3241 3982 infracto
3272 3930 3453 3983 animo
3476 3931 3681 3999 queat?

2100 4013 2366 4070 Punietur
2408 4017 2594 4086 itaque
2634 4017 2985 4081 omnimodis,
3041 4026 3096 4074 et
3140 4018 3368 4074 acerbas
3413 4021 3681 4076 vecordia.

2096 4118 2212 4158 sum
2235 4118 2426 4175 ptenas
2457 4104 2591 4161 luet.

413 4268 607 4334 ἁπτὸς,
633 4268 801 4337 ῆγουν
842 4266 1059 4338 ὁρατὸς)
1101 4266 1401 4337 ὑποστῆναι
1430 4284 1490 4320 τε
1538 4268 1635 4321 καὶ
1677 4266 1999 4338 ἀθραύστως
2038 4268 2211 4341 ἔχειν;
2242 4271 2657 4345 Κολασθήσεται
2720 4270 2815 4328 οὖν
2856 4271 3035 4346 πάντη
3094 4290 3158 4327 τε
3194 4274 3288 4329 καὶ
3316 4273 3554 4343 πάντως,
3586 4276 3683 4329 καὶ

413 4362 615 4430 πικρὰς
641 4359 740 4429 τῆς
775 4358 1034 4421 ἀπονοίας
1072 4358 1287 4411 ἀποτιεί
1319 4358 1497 4422 δίκας.

483 4453 638 4506 Διότι
676 4449 859 4514 αὐτὸς
884 4451 1295 4519 εἰσπορεύεται
1332 4451 1413 4517 ὡς
1444 4451 1565 4521 πῦρ
1588 4451 1998 4521 χωνευτηρίυυ

2176 4450 2341 4507 Vnus.
2378 4451 2433 4506 3.
2468 4450 2609 4517 Quia
2644 4449 2754 4519 ipse
2776 4449 3099 4521 ingredietur
3118 4452 3275 4519 quasi
3297 4452 3436 4524 ignis
3476 4458 3682 4526 con/la-

413 4543 515 4597 καί
542 4543 622 4609 ὡς
652 4544 773 4597 πόα
816 4542 1197 4597 πλυνόντων.
1239 4542 1539 4598 Καθιεῐται
1577 4544 1856 4613 χωνεύων
1899 4542 1998 4595 καὶ

2103 4547 2227 4600 torii
2267 4555 2318 4601 et
2359 4546 2509 4616 quasi
2543 4546 2705 4601 herba
2746 4546 3065 4601 lavantium.
3116 4545 3327 4602 Sedebit
3366 4550 3602 4618 can/Iam
3632 4559 3684 4605 et

412 4632 759 4705 καθαρίζων,
805 4634 885 4701 ὠς
918 4632 985 4686 τὸ
1022 4634 1308 4704 ἀργύριον
1352 4638 1450 4689 καί
1482 4636 1563 4702 ὼς
1600 4634 1668 4689 τὸ
1716 4636 1997 4705 χρυσίον,

2103 4639 2421 4703 emundans,
2452 4640 2594 4693 sicut
2617 4650 2892 4709 argentum
2920 4648 2968 4693 et
2990 4639 3128 4693 sicut
3152 4656 3342 4694 aurum
3365 4655 3386 4693 :
3418 4652 3469 4696 et
3499 4658 3677 4697 emun-

415 4726 517 4781 καί
562 4725 875 4794 καθαρίσει
908 4724 1052 4791 τοὺς
1089 4725 1262 4792 υἱοὺς
1295 4728 1461 4789 Aeni,
1492 4727 1591 4781 καὶ
1622 4727 1752 4798 χεεῖ
1775 4727 1996 4795 αὐτοὺς

2103 4730 2250 4785 dabit
2291 4730 2433 4799 ﬁlios
2469 4728 2620 4795 Levi,
2660 4740 2709 4785 et
2730 4730 2963 4799 eﬂ'undet
2998 4746 3086 4786 eos
3114 4732 3248 4785 sicut
3280 4747 3475 4787 aurum
3505 4744 3555 4787 et
3592 4750 3684 4787 ar-

411 4820 618 4889 ὦσπερ
645 4819 713 4873 τὸ
746 4820 1004 4888 χρυσίον
1032 4819 1132 4873 καί
1162 4819 1229 4874 τὸ
1262 4821 1567 4891 ἀργύριον.
2095 4833 2329 4892 gemam.

485 4913 609 4967 AA'.
648 4911 951 4981 Πεποίηται
984 4911 1086 4981 μὲν
1119 4914 1178 4968 ἐν
1224 4913 1435 4978 τούτοις
1463 4914 1541 4980 ὡς
1581 4915 1641 4980 ἐξ
1684 4917 2001 4990 ὁμοιότητος

2172 4914 2419 4972 XXXIV.
2458 4915 2537 4971 Ex
2560 4914 2920 4971 similitudine
2943 4928 3123 4970 rerum
3149 4926 3463 4972 nostrarum
3501 4931 3684 4973 sermo

415 5003 525 5058 τῶν
573 5001 694 5058 καθ’
741 5004 886 5073 ἡμᾶς
918 5003 1259 5075 πραγμάτων
1308 5006 1337 5058 6
1386 5005 1563 5075 λόγος,
1594 5007 1906 5081 ἀπόρρητον
1942 5010 2001 5064 δὲ

420 5094 720 5167 μυστηρίου
744 5094 977 5168 δήλωσιν
1007 5096 1374 5168 εἰσκομίσειεν
1416 5098 1484 5153 ἂν
1512 5101 1625 5163 τοῖς
1655 5103 2001 5172 νουνεχεστέ-

421 5207 558 5260 ροις.
596 5188 862 5261 Ἀργύρου
893 5190 993 5261 μὲν
1023 5190 1135 5262 γὰρ
1164 5192 1259 5244 καὶ
1283 5191 1510 5263 χρυσίου
1542 5193 1823 5249 ποιοῦνται
1851 5195 1999 5250 δοκιο

422 5287 627 5353 μασίαν
650 5288 702 5340 οἱ
733 5285 904 5341 ταῦτα
931 5288 1107 5356 σοφοὶ,
1136 5287 1271 5359 πυρὶ
1299 5289 1706 5360 κατατήκοντες
1733 5291 1844 5344 πᾶν
1877 5290 2002 5344 ὅσον

418 5381 480 5432 ὲν
507 5380 689 5442 αὐτοῖς
718 5379 834 5431 ἐστι
860 5376 1112 5447 κίϐδηλόν
1137 5394 1198 5431 τε
1231 5378 1325 5431 καὶ
1353 5377 1772 5447 ἀκαλλέστερον.
1797 5379 1917 5452 Πῦρ
1944 5380 2000 5432 δὲ

417 5470 482 5523 τὺ
508 5469 652 5523 θεῖον
694 5468 788 5522 καὶ
833 5468 1147 5540 οὐρανόθεν,
1192 5467 1526 5539 τουτέστι,ή
1576 5468 1666 5521 διὰ.
1705 5466 1796 5522 τοῦ
1845 5469 2000 5536 ἁγίου

421 5565 741 5637 Πνεύματος
785 5565 967 5638 χάρις,
1015 5566 1139 5621 καθ’
1180 5567 1247 5634 ἣν
1295 5567 1361 5621 ἂν
1411 5566 1620 5635 γένοιτο
1660 5567 1756 5621 καὶ
1792 5566 2001 5633 ζῶντας

494 5764 538 5842 ξ’
574 5762 720 5818 Psal.
745 5779 894 5842 ηιξ,
920 5765 1022 5842 5.__
1129 5762 1287 5842 Joan.
1329 5765 1495 5842 [.14.
1558 5767 1599 5799 "
1628 5766 1858 5842 Philipp.
1894 5784 1951 5834 ιι,
1984 5768 2038 5824 7.

427 5835 474 5867 ”
499 5834 654 5888 .loan.
693 5850 774 5896 In,
805 5834 888 5888 l8.
976 5835 1022 5866 "
1050 5834 1233 5890 Matth.
1268 5852 1353 5899 ιιι,
1384 5836 1469 5890 lO.

2102 5010 2361 5077 trahitur,
2397 5017 2455 5064 et
2494 5008 2681 5064 arcani
2719 5007 3002 5078 cujusdam
3046 5009 3293 5081 mysterii
3322 5010 3683 5081 signiﬁcatio-

2102 5118 2228 5160 nem
2258 5102 2658 5174 complectitur,
2692 5102 2736 5157 si
2767 5104 2890 5173 quis
2921 5103 3064 5157 dicta
3105 5103 3401 5173 prudenter
3426 5117 3686 5160 excutere

2105 5198 2269 5254 norit.
2310 5196 2610 5268 Argentum
2645 5195 2795 5251 enim
2829 5203 2888 5249 et
2923 5210 3115 5251 aurum
3151 5195 3384 5266 probant
3417 5210 3513 5251 seu
3555 5210 3686 5251 esa-

2108 5290 2320 5345 minant
2343 5304 2525 5345 rerum
2558 5290 2783 5344 istarum
2805 5288 2966 5359 periti
2992 5286 3254 5354 artiﬁces,
3278 5286 3402 5359 igne
3423 5286 3684 5358 collique-

2110 5384 2372 5439 facientes
2408 5393 2464 5439 et
2495 5390 2880 5439 consumentes
2914 5381 3177 5452 quidquid
3214 5383 3268 5437 in
3307 5382 3439 5454 ipsis
3472 5381 3685 5436 adulte-

2110 5477 2287 5532 rinum
2327 5487 2383 5531 et
2418 5475 2698 5532 sordidum
2736 5484 2841 5530 est.
2886 5474 3111 5529 Divinus
3137 5484 3318 5530 autem
3361 5483 3419 5529 et
3446 5472 3689 5530 caelestis

2108 5571 2274 5641 ignis,
2320 5569 2423 5626 hoc
2457 5579 2566 5636 est,
2612 5569 2788 5640 gratia
2830 5583 2927 5639 per
2958 5568 3223 5640 Spiritum
3272 5576 3543 5634 sanctum,
3579 5581 3686 5637 qua

2143 5772 2186 5809 δ’
2219 5767 2318 5827 lsa.
2346 5784 2457 5826 χιιι
2516 5768 2631 5824 1-3·
2670 5768 2864 5825 Matth.
2891 5785 2992 5834 xu,
3023 5768 3117 5825 18.
3187 5769 3234 5803 ³³
3258 5766 3414 5826 Joan.
3442 5785 3558 5837 vui,
3591 5768 3686 5825 ιιι.
