  <div class='ocr_page' id='page_1' title='image "/cluster/home/n/w/nwhite01/storage/ocr_20150623/72/nnc1.0046980300/173.png"; bbox 0 0 4120 6376; ppageno 0'>
   <div class='ocr_carea' id='block_1_1' title="bbox 454 407 561 465">
    <p class='ocr_par' dir='ltr' id='par_1_1' title="bbox 454 407 561 465">
     <span class='ocr_line' id='line_1_1' title="bbox 454 407 561 465; baseline -0.019 0"><span class='ocrx_word' id='word_1_1' title='bbox 454 407 561 465; x_wconf 68' lang='lat'><strong>353</strong></span> 
     </span>
    </p>
   </div>
   <div class='ocr_carea' id='block_1_2' title="bbox 1478 402 2730 462">
    <p class='ocr_par' dir='ltr' id='par_1_2' title="bbox 1478 402 2730 462">
     <span class='ocr_line' id='line_1_2' title="bbox 1478 402 2730 462; baseline 0.003 -5"><span class='ocrx_word' id='word_1_2' title='bbox 1478 403 1535 461; x_wconf 83' lang='lat' dir='ltr'><strong>S.</strong></span> <span class='ocrx_word' id='word_1_3' title='bbox 1576 402 1853 459; x_wconf 70' lang='lat' dir='ltr'><strong>C‘l’lillJJ</strong></span> <span class='ocrx_word' id='word_1_4' title='bbox 1894 403 2365 460; x_wconf 73' lang='lat' dir='ltr'><strong>ALEXANDRINI</strong></span> <span class='ocrx_word' id='word_1_5' title='bbox 2406 405 2730 462; x_wconf 75' lang='lat' dir='ltr'><strong>ARCIIIEI‘.</strong></span> 
     </span>
    </p>
   </div>
   <div class='ocr_carea' id='block_1_3' title="bbox 3611 406 3720 463">
    <p class='ocr_par' dir='ltr' id='par_1_3' title="bbox 3611 406 3720 463">
     <span class='ocr_line' id='line_1_3' title="bbox 3611 406 3720 463; baseline -0.018 0"><span class='ocrx_word' id='word_1_6' title='bbox 3611 406 3720 463; x_wconf 75' lang='lat'><strong>356</strong></span> 
     </span>
    </p>
   </div>
   <div class='ocr_carea' id='block_1_4' title="bbox 455 527 2062 603">
    <p class='ocr_par' dir='ltr' id='par_1_4' title="bbox 455 527 2034 603">
     <span class='ocr_line' id='line_1_4' title="bbox 455 527 2034 603; baseline -0.001 -20"><span class='ocrx_word' id='word_1_7' title='bbox 455 533 723 603; x_wconf 79' lang='lat' dir='ltr'><strong>possimus</strong></span> <span class='ocrx_word' id='word_1_8' title='bbox 752 531 915 584; x_wconf 82' lang='lat' dir='ltr'><strong>etiam</strong></span> <span class='ocrx_word' id='word_1_9' title='bbox 952 530 1193 584; x_wconf 91' lang='lat' dir='ltr'><strong>viventes</strong></span> <span class='ocrx_word' id='word_1_10' title='bbox 1222 543 1320 583; x_wconf 85' lang='lat' dir='ltr'><strong>nos</strong></span> <span class='ocrx_word' id='word_1_11' title='bbox 1349 527 1402 583; x_wconf 91' lang='lat' dir='ltr'><strong>in</strong></span> <span class='ocrx_word' id='word_1_12' title='bbox 1424 529 1617 598; x_wconf 87' lang='lat' dir='ltr'><strong>spiritu</strong></span> <span class='ocrx_word' id='word_1_13' title='bbox 1642 532 2034 595; x_wconf 67' lang='lat' dir='ltr'><strong>consummari,</strong></span> 
     </span>
    </p>
   </div>
   <div class='ocr_carea' id='block_1_5' title="bbox 2145 527 3721 603">
    <p class='ocr_par' dir='ltr' id='par_1_5' title="bbox 2145 527 3721 601">
     <span class='ocr_line' id='line_1_5' title="bbox 2145 527 3721 601; baseline 0.001 -19"><span class='ocrx_word' id='word_1_14' title='bbox 2145 532 2286 600; x_wconf 70' lang='grc' dir='ltr'><strong>ἡμᾶς</strong></span> <span class='ocrx_word' id='word_1_15' title='bbox 2316 530 2697 584; x_wconf 77' lang='grc' dir='ltr'><strong>ἀποτελεῖσθαι</strong></span> <span class='ocrx_word' id='word_1_16' title='bbox 2728 529 2807 601; x_wconf 84' lang='grc' dir='ltr'><strong>τῷ</strong></span> <span class='ocrx_word' id='word_1_17' title='bbox 2842 528 3139 599; x_wconf 85' lang='grc' dir='ltr'><strong>Πνεύματι,</strong></span> <span class='ocrx_word' id='word_1_18' title='bbox 3164 528 3293 582; x_wconf 83' lang='grc' dir='ltr'><strong>ὅταν</strong></span> <span class='ocrx_word' id='word_1_19' title='bbox 3318 529 3398 593; x_wconf 80' lang='grc' dir='ltr'><strong>εἰς</strong></span> <span class='ocrx_word' id='word_1_20' title='bbox 3429 527 3556 583; x_wconf 93' lang='grc' dir='ltr'><strong>νοῦν</strong></span> <span class='ocrx_word' id='word_1_21' title='bbox 3588 530 3721 583; x_wconf 80' lang='grc' dir='ltr'><strong>καθο</strong></span> 
     </span>
    </p>
   </div>
   <div class='ocr_carea' id='block_1_6' title="bbox 457 620 2039 689">
    <p class='ocr_par' dir='ltr' id='par_1_6' title="bbox 457 620 2039 689">
     <span class='ocr_line' id='line_1_6' title="bbox 457 620 2039 689; baseline -0.003 -14"><span class='ocrx_word' id='word_1_22' title='bbox 457 626 526 688; x_wconf 74' lang='lat' dir='ltr'><strong>si,</strong></span> <span class='ocrx_word' id='word_1_23' title='bbox 545 624 761 678; x_wconf 84' lang='lat' dir='ltr'><strong>Christo</strong></span> <span class='ocrx_word' id='word_1_24' title='bbox 780 621 1048 676; x_wconf 89' lang='lat' dir='ltr'><strong>immitten</strong></span> <span class='ocrx_word' id='word_1_25' title='bbox 1058 631 1129 686; x_wconf 90' lang='lat' dir='ltr'><strong>te,</strong></span> <span class='ocrx_word' id='word_1_26' title='bbox 1150 620 1201 674; x_wconf 92' lang='lat' dir='ltr'><strong>in</strong></span> <span class='ocrx_word' id='word_1_27' title='bbox 1222 628 1457 673; x_wconf 78' lang='lat' dir='ltr'><strong>mentem</strong></span> <span class='ocrx_word' id='word_1_28' title='bbox 1479 630 1643 688; x_wconf 89' lang='lat' dir='ltr'><strong>atque</strong></span> <span class='ocrx_word' id='word_1_29' title='bbox 1657 632 1755 674; x_wconf 90' lang='lat' dir='ltr'><strong>cor</strong></span> <span class='ocrx_word' id='word_1_30' title='bbox 1772 630 2039 689; x_wconf 84' lang='lat' dir='ltr'><strong>penetret,</strong></span> 
     </span>
    </p>
   </div>
   <div class='ocr_carea' id='block_1_7' title="bbox 457 712 2037 782">
    <p class='ocr_par' dir='ltr' id='par_1_7' title="bbox 457 712 2037 782">
     <span class='ocr_line' id='line_1_7' title="bbox 457 712 2037 782; baseline -0.003 -13"><span class='ocrx_word' id='word_1_31' title='bbox 457 731 608 781; x_wconf 76' lang='grc' dir='ltr'><strong>ιιιιιο,</strong></span> <span class='ocrx_word' id='word_1_32' title='bbox 659 714 935 777; x_wconf 85' lang='lat' dir='ltr'><strong>nimirum,</strong></span> <span class='ocrx_word' id='word_1_33' title='bbox 989 722 1118 768; x_wconf 90' lang='lat' dir='ltr'><strong>tunc</strong></span> <span class='ocrx_word' id='word_1_34' title='bbox 1159 727 1376 768; x_wconf 86' lang='lat' dir='ltr'><strong>onmem</strong></span> <span class='ocrx_word' id='word_1_35' title='bbox 1429 712 1641 782; x_wconf 89' lang='lat' dir='ltr'><strong>peccati</strong></span> <span class='ocrx_word' id='word_1_36' title='bbox 1692 712 1927 767; x_wconf 86' lang='lat' dir='ltr'><strong>scoriam</strong></span> <span class='ocrx_word' id='word_1_37' title='bbox 1975 728 2037 765; x_wconf 64' lang='lat' dir='ltr'><strong>es</strong></span> 
     </span>
    </p>
   </div>
   <div class='ocr_carea' id='block_1_8' title="bbox 452 802 2041 875">
    <p class='ocr_par' dir='ltr' id='par_1_8' title="bbox 452 802 2041 875">
     <span class='ocr_line' id='line_1_8' title="bbox 452 802 2041 875; baseline -0.004 -16"><span class='ocrx_word' id='word_1_38' title='bbox 452 807 748 875; x_wconf 63' lang='lat' dir='ltr'><strong>pm‘lel‘ilis</strong></span> <span class='ocrx_word' id='word_1_39' title='bbox 795 805 1039 875; x_wconf 85' lang='lat' dir='ltr'><strong>lapsibus</strong></span> <span class='ocrx_word' id='word_1_40' title='bbox 1094 812 1437 859; x_wconf 82' lang='lat' dir='ltr'><strong>contractam</strong></span> <span class='ocrx_word' id='word_1_41' title='bbox 1478 803 1697 858; x_wconf 91' lang='lat' dir='ltr'><strong>deterit.</strong></span> <span class='ocrx_word' id='word_1_42' title='bbox 1732 803 1911 872; x_wconf 82' lang='lat' dir='ltr'><strong>Atque</strong></span> <span class='ocrx_word' id='word_1_43' title='bbox 1968 802 2041 855; x_wconf 86' lang='lat' dir='ltr'><strong>ita</strong></span> 
     </span>
    </p>
   </div>
   <div class='ocr_carea' id='block_1_9' title="bbox 457 895 2041 970">
    <p class='ocr_par' dir='ltr' id='par_1_9' title="bbox 457 895 2041 970">
     <span class='ocr_line' id='line_1_9' title="bbox 457 895 2041 970; baseline -0.003 -18"><span class='ocrx_word' id='word_1_44' title='bbox 457 911 719 970; x_wconf 81' lang='lat' dir='ltr'><strong>purgatos</strong></span> <span class='ocrx_word' id='word_1_45' title='bbox 748 899 913 954; x_wconf 79' lang='lat' dir='ltr'><strong>etiam</strong></span> <span class='ocrx_word' id='word_1_46' title='bbox 947 897 1361 967; x_wconf 85' lang='lat' dir='ltr'><strong>probatissimos</strong></span> <span class='ocrx_word' id='word_1_47' title='bbox 1390 895 1590 961; x_wconf 84' lang='lat' dir='ltr'><strong>reddit,</strong></span> <span class='ocrx_word' id='word_1_48' title='bbox 1614 904 1667 950; x_wconf 89' lang='lat' dir='ltr'><strong>et</strong></span> <span class='ocrx_word' id='word_1_49' title='bbox 1695 904 1901 949; x_wconf 88' lang='lat' dir='ltr'><strong>tantum</strong></span> <span class='ocrx_word' id='word_1_50' title='bbox 1935 910 2041 947; x_wconf 90' lang='lat' dir='ltr'><strong>non</strong></span> 
     </span>
    </p>
   </div>
   <div class='ocr_carea' id='block_1_10' title="bbox 456 986 2043 1064">
    <p class='ocr_par' dir='ltr' id='par_1_10' title="bbox 456 986 2043 1064">
     <span class='ocr_line' id='line_1_10' title="bbox 456 986 2043 1064; baseline -0.005 -17"><span class='ocrx_word' id='word_1_51' title='bbox 456 992 726 1064; x_wconf 80' lang='lat' dir='ltr'><strong>spirituali</strong></span> <span class='ocrx_word' id='word_1_52' title='bbox 776 991 1012 1062; x_wconf 79' lang='lat' dir='ltr'><strong>quodam</strong></span> <span class='ocrx_word' id='word_1_53' title='bbox 1062 989 1223 1044; x_wconf 85' lang='lat' dir='ltr'><strong>modo</strong></span> <span class='ocrx_word' id='word_1_54' title='bbox 1270 987 1431 1042; x_wconf 78' lang='lat' dir='ltr'><strong>aliter</strong></span> <span class='ocrx_word' id='word_1_55' title='bbox 1464 986 1532 1042; x_wconf 85' lang='lat' dir='ltr'><strong>ad</strong></span> <span class='ocrx_word' id='word_1_56' title='bbox 1582 986 1878 1040; x_wconf 71' lang='lat' dir='ltr'><strong>novitatem</strong></span> <span class='ocrx_word' id='word_1_57' title='bbox 1922 987 2043 1039; x_wconf 70' lang='lat' dir='ltr'><strong>vitae</strong></span> 
     </span>
    </p>
   </div>
   <div class='ocr_carea' id='block_1_11' title="bbox 456 1078 2043 1153">
    <p class='ocr_par' dir='ltr' id='par_1_11' title="bbox 456 1078 2043 1153">
     <span class='ocr_line' id='line_1_11' title="bbox 456 1078 2043 1153; baseline -0.005 -15"><span class='ocrx_word' id='word_1_58' title='bbox 456 1086 702 1153; x_wconf 87' lang='lat' dir='ltr'><strong>labricat,</strong></span> <span class='ocrx_word' id='word_1_59' title='bbox 739 1097 794 1139; x_wconf 89' lang='lat' dir='ltr'><strong>et</strong></span> <span class='ocrx_word' id='word_1_60' title='bbox 828 1097 953 1136; x_wconf 80' lang='lat' dir='ltr'><strong>vasa</strong></span> <span class='ocrx_word' id='word_1_61' title='bbox 985 1082 1241 1150; x_wconf 87' lang='lat' dir='ltr'><strong>deinceps</strong></span> <span class='ocrx_word' id='word_1_62' title='bbox 1273 1080 1504 1150; x_wconf 76' lang='lat' dir='ltr'><strong>insignia</strong></span> <span class='ocrx_word' id='word_1_63' title='bbox 1534 1088 1589 1133; x_wconf 89' lang='lat' dir='ltr'><strong>et</strong></span> <span class='ocrx_word' id='word_1_64' title='bbox 1621 1078 1954 1133; x_wconf 81' lang='lat' dir='ltr'><strong>sanctiﬁcata</strong></span> <span class='ocrx_word' id='word_1_65' title='bbox 1987 1085 2043 1131; x_wconf 90' lang='lat' dir='ltr'><strong>et</strong></span> 
     </span>
    </p>
   </div>
   <div class='ocr_carea' id='block_1_12' title="bbox 453 1170 2044 1243">
    <p class='ocr_par' dir='ltr' id='par_1_12' title="bbox 453 1170 2044 1243">
     <span class='ocr_line' id='line_1_12' title="bbox 453 1170 2044 1243; baseline -0.005 -13"><span class='ocrx_word' id='word_1_66' title='bbox 453 1178 509 1232; x_wconf 88' lang='lat' dir='ltr'><strong>in</strong></span> <span class='ocrx_word' id='word_1_67' title='bbox 551 1177 812 1231; x_wconf 85' lang='lat' dir='ltr'><strong>honorent</strong></span> <span class='ocrx_word' id='word_1_68' title='bbox 849 1183 1165 1243; x_wconf 87' lang='lat' dir='ltr'><strong>comparata</strong></span> <span class='ocrx_word' id='word_1_69' title='bbox 1204 1180 1259 1226; x_wconf 88' lang='lat' dir='ltr'><strong>et</strong></span> <span class='ocrx_word' id='word_1_70' title='bbox 1304 1186 1515 1242; x_wconf 68' lang='lat' dir='ltr'><strong>magnae</strong></span> <span class='ocrx_word' id='word_1_71' title='bbox 1567 1171 1781 1237; x_wconf 87' lang='lat' dir='ltr'><strong>domui,</strong></span> <span class='ocrx_word' id='word_1_72' title='bbox 1817 1170 1921 1225; x_wconf 92' lang='lat' dir='ltr'><strong>hoc</strong></span> <span class='ocrx_word' id='word_1_73' title='bbox 1961 1179 2044 1224; x_wconf 82' lang='lat' dir='ltr'><strong>est</strong></span> 
     </span>
    </p>
   </div>
   <div class='ocr_carea' id='block_1_13' title="bbox 456 1264 2045 1331">
    <p class='ocr_par' dir='ltr' id='par_1_13' title="bbox 456 1264 2045 1331">
     <span class='ocr_line' id='line_1_13' title="bbox 456 1264 2045 1331; baseline -0.004 -7"><span class='ocrx_word' id='word_1_74' title='bbox 456 1270 730 1331; x_wconf 69' lang='lat' dir='ltr'><strong>Ecclesiae,</strong></span> <span class='ocrx_word' id='word_1_75' title='bbox 762 1269 919 1323; x_wconf 81' lang='lat' dir='ltr'><strong>utilia</strong></span> <span class='ocrx_word' id='word_1_76' title='bbox 959 1265 1122 1321; x_wconf 77' lang='lat' dir='ltr'><strong>elﬁcit</strong></span> <span class='ocrx_word' id='word_1_77' title='bbox 1148 1266 1216 1319; x_wconf 80' lang='lat'><strong>“.</strong></span> <span class='ocrx_word' id='word_1_78' title='bbox 1249 1284 1267 1315; x_wconf 76' lang='grc' dir='ltr'><strong>ι</strong></span> <span class='ocrx_word' id='word_1_79' title='bbox 1310 1264 1449 1320; x_wconf 86' lang='lat' dir='ltr'><strong>Hinc</strong></span> <span class='ocrx_word' id='word_1_80' title='bbox 1478 1265 1688 1320; x_wconf 77' lang='lat' dir='ltr'><strong>scilicet</strong></span> <span class='ocrx_word' id='word_1_81' title='bbox 1716 1265 1956 1319; x_wconf 83' lang='lat' dir='ltr'><strong>divinum</strong></span> <span class='ocrx_word' id='word_1_82' title='bbox 1991 1273 2045 1318; x_wconf 85' lang='lat' dir='ltr'><strong>et</strong></span> 
     </span>
    </p>
   </div>
   <div class='ocr_carea' id='block_1_14' title="bbox 455 1355 2042 1431">
    <p class='ocr_par' dir='ltr' id='par_1_14' title="bbox 455 1355 2042 1431">
     <span class='ocr_line' id='line_1_14' title="bbox 455 1355 2042 1431; baseline -0.003 -16"><span class='ocrx_word' id='word_1_83' title='bbox 455 1363 555 1417; x_wconf 87' lang='lat' dir='ltr'><strong>sub</strong></span> <span class='ocrx_word' id='word_1_84' title='bbox 580 1362 995 1431; x_wconf 78' lang='lat' dir='ltr'><strong>intelligentiam</strong></span> <span class='ocrx_word' id='word_1_85' title='bbox 1026 1361 1310 1415; x_wconf 84' lang='lat' dir='ltr'><strong>eademem</strong></span> <span class='ocrx_word' id='word_1_86' title='bbox 1346 1358 1524 1428; x_wconf 71' lang='lat' dir='ltr'><strong>ignem</strong></span> <span class='ocrx_word' id='word_1_87' title='bbox 1552 1368 1779 1412; x_wconf 83' lang='lat' dir='ltr'><strong>sanctus</strong></span> <span class='ocrx_word' id='word_1_88' title='bbox 1804 1355 2042 1410; x_wconf 82' lang='lat' dir='ltr'><strong>Joannes</strong></span> 
     </span>
    </p>
   </div>
   <div class='ocr_carea' id='block_1_15' title="bbox 455 1453 2040 1527">
    <p class='ocr_par' dir='ltr' id='par_1_15' title="bbox 455 1453 2040 1527">
     <span class='ocr_line' id='line_1_15' title="bbox 455 1453 2040 1527; baseline -0.002 -19"><span class='ocrx_word' id='word_1_89' title='bbox 455 1457 801 1527; x_wconf 52' lang='lat' dir='ltr'><strong>signiﬁcavit,</strong></span> <span class='ocrx_word' id='word_1_90' title='bbox 828 1471 947 1508; x_wconf 90' lang='lat' dir='ltr'><strong>cum</strong></span> <span class='ocrx_word' id='word_1_91' title='bbox 969 1455 1172 1509; x_wconf 89' lang='lat' dir='ltr'><strong>diceret</strong></span> <span class='ocrx_word' id='word_1_92' title='bbox 1197 1473 1212 1510; x_wconf 89' lang='lat'><strong>:</strong></span> <span class='ocrx_word' id='word_1_93' title='bbox 1244 1472 1265 1504; x_wconf 82' lang='grc' dir='ltr'><strong>ι</strong></span> <span class='ocrx_word' id='word_1_94' title='bbox 1296 1453 1408 1523; x_wconf 79' lang='lat' dir='ltr'><strong>Ego</strong></span> <span class='ocrx_word' id='word_1_95' title='bbox 1437 1453 1652 1521; x_wconf 80' lang='lat' dir='ltr'><strong>baptizo</strong></span> <span class='ocrx_word' id='word_1_96' title='bbox 1680 1467 1775 1506; x_wconf 90' lang='lat' dir='ltr'><strong>vos</strong></span> <span class='ocrx_word' id='word_1_97' title='bbox 1803 1453 1855 1505; x_wconf 87' lang='lat' dir='ltr'><strong>in</strong></span> <span class='ocrx_word' id='word_1_98' title='bbox 1879 1467 2040 1521; x_wconf 88' lang='lat' dir='ltr'><strong>aqua.</strong></span> 
     </span>
    </p>
   </div>
   <div class='ocr_carea' id='block_1_16' title="bbox 458 1541 2044 1610">
    <p class='ocr_par' dir='ltr' id='par_1_16' title="bbox 458 1541 2044 1610">
     <span class='ocr_line' id='line_1_16' title="bbox 458 1541 2044 1610; baseline -0.005 -9"><span class='ocrx_word' id='word_1_99' title='bbox 458 1548 583 1601; x_wconf 82' lang='lat' dir='ltr'><strong>l&#39;ost</strong></span> <span class='ocrx_word' id='word_1_100' title='bbox 625 1559 711 1600; x_wconf 89' lang='lat' dir='ltr'><strong>me</strong></span> <span class='ocrx_word' id='word_1_101' title='bbox 751 1543 932 1598; x_wconf 85' lang='lat' dir='ltr'><strong>veniet</strong></span> <span class='ocrx_word' id='word_1_102' title='bbox 968 1543 1067 1608; x_wconf 91' lang='lat' dir='ltr'><strong>vir,</strong></span> <span class='ocrx_word' id='word_1_103' title='bbox 1108 1542 1267 1610; x_wconf 91' lang='lat' dir='ltr'><strong>cujus</strong></span> <span class='ocrx_word' id='word_1_104' title='bbox 1307 1558 1413 1596; x_wconf 90' lang='lat' dir='ltr'><strong>non</strong></span> <span class='ocrx_word' id='word_1_105' title='bbox 1441 1556 1561 1596; x_wconf 84' lang='lat' dir='ltr'><strong>sum</strong></span> <span class='ocrx_word' id='word_1_106' title='bbox 1593 1541 1787 1610; x_wconf 79' lang='lat' dir='ltr'><strong>dignus</strong></span> <span class='ocrx_word' id='word_1_107' title='bbox 1822 1550 1881 1595; x_wconf 92' lang='lat' dir='ltr'><strong>ut</strong></span> <span class='ocrx_word' id='word_1_108' title='bbox 1915 1555 2044 1609; x_wconf 83' lang='lat' dir='ltr'><strong>pro-</strong></span> 
     </span>
    </p>
   </div>
   <div class='ocr_carea' id='block_1_17' title="bbox 455 1630 2046 1704">
    <p class='ocr_par' dir='ltr' id='par_1_17' title="bbox 455 1630 2046 1704">
     <span class='ocr_line' id='line_1_17' title="bbox 455 1630 2046 1704; baseline -0.004 -10"><span class='ocrx_word' id='word_1_109' title='bbox 455 1639 720 1694; x_wconf 76' lang='lat' dir='ltr'><strong>cumbens</strong></span> <span class='ocrx_word' id='word_1_110' title='bbox 750 1637 956 1692; x_wconf 82' lang='lat' dir='ltr'><strong>solvam</strong></span> <span class='ocrx_word' id='word_1_111' title='bbox 995 1636 1286 1704; x_wconf 79' lang='lat' dir='ltr'><strong>corrigiam</strong></span> <span class='ocrx_word' id='word_1_112' title='bbox 1334 1632 1687 1689; x_wconf 85' lang='lat' dir='ltr'><strong>calceamenti</strong></span> <span class='ocrx_word' id='word_1_113' title='bbox 1732 1632 1871 1703; x_wconf 89' lang='lat' dir='ltr'><strong>ejus.</strong></span> <span class='ocrx_word' id='word_1_114' title='bbox 1928 1630 2046 1702; x_wconf 84' lang='lat' dir='ltr'><strong>Ipse</strong></span> 
     </span>
    </p>
   </div>
   <div class='ocr_carea' id='block_1_18' title="bbox 455 1724 2045 1800">
    <p class='ocr_par' dir='ltr' id='par_1_18' title="bbox 455 1724 2045 1800">
     <span class='ocr_line' id='line_1_18' title="bbox 455 1724 2045 1800; baseline -0.001 -18"><span class='ocrx_word' id='word_1_115' title='bbox 455 1747 551 1785; x_wconf 82' lang='lat' dir='ltr'><strong>vos</strong></span> <span class='ocrx_word' id='word_1_116' title='bbox 572 1729 865 1800; x_wconf 81' lang='lat' dir='ltr'><strong>baptizabit</strong></span> <span class='ocrx_word' id='word_1_117' title='bbox 884 1729 934 1782; x_wconf 92' lang='lat' dir='ltr'><strong>in</strong></span> <span class='ocrx_word' id='word_1_118' title='bbox 956 1727 1160 1797; x_wconf 85' lang='lat' dir='ltr'><strong>Spiritu</strong></span> <span class='ocrx_word' id='word_1_119' title='bbox 1180 1736 1369 1783; x_wconf 86' lang='lat' dir='ltr'><strong>sancto</strong></span> <span class='ocrx_word' id='word_1_120' title='bbox 1386 1739 1441 1782; x_wconf 92' lang='lat' dir='ltr'><strong>et</strong></span> <span class='ocrx_word' id='word_1_121' title='bbox 1459 1728 1563 1796; x_wconf 78' lang='lat' dir='ltr'><strong>igni</strong></span> <span class='ocrx_word' id='word_1_122' title='bbox 1580 1727 1645 1779; x_wconf 85' lang='lat'><strong>&quot;.</strong></span> <span class='ocrx_word' id='word_1_123' title='bbox 1661 1746 1679 1780; x_wconf 77' lang='grc' dir='ltr'><strong>ι</strong></span> <span class='ocrx_word' id='word_1_124' title='bbox 1702 1724 2045 1781; x_wconf 79' lang='lat' dir='ltr'><strong>Meminimus</strong></span> 
     </span>
    </p>
   </div>
   <div class='ocr_carea' id='block_1_19' title="bbox 454 1821 2035 1894">
    <p class='ocr_par' dir='ltr' id='par_1_19' title="bbox 454 1821 2035 1894">
     <span class='ocr_line' id='line_1_19' title="bbox 454 1821 2035 1894; baseline -0.004 -15"><span class='ocrx_word' id='word_1_125' title='bbox 454 1836 507 1878; x_wconf 88' lang='lat' dir='ltr'><strong>et</strong></span> <span class='ocrx_word' id='word_1_126' title='bbox 529 1823 800 1879; x_wconf 88' lang='lat' dir='ltr'><strong>Christum</strong></span> <span class='ocrx_word' id='word_1_127' title='bbox 826 1822 1007 1877; x_wconf 85' lang='lat' dir='ltr'><strong>dicere</strong></span> <span class='ocrx_word' id='word_1_128' title='bbox 1035 1842 1047 1877; x_wconf 95' lang='lat'>:</span> <span class='ocrx_word' id='word_1_129' title='bbox 1082 1840 1102 1874; x_wconf 82' lang='grc' dir='ltr'><strong>ι</strong></span> <span class='ocrx_word' id='word_1_130' title='bbox 1133 1822 1314 1894; x_wconf 77' lang='lat' dir='ltr'><strong>Ignem</strong></span> <span class='ocrx_word' id='word_1_131' title='bbox 1343 1823 1465 1877; x_wconf 84' lang='lat' dir='ltr'><strong>veni</strong></span> <span class='ocrx_word' id='word_1_132' title='bbox 1492 1822 1708 1876; x_wconf 86' lang='lat' dir='ltr'><strong>mittere</strong></span> <span class='ocrx_word' id='word_1_133' title='bbox 1733 1821 1785 1875; x_wconf 92' lang='lat' dir='ltr'><strong>in</strong></span> <span class='ocrx_word' id='word_1_134' title='bbox 1813 1830 2035 1886; x_wconf 88' lang='lat' dir='ltr'><strong>terram,</strong></span> 
     </span>
    </p>
   </div>
   <div class='ocr_carea' id='block_1_20' title="bbox 2143 619 3723 694">
    <p class='ocr_par' dir='ltr' id='par_1_20' title="bbox 2143 619 3723 694">
     <span class='ocr_line' id='line_1_20' title="bbox 2143 619 3723 694; baseline 0.001 -19"><span class='ocrx_word' id='word_1_135' title='bbox 2143 624 2312 675; x_wconf 82' lang='grc' dir='ltr'><strong>ίκοιτο</strong></span> <span class='ocrx_word' id='word_1_136' title='bbox 2346 620 2441 675; x_wconf 77' lang='grc' dir='ltr'><strong>καὶ</strong></span> <span class='ocrx_word' id='word_1_137' title='bbox 2487 622 2737 693; x_wconf 82' lang='grc' dir='ltr'><strong>καρδίαν,</strong></span> <span class='ocrx_word' id='word_1_138' title='bbox 2770 622 3002 685; x_wconf 81' lang='grc' dir='ltr'><strong>ὲνιέντος</strong></span> <span class='ocrx_word' id='word_1_139' title='bbox 3041 619 3300 692; x_wconf 79' lang='grc' dir='ltr'><strong>Χριστοῦ,</strong></span> <span class='ocrx_word' id='word_1_140' title='bbox 3327 621 3449 675; x_wconf 85' lang='grc' dir='ltr'><strong>τότε</strong></span> <span class='ocrx_word' id='word_1_141' title='bbox 3485 621 3570 694; x_wconf 81' lang='grc' dir='ltr'><strong>δὴ,</strong></span> <span class='ocrx_word' id='word_1_142' title='bbox 3600 623 3723 677; x_wconf 81' lang='grc' dir='ltr'><strong>τότε</strong></span> 
     </span>
    </p>
   </div>
   <div class='ocr_carea' id='block_1_21' title="bbox 2138 713 3725 786">
    <p class='ocr_par' dir='ltr' id='par_1_21' title="bbox 2138 713 3725 786">
     <span class='ocr_line' id='line_1_21' title="bbox 2138 713 3725 786; baseline 0.002 -21"><span class='ocrx_word' id='word_1_143' title='bbox 2138 713 2320 767; x_wconf 82' lang='grc' dir='ltr'><strong>πάντα</strong></span> <span class='ocrx_word' id='word_1_144' title='bbox 2348 713 2448 785; x_wconf 80' lang='grc' dir='ltr'><strong>μὲν</strong></span> <span class='ocrx_word' id='word_1_145' title='bbox 2475 714 2568 768; x_wconf 88' lang='grc' dir='ltr'><strong>τὸν</strong></span> <span class='ocrx_word' id='word_1_146' title='bbox 2593 713 2652 779; x_wconf 83' lang='grc' dir='ltr'><strong>ὲξ</strong></span> <span class='ocrx_word' id='word_1_147' title='bbox 2682 713 2956 785; x_wconf 81' lang='grc' dir='ltr'><strong>ἁμαρτίας</strong></span> <span class='ocrx_word' id='word_1_148' title='bbox 2982 714 3275 785; x_wconf 80' lang='grc' dir='ltr'><strong>διασμήχει</strong></span> <span class='ocrx_word' id='word_1_149' title='bbox 3300 713 3488 786; x_wconf 78' lang='grc' dir='ltr'><strong>ῥύπον,</strong></span> <span class='ocrx_word' id='word_1_150' title='bbox 3514 715 3607 769; x_wconf 72' lang='grc' dir='ltr'><strong>καὶ</strong></span> <span class='ocrx_word' id='word_1_151' title='bbox 3633 716 3725 769; x_wconf 88' lang='grc' dir='ltr'><strong>τὸν</strong></span> 
     </span>
    </p>
   </div>
   <div class='ocr_carea' id='block_1_22' title="bbox 2141 804 3723 878">
    <p class='ocr_par' dir='ltr' id='par_1_22' title="bbox 2141 804 3723 878">
     <span class='ocr_line' id='line_1_22' title="bbox 2141 804 3723 878; baseline 0.001 -20"><span class='ocrx_word' id='word_1_152' title='bbox 2141 807 2204 858; x_wconf 79' lang='grc' dir='ltr'><strong>ἐκ</strong></span> <span class='ocrx_word' id='word_1_153' title='bbox 2230 804 2339 859; x_wconf 88' lang='grc' dir='ltr'><strong>τῶν</strong></span> <span class='ocrx_word' id='word_1_154' title='bbox 2378 805 2478 877; x_wconf 77' lang='grc' dir='ltr'><strong>ήδη</strong></span> <span class='ocrx_word' id='word_1_155' title='bbox 2514 806 3001 878; x_wconf 88' lang='grc' dir='ltr'><strong>προεπταισμένων</strong></span> <span class='ocrx_word' id='word_1_156' title='bbox 3022 805 3237 877; x_wconf 82' lang='grc' dir='ltr'><strong>δαπανᾷ</strong></span> <span class='ocrx_word' id='word_1_157' title='bbox 3274 805 3568 877; x_wconf 73' lang='grc' dir='ltr'><strong>μολυσμὸν.</strong></span> <span class='ocrx_word' id='word_1_158' title='bbox 3614 807 3723 860; x_wconf 83' lang='grc' dir='ltr'><strong>Κε-</strong></span> 
     </span>
    </p>
   </div>
   <div class='ocr_carea' id='block_1_23' title="bbox 2140 896 3721 970">
    <p class='ocr_par' dir='ltr' id='par_1_23' title="bbox 2140 896 3721 970">
     <span class='ocr_line' id='line_1_23' title="bbox 2140 896 3721 970; baseline 0.001 -20"><span class='ocrx_word' id='word_1_159' title='bbox 2140 896 2521 968; x_wconf 76' lang='grc' dir='ltr'><strong>καθαρμένους</strong></span> <span class='ocrx_word' id='word_1_160' title='bbox 2544 915 2605 952; x_wconf 89' lang='grc' dir='ltr'><strong>τε</strong></span> <span class='ocrx_word' id='word_1_161' title='bbox 2628 896 2773 951; x_wconf 78' lang='grc' dir='ltr'><strong>οὕτω</strong></span> <span class='ocrx_word' id='word_1_162' title='bbox 2796 899 2891 953; x_wconf 80' lang='grc' dir='ltr'><strong>καὶ</strong></span> <span class='ocrx_word' id='word_1_163' title='bbox 2916 898 3320 968; x_wconf 79' lang='grc' dir='ltr'><strong>δοκιμωτάτους</strong></span> <span class='ocrx_word' id='word_1_164' title='bbox 3345 900 3471 963; x_wconf 86' lang='grc' dir='ltr'><strong>τοὺς</strong></span> <span class='ocrx_word' id='word_1_165' title='bbox 3500 898 3721 970; x_wconf 75' lang='grc' dir='ltr'><strong>ἔχοντας</strong></span> 
     </span>
    </p>
   </div>
   <div class='ocr_carea' id='block_1_24' title="bbox 2140 987 3721 1061">
    <p class='ocr_par' dir='ltr' id='par_1_24' title="bbox 2140 987 3721 1061">
     <span class='ocr_line' id='line_1_24' title="bbox 2140 987 3721 1061; baseline 0.001 -21"><span class='ocrx_word' id='word_1_166' title='bbox 2140 988 2412 1054; x_wconf 82' lang='grc' dir='ltr'><strong>ἀποτελεῖ,</strong></span> <span class='ocrx_word' id='word_1_167' title='bbox 2457 989 2549 1041; x_wconf 82' lang='grc' dir='ltr'><strong>καὶ</strong></span> <span class='ocrx_word' id='word_1_168' title='bbox 2595 989 2874 1059; x_wconf 79' lang='grc' dir='ltr'><strong>μονονουχὶ</strong></span> <span class='ocrx_word' id='word_1_169' title='bbox 2906 987 3301 1059; x_wconf 84' lang='grc' dir='ltr'><strong>μεταχαλκεύει</strong></span> <span class='ocrx_word' id='word_1_170' title='bbox 3338 989 3540 1059; x_wconf 83' lang='grc' dir='ltr'><strong>νοητῶς</strong></span> <span class='ocrx_word' id='word_1_171' title='bbox 3585 990 3721 1061; x_wconf 82' lang='grc' dir='ltr'><strong>πρὸς</strong></span> 
     </span>
    </p>
   </div>
   <div class='ocr_carea' id='block_1_25' title="bbox 2142 1080 3724 1153">
    <p class='ocr_par' dir='ltr' id='par_1_25' title="bbox 2142 1080 3724 1153">
     <span class='ocr_line' id='line_1_25' title="bbox 2142 1080 3724 1153; baseline 0 -19"><span class='ocrx_word' id='word_1_172' title='bbox 2142 1082 2469 1153; x_wconf 77' lang='grc' dir='ltr'><strong>καινοτάτην</strong></span> <span class='ocrx_word' id='word_1_173' title='bbox 2499 1081 2665 1153; x_wconf 79' lang='grc' dir='ltr'><strong>ζωὴν,</strong></span> <span class='ocrx_word' id='word_1_174' title='bbox 2694 1082 2787 1134; x_wconf 80' lang='grc' dir='ltr'><strong>καὶ</strong></span> <span class='ocrx_word' id='word_1_175' title='bbox 2827 1081 2998 1151; x_wconf 86' lang='grc' dir='ltr'><strong>σκεύη</strong></span> <span class='ocrx_word' id='word_1_176' title='bbox 3031 1080 3215 1134; x_wconf 82' lang='grc' dir='ltr'><strong>λοιπὸν</strong></span> <span class='ocrx_word' id='word_1_177' title='bbox 3258 1081 3549 1151; x_wconf 80' lang='grc' dir='ltr'><strong>ἀποφαίνει</strong></span> <span class='ocrx_word' id='word_1_178' title='bbox 3581 1081 3724 1151; x_wconf 87' lang='grc' dir='ltr'><strong>λαμ-</strong></span> 
     </span>
    </p>
   </div>
   <div class='ocr_carea' id='block_1_26' title="bbox 2144 1173 3724 1245">
    <p class='ocr_par' dir='ltr' id='par_1_26' title="bbox 2144 1173 3724 1245">
     <span class='ocr_line' id='line_1_26' title="bbox 2144 1173 3724 1245; baseline 0.001 -19"><span class='ocrx_word' id='word_1_179' title='bbox 2144 1173 2259 1244; x_wconf 89' lang='grc' dir='ltr'><strong>πρά</strong></span> <span class='ocrx_word' id='word_1_180' title='bbox 2300 1174 2395 1227; x_wconf 77' lang='grc' dir='ltr'><strong>καὶ</strong></span> <span class='ocrx_word' id='word_1_181' title='bbox 2427 1173 2738 1244; x_wconf 82' lang='grc' dir='ltr'><strong>ἡγιασμένα</strong></span> <span class='ocrx_word' id='word_1_182' title='bbox 2774 1173 2869 1226; x_wconf 71' lang='grc' dir='ltr'><strong>καὶ</strong></span> <span class='ocrx_word' id='word_1_183' title='bbox 2908 1176 2988 1238; x_wconf 80' lang='grc' dir='ltr'><strong>εἰς</strong></span> <span class='ocrx_word' id='word_1_184' title='bbox 3034 1174 3199 1245; x_wconf 82' lang='grc' dir='ltr'><strong>τιμὴν</strong></span> <span class='ocrx_word' id='word_1_185' title='bbox 3243 1174 3724 1243; x_wconf 81' lang='grc' dir='ltr'><strong>κατεσκευασμένα</strong></span> 
     </span>
    </p>
   </div>
   <div class='ocr_carea' id='block_1_27' title="bbox 2140 1268 3725 1341">
    <p class='ocr_par' dir='ltr' id='par_1_27' title="bbox 2140 1268 3725 1341">
     <span class='ocr_line' id='line_1_27' title="bbox 2140 1268 3725 1341; baseline 0.001 -21"><span class='ocrx_word' id='word_1_186' title='bbox 2140 1268 2289 1338; x_wconf 68' lang='grc' dir='ltr'><strong>οἰκίᾳ.</strong></span> <span class='ocrx_word' id='word_1_187' title='bbox 2317 1284 2377 1319; x_wconf 81' lang='grc' dir='ltr'><strong>τε</strong></span> <span class='ocrx_word' id='word_1_188' title='bbox 2412 1269 2479 1337; x_wconf 84' lang='grc' dir='ltr'><strong>τῇ</strong></span> <span class='ocrx_word' id='word_1_189' title='bbox 2525 1268 2737 1341; x_wconf 78' lang='grc' dir='ltr'><strong>μεγάλῃ</strong></span> <span class='ocrx_word' id='word_1_190' title='bbox 2774 1269 3043 1339; x_wconf 84' lang='grc' dir='ltr'><strong>χρήσιμα,</strong></span> <span class='ocrx_word' id='word_1_191' title='bbox 3073 1269 3355 1321; x_wconf 84' lang='grc' dir='ltr'><strong>τουτέστιν</strong></span> <span class='ocrx_word' id='word_1_192' title='bbox 3384 1271 3450 1340; x_wconf 75' lang='grc' dir='ltr'><strong>τῇ</strong></span> <span class='ocrx_word' id='word_1_193' title='bbox 3493 1268 3725 1340; x_wconf 82' lang='grc' dir='ltr'><strong>Ἐκκλη-</strong></span> 
     </span>
    </p>
   </div>
   <div class='ocr_carea' id='block_1_28' title="bbox 2142 1358 3725 1433">
    <p class='ocr_par' dir='ltr' id='par_1_28' title="bbox 2142 1358 3725 1433">
     <span class='ocr_line' id='line_1_28' title="bbox 2142 1358 3725 1433; baseline 0.002 -23"><span class='ocrx_word' id='word_1_194' title='bbox 2142 1358 2256 1429; x_wconf 72' lang='grc' dir='ltr'><strong>σία.</strong></span> <span class='ocrx_word' id='word_1_195' title='bbox 2290 1358 2461 1412; x_wconf 90' lang='grc' dir='ltr'><strong>Τοῦτο</strong></span> <span class='ocrx_word' id='word_1_196' title='bbox 2482 1360 2545 1430; x_wconf 89' lang='grc' dir='ltr'><strong>δὴ</strong></span> <span class='ocrx_word' id='word_1_197' title='bbox 2577 1359 2637 1412; x_wconf 90' lang='grc' dir='ltr'><strong>τὸ</strong></span> <span class='ocrx_word' id='word_1_198' title='bbox 2657 1358 2798 1413; x_wconf 89' lang='grc' dir='ltr'><strong>θεῖόν</strong></span> <span class='ocrx_word' id='word_1_199' title='bbox 2824 1377 2884 1412; x_wconf 85' lang='grc' dir='ltr'><strong>τε</strong></span> <span class='ocrx_word' id='word_1_200' title='bbox 2912 1361 3005 1412; x_wconf 75' lang='grc' dir='ltr'><strong>καὶ</strong></span> <span class='ocrx_word' id='word_1_201' title='bbox 3034 1363 3224 1431; x_wconf 82' lang='grc' dir='ltr'><strong>νοητὸν</strong></span> <span class='ocrx_word' id='word_1_202' title='bbox 3248 1362 3592 1431; x_wconf 84' lang='grc' dir='ltr'><strong>κατεσήμανε</strong></span> <span class='ocrx_word' id='word_1_203' title='bbox 3613 1361 3725 1433; x_wconf 81' lang='grc' dir='ltr'><strong>πῦρ</strong></span> 
     </span>
    </p>
   </div>
   <div class='ocr_carea' id='block_1_29' title="bbox 2141 1450 3724 1523">
    <p class='ocr_par' dir='ltr' id='par_1_29' title="bbox 2141 1450 3724 1523">
     <span class='ocr_line' id='line_1_29' title="bbox 2141 1450 3724 1523; baseline 0.001 -20"><span class='ocrx_word' id='word_1_204' title='bbox 2141 1451 2172 1502; x_wconf 98' lang='lat'><strong>6</strong></span> <span class='ocrx_word' id='word_1_205' title='bbox 2200 1450 2485 1515; x_wconf 81' lang='grc' dir='ltr'><strong>Θεσπέσιος</strong></span> <span class='ocrx_word' id='word_1_206' title='bbox 2521 1451 2795 1522; x_wconf 79' lang='grc' dir='ltr'><strong>Ἰωάννης,</strong></span> <span class='ocrx_word' id='word_1_207' title='bbox 2824 1451 2997 1520; x_wconf 89' lang='grc' dir='ltr'><strong>λέγων</strong></span> <span class='ocrx_word' id='word_1_208' title='bbox 3018 1469 3031 1483; x_wconf 88' lang='grc'><strong>·</strong></span> <span class='ocrx_word' id='word_1_209' title='bbox 3068 1472 3085 1504; x_wconf 84' lang='grc' dir='ltr'><strong>ι</strong></span> <span class='ocrx_word' id='word_1_210' title='bbox 3141 1452 3281 1521; x_wconf 83' lang='grc' dir='ltr'><strong>Ἐγὼ</strong></span> <span class='ocrx_word' id='word_1_211' title='bbox 3308 1452 3552 1523; x_wconf 77' lang='grc' dir='ltr'><strong>βαπτίζω</strong></span> <span class='ocrx_word' id='word_1_212' title='bbox 3581 1454 3724 1523; x_wconf 81' lang='grc' dir='ltr'><strong>ὑμᾶς</strong></span> 
     </span>
    </p>
   </div>
   <div class='ocr_carea' id='block_1_30' title="bbox 2142 1536 3727 1618">
    <p class='ocr_par' dir='ltr' id='par_1_30' title="bbox 2142 1536 3727 1618">
     <span class='ocr_line' id='line_1_30' title="bbox 2142 1536 3727 1618; baseline 0.004 -23"><span class='ocrx_word' id='word_1_213' title='bbox 2142 1544 2202 1595; x_wconf 74' lang='grc' dir='ltr'><strong>ἐν</strong></span> <span class='ocrx_word' id='word_1_214' title='bbox 2250 1536 2424 1599; x_wconf 74' lang='grc' dir='ltr'><strong>ὕδατι.</strong></span> <span class='ocrx_word' id='word_1_215' title='bbox 2484 1545 2689 1598; x_wconf 85' lang='grc' dir='ltr'><strong>Ὀπίσω</strong></span> <span class='ocrx_word' id='word_1_216' title='bbox 2744 1562 2845 1617; x_wconf 92' lang='grc' dir='ltr'><strong>μου</strong></span> <span class='ocrx_word' id='word_1_217' title='bbox 2888 1546 3107 1617; x_wconf 78' lang='grc' dir='ltr'><strong>ἔρχεται</strong></span> <span class='ocrx_word' id='word_1_218' title='bbox 3152 1547 3311 1618; x_wconf 79' lang='grc' dir='ltr'><strong>ἀνὴρ,</strong></span> <span class='ocrx_word' id='word_1_219' title='bbox 3357 1542 3417 1601; x_wconf 83' lang='grc' dir='ltr'>οῦ</span> <span class='ocrx_word' id='word_1_220' title='bbox 3467 1547 3568 1599; x_wconf 83' lang='grc' dir='ltr'><strong>οὐκ</strong></span> <span class='ocrx_word' id='word_1_221' title='bbox 3611 1548 3727 1617; x_wconf 72' lang='grc' dir='ltr'><strong>εἰμὶ</strong></span> 
     </span>
    </p>
   </div>
   <div class='ocr_carea' id='block_1_31' title="bbox 2144 1634 3726 1708">
    <p class='ocr_par' dir='ltr' id='par_1_31' title="bbox 2144 1634 3726 1708">
     <span class='ocr_line' id='line_1_31' title="bbox 2144 1634 3726 1708; baseline 0.003 -21"><span class='ocrx_word' id='word_1_222' title='bbox 2144 1634 2330 1698; x_wconf 71' lang='grc' dir='ltr'><strong>ἱκανὸς</strong></span> <span class='ocrx_word' id='word_1_223' title='bbox 2356 1636 2444 1688; x_wconf 83' lang='grc' dir='ltr'><strong>ἵνα</strong></span> <span class='ocrx_word' id='word_1_224' title='bbox 2475 1636 2654 1705; x_wconf 62' lang='grc' dir='ltr'><strong>κύψας</strong></span> <span class='ocrx_word' id='word_1_225' title='bbox 2687 1635 2837 1689; x_wconf 84' lang='grc' dir='ltr'><strong>λύσω</strong></span> <span class='ocrx_word' id='word_1_226' title='bbox 2864 1637 2955 1691; x_wconf 90' lang='grc' dir='ltr'><strong>τὸν</strong></span> <span class='ocrx_word' id='word_1_227' title='bbox 2979 1637 3178 1707; x_wconf 75' lang='grc' dir='ltr'><strong>ἱμάντα</strong></span> <span class='ocrx_word' id='word_1_228' title='bbox 3215 1638 3326 1691; x_wconf 84' lang='grc' dir='ltr'><strong>τῶν</strong></span> <span class='ocrx_word' id='word_1_229' title='bbox 3364 1638 3726 1708; x_wconf 79' lang='grc' dir='ltr'><strong>ὑποδημάτων</strong></span> 
     </span>
    </p>
   </div>
   <div class='ocr_carea' id='block_1_32' title="bbox 2142 1728 3728 1802">
    <p class='ocr_par' dir='ltr' id='par_1_32' title="bbox 2142 1728 3728 1802">
     <span class='ocr_line' id='line_1_32' title="bbox 2142 1728 3728 1802; baseline 0.001 -21"><span class='ocrx_word' id='word_1_230' title='bbox 2142 1728 2332 1785; x_wconf 82' lang='grc' dir='ltr'><strong>αὐτοῦ.</strong></span> <span class='ocrx_word' id='word_1_231' title='bbox 2365 1729 2538 1792; x_wconf 80' lang='grc' dir='ltr'><strong>Αὐτὸς</strong></span> <span class='ocrx_word' id='word_1_232' title='bbox 2578 1730 2722 1799; x_wconf 85' lang='grc' dir='ltr'><strong>ὑμᾶς</strong></span> <span class='ocrx_word' id='word_1_233' title='bbox 2763 1729 3018 1799; x_wconf 84' lang='grc' dir='ltr'><strong>βαπτίσει</strong></span> <span class='ocrx_word' id='word_1_234' title='bbox 3052 1730 3111 1784; x_wconf 86' lang='grc' dir='ltr'><strong>ὲν</strong></span> <span class='ocrx_word' id='word_1_235' title='bbox 3140 1729 3418 1802; x_wconf 84' lang='grc' dir='ltr'><strong>Ηνεύματι</strong></span> <span class='ocrx_word' id='word_1_236' title='bbox 3450 1730 3588 1801; x_wconf 85' lang='grc' dir='ltr'><strong>ἀγίῳ</strong></span> <span class='ocrx_word' id='word_1_237' title='bbox 3632 1731 3728 1783; x_wconf 71' lang='grc' dir='ltr'><strong>καὶ</strong></span> 
     </span>
    </p>
   </div>
   <div class='ocr_carea' id='block_1_33' title="bbox 2145 1820 3729 1894">
    <p class='ocr_par' dir='ltr' id='par_1_33' title="bbox 2145 1820 3729 1894">
     <span class='ocr_line' id='line_1_33' title="bbox 2145 1820 3729 1894; baseline 0.003 -22"><span class='ocrx_word' id='word_1_238' title='bbox 2145 1824 2299 1890; x_wconf 82' lang='grc' dir='ltr'><strong>πυρί.</strong></span> <span class='ocrx_word' id='word_1_239' title='bbox 2339 1840 2357 1872; x_wconf 78' lang='grc' dir='ltr'><strong>ι</strong></span> <span class='ocrx_word' id='word_1_240' title='bbox 2391 1821 2734 1892; x_wconf 85' lang='grc' dir='ltr'><strong>Μεμνήμεθα</strong></span> <span class='ocrx_word' id='word_1_241' title='bbox 2761 1820 2818 1874; x_wconf 83' lang='grc' dir='ltr'><strong>δὲ</strong></span> <span class='ocrx_word' id='word_1_242' title='bbox 2852 1824 2947 1875; x_wconf 71' lang='grc' dir='ltr'><strong>καὶ</strong></span> <span class='ocrx_word' id='word_1_243' title='bbox 2970 1821 3135 1875; x_wconf 84' lang='grc' dir='ltr'><strong>αὐτοῦ</strong></span> <span class='ocrx_word' id='word_1_244' title='bbox 3174 1822 3423 1892; x_wconf 83' lang='grc' dir='ltr'><strong>λέγοντος</strong></span> <span class='ocrx_word' id='word_1_245' title='bbox 3460 1824 3555 1876; x_wconf 87' lang='grc' dir='ltr'><strong>τοῦ</strong></span> <span class='ocrx_word' id='word_1_246' title='bbox 3593 1825 3729 1894; x_wconf 86' lang='grc' dir='ltr'><strong>Χρι-</strong></span> 
     </span>
    </p>
   </div>
   <div class='ocr_carea' id='block_1_34' title="bbox 455 1908 2062 1988">
    <p class='ocr_par' dir='ltr' id='par_1_34' title="bbox 455 1913 2043 1988">
     <span class='ocr_line' id='line_1_34' title="bbox 455 1913 2043 1988; baseline -0.001 -18"><span class='ocrx_word' id='word_1_247' title='bbox 455 1928 508 1970; x_wconf 85' lang='lat' dir='ltr'><strong>et</strong></span> <span class='ocrx_word' id='word_1_248' title='bbox 537 1917 668 1988; x_wconf 91' lang='lat' dir='ltr'><strong>quid</strong></span> <span class='ocrx_word' id='word_1_249' title='bbox 705 1915 851 1978; x_wconf 91' lang='lat' dir='ltr'><strong>volo,</strong></span> <span class='ocrx_word' id='word_1_250' title='bbox 893 1915 1000 1969; x_wconf 89' lang='lat' dir='ltr'><strong>nisi</strong></span> <span class='ocrx_word' id='word_1_251' title='bbox 1041 1926 1100 1969; x_wconf 92' lang='lat' dir='ltr'><strong>ut</strong></span> <span class='ocrx_word' id='word_1_252' title='bbox 1136 1914 1468 1970; x_wconf 86' lang='lat' dir='ltr'><strong>accendatur</strong></span> <span class='ocrx_word' id='word_1_253' title='bbox 1491 1913 1575 1968; x_wconf 76' lang='lat' dir='ltr'><strong>&quot;‘l</strong></span> <span class='ocrx_word' id='word_1_254' title='bbox 1601 1932 1622 1966; x_wconf 79' lang='grc' dir='ltr'><strong>ι</strong></span> <span class='ocrx_word' id='word_1_255' title='bbox 1663 1913 1871 1984; x_wconf 83' lang='lat' dir='ltr'><strong>itaque,</strong></span> <span class='ocrx_word' id='word_1_256' title='bbox 1907 1927 2043 1983; x_wconf 91' lang='lat' dir='ltr'><strong>quo-</strong></span> 
     </span>
    </p>
   </div>
   <div class='ocr_carea' id='block_1_35' title="bbox 2145 1908 3724 1988">
    <p class='ocr_par' dir='ltr' id='par_1_35' title="bbox 2146 1908 3724 1984">
     <span class='ocr_line' id='line_1_35' title="bbox 2146 1908 3724 1984; baseline -0.001 -18"><span class='ocrx_word' id='word_1_257' title='bbox 2146 1913 2273 1966; x_wconf 89' lang='grc' dir='ltr'><strong>στοῦ</strong></span> <span class='ocrx_word' id='word_1_258' title='bbox 2296 1928 2308 1941; x_wconf 78' lang='grc'><strong>⁸</strong></span> <span class='ocrx_word' id='word_1_259' title='bbox 2345 1931 2363 1964; x_wconf 79' lang='grc' dir='ltr'><strong>ι</strong></span> <span class='ocrx_word' id='word_1_260' title='bbox 2400 1912 2519 1983; x_wconf 89' lang='grc' dir='ltr'><strong>Πῦρ</strong></span> <span class='ocrx_word' id='word_1_261' title='bbox 2538 1908 2702 1983; x_wconf 77' lang='grc' dir='ltr'><strong>ἦλθον</strong></span> <span class='ocrx_word' id='word_1_262' title='bbox 2726 1911 2941 1982; x_wconf 79' lang='grc' dir='ltr'><strong>βάλλειν</strong></span> <span class='ocrx_word' id='word_1_263' title='bbox 2972 1913 3064 1965; x_wconf 69' lang='grc' dir='ltr'><strong>ἐπὶ</strong></span> <span class='ocrx_word' id='word_1_264' title='bbox 3090 1914 3190 1984; x_wconf 82' lang='grc' dir='ltr'><strong>τὴν</strong></span> <span class='ocrx_word' id='word_1_265' title='bbox 3217 1912 3346 1982; x_wconf 82' lang='grc' dir='ltr'><strong>γῆν,</strong></span> <span class='ocrx_word' id='word_1_266' title='bbox 3371 1913 3465 1966; x_wconf 73' lang='grc' dir='ltr'><strong>καὶ</strong></span> <span class='ocrx_word' id='word_1_267' title='bbox 3485 1913 3539 1965; x_wconf 90' lang='grc' dir='ltr'><strong>τί</strong></span> <span class='ocrx_word' id='word_1_268' title='bbox 3565 1912 3724 1975; x_wconf 83' lang='grc' dir='ltr'><strong>θέλω,</strong></span> 
     </span>
    </p>
   </div>
   <div class='ocr_carea' id='block_1_36' title="bbox 456 2006 2036 2076">
    <p class='ocr_par' dir='ltr' id='par_1_36' title="bbox 456 2006 2036 2076">
     <span class='ocr_line' id='line_1_36' title="bbox 456 2006 2036 2076; baseline -0.003 -11"><span class='ocrx_word' id='word_1_269' title='bbox 456 2013 598 2065; x_wconf 88' lang='lat' dir='ltr'><strong>niam</strong></span> <span class='ocrx_word' id='word_1_270' title='bbox 627 2008 885 2065; x_wconf 66' lang='lat' dir='ltr'><strong>lsraelitae</strong></span> <span class='ocrx_word' id='word_1_271' title='bbox 923 2008 1235 2063; x_wconf 87' lang='lat' dir='ltr'><strong>Levitarum</strong></span> <span class='ocrx_word' id='word_1_272' title='bbox 1267 2007 1663 2062; x_wconf 83' lang='lat' dir='ltr'><strong>immunditiam</strong></span> <span class='ocrx_word' id='word_1_273' title='bbox 1693 2006 1809 2063; x_wconf 87' lang='lat' dir='ltr'><strong>sive</strong></span> <span class='ocrx_word' id='word_1_274' title='bbox 1834 2006 2036 2076; x_wconf 87' lang='lat' dir='ltr'><strong>iniqui-</strong></span> 
     </span>
    </p>
   </div>
   <div class='ocr_carea' id='block_1_37' title="bbox 455 2094 2037 2167">
    <p class='ocr_par' dir='ltr' id='par_1_37' title="bbox 455 2094 2037 2167">
     <span class='ocr_line' id='line_1_37' title="bbox 455 2094 2037 2167; baseline -0.003 -12"><span class='ocrx_word' id='word_1_275' title='bbox 455 2114 615 2159; x_wconf 84' lang='lat' dir='ltr'><strong>tatem</strong></span> <span class='ocrx_word' id='word_1_276' title='bbox 648 2117 751 2156; x_wconf 88' lang='lat' dir='ltr'><strong>non</strong></span> <span class='ocrx_word' id='word_1_277' title='bbox 775 2101 892 2155; x_wconf 87' lang='lat' dir='ltr'><strong>leve</strong></span> <span class='ocrx_word' id='word_1_278' title='bbox 922 2098 1336 2153; x_wconf 77' lang='lat' dir='ltr'><strong>fundamentum</strong></span> <span class='ocrx_word' id='word_1_279' title='bbox 1360 2097 1658 2167; x_wconf 87' lang='lat' dir='ltr'><strong>ponebant,</strong></span> <span class='ocrx_word' id='word_1_280' title='bbox 1678 2095 1788 2151; x_wconf 90' lang='lat' dir='ltr'><strong>imo</strong></span> <span class='ocrx_word' id='word_1_281' title='bbox 1804 2110 1902 2167; x_wconf 86' lang='lat' dir='ltr'><strong>per</strong></span> <span class='ocrx_word' id='word_1_282' title='bbox 1918 2094 2037 2150; x_wconf 88' lang='lat' dir='ltr'><strong>illus</strong></span> 
     </span>
    </p>
   </div>
   <div class='ocr_carea' id='block_1_38' title="bbox 452 2190 2038 2269">
    <p class='ocr_par' dir='ltr' id='par_1_38' title="bbox 452 2190 2038 2269">
     <span class='ocr_line' id='line_1_38' title="bbox 452 2190 2038 2269; baseline -0.004 -20"><span class='ocrx_word' id='word_1_283' title='bbox 452 2199 827 2251; x_wconf 87' lang='lat' dir='ltr'><strong>universorum</strong></span> <span class='ocrx_word' id='word_1_284' title='bbox 862 2193 1029 2248; x_wconf 90' lang='lat' dir='ltr'><strong>Deum</strong></span> <span class='ocrx_word' id='word_1_285' title='bbox 1068 2193 1285 2246; x_wconf 89' lang='lat' dir='ltr'><strong>irritare</strong></span> <span class='ocrx_word' id='word_1_286' title='bbox 1317 2206 1422 2245; x_wconf 90' lang='lat' dir='ltr'><strong>non</strong></span> <span class='ocrx_word' id='word_1_287' title='bbox 1459 2190 1806 2255; x_wconf 83' lang='lat' dir='ltr'><strong>desinebant,</strong></span> <span class='ocrx_word' id='word_1_288' title='bbox 1830 2202 2038 2269; x_wconf 31' lang='lat' dir='ltr'><strong>.contu-</strong></span> 
     </span>
    </p>
   </div>
   <div class='ocr_carea' id='block_1_39' title="bbox 453 2279 2039 2354">
    <p class='ocr_par' dir='ltr' id='par_1_39' title="bbox 453 2279 2039 2354">
     <span class='ocr_line' id='line_1_39' title="bbox 453 2279 2039 2354; baseline -0.006 -10"><span class='ocrx_word' id='word_1_289' title='bbox 453 2288 674 2344; x_wconf 86' lang='lat' dir='ltr'><strong>meliose</strong></span> <span class='ocrx_word' id='word_1_290' title='bbox 716 2287 999 2354; x_wconf 75' lang='lat' dir='ltr'><strong>loquentes</strong></span> <span class='ocrx_word' id='word_1_291' title='bbox 1025 2293 1081 2337; x_wconf 92' lang='lat' dir='ltr'><strong>et</strong></span> <span class='ocrx_word' id='word_1_292' title='bbox 1103 2283 1286 2337; x_wconf 88' lang='lat' dir='ltr'><strong>dicere</strong></span> <span class='ocrx_word' id='word_1_293' title='bbox 1327 2297 1433 2335; x_wconf 92' lang='lat' dir='ltr'><strong>non</strong></span> <span class='ocrx_word' id='word_1_294' title='bbox 1462 2291 1714 2336; x_wconf 86' lang='lat' dir='ltr'><strong>verentes</strong></span> <span class='ocrx_word' id='word_1_295' title='bbox 1744 2296 1760 2334; x_wconf 88' lang='lat'><strong>:</strong></span> <span class='ocrx_word' id='word_1_296' title='bbox 1795 2298 1816 2332; x_wconf 79' lang='grc' dir='ltr'><strong>ι</strong></span> <span class='ocrx_word' id='word_1_297' title='bbox 1849 2279 2039 2336; x_wconf 83' lang='lat' dir='ltr'><strong>Omnis</strong></span> 
     </span>
    </p>
   </div>
   <div class='ocr_carea' id='block_1_40' title="bbox 450 2372 2039 2452">
    <p class='ocr_par' dir='ltr' id='par_1_40' title="bbox 450 2372 2039 2452">
     <span class='ocr_line' id='line_1_40' title="bbox 450 2372 2039 2452; baseline -0.005 -18"><span class='ocrx_word' id='word_1_298' title='bbox 450 2382 541 2452; x_wconf 91' lang='lat' dir='ltr'><strong>qui</strong></span> <span class='ocrx_word' id='word_1_299' title='bbox 575 2379 705 2434; x_wconf 83' lang='lat' dir='ltr'><strong>facit</strong></span> <span class='ocrx_word' id='word_1_300' title='bbox 740 2377 963 2441; x_wconf 86' lang='lat' dir='ltr'><strong>malum,</strong></span> <span class='ocrx_word' id='word_1_301' title='bbox 997 2377 1197 2430; x_wconf 88' lang='lat' dir='ltr'><strong>bonum</strong></span> <span class='ocrx_word' id='word_1_302' title='bbox 1236 2388 1421 2427; x_wconf 86' lang='lat' dir='ltr'><strong>coram</strong></span> <span class='ocrx_word' id='word_1_303' title='bbox 1458 2372 1573 2437; x_wconf 92' lang='lat' dir='ltr'><strong>illo,</strong></span> <span class='ocrx_word' id='word_1_304' title='bbox 1613 2383 1666 2426; x_wconf 91' lang='lat' dir='ltr'><strong>et</strong></span> <span class='ocrx_word' id='word_1_305' title='bbox 1696 2372 1748 2425; x_wconf 89' lang='lat' dir='ltr'><strong>in</strong></span> <span class='ocrx_word' id='word_1_306' title='bbox 1789 2372 1896 2427; x_wconf 89' lang='lat' dir='ltr'><strong>illis</strong></span> <span class='ocrx_word' id='word_1_307' title='bbox 1922 2373 2039 2441; x_wconf 85' lang='lat' dir='ltr'><strong>ipse</strong></span> 
     </span>
    </p>
   </div>
   <div class='ocr_carea' id='block_1_41' title="bbox 451 2465 2039 2541">
    <p class='ocr_par' dir='ltr' id='par_1_41' title="bbox 451 2465 2039 2541">
     <span class='ocr_line' id='line_1_41' title="bbox 451 2465 2039 2541; baseline -0.006 -13"><span class='ocrx_word' id='word_1_308' title='bbox 451 2474 554 2528; x_wconf 83' lang='lat' dir='ltr'><strong>sibi</strong></span> <span class='ocrx_word' id='word_1_309' title='bbox 574 2469 926 2541; x_wconf 88' lang='lat' dir='ltr'><strong>compiacuit,</strong></span> <span class='ocrx_word' id='word_1_310' title='bbox 943 2481 999 2523; x_wconf 90' lang='lat' dir='ltr'><strong>et</strong></span> <span class='ocrx_word' id='word_1_311' title='bbox 1019 2467 1107 2521; x_wconf 90' lang='lat' dir='ltr'><strong>ubi</strong></span> <span class='ocrx_word' id='word_1_312' title='bbox 1134 2476 1217 2520; x_wconf 86' lang='lat' dir='ltr'><strong>est</strong></span> <span class='ocrx_word' id='word_1_313' title='bbox 1242 2465 1618 2533; x_wconf 68' lang='lat' dir='ltr'><strong>Deusjustitize</strong></span> <span class='ocrx_word' id='word_1_314' title='bbox 1632 2466 1720 2519; x_wconf 60' lang='lat'><strong>5&quot;?</strong></span> <span class='ocrx_word' id='word_1_315' title='bbox 1745 2484 1762 2516; x_wconf 80' lang='grc' dir='ltr'><strong>ι</strong></span> <span class='ocrx_word' id='word_1_316' title='bbox 1794 2465 2039 2535; x_wconf 66' lang='lat' dir='ltr'><strong>praedicit</strong></span> 
     </span>
    </p>
   </div>
   <div class='ocr_carea' id='block_1_42' title="bbox 453 2557 2037 2633">
    <p class='ocr_par' dir='ltr' id='par_1_42' title="bbox 453 2557 2037 2633">
     <span class='ocr_line' id='line_1_42' title="bbox 453 2557 2037 2633; baseline -0.005 -14"><span class='ocrx_word' id='word_1_317' title='bbox 453 2565 654 2620; x_wconf 92' lang='lat' dir='ltr'><strong>utiliter</strong></span> <span class='ocrx_word' id='word_1_318' title='bbox 697 2564 931 2633; x_wconf 86' lang='lat' dir='ltr'><strong>quodam</strong></span> <span class='ocrx_word' id='word_1_319' title='bbox 969 2570 1213 2630; x_wconf 91' lang='lat' dir='ltr'><strong>tempore</strong></span> <span class='ocrx_word' id='word_1_320' title='bbox 1241 2557 1564 2613; x_wconf 71' lang='lat' dir='ltr'><strong>aﬂulsurum</strong></span> <span class='ocrx_word' id='word_1_321' title='bbox 1610 2558 1911 2622; x_wconf 85' lang='lat' dir='ltr'><strong>Christum,</strong></span> <span class='ocrx_word' id='word_1_322' title='bbox 1945 2557 2037 2627; x_wconf 88' lang='lat' dir='ltr'><strong>qui</strong></span> 
     </span>
    </p>
   </div>
   <div class='ocr_carea' id='block_1_43' title="bbox 453 2646 2040 2726">
    <p class='ocr_par' dir='ltr' id='par_1_43' title="bbox 453 2646 2040 2726">
     <span class='ocr_line' id='line_1_43' title="bbox 453 2646 2040 2726; baseline -0.005 -16"><span class='ocrx_word' id='word_1_323' title='bbox 453 2664 731 2726; x_wconf 87' lang='lat' dir='ltr'><strong>peccatum</strong></span> <span class='ocrx_word' id='word_1_324' title='bbox 777 2667 940 2708; x_wconf 88' lang='lat' dir='ltr'><strong>omne</strong></span> <span class='ocrx_word' id='word_1_325' title='bbox 985 2663 1231 2705; x_wconf 89' lang='lat' dir='ltr'><strong>nostrum</strong></span> <span class='ocrx_word' id='word_1_326' title='bbox 1272 2664 1307 2705; x_wconf 84' lang='lat' dir='ltr'><strong>e</strong></span> <span class='ocrx_word' id='word_1_327' title='bbox 1349 2648 1529 2703; x_wconf 86' lang='lat' dir='ltr'><strong>medio</strong></span> <span class='ocrx_word' id='word_1_328' title='bbox 1570 2648 1731 2712; x_wconf 81' lang='lat' dir='ltr'><strong>tollit,</strong></span> <span class='ocrx_word' id='word_1_329' title='bbox 1779 2646 1945 2718; x_wconf 73' lang='lat'><strong>853</strong></span> <span class='ocrx_word' id='word_1_330' title='bbox 1986 2654 2040 2702; x_wconf 87' lang='lat' dir='ltr'><strong>el</strong></span> 
     </span>
    </p>
   </div>
   <div class='ocr_carea' id='block_1_44' title="bbox 451 2740 2038 2812">
    <p class='ocr_par' dir='ltr' id='par_1_44' title="bbox 451 2740 2038 2812">
     <span class='ocr_line' id='line_1_44' title="bbox 451 2740 2038 2812; baseline -0.006 -9"><span class='ocrx_word' id='word_1_331' title='bbox 451 2746 763 2803; x_wconf 81' lang='lat' dir='ltr'><strong>sacerdotes</strong></span> <span class='ocrx_word' id='word_1_332' title='bbox 793 2759 924 2798; x_wconf 83' lang='lat' dir='ltr'><strong>suos</strong></span> <span class='ocrx_word' id='word_1_333' title='bbox 955 2743 1286 2812; x_wconf 87' lang='lat' dir='ltr'><strong>purissimos</strong></span> <span class='ocrx_word' id='word_1_334' title='bbox 1313 2740 1510 2803; x_wconf 80' lang='lat' dir='ltr'><strong>reddit,</strong></span> <span class='ocrx_word' id='word_1_335' title='bbox 1541 2754 1745 2810; x_wconf 89' lang='lat' dir='ltr'><strong>eosque</strong></span> <span class='ocrx_word' id='word_1_336' title='bbox 1766 2747 1823 2793; x_wconf 91' lang='lat' dir='ltr'><strong>ut</strong></span> <span class='ocrx_word' id='word_1_337' title='bbox 1848 2754 2038 2793; x_wconf 89' lang='lat' dir='ltr'><strong>aurum</strong></span> 
     </span>
    </p>
   </div>
   <div class='ocr_carea' id='block_1_45' title="bbox 450 2831 2040 2910">
    <p class='ocr_par' dir='ltr' id='par_1_45' title="bbox 450 2831 2040 2910">
     <span class='ocr_line' id='line_1_45' title="bbox 450 2831 2040 2910; baseline -0.005 -16"><span class='ocrx_word' id='word_1_338' title='bbox 450 2850 547 2894; x_wconf 87' lang='lat' dir='ltr'><strong>aut</strong></span> <span class='ocrx_word' id='word_1_339' title='bbox 560 2847 841 2910; x_wconf 78' lang='lat' dir='ltr'><strong>argentum</strong></span> <span class='ocrx_word' id='word_1_340' title='bbox 862 2838 915 2890; x_wconf 91' lang='lat' dir='ltr'><strong>in</strong></span> <span class='ocrx_word' id='word_1_341' title='bbox 936 2836 1058 2905; x_wconf 78' lang='lat' dir='ltr'><strong>igne</strong></span> <span class='ocrx_word' id='word_1_342' title='bbox 1076 2836 1291 2903; x_wconf 86' lang='lat' dir='ltr'><strong>probat,</strong></span> <span class='ocrx_word' id='word_1_343' title='bbox 1314 2834 1430 2888; x_wconf 86' lang='lat' dir='ltr'><strong>sive</strong></span> <span class='ocrx_word' id='word_1_344' title='bbox 1448 2835 1706 2902; x_wconf 83' lang='lat' dir='ltr'><strong>probatos</strong></span> <span class='ocrx_word' id='word_1_345' title='bbox 1726 2842 1779 2886; x_wconf 93' lang='lat' dir='ltr'><strong>et</strong></span> <span class='ocrx_word' id='word_1_346' title='bbox 1805 2831 2040 2887; x_wconf 74' lang='lat' dir='ltr'><strong>illustres</strong></span> 
     </span>
    </p>
   </div>
   <div class='ocr_carea' id='block_1_46' title="bbox 457 2923 2039 2989">
    <p class='ocr_par' dir='ltr' id='par_1_46' title="bbox 457 2923 2039 2989">
     <span class='ocr_line' id='line_1_46' title="bbox 457 2923 2039 2989; baseline -0.006 -1"><span class='ocrx_word' id='word_1_347' title='bbox 457 2933 634 2989; x_wconf 85' lang='lat' dir='ltr'><strong>reddit</strong></span> <span class='ocrx_word' id='word_1_348' title='bbox 667 2932 737 2987; x_wconf 74' lang='grc'><strong>⁸⁸.</strong></span> <span class='ocrx_word' id='word_1_349' title='bbox 772 2927 935 2986; x_wconf 74' lang='lat' dir='ltr'><strong>‘lales</strong></span> <span class='ocrx_word' id='word_1_350' title='bbox 972 2930 1117 2984; x_wconf 90' lang='lat' dir='ltr'><strong>enim</strong></span> <span class='ocrx_word' id='word_1_351' title='bbox 1153 2926 1409 2982; x_wconf 69' lang='lat' dir='ltr'><strong>Ecclesia:</strong></span> <span class='ocrx_word' id='word_1_352' title='bbox 1449 2928 1764 2980; x_wconf 84' lang='lat' dir='ltr'><strong>sacerdotes</strong></span> <span class='ocrx_word' id='word_1_353' title='bbox 1800 2923 2039 2979; x_wconf 87' lang='lat' dir='ltr'><strong>universi</strong></span> 
     </span>
    </p>
   </div>
   <div class='ocr_carea' id='block_1_47' title="bbox 451 3017 2039 3092">
    <p class='ocr_par' dir='ltr' id='par_1_47' title="bbox 451 3017 2039 3092">
     <span class='ocr_line' id='line_1_47' title="bbox 451 3017 2039 3092; baseline -0.008 -10"><span class='ocrx_word' id='word_1_354' title='bbox 451 3026 651 3082; x_wconf 86' lang='lat' dir='ltr'><strong>debent</strong></span> <span class='ocrx_word' id='word_1_355' title='bbox 676 3038 819 3086; x_wconf 88' lang='lat' dir='ltr'><strong>esse,</strong></span> <span class='ocrx_word' id='word_1_356' title='bbox 839 3021 1035 3092; x_wconf 87' lang='lat' dir='ltr'><strong>quibus</strong></span> <span class='ocrx_word' id='word_1_357' title='bbox 1053 3020 1347 3087; x_wconf 86' lang='lat' dir='ltr'><strong>liceatjure</strong></span> <span class='ocrx_word' id='word_1_358' title='bbox 1376 3018 1582 3087; x_wconf 90' lang='lat' dir='ltr'><strong>optimo</strong></span> <span class='ocrx_word' id='word_1_359' title='bbox 1610 3031 1876 3088; x_wconf 89' lang='lat' dir='ltr'><strong>usurpare</strong></span> <span class='ocrx_word' id='word_1_360' title='bbox 1906 3017 2039 3071; x_wconf 94' lang='lat' dir='ltr'><strong>illud</strong></span> 
     </span>
    </p>
   </div>
   <div class='ocr_carea' id='block_1_48' title="bbox 454 3110 2037 3181">
    <p class='ocr_par' dir='ltr' id='par_1_48' title="bbox 454 3110 2037 3181">
     <span class='ocr_line' id='line_1_48' title="bbox 454 3110 2037 3181; baseline -0.006 -7"><span class='ocrx_word' id='word_1_361' title='bbox 454 3119 803 3174; x_wconf 86' lang='lat' dir='ltr'><strong>Davidieum:</strong></span> <span class='ocrx_word' id='word_1_362' title='bbox 836 3134 857 3167; x_wconf 83' lang='grc' dir='ltr'><strong>ι</strong></span> <span class='ocrx_word' id='word_1_363' title='bbox 884 3113 1134 3170; x_wconf 83' lang='lat' dir='ltr'><strong>Probasti</strong></span> <span class='ocrx_word' id='word_1_364' title='bbox 1166 3128 1287 3179; x_wconf 88' lang='lat' dir='ltr'><strong>nos,</strong></span> <span class='ocrx_word' id='word_1_365' title='bbox 1328 3111 1502 3178; x_wconf 86' lang='lat' dir='ltr'><strong>Deus;</strong></span> <span class='ocrx_word' id='word_1_366' title='bbox 1541 3113 1663 3181; x_wconf 79' lang='lat' dir='ltr'><strong>igne</strong></span> <span class='ocrx_word' id='word_1_367' title='bbox 1695 3124 1793 3166; x_wconf 91' lang='lat' dir='ltr'><strong>nos</strong></span> <span class='ocrx_word' id='word_1_368' title='bbox 1827 3110 2037 3165; x_wconf 62' lang='lat' dir='ltr'><strong>examio</strong></span> 
     </span>
    </p>
   </div>
   <div class='ocr_carea' id='block_1_49' title="bbox 453 3203 2038 3276">
    <p class='ocr_par' dir='ltr' id='par_1_49' title="bbox 453 3203 2038 3276">
     <span class='ocr_line' id='line_1_49' title="bbox 453 3203 2038 3276; baseline -0.008 -9"><span class='ocrx_word' id='word_1_369' title='bbox 453 3213 592 3268; x_wconf 88' lang='lat' dir='ltr'><strong>uasti</strong></span> <span class='ocrx_word' id='word_1_370' title='bbox 624 3222 685 3266; x_wconf 91' lang='lat' dir='ltr'><strong>ut</strong></span> <span class='ocrx_word' id='word_1_371' title='bbox 714 3207 1019 3264; x_wconf 80' lang='lat' dir='ltr'><strong>examinari</strong></span> <span class='ocrx_word' id='word_1_372' title='bbox 1047 3207 1184 3261; x_wconf 89' lang='lat' dir='ltr'><strong>solet</strong></span> <span class='ocrx_word' id='word_1_373' title='bbox 1203 3216 1487 3276; x_wconf 82' lang='lat' dir='ltr'><strong>argentum</strong></span> <span class='ocrx_word' id='word_1_374' title='bbox 1519 3205 1621 3258; x_wconf 73' lang='grc'><strong>⁸⁸.»</strong></span> <span class='ocrx_word' id='word_1_375' title='bbox 1648 3203 1798 3259; x_wconf 84' lang='lat' dir='ltr'><strong>Filiis</strong></span> <span class='ocrx_word' id='word_1_376' title='bbox 1822 3204 2038 3273; x_wconf 84' lang='lat' dir='ltr'><strong>quidem</strong></span> 
     </span>
    </p>
   </div>
   <div class='ocr_carea' id='block_1_50' title="bbox 2142 2002 3727 2077">
    <p class='ocr_par' dir='ltr' id='par_1_50' title="bbox 2142 2002 3727 2077">
     <span class='ocr_line' id='line_1_50' title="bbox 2142 2002 3727 2077; baseline 0.002 -22"><span class='ocrx_word' id='word_1_377' title='bbox 2142 2004 2193 2055; x_wconf 79' lang='grc' dir='ltr'><strong>εί</strong></span> <span class='ocrx_word' id='word_1_378' title='bbox 2226 2002 2327 2075; x_wconf 76' lang='grc' dir='ltr'><strong>ἤδη</strong></span> <span class='ocrx_word' id='word_1_379' title='bbox 2362 2003 2611 2075; x_wconf 85' lang='grc' dir='ltr'><strong>ἀνήφθη;</strong></span> <span class='ocrx_word' id='word_1_380' title='bbox 2654 2022 2673 2057; x_wconf 76' lang='grc' dir='ltr'><strong>ι</strong></span> <span class='ocrx_word' id='word_1_381' title='bbox 2707 2003 2937 2069; x_wconf 79' lang='grc' dir='ltr'><strong>Οὐκοῦν,</strong></span> <span class='ocrx_word' id='word_1_382' title='bbox 2969 2004 3198 2077; x_wconf 77' lang='grc' dir='ltr'><strong>ἐπείπερ</strong></span> <span class='ocrx_word' id='word_1_383' title='bbox 3224 2006 3274 2058; x_wconf 79' lang='grc' dir='ltr'><strong>οἱ</strong></span> <span class='ocrx_word' id='word_1_384' title='bbox 3297 2004 3355 2071; x_wconf 79' lang='grc' dir='ltr'><strong>ἐξ</strong></span> <span class='ocrx_word' id='word_1_385' title='bbox 3383 2005 3612 2076; x_wconf 84' lang='grc' dir='ltr'><strong>αἵματος</strong></span> <span class='ocrx_word' id='word_1_386' title='bbox 3633 2005 3727 2058; x_wconf 88' lang='grc' dir='ltr'><strong>τοῦ</strong></span> 
     </span>
    </p>
   </div>
   <div class='ocr_carea' id='block_1_51' title="bbox 2144 2095 3727 2170">
    <p class='ocr_par' dir='ltr' id='par_1_51' title="bbox 2144 2095 3727 2170">
     <span class='ocr_line' id='line_1_51' title="bbox 2144 2095 3727 2170; baseline 0.003 -21"><span class='ocrx_word' id='word_1_387' title='bbox 2144 2095 2203 2164; x_wconf 72' lang='grc' dir='ltr'><strong>ἐξ</strong></span> <span class='ocrx_word' id='word_1_388' title='bbox 2246 2096 2464 2168; x_wconf 84' lang='grc' dir='ltr'><strong>Ἰσραὴλ</strong></span> <span class='ocrx_word' id='word_1_389' title='bbox 2487 2098 2587 2169; x_wconf 81' lang='grc' dir='ltr'><strong>τῆς</strong></span> <span class='ocrx_word' id='word_1_390' title='bbox 2624 2096 2735 2150; x_wconf 83' lang='grc' dir='ltr'><strong>τῶν</strong></span> <span class='ocrx_word' id='word_1_391' title='bbox 2759 2097 3000 2151; x_wconf 83' lang='grc' dir='ltr'><strong>Λευῖτῶν</strong></span> <span class='ocrx_word' id='word_1_392' title='bbox 3027 2098 3392 2170; x_wconf 88' lang='grc' dir='ltr'><strong>ἀκαθαρσίας,</strong></span> <span class='ocrx_word' id='word_1_393' title='bbox 3418 2099 3583 2170; x_wconf 76' lang='grc' dir='ltr'><strong>ἤγουν</strong></span> <span class='ocrx_word' id='word_1_394' title='bbox 3610 2101 3727 2153; x_wconf 84' lang='grc' dir='ltr'><strong>ἀδι-</strong></span> 
     </span>
    </p>
   </div>
   <div class='ocr_carea' id='block_1_52' title="bbox 2144 2187 3729 2259">
    <p class='ocr_par' dir='ltr' id='par_1_52' title="bbox 2144 2187 3729 2259">
     <span class='ocr_line' id='line_1_52' title="bbox 2144 2187 3729 2259; baseline 0.001 -20"><span class='ocrx_word' id='word_1_395' title='bbox 2144 2188 2293 2252; x_wconf 89' lang='grc' dir='ltr'><strong>κίας,</strong></span> <span class='ocrx_word' id='word_1_396' title='bbox 2323 2187 2386 2240; x_wconf 86' lang='grc' dir='ltr'><strong>ού</strong></span> <span class='ocrx_word' id='word_1_397' title='bbox 2417 2188 2644 2258; x_wconf 87' lang='grc' dir='ltr'><strong>μετρίαν</strong></span> <span class='ocrx_word' id='word_1_398' title='bbox 2665 2187 2944 2242; x_wconf 74' lang='grc' dir='ltr'><strong>ἐποιοῦντο</strong></span> <span class='ocrx_word' id='word_1_399' title='bbox 2967 2188 3068 2259; x_wconf 87' lang='grc' dir='ltr'><strong>τὴν</strong></span> <span class='ocrx_word' id='word_1_400' title='bbox 3091 2187 3418 2259; x_wconf 76' lang='grc' dir='ltr'><strong>καταϐολὴν,</strong></span> <span class='ocrx_word' id='word_1_401' title='bbox 3444 2187 3644 2259; x_wconf 82' lang='grc' dir='ltr'><strong>μᾶλλον</strong></span> <span class='ocrx_word' id='word_1_402' title='bbox 3671 2187 3729 2241; x_wconf 81' lang='grc' dir='ltr'><strong>δὲ</strong></span> 
     </span>
    </p>
   </div>
   <div class='ocr_carea' id='block_1_53' title="bbox 2142 2280 3729 2354">
    <p class='ocr_par' dir='ltr' id='par_1_53' title="bbox 2142 2280 3729 2354">
     <span class='ocr_line' id='line_1_53' title="bbox 2142 2280 3729 2354; baseline -0.002 -19"><span class='ocrx_word' id='word_1_403' title='bbox 2142 2281 2211 2335; x_wconf 88' lang='grc' dir='ltr'><strong>δι’</strong></span> <span class='ocrx_word' id='word_1_404' title='bbox 2246 2280 2487 2345; x_wconf 75' lang='grc' dir='ltr'><strong>ἐκείνους</strong></span> <span class='ocrx_word' id='word_1_405' title='bbox 2522 2281 2958 2354; x_wconf 84' lang='grc' dir='ltr'><strong>παροτρύνοντες</strong></span> <span class='ocrx_word' id='word_1_406' title='bbox 3004 2281 3272 2335; x_wconf 81' lang='grc' dir='ltr'><strong>διετέλουν</strong></span> <span class='ocrx_word' id='word_1_407' title='bbox 3313 2281 3405 2335; x_wconf 90' lang='grc' dir='ltr'><strong>τὸν</strong></span> <span class='ocrx_word' id='word_1_408' title='bbox 3436 2281 3545 2335; x_wconf 87' lang='grc' dir='ltr'><strong>τῶν</strong></span> <span class='ocrx_word' id='word_1_409' title='bbox 3591 2280 3729 2334; x_wconf 82' lang='grc' dir='ltr'><strong>ὅλων</strong></span> 
     </span>
    </p>
   </div>
   <div class='ocr_carea' id='block_1_54' title="bbox 2144 2368 3732 2441">
    <p class='ocr_par' dir='ltr' id='par_1_54' title="bbox 2144 2368 3732 2441">
     <span class='ocr_line' id='line_1_54' title="bbox 2144 2368 3732 2441; baseline 0.001 -20"><span class='ocrx_word' id='word_1_410' title='bbox 2144 2368 2298 2431; x_wconf 85' lang='grc' dir='ltr'><strong>Θεὸν,</strong></span> <span class='ocrx_word' id='word_1_411' title='bbox 2331 2368 2666 2440; x_wconf 85' lang='grc' dir='ltr'><strong>παλίμφημά</strong></span> <span class='ocrx_word' id='word_1_412' title='bbox 2699 2387 2759 2423; x_wconf 90' lang='grc' dir='ltr'><strong>τε</strong></span> <span class='ocrx_word' id='word_1_413' title='bbox 2788 2370 3081 2434; x_wconf 71' lang='grc' dir='ltr'><strong>λαλοῦντες</strong></span> <span class='ocrx_word' id='word_1_414' title='bbox 3103 2388 3224 2425; x_wconf 89' lang='grc' dir='ltr'><strong>τινα</strong></span> <span class='ocrx_word' id='word_1_415' title='bbox 3260 2372 3355 2425; x_wconf 77' lang='grc' dir='ltr'><strong>καὶ</strong></span> <span class='ocrx_word' id='word_1_416' title='bbox 3380 2370 3732 2441; x_wconf 83' lang='grc' dir='ltr'><strong>ἀποτολμῶν-</strong></span> 
     </span>
    </p>
   </div>
   <div class='ocr_carea' id='block_1_55' title="bbox 2142 2461 3731 2537">
    <p class='ocr_par' dir='ltr' id='par_1_55' title="bbox 2142 2461 3731 2537">
     <span class='ocr_line' id='line_1_55' title="bbox 2142 2461 3731 2537; baseline 0.001 -22"><span class='ocrx_word' id='word_1_417' title='bbox 2142 2479 2238 2526; x_wconf 88' lang='grc' dir='ltr'><strong>τες</strong></span> <span class='ocrx_word' id='word_1_418' title='bbox 2272 2461 2453 2532; x_wconf 83' lang='grc' dir='ltr'><strong>λέγειν</strong></span> <span class='ocrx_word' id='word_1_419' title='bbox 2478 2479 2493 2493; x_wconf 81' lang='grc'><em>’</em></span> <span class='ocrx_word' id='word_1_420' title='bbox 2546 2482 2565 2514; x_wconf 79' lang='grc' dir='ltr'><strong>ι</strong></span> <span class='ocrx_word' id='word_1_421' title='bbox 2614 2464 2729 2527; x_wconf 82' lang='grc' dir='ltr'><strong>Πᾶς</strong></span> <span class='ocrx_word' id='word_1_422' title='bbox 2773 2464 2942 2518; x_wconf 88' lang='grc' dir='ltr'><strong>ποιῶν</strong></span> <span class='ocrx_word' id='word_1_423' title='bbox 2983 2464 3239 2537; x_wconf 87' lang='grc' dir='ltr'><strong>πονηρὸν,</strong></span> <span class='ocrx_word' id='word_1_424' title='bbox 3290 2465 3453 2519; x_wconf 85' lang='grc' dir='ltr'><strong>καλὸν</strong></span> <span class='ocrx_word' id='word_1_425' title='bbox 3501 2463 3731 2519; x_wconf 72' lang='grc' dir='ltr'><strong>ἐνώπιον</strong></span> 
     </span>
    </p>
   </div>
   <div class='ocr_carea' id='block_1_56' title="bbox 2145 2553 3731 2628">
    <p class='ocr_par' dir='ltr' id='par_1_56' title="bbox 2145 2553 3731 2628">
     <span class='ocr_line' id='line_1_56' title="bbox 2145 2553 3731 2628; baseline 0.003 -21"><span class='ocrx_word' id='word_1_426' title='bbox 2145 2553 2334 2618; x_wconf 77' lang='grc' dir='ltr'><strong>αὐτοῦ,</strong></span> <span class='ocrx_word' id='word_1_427' title='bbox 2376 2555 2471 2609; x_wconf 74' lang='grc' dir='ltr'><strong>καὶ</strong></span> <span class='ocrx_word' id='word_1_428' title='bbox 2495 2555 2553 2609; x_wconf 84' lang='grc' dir='ltr'><strong>ὲν</strong></span> <span class='ocrx_word' id='word_1_429' title='bbox 2598 2556 2784 2620; x_wconf 85' lang='grc' dir='ltr'><strong>αὐτοῖς</strong></span> <span class='ocrx_word' id='word_1_430' title='bbox 2809 2556 2973 2621; x_wconf 83' lang='grc' dir='ltr'><strong>αὐτὸς</strong></span> <span class='ocrx_word' id='word_1_431' title='bbox 2996 2557 3285 2628; x_wconf 74' lang='grc' dir='ltr'><strong>ηὐδόκησε,</strong></span> <span class='ocrx_word' id='word_1_432' title='bbox 3325 2558 3419 2612; x_wconf 75' lang='grc' dir='ltr'><strong>καὶ</strong></span> <span class='ocrx_word' id='word_1_433' title='bbox 3448 2557 3551 2611; x_wconf 88' lang='grc' dir='ltr'><strong>ποῦ</strong></span> <span class='ocrx_word' id='word_1_434' title='bbox 3585 2559 3731 2613; x_wconf 76' lang='grc' dir='ltr'><strong>ἔστιν</strong></span> 
     </span>
    </p>
   </div>
   <div class='ocr_carea' id='block_1_57' title="bbox 2143 2645 3731 2721">
    <p class='ocr_par' dir='ltr' id='par_1_57' title="bbox 2143 2645 3731 2721">
     <span class='ocr_line' id='line_1_57' title="bbox 2143 2645 3731 2721; baseline 0.003 -23"><span class='ocrx_word' id='word_1_435' title='bbox 2143 2645 2175 2697; x_wconf 89' lang='lat'><strong>6</strong></span> <span class='ocrx_word' id='word_1_436' title='bbox 2206 2645 2338 2709; x_wconf 84' lang='grc' dir='ltr'><strong>Θεὸς</strong></span> <span class='ocrx_word' id='word_1_437' title='bbox 2385 2646 2483 2718; x_wconf 81' lang='grc' dir='ltr'><strong>τῆς</strong></span> <span class='ocrx_word' id='word_1_438' title='bbox 2532 2647 2917 2719; x_wconf 85' lang='grc' dir='ltr'><strong>δικαιοσύνης;</strong></span> <span class='ocrx_word' id='word_1_439' title='bbox 2972 2666 2991 2700; x_wconf 77' lang='grc' dir='ltr'><strong>ι</strong></span> <span class='ocrx_word' id='word_1_440' title='bbox 3042 2648 3402 2721; x_wconf 82' lang='grc' dir='ltr'><strong>προαγορεύει</strong></span> <span class='ocrx_word' id='word_1_441' title='bbox 3445 2650 3731 2721; x_wconf 84' lang='grc' dir='ltr'><strong>χρησίμως</strong></span> 
     </span>
    </p>
   </div>
   <div class='ocr_carea' id='block_1_58' title="bbox 2144 2739 3731 2814">
    <p class='ocr_par' dir='ltr' id='par_1_58' title="bbox 2144 2739 3731 2814">
     <span class='ocr_line' id='line_1_58' title="bbox 2144 2739 3731 2814; baseline 0.002 -22"><span class='ocrx_word' id='word_1_442' title='bbox 2144 2740 2228 2793; x_wconf 84' lang='grc' dir='ltr'><strong>ὅτι</strong></span> <span class='ocrx_word' id='word_1_443' title='bbox 2261 2739 2404 2795; x_wconf 81' lang='grc' dir='ltr'><strong>κατὰ</strong></span> <span class='ocrx_word' id='word_1_444' title='bbox 2432 2742 2656 2813; x_wconf 78' lang='grc' dir='ltr'><strong>καιροὺς</strong></span> <span class='ocrx_word' id='word_1_445' title='bbox 2686 2740 2986 2812; x_wconf 81' lang='grc' dir='ltr'><strong>ὲπιλάμψει</strong></span> <span class='ocrx_word' id='word_1_446' title='bbox 3009 2741 3263 2813; x_wconf 89' lang='grc' dir='ltr'><strong>Χριστὸς,</strong></span> <span class='ocrx_word' id='word_1_447' title='bbox 3293 2743 3321 2794; x_wconf 90' lang='lat'><strong>6</strong></span> <span class='ocrx_word' id='word_1_448' title='bbox 3366 2744 3546 2796; x_wconf 78' lang='grc' dir='ltr'><strong>πᾶσαν</strong></span> <span class='ocrx_word' id='word_1_449' title='bbox 3573 2743 3731 2814; x_wconf 80' lang='grc' dir='ltr'><strong>ἡμῶν</strong></span> 
     </span>
    </p>
   </div>
   <div class='ocr_carea' id='block_1_59' title="bbox 2144 2833 3729 2905">
    <p class='ocr_par' dir='ltr' id='par_1_59' title="bbox 2144 2833 3729 2905">
     <span class='ocr_line' id='line_1_59' title="bbox 2144 2833 3729 2905; baseline 0.001 -18"><span class='ocrx_word' id='word_1_450' title='bbox 2144 2833 2244 2903; x_wconf 76' lang='grc' dir='ltr'><strong>τὴν</strong></span> <span class='ocrx_word' id='word_1_451' title='bbox 2277 2834 2553 2904; x_wconf 78' lang='grc' dir='ltr'><strong>ἁμαρτίαν</strong></span> <span class='ocrx_word' id='word_1_452' title='bbox 2584 2834 2649 2887; x_wconf 85' lang='grc' dir='ltr'><strong>ὲκ</strong></span> <span class='ocrx_word' id='word_1_453' title='bbox 2688 2835 2854 2905; x_wconf 83' lang='grc' dir='ltr'><strong>μέσου</strong></span> <span class='ocrx_word' id='word_1_454' title='bbox 2888 2834 3079 2899; x_wconf 81' lang='grc' dir='ltr'><strong>τιθεὶς,</strong></span> <span class='ocrx_word' id='word_1_455' title='bbox 3113 2836 3207 2889; x_wconf 77' lang='grc' dir='ltr'><strong>καὶ</strong></span> <span class='ocrx_word' id='word_1_456' title='bbox 3238 2836 3547 2905; x_wconf 86' lang='grc' dir='ltr'><strong>πανάγνους</strong></span> <span class='ocrx_word' id='word_1_457' title='bbox 3588 2837 3729 2889; x_wconf 89' lang='grc' dir='ltr'><strong>ἀπο-</strong></span> 
     </span>
    </p>
   </div>
   <div class='ocr_carea' id='block_1_60' title="bbox 2144 2920 3729 2999">
    <p class='ocr_par' dir='ltr' id='par_1_60' title="bbox 2144 2920 3729 2999">
     <span class='ocr_line' id='line_1_60' title="bbox 2144 2920 3729 2999; baseline 0 -21"><span class='ocrx_word' id='word_1_458' title='bbox 2144 2924 2317 2979; x_wconf 83' lang='grc' dir='ltr'><strong>τελῶν</strong></span> <span class='ocrx_word' id='word_1_459' title='bbox 2365 2925 2490 2989; x_wconf 82' lang='grc' dir='ltr'><strong>τοὺς</strong></span> <span class='ocrx_word' id='word_1_460' title='bbox 2536 2925 2698 2989; x_wconf 76' lang='grc' dir='ltr'><strong>ἰδίους</strong></span> <span class='ocrx_word' id='word_1_461' title='bbox 2749 2927 3100 2998; x_wconf 80' lang='grc' dir='ltr'><strong>ἱερουργοὺς,</strong></span> <span class='ocrx_word' id='word_1_462' title='bbox 3148 2927 3242 2979; x_wconf 81' lang='grc' dir='ltr'><strong>καὶ</strong></span> <span class='ocrx_word' id='word_1_463' title='bbox 3290 2920 3401 2979; x_wconf 73' lang='grc' dir='ltr'><strong>οἷον</strong></span> <span class='ocrx_word' id='word_1_464' title='bbox 3455 2926 3656 2999; x_wconf 87' lang='grc' dir='ltr'><strong>χρυσὸν</strong></span> <span class='ocrx_word' id='word_1_465' title='bbox 3695 2924 3729 2996; x_wconf 75' lang='grc' dir='ltr'>ἦ</span> 
     </span>
    </p>
   </div>
   <div class='ocr_carea' id='block_1_61' title="bbox 2145 3019 3731 3092">
    <p class='ocr_par' dir='ltr' id='par_1_61' title="bbox 2145 3019 3731 3092">
     <span class='ocr_line' id='line_1_61' title="bbox 2145 3019 3731 3092; baseline -0.001 -19"><span class='ocrx_word' id='word_1_466' title='bbox 2145 3019 2385 3090; x_wconf 78' lang='grc' dir='ltr'><strong>ἄργυρον</strong></span> <span class='ocrx_word' id='word_1_467' title='bbox 2425 3019 2484 3072; x_wconf 83' lang='grc' dir='ltr'><strong>ὲν</strong></span> <span class='ocrx_word' id='word_1_468' title='bbox 2516 3020 2651 3091; x_wconf 77' lang='grc' dir='ltr'><strong>πυρὶ</strong></span> <span class='ocrx_word' id='word_1_469' title='bbox 2689 3019 3002 3091; x_wconf 78' lang='grc' dir='ltr'><strong>δοκιμάζων</strong></span> <span class='ocrx_word' id='word_1_470' title='bbox 3049 3020 3267 3083; x_wconf 81' lang='grc' dir='ltr'><strong>αὐτοὺς,</strong></span> <span class='ocrx_word' id='word_1_471' title='bbox 3310 3021 3429 3092; x_wconf 67' lang='grc' dir='ltr'><strong>ἦτοι</strong></span> <span class='ocrx_word' id='word_1_472' title='bbox 3473 3021 3731 3091; x_wconf 82' lang='grc' dir='ltr'><strong>δοκίμους</strong></span> 
     </span>
    </p>
   </div>
   <div class='ocr_carea' id='block_1_62' title="bbox 2146 3110 3732 3183">
    <p class='ocr_par' dir='ltr' id='par_1_62' title="bbox 2146 3110 3732 3183">
     <span class='ocr_line' id='line_1_62' title="bbox 2146 3110 3732 3183; baseline 0.001 -20"><span class='ocrx_word' id='word_1_473' title='bbox 2146 3110 2429 3163; x_wconf 86' lang='grc' dir='ltr'><strong>ἀποτελῶν</strong></span> <span class='ocrx_word' id='word_1_474' title='bbox 2477 3111 2575 3164; x_wconf 70' lang='grc' dir='ltr'><strong>καὶ</strong></span> <span class='ocrx_word' id='word_1_475' title='bbox 2628 3110 3174 3183; x_wconf 82' lang='grc' dir='ltr'><strong>λελαμπρυσμένους.</strong></span> <span class='ocrx_word' id='word_1_476' title='bbox 3222 3111 3464 3165; x_wconf 84' lang='grc' dir='ltr'><strong>Τοιοῦτοι</strong></span> <span class='ocrx_word' id='word_1_477' title='bbox 3514 3113 3623 3182; x_wconf 86' lang='grc' dir='ltr'><strong>γὰρ</strong></span> <span class='ocrx_word' id='word_1_478' title='bbox 3654 3113 3732 3176; x_wconf 84' lang='grc' dir='ltr'><strong>ὡς</strong></span> 
     </span>
    </p>
   </div>
   <div class='ocr_carea' id='block_1_63' title="bbox 2147 3199 3702 3277">
    <p class='ocr_par' dir='ltr' id='par_1_63' title="bbox 2147 3199 3702 3277">
     <span class='ocr_line' id='line_1_63' title="bbox 2147 3199 3702 3277; baseline 0.003 -23"><span class='ocrx_word' id='word_1_479' title='bbox 2147 3202 2350 3255; x_wconf 77' lang='grc' dir='ltr'><strong>ἐπίπαν</strong></span> <span class='ocrx_word' id='word_1_480' title='bbox 2380 3205 2481 3273; x_wconf 81' lang='grc' dir='ltr'><strong>τῆς</strong></span> <span class='ocrx_word' id='word_1_481' title='bbox 2522 3203 2851 3274; x_wconf 86' lang='grc' dir='ltr'><strong>Ἐκκλησίας</strong></span> <span class='ocrx_word' id='word_1_482' title='bbox 2895 3205 2944 3258; x_wconf 71' lang='lat' dir='ltr'><strong>oi</strong></span> <span class='ocrx_word' id='word_1_483' title='bbox 2985 3203 3310 3276; x_wconf 71' lang='grc' dir='ltr'><strong>λειτουργοὶ,</strong></span> <span class='ocrx_word' id='word_1_484' title='bbox 3336 3199 3418 3268; x_wconf 74' lang='grc' dir='ltr'><strong>οἷς</strong></span> <span class='ocrx_word' id='word_1_485' title='bbox 3464 3203 3529 3258; x_wconf 84' lang='grc' dir='ltr'><strong>ἂν</strong></span> <span class='ocrx_word' id='word_1_486' title='bbox 3555 3206 3702 3277; x_wconf 87' lang='grc' dir='ltr'><strong>ἁρμό</strong></span> 
     </span>
    </p>
   </div>
   <div class='ocr_carea' id='block_1_64' title="bbox 452 3281 2062 3371">
    <p class='ocr_par' dir='ltr' id='par_1_64' title="bbox 452 3296 2039 3371">
     <span class='ocr_line' id='line_1_64' title="bbox 452 3296 2039 3371; baseline -0.004 -14"><span class='ocrx_word' id='word_1_487' title='bbox 452 3305 632 3359; x_wconf 84' lang='lat' dir='ltr'><strong>Aaron</strong></span> <span class='ocrx_word' id='word_1_488' title='bbox 684 3310 962 3371; x_wconf 79' lang='lat' dir='ltr'><strong>gestamen</strong></span> <span class='ocrx_word' id='word_1_489' title='bbox 999 3308 1117 3352; x_wconf 84' lang='lat' dir='ltr'><strong>erat</strong></span> <span class='ocrx_word' id='word_1_490' title='bbox 1165 3297 1303 3351; x_wconf 89' lang='lat' dir='ltr'><strong>stola</strong></span> <span class='ocrx_word' id='word_1_491' title='bbox 1352 3296 1562 3366; x_wconf 80' lang='lat' dir='ltr'><strong>legibus</strong></span> <span class='ocrx_word' id='word_1_492' title='bbox 1607 3297 1922 3366; x_wconf 67' lang='lat' dir='ltr'><strong>praescripta</strong></span> <span class='ocrx_word' id='word_1_493' title='bbox 1973 3298 2039 3350; x_wconf 60' lang='grc' dir='ltr'><strong>θ’.</strong></span> 
     </span>
    </p>
   </div>
   <div class='ocr_carea' id='block_1_65' title="bbox 2145 3281 3801 3371">
    <p class='ocr_par' dir='ltr' id='par_1_65' title="bbox 2148 3294 3801 3368">
     <span class='ocr_line' id='line_1_65' title="bbox 2148 3294 3801 3368; baseline 0.004 -22"><span class='ocrx_word' id='word_1_494' title='bbox 2148 3310 2281 3359; x_wconf 91' lang='grc' dir='ltr'><strong>σειε,</strong></span> <span class='ocrx_word' id='word_1_495' title='bbox 2316 3294 2411 3349; x_wconf 71' lang='grc' dir='ltr'><strong>καὶ</strong></span> <span class='ocrx_word' id='word_1_496' title='bbox 2454 3295 2599 3365; x_wconf 87' lang='grc' dir='ltr'><strong>μάλα</strong></span> <span class='ocrx_word' id='word_1_497' title='bbox 2628 3296 2875 3361; x_wconf 78' lang='grc' dir='ltr'><strong>εἰκότως,</strong></span> <span class='ocrx_word' id='word_1_498' title='bbox 2913 3299 3092 3351; x_wconf 86' lang='grc' dir='ltr'><strong>ὲκεῖνο</strong></span> <span class='ocrx_word' id='word_1_499' title='bbox 3123 3300 3299 3351; x_wconf 85' lang='grc' dir='ltr'><strong>εἰπεῖν</strong></span> <span class='ocrx_word' id='word_1_500' title='bbox 3326 3299 3389 3351; x_wconf 88' lang='grc' dir='ltr'><strong>τὸ</strong></span> <span class='ocrx_word' id='word_1_501' title='bbox 3431 3298 3520 3351; x_wconf 85' lang='grc' dir='ltr'><strong>διὰ</strong></span> <span class='ocrx_word' id='word_1_502' title='bbox 3547 3298 3732 3368; x_wconf 71' lang='grc' dir='ltr'><strong>φωνῆς</strong></span> <span class='ocrx_word' id='word_1_503' title='bbox 3784 3342 3801 3364; x_wconf 86' lang='grc'><strong>,</strong></span> 
     </span>
    </p>
   </div>
   <div class='ocr_carea' id='block_1_66' title="bbox 456 3387 2038 3453">
    <p class='ocr_par' dir='ltr' id='par_1_66' title="bbox 456 3387 2038 3453">
     <span class='ocr_line' id='line_1_66' title="bbox 456 3387 2038 3453; baseline -0.003 -3"><span class='ocrx_word' id='word_1_504' title='bbox 456 3395 689 3450; x_wconf 75' lang='lat' dir='ltr'><strong>Selectis</strong></span> <span class='ocrx_word' id='word_1_505' title='bbox 735 3404 915 3446; x_wconf 87' lang='lat' dir='ltr'><strong>autem</strong></span> <span class='ocrx_word' id='word_1_506' title='bbox 956 3392 1010 3444; x_wconf 91' lang='lat' dir='ltr'><strong>in</strong></span> <span class='ocrx_word' id='word_1_507' title='bbox 1046 3388 1270 3443; x_wconf 86' lang='lat' dir='ltr'><strong>Christo</strong></span> <span class='ocrx_word' id='word_1_508' title='bbox 1294 3398 1350 3443; x_wconf 90' lang='lat' dir='ltr'><strong>et</strong></span> <span class='ocrx_word' id='word_1_509' title='bbox 1387 3387 1694 3442; x_wconf 81' lang='lat' dir='ltr'><strong>sacerdotio</strong></span> <span class='ocrx_word' id='word_1_510' title='bbox 1737 3389 2038 3453; x_wconf 85' lang='lat' dir='ltr'><strong>destinatis,</strong></span> 
     </span>
    </p>
   </div>
   <div class='ocr_carea' id='block_1_67' title="bbox 456 3480 2036 3553">
    <p class='ocr_par' dir='ltr' id='par_1_67' title="bbox 456 3480 2036 3553">
     <span class='ocr_line' id='line_1_67' title="bbox 456 3480 2036 3553; baseline -0.007 -10"><span class='ocrx_word' id='word_1_511' title='bbox 456 3491 829 3543; x_wconf 88' lang='lat' dir='ltr'><strong>indumentum</strong></span> <span class='ocrx_word' id='word_1_512' title='bbox 880 3482 1258 3553; x_wconf 78' lang='lat' dir='ltr'><strong>Splendidum,</strong></span> <span class='ocrx_word' id='word_1_513' title='bbox 1285 3480 1623 3535; x_wconf 87' lang='lat' dir='ltr'><strong>sacerdotale</strong></span> <span class='ocrx_word' id='word_1_514' title='bbox 1666 3489 1723 3535; x_wconf 91' lang='lat' dir='ltr'><strong>et</strong></span> <span class='ocrx_word' id='word_1_515' title='bbox 1762 3489 2036 3546; x_wconf 91' lang='lat' dir='ltr'><strong>sanctum,</strong></span> 
     </span>
    </p>
   </div>
   <div class='ocr_carea' id='block_1_68' title="bbox 454 3571 2041 3645">
    <p class='ocr_par' dir='ltr' id='par_1_68' title="bbox 454 3571 2041 3645">
     <span class='ocr_line' id='line_1_68' title="bbox 454 3571 2041 3645; baseline -0.004 -13"><span class='ocrx_word' id='word_1_516' title='bbox 454 3578 708 3634; x_wconf 85' lang='lat' dir='ltr'><strong>Christus</strong></span> <span class='ocrx_word' id='word_1_517' title='bbox 740 3576 877 3645; x_wconf 87' lang='lat' dir='ltr'><strong>ipse.</strong></span> <span class='ocrx_word' id='word_1_518' title='bbox 914 3573 1283 3640; x_wconf 86' lang='lat' dir='ltr'><strong>Quamobrem</strong></span> <span class='ocrx_word' id='word_1_519' title='bbox 1323 3580 1377 3626; x_wconf 92' lang='lat' dir='ltr'><strong>et</strong></span> <span class='ocrx_word' id='word_1_520' title='bbox 1408 3585 1504 3640; x_wconf 90' lang='lat' dir='ltr'><strong>per</strong></span> <span class='ocrx_word' id='word_1_521' title='bbox 1543 3572 1713 3641; x_wconf 85' lang='lat' dir='ltr'><strong>lyram</strong></span> <span class='ocrx_word' id='word_1_522' title='bbox 1755 3571 2041 3626; x_wconf 87' lang='lat' dir='ltr'><strong>Psalleutis</strong></span> 
     </span>
    </p>
   </div>
   <div class='ocr_carea' id='block_1_69' title="bbox 459 3662 2039 3733">
    <p class='ocr_par' dir='ltr' id='par_1_69' title="bbox 459 3662 2039 3733">
     <span class='ocr_line' id='line_1_69' title="bbox 459 3662 2039 3733; baseline -0.006 -7"><span class='ocrx_word' id='word_1_523' title='bbox 459 3674 599 3726; x_wconf 87' lang='lat' dir='ltr'><strong>Deus</strong></span> <span class='ocrx_word' id='word_1_524' title='bbox 653 3679 709 3724; x_wconf 90' lang='lat' dir='ltr'><strong>et</strong></span> <span class='ocrx_word' id='word_1_525' title='bbox 763 3665 927 3721; x_wconf 84' lang='lat' dir='ltr'><strong>Pater</strong></span> <span class='ocrx_word' id='word_1_526' title='bbox 981 3664 1050 3720; x_wconf 91' lang='lat' dir='ltr'><strong>de</strong></span> <span class='ocrx_word' id='word_1_527' title='bbox 1102 3662 1350 3720; x_wconf 89' lang='lat' dir='ltr'><strong>Ecclesia</strong></span> <span class='ocrx_word' id='word_1_528' title='bbox 1396 3678 1460 3718; x_wconf 78' lang='lat' dir='ltr'><strong>ex</strong></span> <span class='ocrx_word' id='word_1_529' title='bbox 1509 3663 1760 3733; x_wconf 73' lang='lat' dir='ltr'><strong>gentibus</strong></span> <span class='ocrx_word' id='word_1_530' title='bbox 1817 3662 2039 3718; x_wconf 82' lang='lat' dir='ltr'><strong>aiebat:</strong></span> 
     </span>
    </p>
   </div>
   <div class='ocr_carea' id='block_1_70' title="bbox 460 3755 2044 3828">
    <p class='ocr_par' dir='ltr' id='par_1_70' title="bbox 460 3755 2044 3828">
     <span class='ocr_line' id='line_1_70' title="bbox 460 3755 2044 3828; baseline -0.003 -13"><span class='ocrx_word' id='word_1_531' title='bbox 460 3785 479 3815; x_wconf 72' lang='grc' dir='ltr'><strong>ι</strong></span> <span class='ocrx_word' id='word_1_532' title='bbox 512 3760 837 3819; x_wconf 84' lang='lat' dir='ltr'><strong>Sacerdotes</strong></span> <span class='ocrx_word' id='word_1_533' title='bbox 869 3759 987 3828; x_wconf 87' lang='lat' dir='ltr'><strong>ejus</strong></span> <span class='ocrx_word' id='word_1_534' title='bbox 1031 3758 1250 3812; x_wconf 82' lang='lat' dir='ltr'><strong>induam</strong></span> <span class='ocrx_word' id='word_1_535' title='bbox 1298 3755 1562 3823; x_wconf 89' lang='lat' dir='ltr'><strong>salutem,</strong></span> <span class='ocrx_word' id='word_1_536' title='bbox 1602 3765 1656 3811; x_wconf 90' lang='lat' dir='ltr'><strong>et</strong></span> <span class='ocrx_word' id='word_1_537' title='bbox 1706 3756 1880 3812; x_wconf 82' lang='lat' dir='ltr'><strong>sancti</strong></span> <span class='ocrx_word' id='word_1_538' title='bbox 1925 3756 2044 3826; x_wconf 88' lang='lat' dir='ltr'><strong>ejus</strong></span> 
     </span>
    </p>
   </div>
   <div class='ocr_carea' id='block_1_71' title="bbox 456 3847 2043 3911">
    <p class='ocr_par' dir='ltr' id='par_1_71' title="bbox 456 3847 2043 3911">
     <span class='ocr_line' id='line_1_71' title="bbox 456 3847 2043 3911; baseline -0.004 -1"><span class='ocrx_word' id='word_1_539' title='bbox 456 3854 816 3911; x_wconf 69' lang='grc' dir='ltr'><strong>υιειιιιιιιίοιιο</strong></span> <span class='ocrx_word' id='word_1_540' title='bbox 863 3849 1217 3905; x_wconf 82' lang='lat' dir='ltr'><strong>exsultabuut</strong></span> <span class='ocrx_word' id='word_1_541' title='bbox 1258 3848 1329 3902; x_wconf 82' lang='lat'><strong>“.</strong></span> <span class='ocrx_word' id='word_1_542' title='bbox 1366 3867 1385 3900; x_wconf 77' lang='grc' dir='ltr'><strong>ι</strong></span> <span class='ocrx_word' id='word_1_543' title='bbox 1422 3847 1750 3903; x_wconf 88' lang='lat' dir='ltr'><strong>Sanctorum</strong></span> <span class='ocrx_word' id='word_1_544' title='bbox 1781 3849 1925 3903; x_wconf 92' lang='lat' dir='ltr'><strong>enim</strong></span> <span class='ocrx_word' id='word_1_545' title='bbox 1954 3864 2043 3903; x_wconf 91' lang='lat' dir='ltr'><strong>sa-</strong></span> 
     </span>
    </p>
   </div>
   <div class='ocr_carea' id='block_1_72' title="bbox 450 3939 2047 4001">
    <p class='ocr_par' dir='ltr' id='par_1_72' title="bbox 450 3939 2047 4001">
     <span class='ocr_line' id='line_1_72' title="bbox 450 3939 2047 4001; baseline -0.004 0"><span class='ocrx_word' id='word_1_546' title='bbox 450 3947 737 4001; x_wconf 85' lang='lat' dir='ltr'><strong>cerdotum</strong></span> <span class='ocrx_word' id='word_1_547' title='bbox 765 3943 913 3997; x_wconf 78' lang='lat' dir='ltr'><strong>salus</strong></span> <span class='ocrx_word' id='word_1_548' title='bbox 944 3950 998 3997; x_wconf 85' lang='lat' dir='ltr'><strong>et</strong></span> <span class='ocrx_word' id='word_1_549' title='bbox 1035 3943 1411 3994; x_wconf 89' lang='lat' dir='ltr'><strong>indumentum</strong></span> <span class='ocrx_word' id='word_1_550' title='bbox 1442 3939 1763 3994; x_wconf 88' lang='lat' dir='ltr'><strong>admirabile</strong></span> <span class='ocrx_word' id='word_1_551' title='bbox 1796 3940 2047 3995; x_wconf 87' lang='lat' dir='ltr'><strong>Christus</strong></span> 
     </span>
    </p>
   </div>
   <div class='ocr_carea' id='block_1_73' title="bbox 456 4032 2047 4105">
    <p class='ocr_par' dir='ltr' id='par_1_73' title="bbox 456 4032 2047 4105">
     <span class='ocr_line' id='line_1_73' title="bbox 456 4032 2047 4105; baseline -0.004 -15"><span class='ocrx_word' id='word_1_552' title='bbox 456 4048 573 4105; x_wconf 67' lang='lat' dir='ltr'><strong>est;</strong></span> <span class='ocrx_word' id='word_1_553' title='bbox 618 4038 729 4091; x_wconf 92' lang='lat' dir='ltr'><strong>imo</strong></span> <span class='ocrx_word' id='word_1_554' title='bbox 758 4036 955 4090; x_wconf 86' lang='lat' dir='ltr'><strong>decens</strong></span> <span class='ocrx_word' id='word_1_555' title='bbox 997 4035 1228 4088; x_wconf 88' lang='lat' dir='ltr'><strong>amictus</strong></span> <span class='ocrx_word' id='word_1_556' title='bbox 1268 4033 1509 4087; x_wconf 88' lang='lat' dir='ltr'><strong>omnium</strong></span> <span class='ocrx_word' id='word_1_557' title='bbox 1559 4032 1821 4086; x_wconf 81' lang='lat' dir='ltr'><strong>ﬁdelium.</strong></span> <span class='ocrx_word' id='word_1_558' title='bbox 1873 4032 2047 4098; x_wconf 72' lang='lat' dir='ltr'><strong>«Qui-</strong></span> 
     </span>
    </p>
   </div>
   <div class='ocr_carea' id='block_1_74' title="bbox 452 4122 2043 4199">
    <p class='ocr_par' dir='ltr' id='par_1_74' title="bbox 452 4122 2043 4199">
     <span class='ocr_line' id='line_1_74' title="bbox 452 4122 2043 4199; baseline -0.006 -16"><span class='ocrx_word' id='word_1_559' title='bbox 452 4145 670 4199; x_wconf 85' lang='lat' dir='ltr'><strong>cunque</strong></span> <span class='ocrx_word' id='word_1_560' title='bbox 723 4129 892 4193; x_wconf 88' lang='lat' dir='ltr'><strong>enim,</strong></span> <span class='ocrx_word' id='word_1_561' title='bbox 952 4125 1151 4193; x_wconf 85' lang='lat' dir='ltr'><strong>inquit,</strong></span> <span class='ocrx_word' id='word_1_562' title='bbox 1204 4125 1256 4177; x_wconf 89' lang='lat' dir='ltr'><strong>in</strong></span> <span class='ocrx_word' id='word_1_563' title='bbox 1312 4122 1547 4181; x_wconf 82' lang='lat' dir='ltr'><strong>Christo.</strong></span> <span class='ocrx_word' id='word_1_564' title='bbox 1584 4124 1840 4193; x_wconf 80' lang='lat' dir='ltr'><strong>baptizati</strong></span> <span class='ocrx_word' id='word_1_565' title='bbox 1894 4139 2043 4194; x_wconf 42' lang='lat' dir='ltr'><strong>estis,</strong></span> 
     </span>
    </p>
   </div>
   <div class='ocr_carea' id='block_1_75' title="bbox 455 4218 1163 4276">
    <p class='ocr_par' dir='ltr' id='par_1_75' title="bbox 455 4218 1163 4276">
     <span class='ocr_line' id='line_1_75' title="bbox 455 4218 1163 4276; baseline -0.014 0"><span class='ocrx_word' id='word_1_566' title='bbox 455 4224 731 4276; x_wconf 64' lang='lat' dir='ltr'><strong>Clu-istum</strong></span> <span class='ocrx_word' id='word_1_567' title='bbox 764 4220 1012 4274; x_wconf 89' lang='lat' dir='ltr'><strong>iuduistis</strong></span> <span class='ocrx_word' id='word_1_568' title='bbox 1043 4218 1109 4269; x_wconf 72' lang='lat'><strong>°&quot;.</strong></span> <span class='ocrx_word' id='word_1_569' title='bbox 1145 4234 1163 4265; x_wconf 77' lang='grc' dir='ltr'><strong>ι</strong></span> 
     </span>
    </p>
   </div>
   <div class='ocr_carea' id='block_1_76' title="bbox 2147 3388 3731 3463">
    <p class='ocr_par' dir='ltr' id='par_1_76' title="bbox 2147 3388 3731 3463">
     <span class='ocr_line' id='line_1_76' title="bbox 2147 3388 3731 3463; baseline 0.003 -22"><span class='ocrx_word' id='word_1_570' title='bbox 2147 3388 2243 3441; x_wconf 88' lang='grc' dir='ltr'><strong>τοῦ</strong></span> <span class='ocrx_word' id='word_1_571' title='bbox 2275 3388 2459 3453; x_wconf 72' lang='grc' dir='ltr'><strong>Δαὸὶδ,</strong></span> <span class='ocrx_word' id='word_1_572' title='bbox 2491 3390 2573 3442; x_wconf 84' lang='grc' dir='ltr'><strong>ὅτι</strong></span> <span class='ocrx_word' id='word_1_573' title='bbox 2602 3408 2623 3441; x_wconf 82' lang='grc' dir='ltr'><strong>ι</strong></span> <span class='ocrx_word' id='word_1_574' title='bbox 2670 3391 3033 3463; x_wconf 86' lang='grc' dir='ltr'><strong>Ἐδοκίμασας</strong></span> <span class='ocrx_word' id='word_1_575' title='bbox 3060 3392 3228 3463; x_wconf 80' lang='grc' dir='ltr'><strong>ἡμᾶς,</strong></span> <span class='ocrx_word' id='word_1_576' title='bbox 3260 3394 3287 3445; x_wconf 92' lang='lat'><strong>6</strong></span> <span class='ocrx_word' id='word_1_577' title='bbox 3315 3392 3468 3456; x_wconf 80' lang='grc' dir='ltr'><strong>Θεὸς,</strong></span> <span class='ocrx_word' id='word_1_578' title='bbox 3512 3391 3731 3463; x_wconf 81' lang='grc' dir='ltr'><strong>ὲπύρω-</strong></span> 
     </span>
    </p>
   </div>
   <div class='ocr_carea' id='block_1_77' title="bbox 2152 3482 3733 3556">
    <p class='ocr_par' dir='ltr' id='par_1_77' title="bbox 2152 3482 3733 3556">
     <span class='ocr_line' id='line_1_77' title="bbox 2152 3482 3733 3556; baseline 0.004 -23"><span class='ocrx_word' id='word_1_579' title='bbox 2152 3497 2250 3543; x_wconf 89' lang='grc' dir='ltr'><strong>σας</strong></span> <span class='ocrx_word' id='word_1_580' title='bbox 2282 3482 2427 3552; x_wconf 79' lang='grc' dir='ltr'><strong>ἡμᾶς</strong></span> <span class='ocrx_word' id='word_1_581' title='bbox 2460 3482 2536 3545; x_wconf 87' lang='grc' dir='ltr'><strong>ὠς</strong></span> <span class='ocrx_word' id='word_1_582' title='bbox 2567 3483 2834 3554; x_wconf 84' lang='grc' dir='ltr'><strong>πυροῦται</strong></span> <span class='ocrx_word' id='word_1_583' title='bbox 2883 3483 2945 3537; x_wconf 91' lang='grc' dir='ltr'><strong>τὸ</strong></span> <span class='ocrx_word' id='word_1_584' title='bbox 2993 3484 3276 3556; x_wconf 85' lang='grc' dir='ltr'><strong>ἀργύριον.</strong></span> <span class='ocrx_word' id='word_1_585' title='bbox 3317 3505 3334 3537; x_wconf 79' lang='grc' dir='ltr'><strong>ι</strong></span> <span class='ocrx_word' id='word_1_586' title='bbox 3367 3485 3594 3555; x_wconf 87' lang='grc' dir='ltr'><strong>Φόρημα</strong></span> <span class='ocrx_word' id='word_1_587' title='bbox 3634 3484 3733 3555; x_wconf 85' lang='grc' dir='ltr'><strong>μὲν</strong></span> 
     </span>
    </p>
   </div>
   <div class='ocr_carea' id='block_1_78' title="bbox 2148 3571 3734 3648">
    <p class='ocr_par' dir='ltr' id='par_1_78' title="bbox 2148 3571 3734 3648">
     <span class='ocr_line' id='line_1_78' title="bbox 2148 3571 3734 3648; baseline 0.003 -23"><span class='ocrx_word' id='word_1_588' title='bbox 2148 3571 2259 3644; x_wconf 83' lang='grc' dir='ltr'><strong>γὰρ</strong></span> <span class='ocrx_word' id='word_1_589' title='bbox 2290 3575 2403 3637; x_wconf 86' lang='grc' dir='ltr'><strong>τοῖς</strong></span> <span class='ocrx_word' id='word_1_590' title='bbox 2454 3574 2513 3641; x_wconf 80' lang='grc' dir='ltr'>ἐξ</span> <span class='ocrx_word' id='word_1_591' title='bbox 2569 3573 2781 3647; x_wconf 82' lang='grc' dir='ltr'><strong>Ἀαρὼν</strong></span> <span class='ocrx_word' id='word_1_592' title='bbox 2826 3577 2860 3647; x_wconf 82' lang='grc' dir='ltr'><strong>ή</strong></span> <span class='ocrx_word' id='word_1_593' title='bbox 2910 3577 3050 3630; x_wconf 89' lang='grc' dir='ltr'><strong>κατά</strong></span> <span class='ocrx_word' id='word_1_594' title='bbox 3094 3577 3257 3648; x_wconf 79' lang='grc' dir='ltr'><strong>νόμον</strong></span> <span class='ocrx_word' id='word_1_595' title='bbox 3291 3576 3474 3647; x_wconf 85' lang='grc' dir='ltr'><strong>στολή.</strong></span> <span class='ocrx_word' id='word_1_596' title='bbox 3512 3577 3638 3640; x_wconf 83' lang='grc' dir='ltr'><strong>Τοῖς</strong></span> <span class='ocrx_word' id='word_1_597' title='bbox 3666 3592 3734 3645; x_wconf 73' lang='grc' dir='ltr'><strong>γε</strong></span> 
     </span>
    </p>
   </div>
   <div class='ocr_carea' id='block_1_79' title="bbox 2151 3662 3734 3738">
    <p class='ocr_par' dir='ltr' id='par_1_79' title="bbox 2151 3662 3734 3738">
     <span class='ocr_line' id='line_1_79' title="bbox 2151 3662 3734 3738; baseline 0.003 -23"><span class='ocrx_word' id='word_1_598' title='bbox 2151 3662 2258 3734; x_wconf 84' lang='grc' dir='ltr'><strong>μὴν</strong></span> <span class='ocrx_word' id='word_1_599' title='bbox 2296 3663 2618 3730; x_wconf 86' lang='grc' dir='ltr'><strong>ἀπολέκτοις</strong></span> <span class='ocrx_word' id='word_1_600' title='bbox 2666 3667 2725 3718; x_wconf 80' lang='grc' dir='ltr'><strong>ὲν</strong></span> <span class='ocrx_word' id='word_1_601' title='bbox 2768 3665 2987 3738; x_wconf 88' lang='grc' dir='ltr'><strong>Χριστῷ</strong></span> <span class='ocrx_word' id='word_1_602' title='bbox 3030 3668 3124 3721; x_wconf 78' lang='grc' dir='ltr'><strong>καὶ</strong></span> <span class='ocrx_word' id='word_1_603' title='bbox 3150 3667 3502 3738; x_wconf 81' lang='grc' dir='ltr'><strong>τεταγμένοις</strong></span> <span class='ocrx_word' id='word_1_604' title='bbox 3543 3667 3623 3730; x_wconf 86' lang='grc' dir='ltr'><strong>είς</strong></span> <span class='ocrx_word' id='word_1_605' title='bbox 3658 3666 3734 3718; x_wconf 77' lang='grc' dir='ltr'><strong>ἱε-</strong></span> 
     </span>
    </p>
   </div>
   <div class='ocr_carea' id='block_1_80' title="bbox 2147 3755 3734 3831">
    <p class='ocr_par' dir='ltr' id='par_1_80' title="bbox 2147 3755 3734 3831">
     <span class='ocr_line' id='line_1_80' title="bbox 2147 3755 3734 3831; baseline 0.003 -24"><span class='ocrx_word' id='word_1_606' title='bbox 2147 3757 2408 3828; x_wconf 89' lang='grc' dir='ltr'><strong>ρουργίαν</strong></span> <span class='ocrx_word' id='word_1_607' title='bbox 2454 3756 2657 3827; x_wconf 77' lang='grc' dir='ltr'><strong>ἀμφιόν</strong></span> <span class='ocrx_word' id='word_1_608' title='bbox 2698 3758 2815 3810; x_wconf 77' lang='grc' dir='ltr'><strong>ἐστι</strong></span> <span class='ocrx_word' id='word_1_609' title='bbox 2861 3755 3132 3830; x_wconf 89' lang='grc' dir='ltr'><strong>λαμπρὸν,</strong></span> <span class='ocrx_word' id='word_1_610' title='bbox 3166 3759 3491 3831; x_wconf 80' lang='grc' dir='ltr'><strong>ἱεροπρεπές</strong></span> <span class='ocrx_word' id='word_1_611' title='bbox 3534 3775 3594 3812; x_wconf 90' lang='grc' dir='ltr'><strong>τε</strong></span> <span class='ocrx_word' id='word_1_612' title='bbox 3639 3758 3734 3811; x_wconf 79' lang='grc' dir='ltr'><strong>καὶ</strong></span> 
     </span>
    </p>
   </div>
   <div class='ocr_carea' id='block_1_81' title="bbox 2147 3849 3733 3924">
    <p class='ocr_par' dir='ltr' id='par_1_81' title="bbox 2147 3849 3733 3924">
     <span class='ocr_line' id='line_1_81' title="bbox 2147 3849 3733 3924; baseline 0.001 -21"><span class='ocrx_word' id='word_1_613' title='bbox 2147 3849 2492 3917; x_wconf 82' lang='grc' dir='ltr'><strong>ἆγιον,αύτὸς</strong></span> <span class='ocrx_word' id='word_1_614' title='bbox 2520 3852 2547 3903; x_wconf 90' lang='grc' dir='ltr'><strong>ὀ</strong></span> <span class='ocrx_word' id='word_1_615' title='bbox 2569 3851 2825 3922; x_wconf 85' lang='grc' dir='ltr'><strong>Χριστός.</strong></span> <span class='ocrx_word' id='word_1_616' title='bbox 2858 3850 3146 3924; x_wconf 87' lang='grc' dir='ltr'><strong>Τοιγάρτοι</strong></span> <span class='ocrx_word' id='word_1_617' title='bbox 3172 3853 3263 3907; x_wconf 73' lang='grc' dir='ltr'><strong>καὶ</strong></span> <span class='ocrx_word' id='word_1_618' title='bbox 3291 3852 3494 3921; x_wconf 74' lang='grc' dir='ltr'><strong>ἔφασκε</strong></span> <span class='ocrx_word' id='word_1_619' title='bbox 3522 3853 3611 3906; x_wconf 83' lang='grc' dir='ltr'><strong>διὰ</strong></span> <span class='ocrx_word' id='word_1_620' title='bbox 3631 3851 3733 3920; x_wconf 81' lang='grc' dir='ltr'><strong>τῆς</strong></span> 
     </span>
    </p>
   </div>
   <div class='ocr_carea' id='block_1_82' title="bbox 2143 3942 3732 4016">
    <p class='ocr_par' dir='ltr' id='par_1_82' title="bbox 2143 3942 3732 4016">
     <span class='ocr_line' id='line_1_82' title="bbox 2143 3942 3732 4016; baseline 0.001 -22"><span class='ocrx_word' id='word_1_621' title='bbox 2143 3942 2239 3995; x_wconf 86' lang='grc' dir='ltr'><strong>τοῦ</strong></span> <span class='ocrx_word' id='word_1_622' title='bbox 2279 3942 2573 4013; x_wconf 77' lang='grc' dir='ltr'><strong>ψάλλοντος</strong></span> <span class='ocrx_word' id='word_1_623' title='bbox 2606 3942 2774 4014; x_wconf 86' lang='grc' dir='ltr'><strong>λύρας</strong></span> <span class='ocrx_word' id='word_1_624' title='bbox 2798 3944 2826 3994; x_wconf 98' lang='lat'><strong>6</strong></span> <span class='ocrx_word' id='word_1_625' title='bbox 2858 3944 2988 4007; x_wconf 83' lang='grc' dir='ltr'><strong>Θεὸς</strong></span> <span class='ocrx_word' id='word_1_626' title='bbox 3020 3946 3113 3997; x_wconf 74' lang='grc' dir='ltr'><strong>καὶ</strong></span> <span class='ocrx_word' id='word_1_627' title='bbox 3144 3945 3334 4016; x_wconf 82' lang='grc' dir='ltr'><strong>Πατὴρ</strong></span> <span class='ocrx_word' id='word_1_628' title='bbox 3374 3945 3501 4013; x_wconf 81' lang='grc' dir='ltr'><strong>περὶ</strong></span> <span class='ocrx_word' id='word_1_629' title='bbox 3528 3944 3624 4015; x_wconf 80' lang='grc' dir='ltr'><strong>τῆς</strong></span> <span class='ocrx_word' id='word_1_630' title='bbox 3669 3946 3732 4009; x_wconf 78' lang='grc' dir='ltr'><strong>ἐι,</strong></span> 
     </span>
    </p>
   </div>
   <div class='ocr_carea' id='block_1_83' title="bbox 2142 4032 3730 4108">
    <p class='ocr_par' dir='ltr' id='par_1_83' title="bbox 2142 4032 3730 4108">
     <span class='ocr_line' id='line_1_83' title="bbox 2142 4032 3730 4108; baseline 0.002 -23"><span class='ocrx_word' id='word_1_631' title='bbox 2142 4032 2314 4088; x_wconf 77' lang='grc' dir='ltr'><strong>ἐθνῶν</strong></span> <span class='ocrx_word' id='word_1_632' title='bbox 2366 4035 2727 4107; x_wconf 83' lang='grc' dir='ltr'><strong>Ἐκκλησίας’</strong></span> <span class='ocrx_word' id='word_1_633' title='bbox 2767 4054 2784 4087; x_wconf 83' lang='grc' dir='ltr'><strong>ι</strong></span> <span class='ocrx_word' id='word_1_634' title='bbox 2832 4036 2970 4100; x_wconf 79' lang='grc' dir='ltr'><strong>Τοὺς</strong></span> <span class='ocrx_word' id='word_1_635' title='bbox 2999 4038 3165 4106; x_wconf 87' lang='grc' dir='ltr'><strong>ίερεῖς</strong></span> <span class='ocrx_word' id='word_1_636' title='bbox 3191 4037 3361 4108; x_wconf 75' lang='grc' dir='ltr'><strong>αὐτῆς</strong></span> <span class='ocrx_word' id='word_1_637' title='bbox 3394 4036 3599 4090; x_wconf 73' lang='grc' dir='ltr'><strong>ἐνδύσω</strong></span> <span class='ocrx_word' id='word_1_638' title='bbox 3626 4052 3730 4088; x_wconf 83' lang='grc' dir='ltr'><strong>σω·</strong></span> 
     </span>
    </p>
   </div>
   <div class='ocr_carea' id='block_1_84' title="bbox 2142 4128 3730 4200">
    <p class='ocr_par' dir='ltr' id='par_1_84' title="bbox 2142 4128 3730 4200">
     <span class='ocr_line' id='line_1_84' title="bbox 2142 4128 3730 4200; baseline 0.001 -21"><span class='ocrx_word' id='word_1_639' title='bbox 2142 4128 2369 4198; x_wconf 86' lang='grc' dir='ltr'><strong>τηρίαν,</strong></span> <span class='ocrx_word' id='word_1_640' title='bbox 2418 4129 2513 4182; x_wconf 78' lang='grc' dir='ltr'><strong>καὶ</strong></span> <span class='ocrx_word' id='word_1_641' title='bbox 2559 4130 2607 4182; x_wconf 82' lang='grc' dir='ltr'><strong>οἱ</strong></span> <span class='ocrx_word' id='word_1_642' title='bbox 2642 4129 2778 4182; x_wconf 85' lang='grc' dir='ltr'><strong>ὅσιοι</strong></span> <span class='ocrx_word' id='word_1_643' title='bbox 2808 4130 2980 4200; x_wconf 77' lang='grc' dir='ltr'><strong>αὐτῆς</strong></span> <span class='ocrx_word' id='word_1_644' title='bbox 3015 4130 3335 4196; x_wconf 85' lang='grc' dir='ltr'><strong>ἀγαλλιάσει</strong></span> <span class='ocrx_word' id='word_1_645' title='bbox 3373 4129 3730 4197; x_wconf 84' lang='grc' dir='ltr'><strong>άγαλλιάσον-</strong></span> 
     </span>
    </p>
   </div>
   <div class='ocr_carea' id='block_1_85' title="bbox 2140 4222 3731 4295">
    <p class='ocr_par' dir='ltr' id='par_1_85' title="bbox 2140 4222 3731 4295">
     <span class='ocr_line' id='line_1_85' title="bbox 2140 4222 3731 4295; baseline 0 -22"><span class='ocrx_word' id='word_1_646' title='bbox 2140 4237 2254 4274; x_wconf 86' lang='grc' dir='ltr'><strong>ται.</strong></span> <span class='ocrx_word' id='word_1_647' title='bbox 2292 4240 2310 4272; x_wconf 72' lang='grc' dir='ltr'><strong>ι</strong></span> <span class='ocrx_word' id='word_1_648' title='bbox 2344 4222 2598 4293; x_wconf 77' lang='grc' dir='ltr'><strong>Σωτηρία</strong></span> <span class='ocrx_word' id='word_1_649' title='bbox 2616 4222 2726 4295; x_wconf 88' lang='grc' dir='ltr'><strong>γὰρ</strong></span> <span class='ocrx_word' id='word_1_650' title='bbox 2774 4222 2937 4286; x_wconf 85' lang='grc' dir='ltr'><strong>αὐτὸς</strong></span> <span class='ocrx_word' id='word_1_651' title='bbox 2975 4225 3004 4277; x_wconf 90' lang='lat'><strong>6</strong></span> <span class='ocrx_word' id='word_1_652' title='bbox 3047 4223 3281 4294; x_wconf 81' lang='grc' dir='ltr'><strong>Χριστὸς</strong></span> <span class='ocrx_word' id='word_1_653' title='bbox 3319 4222 3429 4275; x_wconf 81' lang='grc' dir='ltr'><strong>τῶν</strong></span> <span class='ocrx_word' id='word_1_654' title='bbox 3456 4222 3627 4290; x_wconf 83' lang='grc' dir='ltr'><strong>ἁγίων</strong></span> <span class='ocrx_word' id='word_1_655' title='bbox 3658 4224 3731 4275; x_wconf 86' lang='grc' dir='ltr'><strong>ἱε-</strong></span> 
     </span>
    </p>
   </div>
   <div class='ocr_carea' id='block_1_86' title="bbox 460 4306 3732 4389">
    <p class='ocr_par' dir='ltr' id='par_1_86' title="bbox 460 4306 3732 4389">
     <span class='ocr_line' id='line_1_86' title="bbox 460 4306 3732 4389; baseline 0 -22"><span class='ocrx_word' id='word_1_656' title='bbox 460 4314 725 4387; x_wconf 80' lang='grc' dir='ltr'><strong>ρουργῶν,</strong></span> <span class='ocrx_word' id='word_1_657' title='bbox 751 4313 956 4383; x_wconf 80' lang='grc' dir='ltr'><strong>ἇμφιον</strong></span> <span class='ocrx_word' id='word_1_658' title='bbox 982 4309 1044 4362; x_wconf 85' lang='grc' dir='ltr'><strong>τὸ</strong></span> <span class='ocrx_word' id='word_1_659' title='bbox 1069 4306 1421 4375; x_wconf 79' lang='grc' dir='ltr'><strong>ἀξιάγαστον,</strong></span> <span class='ocrx_word' id='word_1_660' title='bbox 1452 4306 1655 4378; x_wconf 80' lang='grc' dir='ltr'><strong>μᾶλλον</strong></span> <span class='ocrx_word' id='word_1_661' title='bbox 1675 4306 1734 4360; x_wconf 74' lang='grc' dir='ltr'><strong>δὲ</strong></span> <span class='ocrx_word' id='word_1_662' title='bbox 1759 4309 1853 4361; x_wconf 71' lang='grc' dir='ltr'><strong>καὶ</strong></span> <span class='ocrx_word' id='word_1_663' title='bbox 1877 4308 2089 4381; x_wconf 81' lang='grc' dir='ltr'><strong>πρέπον</strong></span> <span class='ocrx_word' id='word_1_664' title='bbox 2122 4312 2233 4366; x_wconf 86' lang='grc' dir='ltr'><strong>τῶν</strong></span> <span class='ocrx_word' id='word_1_665' title='bbox 2280 4315 2744 4372; x_wconf 80' lang='grc' dir='ltr'><strong>πεπιστευκότων.</strong></span> <span class='ocrx_word' id='word_1_666' title='bbox 2772 4335 2791 4368; x_wconf 81' lang='grc' dir='ltr'><strong>ι</strong></span> <span class='ocrx_word' id='word_1_667' title='bbox 2829 4316 2986 4370; x_wconf 87' lang='grc' dir='ltr'><strong>Ὅσοι</strong></span> <span class='ocrx_word' id='word_1_668' title='bbox 3010 4317 3142 4389; x_wconf 87' lang='grc' dir='ltr'><strong>γὰρ,</strong></span> <span class='ocrx_word' id='word_1_669' title='bbox 3168 4318 3352 4387; x_wconf 72' lang='grc' dir='ltr'><strong>φησιν,</strong></span> <span class='ocrx_word' id='word_1_670' title='bbox 3387 4317 3467 4379; x_wconf 85' lang='grc' dir='ltr'><strong>εἰς</strong></span> <span class='ocrx_word' id='word_1_671' title='bbox 3497 4316 3732 4388; x_wconf 90' lang='grc' dir='ltr'><strong>Χριστὸν</strong></span> 
     </span>
    </p>
   </div>
   <div class='ocr_carea' id='block_1_87' title="bbox 459 4400 1552 4476">
    <p class='ocr_par' dir='ltr' id='par_1_87' title="bbox 459 4400 1552 4476">
     <span class='ocr_line' id='line_1_87' title="bbox 459 4400 1552 4476; baseline -0.01 -13"><span class='ocrx_word' id='word_1_672' title='bbox 459 4406 841 4476; x_wconf 74' lang='grc' dir='ltr'><strong>ἐϐαπτίσθητε,</strong></span> <span class='ocrx_word' id='word_1_673' title='bbox 876 4402 1111 4475; x_wconf 81' lang='grc' dir='ltr'><strong>Χριστὸν</strong></span> <span class='ocrx_word' id='word_1_674' title='bbox 1143 4400 1487 4454; x_wconf 76' lang='grc' dir='ltr'><strong>ἐνεδύσασθε.</strong></span> <span class='ocrx_word' id='word_1_675' title='bbox 1533 4419 1552 4451; x_wconf 75' lang='grc' dir='ltr'><strong>ι</strong></span> 
     </span>
    </p>
   </div>
   <div class='ocr_carea' id='block_1_88' title="bbox 526 4491 2062 4565">
    <p class='ocr_par' dir='ltr' id='par_1_88' title="bbox 526 4494 2039 4564">
     <span class='ocr_line' id='line_1_88' title="bbox 526 4494 2039 4564; baseline -0.005 -8"><span class='ocrx_word' id='word_1_676' title='bbox 526 4501 692 4556; x_wconf 73' lang='lat' dir='ltr'><strong>Vens.</strong></span> <span class='ocrx_word' id='word_1_677' title='bbox 725 4501 779 4553; x_wconf 72' lang='grc'><strong>4.</strong></span> <span class='ocrx_word' id='word_1_678' title='bbox 822 4496 892 4551; x_wconf 83' lang='grc' dir='ltr'><strong>Ει</strong></span> <span class='ocrx_word' id='word_1_679' title='bbox 935 4505 1086 4550; x_wconf 84' lang='lat' dir='ltr'><strong>erunt</strong></span> <span class='ocrx_word' id='word_1_680' title='bbox 1121 4495 1350 4548; x_wconf 80' lang='lat' dir='ltr'><strong>Domino</strong></span> <span class='ocrx_word' id='word_1_681' title='bbox 1397 4494 1671 4563; x_wconf 74' lang='lat' dir='ltr'><strong>oﬂ&#39;eremes</strong></span> <span class='ocrx_word' id='word_1_682' title='bbox 1716 4495 2039 4564; x_wconf 78' lang='lat' dir='ltr'><strong>sacriﬁcium</strong></span> 
     </span>
    </p>
   </div>
   <div class='ocr_carea' id='block_1_89' title="bbox 2145 4491 3733 4565">
    <p class='ocr_par' dir='ltr' id='par_1_89' title="bbox 2217 4491 3733 4565">
     <span class='ocr_line' id='line_1_89' title="bbox 2217 4491 3733 4565; baseline 0.007 -20"><span class='ocrx_word' id='word_1_683' title='bbox 2217 4492 2326 4546; x_wconf 84' lang='grc' dir='ltr'><strong>Καὶ</strong></span> <span class='ocrx_word' id='word_1_684' title='bbox 2355 4491 2602 4546; x_wconf 81' lang='grc' dir='ltr'><strong>ἔσονται</strong></span> <span class='ocrx_word' id='word_1_685' title='bbox 2628 4492 2709 4558; x_wconf 81' lang='grc' dir='ltr'><strong>τῷ</strong></span> <span class='ocrx_word' id='word_1_686' title='bbox 2746 4494 2935 4562; x_wconf 74' lang='grc' dir='ltr'><strong>Κυρίῳ</strong></span> <span class='ocrx_word' id='word_1_687' title='bbox 2965 4494 3375 4565; x_wconf 70' lang='grc' dir='ltr'><strong>προσάγοντες</strong></span> <span class='ocrx_word' id='word_1_688' title='bbox 3406 4500 3628 4553; x_wconf 78' lang='grc' dir='ltr'><strong>θυσίαν</strong></span> <span class='ocrx_word' id='word_1_689' title='bbox 3663 4502 3733 4555; x_wconf 82' lang='grc' dir='ltr'><strong>ἐν</strong></span> 
     </span>
    </p>
   </div>
   <div class='ocr_carea' id='block_1_90' title="bbox 457 4587 2041 4664">
    <p class='ocr_par' dir='ltr' id='par_1_90' title="bbox 457 4587 2041 4664">
     <span class='ocr_line' id='line_1_90' title="bbox 457 4587 2041 4664; baseline -0.004 -16"><span class='ocrx_word' id='word_1_690' title='bbox 457 4594 767 4664; x_wconf 77' lang='lat' dir='ltr'><strong>injustilia.</strong></span> <span class='ocrx_word' id='word_1_691' title='bbox 800 4592 865 4645; x_wconf 80' lang='lat' dir='ltr'><strong>Et</strong></span> <span class='ocrx_word' id='word_1_692' title='bbox 888 4589 1115 4659; x_wconf 71' lang='lat' dir='ltr'><strong>placebit</strong></span> <span class='ocrx_word' id='word_1_693' title='bbox 1158 4587 1383 4640; x_wconf 82' lang='lat' dir='ltr'><strong>Domino</strong></span> <span class='ocrx_word' id='word_1_694' title='bbox 1413 4587 1735 4654; x_wconf 73' lang='lat' dir='ltr'><strong>sacri/icium</strong></span> <span class='ocrx_word' id='word_1_695' title='bbox 1768 4588 1947 4653; x_wconf 82' lang='lat' dir='ltr'><strong>Judu,</strong></span> <span class='ocrx_word' id='word_1_696' title='bbox 1992 4599 2041 4643; x_wconf 81' lang='lat' dir='ltr'><strong>ct</strong></span> 
     </span>
    </p>
   </div>
   <div class='ocr_carea' id='block_1_91' title="bbox 454 4681 1905 4751">
    <p class='ocr_par' dir='ltr' id='par_1_91' title="bbox 454 4681 1905 4751">
     <span class='ocr_line' id='line_1_91' title="bbox 454 4681 1905 4751; baseline -0.007 -10"><span class='ocrx_word' id='word_1_697' title='bbox 454 4685 752 4741; x_wconf 73' lang='lat' dir='ltr'><strong>Jerusalem</strong></span> <span class='ocrx_word' id='word_1_698' title='bbox 775 4685 908 4738; x_wconf 74' lang='lat' dir='ltr'><strong>sicut</strong></span> <span class='ocrx_word' id='word_1_699' title='bbox 934 4685 1045 4736; x_wconf 77' lang='lat' dir='ltr'><strong>dies</strong></span> <span class='ocrx_word' id='word_1_700' title='bbox 1084 4681 1262 4735; x_wconf 71' lang='lat' dir='ltr'><strong>stu-uti</strong></span> <span class='ocrx_word' id='word_1_701' title='bbox 1290 4692 1335 4734; x_wconf 82' lang='lat' dir='ltr'><strong>cl</strong></span> <span class='ocrx_word' id='word_1_702' title='bbox 1367 4683 1502 4734; x_wconf 77' lang='lat' dir='ltr'><strong>sicut</strong></span> <span class='ocrx_word' id='word_1_703' title='bbox 1528 4683 1653 4733; x_wconf 80' lang='lat' dir='ltr'><strong>anui</strong></span> <span class='ocrx_word' id='word_1_704' title='bbox 1684 4683 1905 4751; x_wconf 75' lang='lat' dir='ltr'><strong>priores.</strong></span> 
     </span>
    </p>
   </div>
   <div class='ocr_carea' id='block_1_92' title="bbox 530 4860 2041 4933">
    <p class='ocr_par' dir='ltr' id='par_1_92' title="bbox 530 4860 2041 4933">
     <span class='ocr_line' id='line_1_92' title="bbox 530 4860 2041 4933; baseline -0.003 -11"><span class='ocrx_word' id='word_1_705' title='bbox 530 4864 748 4922; x_wconf 72' lang='lat' dir='ltr'><strong>XXXV.</strong></span> <span class='ocrx_word' id='word_1_706' title='bbox 787 4862 1290 4928; x_wconf 86' lang='lat' dir='ltr'><strong>Consecrabuntur,</strong></span> <span class='ocrx_word' id='word_1_707' title='bbox 1321 4862 1516 4933; x_wconf 90' lang='lat' dir='ltr'><strong>inquit,</strong></span> <span class='ocrx_word' id='word_1_708' title='bbox 1559 4860 1668 4917; x_wconf 91' lang='lat' dir='ltr'><strong>Deo</strong></span> <span class='ocrx_word' id='word_1_709' title='bbox 1700 4879 1716 4919; x_wconf 73' lang='grc' dir='ltr'><strong>ε</strong></span> <span class='ocrx_word' id='word_1_710' title='bbox 1759 4865 1861 4917; x_wconf 83' lang='grc' dir='ltr'><strong>Ιιοο</strong></span> <span class='ocrx_word' id='word_1_711' title='bbox 1897 4867 2041 4918; x_wconf 85' lang='lat' dir='ltr'><strong>enim</strong></span> 
     </span>
    </p>
   </div>
   <div class='ocr_carea' id='block_1_93' title="bbox 457 4955 2044 5033">
    <p class='ocr_par' dir='ltr' id='par_1_93' title="bbox 457 4955 2044 5033">
     <span class='ocr_line' id='line_1_93' title="bbox 457 4955 2044 5033; baseline -0.001 -18"><span class='ocrx_word' id='word_1_712' title='bbox 457 4975 586 5033; x_wconf 87' lang='lat' dir='ltr'><strong>puto</strong></span> <span class='ocrx_word' id='word_1_713' title='bbox 604 4961 704 5014; x_wconf 86' lang='lat' dir='ltr'><strong>sibi</strong></span> <span class='ocrx_word' id='word_1_714' title='bbox 735 4957 890 5022; x_wconf 85' lang='lat' dir='ltr'><strong>velle,</strong></span> <span class='ocrx_word' id='word_1_715' title='bbox 916 4976 939 5009; x_wconf 75' lang='grc' dir='ltr'><strong>ι</strong></span> <span class='ocrx_word' id='word_1_716' title='bbox 965 4956 1136 5012; x_wconf 84' lang='lat' dir='ltr'><strong>Erunt</strong></span> <span class='ocrx_word' id='word_1_717' title='bbox 1158 4955 1267 5010; x_wconf 90' lang='lat' dir='ltr'><strong>Deo</strong></span> <span class='ocrx_word' id='word_1_718' title='bbox 1294 4955 1607 5012; x_wconf 75' lang='lat' dir='ltr'><strong>offerentes.</strong></span> <span class='ocrx_word' id='word_1_719' title='bbox 1636 4977 1656 5011; x_wconf 77' lang='grc' dir='ltr'><strong>ι</strong></span> <span class='ocrx_word' id='word_1_720' title='bbox 1688 4956 2044 5014; x_wconf 79' lang='lat' dir='ltr'><strong>Consecrahi-</strong></span> 
     </span>
    </p>
   </div>
   <div class='ocr_carea' id='block_1_94' title="bbox 457 5046 2044 5122">
    <p class='ocr_par' dir='ltr' id='par_1_94' title="bbox 457 5046 2044 5122">
     <span class='ocr_line' id='line_1_94' title="bbox 457 5046 2044 5122; baseline 0.001 -16"><span class='ocrx_word' id='word_1_721' title='bbox 457 5070 582 5113; x_wconf 85' lang='lat' dir='ltr'><strong>mur</strong></span> <span class='ocrx_word' id='word_1_722' title='bbox 620 5046 752 5119; x_wconf 83' lang='lat' dir='ltr'><strong>Deo,</strong></span> <span class='ocrx_word' id='word_1_723' title='bbox 790 5053 838 5107; x_wconf 78' lang='lat' dir='ltr'><strong>si</strong></span> <span class='ocrx_word' id='word_1_724' title='bbox 869 5051 1101 5122; x_wconf 85' lang='lat' dir='ltr'><strong>amplius</strong></span> <span class='ocrx_word' id='word_1_725' title='bbox 1144 5049 1299 5103; x_wconf 87' lang='lat' dir='ltr'><strong>nubis</strong></span> <span class='ocrx_word' id='word_1_726' title='bbox 1331 5064 1437 5104; x_wconf 89' lang='lat' dir='ltr'><strong>non</strong></span> <span class='ocrx_word' id='word_1_727' title='bbox 1472 5050 1741 5114; x_wconf 84' lang='lat' dir='ltr'><strong>vivamus,</strong></span> <span class='ocrx_word' id='word_1_728' title='bbox 1782 5058 1837 5106; x_wconf 88' lang='lat' dir='ltr'><strong>et</strong></span> <span class='ocrx_word' id='word_1_729' title='bbox 1869 5054 2044 5107; x_wconf 86' lang='lat' dir='ltr'><strong>modis</strong></span> 
     </span>
    </p>
   </div>
   <div class='ocr_carea' id='block_1_95' title="bbox 459 5142 2046 5213">
    <p class='ocr_par' dir='ltr' id='par_1_95' title="bbox 459 5142 2046 5213">
     <span class='ocr_line' id='line_1_95' title="bbox 459 5142 2046 5213; baseline 0 -14"><span class='ocrx_word' id='word_1_730' title='bbox 459 5146 713 5200; x_wconf 85' lang='lat' dir='ltr'><strong>omnibus</strong></span> <span class='ocrx_word' id='word_1_731' title='bbox 743 5145 1068 5199; x_wconf 82' lang='lat' dir='ltr'><strong>charitatem</strong></span> <span class='ocrx_word' id='word_1_732' title='bbox 1093 5156 1221 5207; x_wconf 72' lang='lat' dir='ltr'><strong>erga</strong></span> <span class='ocrx_word' id='word_1_733' title='bbox 1257 5142 1406 5195; x_wconf 89' lang='lat' dir='ltr'><strong>illum</strong></span> <span class='ocrx_word' id='word_1_734' title='bbox 1437 5142 1775 5207; x_wconf 79' lang='lat' dir='ltr'><strong>excolamus,</strong></span> <span class='ocrx_word' id='word_1_735' title='bbox 1809 5144 2046 5213; x_wconf 84' lang='lat' dir='ltr'><strong>tatisque</strong></span> 
     </span>
    </p>
   </div>
   <div class='ocr_carea' id='block_1_96' title="bbox 459 5235 2041 5304">
    <p class='ocr_par' dir='ltr' id='par_1_96' title="bbox 459 5235 2041 5304">
     <span class='ocr_line' id='line_1_96' title="bbox 459 5235 2041 5304; baseline 0 -13"><span class='ocrx_word' id='word_1_736' title='bbox 459 5239 667 5292; x_wconf 84' lang='lat' dir='ltr'><strong>viribus</strong></span> <span class='ocrx_word' id='word_1_737' title='bbox 728 5238 895 5304; x_wconf 85' lang='lat' dir='ltr'><strong>probe</strong></span> <span class='ocrx_word' id='word_1_738' title='bbox 943 5246 1206 5303; x_wconf 65' lang='lat' dir='ltr'><strong>praestare</strong></span> <span class='ocrx_word' id='word_1_739' title='bbox 1269 5235 1553 5303; x_wconf 79' lang='lat' dir='ltr'><strong>cupiamus</strong></span> <span class='ocrx_word' id='word_1_740' title='bbox 1610 5247 1731 5303; x_wconf 72' lang='lat' dir='ltr'><strong>qua:</strong></span> <span class='ocrx_word' id='word_1_741' title='bbox 1777 5236 1869 5290; x_wconf 90' lang='lat' dir='ltr'><strong>ille</strong></span> <span class='ocrx_word' id='word_1_742' title='bbox 1909 5237 2041 5295; x_wconf 86' lang='lat' dir='ltr'><strong>vult.</strong></span> 
     </span>
    </p>
   </div>
   <div class='ocr_carea' id='block_1_97' title="bbox 460 5325 2037 5399">
    <p class='ocr_par' dir='ltr' id='par_1_97' title="bbox 460 5325 2037 5399">
     <span class='ocr_line' id='line_1_97' title="bbox 460 5325 2037 5399; baseline -0.002 -14"><span class='ocrx_word' id='word_1_743' title='bbox 460 5330 592 5385; x_wconf 76' lang='lat' dir='ltr'><strong>Tale</strong></span> <span class='ocrx_word' id='word_1_744' title='bbox 613 5330 741 5399; x_wconf 86' lang='lat' dir='ltr'><strong>quid</strong></span> <span class='ocrx_word' id='word_1_745' title='bbox 767 5330 930 5383; x_wconf 79' lang='lat' dir='ltr'><strong>etiam</strong></span> <span class='ocrx_word' id='word_1_746' title='bbox 957 5327 1173 5381; x_wconf 87' lang='lat' dir='ltr'><strong>divinus</strong></span> <span class='ocrx_word' id='word_1_747' title='bbox 1202 5325 1399 5380; x_wconf 83' lang='lat' dir='ltr'><strong>Paulus</strong></span> <span class='ocrx_word' id='word_1_748' title='bbox 1422 5325 1487 5381; x_wconf 84' lang='lat' dir='ltr'><strong>de</strong></span> <span class='ocrx_word' id='word_1_749' title='bbox 1513 5328 1755 5380; x_wconf 80' lang='lat' dir='ltr'><strong>omnium</strong></span> <span class='ocrx_word' id='word_1_750' title='bbox 1792 5336 2037 5383; x_wconf 87' lang='lat' dir='ltr'><strong>nostrum</strong></span> 
     </span>
    </p>
   </div>
   <div class='ocr_carea' id='block_1_98' title="bbox 462 5413 2038 5484">
    <p class='ocr_par' dir='ltr' id='par_1_98' title="bbox 462 5413 2038 5484">
     <span class='ocr_line' id='line_1_98' title="bbox 462 5413 2038 5484; baseline -0.006 -7"><span class='ocrx_word' id='word_1_751' title='bbox 462 5419 746 5477; x_wconf 75' lang='lat' dir='ltr'><strong>Salvatore</strong></span> <span class='ocrx_word' id='word_1_752' title='bbox 768 5418 986 5473; x_wconf 86' lang='lat' dir='ltr'><strong>Christo</strong></span> <span class='ocrx_word' id='word_1_753' title='bbox 1017 5439 1029 5473; x_wconf 93' lang='lat'>:</span> <span class='ocrx_word' id='word_1_754' title='bbox 1064 5434 1081 5467; x_wconf 83' lang='grc' dir='ltr'><strong>ι</strong></span> <span class='ocrx_word' id='word_1_755' title='bbox 1121 5413 1272 5470; x_wconf 87' lang='lat' dir='ltr'><strong>Unus</strong></span> <span class='ocrx_word' id='word_1_756' title='bbox 1302 5415 1446 5467; x_wconf 88' lang='lat' dir='ltr'><strong>enim</strong></span> <span class='ocrx_word' id='word_1_757' title='bbox 1475 5429 1572 5484; x_wconf 88' lang='lat' dir='ltr'><strong>pro</strong></span> <span class='ocrx_word' id='word_1_758' title='bbox 1603 5416 1857 5469; x_wconf 85' lang='lat' dir='ltr'><strong>omnibus</strong></span> <span class='ocrx_word' id='word_1_759' title='bbox 1890 5431 2038 5468; x_wconf 86' lang='lat' dir='ltr'><strong>mor-</strong></span> 
     </span>
    </p>
   </div>
   <div class='ocr_carea' id='block_1_99' title="bbox 466 5507 2041 5577">
    <p class='ocr_par' dir='ltr' id='par_1_99' title="bbox 466 5507 2041 5577">
     <span class='ocr_line' id='line_1_99' title="bbox 466 5507 2041 5577; baseline -0.003 -14"><span class='ocrx_word' id='word_1_760' title='bbox 466 5523 586 5564; x_wconf 88' lang='lat' dir='ltr'><strong>tuus</strong></span> <span class='ocrx_word' id='word_1_761' title='bbox 614 5520 716 5570; x_wconf 82' lang='lat' dir='ltr'><strong>est,</strong></span> <span class='ocrx_word' id='word_1_762' title='bbox 747 5520 804 5562; x_wconf 89' lang='lat' dir='ltr'><strong>ut</strong></span> <span class='ocrx_word' id='word_1_763' title='bbox 836 5519 891 5563; x_wconf 87' lang='lat' dir='ltr'><strong>et</strong></span> <span class='ocrx_word' id='word_1_764' title='bbox 919 5511 1007 5577; x_wconf 88' lang='lat' dir='ltr'><strong>qui</strong></span> <span class='ocrx_word' id='word_1_765' title='bbox 1045 5507 1370 5576; x_wconf 80' lang='lat' dir='ltr'><strong>vivuntjam</strong></span> <span class='ocrx_word' id='word_1_766' title='bbox 1418 5522 1522 5561; x_wconf 89' lang='lat' dir='ltr'><strong>non</strong></span> <span class='ocrx_word' id='word_1_767' title='bbox 1560 5508 1661 5561; x_wconf 86' lang='lat' dir='ltr'><strong>sibi</strong></span> <span class='ocrx_word' id='word_1_768' title='bbox 1701 5510 1905 5573; x_wconf 89' lang='lat' dir='ltr'><strong>vivant,</strong></span> <span class='ocrx_word' id='word_1_769' title='bbox 1946 5511 2041 5561; x_wconf 76' lang='lat' dir='ltr'><strong>SHI</strong></span> 
     </span>
    </p>
   </div>
   <div class='ocr_carea' id='block_1_100' title="bbox 465 5600 2043 5671">
    <p class='ocr_par' dir='ltr' id='par_1_100' title="bbox 465 5600 2043 5671">
     <span class='ocr_line' id='line_1_100' title="bbox 465 5600 2043 5671; baseline -0.002 -16"><span class='ocrx_word' id='word_1_770' title='bbox 465 5603 511 5655; x_wconf 85' lang='lat' dir='ltr'><strong>ei</strong></span> <span class='ocrx_word' id='word_1_771' title='bbox 551 5604 639 5671; x_wconf 90' lang='lat' dir='ltr'><strong>qui</strong></span> <span class='ocrx_word' id='word_1_772' title='bbox 676 5616 771 5671; x_wconf 85' lang='lat' dir='ltr'><strong>pro</strong></span> <span class='ocrx_word' id='word_1_773' title='bbox 803 5600 932 5671; x_wconf 89' lang='lat' dir='ltr'><strong>ipsis</strong></span> <span class='ocrx_word' id='word_1_774' title='bbox 966 5607 1211 5655; x_wconf 87' lang='lat' dir='ltr'><strong>mortuus</strong></span> <span class='ocrx_word' id='word_1_775' title='bbox 1243 5607 1401 5655; x_wconf 82' lang='lat' dir='ltr'><strong>estet</strong></span> <span class='ocrx_word' id='word_1_776' title='bbox 1435 5601 1734 5654; x_wconf 81' lang='lat' dir='ltr'><strong>resurrexit</strong></span> <span class='ocrx_word' id='word_1_777' title='bbox 1760 5600 1828 5653; x_wconf 81' lang='lat'><strong>&quot;.</strong></span> <span class='ocrx_word' id='word_1_778' title='bbox 1858 5618 1877 5653; x_wconf 79' lang='grc' dir='ltr'><strong>ι</strong></span> <span class='ocrx_word' id='word_1_779' title='bbox 1920 5600 2043 5654; x_wconf 71' lang='grc' dir='ltr'><strong>δυιε</strong></span> 
     </span>
    </p>
   </div>
   <div class='ocr_carea' id='block_1_101' title="bbox 2145 4584 3729 4657">
    <p class='ocr_par' dir='ltr' id='par_1_101' title="bbox 2145 4584 3729 4657">
     <span class='ocr_line' id='line_1_101' title="bbox 2145 4584 3729 4657; baseline 0.004 -19"><span class='ocrx_word' id='word_1_780' title='bbox 2145 4584 2525 4653; x_wconf 78' lang='grc' dir='ltr'><strong>δικαιοσύνῃ.</strong></span> <span class='ocrx_word' id='word_1_781' title='bbox 2559 4588 2661 4639; x_wconf 86' lang='lat' dir='ltr'><strong>Kal</strong></span> <span class='ocrx_word' id='word_1_782' title='bbox 2704 4586 2908 4654; x_wconf 82' lang='grc' dir='ltr'><strong>ἀρέσει</strong></span> <span class='ocrx_word' id='word_1_783' title='bbox 2942 4587 3024 4652; x_wconf 83' lang='grc' dir='ltr'><strong>τῷ</strong></span> <span class='ocrx_word' id='word_1_784' title='bbox 3064 4587 3259 4654; x_wconf 80' lang='grc' dir='ltr'><strong>Κυρίῳ</strong></span> <span class='ocrx_word' id='word_1_785' title='bbox 3284 4589 3470 4640; x_wconf 86' lang='grc' dir='ltr'><strong>θυσία</strong></span> <span class='ocrx_word' id='word_1_786' title='bbox 3513 4590 3729 4657; x_wconf 76' lang='grc' dir='ltr'><strong>Ἰούδα,</strong></span> 
     </span>
    </p>
   </div>
   <div class='ocr_carea' id='block_1_102' title="bbox 2145 4678 3729 4750">
    <p class='ocr_par' dir='ltr' id='par_1_102' title="bbox 2145 4678 3729 4750">
     <span class='ocr_line' id='line_1_102' title="bbox 2145 4678 3729 4750; baseline 0.005 -18"><span class='ocrx_word' id='word_1_787' title='bbox 2145 4679 2245 4733; x_wconf 78' lang='grc' dir='ltr'><strong>καὶ</strong></span> <span class='ocrx_word' id='word_1_788' title='bbox 2283 4679 2680 4749; x_wconf 75' lang='grc' dir='ltr'><strong>Ἰερουσαλὴμ</strong></span> <span class='ocrx_word' id='word_1_789' title='bbox 2708 4678 2901 4746; x_wconf 80' lang='grc' dir='ltr'><strong>καθὼς</strong></span> <span class='ocrx_word' id='word_1_790' title='bbox 2933 4683 2993 4735; x_wconf 81' lang='lat' dir='ltr'><strong>al</strong></span> <span class='ocrx_word' id='word_1_791' title='bbox 3015 4679 3227 4749; x_wconf 74' lang='grc' dir='ltr'><strong>ἡμέραι</strong></span> <span class='ocrx_word' id='word_1_792' title='bbox 3263 4680 3365 4734; x_wconf 84' lang='grc' dir='ltr'><strong>τοῦ</strong></span> <span class='ocrx_word' id='word_1_793' title='bbox 3395 4680 3608 4750; x_wconf 75' lang='grc' dir='ltr'><strong>αἰῶνος</strong></span> <span class='ocrx_word' id='word_1_794' title='bbox 3632 4688 3729 4740; x_wconf 74' lang='grc' dir='ltr'><strong>καὶ</strong></span> 
     </span>
    </p>
   </div>
   <div class='ocr_carea' id='block_1_103' title="bbox 2146 4768 3070 4841">
    <p class='ocr_par' dir='ltr' id='par_1_103' title="bbox 2146 4768 3070 4841">
     <span class='ocr_line' id='line_1_103' title="bbox 2146 4768 3070 4841; baseline 0.001 -18"><span class='ocrx_word' id='word_1_795' title='bbox 2146 4768 2342 4836; x_wconf 80' lang='grc' dir='ltr'><strong>καθὼς</strong></span> <span class='ocrx_word' id='word_1_796' title='bbox 2371 4772 2442 4823; x_wconf 81' lang='grc' dir='ltr'><strong>τὰ</strong></span> <span class='ocrx_word' id='word_1_797' title='bbox 2470 4772 2577 4839; x_wconf 83' lang='grc' dir='ltr'><strong>ἐτη</strong></span> <span class='ocrx_word' id='word_1_798' title='bbox 2606 4773 2677 4824; x_wconf 84' lang='grc' dir='ltr'><strong>τὰ</strong></span> <span class='ocrx_word' id='word_1_799' title='bbox 2711 4771 3070 4841; x_wconf 79' lang='grc' dir='ltr'><strong>ἔμπροσθεν.</strong></span> 
     </span>
    </p>
   </div>
   <div class='ocr_carea' id='block_1_104' title="bbox 2218 4863 3733 4941">
    <p class='ocr_par' dir='ltr' id='par_1_104' title="bbox 2218 4863 3733 4941">
     <span class='ocr_line' id='line_1_104' title="bbox 2218 4863 3733 4941; baseline 0.006 -27"><span class='ocrx_word' id='word_1_800' title='bbox 2218 4863 2343 4915; x_wconf 82' lang='lat' dir='ltr'><strong>AE&#39;.</strong></span> <span class='ocrx_word' id='word_1_801' title='bbox 2398 4864 2823 4925; x_wconf 83' lang='grc' dir='ltr'><strong>Ἀνακείσονται,</strong></span> <span class='ocrx_word' id='word_1_802' title='bbox 2882 4867 3034 4934; x_wconf 67' lang='grc' dir='ltr'><strong>φησι,</strong></span> <span class='ocrx_word' id='word_1_803' title='bbox 3090 4863 3169 4935; x_wconf 79' lang='grc' dir='ltr'><strong>τῷ</strong></span> <span class='ocrx_word' id='word_1_804' title='bbox 3211 4865 3363 4936; x_wconf 66' lang='grc' dir='ltr'><strong>Θεῷ*</strong></span> <span class='ocrx_word' id='word_1_805' title='bbox 3409 4865 3569 4921; x_wconf 80' lang='grc' dir='ltr'><strong>τοῦτο</strong></span> <span class='ocrx_word' id='word_1_806' title='bbox 3625 4870 3733 4941; x_wconf 84' lang='grc' dir='ltr'><strong>γὰρ</strong></span> 
     </span>
    </p>
   </div>
   <div class='ocr_carea' id='block_1_105' title="bbox 2144 4953 3731 5031">
    <p class='ocr_par' dir='ltr' id='par_1_105' title="bbox 2144 4953 3731 5031">
     <span class='ocr_line' id='line_1_105' title="bbox 2144 4953 3731 5031; baseline 0.003 -19"><span class='ocrx_word' id='word_1_807' title='bbox 2144 4953 2297 5029; x_wconf 79' lang='grc' dir='ltr'><strong>οἶμαι</strong></span> <span class='ocrx_word' id='word_1_808' title='bbox 2324 4958 2407 5018; x_wconf 86' lang='grc' dir='ltr'><strong>τὸ.</strong></span> <span class='ocrx_word' id='word_1_809' title='bbox 2434 4976 2453 5009; x_wconf 82' lang='grc' dir='ltr'><strong>ι</strong></span> <span class='ocrx_word' id='word_1_810' title='bbox 2487 4958 2742 5012; x_wconf 80' lang='grc' dir='ltr'><strong>Ἔσονται</strong></span> <span class='ocrx_word' id='word_1_811' title='bbox 2772 4957 2849 5029; x_wconf 80' lang='grc' dir='ltr'><strong>τῷ</strong></span> <span class='ocrx_word' id='word_1_812' title='bbox 2875 4958 3065 5030; x_wconf 76' lang='grc' dir='ltr'><strong>Κυρίῳ</strong></span> <span class='ocrx_word' id='word_1_813' title='bbox 3090 4960 3480 5031; x_wconf 85' lang='grc' dir='ltr'><strong>προσάγοντες.</strong></span> <span class='ocrx_word' id='word_1_814' title='bbox 3517 4979 3536 5012; x_wconf 80' lang='grc' dir='ltr'><strong>ι</strong></span> <span class='ocrx_word' id='word_1_815' title='bbox 3579 4964 3731 5016; x_wconf 80' lang='grc' dir='ltr'><strong>Ἀνα-</strong></span> 
     </span>
    </p>
   </div>
   <div class='ocr_carea' id='block_1_106' title="bbox 2151 5046 3731 5121">
    <p class='ocr_par' dir='ltr' id='par_1_106' title="bbox 2151 5046 3731 5121">
     <span class='ocr_line' id='line_1_106' title="bbox 2151 5046 3731 5121; baseline 0.003 -19"><span class='ocrx_word' id='word_1_816' title='bbox 2151 5047 2450 5120; x_wconf 83' lang='grc' dir='ltr'><strong>κεισὸμεθα</strong></span> <span class='ocrx_word' id='word_1_817' title='bbox 2499 5047 2557 5102; x_wconf 79' lang='grc' dir='ltr'><strong>δὲ</strong></span> <span class='ocrx_word' id='word_1_818' title='bbox 2603 5047 2681 5119; x_wconf 83' lang='grc' dir='ltr'><strong>τῷ</strong></span> <span class='ocrx_word' id='word_1_819' title='bbox 2726 5046 2866 5120; x_wconf 87' lang='grc' dir='ltr'><strong>Θεῷ,</strong></span> <span class='ocrx_word' id='word_1_820' title='bbox 2903 5046 3104 5113; x_wconf 80' lang='grc' dir='ltr'><strong>ζῶντες</strong></span> <span class='ocrx_word' id='word_1_821' title='bbox 3136 5048 3236 5120; x_wconf 76' lang='grc' dir='ltr'><strong>μὲν</strong></span> <span class='ocrx_word' id='word_1_822' title='bbox 3270 5052 3487 5116; x_wconf 77' lang='grc' dir='ltr'><strong>ἑαυτοῖς</strong></span> <span class='ocrx_word' id='word_1_823' title='bbox 3524 5053 3731 5121; x_wconf 76' lang='grc' dir='ltr'><strong>οὐκέτι,</strong></span> 
     </span>
    </p>
   </div>
   <div class='ocr_carea' id='block_1_107' title="bbox 2151 5138 3730 5215">
    <p class='ocr_par' dir='ltr' id='par_1_107' title="bbox 2151 5138 3730 5215">
     <span class='ocr_line' id='line_1_107' title="bbox 2151 5138 3730 5215; baseline 0.004 -24"><span class='ocrx_word' id='word_1_824' title='bbox 2151 5138 2538 5210; x_wconf 88' lang='grc' dir='ltr'><strong>προσκείμενοι</strong></span> <span class='ocrx_word' id='word_1_825' title='bbox 2563 5138 2620 5192; x_wconf 68' lang='grc' dir='ltr'><strong>δὲ</strong></span> <span class='ocrx_word' id='word_1_826' title='bbox 2644 5138 2953 5210; x_wconf 79' lang='grc' dir='ltr'><strong>δλοτρόπως</strong></span> <span class='ocrx_word' id='word_1_827' title='bbox 2988 5141 3082 5192; x_wconf 78' lang='grc' dir='ltr'><strong>καὶ</strong></span> <span class='ocrx_word' id='word_1_828' title='bbox 3115 5142 3182 5212; x_wconf 77' lang='grc' dir='ltr'><strong>τῇ</strong></span> <span class='ocrx_word' id='word_1_829' title='bbox 3221 5142 3302 5205; x_wconf 81' lang='grc' dir='ltr'><strong>εἰς</strong></span> <span class='ocrx_word' id='word_1_830' title='bbox 3325 5141 3488 5195; x_wconf 77' lang='grc' dir='ltr'><strong>αὐτὸν</strong></span> <span class='ocrx_word' id='word_1_831' title='bbox 3519 5143 3730 5215; x_wconf 81' lang='grc' dir='ltr'><strong>ἀγάπῃ,</strong></span> 
     </span>
    </p>
   </div>
   <div class='ocr_carea' id='block_1_108' title="bbox 2151 5227 3733 5303">
    <p class='ocr_par' dir='ltr' id='par_1_108' title="bbox 2151 5227 3733 5303">
     <span class='ocr_line' id='line_1_108' title="bbox 2151 5227 3733 5303; baseline 0.003 -21"><span class='ocrx_word' id='word_1_832' title='bbox 2151 5229 2243 5282; x_wconf 74' lang='grc' dir='ltr'><strong>καὶ</strong></span> <span class='ocrx_word' id='word_1_833' title='bbox 2298 5227 2459 5282; x_wconf 74' lang='grc' dir='ltr'><strong>παντὶ</strong></span> <span class='ocrx_word' id='word_1_834' title='bbox 2507 5229 2573 5300; x_wconf 79' lang='grc' dir='ltr'><strong>δὴ</strong></span> <span class='ocrx_word' id='word_1_835' title='bbox 2624 5228 2803 5282; x_wconf 83' lang='grc' dir='ltr'><strong>σθένει</strong></span> <span class='ocrx_word' id='word_1_836' title='bbox 2852 5228 3153 5300; x_wconf 87' lang='grc' dir='ltr'><strong>κατορθοῦν</strong></span> <span class='ocrx_word' id='word_1_837' title='bbox 3208 5230 3473 5303; x_wconf 72' lang='grc' dir='ltr'><strong>ᾑρημένοι</strong></span> <span class='ocrx_word' id='word_1_838' title='bbox 3511 5230 3583 5286; x_wconf 74' lang='grc' dir='ltr'><strong>τὰ</strong></span> <span class='ocrx_word' id='word_1_839' title='bbox 3622 5237 3733 5298; x_wconf 78' lang='grc' dir='ltr'><strong>τοίς</strong></span> 
     </span>
    </p>
   </div>
   <div class='ocr_carea' id='block_1_109' title="bbox 2154 5318 3732 5395">
    <p class='ocr_par' dir='ltr' id='par_1_109' title="bbox 2154 5318 3732 5395">
     <span class='ocr_line' id='line_1_109' title="bbox 2154 5318 3732 5395; baseline 0.003 -22"><span class='ocrx_word' id='word_1_840' title='bbox 2154 5319 2322 5383; x_wconf 87' lang='grc' dir='ltr'><strong>θείοις</strong></span> <span class='ocrx_word' id='word_1_841' title='bbox 2365 5318 2532 5374; x_wconf 73' lang='grc' dir='ltr'><strong>αὐτοῦ</strong></span> <span class='ocrx_word' id='word_1_842' title='bbox 2576 5318 2836 5374; x_wconf 88' lang='grc' dir='ltr'><strong>δοκοῦντα</strong></span> <span class='ocrx_word' id='word_1_843' title='bbox 2882 5321 3167 5391; x_wconf 83' lang='grc' dir='ltr'><strong>νεύμασιν.</strong></span> <span class='ocrx_word' id='word_1_844' title='bbox 3218 5325 3359 5395; x_wconf 80' lang='grc' dir='ltr'><strong>Ἔφη</strong></span> <span class='ocrx_word' id='word_1_845' title='bbox 3398 5340 3452 5377; x_wconf 88' lang='grc' dir='ltr'><strong>τι</strong></span> <span class='ocrx_word' id='word_1_846' title='bbox 3490 5325 3732 5378; x_wconf 82' lang='grc' dir='ltr'><strong>τοιοῦτον</strong></span> 
     </span>
    </p>
   </div>
   <div class='ocr_carea' id='block_1_110' title="bbox 2154 5412 3733 5490">
    <p class='ocr_par' dir='ltr' id='par_1_110' title="bbox 2154 5412 3733 5490">
     <span class='ocr_line' id='line_1_110' title="bbox 2154 5412 3733 5490; baseline 0.002 -22"><span class='ocrx_word' id='word_1_847' title='bbox 2154 5417 2248 5468; x_wconf 77' lang='grc' dir='ltr'><strong>καὶ</strong></span> <span class='ocrx_word' id='word_1_848' title='bbox 2274 5417 2300 5466; x_wconf 90' lang='lat'><strong>6</strong></span> <span class='ocrx_word' id='word_1_849' title='bbox 2331 5413 2617 5477; x_wconf 84' lang='grc' dir='ltr'><strong>θεσπέσιος</strong></span> <span class='ocrx_word' id='word_1_850' title='bbox 2648 5412 2854 5477; x_wconf 86' lang='grc' dir='ltr'><strong>Παῦλος</strong></span> <span class='ocrx_word' id='word_1_851' title='bbox 2895 5416 3023 5486; x_wconf 79' lang='grc' dir='ltr'><strong>περὶ</strong></span> <span class='ocrx_word' id='word_1_852' title='bbox 3049 5415 3143 5469; x_wconf 87' lang='grc' dir='ltr'><strong>τοῦ</strong></span> <span class='ocrx_word' id='word_1_853' title='bbox 3172 5417 3390 5472; x_wconf 89' lang='grc' dir='ltr'><strong>πάντων</strong></span> <span class='ocrx_word' id='word_1_854' title='bbox 3419 5419 3574 5490; x_wconf 83' lang='grc' dir='ltr'><strong>ήμῶν</strong></span> <span class='ocrx_word' id='word_1_855' title='bbox 3617 5420 3733 5471; x_wconf 85' lang='grc' dir='ltr'><strong>Σω-</strong></span> 
     </span>
    </p>
   </div>
   <div class='ocr_carea' id='block_1_111' title="bbox 2163 5502 3731 5581">
    <p class='ocr_par' dir='ltr' id='par_1_111' title="bbox 2163 5502 3731 5581">
     <span class='ocr_line' id='line_1_111' title="bbox 2163 5502 3731 5581; baseline 0.003 -22"><span class='ocrx_word' id='word_1_856' title='bbox 2163 5511 2318 5578; x_wconf 78' lang='grc' dir='ltr'><strong>τῆρος</strong></span> <span class='ocrx_word' id='word_1_857' title='bbox 2365 5506 2638 5577; x_wconf 77' lang='grc' dir='ltr'><strong>Χριστοῦ·</strong></span> <span class='ocrx_word' id='word_1_858' title='bbox 2679 5524 2697 5557; x_wconf 81' lang='grc' dir='ltr'><strong>ι</strong></span> <span class='ocrx_word' id='word_1_859' title='bbox 2736 5502 2831 5570; x_wconf 75' lang='grc' dir='ltr'><strong>Εἷς</strong></span> <span class='ocrx_word' id='word_1_860' title='bbox 2872 5508 2979 5580; x_wconf 83' lang='grc' dir='ltr'><strong>γὰρ</strong></span> <span class='ocrx_word' id='word_1_861' title='bbox 3010 5510 3149 5581; x_wconf 78' lang='grc' dir='ltr'><strong>ὑπὲρ</strong></span> <span class='ocrx_word' id='word_1_862' title='bbox 3189 5511 3409 5565; x_wconf 84' lang='grc' dir='ltr'><strong>πάντων</strong></span> <span class='ocrx_word' id='word_1_863' title='bbox 3438 5514 3731 5575; x_wconf 75' lang='grc' dir='ltr'><strong>ἀπέθαν;ν,</strong></span> 
     </span>
    </p>
   </div>
   <div class='ocr_carea' id='block_1_112' title="bbox 2156 5598 3733 5676">
    <p class='ocr_par' dir='ltr' id='par_1_112' title="bbox 2156 5598 3733 5676">
     <span class='ocr_line' id='line_1_112' title="bbox 2156 5598 3733 5676; baseline 0.004 -26"><span class='ocrx_word' id='word_1_864' title='bbox 2156 5599 2240 5651; x_wconf 80' lang='grc' dir='ltr'><strong>ἵνα</strong></span> <span class='ocrx_word' id='word_1_865' title='bbox 2274 5600 2323 5652; x_wconf 89' lang='grc' dir='ltr'><strong>οἱ</strong></span> <span class='ocrx_word' id='word_1_866' title='bbox 2371 5598 2569 5663; x_wconf 75' lang='grc' dir='ltr'><strong>ζῶντες</strong></span> <span class='ocrx_word' id='word_1_867' title='bbox 2611 5600 2807 5671; x_wconf 73' lang='grc' dir='ltr'><strong>μηκέτι</strong></span> <span class='ocrx_word' id='word_1_868' title='bbox 2848 5602 3059 5665; x_wconf 74' lang='grc' dir='ltr'><strong>ἑαυτοῖς</strong></span> <span class='ocrx_word' id='word_1_869' title='bbox 3092 5602 3277 5669; x_wconf 72' lang='grc' dir='ltr'><strong>ζῶσιν,</strong></span> <span class='ocrx_word' id='word_1_870' title='bbox 3314 5604 3447 5657; x_wconf 84' lang='grc' dir='ltr'><strong>ἀλλά</strong></span> <span class='ocrx_word' id='word_1_871' title='bbox 3482 5604 3558 5675; x_wconf 82' lang='grc' dir='ltr'><strong>τῷ</strong></span> <span class='ocrx_word' id='word_1_872' title='bbox 3591 5605 3733 5676; x_wconf 76' lang='grc' dir='ltr'><strong>ὑπὲρ</strong></span> 
     </span>
    </p>
   </div>
   <div class='ocr_carea' id='block_1_113' title="bbox 567 5764 3729 5867">
    <p class='ocr_par' dir='ltr' id='par_1_113' title="bbox 567 5764 3729 5867">
     <span class='ocr_line' id='line_1_113' title="bbox 567 5764 3729 5867; baseline 0.001 -14"><span class='ocrx_word' id='word_1_873' title='bbox 567 5802 611 5833; x_wconf 79' lang='grc'><strong>⁸⁸</strong></span> <span class='ocrx_word' id='word_1_874' title='bbox 646 5764 802 5854; x_wconf 84' lang='lat' dir='ltr'><strong>Rom.</strong></span> <span class='ocrx_word' id='word_1_875' title='bbox 835 5815 911 5861; x_wconf 75' lang='grc' dir='ltr'><strong>ιτ,</strong></span> <span class='ocrx_word' id='word_1_876' title='bbox 935 5799 1025 5861; x_wconf 70' lang='grc' dir='ltr'><strong>ει,</strong></span> <span class='ocrx_word' id='word_1_877' title='bbox 1053 5798 1144 5853; x_wconf 73' lang='lat'><strong>22.</strong></span> <span class='ocrx_word' id='word_1_878' title='bbox 1222 5799 1266 5829; x_wconf 83' lang='grc'><strong>⁸⁷</strong></span> <span class='ocrx_word' id='word_1_879' title='bbox 1288 5797 1478 5853; x_wconf 76' lang='lat' dir='ltr'><strong>Matth.</strong></span> <span class='ocrx_word' id='word_1_880' title='bbox 1500 5814 1583 5860; x_wconf 89' lang='grc' dir='ltr'><strong>ιιι,</strong></span> <span class='ocrx_word' id='word_1_881' title='bbox 1616 5797 1704 5852; x_wconf 80' lang='grc' dir='ltr'><strong>Η.</strong></span> <span class='ocrx_word' id='word_1_882' title='bbox 1781 5800 1828 5831; x_wconf 84' lang='grc'>⁸⁸</span> <span class='ocrx_word' id='word_1_883' title='bbox 1850 5798 1980 5854; x_wconf 90' lang='lat' dir='ltr'><strong>Luc.</strong></span> <span class='ocrx_word' id='word_1_884' title='bbox 2020 5814 2116 5865; x_wconf 77' lang='lat' dir='ltr'><strong>xu,</strong></span> <span class='ocrx_word' id='word_1_885' title='bbox 2143 5798 2231 5853; x_wconf 68' lang='lat'><strong>49.</strong></span> <span class='ocrx_word' id='word_1_886' title='bbox 2309 5798 2356 5830; x_wconf 82' lang='grc'><strong>⁸⁸</strong></span> <span class='ocrx_word' id='word_1_887' title='bbox 2381 5796 2611 5855; x_wconf 80' lang='lat' dir='ltr'><strong>Malaclt.</strong></span> <span class='ocrx_word' id='word_1_888' title='bbox 2647 5816 2704 5862; x_wconf 86' lang='lat' dir='ltr'><strong>ll,</strong></span> <span class='ocrx_word' id='word_1_889' title='bbox 2732 5799 2817 5852; x_wconf 78' lang='grc' dir='ltr'><strong>Π.</strong></span> <span class='ocrx_word' id='word_1_890' title='bbox 2894 5799 2939 5832; x_wconf 73' lang='grc' dir='ltr'><strong>⁸ο</strong></span> <span class='ocrx_word' id='word_1_891' title='bbox 2973 5799 3205 5858; x_wconf 83' lang='lat' dir='ltr'><strong>Zachar.</strong></span> <span class='ocrx_word' id='word_1_892' title='bbox 3232 5818 3350 5867; x_wconf 75' lang='lat' dir='ltr'><strong>xm,</strong></span> <span class='ocrx_word' id='word_1_893' title='bbox 3390 5802 3443 5857; x_wconf 85' lang='lat'><strong>9.</strong></span> <span class='ocrx_word' id='word_1_894' title='bbox 3520 5802 3559 5835; x_wconf 85' lang='lat'>“</span> <span class='ocrx_word' id='word_1_895' title='bbox 3586 5800 3729 5858; x_wconf 61' lang='lat' dir='ltr'><strong>Paul.</strong></span> 
     </span>
    </p>
   </div>
   <div class='ocr_carea' id='block_1_114' title="bbox 462 5869 1297 5937">
    <p class='ocr_par' dir='ltr' id='par_1_114' title="bbox 462 5869 1297 5937">
     <span class='ocr_line' id='line_1_114' title="bbox 462 5869 1297 5937; baseline -0.01 -8"><span class='ocrx_word' id='word_1_896' title='bbox 462 5889 583 5937; x_wconf 65' lang='lat' dir='ltr'><strong>ut,</strong></span> <span class='ocrx_word' id='word_1_897' title='bbox 624 5874 705 5926; x_wconf 83' lang='lat' dir='ltr'><strong>l0.</strong></span> <span class='ocrx_word' id='word_1_898' title='bbox 786 5872 828 5900; x_wconf 74' lang='grc'><strong>¹⁴²</strong></span> <span class='ocrx_word' id='word_1_899' title='bbox 857 5869 1023 5923; x_wconf 66' lang='lat' dir='ltr'><strong>Let‘tt.</strong></span> <span class='ocrx_word' id='word_1_900' title='bbox 1061 5886 1168 5934; x_wconf 65' lang='grc' dir='ltr'><strong>κιί,</strong></span> <span class='ocrx_word' id='word_1_901' title='bbox 1209 5869 1297 5922; x_wconf 69' lang='grc'><strong>52.</strong></span> 
     </span>
    </p>
   </div>
   <div class='ocr_carea' id='block_1_115' title="bbox 1377 5869 3086 5938">
    <p class='ocr_par' dir='ltr' id='par_1_115' title="bbox 1377 5869 3086 5938">
     <span class='ocr_line' id='line_1_115' title="bbox 1377 5869 3086 5938; baseline 0 -15"><span class='ocrx_word' id='word_1_902' title='bbox 1377 5870 1422 5901; x_wconf 76' lang='grc'><strong>⁸⁸</strong></span> <span class='ocrx_word' id='word_1_903' title='bbox 1454 5869 1597 5925; x_wconf 64' lang='lat' dir='ltr'><strong>Pasti.</strong></span> <span class='ocrx_word' id='word_1_904' title='bbox 1629 5884 1815 5936; x_wconf 78' lang='lat' dir='ltr'><strong>cxxxt,</strong></span> <span class='ocrx_word' id='word_1_905' title='bbox 1852 5872 1936 5923; x_wconf 73' lang='lat' dir='ltr'><strong>lli.</strong></span> <span class='ocrx_word' id='word_1_906' title='bbox 2012 5871 2057 5900; x_wconf 62' lang='grc'><strong>⁸³</strong></span> <span class='ocrx_word' id='word_1_907' title='bbox 2104 5871 2278 5924; x_wconf 69' lang='lat' dir='ltr'><strong>(inhit.</strong></span> <span class='ocrx_word' id='word_1_908' title='bbox 2316 5869 2511 5932; x_wconf 63' lang='lat'><strong>&quot;1,97.</strong></span> <span class='ocrx_word' id='word_1_909' title='bbox 2592 5872 2636 5903; x_wconf 66' lang='grc'><strong>⁸³</strong></span> <span class='ocrx_word' id='word_1_910' title='bbox 2662 5870 2705 5923; x_wconf 87' lang='grc' dir='ltr'><strong>ΙΙ</strong></span> <span class='ocrx_word' id='word_1_911' title='bbox 2739 5873 2864 5923; x_wconf 77' lang='lat' dir='ltr'><strong>Cur.</strong></span> <span class='ocrx_word' id='word_1_912' title='bbox 2906 5887 2956 5938; x_wconf 84' lang='grc' dir='ltr'><strong>ν,</strong></span> <span class='ocrx_word' id='word_1_913' title='bbox 3004 5872 3086 5929; x_wconf 63' lang='lat' dir='ltr'><strong>lii.</strong></span> 
     </span>
    </p>
   </div>
  </div>
