4120 6376
385 366 489 421 337

1196 364 1748 424 COMMENTARIUS
1784 368 1849 424 IN
1892 369 2299 425 MALACHIAM
2341 365 2787 423 PHOPHETAM.

3530 362 3635 416 558

385 480 564 535 αὐτῶν
591 479 914 533 ἀποθανόντι
961 480 1058 535 καὶ
1083 482 1383 552 ἐγερθέντι.
1427 503 1446 536 ι
1487 485 1870 557 Καταγράφων
1904 488 1960 541 δὲ
1989 534 1997 550 ι

2080 498 2244 544 tutem
2277 484 2707 542 conversationis
2742 481 3062 548 bonitatem,
3087 490 3140 535 et
3164 480 3270 535 vim
3292 495 3357 534 ac
3385 478 3635 532 virtutem

386 573 419 643 ή
427 575 519 644 μίν
546 572 735 643 ὥσπερ
762 571 865 642 τῆς
898 571 1092 625 ἑαυτοῦ
1123 572 1393 638 πολιτείας
1412 576 1473 628 τὸ
1502 575 1720 642 κάλλος,
1749 580 1844 631 καὶ
1867 578 1960 632 τοῦ

383 665 527 718 κατά
577 663 813 735 Χριστὸν
846 665 1144 737 μυστηρίου
1191 667 1291 737 τὴν
1314 666 1542 739 δύναμιν
1574 670 1790 741 ἐμφανῆ
1826 671 1963 725 καθ-

389 755 578 820 ιστάς,
613 754 719 827 ἔφη
779 755 982 809 πάλιν
1024 774 1045 807 ι
1094 757 1316 829 Χριστῷ
1363 761 1831 833 συνεσταύρωμαι.
1880 765 1965 817 Ζῶ

382 848 444 902 δὲ
474 846 660 901 οὐκέτι
684 845 812 918 ἐγὼ,
845 848 911 919 ζῇ
938 846 994 901 δὲ
1027 848 1087 902 ὲν
1119 849 1242 920 ἐμοὶ
1270 851 1523 920 Χριστός.
1571 855 1636 906 '0
1666 853 1724 906 δὲ
1757 853 1853 907 νῦν
1888 853 1965 918 ζῶ

386 941 446 993 ὲν
475 942 660 1013 σαρκὶ,
689 942 747 995 ὲν
779 942 962 995 πίστει
1005 941 1083 1005 ζῶ
1108 945 1174 1014 τῇ
1212 942 1310 997 τοῦ
1350 944 1479 999 Υίοῦ
1511 946 1669 1009 Θεοῦ,
1702 946 1794 1001 τοῦ
1826 950 1964 1015 ἀγα-

390 1033 661 1103 πήσαντός
689 1050 757 1103 με
789 1034 885 1088 καὶ
907 1034 1236 1106 παραδόντος
1262 1036 1455 1091 ἑαυτὸν
1484 1036 1624 1109 ὑπὲρ
1651 1039 1808 1109 ἐμοῦ.
1848 1041 1963 1093 Οὺκ

388 1124 566 1179 ἀθετῶ
588 1126 687 1197 τὴν
700 1128 858 1197 χάριν
882 1126 978 1179 τοῦ
1005 1126 1159 1181 Θεοῦ.
1174 1145 1295 1179 ι-ι
1310 1128 1563 1182 Ἔσονται
1585 1129 1647 1201 δὴ
1669 1127 1782 1196 οὖν,
1807 1133 1961 1201 φησι,

390 1218 756 1288 προσάγοντες
775 1217 855 1288 τῷ
877 1218 1084 1289 Κυρίῳ,
1117 1238 1136 1273 ι
1173 1219 1439 1284 τουτέστι,
1468 1224 1578 1285 τοῖς
1608 1223 1773 1276 αὑτοῦ
1805 1224 1963 1296 θελήο

393 1326 523 1379 μασι
566 1310 965 1377 ἀνακείσονται,
1010 1310 1069 1364 ού
1111 1309 1181 1363 τά
1225 1310 1442 1380 ἐπίγεια
1494 1313 1847 1383 φρονοῦντες,
1900 1316 1963 1369 οὐ

388 1400 514 1464 τοὺς
536 1400 599 1452 ὲκ
620 1400 718 1470 τῆς
738 1399 952 1463 ἀδικίας
975 1399 1294 1469 ἀγαπῶντες
1330 1400 1657 1471 μολυσμοὺς,
1690 1403 1751 1455 οὐ
1776 1404 1964 1456 πλεον-

390 1492 540 1558 εξίαν
581 1490 681 1562 τὴν
719 1492 861 1547 κατά
894 1509 1057 1546 τινων
1092 1494 1258 1564 τιμᾷν
1284 1493 1571 1565 ᾑρημένοι,
1601 1494 1965 1565 προσάγοντες

390 1584 448 1636 δὲ
477 1583 674 1654 μᾶλλον
709 1583 896 1649 θυσίας
929 1584 1294 1656 δικαιοσύνης.
1331 1584 1440 1638 Καί
1477 1602 1567 1655 μοι
1612 1585 1759 1638 δοκεῖ
1788 1587 1966 1656 σοφῶς

391 1674 456 1746 δὴ
484 1675 604 1729 λίαν
632 1678 661 1729 6
691 1675 902 1740 Παῦλος
934 1678 1141 1731 είπεῖν·
1180 1695 1200 1728 ι
1248 1677 1692 1748 Μετατιθεμένης
1720 1679 1830 1751 γὰρ
1866 1681 1967 1751 τῆς

396 1766 711 1839 ἱερωσύνης,
735 1767 795 1833 ἐξ
808 1768 1053 1840 ἀνάγκης
1074 1768 1166 1822 καὶ
1185 1768 1348 1839 νόμου
1376 1770 1662 1840 μετάθεσις
1682 1770 1910 1838 γίνεται.
1939 1791 1960 1825 ι

396 1826 832 1931 Προσίεμένγάρ
868 1826 1261 1932 οἱιὲνἘίριστῷ
1288 1826 1616 1931 κεκλημένοι
1633 1826 1963 1932 ίερουργίας,
1999 1826 2041 1884 Β

392 1946 459 2000 δι’
488 1947 734 2018 αἱμάτων
756 1950 857 2018 μὲν
881 1948 1062 2002 οὐκέτι
1088 1951 1182 2004 καὶ
1210 1951 1455 2013 καπνῶν,
1479 1950 1602 2005 οὗτε
1631 1951 1739 2023 μὴν
1766 1954 1969 2023 ἀμνοὺς

394 2039 428 2107 ἢ
473 2038 692 2108 ἐρίφους
741 2040 1185 2112 προσκομίξομεν
1234 2042 1312 2112 τῷ
1362 2041 1499 2113 Θεῷ,
1554 2040 1867 2114 πληροῦμεν
1912 2042 1969 2096 δὲ

398 2128 598 2199 μᾶλλον
630 2132 686 2183 ὲν
733 2131 1030 2204 Ἐκκλησία
1066 2135 1164 2205 τὴν
1203 2136 1262 2189 έν
1290 2134 1510 2205 Χριστῷ
1550 2133 1847 2205 νοουμένην
1880 2135 1973 2189 θυ-

398 2220 543 2287 σίαν,
573 2223 673 2295 τὴν
701 2223 863 2292 ἁγίαν
896 2224 989 2277 καὶ
1018 2225 1411 2297 πνευματικὴν,
1435 2227 1530 2279 καὶ
1556 2225 1717 2280 αὐτὸν
1745 2226 1973 2297 προθέν-

397 2328 487 2376 τες
535 2311 615 2375 είς
648 2312 919 2384 ἁγιασμόν
949 2314 1045 2369 καὶ
1080 2314 1263 2385 μέντοι
1292 2316 1387 2370 καὶ
1425 2317 1504 2381 είς
1549 2317 1846 2387 μετάληψιν
1874 2318 1973 2385 τῆς

398 2402 477 2462 είς
500 2399 671 2460 αίῶνα
701 2400 864 2472 ζωῆς,
880 2403 1129 2474 καθάπερ
1163 2403 1437 2477 ἐξαίρετόν
1453 2423 1504 2459 τι
1530 2406 1781 2477 θυμίαμα
1795 2406 1893 2470 τὰς
1916 2407 1976 2471 ἐξ

401 2492 578 2562 ἔργων
610 2492 828 2561 ἀγαθῶν
878 2495 1315 2568 προσκομίζομεν
1345 2497 1593 2561 εὐωδίας.
1627 2498 1735 2551 Καὶ
1758 2497 1975 2562 θύοντες

401 2582 551 2655 αύτῷ
582 2584 680 2655 τὴν
711 2585 1077 2658 δικαιοσύνην,
1123 2589 1205 2641 ὅτι
1245 2590 1341 2641 καὶ
1387 2588 1625 2658 ἐσόμεθα
1666 2588 1845 2642 δεκτοδ⁹
1884 2606 1975 2642 τε·

404 2678 781 2749 θαρσήκαμεν.
807 2678 1123 2750 Γέγραπται
1151 2678 1281 2751 γὰρ,
1305 2681 1387 2733 ὅτι
1419 2700 1438 2733 ι
1472 2682 1619 2752 Τίμα
1649 2681 1738 2735 τὸν
1775 2682 1979 2753 Κύριον

405 2768 513 2821 ἀπὺ
537 2768 645 2821 σῶν
676 2767 897 2822 δικαίων
919 2770 1116 2835 πόνων,
1159 2773 1253 2825 καὶ
1278 2772 1527 2842 ἀπάρχου
1554 2772 1701 2844 αὐτῷ
1732 2773 1840 2827 ἀπὸ
1870 2775 1979 2828 σῶν

406 2853 633 2924 καρπῶν
670 2854 1033 2927 δικαιοσύνης.
1078 2877 1097 2909 ι
1136 2858 1522 2928 Εὑαρεστείται
1567 2862 1675 2932 γὰρ
1721 2864 1820 2932 ούχ
1864 2864 1981 2915 ὲτέ-

410 2959 547 3011 ραις,
587 2939 761 3013 οἶμαι,
794 2944 1005 3009 θυσίαις
1038 2946 1176 3017 πλὴν
1212 2949 1293 3001 ὅτι
1329 2948 1604 3013 τοιαύταις
1646 2952 1675 3003 6
1704 2950 1813 3003 τῶν
1843 2952 1981 3004 ὅλων

405 3034 558 3097 θεός.
594 3035 739 3107 Ἔφη
767 3035 946 3091 τοίνυν
992 3038 1125 3111 περ)⁵
1152 3038 1259 3092 τῶν
1306 3042 1363 3094 ὲν
1390 3041 1608 3112 Χριστῷ
1634 3043 1983 3114 κεκλημένων

2064 577 2315 651 mysterii
2367 576 2567 633 Christi
2627 572 3025 643 quodammodo
3083 572 3244 628 nobis
3301 571 3633 632 describens.

2062 686 2278 727 rursum
2311 668 2525 739 inquit:
2570 685 2590 720 ι
2627 665 2844 722 Christo
2875 664 3119 719 conﬁxus
3161 678 3280 719 sum
3311 663 3478 717 cruci.
3509 660 3640 714 Vivo

2060 773 2244 816 autem
2269 760 2378 829 jam
2411 776 2513 814 non
2541 774 2660 828 ego.
2694 760 2828 812 vivit
2848 772 2977 811 vero
3000 757 3052 810 in
3086 770 3170 810 tne
3193 753 3461 809 Christus.
3488 753 3636 817 Quod

2062 861 2243 905 autem
2287 865 2430 905 nunc
2475 849 2595 902 vivo
2640 848 2693 901 iu
2733 862 2918 910 carne,
2950 846 3003 899 in
3047 846 3151 899 ﬁde
3193 845 3316 898 vivo
3361 844 3480 897 Filii
3525 841 3637 901 Dei,

2064 944 2155 1012 qui
2190 942 2379 997 dilexit
2408 957 2493 995 me
2524 948 2578 994 et
2612 939 2835 993 tradidit
2865 937 3216 1005 semetipsum
3261 951 3359 1004 pro
3391 949 3494 987 me.
3524 932 3638 985 Non

2064 1035 2260 1101 abjicio
2312 1033 2540 1104 gratiam
2581 1032 2672 1086 Dei
2722 1032 2787 1086 “.
2823 1050 2842 1078 ι
2890 1030 2975 1083 Ait
3025 1029 3208 1100 igitur,
3268 1047 3286 1079 ι
3320 1028 3491 1081 Erunt
3535 1027 3642 1079 Deo

2065 1125 2374 1189 oﬂ'erentes,
2396 1144 2416 1176 ι
2458 1126 2562 1179 hoc
2587 1131 2673 1178 est
2697 1123 2815 1191 ejus
2858 1120 3123 1175 voluntati
3159 1117 3642 1173 consecrabantur.

2066 1218 2179 1271 Non
2222 1226 2433 1271 terrena
2480 1216 2756 1284 sapientes
2793 1212 2870 1279 ";
2908 1226 3013 1265 non
3050 1225 3118 1265 ex
3156 1207 3435 1277 iniquitate
3464 1206 3639 1275 inqui-

2065 1319 2320 1365 nameuta
2377 1308 2701 1377 diligentes,
2776 1321 2882 1358 nou
2947 1302 3272 1372 quibusdam
3334 1298 3644 1367 praecellere

2066 1402 2403 1463 allectautes,
2435 1401 2529 1454 sed
2563 1396 2833 1454 sacriﬁcia
2866 1396 3045 1466 potius
3079 1394 3303 1464 iustitiae
3329 1392 3640 1447 oﬂ'erentcs.

2066 1495 2143 1549 Ac
2162 1495 2288 1548 mihi
2310 1492 2527 1564 quidem
2544 1490 2945 1561 sapientissime
2958 1488 3157 1543 Paulus
3172 1487 3375 1541 dixisse
3392 1486 3608 1539 videtur
3627 1502 3641 1536 :

2074 1606 2093 1638 ι
2124 1586 2408 1641 Translato
2460 1586 2603 1638 enim
2654 1582 2991 1645 sacerdotio,
3050 1579 3363 1636 necessario
3410 1590 3466 1633 et
3518 1578 3648 1646 legis

2071 1677 2353 1734 translatio
2376 1674 2523 1730 ﬁt“.
2562 1694 2581 1727 ι
2610 1673 2743 1728 Nam
2778 1674 2868 1743 qui
2894 1673 2947 1726 in
2979 1671 3203 1726 Christo
3227 1670 3405 1725 vocati
3438 1684 3645 1734 sumus.

2069 1768 2317 1839 quamvis
2357 1766 2681 1823 sacriﬁcium
2726 1779 2823 1834 per
2858 1763 3174 1833 sanguinem
3210 1772 3264 1816 et
3295 1760 3498 1815 fumum
3542 1777 3645 1811 nutt

2070 1861 2443 1923 admittamus,
2480 1856 2647 1929 85E.
2677 1872 2772 1910 nec
2809 1870 2975 1920 agnos
3001 1864 3095 1907 aut
3131 1855 3311 1908 hircos
3333 1850 3647 1911 oll‘eramus.

2072 1962 2251 2008 tamen
2285 1952 2337 2007 in
2373 1951 2611 2005 Ecclesia
2636 1948 2925 2009 sacriﬁcio.
2952 1950 3097 2016 quod
3120 1947 3173 2000 in
3204 1944 3424 2002 Christo
3453 1942 3649 1997 intelli-

2071 2048 2235 2118 gitur,
2272 2053 2463 2099 sancto
2485 2052 2540 2098 et
2565 2041 2831 2111 spirituali
2864 2040 3162 2110 fringimur,
3195 2048 3252 2093 et
3288 2039 3461 2107 ipsum
3496 2036 3650 2091 nobis

2072 2138 2140 2193 ad
2201 2135 2685 2190 sauctiﬁcationem
2743 2142 2799 2187 et
2864 2132 2933 2185 ad
2996 2129 3462 2201 participationem
3527 2127 3651 2181 vitae

2072 2237 2289 2283 eterna:
2333 2236 2716 2295 proponeutes,
2750 2224 2900 2278 velut
2930 2232 3193 2292 prestans
3228 2221 3497 2291 quoddam
3534 2222 3657 2290 thy-

2074 2318 2273 2374 miama
2318 2319 2582 2372 bonorum
2628 2329 2852 2382 operum
2898 2313 3225 2381 fragrantias
3250 2310 3546 2367 otl‘erimus.
3588 2309 3656 2363 Et

2069 2409 2342 2481 juStitism
2369 2408 2417 2462 ei
2447 2406 2841 2469 sacriﬁcantes,
2878 2419 2977 2459 nos
3007 2412 3260 2472 acceptos
3292 2401 3412 2457 fore
3438 2401 3655 2456 conﬁdi-

2076 2516 2218 2555 mus.
2258 2498 2531 2567 Scriptum
2566 2507 2647 2552 est
2685 2499 2830 2552 enim
2873 2516 2888 2553 :
2943 2516 2962 2549 ι
3008 2495 3224 2551 Honora
3270 2497 3551 2550 Dominum
3590 2497 3655 2548 de

2078 2592 2187 2649 tuis
2243 2591 2406 2660 justis
2456 2590 2755 2657 laboribus,
2802 2598 2857 2644 et
2896 2588 3165 2659 primitias
3223 2590 3289 2643 da
3344 2589 3394 2643 ei
3437 2588 3506 2643 de
3553 2590 3658 2641 tuis

2080 2685 2349 2740 fructibus
2380 2682 2609 2750 iustitiae
2641 2682 2707 2736 ".
2744 2700 2764 2733 ι
2798 2681 2855 2735 1η
2903 2680 3067 2736 nullis
3099 2680 3265 2745 enim,
3294 2679 3507 2749 opinor,
3538 2679 3658 2733 aliis

2080 2793 2240 2842 quam
2263 2778 2315 2831 in
2335 2778 2453 2830 istis
2471 2774 2758 2831 sacriﬁciis
2779 2773 3151 2828 universorum
3176 2771 3317 2827 Deus
3338 2772 3655 2841 acquiescit.

2083 2870 2265 2937 Quare
2297 2868 2364 2922 de
2398 2870 2482 2922 his
2521 2867 2613 2934 qui
2644 2866 2697 2920 in
2729 2864 2950 2921 Christo
2976 2864 3042 2918 ad
3081 2865 3447 2920 sacerdotium
3483 2865 3658 2918 vocati

2084 2970 2231 3027 sunt,
2256 2960 2505 3016 meliores
2524 2959 2639 3014 fore
2660 2961 2736 3012 ait
2754 2957 3024 3024 prioribus
3042 2975 3059 3023 ;
3080 2973 3187 3012 non
3210 2972 3339 3011 oves
3362 2966 3661 3012 mactautes

2086 3063 2144 3107 ut
2185 3052 2288 3114 illi,
2318 3067 2418 3107 nec
2464 3051 2640 3108 altare
2682 3049 3117 3107 contaminantes
3165 3048 3436 3104 oblatione
3463 3064 3660 3119 panum

406 3128 487 3189 εἰς
513 3127 844 3198 ἱερουργίαν,
871 3128 945 3193 ὼς
976 3129 1230 3200 ἀμείνους
1260 3130 1468 3187 ἔσονται
1502 3133 1611 3186 τῶν
1639 3133 1891 3205 πρώτων,
1919 3134 1980 3187 οὐ

2088 3146 2445 3216 pollutarum;
2495 3145 2589 3201 sed
2632 3154 2693 3199 ut
2744 3159 2842 3214 pro
2872 3143 3241 3213 thymiamatis
3287 3142 3401 3198 sive
3430 3142 3664 3197 incensis

412 3216 889 3289 μηλοσφαγοῦντες
919 3222 1320 3288 κατ’ὲκείνους,
1341 3223 1463 3277 οῦτε
1497 3224 1601 3296 μὴν
1627 3224 1981 3297 βεδηλοῦντες

2089 3240 2199 3294 Deo
2233 3237 2500 3305 justitiam
2547 3244 2602 3292 et
2632 3235 2963 3307 evangelica:
3016 3232 3487 3297 conversationis,
3543 3246 3664 3300 quae

407 3310 469 3363 τὸ
503 3310 883 3382 θυσιαστήριον
918 3312 1006 3364 διά
1034 3312 1093 3366 τὸ
1132 3313 1428 3383 προσάγειν
1462 3314 1656 3385 ἄρτους
1686 3315 1986 3386 ηλισγημέ-

410 3417 533 3465 νους
552 3416 568 3430 ·
616 3400 732 3455 ἀλλ’
760 3402 835 3466 ῶς
863 3403 921 3455 ὲν
946 3404 1098 3469 τάξει
1125 3403 1486 3475 θυμιαμάτων
1527 3406 1985 3477 προσκομίζοντες

409 3491 487 3562 τῷ
517 3491 634 3563 Θεῷ
684 3493 773 3564 τὴν
802 3492 1147 3563 δικαιοσύνην
1179 3496 1272 3547 καὶ
1304 3495 1401 3565 τῆς
1432 3498 1792 3568 εὐαγγελικῆς
1837 3498 1987 3552 πολι-

410 3583 558 3647 τείας
582 3584 682 3656 τὴν
708 3584 904 3655 νοητὴν
936 3585 1251 3655 εὐκοσμίαν.
1284 3587 1699 3658 Εὐπαράδεκτον
1730 3589 1787 3642 δὲ
1815 3589 1987 3655 οὕτως

412 3676 783 3730 ὲπιτελέσουσι
817 3678 915 3750 τὴν
945 3677 1223 3749 λατρείαν,
1263 3680 1340 3744 ῶς
1371 3680 1511 3733 κατά
1557 3682 1762 3752 μηδένα
1790 3684 1989 3755 τρόπον

412 3763 656 3819 ἀπωθεῖν
683 3766 853 3837 αὐτὴν
880 3767 990 3820 τῶν
1019 3768 1344 3837 πρεπουσῶν
1374 3768 1572 3823 θυσιῶν
1604 3774 1725 3835 ταῖς
1752 3773 1991 3845 ἡμέραις

411 3859 509 3913 τοῦ
535 3860 747 3927 αίῶνος,
776 3862 1072 3926 τουτέστιν,
1105 3865 1173 3934 τῇ
1201 3862 1312 3935 ζωῇ
1341 3863 1448 3917 τῶν
1473 3866 1531 3916 έν
1548 3866 1795 3937 οὐρανοῖς
1820 3867 1992 3936 ἀγίων

416 3951 764 4022 πνευμάτων,
786 3952 834 4006 οἳ
856 3953 1123 4024 διηνεκεῖς
1141 3955 1235 4008 καὶ
1252 3955 1470 4026 μακρὰς
1496 3956 1990 4030 τρίϐουσιήμέρας,

416 4044 535 4114 ἦτοι
566 4045 809 4115 χρόνους.
844 4042 1246 4116 Περισσοῦσθαῖι
1268 4047 1323 4101 δὲ
1348 4049 1590 4112 καὶτοὺς
1622 4050 1847 4121 χρόνους
1865 4053 1995 4116 τοὺς

424 4137 751 4208 ἔμπροσθεν,
802 4139 1067 4204 τουτέστι,
1120 4140 1219 4205 τὰς
1266 4140 1375 4194 τῶν
1420 4143 1590 4210 ἁγίων
1641 4143 1996 4215 λατρείας,αῖ

429 4229 571 4285 κατά
601 4231 823 4303 χρόνους
851 4232 1106 4301 γεγόνασι
1137 4233 1262 4297 τοὺς
1298 4233 1626 4305 ἔμπροσθεν.
1664 4236 1858 4307 Γέγονε
1887 4238 1997 4309 γὰρ

429 4324 486 4374 ὲν
539 4321 751 4394 ὑπακοῇ
804 4324 915 4387 τοῖς
961 4323 1333 4395 ἀρχαιοτέροις
1386 4326 1750 4398 εύδοκίμησις.
1812 4328 1999 4391 Οὕτως

434 4410 685 4483 Ἀϐραὰμ
714 4411 1077 4483 προσεκόμιξε
1115 4414 1208 4467 τὸν
1244 4415 1359 4467 υίδν
1384 4415 1462 4487 τῷ
1492 4414 1630 4487 Θεῷ,
1677 4435 1696 4469 ι
1743 4418 1854 4472 Καὶ
1888 4417 2000 4471 ἐλο-

2087 3329 2307 3397 intelligi
2339 3329 2511 3392 magis
2540 3343 2702 3398 quam
2728 3328 2899 3383 oculis
2920 3326 3068 3382 cerui
3095 3335 3295 3392 potest.
3328 3323 3665 3378 moderatio-

2087 3437 2210 3476 nem
2243 3420 2552 3475 oﬂ'erentcs.
2584 3419 2697 3486 Qua
2734 3419 2953 3489 quidem
2990 3419 3199 3474 ratione
3242 3417 3449 3472 cultum
3495 3428 3657 3468 accc»

2087 3513 2343 3583 ptabilem
2374 3511 2630 3576 eﬁicient,
2674 3521 2733 3565 ut
2761 3511 2910 3565 nullo
2938 3510 3101 3566 modo
3124 3510 3290 3566 distet
3318 3523 3348 3563 a
3376 3506 3682 3563 sacriﬁciis

2088 3620 2211 3674 qua:
2246 3605 2439 3660 decent
2471 3604 2589 3659 dies
2628 3603 2833 3666 saeculi,
2875 3604 2979 3658 hoc
3007 3611 3109 3669 est,
3142 3616 3171 3656 ιι
3210 3601 3321 3656 vita
3364 3600 3685 3656 coalestium.

2088 3705 2509 3764 sanctorumque
2545 3693 2857 3762 spirituum,
2908 3693 2999 3761 qui
3050 3700 3347 3761 perpetuos
3380 3700 3443 3745 ett
3479 3688 3685 3758 longos.

2090 3787 2209 3841 dies
2244 3785 2361 3842 sive
2401 3795 2641 3855 tempora
2684 3784 2909 3855 degunt.
2948 3784 3208 3839 Reditura
3251 3783 3379 3838 item
3427 3789 3687 3847 tempora-

2090 3894 2211 3950 quae
2237 3877 2438 3933 fuerint
2470 3886 2598 3931 ante
2628 3874 2769 3941 illos,
2796 3877 2901 3931 hoc
2929 3884 3034 3939 est,
3059 3876 3241 3930 cultus
3263 3888 3329 3929 ac
3353 3872 3668 3942 religionem

2093 3985 2125 4025 a
2176 3968 2381 4023 sanctis
2430 3966 2560 4021 olim
2619 3965 2732 4021 Deo
2777 3965 3100 4021 exbibitam.
3152 3964 3462 4019 Priscorum
3524 3964 3691 4017 enim-

2096 4058 2265 4129 gloria
2303 4066 2358 4112 et
2389 4056 2676 4112 celebritas
2707 4055 2808 4109 t‘uit
2842 4056 2900 4109 in
2921 4052 3373 4110 obedientia..Sic
3396 4052 3670 4107 Abraham

2095 4148 2291 4205 obtulit
2339 4148 2505 4203 lilium
2556 4148 2687 4214 Deo,
2726 4165 2746 4201 ι
2783 4146 2850 4201 Et
2898 4156 3148 4217 reputata
3188 4154 3273 4200 est
3317 4145 3368 4200 ei
3422 4144 3556 4198 ﬁdes
3605 4142 3696 4197 ad.

2086 4240 2358 4310 justitiam
2397 4240 2465 4306 '°,
2496 4257 2517 4293 ι
2550 4250 2605 4295 ει
2643 4240 2852 4295 amicus
2886 4238 2981 4293 Dei
3016 4236 3317 4307 appellatus
3345 4243 3449 4290 est.
3484 4234 3574 4290 Sic
3621 4244 3687 4288 et

2098 4331 2213 4386 Noe
2244 4346 2425 4386 arcam
2474 4330 2763 4386 fabricavit
2798 4332 2864 4386 ad
2912 4329 3153 4385 salutem
3195 4331 3387 4384 domus
3435 4342 3568 4391 suas,
3617 4340 3687 4380 ιιι·

2101 4420 2324 4476 Litteris
2365 4422 2636 4491 proditum
2677 4429 2763 4477 est
2791 4422 2858 4478 ⁷⁸.
2901 4441 2920 4473 ι
2949 4420 3134 4488 Itaque
3180 4419 3435 4489 placebit,
3479 4418 3674 4486 inquit.

422 4502 583 4573 γίσθη
613 4502 762 4575 αὐτῷ
793 4506 827 4575 ἡ
869 4504 1051 4569 πίστις
1091 4507 1170 4569 είς
1210 4506 1580 4578 δικαιοσύνην,
1634 4526 1655 4559 ι
1706 4508 1800 4563 καὶ
1844 4509 1997 4578 φίλος

2099 4512 2429 4567 sacriﬁcium
2454 4510 2613 4580 Iuda,
2652 4514 2751 4567 hoc
2776 4519 2883 4575 est.
2918 4510 3101 4582 populi
3144 4511 3195 4564 in
3220 4510 3383 4565 corde
3402 4517 3457 4563 et
3481 4506 3674 4577 spiritu

425 4595 626 4668 ἐκλήθη
657 4595 813 4652 Θεοῦ.
849 4596 1005 4649 Οὕτω
1051 4596 1146 4651 καὶ
1194 4597 1319 4651 Νῶε
1368 4598 1738 4653 κατεσκεύασε
1776 4601 1876 4671 τὴν
1913 4618 1996 4655 κι-

426 4689 597 4742 ϐωτὸν
638 4690 719 4751 είς
748 4690 1020 4763 σωτηρίαν
1045 4688 1138 4743 τοῦ
1169 4688 1318 4742 οίκου
1354 4688 1540 4756 αὐτοῦ,
1566 4688 1750 4754 καθὼς
1791 4691 1997 4760 γέγρα-

428 4800 577 4837 πται.
619 4804 637 4835 ι
686 4783 895 4838 Οὐκοῦν
922 4785 1133 4855 ἀρέσει,
1161 4784 1344 4854 φησὶν,
1369 4785 1401 4853 ἡ
1431 4782 1589 4835 θυσία
1614 4782 1707 4836 τοῦ
1742 4783 1932 4846 Ἰούδα,
1972 4802 1991 4836 ι

428 4874 695 4938 τουτέστι,
738 4874 832 4927 τοῦ
872 4874 1001 4929 λαοῦ
1039 4874 1140 4947 τὴν
1169 4875 1227 4927 ὲν
1262 4872 1458 4945 καρδίᾳ
1496 4872 1589 4926 καὶ
1635 4873 1692 4925 ὲν
1728 4872 1999 4943 πνεύματι

434 4968 734 5037 περιτομὴν
758 4967 1167 5037 περιφέροντος,
1192 4964 1286 5019 καὶ
1318 4966 1499 5036 μέντοι
1517 4964 1617 5035 τῆς
1649 4964 2004 5036 Ἰερουσαλὴμ

430 5058 524 5127 τῆξ
553 5060 769 5129 νοητῆς,
804 5058 1047 5113 τουτέστι
1077 5058 1175 5129 τῆς
1225 5055 1549 5127 Ἐκκλησίας
1569 5072 1584 5088 °
1627 5054 1812 5119 καθὼς
1847 5058 1942 5109 καὶ¹
1968 5057 2002 5127 ἡ

433 5148 541 5203 τῶν
567 5152 798 5221 ἐχόντων
829 5150 925 5214 τάς
948 5150 1160 5222 ἡμέρας
1187 5148 1278 5203 τοῦ
1307 5148 1519 5213 αἰῶνος,
1556 5147 1649 5201 καὶ
1672 5149 1705 5219 ὴ
1733 5147 1842 5200 τῶν
1863 5148 2004 5202 κατά

2099 4604 2567 4661 circumcisionem
2591 4604 3115 4671 circunit'erentis";
3135 4604 3264 4671 quin
3281 4612 3334 4657 et
3352 4600 3672 4662 Jerusalem,

2098 4713 2262 4767 quam
2303 4712 2454 4751 mens
2505 4697 2762 4763 intuetur,
2823 4697 2875 4751 id
2923 4705 3010 4751 est
3064 4694 3320 4749 Ecclesiae
3370 4714 3383 4748 ε
3436 4692 3577 4747 sicut
3624 4700 3677 4743 ct

2098 4790 2422 4845 sacriﬁcium
2462 4790 2851 4856 possidentium
2880 4791 2997 4845 dies
3024 4789 3204 4845 saeculi
3224 4827 3242 4853 ,
3277 4796 3331 4842 et
3361 4797 3672 4841 sanctorum

2106 4882 2196 4950 qui
2229 4880 2599 4949 superioribus
2641 4882 2896 4935 a2tatibus
2922 4881 2974 4934 in
3021 4881 3131 4933 vita
3180 4878 3419 4942 fuerunt,
3456 4875 3547 4944 qui
3582 4888 3678 4943 per

2107 4971 2468 5025 obedientiam
2489 4981 2543 5026 et
2570 4971 2727 5026 ﬁdem
2759 4970 2873 5025 Deo
2902 4972 3242 5039 placuerunt.
3272 4968 3563 5021 Enumerat
3581 4979 3677 5018 eos

2108 5076 2322 5130 quoque
2346 5062 2561 5116 divinus
2591 5061 2788 5116 Paulus
2812 5062 2864 5115 in
2891 5060 3127 5126 Epistula
3160 5060 3227 5114 ad
3267 5056 3546 5122 Hebraeos,
3575 5054 3679 5109 ﬁde

2111 5152 2650 5218 ntultosjustiﬁcatos
2679 5166 2800 5207 esse
2826 5153 3123 5208 testiﬁcaris
3148 5150 3212 5204 ⁷³.

435 5245 558 5309 τοὺς
590 5244 896 5315 ἔμπροσθεν
963 5243 1183 5314 χρόνους
1245 5241 1547 5312 γεγονότων
1585 5240 1775 5308 ἁγίων,
1821 5241 1870 5295 οἳ
1939 5242 2196 5310 γεγόνασι
2240 5245 2524 5317 εὐάρεστοι
2577 5244 2645 5299 δι’
2693 5246 2941 5318 ὑπακοῆς
2974 5246 3067 5299 καὶ
3136 5245 3392 5305 πίστεως.
3459 5242 3696 5311 ’Λπαρι-τκ

438 5339 652 5409 θμεῖται
692 5337 750 5390 δὲ
792 5338 889 5391 καὶ
931 5335 1152 5399 τούτους
1196 5338 1224 5390 6
1270 5333 1551 5398 θεσπέσιος
1592 5332 1803 5396 Παῦλος
1848 5334 1906 5387 ὲν
1933 5337 2001 5407 τῇ
2040 5336 2175 5406 πρὸς
2213 5337 2495 5410 Ἐϐραίους
2533 5338 2844 5410 Ἐπιστολῇ,
2910 5337 3091 5393 πίστει
3146 5336 3317 5390 λέγων
3341 5332 3678 5388 δικαιοῦσθαι

441 5430 665 5492 πολλούς

511 5518 621 5575 Καὶ
650 5520 931 5587 ,τροσάξω
963 5520 1110 5589 πρὸς
1140 5518 1292 5587 ὑμᾶς
1330 5518 1399 5571 ἐν
1423 5519 1637 5587 κρίσει,
1669 5520 1766 5573 καὶ
1796 5518 2009 5588 ἔσομαι

540 5721 558 5744 ι
589 5716 765 5770 (Luat.
793 5735 850 5779 ιι,
890 5716 1066 5778 ιθβι.
1144 5717 1205 5787 '1
1224 5716 1452 5787 Philipp.
1484 5734 1564 5782 ιιι,
1597 5717 1679 5771 19.

444 5787 487 5819 "
522 5789 656 5843 Gen.
706 5789 760 5854 6,
798 5791 814 5842 ι
878 5804 1029 5856 sum.
1105 5788 1149 5819 τ’
1181 5786 1335 5842 Hom.
1375 5786 1428 5841 ιι.
1471 5788 1561 5842 ‘29.

1760 5718 1802 5747 ⁸⁸
1838 5715 1997 5770 llrhr.
2027 5733 2117 5775 vn.
2158 5717 2237 5771 l2.

1638 5788 1681 5819 ⁷³
1719 5786 1880 5842 Hebr.
1925 5804 1997 5853 xl,
2036 5788 2081 5852 l,
2115 5787 2200 5841 40.

2189 5519 2351 5575 Vens.
2499 5520 2567 5574 Et
2612 5520 2857 5575 accedam
2902 5520 2970 5573 ad
3006 5536 3092 5574 vos
3142 5520 3195 5571 in
3229 5518 3459 5587 juatcw,
3504 5527 3551 5569 et
3590 5532 3680 5570 cro

2343 5720 2386 5749 ⁶τ³
2414 5715 2573 5772 Prov.
2608 5731 2689 5781 tu,
2722 5717 2772 5772 9.
2854 5718 2895 5748 7°
2925 5716 3061 5773 Gen.
3096 5731 3181 5782 xv,
3209 5714 3277 5783 6;
3307 5713 3482 5769 Galat.
3519 5730 3593 5780 ιιι,
3626 5713 3680 5767 ii.
