4120 6376
475 416 598 477 τσο

1516 419 1575 474 S.
1615 413 1891 474 CYBILIJ
1928 411 2401 469 ALEXANDRINI
2439 407 2766 465 ABCl‘llEP.

3617 395 3750 452 ’340

493 539 640 594 testis
667 537 816 595 velox
835 553 991 608 super
1011 540 1269 608 veneﬁcis,
1290 549 1337 594 et
1363 555 1517 604 super
1539 538 1828 603 adulteras,
1849 543 1900 589 et
1916 548 2058 600 super

2168 530 2402 601 μάρτυς
2444 527 2632 598 ταχὺς
2673 523 2776 579 ἐπὶ
2822 521 2928 588 τὰς
2956 517 3329 591 φαρμακοὺς,
3379 515 3475 608 καλ
3507 514 3610 608 sui,
3643 513 3750 608 τὰς

489 646 579 684 eos
609 631 700 701 qui
721 630 909 700 juraut
931 631 984 684 in
1020 632 1225 685 nomine
1251 646 1362 684 meo
1399 630 1456 684 in
1493 627 1786 689 mendacio,
1829 636 1877 680 et
1910 637 2068 693 super

490 739 576 775 eos
621 724 714 792 qui
757 725 959 790 privent
994 725 1227 777 mercede
1255 723 1656 786 mercenarium,
1695 728 1743 776 et
1773 717 1864 788 qui
1891 715 2069 787 oppri-

492 825 637 868 munt
671 832 765 883 per
793 819 1055 885 potentias
1091 818 1320 880 viduam,
1353 827 1401 872 et
1439 818 1529 888 qui
1569 832 1743 887 pugno
1767 815 2066 886 percutiunt

488 908 738 975 pupillos,
775 921 823 964 et
853 913 942 980 qui
978 921 1272 980 pervertunt
1311 912 1576 982 judicium
1615 910 1851 970 aduente,
1899 906 2065 980 855

485 1008 536 1052 et
558 1001 648 1070 qui
671 1017 774 1055 non
795 1003 974 1056 timent
999 1019 1099 1070 me,
1125 1004 1250 1057 dicit
1278 1003 1530 1059 Dominus
1554 1003 1898 1071 omnipotens.

467 1217 470 1220 .
559 1175 803 1233 XXXVI.
839 1175 906 1234 Et
944 1179 1059 1235 haec
1105 1179 1490 1235 convenienter
1529 1194 1698 1250 scopo
1743 1191 1924 1232 rerum
1977 1175 2066 1232 di-

480 1279 708 1325 cuntur.
728 1270 822 1327 Sic
849 1271 992 1326 enim
1030 1271 1392 1341 loquebantur
1426 1271 1737 1338 ignorantes
1762 1267 2020 1324 Israelita:
2045 1283 2060 1322 :

491 1381 512 1413 e
542 1361 734 1418 Omnis
779 1365 868 1433 qui
909 1363 1038 1418 facit
1070 1364 1300 1426 malum,
1334 1365 1531 1419 bonum
1565 1373 1648 1418 est
1693 1376 1877 1418 coram
1921 1361 2062 1430 ipso,

485 1464 540 1508 et
581 1456 632 1510 in
679 1457 810 1526 ipsis
857 1457 972 1528 ipse
1004 1457 1329 1526 complacuit
1382 1457 1506 1512 sibi.
1553 1456 1620 1510 Et
1657 1455 1744 1511 ubi
1792 1466 1880 1509 est
1919 1453 2064 1508 Deus

481 1547 706 1614 justitias
729 1549 812 1601 "‘l
836 1568 859 1600 ι
887 1549 1017 1616 Quae
1044 1550 1260 1604 occasio
1289 1548 1450 1616 hujus
1497 1547 1650 1602 verbi
1683 1556 1790 1602 tam
1822 1545 2060 1616 protervi

486 1638 671 1703 fuerit,
693 1640 802 1710 jam
837 1641 1226 1711 explicavimus
1257 1659 1270 1695 :
1303 1641 1653 1694 nihilominus
1681 1640 1858 1693 denuo
1891 1636 2064 1706 expli-

483 1731 751 1785 cabimus.
781 1731 916 1785 Cum
942 1732 1253 1785 sacerdotes
1283 1729 1501 1798 quidam
1531 1740 1584 1784 et
1617 1727 1708 1797 qui
1737 1726 2064 1782 claritudine

484 1824 748 1877 honorum
796 1823 1029 1895 fastigiis
1072 1839 1233 1888 supra
1263 1823 1397 1878 alios
1433 1821 1768 1886 eminebant,
1807 1821 2062 1876 licentius

2160 618 2542 691 μοιχαλίδας,
2575 616 2677 671 καὶ
2712 613 2812 668 ἐπὶ
2842 613 2986 679 τοὺς
3015 611 3351 680 ὀμνύοντας
3390 605 3472 672 τῷ
3503 604 3750 675 ὀνόματι

2159 731 2280 785 μου
2311 711 2412 765 ἐπὶ
2439 708 2669 780 ψεύδει,
2704 706 2802 762 καὶ
2825 705 2925 761 ἐπὶ
2965 703 3109 770 τοὺς
3138 698 3628 768 ἀποστεροῦντας
3653 714 3750 766 μι-

2161 803 2323 859 σθὸν
2369 799 2678 873 μισθωτοῦ
2697 841 2713 868 ,
2764 798 2866 854 καὶ
2915 794 3068 861 τοὺς
3113 791 3749 854 καταδυναστεύοντας

2165 897 2389 968 χήραν,
2429 893 2527 948 καὶ
2570 892 2716 959 τοὺς
2764 887 3228 951 κονδυλίζοντας
3275 882 3599 952 ὀρφανοὺς,
3647 881 3750 934 καὶ

2164 990 2308 1054 τοὺς
2335 987 2737 1050 ἐκκλίνοντας
2762 983 2968 1052 κρίσιν
3004 979 3416 1049 προσηλύτου,
3459 975 3559 1034 καὶ
3602 973 3748 1039 τοὺς

2159 1080 2247 1151 μὴ
2292 1080 2702 1149 φοϐουμένους
2727 1093 2824 1146 με,
2857 1073 3023 1145 λέγει
3058 1072 3276 1140 Κύριος
3301 1065 3744 1134 παντοκράτωρ.

2236 1174 2376 1242 ΜΤ.
2425 1171 2585 1227 Κατὰ
2617 1170 2822 1225 σκοπὸν
2871 1167 2982 1222 τῶν
3021 1165 3368 1239 πραγμάτων
3419 1161 3634 1234 πρόεισι
3677 1159 3747 1231 δὴ

2164 1265 2329 1320 πάλιν
2350 1265 2443 1318 καὶ
2467 1267 2526 1318 ἐν
2554 1263 2765 1327 τούτοις
2785 1263 2919 1333 ἡμῖν
2949 1262 2979 1314 6
2997 1258 3175 1328 λόγος.
3203 1257 3483 1320 Ἔφασκον
3511 1253 3610 1325 μὲν
3638 1252 3747 1322 γὰρ

2161 1355 2562 1426 ἀμαθαίνοντες
2597 1355 2648 1409 οἱ
2691 1354 2751 1421 ἐξ
2792 1353 3028 1424 Ἰσραήλ’
3064 1372 3084 1403 ι
3122 1351 3240 1414 Πᾶς
3289 1349 3458 1401 ποιῶν
3487 1345 3744 1417 πονηρὸν,

2165 1449 2260 1502 καὶ
2286 1448 2451 1503 καλὸν
2483 1450 2714 1502 ἐνώπιον
2737 1445 2924 1508 αὐτοῦ,
2956 1447 3052 1499 καὶ
3095 1445 3154 1498 ὲν
3197 1444 3382 1505 αὐτοῖς
3409 1440 3570 1503 αὐτὸς
3592 1439 3749 1509 ηὐδό-

2164 1558 2324 1613 κησε.
2359 1541 2471 1595 Καὶ
2503 1539 2604 1594 ποῦ
2645 1539 2792 1592 ἔστιν
2821 1541 2850 1593 6
2876 1537 3010 1600 Θεὸς
3056 1536 3158 1605 τῆς
3188 1532 3569 1602 δικαιοσύνης;
3595 1549 3614 1580 ι
3637 1530 3746 1583 Καὶ

2163 1634 2318 1705 τίςή
2372 1633 2648 1704 πρόφασις
2705 1632 2806 1702 τῆς
2871 1631 3015 1684 οὕτω
3083 1629 3264 1699 δεινῆς
3324 1624 3743 1697 ἀθυροστομίας,

2163 1729 2382 1800 εἴρηται
2417 1727 2516 1798 μὲν
2543 1726 2667 1798 ἠδη·
2699 1725 2841 1796 πλὴν
2869 1724 3150 1794 εἰρήσεται
3175 1720 3355 1776 πάλιν.
3392 1717 3608 1789 Ἐπειδὴ
3638 1718 3747 1787 γὰρ

2165 1821 2493 1892 ἀφυλάκτως
2521 1819 2665 1882 τινὲς
2689 1818 2798 1872 τῶν
2828 1815 3149 1888 ἱερουργῶν,
3184 1814 3280 1868 καὶ
3312 1812 3494 1883 μέντοι
3524 1809 3634 1864 τῶν
3655 1809 3748 1863 άλ-

482 1915 550 1970 ad
590 1930 751 1972 omne
790 1931 960 1988 genus
1008 1917 1384 1987 perversitatis
1424 1927 1480 1970 et
1519 1915 1757 1970 audacia:
1806 1929 1926 1969 sese
1960 1914 2058 1969 da-

2165 1890 2293 1975 λων,
2327 1912 2376 1965 οἳ
2426 1908 2838 1978 διαφανέστεροί
2894 1925 2953 1959 τε
2987 1902 3129 1977 ἦσαν
3155 1905 3252 1958 καὶ
3292 1905 3413 1966 ταῖς
3446 1900 3747 1962 ἀνωτάταις

483 2018 633 2070 rent.
679 2018 736 2064 et
768 2010 1046 2066 videretur
1093 2010 1232 2066 Deus
1273 2010 1390 2079 plus
1429 2024 1586 2078 aequo
1619 2023 1746 2077 erga
1795 2008 1916 2063 illos
1965 2024 2062 2078 pa-

481 2103 624 2158 tiens
667 2101 773 2174 (est
805 2105 950 2158 enim
989 2105 1183 2165 bonus,
1225 2105 1486 2168 clemens,
1529 2110 1584 2156 et
1630 2101 1786 2166 lenis,
1816 2109 1872 2157 et
1913 2099 2065 2155 beni-

482 2192 678 2263 gnus),
731 2195 851 2248 ideo
897 2195 1120 2262 quidam
1171 2209 1399 2249 summa:
1450 2191 1844 2262 desperationis
1896 2195 2061 2247 verba

480 2280 818 2337 elhttiebant.
843 2282 1113 2338 Caeterum
1152 2284 1442 2353 aliquando
1481 2285 1793 2338 sacerdotes
1830 2282 1945 2337 fore
1981 2283 2064 2336 in.

485 2373 780 2441 to-griores,
816 2368 1215 2431 transmutante
1263 2392 1356 2432 eos
1394 2377 1610 2431 Christo
1659 2377 1712 2430 in
1765 2377 2061 2432 novitatem

483 2467 630 2532 vino,
660 2475 717 2520 et
748 2467 817 2520 ad
862 2467 1208 2538 disciplinam
1252 2469 1534 2524 honestam
1579 2479 1632 2524 et
1661 2471 1727 2523 ad
1775 2484 1955 2525 mores
1984 2471 2065 2522 vi-

484 2563 704 2623 tamque
746 2555 1070 2612 laudabilem
1111 2557 1496 2622 transferente,
1541 2558 1777 2613 dilucide
1820 2573 2064 2613 comme-

483 2655 680 2703 morat.
708 2646 960 2702 Asseclas
1001 2658 1182 2702 autem
1217 2649 1474 2718 nequitia
1510 2660 1636 2704 tunc
1671 2664 1774 2702 non
1817 2659 2064 2718 receptu-

483 2753 632 2803 rum,
678 2753 778 2792 nec
826 2738 1073 2796 laudibus
1119 2741 1493 2809 dignaturum,
1528 2753 1623 2796 aut
1661 2756 1850 2796 eorum
1891 2741 2062 2795 ratio-

481 2843 604 2880 nem
649 2829 953 2884 habiturum
983 2849 1000 2885 :
1028 2831 1156 2900 quin
1195 2830 1561 2901 judicaturum
1604 2834 1802 2904 potius,
1847 2843 1906 2888 et
1940 2835 2064 2888 vita:

480 2935 761 2991 perperam
807 2933 946 2978 actae
1004 2937 1191 2992 pmnas
1247 2934 1601 2988 exacturum,
1652 2923 1893 2980 declarat
1939 2939 2062 2979 cum

478 3012 614 3068 dicit
639 3031 654 3044 ν
687 3031 710 3067 ι
738 3013 807 3070 Et
835 3019 1090 3070 accedam
1122 3015 1188 3069 ad
1238 3030 1332 3070 vos
1388 3015 1441 3070 in
1485 3015 1711 3086 judicio,
1740 3034 1759 3068 ι
1797 3016 1902 3070 hoc
1945 3025 2060 3082 est,

472 3103 637 3174 judex
665 3106 942 3172 accedam,
981 3124 1000 3158 ι
1033 3107 1100 3162 Ει
1132 3122 1233 3163 ero
1263 3107 1421 3163 testis
1459 3108 1637 3176 velox,
1663 3127 1682 3160 ι
1717 3118 1914 3180 sponte
1940 3123 2061 3164 mea

2160 2008 2352 2077 τιμαῖς
2383 2003 2775 2075 ὲμπρέποντες,
2827 2001 2922 2054 ἐπὶ
2969 1999 3149 2053 πάντα
3177 1998 3376 2070 τρόπον
3427 1994 3749 2064 σκαιότητος

2163 2098 2258 2152 καὶ
2296 2095 2715 2167 ἐγχειρημάτων
2763 2093 2934 2164 ᾔεσαν
2954 2133 2968 2155 ,
3001 2091 3252 2162 ἐφαίνετο
3278 2089 3335 2143 δὲ
3367 2089 3510 2161 πέρα
3541 2087 3743 2159 μέτρου

2163 2189 2299 2252 Θεὸς
2351 2187 2749 2258 ἀνεξικακήσας
2785 2187 2970 2248 αὐτοῖς
3017 2184 3304 2255 (ἔστιγὰρ
3341 2181 3563 2251 ἀγαθὸς,
3599 2197 3745 2252 χρη-

2166 2283 2308 2346 στὸς,
2344 2282 2440 2334 καὶ⁴
2486 2278 2754 2350 ἐπιεικὴς,
2813 2278 2910 2332 καὶ
2955 2274 3404 2348 φιλάνθρωπος),
3459 2274 3629 2345 ταύτῃ
3661 2290 3747 2326 τοι

2163 2375 2309 2438 τινὲς
2322 2375 2448 2438 τοὺς
2475 2373 2534 2440 ἐξ
2562 2371 2800 2444 ἀκράτου
2829 2369 3193 2442 μικροψυχίας
3214 2366 3510 2440 ἠρεύγοντο
3529 2365 3742 2434 λόγους.

2175 2466 2317 2520 Ἀλλ’
2349 2467 2431 2519 ὅτι
2468 2464 2569 2535 μὲν
2595 2461 2746 2516 ἔσται
2791 2462 2933 2516 κατὰ
2970 2462 3195 2532 καιροὺς
3243 2459 3634 2530 μεταφοίτησις
3666 2457 3745 2521 εἰς

2159 2559 2222 2614 τὸ
2253 2559 2476 2629 ἄμεινον
2527 2555 2638 2609 τῶν
2692 2553 3044 2625 τεταγμένων
3087 2553 3167 2616 εἰς
3217 2550 3550 2624 ἱερουργίαν,
3583 2566 3748 2620 μετα-

2164 2652 2490 2714 πλάττοντος
2523 2649 2720 2712 αὐτοὺς
2747 2648 2829 2712 εἰς
2865 2645 3162 2715 καινότητα
3193 2644 3338 2713 ζωῆς
3359 2641 3454 2697 τοῦ
3483 2641 3745 2714 Χριστοῦ,

2163 2745 2257 2798 xa‘t
2290 2740 2673 2813 μετατιθέντος
2691 2741 2789 2803 ἐίς
2811 2738 3112 2809 εὐκοσμίαν
3139 2737 3235 2791 καὶ
3263 2739 3342 2800 εἰς
3364 2735 3565 2790 εὐκλεᾶ
3591 2733 3746 2788 πολι-

2162 2836 2310 2890 τείαο
2339 2835 2432 2888 καὶ
2457 2832 2620 2906 ζωὴν,
2647 2833 3059 2904 διαμεμήνυκεν
3084 2829 3352 2902 ἐναργῶς.
3381 2829 3504 2882 ’Ότι
3541 2828 3599 2882 δὲ
3621 2828 3746 2890 τοὺς

2161 2928 2262 2998 τῆς
2286 2928 2617 2998 φαυλότητος
2655 2924 3012 2995 ὲπιτηδευτὰς
3045 2924 3145 2978 οὐκ
3171 2924 3236 2977 ἂν
3266 2922 3577 2990 ἀποδέξοιτο
3602 2922 3744 2984 τότε,

2162 3021 2273 3076 οὐδ’
2316 3019 2382 3074 ἂν
2432 3017 2717 3086 ἀξιώσειεν
2751 3016 2991 3070 ἐπαίνων
3039 3034 3098 3069 τε
3123 3015 3218 3069 καὶ
3265 3015 3447 3084 λόγου,
3494 3017 3672 3085 κρινεῖ
3689 3013 3747 3066 δὲ

2165 3113 2364 3185 μᾶλλον
2393 3111 2611 3175 αὐτοὺς,
2631 3109 2727 3164 καὶ
2757 3108 2864 3163 τῶν
2893 3109 3136 3173 ἐκτόπως
3165 3107 3512 3179 βεϐιωμένων
3537 3105 3750 3178 ὲξαιτή·

475 3208 533 3251 et
580 3213 612 3252 a
662 3198 880 3254 nemine
935 3199 1252 3255 advocatus.
1304 3198 1582 3269 Improbos
1621 3201 1766 3256 enim
1808 3202 1876 3256 ad
1926 3215 2057 3271 sup-

2165 3222 2246 3258 σει.
2307 3205 2478 3267 δίκας,
2515 3203 2793 3274 διατρανοῖ
2827 3201 3022 3269 λέγων·
3090 3219 3108 3252 ι
3144 3201 3256 3255 Καὶ
3307 3199 3564 3272 προσάξω
3609 3199 3748 3270 πρὸς

477 3289 638 3360 plicia
671 3292 943 3347 sententia
992 3307 1110 3346 mea
1144 3295 1536 3349 condemnabo.
1571 3295 1636 3349 Et
1666 3294 1930 3363 judicium
1963 3311 2058 3350 su-

475 3397 573 3450 per
600 3381 734 3452 ipsis
767 3381 1060 3452 proferam,
1095 3399 1198 3440 non
1237 3386 1344 3441 alio
1385 3386 1639 3454 quopiam
1683 3400 1871 3440 eorum
1922 3386 2057 3441 vitia

475 3477 805 3546 detegente:
841 3474 936 3531 sed
974 3477 1154 3531 sciens
1189 3475 1312 3541 illa,
1358 3487 1418 3531 ut
1455 3476 1620 3542 Deus,
1675 3477 1967 3533 manifesta
2003 3487 2061 3534 et

472 3566 710 3631 occulta,
749 3575 806 3622 et
843 3567 972 3623 hinc
1018 3568 1240 3623 cuilibet
1293 3568 1561 3624 scelerum
1609 3585 1831 3626 suorum
1879 3571 2054 3626 testis.

473 3661 674 3717 l'aulus
719 3676 932 3732 quoque
967 3662 1158 3717 scribit
1209 3661 1501 3732 aliquando
1550 3661 1958 3719 manifestatum
1990 3663 2056 3717 iri

472 3763 600 3809 ante
636 3755 877 3810 tribunal
911 3753 1112 3823 judicia
1154 3756 1408 3809 mortales
1453 3771 1551 3826 per
1595 3755 1785 3810 orbem
1831 3759 2054 3811 univer—

472 3862 564 3902 sus
584 3849 653 3914 ⁷⁵,
700 3849 932 3904 invicem
978 3867 998 3900 ι
1032 3849 1455 3918 cogitationibus
1509 3851 1917 3916 accusantibus,
1962 3860 2082 3906 aut.

468 3941 637 3996 etiam
671 3941 1110 4007 defendentibus,
1151 3944 1202 3997 in
1235 3944 1322 4000 die
1359 3961 1465 4015 qua
1502 3945 1768 4015 judicabit
1795 3945 1939 4000 Deus
1967 3961 2059 4003 oc-

469 4032 614 4088 culta
656 4032 960 4102 hominum,
990 4037 1285 4090 secundum
1329 4037 1709 4107 Evangelium,
1749 4055 1844 4109 per
1870 4039 2055 4096 Iesum

469 4123 745 4179 Christum
771 4123 840 4178 ".
872 4143 892 4177 ι
945 4126 1219 4196 Perpende
1265 4131 1536 4196 quomodo
1582 4129 1785 4199 quique
1822 4130 2054 4194 occulte,

465 4215 669 4285 quique
709 4213 996 4272 manifeste
1043 4225 1438 4286 peccaverunt,
1479 4218 1532 4273 in
1572 4218 1838 4286 judicium
1886 4222 2058 4276 addu-

467 4318 614 4364 ctum
652 4309 719 4364 iri
759 4318 1006 4364 testatur.
1035 4309 1276 4364 Primum
1315 4311 1533 4380 quidem
1572 4312 1842 4368 veneficas
1874 4321 1927 4369 et
1958 4314 2057 4369 ad-

467 4399 675 4454 ulteras
721 4399 984 4454 nominat.
1019 4398 1225 4456 Deinde
1272 4399 1520 4470 iurantes
1554 4402 1607 4456 in
1639 4405 1925 4460 mendacio
1955 4421 2050 4461 seu

467 4489 736 4560 perjuros.
762 4489 869 4546 Ista
901 4491 1116 4546 occulta
1142 4502 1268 4548 sunt
1296 4502 1351 4548 et
1383 4493 1520 4548 clam
1556 4503 1886 4564 perpetrata.
1918 4495 2052 4562 Quis

465 4581 612 4637 etrim
661 4581 877 4637 tandem
923 4582 1102 4652 palam
1134 4584 1399 4639 venelicia
1451 4586 1740 4641 exerceat?
1785 4597 1878 4641 aut
1912 4603 2050 4657 quo-

2163 3297 2308 3368 ὑμᾶς
2336 3297 2394 3349 ὲν
2428 3295 2610 3366 κρίσει
2629 3335 2644 3358 ,
2672 3314 2690 3346 ι
2723 3294 3024 3359 τουτέστιν,
3047 3292 3123 3356 ὡς
3153 3293 3347 3365 κριτὴς
3379 3292 3748 3365 προσενεχθή-

2163 3407 2347 3460 σομαι,
2385 3408 2404 3439 ι
2445 3390 2538 3442 καὶ
2561 3388 2752 3460 ἔσομαι
2799 3389 3010 3460 μάρτυς
3054 3389 3244 3459 ταχὺς,
3281 3408 3300 3441 ι
3331 3387 3625 3459 αὐτόμολος
3653 3387 3748 3458 δηι-

2159 3483 2333 3537 λονότι
2359 3482 2452 3536 καὶ
2505 3482 2595 3536 ὑπ’
2620 3482 2834 3545 οὐδενὸς
2869 3481 3228 3552 κεκλημένος.
3281 3481 3747 3552 Καταψηφιοῦμαι

2157 3575 2269 3646 γάρ
2307 3574 2415 3628 τῶν
2461 3574 2713 3647 πονηρῶν
2739 3573 2836 3646 τὴν
2888 3575 3061 3646 δίκην.
3095 3575 3207 3628 Καὶ
3238 3574 3299 3627 τὸ
3331 3575 3426 3646 μὲν
3455 3575 3539 3628 ἐπ’
3566 3575 3748 3637 αὐτοῖς

2158 3668 2353 3734 ἐξοίσω
2375 3667 2434 3719 τὸ
2466 3669 2659 3736 κρῖμα,
2683 3666 2780 3736 οὐχ
2812 3666 3000 3738 ἐτέρου
3030 3667 3175 3729 τινὸς
3196 3666 3266 3720 τὰ
3288 3668 3344 3719 ἐν
3367 3666 3551 3728 αὐτοῖς
3581 3667 3746 3733 ἐγκα-

2153 3758 2476 3822 λύπτοντος,
2505 3756 2620 3810 ἀλλ’
2653 3755 2830 3820 εἰδὼς,
2860 3755 2934 3821 ὼς
2988 3757 3138 3820 Θεὸς,
3173 3758 3388 3827 ἐμφανῆ
3413 3775 3474 3809 τε
3525 3757 3621 3810 καὶ
3653 3773 3747 3809 κε-

2158 3851 2475 3924 κρυμμένα,
2512 3850 2606 3904 καὶ
2665 3849 2752 3902 διὰ
2797 3849 2892 3902 τοῦ
2957 3850 3259 3913 συνειδότος
3306 3850 3746 3920 καταμαρτυρῶν

2159 3946 2391 4000 ἑκάστου
2423 3942 2530 3996 τῶν
2559 3942 2979 4013 ἡμαρτηκότων.
3009 3943 3152 4012 Ἔφη
3176 3942 3232 3996 δέ
3258 3960 3359 3995 που
3381 3943 3477 3997 καὶ
3508 3944 3536 3996 6
3558 3941 3748 3996 θεσπέ-

2161 4058 2275 4104 σιος
2309 4038 2542 4101 Παῦλος,
2581 4033 3029 4108 παραστήσεσθαι
3058 4034 3200 4087 κατὰ
3232 4034 3459 4104 καιροὺς
3480 4033 3559 4105 τῷ
3581 4037 3743 4105 κριτῇ

2155 4130 2284 4190 τοὺς
2307 4128 2410 4182 ἀνά
2434 4128 2615 4180 πᾶσαν
2647 4124 2745 4192 τὴν
2792 4127 2915 4196 γῆν,
2959 4125 3162 4194 μεταξὺ
3197 4123 3441 4194 ἀλλήλων
3473 4143 3493 4177 ι
3523 4124 3632 4178 τῶν
3656 4124 3745 4178 λο-

2157 4219 2373 4290 γισμῶν
2430 4215 2902 4288 κατηγορούντων,
2960 4215 2992 4286 ἢ
3047 4215 3143 4267 καὶ
3190 4215 3649 4286 ἀπολογουμένων
3685 4217 3745 4270 ὲν

2155 4311 2340 4384 ἡμέρᾳ
2431 4311 2610 4381 κρινεῖ
2662 4311 2691 4363 6
2730 4309 2863 4372 Θεὸς
2913 4307 2982 4362 τὰ
3013 4308 3235 4380 κρυπτὰ
3277 4307 3386 4362 τῶν
3416 4307 3740 4382 ἀνθρώπων,

2157 4402 2300 4456 κατὰ
2348 4403 2410 4455 τὸ
2462 4400 2793 4470 Εύαγγέλιόν
2841 4419 2967 4472 μου,
3025 4401 3115 4454 διά
3177 4399 3352 4472 Ἰησοῦ
3416 4399 3675 4470 Χριστοῦ.
3719 4419 3740 4451 ι

2159 4490 2352 4562 Ἀθρει
2379 4490 2435 4544 δὲ
2463 4492 2612 4554 ὅπως
2635 4489 2762 4555 τούς
2792 4507 2849 4544 τε
2905 4489 2974 4544 τὰ
3020 4490 3240 4562 κρυπτὰ
3265 4490 3360 4544 καὶ
3398 4489 3618 4562 ἐμφανῆ
3648 4506 3746 4542 πε-

2155 4583 2623 4656 πλημμεληκότας
2664 4582 3171 4655 παρενεχθήσεσθαί
3201 4601 3365 4655 φησιν
3405 4586 3483 4648 εἰς
3539 4583 3740 4655 κρίσιν.

467 4675 629 4729 modo
668 4673 994 4731 adulterium
1019 4676 1369 4732 committens
1399 4677 1567 4747 aspici
1611 4679 1679 4733 ab
1713 4678 1896 4748 aliquo
1925 4695 2049 4733 sus-

2159 4673 2390 4747 Ῑῐρώτας
2430 4677 2527 4745 μὲν
2549 4674 2658 4743 γὰρ
2691 4675 2945 4747 ὀνομάζει
2995 4673 3319 4746 φαρμακοῦς
3356 4675 3451 4727 καὶ
3503 4673 3748 4745 μοιχαλί-

467 4764 674 4820 tinent?
710 4764 973 4821 Existimo
1030 4777 1212 4822 autem
1269 4768 1434 4824 etiam
1489 4780 1796 4839 pejeranles
1861 4771 2050 4825 conari

464 4855 653 4912 latere.
684 4856 842 4913 Tales
875 4866 936 4912 ut
967 4859 1163 4916 stultos
1213 4861 1566 4930 reprehendit
1601 4864 1792 4917 beatus
1834 4862 1999 4916 David
2031 4881 2047 4916 :

469 4967 490 5000 ι
511 4949 813 5020 lntelligite,
840 4951 1156 5020 insipientes
1177 4953 1229 5007 in
1253 4954 1471 5024 populo,
1486 4965 1541 5009 et
1562 4955 1734 5021 stulti,
1762 4954 2051 5024 aliquando

463 5041 656 5110 sapite.
694 5039 864 5112 856
909 5040 1014 5109 Qui
1058 5042 1319 5112 plantavit
1345 5060 1556 5108 aurem,
1597 5061 1701 5099 non
1742 5045 1930 5099 audit?
1955 5054 2050 5098 aut

461 5135 553 5205 qui
580 5134 736 5190 llrtxit
759 5133 996 5203 oculum,
1025 5151 1130 5190 non
1153 5137 1462 5192 considerat
1479 5137 1558 5190 '7?
1583 5157 1601 5190 ι
1632 5137 1772 5192 Nihil
1797 5148 1881 5192 est
1901 5139 2046 5194 enim

461 5228 690 5282 οιιιιιὶιιο
722 5228 865 5297 quod
898 5226 1040 5283 Deus
1071 5243 1176 5282 non
1231 5229 1432 5294 videat,
1463 5238 1518 5284 et
1547 5231 1698 5285 solus
1727 5229 1940 5285 occulta
1991 5239 2048 5286 et

463 5332 650 5389 aperta
695 5331 913 5392 peccata
955 5321 1141 5377 videt:
1177 5322 1270 5378 sed
1320 5321 1410 5377 illa
1461 5323 1677 5392 quidem
1712 5323 2048 5380 clandestine

465 5424 520 5470 et
548 5414 704 5484 quasi
737 5414 790 5470 in
822 5416 1063 5471 tenebris
1095 5415 1400 5486 designata.
1428 5416 1686 5487 Adjungit
1715 5419 1909 5473 deinde
1941 5419 2048 5473 illis

465 5503 756 5560 manifesta
817 5520 1067 5576 quoque,
1122 5506 1368 5576 privare,
1429 5507 1684 5576 inquam,
1735 5508 2045 5579 operarium

463 5594 748 5662 mercede;
782 5597 1076 5652 avaritiam
1116 5604 1172 5654 et
1219 5597 1594 5668 tyrannidem,
1629 5613 1792 5670 quam
1827 5600 2044 5669 quidem

463 5683 726 5740 adversus
779 5684 1184 5757 imbecilliores,
1221 5689 1409 5746 viduas
1459 5699 1589 5762 puta
1635 5699 1691 5746 et
1747 5691 2043 5759 orphanos,

2158 4767 2286 4831 δας,
2314 4765 2431 4820 εἶτα
2455 4769 2582 4831 τοὺς
2613 4766 2914 4837 ὀμνύοντας
2968 4767 3063 4818 ἐπὶ
3121 4765 3328 4836 ψεύδει.
3370 4766 3746 4838 Κεκρυμμένα

2158 4859 2411 4913 δὲταῦτα
2434 4861 2527 4913 καὶ⁴
2568 4859 2871 4929 λεληθότως
2923 4857 3198 4931 δρώμενα.
3225 4859 3322 4923 Τίς
3361 4859 3470 4930 γὰρ
3498 4859 3566 4914 ἂν
3607 4860 3746 4924 ὅλως

2158 4953 2506 5025 γοητεύσειεν
2557 4953 2850 5023 ὲμφανῶς;
2900 4951 2933 5024 ἥ
2985 4952 3104 5017 πῶς
3157 4953 3226 5006 ἂν
3271 4952 3445 5006 ἕλοιτο
3495 4954 3744 5024 μοιχαλὶς

2157 5046 2387 5118 ὁρᾶσθαι
2414 5047 2549 5117 πρὸς
2571 5063 2742 5112 τινος;
2779 5045 2867 5098 Ἐν
2892 5045 3096 5115 σπουδῇ
3155 5045 3232 5110 δὲ,
3267 5039 3442 5115 οἶμαι,
3478 5045 3540 5098 τδ
3560 5044 3743 5098 λαθεῖν

2155 5139 2382 5202 καὶτοῖς
2400 5138 2718 5209 ψευδορκεῖν
2743 5135 3061 5208 ᾑρημένοις.
3091 5136 3510 5198 Ἀσυνετοῦντας
3527 5136 3585 5190 δὲ
3614 5135 3743 5200 τοὺς

2151 5231 2430 5294 τοιούτους
2460 5231 2751 5300 άπελέγχει
2790 5228 2963 5296 λέγων
2989 5231 3017 5282 6
3049 5229 3316 5300 μακάριος
3351 5229 3536 5282 Δαϐίδο
3564 5249 3583 5281 ι
3606 5229 3742 5282 Σύν-

2154 5341 2243 5377 ετε
2268 5325 2354 5397 δὴ,
2409 5325 2642 5395 ἄφρονες
2670 5326 2726 5376 ὲν
2754 5322 2830 5393 τῷ
2849 5322 2986 5394 λαῷ,
3028 5325 3122 5377 καὶ
3156 5323 3352 5395 μωροὶ,
3378 5325 3508 5378 ποτὲ
3537 5325 3740 5395 φρονή-

2153 5437 2305 5473 σατε.
2351 5419 2408 5473 '0
2435 5417 2710 5487 φυτεύσας
2737 5417 2799 5470 τὸ
2825 5413 2937 5481 οὖς,
2981 5418 3103 5489 οὐχὶ
3140 5416 3366 5484 ἀκούει;
3400 5417 3432 5488 ἢ
3467 5420 3496 5471 6
3524 5417 3740 5482 πλάσας

2153 5510 2451 5582 ὀφθαλμὸν,
2513 5511 2636 5582 οὐχὶ
2670 5513 2962 5577 κατανοεῖ;
2999 5529 3017 5563 ι
3052 5511 3333 5566 Ἀποπτον
3360 5511 3470 5583 γὰρ
3493 5512 3573 5582 τῷ
3619 5511 3740 5580 Θεῷ

2153 5600 2432 5664 παντελῶς
2466 5601 2640 5665 οὐδὲν,
2677 5599 2787 5654 οἶδε
2811 5601 2868 5654 δὲ
2895 5600 3059 5672 μόνος
3079 5601 3148 5657 τά
3173 5603 3534 5674 κεκρυμμένα
3557 5601 3650 5655 καὶ
3670 5600 3740 5654 τά

2152 5693 2369 5765 ἐμφανῆ
2406 5693 2516 5747 τῶν
2543 5693 2747 5748 κακῶν·
2783 5694 2896 5748 ἀλλ’
2941 5698 3124 5750 ἐκεῖνα
3182 5695 3280 5768 μὲν
3320 5697 3389 5751 τά
3437 5695 3737 5758 λεληθότως

546 5856 583 5888 ⁷⁵
613 5859 839 5918 Malach.
873 5881 931 5929 ιι,
966 5869 1048 5923 l7.
1131 5872 1172 5903 ⁷³
1206 5868 1247 5924 Il
1283 5867 1407 5926 Cor.
1434 5885 1484 5936 ν,
1524 5869 1605 5924 l0.
1687 5869 1731 5900 ⁷⁸
1763 5867 1922 5923 Ilottt.
1951 5883 2011 5935 tt,
2049 5869 2058 5922 l

2168 5869 2256 5924 lli.
2333 5870 2375 5901 ⁷⁷
2407 5868 2547 5924 l’sal.
2588 5886 2739 5937 xcm,
2779 5872 2830 5939 8,
2861 5872 2914 5926 9.
