4120 6376
433 332 538 393 311

1262 334 1825 394 COMMENTARIUS
1865 336 1933 393 IN
1974 338 2385 397 MALACHIAM
2424 339 2875 397 PROPIIETAM.

3600 337 3709 395 5ιῖ

435 451 626 517 stulti);
657 452 715 505 ἐν
746 451 928 507 σκότει
956 451 1231 524 δρώμενα.
1277 456 1627 526 Προσεπὼγει
1671 474 1735 527 γε
1774 458 1881 530 μὴν
1932 460 2033 513 αὒ-

2133 463 2475 519 αιἸΙιίὺθτεηι.
2507 461 2603 518 His
2638 462 2788 518 addit
2821 461 2985 517 etiam
3019 468 3391 528 pervertentes
3434 468 3579 516 recta
3619 460 3708 527 ju-

435 547 547 609 τοῖς
575 545 766 600 καὶτὰ
794 544 1035 615 ἐμφανῆ,
1082 548 1145 600 τὸ
1184 547 1593 621 ἀποστερῆσαι,
1626 552 1796 622 φημῖ,
1831 551 2022 622 μισθὸν

437 637 734 708 μισθωτοῦ,
760 635 1157 703 πλεονεξίαν-τε
1196 640 1296 694 καϊ
1342 641 1825 708 καταδυναστείαν,
1861 645 1932 717 ἣν
1955 644 2023 698 ἂν

436 732 675 787 ποιοῖντό
717 748 867 796 τινες
914 734 1056 788 κατά
1077 734 1186 787 τῶν
1233 735 1664 809 ἀσθενεστέρων,
1716 738 1900 810 χηρῶν
1932 740 2021 811 δὴ,

436 823 607 893 λέγω,
633 823 731 878 καὶ
749 824 1025 896 ὀρφανῶν.
1062 826 1393 899 Προστίθησι
1437 829 1502 883 δὲ
1522 830 1734 895 τούτοις
1775 831 1869 886 καί
1895 834 2023 897 τοὺς

435 916 862 988 διαστρέφοντας
887 917 955 972 τὰ
982 917 1118 990 ὀρθὰ
1150 919 1260 975 τῶν
1290 922 1596 993 χριμάτων,
1650 924 1745 979 καὶ
1784 926 1911 988 τοὺς
1949 928 2025 997 μὴ

438 1005 805 1078 φοϐουμένους
837 1008 1019 1062 αὐτόν.
1045 1003 1201 1064 Οὗτοι
1227 1010 1271 1063 δ’
1313 1010 1381 1064 ἂν
1408 1008 1518 1065 εἷεν
1548 1014 1643 1067 καί
1673 1018 1722 1068 οἰ
1749 1016 1870 1069 καθ’
1895 1017 2015 1069 ἓτε-

438 1098 533 1167 ρόν
554 1114 676 1153 τινα
695 1099 898 1171 τρόπον
930 1101 1082 1173 παρά
1108 1118 1173 1170 γε
1224 1104 1352 1167 τοὺς
1376 1102 1580 1174 ἀρτίως
1626 1107 1760 1177 ἡμῖν
1789 1106 2011 1179 εἰρημέ-

2126 556 2284 621 dicia,
2319 565 2374 611 et
2415 571 2520 610 non
2553 556 2809 611 timentes
2836 570 2980 610 eum.
3017 554 3174 610 Tales
3205 563 3365 610 erunt
3408 553 3498 622 qui
3537 552 3703 606 etiam

2126 646 2234 701 alio
2287 646 2444 701 modo
2485 660 2648 713 quam
2692 660 2837 699 nunc
2877 645 3217 699 ostendimus
3260 643 3426 696 Deum
3479 642 3704 697 violant.

2126 738 2218 793 A'it
2248 754 2415 808 ergo:
2448 737 2555 792 Ero
2576 736 2764 805 judex,
2796 745 2850 791 et
2882 736 3037 791 testis
3076 737 3256 799 velox,
3281 745 3335 789 et
3370 734 3706 788 voluntarius

2128 843 2291 898 super
2324 827 2597 883 veneﬁcas
2625 834 2681 883 et
2714 826 3050 892 libidinosas,
3089 836 3551 894 peccatorumque
3573 824 3706 879 alio-

2128 938 2246 977 rum
2283 923 2578 979 studiosos.
2628 910 2915 978 Probabile
2949 929 3033 976 est
3073 935 3205 976 sane
3254 918 3561 988 huiusmodi
3611 917 3716 972 lla-

2126 1014 2256 1083 gitia
2303 1015 2563 1084 quosdam
2603 1013 2691 1067 illa
2742 1021 2925 1067 tetate-
2953 1027 3117 1066 ausos
3151 1012 3454 1080 suscipere.
3498 1018 3553 1064 et
3585 1023 3707 1068 nro-

2128 1115 2249 1174 pter
2281 1105 2433 1175 ipsos
2459 1105 2659 1160 multos
2691 1104 2814 1160 Deo-
2842 1102 3207 1159 maledixisse.

436 1205 559 1254 νους
581 1188 876 1255 λυποῦντες
918 1190 1069 1245 Θεόν.
1107 1192 1341 1264 Ἐσομαι
1374 1195 1573 1259 τοίνυν,
1618 1197 1772 1269 φησι,
1806 1198 2018 1268 κριτὴς,
2063 1196 2156 1250 καὶ
2225 1196 2437 1268 μάρτυς
2475 1199 2665 1267 ταχὺς,
2724 1196 2820 1251 καὶ
2883 1194 3181 1264 αὐτόμολος
3240 1193 3333 1246 ἐπὶ
3384 1193 3711 1264 φαρμακοὺς

435 1284 531 1338 καὶ
559 1281 896 1354 μοιχαλίδος.
922 1284 1017 1338 καὶ
1048 1286 1174 1353 τοὺς
1209 1285 1317 1339 τῶν
1344 1286 1550 1359 ἑτέρων
1598 1289 1784 1344 κακῶν
1853 1289 2227 1360 ἐπιτηδευτάς.
2273 1291 2434 1355 Εἰκὸς
2479 1290 2538 1343 δὲ
2600 1290 2665 1361 δὴ
2722 1290 2902 1343 τοιάδε
2972 1288 3095 1342 κατί
3128 1287 3306 1340 έκεῖνο
3366 1285 3712 1357 καιροῦατολ-

437 1374 645 1447 μασθαι
680 1374 833 1447 παρά
853 1391 984 1438 τισι,
1006 1376 1099 1429 καὶ
1120 1377 1205 1430 ἐπ’
1227 1378 1408 1442 αὐτοῖς
1434 1380 1685 1448 γενέσθαι
1712 1382 1852 1436 κατά
1875 1382 2015 1436 Θεοῦ
2048 1382 2146 1453 τὴν
2172 1383 2280 1436 τῶν
2302 1383 2512 1438 πολλῶν
2534 1380 2934 1452 γλωσσαλγίαν.

506 1469 601 1522 Δεῖ
628 1467 694 1539 δὴ
718 1463 813 1522 οὖν
836 1469 944 1541 ἀρα
965 1468 1129 1523 παντὶ
1162 1470 1339 1525 σθένει
1395 1475 1784 1545 παραιτεῖσθαι
1821 1475 1889 1529 τά
1924 1492 2021 1529 πο-

437 1560 600 1635 νηρὰ,
616 1561 846 1627 καὶτοῖς
872 1561 1149 1632 ἀμείνοσιν
1171 1563 1501 1636 ἐπιτρέχειν,
1519 1567 1616 1621 καὶ
1632 1567 1812 1622 ἀποπε
1821 1568 2023 1640 ραίνειν

437 1653 753 1723 ἑπιίγεσθαι
782 1654 940 1708 τὰδι⁹
965 1648 1039 1709 ὧν
1076 1655 1142 1709 ἃν
1171 1655 1380 1724 γένοιτό
1427 1675 1513 1723 τις
1556 1660 1779 1714 ἐπαίνου
1821 1662 2022 1726 παντὸς

438 1745 533 1800 καὶ
560 1744 861 1810 ἐπιεικείας
908 1744 1180 1817 ἔμπλεως.
1230 1748 1547 1822 Ἀμοιρήσει
1580 1751 1688 1823 γὰρ
1741 1751 1884 1806 οὕτω
1928 1756 2023 1806 καὶ

437 1837 548 1894 τῶν
601 1838 668 1892 ἐκ
725 1838 876 1902 θείας
916 1838 1090 1911 ὀργῆς
1130 1839 1608 1913 ὲποισθησομένων
1644 1846 1758 1907 τοῖς
1808 1843 2023 1899 εἰωθόσι

437 1929 797 2002 πλημμελεῖν.
827 1931 1021 1984 Ἔσται
1044 1931 1103 1987 δὲ
1128 1932 1240 1988 εσω
1266 1934 1362 1988 καὶ
1384 1934 1565 2007 γερῶν
1594 1935 1691 1991 καὶ
1722 1936 1903 2009 δόξης,
1948 1931 2024 1992 ὧν

436 2022 506 2077 ἀν
531 2022 741 2093 ἐπιδοίη
766 2021 901 2086 Θεὸς
930 2025 1041 2087 τοῖς
1061 2024 1348 2093 ἀγαπῶσιν
1376 2026 1560 2081 αὐτόν.

505 2116 663 2168 Διότι
694 2114 809 2185 ἐγὼ
861 2116 1076 2185 Κύριος
1103 2119 1138 2171 ὀ
1172 2115 1316 2185 Θεὸς
1351 2118 1554 2187 ὑμῶν,
1621 2121 1720 2175 καὶ
1778 2123 1890 2175 οὐκ
1916 2122 2021 2177 d1-

433 2206 731 2278 Jocoﬁyat.
780 2207 891 2262 Kal
944 2208 1134 2278 ὑμεῖς,
1173 2212 1228 2264 οἱ
1281 2212 1401 2264 υἱοὶ
1452 2211 1687 2277 Ἰακὼϐ,
1740 2215 1852 2267 οὐκ
1913 2215 2025 2268 ἁπ-

435 2299 650 2370 ἐχεσθε
679 2298 800 2355 ἀπὸ
829 2298 948 2353 τῶν
967 2298 1214 2355 ἀδικιῶν
1245 2298 1364 2355 τῶν
1382 2301 1657 2372 πατέρων
1675 2302 1861 2373 ὑμῶν.
1889 2306 2024 2370 Ἐξ-

434 2391 714 2447 suum“
754 2390 976 2461 νόμιμά
990 2409 1135 2461 μου,
1175 2393 1273 2447 καί
1298 2394 1409 2449 οὐκ
1446 2394 1855 2464 έφυλάξασθε.

505 2484 633 2541 ΔΖ’.
684 2482 957 2555 Ἐξίστησι
986 2484 1151 2540 πάλιν
1173 2486 1371 2552 αὐτοὺς
1400 2486 1632 2542 ἀνοσίων
1686 2489 1903 2544 ἐννοιῶν
1931 2492 2025 2545 καὶ

437 2576 663 2650 προσέτι
713 2579 1000 2650 ῥημάτων.
1056 2580 1130 2633 Τὸ
1166 2579 1275 2651 γὰρ
1326 2581 1536 2636 οεεσθαί
1583 2601 1702 2648 πως
1736 2583 2023 2655 ἣμετατε-

436 2670 678 2744 τράφθαι
717 2672 811 2725 τὸν
854 2671 969 2726 τῶν
1008 2672 1156 2727 ὅλων
1190 2672 1326 2729 Θεὸν
1353 2675 1462 2729 ἀπό
1517 2692 1581 2743 γε
1620 2676 1716 2731 τοῦ
1746 2676 1923 2731 θέλειν
1955 2678 2026 2732 τὰ

437 2760 620 2830 ἀγαθά
653 2761 790 2834 πρὸς
813 2761 875 2815 τὸ
896 2762 1159 2828 ἐναντίον,
1213 2764 1308 2817 καὶ
1338 2764 1560 2836 ἀγαπᾷν
1579 2765 1675 2836 μὲν
1697 2764 1879 2819 οόκέτι
1924 2766 2026 2837 τὴν

436 2852 808 2926 δικαιοσύνην,
854 2853 1215 2927 ἀποδέχεσθαι
1255 2855 1314 2910 δὲ
1360 2856 1487 2920 τοὺς
1541 2857 1640 2927 τῆς
1692 2857 2026 2929 φαυλότητος

440 2948 699 3020 ἐραστὰς,
750 2947 871 3013 πῶς
901 2949 1003 3003 οὐκ
1052 2949 1283 3020 ἀμαθὲς,
1346 2950 1548 3021 μᾶλλον
1584 2951 1640 3004 δὲ
1694 2952 2025 3023 ἀπηχὲςκαί

439 3039 669 3095 ἀνόσιον
700 3040 981 3105 παντελῶς
1012 3040 1226 3113 καὶτῆς
1284 3042 1546 3097 ἀνωτάτω
1580 3042 1896 3106 δυσσεϐείας
1928 3062 2025 3114 με·

2200 1476 2465 1544 Quocirca
2513 1490 2650 1546 opus
2698 1484 2785 1531 est
2823 1475 2971 1531 omni
3004 1476 3353 1531 contentione
3392 1471 3659 1542 refugere
3682 1490 3714 1523 ιι

2127 1567 2308 1638 pravis
2342 1567 2617 1636 operibus,
2659 1576 2715 1621 et
2760 1566 2828 1621 ad
2875 1568 3041 1637 proba
3075 1565 3362 1630 festinare,
3398 1571 3454 1619 et
3485 1564 3616 1619 eniti
3647 1578 3709 1616 es

2131 1668 2389 1729 praestare
2420 1673 2514 1727 per
2551 1672 2674 1728 quas
2717 1657 2844 1728 quis
2890 1658 3040 1712 omni
3075 1667 3132 1712 et
3174 1658 3416 1712 bonitate
3451 1665 3505 1711 et
3555 1655 3713 1709 laude

2130 1749 2455 1805 cumuletur.
2485 1747 2578 1804 Sic
2614 1748 2760 1804 enim
2805 1749 2998 1805 evadet
3051 1748 3313 1818 supplicia
3367 1763 3488 1817 quae
3528 1764 3556 1799 ιι
3605 1748 3714 1800 Deo

2132 1840 2271 1894 irato
2305 1839 2682 1909 peccatoribus
2733 1838 3068 1909 inﬂiguntur.
3122 1839 3312 1907 Capiet
3367 1848 3544 1892 autem
3594 1837 3709 1907 glo-

2133 1932 2266 1986 riam
2320 1941 2375 1988 et
2404 1931 2625 2003 praemia
2670 1932 2869 2001 quibus
2905 1932 3063 1987 Deus.
3089 1946 3163 1987 se.
3204 1930 3490 2001 diligentes
3526 1949 3712 1987 mune—

2131 2032 2309 2080 ratur.

2202 2115 2364 2171 Vens.
2398 2117 2452 2172 6.
2502 2116 2765 2184 Quoniam
2797 2134 2891 2186 ego
2941 2117 3194 2172 Dominus
3247 2115 3382 2170 Deus
3431 2129 3614 2174 vester.
3663 2124 3712 2166 et

2132 2226 2234 2264 non
2260 2221 2455 2264 mutor.
2482 2208 2551 2263 Et
2598 2227 2717 2274 vos,
2754 2209 2854 2278 ﬁlii
2894 2208 3084 2274 Iacob,
3134 2226 3241 2263 non
3276 2209 3620 2262 abstinebutis
3648 2208 3712 2258 ab

2129 2304 2501 2373 iniquitatibus
2536 2313 2753 2369 patrum
2789 2313 3100 2357 vestrorum.
3145 2301 3464 2356 Declinastis
3508 2319 3542 2355 a
3586 2302 3714 2369 legi-

2129 2398 2275 2451 timis
2304 2397 2454 2460 meis,
2481 2406 2529 2451 ει
2569 2411 2673 2449 non
2703 2394 3027 2449 custodistis.

2203 2486 2464 2544 XXXVII.
2506 2487 2693 2542 Denuo
2726 2487 2871 2555 ipsos
2896 2486 2966 2541 ab
2999 2485 3178 2556 impiis
3212 2483 3635 2557 cogitationibus
3661 2493 3713 2535 et

2128 2582 2312 2638 verbis
2340 2581 2645 2650 detorquet.
2691 2576 2828 2633 Nam
2865 2578 3180 2634 existimare
3207 2591 3329 2633 esse
3368 2577 3712 2631 immutatum

2131 2674 2512 2728 universorum
2548 2671 2715 2728 Deum
2739 2686 2771 2727 a
2800 2671 3078 2727 voluntate
3103 2671 3229 2728 boni
3262 2672 3315 2725 in
3353 2671 3715 2732 contrarium,

2131 2780 2234 2820 nec
2270 2766 2337 2820 de
2379 2775 2575 2820 castero
2618 2763 2841 2836 diligere
2866 2763 3157 2833 justitiam,
3194 2762 3489 2833 favereque
3519 2777 3709 2818 conse-

2130 2854 2430 2914 ctatoribus
2474 2856 2873 2925 improbitatis,
2915 2857 3190 2927 quomodo
3247 2871 3352 2912 non
3400 2855 3712 2926 imperitiae.

2134 2948 2241 3004 imo
2278 2948 2624 3014 absurditati,
2658 2958 2713 3004 et
2740 2962 2955 3004 summo
2989 2947 3205 3015 sceleri,
3230 2958 3285 3004 et
3320 2960 3577 3004 extremae
3607 2949 3713 3003 im-

2134 3040 2318 3111 pietati
2352 3040 2732 3095 ascribendum
2763 3039 2884 3096 est?
2928 3039 3157 3108 Quando
3196 3040 3379 3111 igitur,
3418 3039 3613 3110 inquit,
3645 3042 3712 3095 ad

442 3132 822 3204 μεστωμένοη
851 3133 1027 3189 Ὅταν
1050 3133 1227 3188 τοίνυν
1273 3135 1378 3189 ὕπὸ
1404 3136 1588 3207 κρίσιν
1649 3136 1795 3207 ἴδητε
1828 3138 2026 3191 καλου-

2131 3130 2390 3203 judicium
2436 3131 2619 3186 vocari
2662 3131 2905 3187 videritis
2956 3130 3266 3195 veneﬁcas,
3313 3145 3423 3187 seu-
3461 3130 3709 3185 incanta-

445 3229 659 3301 μένους,
690 3227 964 3300 φησί,τάς
1012 3244 1072 3281 τε
1111 3229 1244 3299 παρ’
1275 3228 1405 3298 ὑμῖν
1460 3230 1810 3300 φαρμακοὸς,
1861 3230 2030 3301 ἦγουν

440 3321 691 3393 Ξπῳδοὸς
731 3320 968 3391 (γύναια
998 3318 1060 3374 δὲ
1086 3319 1306 3384 πάντως
1350 3319 1557 3392 ψιθυρά
1608 3337 1670 3374 τε
1730 3321 1824 3375 καί
1853 3321 2030 3393 βωμο-

439 3411 573 3484 λόχα
584 3412 783 3484 ταυτὶ),
805 3414 898 3468 καὶ
917 3413 1046 3476 τοὺς
1067 3411 1181 3465 τῶν
1204 3411 1290 3465 έτέ
1298 3427 1406 3482 ρων
1439 3410 1627 3467 κακῶν
1648 3413 2029 3486 έπιτηδευτάς,

440 3504 587 3569 τότε,
616 3506 803 3577 φησὶν,
830 3502 1201 3573 ἐπιγνώσεσθε
1236 3503 1326 3558 διὰ
1367 3504 1710 3576 πραγμάτων
1739 3506 1920 3559 αὐτῶν
1947 3508 2031 3561 ὅτι

440 3598 553 3667 ἐγὼ
579 3597 784 3670 Κύριος
814 3598 845 3651 ὁ
876 3595 1011 3661 Θεὸς
1039 3595 1215 3668 ὑμῶν,
1245 3596 1275 3649 ὁ
1300 3595 1471 3651 πάλαι
1502 3614 1564 3650 τε
1589 3597 1686 3651 καὶ
1712 3595 1808 3652 νῦν
1828 3597 2030 3667 ἀγαθός

439 3706 502 3745 τε
524 3688 661 3762 ὁμοῦ
695 3690 791 3745 καί
813 3688 1135 3759 ,φιλάρετοᾳ
1190 3687 1267 3741 Οὐ
1311 3688 1423 3760 γὰρ
1471 3681 1593 3743 οἶδα
1635 3690 1905 3763 τροπὴνῆ
1938 3690 2031 3744 ἀλ-

440 3780 677 3836 λοίωσιν.
714 3779 856 3835 Ἀλλ’
878 3780 991 3849 ἐγὼ
1037 3778 1139 3850 μὲν
1176 3778 1296 3850 εἰμὶ
1337 3779 1629 3846 διαπαντὸς
1671 3781 1767 3837 καὶ
1820 3782 2032 3853 ἀμετα-

440 3871 657 3937 στάτως
674 3871 824 3926 τοῦθ’
850 3873 989 3943 ὅπερ
1017 3868 1154 3942 εἰμί’
1182 3870 1342 3943 ὑμεῖς
1364 3872 1445 3939 δὲ,
1468 3872 1623 3944 φησί,
1646 3872 1827 3929 καίτοι
1866 3890 2030 3945 γεγοι-

440 3963 594 4029 νότες
625 3964 685 4032 ἐξ
721 3963 941 4031 Ἰακὼϐ,
991 3965 1185 4038 ἀνδρὸς
1233 3964 1482 4036 φιλοθέου
1508 3964 1604 4019 καὶ
1654 3963 1886 4034 ἀγαθοῦ,
1935 3965 2031 4020 καὶ

446 4055 816 4128 μεμισηκότος
852 4056 942 4110 ἀεὶ
959 4056 1021 4109 τὸ
1041 4056 1274 4129 ὲξήνιον,
1297 4057 1394 4111 καί
1420 4054 1541 4128 Θεῷ
1568 4056 1937 4123 δουλεύοντος,
1966 4057 2030 4111 οὐ

440 4148 549 4204 τῶν
572 4148 781 4204 ἐκείνου
805 4148 1025 4221 τρόπων
1086 4150 1345 4219 γεγόνατε
1374 4148 1635 4220 ζηλωταί·
1676 4149 1933 4221 μιμεῖσθε
1973 4149 2033 4204 δὲ

446 4242 647 4314 μᾶλλον
682 4241 792 4296 τῶν
818 4242 939 4296 καθ’
958 4243 1103 4313 ὑμᾶς
1134 4243 1391 4314 πατέρων
1408 4242 1469 4296 τὸ
1495 4241 1719 4306 ἀπειθὲς
1763 4240 1859 4296 καὶ
1904 4241 2032 4296 δυσ-

444 4334 768 4405 ἀγωγον.οἳ
809 4334 905 4389 καὶ
947 4334 1151 4407 ταύτης
1198 4335 1362 4388 ἕνεκα
1392 4335 1491 4405 τῆς
1518 4332 1700 4399 αἰτίας
1746 4333 2033 4404 ἀπῲχοντο

447 4432 545 4503 μὲν
566 4430 923 4503 αἰχμάλωτοι,
968 4430 1069 4502 τὴν
1090 4429 1419 4500 ὲνεγκοῦσαν
1462 4430 1717 4500 ἀφέντες,
1751 4427 2034 4483 δεδουλεύ-

2134 3229 2298 3283 trices
2329 3237 2544 3283 vestras
2577 3227 2727 3298 (sunt
2758 3234 2938 3282 autem
2975 3227 3306 3282 mulierculae
3338 3226 3457 3281 ista:
3486 3226 3717 3293 garrulae

2132 3331 2185 3375 et
2213 3318 2637 3390 assentatrices),
2668 3328 2723 3374 et
2756 3318 2882 3376 aliis
2914 3318 3370 3390 ﬂagitiisamxos,
3398 3329 3525 3374 tunc
3557 3316 3717 3374 rebus

2132 3412 2264 3482 ipsis
2313 3413 2653 3480 cognoscetis
2692 3413 2820 3482 quia
2851 3427 2950 3482 ego
2985 3428 3103 3468 sum
3150 3414 3410 3468 Dominus
3452 3412 3593 3468 Deus
3619 3428 3716 3468 ve-

2130 3516 2264 3570 ster,
2291 3514 2346 3560 et
2380 3504 2511 3558 olim
2555 3513 2609 3560 et
2653 3520 2798 3561 nunc
2834 3504 3026 3562 bonum
3047 3504 3206 3561 simul
3241 3514 3290 3560 et
3341 3507 3607 3561 bonorum
3654 3522 3718 3563 ac

2131 3598 2348 3654 virtutis
2388 3612 2597 3653 amans.
2629 3595 2824 3655 Nescio
2853 3598 2997 3653 enim
3032 3598 3387 3654 mutationem
3424 3609 3518 3653 aut
3555 3599 3718 3658 vicis-

2130 3693 2440 3749 situdinem.
2466 3693 2580 3763 Ego
2632 3690 2783 3749 enim
2810 3704 3026 3759 semper
3049 3698 3104 3745 et
3129 3690 3265 3744 citra
3296 3688 3714 3747 mutabilitatem

2130 3798 2250 3839 sum
2294 3784 2439 3853 quod
2488 3798 2609 3839 sum
2651 3800 2667 3838 :
2707 3797 2806 3838 vos
2843 3789 3050 3848 autem,
3098 3781 3309 3851 inquit,
3363 3782 3614 3852 quamvis
3646 3799 3713 3838 ex

2130 3873 2298 3931 Jacob
2327 3874 2690 3946 progenerati,
2730 3874 2952 3930 lromine
2972 3873 3073 3943 pio
3096 3884 3150 3930 et
3179 3874 3542 3945 b0n0,.et-qui
3576 3889 3717 3930 sem-

2132 3984 2229 4036 per
2270 3967 2671 4025 contumaciam
2703 3966 2909 4022 odit'ac
2942 3965 3052 4021 Deo
3087 3967 3345 4032 servivit,
3380 3967 3715 4040 “Tillius

2133 4074 2315 4113 mores
2349 4057 2794 4128 exprimeretnon
2827 4056 2988 4112 enixe
3023 4057 3335 4124 studuistis;
3376 4061 3469 4114 sed
3500 4069 3713 4129 patrum

2131 4164 2439 4209 vestrorum
2506 4151 2931 4206 inobedientiam
2986 4159 3060 4205 et'
3091 4151 3445 4220 pertinaciam
3512 4152 3715 4208 imitari

2133 4245 2410 4301 mavultis.
2434 4242 2537 4312 Qui
2569 4252 2623 4301 et
2652 4244 2754 4299 hac
2786 4244 2855 4299 de
2870 4259 3044 4300 causa
3076 4245 3275 4315 captivi
3303 4245 3492 4314 patriae
3518 4243 3717 4301 ﬁnibus

2134 4348 2600 4404 excesserunt,.et
2632 4337 2879 4393 hostibus
2917 4353 2945 4392 a
2978 4337 3178 4407 quibus
3233 4350 3386 4393 erant
3425 4337 3715 4410 subjugati,

2134 4432 2450 4489 servitutem
2488 4430 2812 4486 servierunt.
2866 4450 2883 4481 ι
2911 4430 3229 4485 Declinastis
3266 4447 3428 4503 porro
3465 4441 3519 4486 et
3553 4448 3646 4487 vos
3687 4450 3718 4487 a

444 4541 574 4578 κασι
603 4523 663 4578 δὲ
704 4525 818 4588 τοῖς
855 4523 1122 4596 ᾐρηκόσιν
1178 4522 1415 4595 ἐχθροῖς.
1489 4520 1830 4588 Ἐξεκλὶνατε
1855 4520 1914 4574 δὲ
1938 4521 2035 4574 καὶ

2138 4522 2396 4595 legitimis
2427 4522 2588 4589 meis,
2617 4530 2676 4577 et
2705 4538 2768 4577 ea
2802 4538 2905 4576 non
2936 4524 3267 4579 custodistis.
3293 4543 3311 4575 ι
3360 4523 3545 4595 itaque
3576 4524 3718 4579 Deus

442 4617 602 4687 ὑμεῖς
631 4634 652 4668 ι
689 4614 757 4671 ὲκ
775 4614 883 4670 τῶν
903 4614 1053 4688 ἐμῶν
1094 4615 1362 4686 νομίμων,
1385 4614 1482 4669 καὶ
1509 4614 1610 4668 οὐκ
1635 4612 2028 4684 ὲφυλάξασθε.»

443 4708 656 4764 Οὐκοῦν
682 4709 713 4763 δ
747 4708 849 4781 μὲν
866 4708 1000 4773 Θεὸς
1028 4707 1296 4780 ἄτρεπτος
1321 4708 1429 4773 ἀεὶ,
1461 4708 1557 4761 καὶ
1584 4707 1749 4760 οἱονεὶ
1765 4704 2036 4776 πεπηγὼς

445 4804 525 4867 εἰς
544 4802 606 4857 τὸ
639 4801 863 4871 ἀγαθὸν,
895 4801 989 4855 καὶ
1016 4800 1352 4872 ἀκράδαντος
1377 4801 1458 4864 εἰς
1481 4797 1830 4869 δικαιοσύνην
1856 4814 1869 4825 ’
1893 4798 1945 4851 οἱ
1975 4796 2034 4851 δὲ

442 4897 728 4965 γεγόνασι,
763 4893 1046 4966 μονονουχί
1070 4894 1133 4948 τὸ
1160 4894 1430 4965 ἄτρεπτον
1455 4894 1513 4947 ὲν
1564 4891 1763 4963 καρδίᾳ.
1797 4907 2035 4962 τετηρη-

446 4991 623 5056 κότες,
656 4990 871 5061 καὶτῆς
893 4988 1000 5043 τῶν
1025 4987 1278 5060 πατέρων
1311 4987 1658 5059 ἀνοσιότητος
1687 4985 1903 5059 ἄριστοι
1934 5000 2042 5059 μι-

448 5101 595 5155 μητα
604 5084 640 5136 ί.

516 5175 687 5230 Τοῦτό
720 5194 822 5231 που
875 5176 1109 5249 Χριστὸς
1160 5174 1477 5247 εὑρίσκεται
1523 5172 1719 5242 λέγων.
1742 5171 2034 5238 Ταλανίζει

451 5270 550 5340 μὲν
578 5270 687 5343 γάρ
733 5272 959 5336 εἰκότως
1011 5272 1072 5325 τὸ
1124 5270 1446 5325 ἀπαίδευτον
1484 5268 1594 5322 τῶν
1646 5267 2033 5339 Γραμματέων

448 5364 543 5417 καὶ
563 5364 875 5433 Φαρισαίων
900 5365 1283 5435 ἐργαστήριον.
1323 5362 1469 5433 Ἔφη
1499 5362 1557 5416 δὲ
1598 5360 1793 5426 οὕτως·
1833 5379 1851 5412 ι
1896 5359 2035 5415 Οὐαὶ

447 5456 599 5527 ὑμῖν,
632 5458 986 5528 Γραμματεῖς
1045 5458 1143 5511 καὶ
1177 5457 1463 5528 Φαρισαῖοι
1491 5454 1808 5527 ὑποκριταὶ,
1839 5454 1922 5509 ὅτι
1951 5455 2034 5507 οἰ-

448 5548 725 5621 κοδομεῖτε
752 5550 880 5614 τοὺς
909 5550 1115 5620 τάφους
1138 5550 1256 5604 τῶν
1285 5548 1614 5622 προφητῶν,
1650 5549 1746 5603 καὶ
1776 5549 2035 5619 κοσμεῖτε

447 5640 515 5693 τὰ
540 5642 783 5713 μνημεῖα
809 5641 916 5695 τῶν
936 5641 1180 5704 δικαίων,
1209 5641 1305 5696 καὶ
1333 5641 1539 5710 λέγετε·
1564 5641 1628 5695 Εἰ
1651 5635 1794 5711 ἦμεν
1828 5640 1887 5693 ὲν
1913 5640 2035 5702 ταῖς

452 5733 686 5806 ἡμέραις
718 5735 827 5788 τῶν
864 5734 1117 5806 πατέρων
1145 5733 1325 5806 ἡμῶν,
1360 5735 1461 5790 οὐκ
1484 5735 1550 5789 ἀν
1582 5733 1765 5806 ἥμεθα
1788 5734 2034 5788 κοινωνοὶ

451 5822 628 5878 αὐτῶν
660 5823 819 5896 ἐντῷ
872 5824 1064 5897 αἵματι
1112 5823 1221 5879 τῶν
1266 5824 1581 5900 προφητῶν.
1612 5824 1775 5879 Ὥστε
1824 5839 2034 5897 μαρτυ-

2136 4615 2353 4687 quidem
2374 4614 2803 4670 etimmutabilis
2824 4628 3060 4683 semper,
3087 4625 3141 4670 et
3164 4616 3307 4670 velut
3332 4616 3385 4670 in
3415 4617 3556 4671 bono
3581 4616 3715 4671 ﬁxus

2134 4723 2199 4763 ac
2256 4708 2501 4763 ﬁrmatus
2539 4714 2592 4762 et
2628 4706 2982 4762 inconcussus
3016 4706 3066 4761 in
3113 4705 3323 4774 iustitia
3363 4728 3375 4763 :
3415 4709 3488 4762 illi
3530 4717 3717 4763 contra

2137 4809 2342 4854 tantum
2389 4814 2495 4855 non
2547 4798 3043 4853 immutabilitatem
3088 4799 3141 4853 in
3195 4800 3359 4855 corde
3405 4810 3713 4867 servarunt,

2134 4902 2186 4947 et
2218 4900 2433 4961 patrum
2469 4889 2673 4946 scelera
2714 4891 3096 4947 strenuissime
3132 4901 3260 4947 sunt
3300 4890 3497 4947 secuti.

2207 5164 2318 5221 Hoc
2355 5163 2607 5220 Christus
2639 5164 2873 5234 Quodam
2912 5165 3029 5219 loco
3068 5161 3224 5221 dixit.
3269 5162 3457 5219 Merito
3484 5178 3739 5234 namque-

2135 5259 2450 5315 Scribarum
2476 5268 2537 5311 et‘
2562 5256 2955 5313 Pharisaeorum
2988 5254 3211 5313 stultam
3246 5270 3467 5327 operam
3498 5256 3551 5312 in
3587 5259 3729 5312 aedi--

2137 5352 2348 5408 ticando
2401 5350 2749 5407 lamentatur.
2797 5348 2891 5405 Sic
2936 5359 3117 5404 autem
3163 5350 3239 5403 ait
3281 5366 3296 5403 :
3341 5365 3360 5400 ι
3401 5347 3493 5405 Va:
3533 5349 3727 5415 vobis,.

2136 5444 2341 5502 Scriba:
2376 5454 2431 5500 et
2475 5442 2730 5498 Pharisaei
2775 5441 3091 5514 hypocrita,
3134 5441 3262 5511 quia
3306 5440 3590 5496 azdilicatis
3630 5456 3717 5496 se-

2136 5537 2319 5608 pulcra
2353 5537 2758 5607 prophetarum,
2802 5543 2858 5589 et
2887 5533 3095 5589 ornatis
3145 5544 3491 5588 monumenta
3541 5533 3717 5602 justo-

2137 5646 2295 5694 rum,
2340 5639 2396 5685 et
2442 5628 2620 5684 dicitis
2666 5642 2683 5680 :
2728 5625 2783 5680 Si
2836 5626 3124 5682 fuissemus
3160 5624 3212 5681 in
3264 5625 3454 5681 diebus
3500 5634 3715 5698 patrum

2137 5736 2484 5788 nostrorum,
2528 5737 2635 5777 non
2681 5735 2925 5776 essemus
2964 5719 3095 5775 socii
3135 5734 3320 5775 eorum
3360 5718 3415 5774 in
3452 5718 3712 5787 sanguine

2138 5818 2543 5892 prophetarum.
2578 5812 2763 5886 Itaque
2791 5812 3098 5871 testimonio
3127 5811 3258 5870 estis
3284 5811 3733 5883 vobismctipsis»
