4120 6376
312 365 421 422 345

1168 361 1720 424 COMMENTARIUS
1758 365 1828 423 lN
1864 366 2273 426 MALACHIAM
2314 365 2759 424 PllOPllET.i.\l.

3504 363 3610 421 διε

314 482 471 548 Θεὸν,
491 481 627 536 διότι
657 481 819 555 ὑμεῖς
855 479 1173 553 πτερνίξετέ
1209 500 1276 554 με
1300 501 1316 551 ;
1353 503 1373 536 ι
1400 484 1474 538 To
1497 485 1555 539 δὲ
1574 485 1907 555 πτερνιζὲιν

2017 491 2135 544 me?
2153 510 2171 542 ι
2196 487 2558 558 Snpplanmre
2579 495 2665 542 est
2685 485 2950 553 diripere,
2975 493 3067 538 aut
3091 484 3364 553 decipere,
3385 492 3438 536 et
3463 482 3608 536 arltio

314 574 433 629 ιστῖ
458 574 520 627 τὸ
550 572 998 646 aevum:quth
1027 574 1361 642 φενακίζειν,
1396 574 1605 630 οἴεσθαί
1637 594 1697 630 τε
1721 575 1907 631 λαθεῖν

311 664 676 736 ψευδομένους
708 664 891 735 τυχὸν,
925 663 1074 736 ἦκαί
1104 683 1155 719 τι
1192 665 1434 738 δρῶντάς
1456 684 1580 722 τινα
1608 668 1719 721 τῶν
1747 671 1906 723 ὲκτο-

313 757 597 813 πωτάτων.
623 757 735 811 Kui.
766 757 896 826 γοῦν
917 755 1155 811 ἐνεκότει
1190 760 1289 829 μὲν
1321 762 1349 813 ό
1376 760 1547 813 Ἦσαῦ
1575 760 1653 830 τῷ
1687 760 1902 827 Ἰακὼϐ,

314 847 412 902 τοῦ
440 848 499 901 δὲ
538 847 753 918 φθονεῖν
799 850 898 922 τὴν
921 852 1195 923 πρόφασιν
1241 851 1610 923 ἐξηγούμενος
1643 851 1903 921 ἔφασκεν·

327 961 347 993 ι
396 942 713 1012 Ἐπτέρνισε
737 942 847 1015 γάρ
870 961 936 1014 με
976 944 1075 1015 ἤδη
1096 944 1352 1015 δεύτερον
1379 942 1558 1007 τοῦτο,
1583 943 1653 998 τά
1676 961 1735 997 τε
1758 962 1909 1015 πρω-

320 1032 543 1086 τοτόκιά
567 1049 668 1104 μου
699 1033 911 1106 εἰληφε,
939 1035 1032 1089 xui
1060 1034 1156 1088 νῦν
1184 1035 1375 1105 εἴληφε
1403 1036 1499 1089 xui
1532 1034 1634 1108 τὴν
1654 1036 1907 1105 εὐλογίαν

322 1138 448 1192 μου.
483 1140 501 1173 ι
552 1118 679 1194 *Δρ*
707 1119 802 1178 οὖν
850 1125 1153 1195 περιέσται,
1195 1126 1351 1197 φησὶ,
1406 1126 1693 1197 ἄνθρωπος
1732 1125 1867 1180 Θεοῦ
1890 1168 1905 1193 ,

323 1215 491 1285 ἦγουν
519 1215 855 1286 συναρπάσει
875 1218 968 1270 τὸν
988 1216 1167 1271 πάντα
1196 1219 1409 1282 εἰδότας
1452 1218 1517 1271 Τί
1551 1218 1730 1273 τοίνυν
1747 1219 1907 1290 ὑμεῖς

321 1306 422 1377 ἐμὲ
441 1308 755 1379 πτερνίζετε
776 1326 791 1374 ;
812 1309 1025 1379 Χρῆναι
1054 1310 1110 1364 δὲ
1134 1310 1504 1382 ὑπολαμϐάνω
1536 1312 1674 1382 πρὸς
1701 1310 1906 1383 ἀκριϐῆ

321 1398 648 1471 διασάφησιν
678 1400 790 1454 τῶν
816 1403 1192 1472 προκειμένων
1223 1404 1357 1472 ἡμῖν
1386 1401 1603 1455 ὲννοιῶν
1637 1403 1771 1457 ἄττα
1814 1403 1909 1456 xui

323 1490 418 1545 νῦν
439 1493 633 1559 εἰπεῖν,
666 1492 704 1548 ά
736 1493 831 1547 xui
864 1495 923 1547 έν
950 1496 1064 1560 τοῖς
1104 1494 1199 1549 τοῦ
1232 1494 1440 1565 Ἕσδρα
1468 1495 1781 1566 γέγραπται
1813 1496 1906 1549 Βι-

324 1584 512 1650 ϐλίοις.
551 1585 768 1656 Ἐπειδὴ
802 1586 910 1659 γὰρ
931 1589 1203 1660 ἐπανῆκον
1246 1588 1325 1651 εἰς
1373 1589 1472 1659 τὴν
1523 1588 1780 1643 Ἰουδαίαν
1807 1588 1907 1660 τὴν

322 1678 682 1732 Βαϐυλωνίων
726 1678 954 1748 ἀφέντες
987 1680 1094 1750 γῆν
1144 1683 1191 1735 οἱ
1235 1682 1293 1748 ἐξ
1341 1680 1735 1753 Ἰερουσαλὴμ,
1765 1698 1903 1736 κατ-

319 1769 572 1839 ῳκήκασι
601 1769 701 1840 μὲν
723 1771 782 1823 ὲν
806 1773 919 1834 τοῖς
944 1770 1361 1842 Ἰεροσολύμοις.
1380 1772 1706 1846 Ἐγήγερται
1729 1772 1786 1826 δὲ
1815 1773 1909 1826 xui

321 1861 351 1913 ό
385 1860 531 1923 θεῖος
558 1862 707 1927 ναὺς,
739 1864 834 1917 xui
859 1860 927 1935 ἦν
954 1866 1011 1918 ὲν
1040 1868 1233 1937 κόσμῳ
1262 1865 1448 1920 λοιπὸν
1469 1865 1537 1920 τὰ
1570 1865 1681 1919 τῶν
1716 1865 1909 1937 ἱερέων
1944 1845 1983 1899 Β

321 1953 599 2025 τάγματα,
629 1955 775 2026 ᾡδοὶ,
813 1958 908 2010 xui
942 1957 1279 2029 ἱεροψάλται,
1310 1958 1405 2012 xui
1431 1959 1479 2011 οἰ
1526 1961 1640 2023 τοῖς
1667 1958 1909 2013 πυλῶσιν

322 2046 709 2118 ἐφεστηκότες.
742 2045 874 2103 Εἶτα
902 2049 956 2103 τί
978 2050 1039 2103 τὸ
1066 2050 1203 2121 μετά
1230 2049 1421 2116 τοῦτος
1461 2051 1726 2122 Ῥᾴθυμοι
1748 2052 1911 2121 γεγὸ-

322 2156 479 2193 νασιν
510 2142 558 2194 οἰ
587 2140 987 2212 λελυτρωμένοι
1009 2140 1136 2212 περί
1173 2158 1238 2211 γε
1263 2142 1323 2196 τὸ
1362 2142 1473 2196 δεῖν
1494 2143 1604 2196 τῶν
1634 2142 1796 2197 θείων
1817 2143 1912 2198 άν-

322 2230 577 2302 τέχεσθαι
598 2231 1007 2302 θεσπισμάτων.
1033 2234 1109 2287 Οὐ
1126 2234 1238 2305 γὰρ
1257 2251 1384 2304 τετη
1393 2235 1595 2305 ρήκασι
1615 2234 1707 2287 τὸν
1724 2234 1909 2305 νόμον,

324 2322 631 2392 λελόγισται
658 2325 715 2379 δὲ
745 2328 878 2397 παρ’
909 2327 1063 2381 οὐδὲν
1089 2328 1276 2392 αὐτοῖς
1300 2328 1399 2399 τῆς
1426 2328 1664 2399 ἀρχαίας
1690 2328 1914 2398 ἐντολῆς

324 2416 359 2485 ἠ
392 2415 724 2486 παράϐασις,
750 2418 846 2470 xui
879 2418 1249 2490 παρεκόμιζον
1273 2419 1373 2489 μὲν
1392 2421 1471 2483 εἰς
1508 2419 1701 2474 θυσίαν
1756 2420 1915 2488 μόλις

325 2508 419 2559 xui
441 2504 690 2579 ὀκνηρῶς
721 2508 792 2562 τά
817 2508 1015 2578 τυφλά,
1046 2510 1142 2563 xui
1187 2510 1527 2581 ἁρπάγματα
1552 2550 1568 2574 ,
1599 2512 1695 2565 xui
1741 2512 1911 2583 χωλά,

326 2598 421 2651 καὶ
448 2599 517 2652 τά
562 2599 948 2671 ένοχλούμενα.
996 2597 1129 2656 Εἶτα
1172 2601 1458 2674 κείραντες
1500 2604 1557 2656 ὲν
1604 2604 1815 2675 ἀγροῖς,
1855 2604 1915 2657 ὲν

325 2689 464 2761 ῷρα,
494 2691 590 2745 τὸν
618 2691 858 2764 άσταχυν
891 2695 989 2749 xui
1031 2695 1141 2766 μὴν
1194 2697 1289 2750 xui
1312 2696 1381 2750 τά
1415 2694 1581 2766 ἕτερα
1606 2696 1716 2750 τῶν
1744 2713 1914 2768 σπερο

331 2784 538 2852 μάτων,
560 2786 982 2856 ἀποτρυγῶντες
1005 2788 1062 2841 δὲ
1092 2787 1187 2841 xui
1212 2787 1511 2859 ἀμπέλους.
1538 2788 1634 2843 xui
1660 2788 1788 2853 τοὺς
1815 2789 1916 2859 τῆς

328 2876 514 2940 ἐλαίας
545 2881 793 2949 καρποὺς
825 2880 1191 2945 ὲκθλίϐοντες,
1219 2881 1280 2935 οὑ
1313 2881 1548 2945 δεκάτας
1596 2881 1876 2953 προσῆγον
1897 2921 1913 2947 ,

325 2968 390 3021 οὐ
427 2968 528 3032 τὰς
561 2971 704 3024 κατά
748 2971 913 3041 νόμον
952 2971 1242 3044 ἀπαρχάς.
1292 2972 1381 3029 ἴνα
1418 2972 1612 3044 ἔχοντα
1652 2972 1752 3043 τὴν
1782 2973 1917 3029 αὐτ-

326 3058 558 3127 άρκειαν
585 3060 657 3114 τά
679 3060 789 3114 τῶν
824 3062 1015 3133 ἱερέων
1051 3062 1312 3135 τάγματα
1333 3105 1350 3131 ,
1398 3064 1791 3138 προσιζήσειαν
1815 3064 1917 3137 μὲν

330 3152 758 3223 ἀπερισπάστως
785 3157 907 3218 ταῖς
926 3157 1008 3219 εἰς
1058 3154 1191 3210 Θεὸν
1221 3156 1523 3228 λατρείαις,
1560 3156 1915 3230 προσμένωσι

330 3241 389 3295 δὲ
415 3244 537 3305 ταῖς
587 3244 653 3297 ὲκ
686 3244 854 3315 νόμου
904 3244 1273 3316 τεταγμέναις
1319 3248 1501 3311 αὐτοῖς
1528 3246 1915 3320 λειτουργίαις.

333 3335 561 3399 Οὐδενὸς
580 3336 871 3408 τοιγαροῦν
892 3340 1464 3411 προσκεκομισμένου,
1487 3341 1923 3414 κατεσκευάσθη·

336 3442 436 3481 σαν
471 3427 522 3481 οἱ
554 3426 664 3482 τῶν
696 3428 859 3483 θείων
918 3428 1322 3503 θυσιαστηρίων
1376 3434 1673 3506 ἱερουργοὶ,
1715 3434 1921 3506 ἔρημός

333 3536 391 3572 τε
420 3517 596 3584 οὕτως
614 3520 1039 3593 ἀπομεμένηκεν
1068 3526 1098 3578 ό
1128 3523 1277 3590 λαὸς,
1308 3524 1369 3578 οὐ
1409 3524 1602 3590 θυσίας
1654 3524 1920 3597 τελουμέ-

334 3627 454 3681 νης,
486 3612 584 3682 οὐχ
619 3612 807 3684 ἑτέρου
837 3614 983 3679 τινος
1014 3615 1294 3687 δρωμένου
1355 3616 1465 3671 τῶν
1507 3618 1587 3682 εἰς
1642 3616 1801 3683 δόξαν
1830 3634 1921 3671 τε-

333 3701 574 3758 λούντων
597 3704 755 3761 Θεοῦ.
792 3706 1196 3780 Κατεφθείρετο
1244 3708 1310 3781 δὴ
1350 3707 1444 3764 οὖν
1489 3710 1706 3764 ἃπαντα
1736 3708 1922 3764 λοιπὸν

334 3795 406 3850 τά
432 3797 491 3851 ὲν
511 3798 723 3869 ἀγροῖς,
754 3798 899 3870 λιμῷ
920 3817 979 3853 τε
1002 3801 1417 3867 κατεπιέζοντο,
1449 3802 1545 3857 xui
1575 3801 1639 3874 δὴ
1690 3804 1785 3857 xui
1842 3805 1924 3867 εἰς

336 3886 495 3942 τοῦτο
521 3888 858 3945 κατώλισθον
892 3890 1139 3963 ἀνάγκης
1167 3908 1229 3946 τε
1283 3894 1379 3947 xui
1437 3894 1693 3965 ἀπορίας,
1724 3893 1803 3958 ὡς
1828 3894 1923 3948 xui

337 3978 480 4033 αὐτὰ
516 3980 800 4051 βούλεσθαι
828 3986 942 4047 τοῖς
972 3983 1157 4054 έχουσι
1186 3985 1395 4057 τροφὰς
1427 3985 1834 4056 άπεμπωλῆσαι
1854 3981 1925 4039 τά

336 4072 523 4163 τέκνει,
558 4075 754 4145 μέχρις
782 4075 850 4130 ἂν
893 4078 1130 4149 Ἔσδρας
1158 4080 1241 4142 εἰς
1292 4077 1547 4149 αἴσθησιν
1587 4078 1926 4149 κεκλημένος

334 4163 437 4235 τῆς
469 4164 620 4231 θείας
643 4167 835 4239 ὀργῆς,
877 4169 1158 4241 ἐπέσκηψε
1190 4170 1320 4242 περὶ
1349 4168 1559 4224 τούτων
1608 4171 1723 4234 τοῖς
1754 4171 1923 4240 ἡγου-

341 4255 522 4325 μένοις
554 4258 649 4312 τοῦ
712 4260 949 4332 Ἰσραήλ.
999 4262 1417 4334 Προσεκόμισάν
1457 4279 1516 4316 τε
1572 4261 1716 4317 οὕτω
1772 4262 1927 4333 μόλις

335 4347 570 4413 δεκάτας
596 4350 691 4405 xui
724 4352 1002 4424 ἀπαρχὰς,
1037 4354 1128 4408 xui
1152 4353 1339 4408 λοιπὸν
1361 4352 1686 4425 εἰσέδραμον
1714 4354 1928 4424 ἰερουρο

337 4442 444 4510 τοὶ,
476 4442 713 4515 ἔστησάν
764 4463 825 4500 τε
873 4446 943 4501 τά
1000 4446 1204 4519 συνήθη
1265 4446 1500 4518 δρῶντες
1560 4447 1620 4499 ὲν
1675 4445 1753 4517 τῷ
1787 4445 1922 4516 ναῷ.

2014 590 2093 635 tra
2103 598 2144 635 l'l
2162 581 2434 636 fallaciam
2450 594 2609 648 posse
2622 579 2879 649 deceptos
2893 576 3060 631 latere
3085 575 3334 638 forsitan,
3355 575 3608 644 quamvis

2010 675 2278 744 quispiam
2310 670 2732 727 insolentissima
2763 671 3011 739 qnmdam
3040 668 3395 723 commiserit.
3423 667 3608 735 Itaque

2010 767 2346 822 irascebatur
2372 764 2510 819 Esau
2538 764 2730 827 JaCob,
2758 772 2811 815 et
2837 762 3052 816 invidize
3079 760 3421 816 occasionem
3447 774 3607 813 enar-

2010 874 2137 911 rans
2176 857 2428 910 dicebat:
2466 872 2485 906 ι
2519 852 2893 924 Supplantavit
2940 851 3086 908 enim
3126 866 3211 905 me
3257 850 3427 902 altera
3469 848 3606 903 vice.

2009 948 2370 1020 Primogeuita
2404 962 2520 1001 mea
2550 957 2676 1001 ante
2705 945 2847 1007 tulit,
2874 954 2929 997 et
2968 960 3113 999 nunc
3143 944 3407 1011 subripuit
3442 944 3607 997 bene-

2008 1040 2300 1095 dictionem
2340 1034 2603 1093 meant”.
2629 1055 2648 1089 ι
2669 1034 2803 1089 Νιιιιι
2838 1035 3001 1104 igitur
3034 1035 3195 1089 homo
3226 1035 3329 1089 erit
3361 1034 3607 1101 superior

2012 1133 2141 1197 Deo,
2169 1130 2366 1198 inquit.
2396 1139 2492 1185 aut
2519 1128 2739 1197 diripiet
2771 1128 2954 1181 omnia
2980 1126 3438 1193 scientem‘lQnid
3475 1141 3605 1195 ergo

2008 1241 2107 1281 vos
2136 1240 2222 1279 me
2260 1222 2653 1294 supplantatisi
2684 1220 2952 1276 Existimo
2982 1233 3163 1275 autem
3199 1220 3265 1274 ad
3308 1220 3602 1288 pleniorem

2010 1318 2432 1374 declarationem
2486 1315 2779 1385 propositae
2829 1314 3115 1368 sententia:
3163 1311 3409 1379 quaedam
3462 1326 3607 1366 nunc

2009 1423 2223 1481 quoque
2256 1408 2524 1462 alierenda
2558 1406 2610 1460 in
2650 1404 2907 1470 medimn,
2952 1420 3072 1475 quae
3099 1404 3151 1458 in
3194 1402 3372 1459 Libris
3422 1401 3606 1457 Esdne

2009 1503 2207 1569 scripta
2240 1509 2478 1555 exstant.
2506 1496 2777 1568 Babylone
2809 1498 2860 1550 in
2895 1494 3136 1551 Judaeum
3168 1494 3607 1566 llierosolymitze

2010 1594 2213 1649 reversi
2257 1590 2691 1663 Hierosolymam
2741 1590 3079 1646 habitarunt.
3125 1587 3475 1643 [Ealiticatum
3520 1594 3608 1641 est

2010 1685 2252 1739 divinum
2308 1680 2595 1752 templum,
2649 1689 2705 1735 ει
2745 1678 3016 1734 ﬂorebant
3051 1677 3311 1747 deinceps
3352 1678 3607 1732 sacerdo-

2014 1786 2123 1830 tum
2174 1774 2411 1837 ordines,
2461 1782 2738 1838 cantores,
2790 1771 2977 1841 psaltze
3031 1777 3085 1824 et
3139 1769 3427 1837 ianitores.
3465 1768 3605 1835 Quid

2013 1868 2237 1938 postea?
2277 1867 2554 1922 Servitute
2598 1863 2814 1919 liberati
2848 1864 2902 1919 in
2937 1861 3138 1918 divinis
3181 1861 3417 1917 oraculis
3453 1876 3607 1917 exse.

2013 1960 2242 2032 quendis
2284 1960 2488 2014 inertes
2514 1966 2827 2014 evaserunt.
2868 1954 2976 2011 Nec
3011 1957 3156 2011 enim
3200 1953 3372 2025 legem
3416 1970 3607 2008 serva-

2015 2055 2165 2118 bant,
2202 2062 2257 2106 et
2308 2060 2465 2105 vetus
2506 2048 2824 2104 mandatunt
2864 2063 2961 2120 per
3008 2047 3194 2103 ludum
3242 2045 3609 2118 transgredieo

2016 2148 2232 2211 bantur,
2254 2154 2303 2200 et
2332 2144 2399 2198 ad
2432 2141 2762 2199 sacriﬁcium
2792 2154 2936 2209 aegre
2981 2147 3407 2207 cunctanterque
3438 2153 3607 2202 eaea,

2016 2249 2168 2309 rapta
2205 2246 2261 2293 et
2292 2235 2491 2293 debilia
2524 2235 2928 2289 ministrabant.
2959 2231 3186 2295 Deinde,
3214 2245 3313 2286 suo
3344 2240 3607 2299 tempore,

2015 2330 2068 2384 in
2097 2331 2245 2400 agris
2287 2337 2499 2399 segetes
2522 2328 2737 2397 aliaque
2765 2325 3037 2394 legumina
3066 2326 3364 2389 dementes,
3392 2332 3447 2379 et
3478 2337 3610 2379 uvas

2015 2420 2349 2489 colligentes,
2375 2426 2431 2474 et
2454 2419 2635 2473 oleum
2664 2417 3056 2485 exprimentes,
3074 2428 3175 2469 nee
3199 2413 3464 2476 decimas,
3485 2426 3607 2479 nec,

2015 2516 2312 2569 secundum
2349 2512 2545 2583 legem,
2584 2510 2856 2582 primitias
2896 2507 3298 2579 persolvebant,
3338 2504 3510 2578 859
3552 2514 3613 2561 ut

2016 2610 2359 2664 sacerdotum
2391 2606 2608 2660 ordines
2644 2605 2788 2676 quod
2821 2604 2957 2657 satis
2986 2611 3135 2657 esset
3176 2601 3462 2665 haberent,
3491 2598 3611 2654 cul-

2019 2710 2242 2770 tumque
2277 2699 2517 2753 tlivinum
2544 2696 2681 2752 citra
2714 2694 3063 2750 solitudinem
3090 2691 3614 2760 distractionequ

2015 2792 2387 2855 celebrarent,
2423 2800 2587 2860 atque
2610 2788 2665 2844 in
2706 2786 3027 2843 ministeriis
3065 2785 3182 2857 lege
3219 2783 3484 2840 institutis
3516 2798 3610 2837 as-

2016 2887 2174 2940 siduo
2209 2892 2588 2939 versarentur.
2623 2881 2783 2935 Nullo
2817 2881 2984 2952 igitur
3014 2880 3205 2934 borum
3242 2876 3444 2942 oblato,
3476 2874 3614 2929 divi-

2018 2989 2211 3032 norum
2258 2974 2508 3029 altarium
2547 2972 2780 3028 ministri
2822 2972 2963 3026 sacri
2999 2969 3173 3024 delusi
3224 2979 3371 3033 sunt,
3406 2974 3461 3022 et
3507 2980 3610 3035 po-

2018 3068 2175 3138 pulus
2205 3068 2277 3121 ita
2306 3066 2595 3121 destitutus
2638 3061 2872 3129 mansit,
2904 3077 3025 3115 cum
3062 3076 3160 3115 nec
3191 3074 3344 3114 sacra
3382 3072 3608 3129 perage.

1944 3189 1987 3249 α
2024 3171 2233 3225 rentur,
2260 3173 2362 3215 nec
2391 3157 2535 3213 aliud
2568 3156 2846 3228 quidpiam
2882 3154 2951 3210 ad
2984 3155 3077 3209 Dei
3116 3153 3342 3222 gloriam
3387 3160 3613 3249 praesta-

2023 3260 2172 3309 retur
2191 3251 2257 3305 ⁸⁵.
2293 3249 2430 3305 Hinc
2459 3248 2639 3304 omnia
2673 3248 2726 3303 in
2756 3248 2902 3319 agris
2929 3245 3326 3307 moriebantur,
3350 3252 3406 3297 et
3431 3241 3603 3296 fames

2020 3342 2304 3411 satviebat;
2334 3341 2462 3412 quin
2483 3354 2549 3396 eo
2576 3338 2926 3395 necessitatis
2974 3347 3033 3393 et
3066 3336 3262 3405 inopiae
3290 3333 3614 3402 redigebat)-

2024 3445 2131 3501 tur,
2165 3443 2224 3491 ut
2262 3435 2409 3507 ipsos
2462 3446 2678 3505 quoque
2726 3430 2926 3487 liberos
2972 3430 3259 3485 alimenta.
3289 3425 3613 3483 habentibus

2025 3527 2263 3583 vendere
2307 3540 2414 3581 non
2473 3522 2811 3595 refugerent,
2842 3522 3018 3578 donec
3057 3521 3277 3586 Esdras,
3322 3520 3499 3574 divina
3533 3518 3613 3572 ira

2024 3628 2338 3690 perspecta,
2390 3630 2557 3687 super
2602 3616 2686 3671 bis
2729 3614 3007 3686 principes
3058 3612 3225 3670 Israel
3284 3610 3612 3679 objurgavit.

2024 3711 2202 3780 Atque
2228 3708 2302 3762 ita
2331 3708 2568 3771 demum,
2598 3720 2907 3776 quanquam
2940 3704 3056 3769 vix,
3087 3702 3313 3757 deciuue
3337 3710 3398 3754 et
3424 3696 3617 3767 primi-

2025 3802 2118 3858 tia
2150 3802 2368 3869 oblatae,
2393 3812 2451 3856 et
2478 3815 2544 3855 ex
2573 3814 2638 3852 eo
2662 3798 2976 3853 sacerdotes
3002 3797 3054 3852 in
3088 3793 3346 3865 templmn
3379 3789 3617 3862 regressi

2026 3905 2196 3957 stare,
2222 3904 2277 3949 et
2307 3900 2566 3949 consueta
2600 3907 2823 3948 munera
2853 3891 3006 3947 obire
3033 3896 3317 3957 creperum
3337 3886 3407 3940 ⁸⁸.
3440 3885 3619 3955 lnquit

2024 4000 2178 4056 ergo,
2200 4004 2221 4037 ι
2250 3984 2430 4052 Quare
2446 3997 2543 4038 vos
2560 3997 2648 4037 me
2667 3980 3071 4051 supplantatis?
3095 4001 3114 4033 9
3140 3980 3326 4034 Annus
3356 3993 3615 4034 consum-

2026 4088 2206 4134 matus
2234 4085 2337 4142 est,
2386 4074 2591 4130 fructus
2613 4073 2849 4139 collecti,
2876 4084 2931 4128 et
2960 4071 3101 4140 apud
3139 4085 3236 4125 vos
3266 4070 3445 4123 adhuc
3489 4074 3620 4123 sunt

2025 4173 2251 4229 decima:
2300 4179 2357 4227 et
2384 4169 2638 4241 primitiae
2684 4167 2891 4239 legibus
2935 4166 3151 4221 debitae.
3194 4182 3214 4216 ι
3244 4162 3311 4219 Et
3353 4163 3408 4217 in
3457 4162 3619 4215 domo

2026 4277 2217 4318 eorum
2244 4261 2379 4328 erit,
2427 4260 2637 4330 inquit,
2684 4259 2872 4327 rapina
2922 4270 3146 4314 eorum:
3174 4271 3195 4307 ι
3237 4268 3302 4307 ac
3340 4252 3386 4306 si
3426 4251 3615 4305 dicat:

2027 4355 2418 4425 Comportastis
2466 4352 2684 4423 quidem
2738 4352 2789 4406 in
2827 4351 3019 4406 domos
3050 4358 3259 4403 vestras
3303 4344 3533 4412 fructus,
3562 4354 3618 4400 et

2029 4447 2370 4502 arbitramini
2421 4444 2650 4501 forsitan
2708 4444 2859 4497 vobis
2908 4455 3003 4498 eos
3059 4440 3237 4496 salvos
3285 4447 3341 4494 et
3392 4445 3512 4491 tuto
3564 4436 3617 4490 ia

346 4552 363 4583 ι
401 4533 501 4587 Διὰ
521 4536 574 4588 τί
594 4538 796 4602 τοίνυν,
832 4538 1022 4610 φησὶν,
1055 4538 1218 4609 ὑμεῖς
1266 4538 1367 4610 ἐμὲ
1400 4538 1752 4610 πτερνίζετε;
1793 4556 1814 4590 ι
1853 4537 1929 4592 Τὸ

2032 4541 2237 4595 adibus
2271 4540 2541 4608 repositos
2566 4538 2703 4593 fore.
2735 4536 3094 4596 Evanescent,
3117 4543 3170 4588 et
3199 4547 3229 4585 a
3257 4529 3463 4601 rapinis
3485 4525 3619 4584 nihil

339 4626 460 4693 ἔτος
495 4629 873 4703 συνετελέσθη,
910 4630 1260 4702 συνήχθησαν
1287 4631 1337 4684 οἰ
1366 4630 1594 4702 καρποὶ,
1651 4632 1746 4685 xui
1793 4632 1926 4703 παρ’

340 4718 471 4789 ὑμῖν
499 4721 580 4775 ἔτι
611 4722 683 4776 τὰ
708 4723 1022 4788 ὲπιδέκατα,
1045 4723 1140 4778 xui
1166 4724 1224 4777 αἰ
1258 4723 1398 4779 κατά
1428 4724 1626 4794 νόμους
1653 4722 1923 4795 ἀπαρχαί.

2034 4631 2304 4688 different.
2323 4631 2641 4702 Aﬂligemiui
2665 4631 2810 4686 enim
2836 4628 3001 4693 fame,
3024 4625 3240 4682 tametsi
3263 4627 3479 4679 iuventa
3496 4636 3619 4677 cum

2033 4721 2233 4778 sudore
2261 4722 2575 4792 collegistis.

349 4833 367 4865 ι
402 4816 511 4869 Kui
538 4817 597 4869 έν
625 4814 702 4886 τῷ
738 4816 873 4885 οῖκῳ
900 4815 1066 4870 αὐτοῦ
1096 4815 1249 4870 ἔσται
1270 4858 1284 4881 ,
1350 4814 1537 4888 φησιν,
1576 4818 1608 4887 ἡ
1681 4813 1959 4886 διαρπαγὴ
2032 4811 2220 4866 αὐτοῦ’
2243 4830 2262 4863 ι
2299 4813 2488 4881 ὅμοιον
2512 4812 2586 4876 ὡς
2613 4810 2662 4865 εἰ
2716 4809 2886 4880 λέγοιο
2939 4805 3379 4879 Συνεκομίσασθε
3433 4803 3534 4875 μὲν
3562 4801 3620 4869 ιε

344 4908 529 4978 ἀγρῶν
567 4910 624 4960 ἰν
660 4911 773 4972 τοῖς
799 4908 969 4973 οἴκοις
993 4910 1122 4973 τοὺς
1174 4910 1440 4980 καρποὺς,
1486 4908 1628 4980 τάχα
1686 4925 1791 4962 που
1823 4908 1918 4962 xui
1956 4906 2136 4961 οἴεσθε
2197 4903 2467 4971 σώζεσθαί
2505 4922 2567 4959 τε
2631 4905 2761 4976 ὑμῖν
2795 4904 2995 4963 αὐτοὺς
3016 4902 3111 4957 xui
3135 4898 3197 4955 εὖ
3252 4898 3463 4954 κεῖσθαι
3502 4896 3621 4950 λίαν

344 5000 406 5052 ὲν
438 5000 629 5063 αὐταῖς
651 5002 772 5063 ταῖς
795 5000 1010 5063 οἰκίαις.
1051 5001 1556 5073 Ἀφανισθήσονται,
1620 5001 1715 5055 xui
1770 4999 1921 5054 οὐδὲν
1957 4998 2271 5069 διαρπαγῆς
2321 4997 2514 5051 διοίσει
2578 4998 2640 5051 τὸ
2702 4997 2912 5069 χρῆμα.
2960 4991 3481 5063 Καταπιεσθήσεσθε
3512 4991 3622 5061 γὰρ

346 5092 509 5163 λιμῷ,
530 5093 704 5146 καίτοι
735 5090 1171 5161 συνενεγκόντες,
1202 5093 1355 5164 φησί,
1388 5094 1445 5147 ἐν
1468 5092 1651 5164 ίδρῶτι
1681 5090 1835 5164 μόλις
1861 5089 1930 5144 τά
1967 5087 2268 5160 εὑρημένα.

417 5187 690 5259 Εἰσόμεθα
734 5182 828 5242 οὖν
884 5186 1178 5243 κάντεῦθεν
1220 5189 1385 5257 ⁴ἡμεῖς
1438 5187 1514 5250 ῶς
1548 5188 1607 5241 ὲν
1665 5187 1931 5260 μεγάλαις

348 5282 547 5345 αἰτίαις
575 5281 818 5335 κείσεται
845 5281 908 5335 τὺ
947 5280 1023 5351 μὴ
1076 5280 1375 5351 προσάγειν
1419 5278 1540 5350 Θεῷ
1583 5278 1653 5334 τά
1711 5280 1931 5351 εὐχαρι-

350 5373 546 5443 στήρια
564 5372 660 5426 xui
683 5371 743 5426 δν
791 5370 859 5425 ἂν
892 5369 1179 5442 χαρίσαιτο
1201 5368 1301 5441 τὴν
1328 5368 1606 5440 ἀρκοῦσαν
1633 5369 1931 5441 ἀπονέμειν

348 5461 533 5535 χώραν
555 5465 636 5527 εἰς
659 5462 816 5529 δόξαν
846 5461 1035 5517 αὐτοῦ.
1080 5461 1223 5515 Ἀλλ’
1252 5463 1302 5515 εἰ
1339 5462 1439 5531 μὲν
1463 5461 1621 5516 τοῦτο
1648 5460 1796 5533 δρῴη
1808 5478 1928 5531 μεν,

350 5551 529 5623 πάντη
578 5571 639 5608 τε
695 5554 790 5609 xui
837 5552 1057 5617 πάντως
1110 5551 1396 5624 εὐλογήσει
1450 5553 1545 5607 xui
1598 5552 1932 5624 ἀμφιλαφῶς

354 5644 624 5712 χαριεῖται
657 5643 725 5696 τά
756 5642 957 5698 ἀναθά.
1006 5644 1069 5697 Εἰ
1107 5641 1165 5697 δὲ
1189 5644 1254 5714 δὴ
1288 5643 1387 5716 τὴν
1418 5646 1578 5715 χεῖρα
1618 5645 1932 5700 συστείλαν-

2112 5182 2393 5239 Discemns
2447 5182 2572 5237 hinc
2611 5181 2777 5237 etiam
2828 5194 2927 5235 nos
2966 5178 3149 5251 magni
3201 5176 3449 5233 criminis
3501 5191 3621 5230 .ocn

2028 5275 2333 5330 ducendum
2364 5290 2469 5329 non
2502 5274 2700 5330 ol'l'erre
2734 5274 2842 5328 Deo
2878 5274 3075 5343 quibus
3112 5269 3495 5341 gratitudinem
3526 5286 3620 5325 nov

2030 5378 2198 5421 stram
2223 5367 2582 5433 ostendimus,
2607 5377 2661 5422 et
2685 5383 2873 5438 agrum
2896 5381 3057 5436 quem
3083 5364 3173 5419 ille
3195 5363 3359 5418 victui
3391 5361 3621 5417 ferendo

2032 5458 2387 5516 sufﬁcientem
2413 5461 2713 5522 donaverit,
2741 5459 2808 5513 ad
2836 5457 3061 5529 gloriam
3095 5456 3185 5512 Dei
3215 5454 3439 5512 referre.
3466 5452 3623 5522 Quod

2033 5551 2080 5606 si
2113 5552 2397 5616 faciamus,
2442 5552 2769 5608 omnimodis
2817 5549 3103 5607 benedicet
3136 5557 3193 5605 et
3236 5546 3440 5605 aﬂatiat
3484 5547 3622 5603 bona

2036 5642 2315 5717 largietur.
2366 5644 2461 5700 Sin
2490 5654 2695 5711 autem,
2730 5660 2948 5700 manum
2985 5642 3394 5710 contrahentes,
3437 5650 3624 5695 nostro

424 5816 468 5848 "
497 5816 633 5875 Gen.
672 5833 840 5884 uvn,
870 5818 956 5874 '56.
1037 5818 1082 5852 ⁸⁵
1110 5818 1151 5875 ll
1181 5818 1338 5877 Esdr.
1368 5836 1487 5889 xm,
1534 5822 1597 5877 l5
1649 5838 1803 5895 seqq.
1879 5823 1921 5857 ⁸³
1958 5821 2173 5878 llEsdr.
2210 5840 2256 5888 v,
2300 5823 2316 5878 l
2383 5839 2536 5893 seqq.
