4120 6376
497 353 627 442 ’διν

1546 376 1607 434 S.
1647 374 1926 433 CYRILLI
1963 368 2441 432 ALEXANDRINI
2481 364 2799 424 ARCIIIEP.

3696 358 3807 417 τις

518 494 889 555 tantummodo
927 492 1089 566 genio
1130 499 1351 562 accepta
1403 491 1821 560 reservabimns,
1854 507 1953 548 nec
1981 490 2097 546 ala-

2213 503 2311 550 τες,
2344 484 2533 555 μόναις
2553 484 2675 546 ταῖς
2699 478 2911 535 ἑαυτῶν
2941 478 3172 548 τρυφαῖς
3196 475 3258 529 τὸ
3284 473 3450 547 δοθὲν
3466 476 3803 547 τηρήσομεν,

517 591 687 646 criter
709 588 831 643 aliis
865 585 960 642 Dei
999 585 1140 640 dona
1168 581 1779 640 communicaverimus.

591 766 754 821 Vsus.
791 762 977 820 ιο-ιε.
1020 760 1354 817 Reuertintini
1383 776 1543 831 porro
1573 761 1629 815 in
1674 760 1793 823 hoc,
1825 758 1952 813 dicit
1991 757 2100 811 Do-

516 858 692 911 ntintts
734 857 1083 923 omnipotens.
1112 852 1173 909 Si
1214 870 1318 908 non
1350 854 1587 922 aperiam
1633 853 1774 907 robis
1807 861 2103 905 cataractas

517 950 653 1016 caeli,
683 962 735 1004 et
773 949 1043 1019 eﬁ'undant
1075 946 1217 1003 vobis
1251 945 1663 1000 benedictionem
1702 960 1902 1008 meam,
1939 943 2103 997 donec

517 1042 757 1112 sufﬁciat.
776 1039 843 1094 Et
870 1040 1102 1095 dividant
1115 1037 1254 1093 vobis
1281 1038 1338 1091 in
1365 1038 1559 1091 cibum.
1586 1033 1654 1089 Et
1676 1052 1781 1090 non
1804 1035 2105 1101 disperdam

518 1133 659 1188 vobis
693 1134 927 1201 fructum
970 1141 1128 1187 terra
1162 1141 1367 1194 vestra,
1394 1138 1443 1184 et
1483 1145 1588 1183 non
1631 1127 1989 1198 infirmabitur
2023 1141 2106 1180 ve-

517 1232 630 1277 stra
665 1223 816 1278 vinea
872 1222 928 1276 in
960 1237 1111 1291 agro,
1152 1221 1281 1276 dicit
1326 1220 1585 1275 Dominus
1638 1218 1985 1285 omnipotens.
2035 1218 2102 1271 Et

520 1314 697 1369 beatos
736 1313 911 1367 dicent
951 1329 1038 1368 vos
1068 1328 1246 1367 omnes
1275 1322 1471 1382 gentes,
1503 1310 1628 1381 quia
1663 1311 1810 1382 erilis
1850 1310 1977 1363 nti/ti
2016 1325 2104 1364 vos

519 1418 664 1461 terra
690 1404 1071 1471 desiderabilis,
1098 1405 1224 1459 dicit
1252 1381 1507 1457 Dominus
1540 1381 1882 1471 omnipotebss.

587 1670 758 1744 θθο
783 1668 1028 1726 XXXIX.
1068 1666 1269 1725 lterum
1330 1668 1560 1724 crimina
1612 1667 1871 1733 remittit,
1914 1676 1970 1723 et
2010 1683 2106 1724 eos

2204 577 2319 631 οὐτ’
2346 578 2413 630 ἂν
2442 575 2762 644 ὲπιδοὶημεν
2786 570 3084 642 προθύμως
3116 572 3232 633 τοῖς
3264 567 3447 630 ἄλλοις
3477 569 3557 629 εἰς
3583 566 3804 637 μέθεξιν

2202 669 2272 723 τὰ
2304 668 2462 740 παρὰ
2498 667 2637 721 Θεοῦ
2661 667 2989 738 δωρήματα.

2289 761 2729 829 Ἐπιστρέψατε
2760 757 2846 827 δὴ
2869 757 2941 811 ἐν
2970 756 3178 819 τούτῳ,
3214 752 3377 824 λέγει
3401 754 3618 822 Κύριος
3652 768 3805 806 παν-

2204 853 2525 924 τοκράτωρ.
2574 852 2717 907 Ἐὰν
2739 849 2825 921 μὴ
2875 848 3101 914 ἀνυίξω
3140 846 3295 917 ὑμῖν
3336 844 3480 912 τοὺς
3508 844 3805 913 καταρῤά-

2207 963 2356 1013 strag-
2378 945 2485 1000 τοῦ
2512 942 2798 1014 οὐρανοῦ,
2832 940 2931 996 καὶ
2969 938 3158 1010 ἐκχεῶ
3201 937 3329 1007 τὴν
3355 938 3646 1007 εὐλογίαν
3677 954 3800 1006 μου

2205 1038 2367 1107 ὑμῖν,
2395 1037 2507 1104 ἕως
2558 1035 2667 1090 τοῦ
2711 1033 3103 1101 ίκανωθῆναι.
3156 1032 3266 1088 Καὶ
3306 1028 3605 1085 διαστελῶ
3657 1027 3805 1099 ὑμῖν

2205 1132 2291 1196 είς
2308 1128 2569 1197 βρῶσιν.
2600 1125 2713 1183 Καὶ
2768 1128 2843 1181 οὐ
2883 1125 2970 1195 μὴ
3010 1120 3317 1193 διαφθαρῶ
3355 1123 3498 1194 ὑμῖν
3528 1122 3633 1177 τὸν
3662 1138 3805 1191 scapo

2205 1222 2326 1276 πὸν
2357 1220 2465 1289 τῆς
2492 1218 2628 1289 γῆς,
2658 1216 2760 1273 καὶ
2791 1219 2864 1272 οὐ
2886 1216 2987 1287 μὴτ
3024 1215 3345 1285 ἀσθενήσῃ
3387 1214 3557 1285 ὑμῶν
3617 1214 3656 1279 ἡ
3692 1215 3804 1285 ἄμ-

2205 1318 2393 1381 πελος
2451 1312 2491 1379 ἡ
2519 1312 2591 1366 ἐν
2630 1309 2713 1377 τῷ
2756 1308 2954 1380 ἀγρῷ,
2995 1307 3160 1379 λέγει
3201 1307 3421 1375 Κύῂιος
3461 1303 3802 1373 παντοκρά.

2204 1425 2341 1476 τωρ.
2410 1404 2520 1460 Καὶ
2583 1402 3016 1473 ιιακαριοῦσινζ
3042 1398 3203 1471 ὑμᾶς
3251 1399 3449 1454 πάντα
3494 1399 3570 1453 τὰ
3614 1398 3758 1465 ἔθνη
3783 1436 3800 1460 ,

2204 1500 2355 1553 διότι
2385 1499 2605 1553 ἔσεσθε
2629 1495 2799 1566 ὑμεῖς
2826 1493 2903 1565 γῆ
2936 1493 3184 1562 θελητὴ,
3222 1491 3386 1562 λέγει
3412 1492 3629 1561 Κύριος
3661 1507 3804 1543 παν-

2204 1590 2525 1661 τοκράτωρ.

2273 1681 2399 1740 ΛΘ’.
2426 1683 2597 1737 Πάλιν
2643 1682 2859 1754 ἀνίησιν
2889 1680 3255 1751 ἐγκλημάτων
3278 1719 3293 1743 ,
3338 1678 3433 1732 καὶ
3462 1675 3800 1730 ἀπαλλάττει

518 1765 666 1820 omni
687 1766 845 1835 culpa
861 1760 1116 1826 absolvit,
1144 1761 1543 1831 promittitque,
1570 1758 2106 1817 contritisoblivione

2213 1777 2310 1850 μὲν
2331 1776 2529 1841 αὐτοὺς
2558 1775 2776 1846 ἁπάσης
2801 1774 3003 1837 αἰτίας,
3034 1774 3377 1843 ὑπισχνεῖται
3406 1769 3464 1823 δὲ
3494 1769 3590 1823 καὶ
3626 1769 3806 1838 ἀμνη-

520 1856 759 1928 injuriis,
780 1834 965 1927 optata
999 1856 1361 1919 donaturum,
1388 1863 1441 1908 et
1473 1868 1570 1909 eos
1610 1866 1774 1923 supra
1800 1867 1965 1923 quam
2001 1852 2107 1907 dici

2213 1834 2453 1930 σικὰκως
2476 1834 2790 1938 χαριεῖσθαι
2821 1861 2891 1917 τὰ
2919 1834 3038 1917 κατ’
3071 1834 3259 1932 εὐχῆν,
3278 1860 3373 1914 καὶ
3400 1861 3521 1923 ταῖς
3546 1834 3803 1912 ἐπέκεινα

518 1948 692 2021 possit
734 1946 1096 2003 muniﬁcentia
1146 1960 1245 2002 sua
1294 1954 1688 2002 recreaturum.
1741 1942 1866 1998 Vult
1923 1951 2106 1998 autem

520 2042 642 2097 illos
685 2041 801 2111 ipsa
838 2039 1176 2111 experientia
1210 2046 1267 2094 et
1305 2039 1469 2095 rebus
1504 2037 1716 2091 discere
1764 2034 2103 2091 fertilitatem

520 2134 772 2195 utilitatis
796 2132 1193 2205 plenissimam.
1222 2129 1329 2196 Et,
1375 2130 1422 2185 si
1452 2130 1555 2185 hoc
1585 2127 1766 2184 facere
1816 2144 1922 2184 non
1953 2144 2110 2185 recu-

518 2237 662 2293 sent,
696 2226 1002 2299 pluviarum
1030 2225 1420 2283 abundantiam
1450 2235 1506 2280 et
1534 2223 1974 2280 benedictionem
2000 2224 2110 2280 lar-

519 2335 641 2387 gam
685 2318 934 2389 spondet,
979 2327 1041 2374 ut
1083 2317 1489 2375 esculentorum
1527 2318 1668 2374 satis
1713 2326 1771 2374 et
1816 2317 2109 2388 plusquam

518 2411 656 2471 satis
697 2411 967 2475 habeant,
1012 2410 1344 2479 omninoque
1375 2408 1589 2482 frugum
1646 2420 1804 2466 terra;
1844 2422 2107 2481 quantum

520 2502 690 2557 velint
721 2502 1043 2573 percipiant.
1078 2519 1099 2554 ι
1131 2500 1375 2557 Dividam
1405 2501 1576 2568 enim,
1611 2500 1810 2571 inquit,
1839 2500 1893 2555 in
1925 2500 2107 2557 cibum

519 2597 695 2653 vobis.
723 2616 743 2650 ι
779 2594 1024 2652 Verbum
1058 2595 1307 2652 Dividam
1361 2593 1753 2665 interpretare,
1796 2604 1890 2650 aut
1936 2593 2109 2664 Sepa-

522 2690 687 2754 rabo;
715 2697 809 2743 aut
831 2688 955 2758 quia
980 2702 1103 2757 qua:
1122 2700 1153 2741 e
1178 2697 1320 2741 terra
1347 2688 1663 2757 gignuntur,
1691 2686 2111 2757 unumquodque

521 2797 677 2836 situm
714 2791 927 2851 tempus
965 2779 1130 2835 habet
1158 2794 1269 2849 quo
1298 2779 1381 2834 vel
1415 2779 1617 2835 crescit
1648 2778 1732 2835 vel
1772 2778 2107 2835 maturescit.

521 2874 668 2931 Nihil
714 2889 877 2946 porro
923 2872 1237 2930 detrimenti
1288 2887 1576 2943 passurum
1624 2881 1785 2929 terra
1835 2871 2111 2935 fructum,

521 2983 769 3039 tnagnam
815 2967 943 3022 item
984 2965 1100 3022 fore
1146 2979 1372 3021 uvarum
1405 2964 1657 3036 copiam,
1703 2973 1759 3021 et
1810 2964 2024 3021 vineam
2058 2963 2111 3019 in

520 3059 668 3131 agris
690 3056 1211 3122 lnculentissimam,
1239 3069 1297 3112 ut
1326 3057 1397 3112 ad
1429 3057 1801 3112 maturitatem
1840 3053 2114 3126 perductis

2209 1958 2371 2026 λόγου
2403 1952 2831 2026 κατευφραίνειν
2886 1950 3248 2022 φιλοτιμίαις.
3309 1950 3568 2004 Βούλεται
3619 1948 3677 2003 δὲ
3714 1946 3806 2001 διὰ

2209 2048 2407 2118 πείρας
2427 2045 2629 2108 αὐτοὺς
2651 2045 2747 2099 καὶ
2784 2043 3129 2116 πραγμάτων
3166 2042 3495 2114 ἀναμαθεῖν,
3543 2041 3620 2104 ὼς
3647 2038 3809 2093 ἐσται

2212 2139 2429 2202 πάντως
2458 2139 2643 2202 αὐτοές
2669 2137 2730 2190 τὺ
2758 2137 3132 2208 καρποφορεῖν
3164 2135 3512 2207 ὀνησιφόρον.
3573 2134 3684 2188 Καὶ
3704 2175 3719 2200 ,
3754 2134 3805 2187 εί

2207 2231 2370 2285 τοῦτο
2388 2231 2522 2303 δρᾷν
2544 2230 2770 2294 ἕλοιντο,
2798 2225 3134 2283 καταδὼσειν
3165 2228 3561 2296 ζεπαγγέλλεται
3584 2228 3680 2281 καλ⁸
3704 2224 3805 2297 τὴν

2207 2321 2319 2377 τῶν
2346 2321 2519 2376 ὑετῶν
2570 2320 2802 2391 ἄφθονον
2829 2318 3137 2391 χορηγίαν,
3189 2317 3480 2388 ἀμφιλαφῆ
3522 2316 3582 2370 δὲ
3621 2318 3806 2388 νεῖμαι

2209 2414 2317 2487 τὴν
2338 2412 2610 2483 εὐλογίαν,
2643 2413 2721 2478 ῶς
2752 2412 2897 2485 ἔχειν
2935 2413 3140 2479 αὐτοὺς
3184 2411 3293 2465 τῶν
3342 2408 3619 2479 ἐδωδίμων
3646 2408 3808 2479 ἄφθο-

2209 2506 2300 2561 νον
2350 2506 2449 2579 τὴν
2502 2505 2862 2578 αὐτάρκειαν,
2921 2505 3021 2560 καὶ
3064 2502 3403 2570 ἁπαξαπλῶς
3454 2502 3563 2556 τῶν
3596 2502 3660 2555 ὲκ
3702 2501 3805 2572 γῆς

2209 2598 2435 2669 ἀγαθῶν
2479 2598 2587 2671 τὴν
2636 2597 2970 2671 ἀποχρῶσαν
2995 2596 3257 2670 μέθεξιν.
3301 2616 3319 2649 ι
3351 2594 3629 2650 Διαστελῶ
3657 2596 3766 2665 γὰρ
3788 2633 3804 2656 .

2212 2691 2399 2762 φησὶν,
2427 2690 2559 2761 ὑμῖν
2587 2692 2668 2755 είς
2696 2690 2921 2762 βρῶσιν.
2953 2708 2973 2744 ι
3011 2689 3085 2743 Τὸ
3116 2690 3175 2744 δὲ
3197 2687 3494 2744 διαστελῶ
3532 2688 3743 2759 νοήσεις
3771 2687 3805 2758 ἢ

2224 2780 2485 2854 Ἀφοριῶ,
2516 2781 2685 2854 ἧγουν
2716 2782 2798 2836 ὅτι
2829 2781 2938 2836 τῶν
2994 2782 3061 2836 ὲκ
3113 2781 3218 2853 γῆς
3248 2780 3536 2852 φυομένων
3576 2780 3809 2833 ἕκαστον

2213 2873 2345 2929 [διον
2367 2874 2480 2943 ἔχει
2513 2874 2726 2945 καιρὸν,
2754 2872 2879 2928 καθ’
2901 2873 2962 2928 ὃν
2989 2872 3024 2945 ἢ
3054 2872 3267 2943 γίνεται
3305 2872 3519 2944 τυχδνῆ
3544 2872 3804 2926 πεπαίνε-

2211 2985 2323 3022 ται.
2352 2968 2473 3022 Ὅτι
2499 2966 2559 3020 δὲ
2594 2965 2798 3037 βλάσης
2850 2966 3071 3038 ἁπάσης
3112 2966 3361 3038 ἀμείνων
3387 2966 3538 3019 ἔσται
3576 2967 3677 3037 τῆς
3704 2965 3809 3035 γῆς

2211 3061 2241 3113 ὁ
2270 3058 2504 3129 καρπὸς,
2541 3058 2882 3131 πολύϐοτρυς
2908 3059 2987 3125 δὲ,
3038 3057 3139 3113 καὶ
3189 3058 3504 3130 εὐοινοτάτη
3536 3057 3659 3112 λίαν
3681 3061 3715 3128 ή
3749 3057 3809 3110 ἑν

519 3151 795 3214 onmibus,
836 3148 1137 3221 pollicetur,
1168 3158 1225 3205 et
1259 3148 1487 3219 posthac
1516 3148 1710 3205 beatos
1750 3146 1828 3202 ait
1858 3147 2014 3211 .l‘ore,
2046 3160 2112 3202 ac

2214 3149 2404 3221 ἀγροῖς
2435 3148 2700 3220 ἄμπελος,
2729 3150 3072 3220 ὑπισχνεῖται
3131 3149 3342 3219 σαφῶς,
3390 3148 3466 3214 ὡς
3514 3150 3595 3214 είς
3633 3147 3810 3221 πέρας

522 3243 668 3299 velut
700 3254 899 3299 terram
934 3241 1349 3299 desiderabilem
1382 3241 1719 3297 nominatum
1754 3239 1841 3303 iri,
1877 3240 1980 3297 hoc
2005 3250 2107 3307 est,

526 3354 715 3396 altiore
745 3339 990 3409 dignam,
1024 3347 1244 3410 propter
1285 3337 1562 3395 fructuum
1609 3338 1915 3393 ubertatem
1945 3344 1999 3391 et
2036 3336 2114 3391 l‘e—

521 3431 881 3488 cunditatem.

593 3613 697 3681 Qui
754 3610 918 3683 igitur
967 3610 1134 3667 habet
1195 3609 1406 3666 viscera
1468 3608 1892 3677 misericordia,
1950 3610 2113 3667 talem

525 3705 682 3773 plane
723 3702 1034 3774 experietur
1080 3702 1293 3769 Deum,
1350 3711 1408 3758 et
1456 3700 1754 3757 cumulabit
1799 3702 1855 3758 in
1924 3704 2112 3769 cmlis,

526 3798 841 3867 tractusque
882 3793 1133 3849 laborum
1178 3808 1401 3849 suorum
1453 3793 1840 3859 manducabit,
1877 3802 1939 3850 ut
1976 3795 2116 3851 scri-

524 3897 675 3958 ptum
710 3894 795 3942 est
813 3884 879 3938 ⁸⁶.
912 3882 1023 3939 Nec
1066 3882 1216 3938 illum
1261 3883 1524 3939 immitem
1566 3894 1622 3942 et
1671 3884 2109 3943 amentissimum

522 3980 745 4034 divitem
802 3976 1124 4040 imitabitur,
1169 3990 1331 4046 quem
1373 3976 1427 4031 in
1485 3976 1742 4046 parabola
1792 3978 2113 4050 evangelica

524 4069 779 4127 Salvator
808 4070 988 4125 villam
1021 4084 1180 4126 suam
1214 4067 1527 4140 implevisse
1576 4078 1781 4125 narrat.
1827 4069 1920 4125 ille
1967 4071 2114 4125 enim

525 4166 707 4221 aiebat
739 4181 755 4219 :
793 4182 811 4215 ι
840 4162 982 4231 Quid
1021 4162 1257 4218 faciam?
1309 4161 1592 4217 Destruam
1642 4162 1841 4219 horrea
1880 4178 2030 4229 mea,
2061 4172 2117 4219 et

2215 3242 2619 3313 ὲνηνεγμένων,
2673 3240 2978 3312 μακαρίους
3017 3241 3287 3318 τέγφησιν.
3316 3240 3537 3296 ἔσεσθαι
3577 3240 3765 3297 λοιπὸν
3790 3282 3809 3309 ,

2215 3334 2306 3387 καὶ
2332 3327 2423 3388 οἷὰ
2453 3351 2575 3387 τινα
2632 3334 2738 3405 γῆν
2793 3332 3027 3407 θελητὴν
3069 3333 3472 3407 ὀνομάζεσθαι,
3522 3335 3807 3404 τουτέστι,

2212 3425 2312 3497 τὴν
2338 3425 2659 3498 ἀξιέραστον
2687 3425 2775 3481 διά
2797 3444 2857 3481 τε
2881 3424 2982 3499 τὴν
3033 3426 3367 3499 εὐκαρπίαν,
3413 3428 3508 3482 καὶ
3536 3429 3620 3483 ὅτι
3662 3444 3810 3497 γονι-

2217 3518 2468 3590 μωτὰτη.

2284 3607 2495 3664 Οὐκοῦν
2531 3609 2693 3673 εἴτις
2727 3606 2846 3680 ἔχει
2892 3609 3179 3681 σπλάγχνα
3225 3610 3549 3683 οίκτιρμῶν,
3582 3610 3813 3683 τοιούτῳ

2214 3702 2280 3773 δὴ
2308 3703 2525 3765 πάντως
2572 3698 2952 3771 περιτεύξεται
2978 3701 3059 3773 τῷ
3088 3701 3229 3774 Θεῷ.
3284 3704 3378 3757 καὶ
3425 3701 3809 3773 ἀποωρεύσιι

2217 3794 2315 3864 μὲν
2338 3793 2396 3846 ἐν
2419 3792 2688 3863 οὐρανοῖς,
2721 3791 2957 3861 φάγεται
2983 3791 3043 3845 δὲ
3085 3794 3215 3858 τοὺς
3256 3796 3507 3866 καρποὺς
3534 3795 3641 3848 τῶν
3665 3793 3814 3849 ἰδίων

2215 3886 2416 3951 πόνων,
2468 3885 2611 3939 κατὰ
2659 3885 2722 3937 τὸ
2753 3885 3166 3957 γεγραμμένον.
3215 3888 3328 3940 Καὶ
3376 3887 3478 3941 οὐκ
3511 3887 3661 3942 ἔσται
3692 3889 3813 3942 κατ’

2214 3976 2423 4031 ἕκείνον
2480 3976 2573 4030 τὸν
2601 3976 2786 4048 ἀπηνῆ
2836 3993 2897 4031 τε
2937 3976 3030 4031 καὶ
3081 3978 3415 4033 ἀνούστατον
3446 3977 3723 4045 πλούσιον,
3753 3978 3815 4032 ὃν

2213 4068 2314 4138 τὴν
2342 4066 2523 4139 χώραν
2555 4068 3004 4140 ὲμπεφορηκέναι
3038 4070 3205 4141 φησὶν
3238 4071 3266 4124 ὁ
3305 4069 3497 4143 Σωτὴρ
3538 4071 3597 4123 ὲν
3627 4086 3811 4143 παρα-

2216 4159 2398 4224 ϐολαῖς
2421 4160 2824 4229 εὐαγγελικαίς.
2856 4161 2918 4215 Ὀ
2938 4140 3162 4235 μὲνγὰρ
3193 4162 3421 4232 ἐφασκι’
3449 4140 3551 4216 ἔτι
3576 4140 3811 4235 ποιήσως

524 4257 728 4325 majora
756 4255 973 4319 faciam,
999 4264 1055 4309 et
1080 4254 1258 4309 dicam
1281 4253 1476 4307 anima:
1505 4267 1638 4308 meae
1664 4272 1677 4309 :
1702 4254 1920 4319 Anima,
1950 4255 2114 4311 habes

2217 4252 2447 4306 Καθελῶ
2483 4270 2584 4324 μου
2635 4252 2734 4317 τὰς
2783 4253 3106 4326 ἀποθήκας,
3169 4257 3263 4310 καὶ
3311 4254 3567 4327 μείζονας
3612 4255 3816 4311 οἰκοδο-

528 4348 694 4403 multa
736 4346 875 4402 bona
922 4346 1160 4414 reposita
1216 4344 1269 4398 in
1321 4359 1493 4398 annos
1528 4343 1811 4411 plurimos,
1862 4345 2114 4413 comede,

2222 4343 2402 4413 μήσω,
2432 4342 2528 4396 καὶ
2582 4342 2695 4414 ἐρῶ
2740 4346 2808 4415 τῇ
2854 4343 3004 4415 ψυχῇ
3042 4359 3166 4416 μου⁶
3198 4344 3381 4417 Ψυχὴ,
3444 4344 3590 4415 ἔχεις
3633 4345 3814 4414 ἀγαθὰ

526 4440 674 4505 bibe,
704 4438 888 4493 laetare
907 4437 975 4489 ⁸⁷.
1003 4454 1021 4487 ι
1056 4432 1325 4505 Cogitanti
1365 4445 1548 4488 autem
1582 4433 1712 4489 talia
1754 4446 1809 4491 et
1842 4434 2113 4505 ignoranti

2219 4433 2449 4503 κείμενα
2476 4434 2555 4495 είς
2583 4432 2678 4504 ἔτη
2702 4432 2894 4498 πολλὰ,
2929 4435 3091 4504 φάγε,
3118 4434 3234 4497 πίε,
3261 4435 3582 4509 εὐφραίνου.
3609 4454 3628 4487 s
3681 4436 3815 4490 Σκε-

527 4533 730 4598 intura,
767 4530 949 4587 Deus:
983 4546 1003 4581 ι
1034 4528 1243 4593 Stulte,
1284 4526 1492 4596 inquit,
1524 4525 1628 4582 hac
1662 4536 1823 4583 nocte
1872 4536 2114 4598 repetent

2226 4524 2485 4597 πτομένῳ
2538 4525 2596 4580 δὲ
2636 4526 2706 4580 τὰ
2762 4526 2994 4581 τοιαῦτα
3046 4528 3145 4583 καὶ
3187 4527 3578 4600 ἁμαθαίνοντι,
3639 4530 3815 4595 Θεὸς,

527 4639 559 4678 a
610 4634 664 4679 te
712 4623 949 4677 animam
1007 4630 1204 4675 tuam:
1258 4634 1381 4690 quae
1432 4629 1613 4675 autem
1673 4621 1910 4690 parasti,
1962 4621 2117 4689 cujus

527 4722 689 4771 erunt
709 4714 792 4768 "2
818 4732 837 4767 ι
871 4714 1267 4781 Quamobrem,
1310 4721 1368 4766 ut
1407 4712 1687 4779 dicebam,
1738 4713 2118 4769 benedictione

529 4811 717 4883 plenus
742 4818 827 4867 est
852 4825 950 4866 sua
980 4809 1412 4865 communicatis.
1434 4808 1582 4864 Talis
1606 4809 1772 4865 etiam
1806 4809 2118 4878 spirituales

532 4906 733 4961 imbres
769 4918 866 4960 cor
897 4903 1016 4973 ejus
1064 4901 1356 4973 irrigantes
1396 4910 1453 4956 et
1500 4899 1706 4955 aﬂ'atim
1750 4900 2120 4956 exliilarantes

529 4999 786 5068 accipiet,
826 4996 1153 5066 pietatisque
1206 4994 1421 5051 fructus
1457 4994 1738 5087 producet,
1790 4992 1925 5048 alias
1960 4993 2117 5047 aliter

529 5101 583 5146 et
618 5090 763 5146 velut
803 5089 1041 5154 divisim,
1074 5089 1269 5159 partim
1309 5086 1599 5151 cliaritate,
1634 5087 1829 5156 partim
1864 5086 2118 5156 benigni-

532 5195 645 5240 tate
673 5192 730 5239 et
767 5183 1105 5239 humanitate
1138 5181 1439 5250 reciproca,
1476 5179 1903 5250 fortitudineque
1937 5191 1992 5235 et
2022 5196 2118 5252 pa-

534 5276 721 5331 tientia
749 5274 1061 5331 excellens:
1093 5274 1305 5342 eritque
1333 5272 1474 5327 sicut
1503 5283 1647 5329 terra
1677 5272 1835 5327 beata
1868 5272 2115 5344 frugibus

530 5379 587 5424 et
635 5367 1049 5432 fecundiSsima,
1097 5365 1389 5435 clarusque
1434 5374 1490 5421 et
1540 5364 1789 5431 celebris,
1844 5374 1900 5421 et
1930 5381 2114 5421 revera

535 5456 693 5527 longe
725 5457 1089 5513 beatissimus.
1125 5474 1144 5508 ι
1177 5454 1368 5511 Melius
1403 5464 1485 5510 est
1518 5455 1662 5510 enim
1695 5470 1891 5510 nomen
1914 5455 2114 5512 bonum

529 5565 693 5621 quam
720 5550 919 5607 divitiae
946 5550 1147 5615 multae,
1169 5567 1187 5601 ι
1219 5558 1277 5604 ut
1305 5549 1563 5618 scriptum
1590 5557 1671 5604 est
1694 5547 1739 5579 ⁸⁹

614 5817 663 5854 ⁸⁸
694 5819 835 5876 Psal.
875 5835 1079 5887 cxxvn,
1128 5820 1181 5876 2.
1261 5820 1302 5852 ⁸⁷
1339 5817 1469 5875 Luc.
1513 5831 1612 5883 xtl,
1651 5816 1835 5872 l7-IO.
1914 5814 2118 5872 "Ibid.
2170 5813 2259 5869 ξιο.

2224 4638 2244 4673 ι
2288 4618 2527 4689 Ἀφρον,
2589 4618 2759 4689 φησὶ,
2829 4618 3003 4692 ταύτῃ
3053 4622 3121 4691 τῇ
3156 4621 3315 4675 νυκτὶ
3369 4621 3474 4693 τὴν
3509 4620 3692 4693 ψυχήν
3721 4638 3815 4675 σου

2219 4711 2544 4766 ἀπαιτοῦσιν
2582 4710 2691 4765 ἀπὸ
2721 4710 2835 4766 σοῦ’
2877 4712 2913 4767 ἃ
2943 4713 3001 4767 δὲ
3034 4712 3365 4784 ἡτοίμασας,
3403 4714 3512 4769 τίνι
3565 4714 3752 4778 ἔσταις
3792 4736 3810 4767 ι

2221 4803 2455 4870 Οὐκοῦν,
2488 4803 2565 4866 ὡς
2592 4803 2751 4875 ἔφην,
2774 4804 3030 4874 εὐλογίας
3054 4804 3309 4876 ἔμπλεως
3332 4807 3362 4859 ὁ
3388 4807 3722 4871 κοινωνικός.
3757 4808 3816 4860 '0

2220 4893 2464 4958 τοιοῦτος
2491 4894 2601 4959 ἔξει
2638 4896 2732 4948 καὶ
2782 4897 3010 4968 νοητοὺς
3061 4896 3253 4958 ὑετοὺς
3297 4896 3667 4967 κατάρδοντας
3719 4900 3819 4967 τὴν

2223 4986 2452 5058 καρδίαν
2486 4988 2578 5041 καὶ
2621 4988 2823 5052 ἱκανῶς
2873 4989 3399 5060 κατευφραίνοντας,
3437 4990 3533 5043 καὶ
3563 4992 3690 5054 τοὺς
3719 4994 3817 5059 τῆς

2223 5078 2505 5143 εὐσεϐείας
2536 5078 2763 5132 ἐκδώσει
2789 5081 3057 5151 καρποὺς.
3088 5081 3281 5136 ἄλλοτε
3321 5082 3497 5145 ἄλλως
3527 5083 3623 5135 καὶ
3653 5083 3819 5137 οἱονεί

2229 5186 2347 5232 πως
2375 5168 2813 5239 διεσταλμένους,
2848 5169 3009 5223 τοῦτο
3041 5171 3140 5241 μὲν
3163 5173 3375 5243 ἀγάπῃ,
3408 5171 3568 5225 τοῦτο
3592 5172 3649 5225 δὲ
3682 5189 3821 5243 χρηο

2233 5261 2449 5332 στότητι
2508 5261 2602 5315 καὶ
2665 5260 3008 5333 φιλαλληλίᾳ,
3045 5262 3271 5335 ἀνδρείᾳ
3323 5281 3383 5317 τε
3430 5265 3525 5317 καὶ
3568 5265 3816 5334 ὑπομονῇ

2222 5353 2557 5425 διαπρέπωνο
2610 5352 2763 5408 ἔσται
2791 5353 2849 5407 δὲ
2887 5348 2975 5410 οἷά
2999 5372 3086 5416 τις
3126 5353 3407 5428 εὐκαρπος
3446 5356 3542 5410 καὶ
3572 5372 3816 5425 γονιμω-

2222 5448 2357 5518 τάτη
2393 5447 2485 5517 γῆ,
2521 5445 2771 5517 λαμπρός
2822 5462 2883 5500 τε
2914 5446 3010 5501 καὶ
3060 5446 3346 5520 διαϐόητος
3380 5448 3473 5501 καὶ
3506 5447 3817 5521 τρισμακά-

2229 5555 2339 5610 ριος
2367 5536 2604 5606 ἀληθῶς.
2641 5556 2659 5588 t
2683 5536 2915 5608 Αίρετὸν
2950 5538 3058 5611 γὰρ
3107 5540 3283 5612 ὄνομα
3328 5540 3489 5596 καλὸν
3524 5543 3555 5613 ἢ
3593 5540 3821 5603 πλοῐτ.ς

2226 5630 2413 5695 πολὺς,
2447 5648 2467 5683 ι
2499 5628 2682 5693 καθὼς
2710 5629 3042 5703 γέγραπται.

2341 5816 2383 5841 Ψ
2421 5811 2582 5866 Pam;
2614 5829 2745 5873 uti.
2784 5812 2829 5868 ί.
