4120 6376
336 408 445 464 N9

1149 410 1704 469 COMMENTARIUS
1746 408 1815 466 IN
1853 405 2262 465 MALACIIIAM
2309 405 2758 464 PROPHETAM.

3514 392 3624 460 53:0

333 534 349 541 “
422 528 772 597 Ἦόαρένετε
802 528 896 583 ἐπ’
917 529 1022 600 ἐμὲ
1057 531 1201 598 τοὺς
1237 533 1463 602 λόγους
1511 533 1700 601 ὑμῶν,
1754 528 1919 599 λέγει

2096 524 2260 581 Vens.
2296 525 2486 581 15-15.
2536 521 2913 593 Ingravabatis
2951 540 3109 592 super
3132 540 3215 579 me
3244 523 3397 578 verba
3427 533 3620 583 vestra,

341 623 575 687 Κύριος,
640 621 738 674 καί
796 622 1022 677 εἴπατε·
1096 624 1199 679 Ἐν
1244 627 1360 679 τίνι
1423 622 1926 692 κατελαλήσομεν

2031 613 2154 664 dicit
2192 610 2473 673 Dominus,
2511 618 2561 663 et
2594 609 2809 663 dixistis
2842 624 2865 664 :
2906 606 2974 663 In
3016 625 3120 679 quo
3168 606 3397 662 oblocuti
3441 623 3620 662 sumus

340 712 666 779 κατὰσοῦ;
715 714 957 768 Εἴπατε·
1010 718 1273 783 Μάταιος
1328 720 1362 771 ὁ
1412 716 1722 771 δουλεύων
1762 712 1921 777 Θεῷ,

2026 714 2209 758 contra
2258 706 2344 759 te?
2376 702 2600 756 Dixisti:
2627 717 2647 757 :
2688 702 2867 757 Vanus
2901 703 2991 772 qui
3035 703 3193 755 seruit
3243 699 3370 766 Deo,
3414 710 3461 754 et
3494 701 3620 770 quid

342 803 439 856 καί
485 805 543 857 τί
579 803 804 871 πλέον,
852 806 941 860 ὅτι
997 807 1388 878 ἐφυλάξαμεν
1440 807 1511 861 τὰ
1566 805 1927 877 φυλάγματα

2031 797 2448 867 amplius,861
2470 798 2592 861 quia
2612 796 2983 850 custodiuimus
2999 796 3249 847 mandata
3273 792 3412 862 ejus,
3430 801 3478 846 et
3499 791 3623 862 quia

341 896 551 960 αὑτοῦ,
577 896 677 950 καί
711 896 862 952 διότι
893 899 1303 969 ἐπορεύθημεν
1340 900 1526 954 ἱκέται
1573 899 1689 966 πρὸ
1735 912 1925 966 προσ-

340 984 507 1038 ὡπου
536 987 761 1054 Κυρίου
783 989 1296 1058 παντοκράτορος-ς
1327 991 1435 1044 Kal
1475 989 1594 1043 νῦν
1626 989 1800 1057 ἡμεῖς
1816 1004 1928 1057 μα-

343 1074 658 1145 καρίζομεν
682 1076 1063 1146 ἀλλοτρίους,
1092 1082 1190 1135 καί
1217 1080 1752 1149 ἀνοικοδομοῦνται
1787 1077 1930 1132 πάν-

343 1183 443 1231 τες
470 1166 787 1236 ποιοῦντες
822 1169 1045 1240 ἄνομα,
1082 1173 1177 1226 καί
1212 1172 1602 1241 ἀντέστησαν
1637 1171 1719 1238 τῷ
1770 1170 1893 1237 Θεῷ
1913 1213 1925 1235 ,

345 1260 441 1312 καί
467 1259 808 1331 ἐσώθησαν.
848 1263 1039 1319 Ταῦτα
1072 1267 1507 1335 κατελάλησαν
1546 1271 1602 1322 oi
1630 1269 1919 1338 φοϐούμε-

344 1368 441 1405 νοι
465 1352 575 1406 τὸν
600 1351 838 1422 Κύριον,
867 1354 1129 1424 ἕκαστος
1165 1358 1313 1427 πρὸς
1356 1359 1465 1413 τὸν
1512 1361 1781 1427 πλησίον
1825 1361 1931 1413 αὺ-

344 1443 473 1499 τοῦ.
502 1445 614 1499 Καὶ
646 1448 957 1519 προσέσχε
982 1450 1216 1518 Κύριος,
1246 1451 1341 1505 καὶ
1368 1451 1719 1518 είσήκουσε.

415 1534 506 1591 Μ’.
549 1538 682 1592 Ὅτε
727 1540 884 1603 τινὰς
931 1541 1036 1594 τῶν
1083 1543 1380 1614 γνωρίμων
1437 1544 1813 1615 ὡλισθηκότας
1852 1548 1931 1610 εἰς

344 1632 624 1704 ἁμαρτίαν
652 1635 991 1708 ἐπανορθοῦν
1023 1637 1185 1712 ἐθέλῃ
1223 1638 1378 1701 Θεὸς,
1416 1640 1789 1712 παρακομίζει
1833 1642 1932 1712 μὲν

347 1725 429 1787 είς
457 1725 623 1795 μέσον
651 1725 721 1780 τὰ
758 1727 1175 1799 διεπταισμένα,
1206 1730 1470 1802 διελέγχει
1496 1731 1552 1785 δὲ
1588 1732 1797 1801 σαφῶς,
1838 1732 1935 1787 καὶ

2028 890 2410 943 ambulavimus
2450 888 2708 955 supplices
2735 897 2857 941 ante
2894 886 3080 955 faciem
3124 885 3335 938 Domini
3385 884 3624 949 omnipo-

2029 981 2302 1035 tentisﬂt‘t
2323 997 2460 1034 nunc
2489 996 2584 1033 nos
2612 983 2787 1033 beatos
2803 981 3031 1033 dicimus
3062 978 3278 1042 alienos,
3312 989 3360 1032 et
3386 978 3626 1042 ezwdili-

2024 1086 2224 1126 tantur
2252 1089 2430 1126 omnes
2458 1074 2549 1143 qui
2595 1072 2803 1141 faciunt
2848 1073 3033 1141 iniqua
3060 1082 3106 1124 et
3139 1070 3441 1125 restiterunt
3473 1069 3583 1124 Deo
3605 1111 3621 1136 ,

2030 1178 2082 1221 et
2113 1167 2244 1221 salui
2276 1167 2406 1237 facti
2432 1178 2573 1221 sunt.
2612 1165 2739 1220 Harc
2779 1165 3005 1218 oblocuti
3034 1175 3152 1218 sunt
3185 1164 3274 1232 qui
3307 1164 3486 1217 timent
3516 1162 3624 1216 Do-

2032 1264 2253 1324 minum,
2282 1263 2634 1332 unusquisque
2659 1263 2729 1316 ad
2762 1262 3060 1332 proximum
3088 1276 3263 1314 suum.
3299 1257 3366 1312 Et
3400 1257 3623 1312 attendit

2020 1353 2315 1417 Dominus,
2344 1363 2392 1406 et
2422 1352 2645 1408 audivit.

2110 1531 2227 1588 XL.
2256 1533 2497 1599 Quando
2521 1532 2789 1601 quosdam
2822 1541 2977 1587 notos
3006 1540 3059 1585 et
3085 1530 3290 1586 amicos
3320 1529 3374 1584 in
3430 1543 3627 1598 pecca-

2038 1638 2149 1681 tum
2191 1624 2472 1694 prolapsos
2511 1626 2786 1693 corrigere
2829 1624 2944 1678 vult
2979 1623 3140 1687 Deus,
3166 1624 3222 1678 in
3261 1622 3499 1677 medium
3524 1622 3622 1675 ad-

2037 1719 2193 1774 ducit
2224 1718 2485 1779 admissa,
2518 1725 2571 1770 et
2594 1726 2786 1788 aperte
2813 1716 3106 1786 redarguit,
3149 1728 3204 1772 et
3232 1714 3625 1784 expostulando

343 1809 462 1869 οἷον
490 1816 715 1889 πλήττει
748 1823 1014 1891 μομφαῖς,
1044 1822 1130 1874 ἵνα
1160 1824 1274 1886 τοῖς
1314 1823 1462 1887 ἰδίοις
1494 1824 1935 1896 ἐπερυθριῶντες

2037 1810 2434 1880 quodammodo
2462 1808 2606 1875 ferit,
2640 1820 2698 1863 ut
2730 1808 2941 1863 delictis
2972 1809 3087 1863 suis
3119 1804 3505 1861 erubescentes
3555 1806 3625 1860 ad

346 1908 642 1981 πλημμελή
652 1928 816 1981 μασιν
836 1912 1043 1983 έχοιντὸ
1062 1931 1121 1967 τε
1149 1916 1485 1986 μεταφοιτᾷν
1507 1916 1599 1969 ἐπὶ
1625 1917 1695 1969 τὰ
1716 1917 1929 1988 ἀμείνω

348 2002 442 2055 καὶ
469 2002 887 2075 χρησιμώτερα,
930 2005 1155 2060 σωθεῐὲν
1186 2024 1245 2061 τε
1276 2006 1439 2071 οὕτω,
1476 2008 1569 2062 τὸν
1596 2010 1728 2081 παρ’
1760 2011 1929 2065 αὑτοῦ

348 2094 686 2165 ζητήσαντες
737 2095 902 2151 ἔλεον.
950 2098 1203 2152 uuam
1252 2100 1434 2154 τοίνυν
1481 2102 1575 2155 καὶ
1620 2103 1705 2168 ἐφ’
1757 2103 1930 2175 ἑτέρῳ

348 2186 456 2239 τινὶ
492 2188 619 2251 τοὺς
664 2187 723 2255 ἐξ
756 2187 1015 2262 Ἰσραὴλ,
1045 2192 1141 2244 καὶ
1185 2193 1377 2263 κοινὴν
1424 2192 1614 2266 ὥσπερ
1664 2196 1788 2249 τινὰ
1835 2197 1930 2249 καὶ

343 2283 458 2345 τοῖς
486 2282 605 2352 μετ’
633 2282 834 2347 αὐτοὺς
858 2284 1136 2354 ὲξυφαίνει
1172 2286 1272 2358 τὴν
1299 2287 1611 2359 ἐπίπληξιν,
1650 2289 1712 2342 τὸ
1739 2290 1930 2363 χρῆμα

346 2371 504 2437 εἰδὼς
536 2373 818 2450 ὲπωφελὲς
850 2375 1022 2431 ἅπασι
1044 2376 1141 2430 καὶ
1181 2380 1465 2450 σωτήριον.
1498 2381 1639 2434 Ὅσα
1670 2381 1779 2452 γὰρ
1816 2385 1930 2447 τοῖς

345 2462 455 2533 πρὸ
507 2463 669 2534 ἡμῶν
719 2465 1033 2537 συμϐέϐηκε
1076 2469 1345 2533 τυπικῶς,
1391 2470 1566 2525 ταῦτα
1619 2473 1929 2544 γέγραπται

347 2556 485 2625 πρὸς
538 2556 821 2610 νουθεσίαν
870 2558 1033 2629 ήμῶν
1060 2598 1076 2624 ,
1118 2560 1271 2615 καθά
1321 2579 1485 2633 φησιν
1533 2566 1562 2618 6
1620 2566 1931 2634 σοφώτατος

349 2646 579 2711 Παῦλος.
626 2649 875 2704 Αίτιᾶται
919 2650 1099 2706 τοίνυν
1126 2652 1254 2716 τοὺς
1293 2653 1803 2726 ἁθυροστομοῦντας
1841 2658 1932 2711 αὐ-

346 2739 474 2801 τοὺς
493 2739 587 2792 καὶ
611 2739 866 2811 παλιμφή
876 2758 998 2811 μοις
1018 2744 1228 2814 ῥήμασι
1256 2745 1579 2800 καταλαλείν
1596 2749 1927 2819 ᾑρημένους.

355 2830 728 2902 «Ἑϐαρύνατε
785 2832 917 2905 γὰρ,
986 2835 1173 2905 φησὶν,
1237 2838 1324 2890 ἐπ’
1386 2839 1485 2908 ἐμὲ
1550 2842 1680 2903 τοὺς
1739 2841 1931 2911 λόγους

351 2921 527 2989 ὑμῶν.
564 2941 583 2973 ι
622 2923 731 2975 Καὶ
752 2925 905 2988 ποῖος
932 2919 1003 2996 ἦν
1029 2926 1138 2998 ἄρα
1168 2927 1266 2997 τῆς
1299 2930 1636 2995 καταλαλιᾶς
1656 2935 1684 2987 6
1705 2930 1935 3005 τρόπος¹

354 3033 375 3066 ι
417 3014 656 3079 Εἴπατε,
706 3019 874 3088 φησί’
924 3019 1170 3085 Μάταιος
1204 3022 1233 3073 6
1277 3022 1543 3077 δουλεύων
1585 3025 1733 3096 Θεῷ,
1773 3046 1791 3079 ι
1836 3029 1933 3082 καὶ

347 3109 432 3161 ὅτι
471 3110 725 3180 περιττὸν
750 3111 902 3166 οὐδὲν
931 3114 991 3166 ὲν
1021 3113 1099 3185 τῷ
1127 3114 1414 3185 βούλεσθαι
1448 3121 1634 3188 τηρεῖν
1663 3119 1733 3172 τὰ
1764 3120 1935 3189 φυλά-

344 3216 538 3269 γματα
581 3200 783 3267 αὐτοῦ,
826 3201 1073 3256 τουτέστι
1136 3204 1204 3258 τὰ
1237 3206 1327 3260 διὰ
1360 3207 1526 3279 νόμου
1564 3208 1929 3281 θεσπίσματα.

350 3292 569 3347 Εἰκαῖόν
615 3295 733 3347 ἐστι
779 3295 920 3368 πρὸς
960 3296 1156 3368 τούτῳ,
1206 3298 1363 3368 φατὲ,
1412 3302 1507 3354 καὶ
1556 3302 1617 3356 τὸ
1669 3306 1934 3357 ἰκετεύειν

318 3406 319 3409 ‘
350 3385 534 3451 αὐτὸν,
563 3388 810 3440 τουτέστι
863 3387 966 3453 τὰς
995 3389 1138 3461 ὑπὲρ
1176 3385 1252 3443 ὦν
1289 3390 1355 3444 ἂν
1387 3392 1595 3446 ἕλοισθε
1635 3394 1935 3463 προσάγειν

350 3478 523 3543 λιτάς.
558 3481 665 3534 Καὶ
700 3481 908 3553 ἀληθὴς
935 3484 1034 3554 μὲν
1069 3484 1287 3548 πάντως
1316 3486 1345 3538 6
1379 3485 1485 3539 τῶν
1512 3486 1648 3539 ὅλων
1676 3487 1809 3552 Θεὸς
1828 3528 1843 3552 ,
1885 3490 1933 3541 εἰ

349 3572 509 3625 ταυτί
540 3589 598 3626 τε
628 3572 775 3641 λέγοι
802 3616 816 3638 ,
850 3574 947 3628 καὶ
978 3576 1311 3647 καταιτιῷτο
1339 3578 1466 3641 τοὺς
1497 3578 1555 3643 ἐξ
1594 3579 1831 3651 Ἰσραήλ.
1868 3581 1934 3634 Τί

348 3664 406 3716 δὲ
428 3664 490 3736 δὴ
520 3668 635 3729 τοῖς
664 3666 1167 3741 πεφλυαρηκὼινή
1198 3673 1299 3740 τῆς
1332 3670 1604 3742 ἁμαρτίας
1633 3672 1929 3743 πρόφασις,

351 3759 645 3827 ἀναγκαῖον
671 3762 868 3814 εἰπεῖν.
899 3762 1089 3833 Μυρία
1124 3763 1222 3833 μὲν
1252 3762 1361 3833 γὰρ
1386 3764 1746 3817 κατεόόσκετο
1770 3765 1927 3837 γένη·

350 3851 465 3904 ἀλλ’
508 3854 572 3905 ἐκ
617 3854 835 3907 πάντων
866 3853 927 3907 ἓν
947 3853 1009 3908 τὸ
1044 3854 1105 3921 ἐξ
1146 3855 1366 3926 Ἰσραὴλ
1404 3856 1698 3922 ἐπελέξατο
1723 3860 1752 3912 6
1777 3858 1930 3925 Θεὸς,

350 3940 658 4012 ὠνόμασται
697 3943 755 3996 δὲ
781 3945 966 4017 μερὶς,
995 3946 1093 4000 καὶ
1125 3946 1439 4019 σχοίνισμα,
1474 3950 1571 4003 καὶ
1602 3950 1803 4022 κλῆρος
1832 3952 1932 4005 αὐ-

348 4032 463 4086 τοῦ.
501 4034 943 4104 υίκειωσάμενος
970 4035 1030 4089 δὲ
1062 4036 1525 4110 πεπαιδαγώγηκε
1563 4038 1748 4110 νόμον,
1787 4038 1934 4108 ὠφέ-

346 4122 481 4193 λησε
513 4123 602 4177 διὰ
633 4123 950 4197 προφητῶν.
978 4126 1092 4180 Καὶ
1119 4126 1174 4180 τί
1212 4127 1349 4200 πρὸς
1377 4127 1554 4182 ταῦτα
1586 4129 1871 4201 πέπρακεν
1904 4134 1933 4186 ὁ

347 4216 701 4287 ἀπόπληκτος
736 4218 993 4290 Ἶσραήλ;
1023 4220 1452 4292 Προσκεκύνηκε
1480 4223 1547 4293 τῇ
1579 4224 1808 4294 στρατιᾷ
1837 4223 1931 4278 τοῦ

347 4305 576 4377 οὐρανοῦ
596 4347 611 4371 ,
644 4306 1006 4379 λελάτρευκεν
1047 4308 1313 4375 εἰδώλοις,
1352 4309 1455 4382 ἔφη
1488 4313 1600 4375 τοῖς
1632 4311 1895 4379 γλυπτοῖς
1914 4331 1929 4345 -

357 4399 549 4468 Ὑμεῖς
596 4400 721 4453 ἐστε
754 4399 869 4455 θεοὶ
905 4399 1086 4472 ἡμῶν.
1131 4402 1548 4473 Ἀγανακτήσας
1578 4404 1804 4469 εἰκότως
1839 4406 1934 4459 ἐπὶ

346 4494 455 4554 τοῖς
480 4491 622 4546 οὕτω
647 4492 840 4555 δεινοῖς
872 4493 1376 4565 ἀνοσιουργήμασιν
1408 4496 1438 4547 6
1465 4495 1574 4548 τῶν
1608 4497 1745 4551 ὅλων
1775 4498 1928 4563 Θεὸς,

1963 1875 2008 1935 Β
2039 1875 2261 1961 meliora
2290 1916 2345 1959 et
2377 1907 2594 1962 utiliora
2631 1902 2870 1957 transire
2900 1901 3088 1965 velint,
3116 1909 3171 1955 et
3204 1899 3276 1953 ita
3307 1898 3427 1968 ejus
3461 1897 3627 1953 mise-

2038 2000 2269 2055 ricordia
2301 2000 2570 2069 exquisita
2608 2040 2621 2062 ,
2656 1997 2887 2052 salutem
2920 1994 3203 2050 obtineant
3252 1992 3495 2048 Accusat
3527 1991 3628 2060 igi-

2036 2103 2126 2148 tur
2156 2105 2210 2148 et
2244 2105 2460 2162 propter
2484 2093 2628 2147 aliud
2651 2090 2943 2154 lsraelitas,
2963 2098 3022 2143 et
3072 2088 3220 2143 velut
3275 2100 3626 2142 communem

2036 2187 2322 2255 quamdam
2348 2187 2579 2255 posteris
2638 2199 2853 2254 quoque
2899 2184 3139 2252 ipsorum
3199 2178 3626 2247 increpationem

2036 2279 2298 2343 contexit,
2329 2291 2449 2330 cum
2482 2274 2651 2331 sciret
2680 2276 2732 2329 id
2769 2272 3115 2329 commodum
3147 2279 3203 2326 et
3224 2269 3461 2327 salutare
3484 2267 3631 2323 futu-

2038 2386 2157 2426 rum
2189 2369 2461 2424 omnibus.
2498 2367 2854 2435 Quaecunque
2889 2366 3033 2422 enim
3068 2363 3306 2432 antiquis
3334 2363 3441 2417 illis
3466 2362 3519 2416 in
3564 2360 3629 2414 li-

2038 2477 2170 2534 gura
2198 2463 2563 2533 contigerunt,
2588 2460 2655 2515 ad
2701 2469 2943 2515 nostram
2990 2456 3388 2528 correptionem
3425 2455 3629 2524 scripta

2038 2565 2181 2620 sunt,
2203 2556 2341 2611 sicut
2385 2563 2442 2610 et
2484 2553 2918 2627 sapientissimus
2959 2551 3159 2606 Paulus
3208 2550 3375 2604 ait".
3409 2547 3630 2603 lncusat

2035 2666 2166 2720 ergo
2193 2666 2287 2706 eos
2315 2660 2369 2704 et
2389 2650 2568 2720 lingua
2595 2646 2998 2702 incontinentes
3019 2653 3076 2700 et
3105 2642 3290 2699 verbis
3321 2639 3630 2697 maledictis

2038 2741 2269 2796 deditos.
2292 2741 2471 2810 lnquit
2497 2740 2677 2794 enim:
2715 2757 2735 2790 ι
2768 2735 3096 2808 lngravastis
3139 2749 3303 2804 super
3350 2748 3436 2787 me
3466 2732 3629 2787 verba

2036 2844 2270 2887 vestra.»
2295 2832 2413 2900 Quo
2440 2842 2623 2887 autem
2655 2831 2815 2886 modo
2835 2830 2907 2884 illi
2938 2826 3628 2892 obtrectarunthDixisﬁs,

2038 2925 2217 2994 inquit
2249 2943 2263 2980 :
2298 2942 2318 2977 ι
2349 2925 2532 2979 Vanus
2564 2932 2646 2979 est
2680 2923 2770 2993 qui
2805 2923 2973 2977 servit
3000 2920 3161 2985 Deo,»
3198 2920 3421 2976 et.nihil
3456 2919 3632 2976 facere

2040 3018 2179 3073 lucri
2208 3018 2301 3087 qui
2330 3017 2440 3073 vult
2473 3017 2857 3085 obtemperare
2892 3014 3164 3069 mandatis
3194 3012 3333 3083 ejus,
3357 3012 3460 3067 hoc
3501 3020 3586 3066 est
3611 3052 3628 3078 ,

2004 3130 2007 3131 ν
2040 3111 2330 3182 praeceptis
2353 3125 2455 3181 per
2483 3110 2656 3179 legem
2686 3109 2949 3164 divinitus
2981 3107 3213 3161 traditis.
3245 3106 3327 3161 Ad
3360 3107 3475 3160 haec
3507 3105 3630 3160 ina-

2042 3222 2110 3261 ne
2139 3202 2506 3269 est,-dixistis,
2543 3202 2849 3271 supplicare
2874 3199 2976 3265 illi,
3002 3199 3053 3253 id
3087 3207 3190 3262 est,
3219 3213 3409 3267 preces
3434 3196 3633 3253 oﬂ‘erre

2040 3318 2137 3372 pro
2175 3300 2372 3370 quibus
2400 3295 2637 3352 libuerit.
2658 3294 2751 3349 Est
2772 3309 2904 3348 sane
2931 3291 3319 3348 veracissimus
3342 3291 3631 3347 universo-

2040 3409 2157 3447 rum
2189 3393 2355 3455 Deus,
2386 3390 2509 3443 dum
2540 3388 2653 3443 hare
2678 3386 2840 3452 dicit,
2876 3396 2926 3441 et
2973 3384 3054 3441 sic
3096 3393 3315 3439 accusat
3347 3381 3627 3440 lsraelem.

2037 3485 2208 3552 Quam
2241 3493 2423 3539 autem
2456 3481 2791 3536 blaterantes
2838 3478 3041 3548 peccati
3094 3476 3175 3531 sui
3222 3476 3629 3531 excusationem

2035 3577 2400 3649 praetendant,
2463 3572 2757 3627 videndum
2806 3581 2911 3626 est.
2965 3569 3109 3624 Mille
3168 3578 3357 3639 gentes
3411 3567 3631 3636 regebat

2038 3673 2181 3727 Deus
2214 3692 2227 3726 :
2256 3671 2349 3724 sed
2378 3684 2443 3723 ex
2473 3666 2728 3722 omnibus
2759 3680 2918 3719 unam
2950 3663 3137 3733 elegit,
3176 3676 3300 3732 quae
3332 3670 3522 3715 vocata
3547 3669 3632 3715 est

2036 3779 2183 3834 pars,
2210 3771 2265 3816 et
2294 3759 2588 3821 funiculus,
2629 3769 2683 3811 et
2714 3756 3005 3812 lnereditas
3054 3758 3174 3827 ejus
3197 3757 3242 3789 ’ί
3265 3791 3281 3807 .
3338 3753 3468 3808 Eam
3525 3754 3630 3809 sibi

2038 3851 2364 3906 vindicatam
2402 3849 2522 3918 lege
2559 3847 2819 3914 instituit,
2854 3860 2954 3917 per
2978 3847 3269 3916 pr0pltetas
3289 3848 3466 3904 eidem
3497 3860 3634 3899 con-

2035 3941 2219 3998 suluit.
2248 3941 2387 4009 Quid
2441 3949 2621 3995 autem
2660 3939 2729 3995 ad
2757 3941 2870 3994 haec
2903 3937 3633 3995 iusanuslsraellAdoravit

2000 4050 2001 4053 η
2037 4032 2285 4087 militiam
2312 4030 2707 4097 eoeli,servivit
2735 4031 2915 4092 idolis,
2939 4031 3073 4084 dixit
3103 4029 3485 4101 sculptilibus:
3522 4026 3633 4083 Vos

2033 4126 2168 4180 estis
2199 4125 2273 4181 dii
2299 4126 2471 4181 nostri
2493 4126 2565 4180 ⁸⁸.
2590 4126 2689 4179 Ast
2726 4124 3106 4179 universorum
3137 4124 3279 4179 Deus
3321 4138 3487 4195 super
3520 4132 3632 4177 tam

2034 4220 2261 4276 nefariis
2289 4220 2587 4277 sceleribus
2616 4235 2724 4275 non
2758 4218 3034 4273 immerito
3057 4217 3388 4289 indignatus,
3450 4216 3634 4272 multis

2032 4312 2210 4368 modis
2232 4314 2285 4367 in
2319 4327 2413 4368 eos
2438 4313 2774 4376 vindicabat,
2802 4320 2856 4367 et
2886 4311 2953 4364 ad
2989 4309 3366 4379 paenitentiam
3399 4310 3633 4366 vocabat

2035 4406 2200 4469 tame,
2232 4405 2581 4475 corruptione
2624 4407 2769 4461 aeris
2796 4448 2812 4473 ,
2869 4404 3143 4460 fructuum
3186 4405 3446 4474 penuria,
3478 4402 3633 4458 locu-

2035 4500 2155 4565 stis,
2180 4507 2235 4553 et
2257 4498 2485 4564 bruclto,
2514 4499 2685 4552 ictero
2724 4507 2779 4552 et
2808 4513 2991 4553 eruca.
3030 4497 3279 4552 Nondum
3334 4496 3480 4551 enim
3534 4511 3632 4552 eos

347 4585 600 4637 ἐπαίδευε
634 4584 1009 4656 πολυτρόπως,
1024 4586 1208 4639 καλῶν
1239 4588 1321 4649 εἰς
1347 4588 1689 4657 μετάγνωσιν
1722 4589 1924 4660 λιμοίς,

2035 4606 2194 4645 manu
2228 4591 2404 4644 valida
2427 4591 2594 4646 ferire
2615 4591 2805 4655 voluit,
2835 4590 2929 4646 sed
2964 4591 3364 4659 quodammodo
3398 4591 3630 4645 terricu-

348 4672 792 4745 ἀνεμοφθορίαις,
823 4673 1056 4745 καρπῶν
1083 4674 1345 4740 ἐνδείαις,
1386 4676 1596 4749 ἀκρίσι,
1637 4679 1732 4731 καὶ
1768 4678 1931 4749 βρού-

345 4782 445 4834 χῳ,
481 4765 699 4837 ίκτέρῳ,
728 4768 823 4820 καὶ
847 4767 1122 4838 κάμπαις.
1158 4766 1326 4822 Οὔπω
1347 4769 1457 4841 γὰρ
1484 4770 1741 4842 πλήττειν
1765 4773 1927 4845 ήοελε

347 4855 490 4927 χειρί
523 4859 721 4929 στερεᾷ
747 4897 762 4920 ,
797 4859 1081 4930 μονονουχί
1108 4876 1170 4913 τε
1198 4861 1293 4914 καὶ
1320 4862 1641 4931 μετασοδεῖν
1668 4866 1781 4928 τοῖς
1809 4865 1929 4918 δαί-

349 4964 475 5017 μοσι
504 4947 603 5020 (l),
647 4951 739 5004 καὶ
766 4951 1103 5023 συμμέτροις
1127 4951 1210 5005 ἔτι
1240 4954 1539 5024 κινήμασιν
1576 4954 1670 5008 ἐπὶ
1701 4956 1762 5009 τὸ
1794 4956 1931 5029 δρᾷν

346 5040 563 5094 ἑλέσθαι
600 5042 663 5095 τὸ
690 5042 955 5112 ὠφελοῦν,
990 5044 1085 5098 καὶ
1117 5043 1209 5097 τὸν
1253 5043 1413 5113 φύσει
1465 5062 1525 5099 τε
1570 5048 1663 5101 καὶ
1709 5048 1929 5121 ἀληθῶς

310 5152 313 5153 ⁷
345 5133 627 5204 ἀγαπῆσαι
645 5134 799 5189 Θεόν.
830 5136 1052 5207 Ἐπειδὴ
1087 5136 1143 5189 δὲ
1172 5137 1348 5202 οὐδεὶς
1373 5134 1442 5210 ἦν
1471 5140 1658 5206 αὐτοῖς
1682 5142 1801 5197 οὐδὲ
1832 5145 1927 5199 τοῦ

347 5226 662 5299 συμμέτρου
694 5228 772 5293 (2)
810 5228 1143 5299 πλήττεσθαι
1181 5230 1359 5300 λόγος,
1394 5231 1680 5303 ἀπῴχοντο
1705 5234 1763 5288 δὲ
1789 5235 1924 5306 ἀχα-

342 5319 505 5384 λίνως
530 5323 609 5385 είς
641 5324 751 5375 πᾶν
780 5319 917 5388 εἶδος
950 5322 1312 5395 ἀκαθαρσίας,
1358 5324 1606 5395 ἔπεμψεν
1651 5328 1732 5392 εἰς
1760 5330 1926 5399 αἰχμ-

343 5411 604 5482 αλωσίαν,
655 5415 753 5470 καὶ
785 5415 891 5469 ὑπὸ
928 5419 1089 5487 χεῖρα
1140 5419 1329 5471 πεσεῖν
1382 5418 1770 5490 παρεσκεύασε
1827 5415 1926 5493 τὴν

412 5573 461 5606 ⁹⁶
494 5573 536 5628 ιι
568 5574 697 5629 Cor.
726 5590 781 5641 κ,
818 5574 910 5629 Η.
985 5576 1030 5608 ⁸⁸
1065 5576 1222 5631 Deut.
1266 5592 1443 5643 xxx",
1491 5578 1545 5633 9.
1625 5579 1671 5611 θ’
1705 5579 1773 5633 ιν
1805 5579 1937 5652 Reg.

346 5732 496 5871 pagi!)
530 5733 854 5803 Corruptatn
888 5742 1018 5803 pulo
1058 5748 1242 5790 Vocem
1274 5750 1288 5789 :
1326 5733 1465 5791 forte
1494 5736 1778 5808 legendum
1808 5737 1922 5789 δεί-

414 5874 815 5943 (2)Coteletius
866 5873 1127 5944 (Monum.
1164 5874 1309 5929 Eccl.
1359 5876 1455 5929 Gr.
1499 5875 1581 5945 Il,
1621 5878 1748 5948 562)
1797 5878 1925 5949 lt'git

2037 4681 2312 4749 lamentis,
2340 4691 2396 4737 et
2439 4682 2517 4736 ira
2554 4690 2873 4752 temperata,
2910 4684 3089 4738 adhuc
3144 4682 3211 4737 ad
3260 4682 3631 4753 persequenda

2037 4779 2171 4850 ipsis
2201 4778 2581 4845 conducibilia,
2612 4787 2776 4848 atque
2800 4778 2868 4833 ad
2897 4792 3085 4831 verum
3131 4784 3188 4831 et
3219 4787 3414 4831 natura
3459 4772 3629 4829 Deum

2034 4871 2365 4941 diligendum
2409 4872 2648 4941 adigere.
2674 4871 2843 4942 862
2867 4869 3007 4937 Quia
3034 4885 3167 4925 vero
3189 4869 3492 4925 mediocres
3514 4868 3633 4938 pla-

2037 4982 2134 5038 gas
2174 4966 2621 5030 contemnebant,
2677 4973 2732 5020 et
2785 4965 3117 5036 impotenter
3140 4965 3195 5018 in
3247 4978 3407 5018 omne
3461 4977 3633 5033 genus

2038 5059 2364 5130 lmpuritatis
2391 5059 2637 5122 ruebant,
2669 5072 2763 5112 eos
2806 5058 2857 5113 in
2886 5058 3257 5125 captivitatem
3295 5055 3460 5120 misit,
3514 5070 3633 5107 ma-

2006 5150 2303 5219 nibusque
2351 5149 2769 5218 Babyloniorum
2821 5150 3036 5205 obtulit.
3076 5148 3371 5218 Postquam
3423 5157 3632 5211 autem,

2030 5239 2141 5294 Deo
2176 5243 2487 5305 miserante,
2513 5240 2565 5295 in
2610 5239 2849 5294 .ludaeam
2881 5253 3009 5295 sunt
3049 5239 3315 5304 revocati,
3354 5246 3408 5294 et
3439 5238 3629 5293 urbem

2030 5332 2453 5399 resediilcarunt,
2519 5335 2887 5404 templumque
2928 5334 3257 5395 excitarunt,
3319 5331 3497 5387 denuo
3561 5332 3629 5385 ad

2037 5425 2305 5495 ignaviam
2352 5426 2602 5491 revoluti,
2626 5438 2752 5481 vota
2790 5442 2893 5481 non
2962 5426 3349 5497 impleverunt,
3380 5438 3482 5480 nec
3526 5422 3628 5495 legi

1984 5599 2122 5650 xvn,
2154 5584 2242 5643 16.

2037 5741 2370 5811 συμμέτρως
2412 5740 2493 5796 vel
2544 5758 2641 5795 συν
2699 5742 2907 5813 μέτρῳ,
2962 5742 3089 5809 quia
3138 5759 3268 5813 itero
3317 5743 3462 5796 nulla
3513 5751 3632 5798 erat

2037 5831 2084 5876 ιιι
2106 5814 2175 5865 tul
2199 5830 2286 5867 eos
2321 5814 2477 5881 ratio,
2513 5817 2653 5883 quod
2686 5817 2759 5867 uel
2786 5812 3070 5869 mediocres
3090 5812 3278 5887 plagas
3316 5816 3635 5877 acciverat.
