4120 6376
512 356 613 418 (Si

1546 362 1602 416 S.
1648 361 1925 417 CYillLLl
1966 362 2440 423 ALEXANDRINI
2482 365 2809 423 ARCIIIEP.

3675 365 3784 423 352

516 478 572 533 in
605 477 831 534 decimis
865 487 920 533 et
966 478 1221 549 primitiis
1268 478 1565 535 ollerendis
1628 490 1949 551 paruerunt,
2003 483 2097 538 sed

2226 484 2577 542 Βαϐυλωνίαν.
2636 489 2853 559 Ἐπειδὴ
2899 489 2954 540 δὲ
3012 486 3309 557 κέκληνται
3360 484 3524 538 πάλιν
3565 485 3645 548 εἰς
3684 488 3793 555 τὴν

516 572 676 641 pigri,
708 583 764 627 et
792 574 876 627 vix
912 574 978 626 ad
1009 571 1338 627 sacrificium
1367 572 1671 632 vcnientes.
1717 573 1930 640 clauda,
1959 590 2102 629 exva

514 674 572 718 et
603 663 795 717 debilia
820 664 1127 719 mactabant
1148 676 1231 726 :et
1249 680 1370 719 cum
1386 665 1499 719 bac
1522 664 1816 719 insolenter
1840 665 2101 733 facerent,

519 753 873 810 nihilominus
912 754 1052 810 Deus
1074 754 1219 810 fame
1245 765 1301 809 et
1336 756 1630 811 sterilitate
1678 772 1772 812 eos
1810 758 2109 813 ulciScha-

519 855 628 900 tur.
653 846 777 914 Qui,
810 847 1024 904 tametsi
1051 848 1331 914 deberent,
1359 848 1628 918 siquidem
1674 860 1857 905 essent
1884 850 2031 917 boni,
2056 859 2109 904 et

518 953 640 1009 qua:
674 939 780 993 sibi
842 940 1212 996 conducerent
1267 957 1375 997 non
1409 943 1740 1008 ignorarent.
1778 944 2001 997 mutatis
2055 944 2107 997 in

518 1032 712 1087 melius
740 1032 1006 1098 consiliis,
1045 1032 1210 1088 Deum
1259 1048 1290 1088 a
1321 1049 1383 1090 se
1408 1032 1671 1091 oll'ensnm
1719 1036 1898 1089 colere
1926 1050 1992 1091 ac
2019 1050 2110 1091 ve-

521 1121 723 1185 nerari,
754 1119 1129 1189 imprudenter
1149 1122 1216 1177 de
1276 1122 1367 1177 illo
1406 1123 1909 1192 conquerebantur.
1973 1123 2108 1179 Cum

519 1212 665 1267 enim
702 1212 945 1267 viderent
1001 1220 1189 1282 gentes
1236 1213 1444 1268 vicinas
1490 1222 1545 1269 et
1593 1213 1759 1268 Deum
1806 1214 2111 1271 nescientes

522 1304 787 1375 sculptilia
813 1306 993 1375 potius
1022 1305 1272 1370 adorare,
1303 1315 1352 1360 et
1392 1308 1714 1377 gravissimo
1745 1323 1929 1361 errore
1960 1308 2109 1363 labo-

526 1412 669 1463 rare,
702 1398 1056 1454 nihilominus
1088 1409 1263 1453 tamen
1297 1399 1653 1469 voluptariam
1691 1401 1855 1454 vitam
1885 1402 2108 1469 agitare,

524 1490 693 1547 stulte
737 1491 1023 1546 dicebant:
1067 1510 1087 1544 ι
1126 1489 1312 1545 Vanus
1338 1502 1466 1556 est,
1506 1492 1598 1562 qui
1661 1494 1831 1548 servit
1888 1495 2012 1547 Deo.
2044 1495 2113 1549 Et

524 1585 652 1654 quid
691 1584 1040 1639 emolumenti
1092 1584 1454 1652 percepimus,
1502 1586 1628 1652 quia
1682 1586 1930 1639 mandata
1996 1586 2114 1655 ejus

524 1678 977 1733 custodivimus?
1017 1696 1035 1729 ι
1077 1676 1187 1733 Nos
1219 1678 1366 1732 enim
1403 1677 1506 1745 legi
1532 1678 1915 1749 obsequentes.
1951 1679 2115 1733 steri-

2221 578 2504 641 Ἰουδαίαν.
2533 580 2669 634 Θεοῦ
2707 579 3174 650 κατοικτείροντος
3194 618 3208 640 ,
3239 578 3585 649 ἀνετείχισάν
3602 596 3664 631 τε
3684 578 3784 647 τὴν

2207 672 2382 737 πόλιν,
2419 673 2514 726 καὶ
2562 673 2915 744 ἀνεδείμαντο
2955 673 3046 727 τὸν
3089 673 3238 739 ναὸν,
3289 673 3451 727 πάλιν
3484 675 3786 744 ὲτράποντο

2207 763 2346 834 πρὸς
2374 765 2435 818 τὸ
2467 765 2732 836 ῥᾴθυμον,
2762 766 2822 819 ού
2848 763 3183 837 πληροῦντες
3203 768 3500 837 εύχὰς,ούχ
3530 765 3786 836 ἑπόμενοι

2207 855 2321 916 τοῖς
2350 853 2438 907 διὰ
2474 855 2642 925 νόμου
2690 855 3049 927 θεσπίσμασι,
3082 856 3452 929 προσάγοντες
3483 857 3715 921 δεκάτας
3751 857 3785 926 ἦ

2208 944 2497 1018 ἀπαρχάςο
2550 948 2664 1002 ἀλλ’
2699 949 2947 1020 ὀκνηροί,
2980 948 3076 1003 καὶ
3108 949 3263 1021 μόλις
3296 951 3389 1004 ὲπί
3416 950 3477 1004 τὸ
3509 950 3659 1004 θύειν
3695 952 3786 1021 ἑρ-

2208 1038 2452 1110 χόμενοι.
2481 1040 2575 1095 καὶ
2603 1041 3054 1110 κατασφάξαντες
3086 1042 3155 1097 τά
3184 1042 3353 1113 χωλά,
3381 1042 3449 1097 τὰ
3477 1042 3673 1112 τυφλὰ,
3690 1045 3789 1096 καὶ

2209 1130 2280 1184 τά
2316 1131 2679 1202 ὲνοχλούμενα
2705 1173 2721 1196 ,
2754 1135 2851 1187 καὶ
2890 1133 3065 1187 ταῦτα
3092 1135 3336 1203 δρῶντας
3362 1136 3609 1199 ὲκτόπως
3637 1134 3790 1189 οὐδὲν

2209 1217 2373 1295 ἦττον
2418 1225 2669 1278 ἐπαίδευε
2697 1226 2828 1289 Θεὸς
2866 1226 3012 1297 λιμῷ
3055 1244 3115 1280 τε
3151 1228 3246 1281 καὶ
3277 1227 3545 1299 ἀκαρπίᾳ.
3584 1227 3648 1280 Ui
3695 1225 3789 1288 δὲ.

2212 1315 2391 1369 καίτοι
2433 1315 2573 1380 δέον,
2606 1316 2765 1387 εἴπερ
2796 1313 2937 1388 ἦσαν
2967 1319 3161 1387 ἀγαθολ⁵
3209 1318 3304 1372 καὶ
3346 1318 3454 1372 τῶν
3483 1320 3793 1389 συμφερόν-

2211 1422 2320 1460 των
2359 1408 2743 1476 ὲπιστήμονες,
2789 1410 2909 1471 ταῖς
2954 1408 3036 1471 εἰς
3085 1409 3145 1461 τὸ
3188 1408 3411 1477 ἄμεινον
3462 1407 3795 1477 ἀναδρομαίς

2216 1497 2543 1570 θεραπεύειν
2558 1498 2936 1569 λελυπημένον
2957 1500 3050 1553 τὸν
3076 1500 3185 1553 τῶν
3206 1500 3344 1553 ὅλων
3360 1498 3515 1558 Θεὸν.
3537 1498 3797 1553 ἀσύνετον

2215 1589 2498 1644 ἐποιοῦντο
2551 1590 2650 1663 τὴν
2703 1590 2996 1659 καταϐοήν.
3064 1591 3280 1659 Ἐπειδὴ
3330 1591 3441 1662 γὰρ
3489 1589 3676 1662 ἑώρων
3730 1591 3800 1643 τά

2214 1680 2468 1753 περίοικα
2494 1680 2604 1734 τῶν
2642 1681 2813 1735 ἐθνῶν
2841 1682 2935 1735 καὶ
2976 1682 3069 1735 τὸν
3098 1681 3230 1735 Θεὸν
3263 1682 3365 1737 οὐκ
3390 1681 3589 1747 εἰδότα,
3631 1697 3800 1753 προσ-

524 1770 735 1826 litatem
788 1780 843 1825 et
872 1771 1216 1827 incommoda
1264 1772 1521 1841 patimur.
1561 1772 1923 1827 Discessimus
1946 1774 2111 1828 etiam

2226 1773 2484 1828 κυνοῦντα
2518 1773 2576 1828 δὲ
2608 1773 2810 1845 μᾶλλον
2837 1777 2951 1837 τοῖς
2988 1774 3272 1843 γλυπτοῖς,
3307 1775 3402 1828 καὶ
3434 1775 3535 1846 τὴν
3562 1774 3799 1844 ἐσχάτην

524 1865 578 1918 in
610 1864 1005 1933 captivitatem.
1040 1865 1257 1919 tametsi
1311 1865 1530 1919 assidue
1570 1864 1799 1920 Domino
1863 1866 2112 1937 omnipo-

2226 1866 2482 1922 νοσοῦντα
2513 1867 2805 1937 πλάνησιν,
2835 1867 2895 1919 ὲν
2917 1865 3237 1932 εὐπαθείαις
3266 1867 3394 1921 ὄντα
3424 1869 3519 1921 καὶ
3544 1868 3799 1938 τρυφαῖς,

524 1956 656 2011 tenti
689 1957 956 2028 supplices
983 1957 1411 2012 advolveremur.
1448 1959 1668 2019 Contra.
1692 1961 1781 2028 qui
1816 1960 2006 2014 horum
2037 1960 2119 2014 ni-

529 2047 605 2103 bil
624 2047 847 2114 iaciunt,
886 2065 990 2104 non
1010 2049 1192 2119 plagas
1218 2050 1479 2115 sentiunt,
1500 2067 1602 2105 non
1634 2051 1901 2107 miserias.
1920 2050 2118 2116 Quam-

521 2140 709 2196 obrem
740 2138 931 2197 beatos
954 2156 1301 2196 numeramus
1325 2141 1556 2197 alienos.
1596 2159 1617 2195 t
1660 2142 1725 2198 Et
1780 2144 2117 2199 reteclillcan-

526 2240 609 2284 tes
636 2229 728 2300 qui
748 2228 955 2285 faciunt
975 2230 1155 2300 iniqua
1178 2233 1496 2288 restiterunt
1516 2231 1626 2288 Deo
1642 2244 1696 2286 et
1712 2236 1906 2289 salvati
1927 2245 2076 2291 sunt.
2095 2250 2114 2285 )

524 2320 852 2392 Repugnant
879 2322 1023 2377 enim
1060 2324 1302 2390 proiecto
1364 2324 1549 2394 gloriae
1602 2327 1693 2381 Dei
1746 2327 2120 2395 multipliciter

523 2413 615 2482 qui
645 2426 852 2479 errant,
881 2423 937 2470 et
954 2413 1320 2472 conﬂatilibus
1347 2418 1716 2482 sacriﬁcant,t
1762 2418 1825 2472 Et
1855 2418 2000 2486 ligno
2031 2420 2119 2474 di-

525 2513 656 2560 cunt
688 2522 704 2561 :
732 2505 873 2562 Deus
896 2522 1049 2563 meus
1076 2522 1136 2564 es
1159 2517 1235 2573 tu,
1271 2518 1323 2563 et
1340 2508 1500 2579 lapidi
1527 2526 1541 2564 :
1566 2510 1643 2565 Tu
1675 2512 1905 2577 genuisti
1940 2527 2025 2566 me
2049 2512 2118 2567 ".

528 2595 657 2651 llaec
686 2596 928 2655 oblocuti
956 2609 1104 2664 sunt,
1142 2599 1346 2670 inquit,
1384 2602 1476 2671 qui
1512 2602 1705 2657 timent
1751 2603 2058 2658 Dominum.
2096 2622 2116 2657 ι

529 2686 706 2744 Habet
752 2699 933 2745 autem
980 2692 1257 2746 accusatio
1309 2692 1444 2747 nihil
1492 2704 1687 2763 praeter
1748 2694 2095 2749 maledictum

528 2784 892 2854 morbumque
915 2784 1229 2855 pestiferum
1280 2787 1561 2842 evidenter
1612 2790 1971 2846 demonstrat.
2025 2790 2126 2846 Est

525 2877 672 2929 enim
706 2886 925 2947 aegrotas
980 2878 1197 2944 mentis,
1229 2887 1286 2935 et
1333 2880 1497 2934 anin.i
1540 2881 1678 2935 ebrii
1730 2882 1837 2935 Deo
1889 2881 2123 2937 invisum

528 2968 978 3036 rejectamentum
1002 2980 1192 3027 contra
1223 2972 1391 3029 Deum
1414 2973 1711 3043 quidquam
1743 2974 1910 3046 loqui.
1933 2976 2003 3030 Sc
2031 2992 2128 3031 au-

529 3070 638 3118 tem
694 3063 828 3119 tales
874 3078 1157 3120 sermores
1203 3080 1311 3120 non
1341 3064 1537 3130 obiter,
1572 3066 1666 3121 sed
1721 3069 1960 3123 studiose
2030 3084 2127 3122 au-

2219 1958 2460 2029 εφασκον
2490 1959 2772 2022 ἀσυνέτως
2790 1973 2804 1988 ·
2848 1977 2867 2009 ι
2903 1958 3150 2020 Μάταιος
3172 1960 3200 2011 ό
3224 1957 3489 2012 δουλεύων
3523 1956 3661 2028 Θεῷ.
3691 1959 3803 2011 Kal

2216 2048 2271 2102 τί
2307 2048 2490 2102 πλεῖον
2528 2048 2611 2103 ὅτι
2642 2048 2990 2119 ὲφυλάξαμεν
3038 2048 3108 2103 τά
3154 2048 3487 2119 φυλάγματα
3530 2046 3734 2111 αὐτοῦς
3777 2064 3799 2097 s

2231 2142 2422 2212 Ἡμεῖς
2472 2141 2603 2213 γὰρ,
2654 2142 2841 2211 φησὶν,
2896 2142 2946 2194 οἰ
2996 2142 3377 2212 νομοφύλακες
3439 2143 3499 2194 ὲν
3548 2141 3809 2212 ἀπορίαις

2221 2234 2388 2305 ὲσμὲν
2429 2236 2524 2288 καὶ
2570 2232 2827 2303 πληγαῖς.
2882 2233 3160 2305 ᾮχήμεθα
3197 2233 3255 2286 δὲ
3304 2234 3398 2287 καὶ
3443 2231 3805 2303 αἰχμάλωτοι,

2221 2328 2399 2383 καίτοι
2450 2329 2891 2401 προσπίπτοντες
2939 2328 3028 2382 ἀεὶ
3058 2327 3153 2380 καὶ
3202 2326 3379 2380 ἱκέται
3412 2325 3689 2396 γινόμενοι
3729 2324 3808 2393 τῷ

2221 2418 2414 2491 Κυρίῳ
2461 2420 2885 2492 παντοκράτορι.
2922 2420 2986 2473 Οἱ
3030 2419 3087 2473 δὲ
3136 2416 3247 2470 τῶν
3289 2417 3545 2470 τοιούτων
3574 2414 3808 2487 δρῶντες

2222 2513 2393 2577 οὐδὲν,
2435 2513 2497 2566 ού
2529 2513 2747 2585 πληγὴν
2792 2513 3031 2582 ἔχουσιν.
3065 2512 3125 2564 ού
3159 2511 3341 2564 πόνον.
3379 2508 3588 2563 Οὐκοῦν
3625 2524 3809 2577 μακα·

2227 2604 2448 2676 ρίζομεν
2478 2603 2814 2675 ἀλλοτρίους.
2844 2623 2861 2655 ι
2890 2603 3001 2657 Kal
3026 2601 3504 2671 ἀνοικοδομοῦντες
3531 2599 3809 2663 ποιοῦντες

2225 2695 2442 2763 ἄνομα.
2481 2696 2823 2765 ἀντέστησαν
2868 2692 3008 2763 Θεῷ,
3070 2693 3165 2745 καὶ
3213 2691 3518 2760 ἐσώθησαν.
3568 2709 3586 2741 ι
3641 2692 3811 2742 Ἀντι-

2226 2786 2526 2854 πράττουσι
2571 2784 2680 2854 γὰρ
2731 2784 2870 2838 κατά
2915 2782 3171 2854 ἀλήθειαν
3212 2785 3280 2853 τῇ
3340 2780 3436 2834 τοῦ
3490 2779 3627 2833 Θεοῦ
3682 2777 3808 2851 δόξῃ

2228 2877 2372 2931 κατά
2414 2876 2644 2940 πολλοὺς
2687 2877 2924 2948 τρόπους
2949 2877 2998 2928 οἱ
3034 2873 3401 2945 πλανώμενοι,
3438 2872 3674 2934 καὶτοῖς
3705 2888 3813 2940 χω-

2228 2972 2445 3033 νευταῑς
2477 2969 2849 3041 προσάγοντες
2873 2969 2971 3033 τὰς
3003 2967 3217 3029 θυσίας,
3255 2986 3274 3019 ι
3315 2966 3424 3020 Kal
3453 2964 3532 3035 τῷ
3559 2964 3700 3033 ξύλῳ
3727 2962 3815 3014 λέ·

2228 3079 2447 3133 γοντες·
2484 3062 2617 3125 Θεός
2645 3079 2746 3133 μου
2777 3058 2826 3115 εἷ
2855 3063 2938 3126 σὺ,
2974 3062 3069 3115 καλ¹
3099 3059 3175 3128 τῷ
3207 3059 3339 3128 λίθῳ
3360 3076 3372 3090 ο
3417 3060 3488 3113 Σὺ
3516 3058 3815 3126 ἐγέννησας

529 3156 772 3212 scultare
797 3155 1063 3215 amrmate
1096 3160 1411 3225 pronuntiat
1448 3174 1462 3211 :
1506 3178 1525 3211 ι
1562 3157 1628 3212 Ει
1662 3160 1891 3214 attemlit
1946 3160 2122 3214 Domi-

2237 3154 2688 3226 με.»--ιΤαῦτα,
2719 3155 2872 3224 φησι,
2890 3153 3266 3223 κατελάλησαν
3296 3154 3346 3205 οί
3375 3149 3700 3221 φοϐούμενοι
3724 3149 3815 3202 τὸν

530 3262 654 3315 nus,
718 3256 770 3303 et
805 3247 1034 3302 audivit.
1086 3248 1223 3314 Quia
1254 3248 1492 3317 Spiritus
1524 3249 1733 3304 Doniini
1764 3252 1989 3321 replevit
2041 3268 2133 3307 or-

531 3341 652 3396 bern
673 3351 960 3407 terrarum,
978 3352 1031 3397 et
1048 3340 1150 3397 hoc
1178 3346 1319 3411 quod
1343 3344 1584 3396 continet
1610 3345 1810 3408 omnia,
1843 3345 2130 3399 scientiam

538 3432 709 3487 habet
737 3433 884 3488 vocis
912 3434 1015 3488 ⁸⁵.»
1044 3432 1195 3500 Quod
1222 3434 1267 3489 si
1296 3436 1425 3502 quid
1451 3435 1712 3489 adversus
1739 3437 1977 3490 divmatn
2017 3438 2135 3505 ejus

532 3523 762 3593 gloriam
800 3523 1006 3578 dictum
1047 3522 1231 3588 luerit,
1266 3524 1316 3577 id
1339 3524 1445 3579 erit
1486 3539 1647 3594 grave
1676 3533 1729 3576 et
1772 3539 1936 3593 prone
1991 3526 2131 3581 into-

533 3616 814 3671 lerandum
862 3616 957 3681 illi,
1018 3616 1267 3687 quamvis
1313 3616 1760 3671 tolerantissimus
1816 3617 2133 3678 iniuriarum

532 3722 656 3764 esse
690 3708 885 3763 soleat.
920 3707 1189 3778 Quocirca
1216 3708 1378 3765 dicit:
1411 3727 1431 3761 ι
1468 3707 1836 3778 lngravabatis
1862 3726 2024 3779 super
2051 3729 2137 3767 me

534 3796 700 3853 verba
730 3807 931 3855 vestra.
965 3818 985 3853 ι
1020 3797 1267 3856 Olllcium
1303 3814 1436 3872 ergo
1463 3812 1710 3856 nOstrum
1745 3810 1854 3867 est,
1886 3804 2136 3872 quamvis

534 3893 812 3950 laboribus
834 3903 889 3951 et
911 3895 1144 3952 miseriis
1173 3894 1566 3961 conﬂictentur,
1587 3896 1693 3952 Deo
1726 3912 1823 3952 nos
1842 3900 1909 3951 ad
1933 3896 2137 3951 utilita-

534 3994 643 4041 tem
674 3995 915 4041 nostrani
934 3987 1286 4058 corripiente,
1316 4005 1418 4043 non
1449 4004 1621 4059 usque
1644 3988 1781 4043 adeo
1796 3989 1979 4043 animo
2002 4005 2138 4044 con-

535 4077 1032 4152 cidere,863nec
1047 4090 1240 4151 putare
1270 4082 1489 4138 virtutis
1519 4092 1626 4135 tam
1646 4093 1917 4136 amantem
1945 4098 2136 4152 asper-

537 4170 656 4226 nari
688 4171 878 4236 bonos,
893 4173 985 4228 sed
1010 4173 1189 4243 potius
1220 4173 1451 4229 sollicite
1480 4174 1759 4242 inquirere
1788 4174 1838 4227 in
1869 4188 1976 4243 quo
1995 4175 2136 4242 apud

541 4262 706 4317 Deum
732 4261 1140 4327 oﬂenderimus,
1161 4273 1216 4319 et
1240 4264 1313 4318 ita
1344 4278 1467 4319 eum
1504 4264 1775 4334 mitigare,
1810 4274 1861 4319 et
1912 4265 2129 4320 miseri-

538 4357 776 4410 cordiam
805 4354 1068 4425 ﬂagitare.
1102 4355 1257 4423 Quod
1293 4356 1339 4411 si
1368 4356 1531 4411 etiam
1552 4365 1860 4424 peccatores
1889 4356 2055 4426 aliqui
2086 4359 2139 4411 in

538 4449 906 4519 voluptatibus
961 4451 1251 4507 mundanis
1294 4459 1508 4505 aetatem
1566 4451 1823 4515 habeant,
1868 4462 2139 4520 tempora-

2237 3248 2463 3320 Κύριον.
2507 3266 2526 3298 ι
2579 3247 2902 3317 Δυσφημίας
2944 3247 3003 3301 δὲ
3047 3248 3267 3308 πάντως
3300 3245 3358 3297 τὸ
3398 3243 3687 3312 ἔγκλημα,
3721 3241 3817 3294 καὶ

2236 3340 2344 3393 τῶν
2409 3341 2654 3411 ἐσχάτων
2720 3341 3173 3411 ἀρρωστημάτων
3222 3337 3497 3403 ἀπόδειξις
3554 3333 3815 3405 ἐναργής.

2237 3434 2520 3505 Νοσούσης
2549 3434 2658 3504 γάρ
2702 3434 2940 3496 διανοίας
2984 3435 3032 3486 οί
3062 3432 3232 3501 λόγοι,
3279 3431 3369 3484 καὶ
3405 3428 3694 3500 μεθύοντος
3722 3424 3816 3479 νοῦ

2237 3527 2529 3595 θεοστυγὲς
2571 3527 2905 3599 ἀπόὸρασμα
2940 3526 3001 3579 τὺ
3032 3526 3202 3595 φάναι
3247 3541 3299 3577 τι
3335 3522 3474 3577 κατά
3505 3520 3665 3575 Θεοῦ.
3693 3520 3817 3573 Ὅτι

2235 3620 2293 3674 δὲ
2308 3620 2417 3674 τῶν
2445 3619 2703 3673 τοιούτων
2729 3620 3071 3691 ὲπακροᾶται
3090 3617 3264 3685 λόγων
3288 3609 3399 3669 οἷον
3421 3614 3482 3669 οὐ
3500 3613 3817 3685 παρέργως,

2236 3713 2353 3767 ἀλλ’
2409 3713 2469 3767 ὲν
2536 3711 2777 3783 σπουδῇ,
2841 3710 3339 3783 πεπληροφόρηκεν
3392 3705 3595 3760 εἰπών’
3653 3723 3672 3755 ι
3707 3704 3818 3758 Kal

2238 3804 2509 3877 προσέσχε
2529 3804 2756 3873 Κύριος.
2800 3804 2895 3857 καὶ
2927 3804 3307 3873 είσήκουσεν.»
3334 3799 3568 3851 -ιὊτι
3599 3796 3818 3866 πνεῦμα

2238 3899 2446 3972 Κυρίου
2490 3897 2820 3968 πεπλήρωκε
2853 3894 2953 3967 τὴν
2983 3894 3331 3965 οἰκουμένην,
3367 3891 3464 3945 καὶ
3504 3888 3566 3942 τὸ
3597 3886 3818 3956 συνέχον

2237 3990 2307 4043 τὰ
2357 3990 2535 4044 πάντα
2566 3989 2769 4057 γνῶσιν
2802 3988 2915 4057 ἔχει
2947 3987 3157 4056 φωνῆς.
3196 4004 3214 4036 ι
3264 3982 3328 4038 Εἰ
3369 3983 3427 4037 δὲ
3468 3982 3531 4053 δή
3578 3979 3681 4034 πού
3734 3994 3819 4042 τις

2239 4080 2452 4148 γένοιτο
2494 4079 2636 4133 κατά
2679 4079 2779 4149 τῆς
2818 4079 2970 4142 θείας
3017 4077 3182 4132 αὑτοῦ
3221 4076 3377 4147 δόξης
3420 4075 3613 4143 λόγος,
3666 4067 3819 4136 οὗτος

2239 4169 2395 4223 ἔσται
2419 4169 2588 4240 βαρὺς
2618 4171 2711 4221 καὶ
2742 4167 2854 4221 οἷον
2881 4168 3177 4239 ἀφόρητος,
3202 4167 3378 4220 καίτοι
3414 4165 3537 4219 λίαν
3569 4163 3821 4228 ἀνεξικα-

2240 4266 2356 4318 κεῖν
2390 4262 2624 4316 εἰωθότι.
2663 4261 2847 4334 Ταύτῃ
2885 4278 2965 4314 τοι
3009 4262 3103 4314 καὶ
3128 4261 3396 4329 ἔφασκεν·
3437 4278 3457 4311 ι
3496 4256 3821 4328 Ἐὅαρύνετε

2241 4358 2329 4410 ἐπ’
2358 4355 2459 4426 ἐμὲ
2488 4356 2615 4417 τοὺς
2640 4353 2833 4421 λόγους
2861 4354 3069 4423 ὑμῶν.»
3092 4355 3184 4406 Δεῖ
3210 4352 3275 4423 δὴ
3302 4346 3395 4406 οῦν
3424 4351 3525 4413 ἐτι,
3544 4350 3649 4404 κᾶν
3671 4344 3822 4418 ὦμεν

2244 4450 2302 4503 ὲν
2328 4448 2533 4512 πόνοις,
2567 4446 2857 4518 χρησίμως
2885 4448 3032 4517 ἡμᾶς
3062 4444 3408 4507 παιδεύοντος
3435 4442 3529 4497 τοῦ
3556 4439 3715 4504 Θεοῦ,
3747 4438 3822 4510 μὴ

540 4541 658 4597 neis
717 4540 875 4599 bonis
958 4541 1253 4611 fruantur,
1304 4544 1544 4599 rationes
1618 4544 1893 4614 patientia:
1964 4545 2122 4615 ipsius

2236 4541 2357 4597 λίαν
2386 4542 2640 4612 ἀκηδιᾷν,
2681 4540 2823 4609 μήτε
2858 4540 2964 4609 μὴν
3008 4539 3217 4593 οἴεσθαι
3241 4537 3331 4591 τὸν
3354 4536 3498 4591 οῦτω
3534 4534 3823 4606 φιλάρετον

538 4650 667 4706 erga
699 4634 821 4693 illos
875 4638 943 4693 ad
971 4652 1224 4693 arcanam
1263 4636 1661 4708 providentiam
1693 4635 1898 4693 referre
1916 4652 2132 4709 aequum

539 4736 643 4781 Gal.

2240 4636 2536 4707 ἀφειδῆσαι
2575 4633 2685 4688 τῶν
2726 4633 2986 4702 ἀγαθῶνο
3028 4628 3492 4702 περιεργάζεσθαι
3520 4628 3577 4682 δὲ
3622 4626 3825 4699 μᾶλλον

2237 4729 2307 4784 τὰ
2357 4728 2443 4797 ἐφ’
2499 4722 2579 4791 οἷς
2635 4724 3207 4797 προσκεκρούκαμεν,
3266 4717 3710 4792 ἐκμειλίσσεσθαί
3762 4731 3822 4767 τε

540 4818 703 4886 οὕτω,
732 4821 826 4875 καὶ
857 4820 949 4877 τὸν
984 4821 1133 4877 ἔλεον
1162 4824 1355 4877 αἰτεῖν.
1400 4824 1465 4878 Εἰ
1505 4822 1564 4878 δὲ
1587 4823 1651 4896 δὴ
1683 4823 1777 4878 καί
1822 4840 1969 4887 τινες
2006 4822 2116 4877 τῶν
2161 4823 2673 4897 φιλαμαρτημόνων
2737 4822 2795 4873 ὲν
2862 4818 3182 4881 εὐπαθείαις
3221 4811 3334 4871 εἷεν
3368 4816 3682 4887 κοσμικαῖς,
3724 4809 3824 4880 τὴν

539 4911 647 4966 τῶν
677 4914 1029 4985 προσκαίρων
1066 4914 1367 4970 ἀπόλαυσιν
1430 4916 1667 4987 ἔχοντες,
1734 4916 2031 4986 ἀπονέμειν
2056 4915 2351 4971 ἀκόλουθον
2394 4919 2517 4981 ταῖς
2596 4916 2935 4989 ἀπορρήτοις
2976 4911 3311 4982 οἰκονομίαις
3351 4910 3453 4982 τῆς
3521 4907 3607 4961 ἐπ’
3641 4904 3824 4967 αὐτοῖς

540 5007 889 5073 ἀνεξικακίας
913 5008 1041 5072 τοὺς
1072 5008 1287 5077 λόγους.

504 5170 507 5173 _
617 5100 781 5157 Vsus.
824 5102 1020 5168 {6,17.
1063 5100 1133 5156 Et
1179 5104 1386 5172 scripsit
1431 5103 1622 5158 librum
1695 5104 2016 5159 monumenti
2073 5104 2129 5158 in

542 5204 817 5260 conspectu
868 5210 964 5247 suo
1016 5194 1099 5247 his
1161 5197 1249 5263 qui
1317 5197 1495 5249 timent
1567 5195 1882 5258 Dominum,
1935 5206 1983 5250 et
2034 5198 2126 5264 qui

545 5295 844 5340 reverentur
893 5302 1079 5341 nomen
1122 5286 1255 5355 ejus.
1297 5285 1366 5340 Et
1422 5296 1577 5341 erunt
1621 5290 1788 5354 mihi,
1840 5291 1965 5342 dicit
2017 5288 2129 5342 Do-

546 5381 717 5431 minus
765 5380 1112 5446 omnipotens,
1132 5382 1184 5432 in
1214 5380 1350 5433 diem
1393 5398 1548 5451 quam
1579 5398 1672 5450 ego
1705 5383 1843 5451 facio
1875 5385 1927 5437 in
1956 5385 2137 5453 acqui-

545 5469 811 5533 sitionem,
849 5480 898 5524 et
926 5472 1115 5541 eligam
1138 5489 1225 5526 eos
1254 5475 1386 5527 sicut
1408 5474 1551 5543 eligit
1596 5476 1747 5527 homo
1776 5476 1949 5542 [ilium
1978 5493 2132 5531 suum

546 5562 846 5616 servientem
869 5565 988 5616 sibi.

650 5828 671 5859 ⁸
704 5825 905 5886 Jcrcm.
942 5845 999 5895 ιε,
1027 5830 1115 5886 Ξῖ.
1195 5834 1237 5866 9‘
1272 5833 1399 5904 ευρ.
1431 5848 1470 5898 ι,
1505 5854 1547 5887 ι.

2308 5096 2418 5153 Kal
2457 5096 2683 5166 ἔγραψε
2717 5093 2962 5159 βιᾶιίον
3000 5092 3401 5161 μνημοσύνου
3429 5088 3688 5142 ἐνώπιον
3718 5088 3827 5142 αὺ-

2234 5193 2342 5248 τοῦ
2366 5189 2489 5256 τοῖς
2524 5185 2921 5260 φοϐουμένοις
2970 5185 3081 5241 τὸν
3112 5186 3356 5255 Κύριον,
3393 5182 3495 5235 καί
3534 5183 3828 5236 εὐλαϐου-

2227 5285 2437 5358 μένοις
2477 5284 2543 5339 td
2579 5281 2771 5350 ὄνομα
2800 5277 3014 5333 αὑτοῦ.
3051 5277 3162 5333 Kal
3202 5274 3449 5329 ἔσονταί
3485 5290 3621 5343 μοι,
3655 5272 3823 5341 λέγει

2242 5383 2456 5450 Κύριος
2498 5372 2947 5444 παντοκράτωρ,
2982 5374 3073 5437 εἰς
3110 5368 3368 5438 ἡμέραν,
3410 5364 3493 5435 ἣν
3533 5364 3650 5436 ἐγὼ
3676 5363 3829 5419 ποιῶ

2241 5474 2328 5537 εἰς
2362 5468 2785 5536 περιποίησιν,
2821 5464 2921 5518 καί
2950 5458 3181 5531 αΙρετιῶ
3222 5457 3466 5523 αὐτοὺς,
3502 5456 3575 5510 ὃν
3602 5456 3831 5525 τρόπον

2242 5560 2507 5632 ιιίρετίζει
2570 5558 2881 5625 ἄνθρωπος
2938 5556 3043 5609 τὸν
3083 5551 3220 5607 υἱὸν
3278 5548 3467 5604 αὐτοῦ
3521 5547 3631 5602 τὸν
3683 5546 3829 5602 δου-

2246 5657 2513 5710 λεύοντα
2546 5652 2725 5716 (ti-ff».
