4120 6376
320 404 428 461 353

1130 405 1691 467 COMMENTARIUS
1728 409 1796 467 IN
1834 411 2247 472 MALACHIAM
2287 412 2739 477 PROPHETAM.

3499 435 3617 493 354.

388 516 525 570 MA'.
580 515 1157 591 Κατακερτομούντων
1203 520 1368 576 αὐτὸν
1407 522 1519 578 τῶν
1564 522 1626 590 ἐξ
1668 524 1910 599 Ἰσραὴλ,

2087 524 2225 583 XLI.
2258 527 2534 588 lsraelitas
2567 547 2689 589 sese
2715 534 3090 607 criminantes,
3119 552 3175 599 et
3213 544 3378 618 impie
3429 550 3606 609 blate-

318 610 414 663 καὶ
431 609 621 663 ἀνόσια
648 610 770 663 κατ’
800 610 971 665 αὑτοῦ
999 612 1471 686 πεφλυαρηκότων
1497 616 1773 689 προσέσχε
1802 618 1905 690 μὲν

320 702 415 757 καὶ
461 703 804 774 εἰσήκουσεν.
856 699 990 758 Είτα
1040 706 1159 761 δέον
1204 710 1319 772 τοῖς
1361 710 1775 782 ἡμαρτημένοις
1807 711 1906 784 τὴν

319 793 638 865 πρέπουσαν
660 795 969 869 ὲπαρτῆσαι
996 797 1175 871 δίκην,
1208 802 1303 855 καὶ
1332 802 1462 866 τοὺς
1481 803 1583 873 τῆς
1610 803 1907 876 ἀθυροστο-

323 886 453 956 μίας
514 885 852 958 πράττεσθαι
914 888 1109 959 λόγους
1134 928 1150 955 ,
1208 892 1435 965 πάρεισι
1493 894 1593 965 μὲν
1645 896 1722 961 ὡς
1771 897 1904 964 Θεὸς

318 979 716 1050 ἀμνησικάκως
744 981 837 1035 καὶ
863 981 1039 1037 τοῦτο.
1074 983 1284 1055 Γράφει
1329 985 1387 1039 δὲ
1438 986 1644 1058 βιϐλίον
1687 1007 1903 1061 μνημο-

322 1072 485 1125 σύνου
524 1074 641 1136 τοῖς
671 1072 1027 1144 φοϐουμένοις
1066 1075 1247 1140 αὑτὸν,
1287 1076 1417 1149 περὶ
1443 1070 1540 1143 ὧν,
1576 1074 1735 1149 οἶμαί
1775 1097 1901 1145 που,

322 1162 416 1215 καὶ
460 1162 625 1227 αὐτὸς
677 1163 916 1232 ἔφασκεν
986 1167 1015 1219 ὁ
1070 1165 1237 1220 Δαϐὶδ
1286 1167 1425 1239 πρὸς
1480 1170 1573 1225 τὸν
1619 1171 1904 1240 γράφοντα

321 1252 563 1323 βιϐλίον·
618 1272 639 1305 ι
675 1254 787 1306 Καὶ
818 1253 913 1308 ἐπὶ
961 1253 1026 1310 τὸ
1070 1255 1278 1327 βιϐλίον
1307 1275 1405 1312 σου
1439 1259 1642 1326 πάντες
1687 1263 1909 1337 γραφή-

319 1359 529 1398 σονται.
563 1362 584 1396 Ι

384 1434 714 1506 Εὑρήσομεν
740 1434 796 1490 δὲ
822 1436 988 1492 αὑτὸν
1026 1437 1118 1493 τὸν
1148 1439 1354 1513 Κύριον
1382 1442 1542 1513 ήμῶν
1576 1444 1786 1516 Ἰησοῦν
1811 1445 1903 1501 τὸν

314 1529 551 1600 Χριστὸν
574 1531 688 1595 τοῖς
716 1528 895 1598 ἁγίοις
926 1529 1158 1601 λέγοντα
1183 1534 1456 1605 μαθηταῖς
1475 1551 1489 1565 ο
1522 1555 1542 1589 ι
1566 1538 1658 1608 Μὴ
1680 1538 1902 1611 χαίρετε

314 1620 398 1672 ὅτι
426 1620 497 1672 τὰ
515 1620 767 1690 δαιμόνια
801 1621 1171 1677 ὑποτάσσεται
1199 1625 1348 1696 ὑμῖν·
1369 1625 1589 1699 χαίρετε
1613 1628 1671 1682 δὲ
1702 1630 1903 1700 μᾶλλον

314 1711 397 1765 ὃτι
423 1710 489 1764 τὰ
524 1711 764 1782 ὀνόματα
798 1710 953 1782 ὑμῶν
982 1713 1305 1784 ἐγράφησαν
1339 1715 1398 1768 ὲν
1432 1718 1546 1780 τοῖς
1575 1717 1842 1787 οὐρανοῖς.
1876 1736 1896 1772 ο

327 1803 636 1873 Ἐπαρᾶται
677 1802 734 1856 δὲ
774 1803 981 1877 σφόδρα
1016 1805 1247 1871 εἰκότως
1294 1808 1323 1859 ό
1365 1805 1653 1872 θεσπέσιος
1700 1809 1897 1875 Δαϐὶδ,

2007 629 2195 677 rantes
2221 623 2454 679 attendit
2480 633 2534 680 et
2561 624 2772 682 audivit
2806 627 2968 687 Deus.
3002 631 3209 694 Deinde
3245 654 3366 696 cum
3400 642 3453 698 in
3483 659 3607 703 reos

2007 725 2223 783 ptenam
2246 714 2506 783 aequalem
2559 721 2887 777 constituere
2914 736 3209 797 oporteret,
3236 742 3289 786 et
3315 734 3604 792 verborum

2005 800 2363 871 petulantiam
2399 808 2667 863 rationem
2717 826 3025 883 reposcere,
3071 819 3172 875 hoc
3201 824 3360 878 etiam
3397 827 3609 896 injuriae

2008 903 2066 947 ut.
2099 891 2241 950 Deus
2287 897 2575 954 immemor
2626 907 3018 971 prmtermittit.
3050 910 3249 969 Scribit
3308 891 3487 975 autem
3542 921 3609 975 li-

2007 984 2165 1040 brum
2198 993 2533 1046 monumenti
2564 992 2879 1052 timentibus
2942 1001 3138 1069 ipsum,
3170 1007 3237 1062 de
3281 1011 3497 1078 quibus,
3551 1013 3605 1068 ui

2005 1075 2185 1143 fallor,
2206 1090 2259 1135 et
2288 1081 2402 1151 ipse
2425 1082 2595 1140 David
2633 1088 2890 1144 scribenti
2936 1091 3137 1150 librum
3165 1075 3312 1155 hunc
3338 1115 3356 1154 :
3395 1119 3413 1153 ι
3451 1075 3518 1157 Et
3551 1105 3603 1160 in

2003 1172 2144 1230 libro
2176 1183 2270 1232 tuo
2296 1192 2486 1235 omnes
2507 1181 2819 1238 scribentur
2844 1185 2911 1241 ".
2941 1206 2963 1237 ι

2078 1441 2226 1499 Dixit
2243 1445 2407 1501 etiam
2434 1448 2539 1519 ipse
2556 1459 2665 1507 met
2703 1451 2967 1511 Dominus
3002 1467 3191 1514 noster
3228 1458 3477 1519 Christus
3524 1464 3606 1521 di-

2004 1532 2232 1605 scipulis
2270 1536 2383 1591 suis
2418 1556 2431 1590 :
2465 1556 2483 1589 ι
2520 1537 2699 1596 Nolite
2721 1543 2956 1612 gaudere
2986 1546 3113 1617 quia
3150 1549 3418 1607 daemonia
3474 1559 3604 1611 sub—

1998 1622 2263 1694 jiciuntur
2286 1629 2440 1685 vobis
2472 1648 2487 1685 :
2520 1632 2749 1702 gaudete
2780 1645 2962 1691 autem
2995 1639 3174 1709 potius
3200 1643 3328 1712 quia
3385 1646 3600 1703 nomina

2004 1728 2185 1775 vestra
2214 1722 2412 1793 scripta
2441 1734 2567 1779 sunt
2602 1726 2653 1781 in
2693 1728 2849 1783 caelis
2885 1729 2983 1784 ⁸⁸.»
3024 1732 3160 1788 Maie
3186 1746 3438 1803 precatur
3467 1754 3605 1809 quo-

2010 1826 2136 1882 que,
2162 1821 2217 1869 et
2249 1816 2465 1885 quidem
2508 1818 2827 1888 jnstissime,
2849 1822 3063 1879 divinus
3098 1825 3264 1884 David
3287 1828 3598 1891 Judzeorum

314 1897 427 1959 τοῖς
470 1895 741 1949 Ἰουδαίων
769 1894 963 1967 δήμοις
990 1897 1315 1969 ἀπεκτονόσι
1337 1900 1594 1972 Χριστὸν,
1636 1900 1782 1955 οὓτω
1811 1901 1899 1956 λέ-

2004 1906 2214 1975 populis
2240 1907 2442 1965 Christi
2466 1910 2910 1969 interfectoribus
2935 1915 3019 1971 bis
3041 1919 3222 1975 verbis
3248 1934 3264 1975 :
3303 1940 3322 1975 ι
3356 1888 3601 1978 Βειθθηέ

314 2007 461 2061 γων’
514 2012 533 2042 ι
574 1990 1084 2063 Ἐξαλειφθήτωσαν
1140 1992 1207 2045 ἐκ
1262 1990 1444 2061 βίϐλου
1494 1992 1715 2057 ζώντων
1740 2035 1756 2060 ,
1803 1996 1903 2050 καὶ

317 2082 463 2155 μετά
497 2082 721 2137 δικαίων
772 2082 848 2154 μὴ
896 2085 1289 2156 γραφήτωσαν.
1333 2103 1352 2138 ι
1405 2084 1684 2160 Γράφεται
1719 2087 1902 2143 τοίνυν

312 2176 377 2230 τὸ
418 2175 513 2230 τοῦ
560 2177 908 2248 μνημοσύνου
953 2175 1160 2246 βιϐλίον
1197 2178 1311 2241 τοῖς
1350 2176 1710 2250 φοϐουμένοις
1742 2178 1898 2245 Θεὸν,

313 2267 409 2331 οὓς
439 2268 533 2323 καὶ.
565 2267 798 2331 οίκείους
824 2266 1044 2323 ἔσεσθαί
1072 2286 1241 2341 φησιν
1263 2269 1445 2342 ἑαυτῴ
1476 2272 1571 2325 καὶ
1602 2286 1899 2344 γνωριμω-

314 2360 510 2425 τάτους
544 2360 689 2414 κατά
722 2376 788 2429 γε
832 2360 926 2414 τὸν
961 2360 1061 2432 τῆς
1108 2364 1515 2434 περιποιήσεως
1552 2365 1765 2438 καιρὸν,
1808 2367 1899 2421 ὅτε

315 2452 584 2507 καθιεῖται
633 2452 732 2523 μὲν
766 2453 796 2506 ὁ
838 2452 1075 2525 Χριστὸς
1119 2455 1214 2508 ἐπὶ
1264 2455 1459 2528 θρόνου
1503 2456 1666 2528 δόξης
1707 2458 1896 2526 αὑτοῦ,

315 2545 759 2617 δορυφορούντων
786 2546 1034 2615 ἀγγέλων
1054 2562 1070 2576 ’
1112 2565 1133 2599 ι
1167 2548 1278 2602 Καὶ
1328 2550 1516 2621 στήσει
1544 2550 1615 2604 τά
1646 2550 1747 2623 μὲν
1773 2552 1901 2623 πρό-

316 2636 457 2691 ϐατα
482 2640 546 2691 ὲκ
570 2637 785 2704 δεξιῶν,
814 2638 884 2692 τὰ
913 2637 971 2692 δὲ
1000 2638 1189 2709 ἐρίφια
1217 2637 1277 2705 ἐξ
1307 2640 1629 2712 εὐωνύμων,
1663 2642 1760 2697 καὶ
1783 2645 1901 2715 ὲρεῖ

314 2733 429 2794 τοῖς
463 2733 527 2784 ὲκ
560 2729 782 2797 δεξιῶνο
832 2729 1022 2795 Δεῦτε,
1055 2734 1103 2785 οί
1133 2732 1505 2805 ἐὐλογημένοι
1555 2734 1649 2788 τοῦ
1684 2737 1900 2809 Πατρός

319 2841 445 2894 μου,
492 2823 940 2897 κληρονομήσατε
990 2825 1091 2896 τὴν
1140 2827 1551 2899 ἡτοιμασμένην
1584 2829 1714 2900 ύμῖν
1744 2830 1901 2901 βασι-

315 2916 467 2971 λείαν
510 2918 619 2973 ἀπὸ
663 2918 973 2991 καταϐολῆς
1014 2920 1246 2991 κόσμου.
1281 2940 1302 2972 ι
1355 2922 1489 2975 Τότε
1534 2921 1645 2992 γὰρ
1698 2924 1901 2989 αὐτοὺς

315 3011 568 3082 αίρετιεῖ,
598 3010 878 3064 τουτέστιν
931 3011 1185 3083 αἱρετοὺς
1210 3014 1517 3084 ποιήσεται,
1551 3012 1900 3086 παραχωρῶν

314 3102 469 3156 οὐδὲν
502 3105 584 3167 είς
632 3102 1019 3175 φιλοστοργίαν
1045 3107 1159 3168 τοῖς
1191 3104 1315 3159 καθ’
1344 3107 1492 3178 ἡμᾶς
1521 3107 1815 3178 πατράσιν,
1848 3107 1900 3162 οἳ

314 3197 429 3260 τοῖς
480 3192 630 3260 ίδὶοις
680 3196 1036 3265 ἑπιγάνυνται
1066 3197 1301 3262 τέκνοις,
1343 3198 1472 3253 ὅταν
1514 3195 1626 3252 εἷεν
1664 3199 1899 3269 μάλιστα

318 3286 460 3354 σοφά
487 3287 581 3340 καὶ
618 3287 833 3359 εύήνια,
866 3286 964 3342 καὶ
992 3286 1083 3341 διὰ
1107 3287 1371 3360 πλείστης
1405 3288 1587 3354 αἰδοῦς
1616 3288 1899 3346 ποιοῦνται

316 3376 443 3440 τοὺς
473 3376 769 3446 φύσαντας.

389 3469 499 3523 Kal
541 3470 1095 3539 ἐπιστραφήσεσθε,
1144 3471 1244 3526 καί
1287 3472 1518 3543 ὄψεσθε
1553 3475 1672 3531 ἀνὰ
1704 3476 1906 3545 μέσον

316 3562 585 3626 δικαίου,
621 3563 719 3616 καί
756 3563 875 3617 ἀνὰ
906 3562 1103 3632 μέσον
1145 3564 1397 3634 ἀνόμου,
1437 3567 1538 3620 καὶ
1564 3567 1682 3622 ἀνὰ
1705 3568 1905 3638 μέσον

318 3653 428 3708 τοῦ
495 3653 899 3719 δουλεύοντος
956 3654 1037 3719 τῷ
1103 3653 1255 3723 Θεῷ,
1303 3656 1404 3713 καί
1463 3657 1571 3713 τοῦ
1616 3659 1704 3730 μὴ
1765 3660 1905 3716 δουο

318 3746 630 3812 λεύοντος.

391 3837 523 3893 MB'.
567 3838 703 3893 Τότε
739 3837 825 3908 δὴ,
862 3837 1007 3903 τότε,
1038 3838 1194 3909 φησὶ,
1218 3842 1317 3912 τῆς
1348 3840 1491 3896 οὕτω
1534 3841 1800 3915 λαθραίας
1827 3843 1905 3898 εί-

318 3928 650 4001 καιομυθίας
697 3931 1181 4003 ἀποπαυσάμενοι,
1230 3934 1326 3987 καὶ
1379 3935 1482 4006 τὴν
1536 3937 1757 4009 ἀκρατῆ
1808 3939 1905 3993 καὶ

319 4022 645 4076 ἀπαίδευτον
673 4022 1073 4088 ἀνακόπτοντες
1114 4023 1393 4093 γλῶσσαν,
1425 4027 1901 4102 διαλοιδορήσεσθε

322 4116 423 4185 μὲν
465 4115 567 4169 οὐκ
609 4114 690 4168 ἔτι
735 4113 813 4186 τῷ
854 4115 1133 4189 φιλαρέτῳ
1173 4116 1328 4190 Θεῷ,
1373 4124 1658 4193 μονονουχὶ
1698 4123 1757 4177 δὲ
1802 4124 1903 4197 τὴν

323 4207 497 4280 μέθην
543 4209 1031 4281 ἀποπεμψάμενοι,
1074 4212 1172 4266 καὶ⁸
1211 4206 1324 4267 οἷον
1365 4215 1793 4286 ἐπιστρέφοντες
1837 4220 1904 4274 ὲκ

322 4299 557 4370 πλάνης,
582 4296 640 4353 εὖ
680 4300 825 4370 μάλα
863 4301 1240 4375 καταθρήσετε
1272 4305 1395 4359 τότε
1430 4309 1526 4362 καὶ
1553 4310 1677 4365 ὅσον
1701 4312 1822 4366 ἐστὶ
1843 4313 1904 4366 τὸ

327 4390 530 4461 μεταξὺ
559 4390 769 4445 δικαίου
801 4392 896 4446 καὶ
924 4393 1148 4465 ἀνόμου,
1177 4395 1274 4449 τοῦ
1296 4397 1642 4466 δουλεύοντος
1663 4401 1783 4475 Θεῷ
1807 4404 1905 4459 καὶ

319 4481 417 4536 τοῦ
460 4484 536 4554 μὴ
580 4483 945 4549 δουλεύοντος.
973 4487 1037 4539 Ut
1068 4485 1169 4556 μὲν
1205 4487 1316 4560 γάρ
1349 4491 1543 4562 ἄνομοι
1580 4510 1639 4547 τε
1685 4496 1779 4548 καὶ
1812 4497 1904 4563 ἐξ·

2003 2004 2092 2052 tur
2149 1996 2215 2051 de
2255 1997 2393 2052 libro
2427 2000 2711 2067 viventiun
2732 2041 2750 2067 ,
2782 2009 2837 2057 et
2861 2019 2985 2059 cum
3008 2005 3173 2075 justis
3197 2023 3302 2065 non
3355 2013 3601 2068 scriban-

2002 2095 2094 2145 tur
2123 2088 2196 2144 ".
2236 2107 2255 2141 ι
2293 2087 2570 2145 Scribitur
2599 2106 2731 2162 ergo
2770 2094 2910 2150 liber
2953 2100 3288 2157 monumenti
3353 2103 3598 2159 timenti-

2000 2180 2106 2236 bus
2137 2181 2448 2247 Dominum,
2479 2197 2616 2253 quos
2647 2184 2777 2239 item
2822 2185 2923 2241 sibi
2960 2188 3291 2249 domesticos
3327 2203 3386 2250 et
3435 2195 3593 2252 fatui-

2002 2272 2320 2331 liarissimos
2336 2283 2579 2347 tempore
2600 2277 2975 2348 acquisitionis
2989 2279 3103 2339 fore
3120 2283 3371 2351 amrinat,
3385 2292 3602 2359 quando

2000 2367 2208 2423 scilicet
2233 2369 2445 2425 sedebit
2465 2369 2720 2427 Christus
2752 2388 2918 2445 super
2948 2375 3204 2434 thronum
3232 2381 3420 2451 gloria:
3463 2400 3596 2453 suae,

2000 2459 2333 2527 stipantibus
2386 2461 2639 2532 angelis:
2673 2481 2693 2516 ι
2730 2464 2797 2520 Et
2850 2475 3052 2523 statuet
3103 2483 3235 2527 oves
3295 2488 3327 2529 a
3363 2475 3597 2540 dextris,

2000 2550 2183 2607 haedos
2209 2564 2390 2609 autem
2421 2567 2452 2607 a
2499 2553 2759 2619 sinistris.
2785 2565 2841 2613 et
2886 2558 3028 2616 dicet
3058 2562 3144 2618 his
3178 2563 3271 2635 qui
3302 2580 3332 2620 a
3395 2569 3601 2624 dextris

1998 2654 2161 2698 erunt
2197 2661 2210 2699 :
2246 2644 2462 2711 Venite,
2496 2646 2767 2704 benedicti
2816 2647 2995 2708 Patris
3035 2658 3161 2722 mei,
3195 2657 3460 2727 percipite
3511 2677 3601 2717 re-

2001 2750 2165 2803 gnum
2246 2735 2392 2805 quod
2468 2737 2629 2793 vobis
2677 2748 2927 2808 paratum
2983 2753 3068 2799 est
3126 2760 3155 2798 a
3210 2749 3599 2805 constitutione

2001 2824 2187 2879 mundi
2212 2826 2282 2879 ⁸⁸.
2322 2843 2341 2878 ι
2374 2825 2529 2880 Tunc
2555 2827 2701 2882 enim
2732 2843 2827 2884 eos
2873 2831 3069 2901 eliget,
3101 2834 3205 2892 hoc
3258 2848 3342 2894 est
3392 2841 3599 2898 electos

2000 2915 2187 2984 faciet,
2226 2918 2583 2989 philostorgia
2636 2928 2690 2976 et
2719 2936 2908 2979 amore
2940 2926 3033 2981 illo
3054 2928 3318 2998 singulari
3353 2932 3488 2987 nihil
3510 2949 3603 2989 ce-

2001 3005 2136 3060 dens
2160 3007 2412 3076 patribus
2437 3010 2765 3080 nostris,qui
2804 3028 2969 3083 super
2998 3016 3124 3073 [iliis
3145 3021 3442 3088 exsultant,
3471 3040 3597 3079 cum

2004 3106 2133 3152 sunt
2159 3113 2321 3167 quam
2352 3101 2741 3171 sapientissimi
2760 3107 3085 3178 etmorigeri
3118 3129 3132 3165 :
3158 3121 3454 3182 etquorum
3474 3126 3597 3172 satu

2004 3190 2349 3260 prugenerati
2395 3201 2524 3247 sunt
2554 3231 2571 3249 .
2624 3209 2723 3250 eos
2782 3210 2995 3253 summa
3055 3202 3400 3259 observantia
3466 3221 3593 3275 pro-

2005 3294 2331 3353 sequuntur.

2076 3467 2240 3524 Vnus.
2282 3469 2367 3525 l8.
2399 3468 2469 3524 Et
2512 3473 2877 3529 convertimini
2901 3515 2917 3541 ,
2951 3485 3000 3531 et
3050 3478 3286 3533 videbitis
3333 3481 3464 3551 quid
3527 3484 3597 3537 sit

2002 3563 2145 3616 inter
2184 3563 2391 3631 justum
2456 3572 2507 3619 et
2550 3565 2850 3636 iniustum,
2906 3580 2958 3624 et
3006 3571 3343 3647 interm
3372 3577 3599 3631 servien-

2002 3666 2105 3711 tem
2132 3655 2242 3711 Deo
2268 3698 2284 3717 ,
2305 3667 2352 3711 et
2382 3673 2486 3711 non
2508 3660 2815 3715 servientem
2838 3662 2888 3717 ei
2896 3702 2911 3718 .

2079 3838 2236 3895 XLII.
2275 3838 2445 3906 Tunc,
2472 3849 2619 3908 tunc,
2649 3840 2845 3912 inquit,
2869 3843 2938 3901 ab
2961 3844 3060 3898 ista
3087 3845 3419 3904 clandestina
3444 3849 3597 3906 vani-

2004 3925 2278 3998 loquentia
2305 3929 2638 3995 desinentes,
2694 3942 2747 3985 et
2779 3933 3202 3990 incontinentem
3258 3952 3323 3993 ac
3372 3940 3594 3996 stultam

2002 4023 2242 4092 linguam
2292 4025 2869 4092 compescentes,Deo
2923 4027 3181 4083 bonitatis
3228 4033 3433 4086 amanti
3486 4047 3594 4089 non

2006 4114 2237 4185 amplius
2265 4114 2653 4186 ohloquemini,
2682 4128 2736 4171 et
2765 4120 3153 4188 propemodum
3185 4122 3451 4179 ebrietate
3503 4142 3594 4181 rc-

2005 4207 2248 4278 pudiata,
2275 4216 2330 4261 et
2369 4209 2523 4278 quasi
2559 4210 2695 4279 pede
2718 4210 2787 4263 ab
2820 4224 3010 4266 errore
3035 4223 3307 4281 revocato,
3360 4215 3599 4273 intuebi-

2005 4300 2140 4355 mini
2170 4298 2473 4355 clarissime
2504 4300 2651 4370 quod
2679 4311 2734 4357 et
2783 4312 3044 4372 quantum
3101 4304 3243 4360 inter
3285 4306 3492 4375 justum
3541 4321 3597 4366 et

2006 4395 2267 4467 injustnm
2285 4398 2354 4451 sit
2380 4398 2695 4462 discrimen,
2741 4399 2883 4455 inter
2912 4401 3239 4456 servientem
3271 4403 3381 4459 Deo
3401 4416 3455 4461 et
3485 4422 3594 4463 non

2005 4489 2599 4561 servientemeprobi
2617 4490 2841 4553 enim,et
2860 4490 3107 4559 rebelles,
3122 4492 3372 4564 etjugum
3386 4495 3503 4562 ejus
3519 4513 3600 4552 re-

319 4574 483 4645 ήνιοι,
530 4575 626 4628 καὶ
655 4574 747 4628 τὸν
786 4576 887 4648 τῆς
914 4578 1008 4630 ὑπ’
1055 4576 1207 4648 αὐτῷ
1240 4579 1487 4645 δουλείας
1515 4585 1902 4658 ἀποσειόμενοι

2004 4582 2351 4653 jectantes,iu
2368 4582 2724 4652 perditionem
2740 4592 2795 4636 et
2808 4593 3049 4639 extrema
3065 4587 3325 4657 supplicia
3339 4591 3597 4643 amanda-

318 4667 488 4736 ζυγὸν
516 4669 825 4739 οἰχήσονται
851 4670 987 4742 πρὸς
1011 4672 1290 4727 ἀπώλειαν
1316 4676 1410 4729 καὶ
1439 4678 1521 4739 είς
1547 4678 1905 4753 ἀτελεύτητον

317 4759 561 4813 κόλασιν.
621 4778 639 4811 ι
676 4760 821 4813 Ἐκεῖ
866 4761 1019 4817 ἔσται
1066 4765 1095 4817 ό
1137 4764 1413 4837 κλαυθμὸς
1446 4768 1541 4820 καὶ
1578 4770 1609 4823 ό
1661 4769 1905 4842 βρυγμὸς

316 4849 429 4901 τῶν
472 4850 722 4911 ὀδόντων,
755 4871 775 4902 ι
833 4851 978 4907 καθά
1009 4853 1104 4922 γέγ
1117 4870 1337 4926 ραπται.
1393 4857 1458 4910 Οἱ
1486 4856 1544 4911 δὲ
1576 4859 1773 4928 ἀγαθοὶ
1806 4860 1903 4917 καὶ

318 4941 581 5010 φιλόθεοι,
632 4945 728 4997 καὶ
768 4943 879 4997 τῶν
922 4945 1085 5000 θείων
1129 4946 1311 5018 νόμων
1358 4947 1758 5021 ἐπιστήμονες,
1805 4952 1903 5007 καὶ

319 5035 541 5105 ἀπάσης
568 5034 771 5107 ἀρετῆς
799 5036 1151 5109 ἐπιμεληταὶ,
1195 5036 1461 5109 λαμπροὶ,
1491 5040 1589 5093 καὶ
1615 5040 1901 5113 ήγιασμέ-

322 5140 431 5187 νοι,
470 5123 563 5176 τὸν
589 5123 693 5196 τῆς
723 5123 1033 5196 ἀφθαρσίας
1080 5125 1437 5212 ἀναϐήσονται
1486 5128 1771 5199 στέφανον,
1806 5132 1904 5185 καὶ

320 5218 380 5269 ὲν
421 5218 540 5279 ταῖς
579 5216 694 5271 ἀνω
732 5217 1021 5286 γεγονότες
1052 5221 1265 5290 μοναίς,
1293 5219 1764 5293 συνδιαιτήσονται
1804 5223 1904 5295 μὲν

320 5308 496 5375 ἁγίοις
529 5309 801 5378 ἀγγέλοις,
842 5310 1090 5367 κοινωνοὶ
1125 5311 1185 5367 δὲ
1208 5312 1309 5384 τῆς
1339 5312 1499 5386 δόξης
1526 5315 1902 5387 ἀποφανέντες

319 5401 581 5474 Χριστοῦ,
626 5405 739 5468 τοῖς
789 5404 871 5467 είς
927 5405 1255 5476 μακραίωνα
1306 5404 1422 5476 βίον
1467 5408 1901 5480 ἑντρυφήσσυσιν

316 5494 565 5561 ἀγαθοῖς,
590 5513 609 5546 ι
627 5497 693 5548 ’Δ
721 5494 1001 5565 ὀφθαλμὸς
1022 5496 1125 5550 οὐκ
1145 5492 1277 5563 εἶδε,
1302 5497 1399 5551 καὶ
1419 5494 1513 5562 οὖς
1544 5498 1645 5553 οὐκ
1670 5500 1897 5571 ήκουσε,

315 5587 414 5641 καὶ
459 5586 553 5639 ἐπὶ
594 5586 828 5657 καρδίαν
870 5585 1161 5659 ἀνθρώπου
1207 5588 1309 5643 οὐκ
1355 5588 1523 5661 ἀνέϐη
1543 5628 1558 5656 ,
1596 5609 1614 5641 ι
1654 5591 1797 5646 κατά
1836 5590 1902 5646 τὺ

388 5795 435 5874 ξ·
475 5794 616 5851 Psal.
647 5807 914 5874 essunt,
945 5792 1032 5874 inti.
1107 5794 1156 5827 “
1182 5794 1308 5874 an:
1350 5810 1404 5864 δ’,
1434 5798 1525 5855 20.
1601 5802 1644 5835 "’
1673 5801 1816 5862 Psal.
1845 5819 2040 5874 uvm,
2083 5804 2174 5863 29.

322 5872 337 5902 ι
379 5869 653 5931 Joan.\tv,
696 5866 753 5920 ‘2.
835 5868 853 5898 ²
894 5864 914 5919 ι
953 5864 1080 5921 Cor.
1128 5882 1191 5933 tt,
1231 5866 1289 5923 9.

2013 4676 2233 4729 buntur.
2269 4692 2287 4726 ι
2309 4674 2386 4729 lbi
2400 4675 2502 4730 erit
2520 4673 2678 4729 ﬂetus
2699 4685 2755 4729 et
2770 4677 2970 4731 stridor
2984 4678 3225 4733 dentium
3251 4699 3269 4732 ι
3281 4681 3431 4750 juxta
3448 4680 3598 4737 Scri-

2010 4778 2225 4839 pturam
2251 4768 2320 4821 ο⁹.
2360 4765 2493 4821 Boni
2519 4776 2708 4821 contra
2722 4776 2778 4821 et
2790 4764 2883 4822 Dei
2902 4771 3596 4842 amautes,divinarnmque

2009 4859 2188 4930 legum
2216 4859 2392 4930 gnari,
2426 4859 2825 4930 virtutibusque
2851 4860 3041 4925 dediti.
3072 4862 3360 4932 splendidi,
3382 4873 3440 4919 et
3465 4880 3594 4920 satr-

2007 4952 2228 5008 ctiticati
2252 4991 2267 5015 ,
2302 4951 2729 5007 immortalitatis
2760 4967 2961 5008 corona
2994 4954 3305 5022 induentnr,
3347 4955 3478 5010 etin
3504 4970 3596 5010 stt-

2010 5060 2204 5118 pernas
2252 5045 2559 5101 mansiones
2609 5046 2880 5115 recepti’,
2913 5061 3036 5100 cum
3096 5048 3302 5118 augetis
3347 5048 3597 5104 fruemur

2008 5151 2127 5192 avo
2150 5137 2504 5207 sentpiterno,
2537 5146 2596 5191 et
2637 5138 2930 5207 participes
2952 5136 3079 5193 facti
3108 5138 3291 5208 gloriae
3339 5139 3541 5196 Christi
3576 5182 3595 5206 ,

2011 5230 2065 5285 in
2097 5231 2254 5301 longa
2285 5229 2481 5285 saecula
2511 5230 2755 5284 suaviter
2782 5222 3008 5300 carpent
3058 5234 3229 5296 bona,
3267 5250 3285 5283 ι
3316 5249 3439 5303 qua».
3493 5250 3596 5290 nec

1998 5322 2194 5378 oculus
2217 5321 2372 5389 vidit,
2412 5336 2513 5378 nec
2542 5325 2692 5378 auris
2735 5323 2962 5387 audivit,
2989 5337 3087 5379 nec
3114 5324 3166 5378 in
3201 5339 3298 5380 cor
3355 5325 3593 5383 hominis

2000 5413 2386 5482 ascenderunt,
2424 5432 2446 5467 ο
2488 5423 2549 5469 ιιι
2576 5416 2842 5483 scriptum
2871 5423 2957 5469 est
2976 5417 3019 5468 ².
3050 5412 3441 5470 Verumtamen
3468 5431 3585 5470 cer,

2001 5516 2194 5563 nentes
2214 5508 2269 5563 in
2303 5508 2405 5562 hac
2433 5509 2542 5564 vita
2560 5508 2809 5563 homines
2830 5507 3158 5579 improbitati
3180 5509 3405 5576 amicos,
3430 5520 3593 5567 renuis

2000 5602 2255 5658 secundis
2290 5601 2481 5659 beatos
2513 5617 2578 5658 ac
2632 5598 2909 5667 ﬂorentes,
2962 5600 3293 5671 cogitatione
3343 5604 3592 5662 distracti

2278 5807 2324 5839 "
2352 5805 2537 5864 Matth.
2565 5823 2691 5877 xxv,
2738 5808 2827 5875 '53,
2860 5805 2951 5863 δι.
3031 5806 3076 5839 ’⁸
3110 5805 3301 5862 Matth.
3331 5820 3449 5874 vttt,
3502 5802 3588 5861 12.
