4120 6376
522 417 650 477 ωε,
1570 402 1630 460 s.
1670 400 1949 459 CYRILLI
1990 397 2464 455 ALEXANDRIN!
2508 394 2832 452 Αιιοιιιιῖρ.

528 542 748 596 fuerunt
773 546 1084 594 sanctorum
1111 529 1377 596 nonnulli,
1408 528 1659 598 quamvis
1685 540 1805 598 non
1848 522 2121 579 nescirent

2228 519 2627 592 γεγραμμένον.
2654 518 2801 590 Πλὴν
2825 512 3232 589 εὐημεροῦντας
3262 512 3553 584 βλέποντες
3579 510 3637 563 ὲν
3661 509 3795 581 τῷδε

529 634 697 687 vitam
742 630 954 685 illorum
1005 628 1059 683 in
1110 624 1338 681 exilium
1405 621 1723 677 desituram.
1769 594 2004 672 ﬁroinde
2042 614 2117 669 ita

2228 613 2299 685 τῷ
2330 613 2430 685 βίῳ
2450 614 2582 677 τοὺς
2605 612 2707 683 τῆς
2737 609 3071 681 φαυλότητος
3102 605 3359 678 ἐραστὰς,
3403 603 3659 673 γεγόνασι
3695 604 3797 673 μὲν

3689 392 3799 447 556

528 733 753 779 sanctus
777 721 1045 776 Jeremias
1062 735 1077 772 :
1097 738 1117 771 ι
1141 716 1330 772 Justus
1355 729 1438 779 es,
1461 713 1712 776 Domine,
1735 711 1863 779 quia
1889 722 2113 778 respon-

530 816 672 870 debo
694 815 758 868 ad
779 824 829 867 te
852 830 866 866 :
900 820 1274 865 verumtamen
1293 806 1558 877 judicium
1581 804 1772 873 loquar
1788 801 1854 856 ad
1884 811 1953 855 te.
1974 799 2114 866 Quid

522 920 608 961 est
638 905 779 977 quod
807 905 895 959 via
940 904 1227 973 impiorum
1262 895 1655 970 prosperatur?
1684 893 2117 949 Abundavernnt

528 1012 719 1051 omnes
742 994 1187 1066 praevaricatione
1219 990 1644 1062 praevaricautes
1664 987 1688 1040 ?
1707 982 1968 1039 Plantasti
2022 995 2117 1036 eos

528 1098 585 1145 et
607 1089 841 1145 radicem
875 1096 1142 1157 egerunt:
1178 1084 1319 1140 filios
1350 1087 1764 1152 generaverunt,
1784 1086 1840 1132 et
1872 1075 2119 1130 fecerunt

532 1182 787 1237 fructum.
816 1180 991 1250 Prope
1020 1193 1079 1234 es
1116 1189 1171 1231 tu
1199 1178 1281 1232 ori
1315 1181 1600 1239 eorum,et
1645 1172 1801 1240 longe
1832 1184 1863 1222 a
1897 1165 2119 1222 renibus

530 1291 741 1332 eorum.
766 1273 837 1330 Et
872 1283 951 1337 tu,
989 1270 1235 1333 Domine,
1268 1266 1554 1336 cognoscis
1582 1279 1689 1323 mc.
1727 1259 1967 1332 probasti
2021 1273 2117 1313 cor

532 1383 710 1423 meum
747 1380 931 1422 coram
961 1375 1013 1419 te
1042 1363 1086 1418 ³.
1127 1380 1147 1414 ι
1199 1360 1266 1415 Et
1319 1374 1569 1414 rursum:
1611 1373 1631 1408 ‹
1673 1352 1962 1409 Sanctifica
2024 1364 2119 1404 eos

532 1459 598 1514 ad
636 1458 778 1513 diem
804 1456 1094 1512 occisionis
1109 1467 1317 1509 eorum.
1339 1450 1631 1518 Quousque
1656 1445 1857 1515 lugebit
1878 1452 2021 1498 terra
2036 1440 2077 1497 ⁸.
2094 1458 2112 1492 ι

530 1551 730 1607 Cernis
762 1549 1031 1619 quomodo
1059 1548 1114 1602 in
1148 1543 1504 1615 cogitationes
1538 1538 1820 1611 perplexas
1848 1536 2119 1598 inciderit,

530 1653 851 1699 cumtamen
882 1640 1041 1695 linem
1074 1637 1361 1707 impiorum
1396 1633 1542 1687 haud
1568 1632 1861 1701 ignoraret.
1890 1644 1909 1678 ι
1932 1624 2124 1681 Omnis

531 1747 664 1789 caro
694 1732 898 1796 fenum,
922 1738 977 1785 et
1004 1732 1184 1787 omnis
1216 1726 1381 1798 gloria
1408 1723 1547 1793 ejus,
1581 1733 1640 1778 ut
1660 1720 1759 1775 Ilus
1786 1718 1948 1781 feni,»
1980 1716 2124 1771 sicut

532 1829 796 1896 scriptum
822 1834 906 1879 est
931 1823 975 1877 ⁸.

2221 707 2278 761 ὲν
2299 706 2579 776 λογισμοῖς
2610 703 2719 758 τῶν
2749 703 2925 773 ἁγίων
2953 702 3119 767 τινὲς,
3144 700 3245 754 οὐκ
3260 697 3535 770 ⁴ηγνόιιισαν
3556 696 3612 750 δὲ
3634 698 3716 750 ὅτι
3736 697 3798 749 τὸ

2219 794 2316 849 τοῦ
2357 792 2471 862 βίου
2514 791 2694 864 πέρας
2723 792 2938 857 ἕξουσιν
2985 790 3067 854 είς
3114 787 3411 843 ἀπώλειαν.
3449 786 3562 840 Καὶ
3600 785 3733 855 γοῦν
3769 788 3799 840 ό

2224 887 2493 957 μακάριος
2532 885 2803 957 Ἱερεμίας
2842 884 2993 937 οὕτω
3031 881 3151 945 πώς
3194 896 3365 952 φησιο
3402 897 3421 931 t
3458 878 3674 941 Δίκαιος
3722 872 3796 939 εἷ,

2223 973 2397 1045 Κύριε
2419 1014 2434 1039 ,
2464 974 2548 1026 ὅτι
2580 973 2992 1043 ἀπολογήσομαι
3026 972 3163 1043 πρὸς
3193 972 3272 1034 σὲ,
3321 969 3464 1040 πλὴν
3496 971 3669 1040 κρῖμα
3704 967 3800 1021 λα-

2219 1067 2368 1137 λήσω
2401 1065 2540 1136 πρὸς
2567 1066 2647 1119 σέ.
2698 1066 2764 1119 Τί
2793 1066 2877 1119 ὅτι
2916 1065 3038 1129 ὁδὸς
3082 1063 3295 1118 ἀσεϐῶν
3332 1061 3640 1127 εύοδοῦταις
3689 1060 3799 1114 Εὐ-

2220 1159 2459 1229 θήνησαν
2488 1158 2730 1221 ἅπαντες
2755 1159 2805 1211 οἱ
2828 1156 3149 1219 ἀθετοῦντες
3175 1155 3527 1224 ἀθετήματας
3545 1150 3803 1220 Ἐφύτευ-

2222 1265 2320 1313 σας
2362 1250 2583 1315 αὐτοὺς,
2635 1250 2730 1302 καὶ
2772 1246 3182 1321 ὲρῤιζώθησανο
3226 1245 3667 1313 ὲτεκνοποίησαν,
3704 1241 3803 1295 καὶ

2221 1340 2484 1410 ἐποίησαν
2518 1341 2749 1410 καρπόν.
2785 1340 2983 1409 Ἐγγὺς
3015 1336 3066 1392 εἷ
3096 1340 3162 1392 σὺ
3186 1337 3279 1391 τοῦ
3308 1338 3572 1406 στόματος
3595 1333 3798 1396 αὐτῶν,

2225 1434 2321 1487 καὶ
2350 1433 2539 1504 πόρρω
2582 1432 2689 1487 ἀπὸ
2715 1432 2824 1486 τῶν
2850 1431 3068 1502 νεφρῶν
3101 1429 3301 1485 αὐτῶν.
3349 1428 3460 1482 Καὶ
3486 1428 3572 1487 σὺ,
3600 1425 3797 1497 Κύριε,

2226 1524 2517 1594 γινώσκεις
2548 1542 2639 1596 με,
2673 1524 3005 1596 ἐδοκίμασας
3030 1523 3129 1593 τὴν
3157 1521 3386 1593 καρδίαν
3422 1537 3523 1591 μου
3560 1517 3802 1571 ἐναντίον

2230 1633 2344 1673 σου.
2382 1636 2401 1669 ι
2439 1611 2571 1670 Εἶτα
2599 1616 2765 1671 πάλιν
2795 1616 2963 1688 φησί’
3000 1616 3292 1684 «Ἂγνισον
3317 1613 3515 1676 αὐτοὺς
3547 1612 3627 1673 είς
3655 1609 3801 1679 ὴμέ-

2232 1726 2334 1776 ραν
2378 1708 2593 1779 σφαγῆς
2635 1707 2836 1762 αὐτῶν.
2868 1708 3016 1771 Ἕως
3060 1706 3191 1760 πότε
3239 1704 3499 1774 πενθήσει
3555 1702 3589 1771 ἡ
3631 1698 3736 1768 γῆς
3775 1717 3794 1747 ι

2243 1801 2405 1873 Ὁρᾷς
2449 1802 2598 1864 ὅπως
2642 1799 3007 1870 ἐμπέπτωκεν
3040 1800 3119 1862 είς
3147 1796 3424 1867 λογισμῶν
3462 1791 3800 1863 δυσχέρειαν,

532 1882 896 1991 οὐκ-ἠγνόηκε
926 1917 985 1971 δὲ
1009 1916 1121 1971 τῶν
1149 1912 1553 1969 δυσσεὸούντων
1588 1910 1651 1964 τὸ
1714 1903 2131 1980 πέρας.‹Πᾶσα
2171 1895 2311 1969 σὰρξ
2373 1896 2569 1968 χόρτος
2636 1896 2731 1950 καὶ
2772 1896 2924 1950 πᾶσα
2969 1893 3099 1961 δόξα
3141 1890 3465 1962 ἀνθρώπων,
3508 1888 3582 1951 ὼς
3644 1882 3805 1945 ἄνθος

532 2008 829 2083 χόρτου[ς],
866 2026 885 2059 ι
922 2006 1066 2063 κατὰ
1099 2006 1159 2060 τὸ
1190 2003 1600 2077 γεγραμμένον.

1172 2139 1324 2196 CAP.
1356 2137 1444 2193 IV.

614 2280 777 2336 Vsus.
807 2280 858 2334 I.
891 2277 1028 2344 Quia
1062 2292 1177 2330 eccs
1214 2276 1328 2328 dies
1354 2274 1492 2328 venit
1523 2272 1711 2325 ardens
1731 2270 1863 2323 sicut
1886 2266 2125 2322 clibanus

541 2373 883 2428 ett-amburet
919 2386 1006 2423 eos
1036 2407 1051 2431 ,
1106 2377 1156 2421 et
1215 2378 1367 2420 erunt
1431 2381 1607 2419 omnes
1678 2362 2025 2430 alienigenae,
2076 2367 2127 2411 et

538 2466 765 2523 universi
794 2465 881 2533 qui
912 2462 1118 2532 faciunt
1155 2459 1365 2526 iniqua,
1409 2456 1644 2527 stipula;
1669 2466 1715 2507 et
1743 2451 2016 2506 succendet
2039 2466 2126 2503 eos

536 2559 652 2609 dies
707 2554 911 2607 ueniens
945 2589 961 2614 ,
1004 2551 1129 2602 dicit
1178 2547 1435 2601 Dominus
1466 2546 1811 2612 omnipotens,
1834 2553 1881 2595 et
1907 2557 2008 2594 non
2044 2556 2126 2594 re-

537 2647 807 2716 linquetur
839 2643 903 2697 de
926 2641 1000 2695 eis
1025 2641 1181 2694 rudia:
1214 2654 1376 2709 neque
1394 2652 1627 2710 germen.

624 2814 793 2888 865
828 2809 1015 2869 XLIII.
1057 2811 1210 2867 Diem
1245 2808 1433 2881 iudicii
1468 2807 1520 2862 in
1554 2807 1678 2873 igne
1701 2805 1935 2861 futurum
1968 2820 2122 2875 repu-

547 2919 667 2964 tare
701 2923 882 2963 secum
919 2911 1343 2960 consentaneum
1370 2909 1476 2967 est,
1514 2918 1534 2952 ι
1565 2902 1616 2953 in
1641 2914 1749 2969 quo
1778 2898 1901 2953 εωιί
1934 2912 2127 2966 magno

548 3002 749 3070 impetu
799 2998 1087 3063 transient,
1131 2996 1401 3051 elementa
1435 3008 1569 3048 vero
1596 2994 1778 3047 calore
1824 2991 2126 3054 solventur,

550 3104 693 3148 terra
736 3100 919 3146 autem
959 3098 1017 3144 et
1060 3101 1181 3157 qua:
1219 3086 1274 3140 in
1320 3086 1434 3153 ipsa
1472 3093 1599 3137 sunt
1631 3097 1795 3151 opera
1829 3090 2129 3134 exurentur

544 3184 754 3240 omnia.
787 3183 969 3238 Novos
1007 3194 1140 3235 vero
1175 3178 1367 3243 caelos,
1401 3186 1457 3232 et
1481 3190 1675 3231 novam
1703 3187 1901 3229 terram
1935 3188 2132 3229 secun-

550 3280 676 3331 dum
732 3275 999 3346 promissa
1034 3271 1205 3342 ipsius
1257 3277 1635 3338 exspectamus
1671 3266 1741 3333 ⁶;
1789 3285 1809 3318 ›
1857 3265 1938 3321 sic
1985 3266 2128 3320 enim

552 3368 772 3437 quidam
803 3374 1114 3422 sanctorum
1146 3361 1533 3430 discipulorum
1565 3360 1721 3414 dixit.
1761 3358 1939 3427 lnquit
1969 3373 2121 3427 ergo,

2846 2115 3099 2171 ΚΕΦΑΛ.
3126 2117 3202 2170 A'.

2295 2260 2454 2315 Διὸττ
2490 2256 2617 2311 ἰδοὺ
2655 2255 2849 2326 ἡμέρα
2874 2253 3110 2323 ἔρχεται
3154 2251 3437 2321 καιομένη
3475 2252 3554 2317 ὠς
3594 2252 3807 2304 κῑίόα-

2226 2369 2364 2416 νος,
2398 2348 2499 2402 καὶ
2535 2348 2745 2417 φλέξει
2781 2344 3035 2411 αὐτοὺς,
3086 2343 3187 2397 καί
3225 2344 3471 2397 ἔσονται
3502 2342 3725 2408 πάντες
3750 2345 3806 2395 ol

2226 2440 2598 2511 duorsrsic,
2630 2439 2730 2494 καί
2766 2438 2990 2502 πάντες
3028 2440 3079 2490 οι
3113 2434 3428 2500 ποιοῦντες
3465 2434 3662 2503 ἄνομα
3692 2450 3807 2487 κα-

2226 2534 2410 2603 λάμη,
2437 2532 2536 2585 καὶ
2568 2531 2793 2599 ἀνάψει
2817 2528 3038 2594 αὐτοὺς
3066 2527 3258 2597 ’ἡμέρα
3285 2528 3323 2595 ἠ
3352 2527 3666 2595 ἐρχομένη,
3701 2525 3804 2580 λέ-

2227 2645 2316 2699 res
2354 2627 2569 2695 Κύριος
2618 2622 3040 2691 παντοκράτωρ
3069 2663 3084 2687 ,
3116 2620 3213 2674 καὶ
3246 2621 3318 2675 οὐ
3349 2619 3436 2689 μὴ
3471 2615 3806 2686 ὑπολειφθῇ

2226 2720 2296 2784 ἐξ
2324 2718 2524 2773 αὐτῶν
2542 2716 2674 2785 ῥίζα
2698 2716 2841 2770 οὐδὲ
2864 2713 3087 2783 κλῆμα.

2300 2812 2434 2867 ΜΓ.
2491 2813 2578 2864 Ἐν
2644 2810 2777 2881 πυρὶ¹
2834 2807 2943 2879 γὰρ
2998 2804 3216 2859 ἔσεσθαι
3273 2803 3371 2875 τὴν
3419 2804 3517 2874 τῆς
3571 2801 3808 2873 κρίσεως

2229 2904 2442 2975 ἡμέραν
2488 2904 2688 2955 ἐννοεῖν
2728 2898 3053 2963 ἀκόλουθον,
3098 2916 3119 2949 ι
3163 2898 3249 2950 Ἐν
3366 2896 3416 2947 οἱ
3447 2894 3667 2964 οὐρανοὶ
3708 2892 3810 2962 μὲν

2233 2996 2477 3066 ῥοιζηδὸν
2524 2992 2991 3066 παρελεύσονται,
3060 2990 3301 3058 στοιχεῖα
3350 2985 3407 3038 δὲ
3454 2983 3811 3054 καυσούμενα

2231 3089 2591 3160 λυθήσονται,
2621 3087 2691 3157 γῆ
2721 3085 2777 3139 δὲ
2811 3086 2904 3137 καὶ
2936 3083 3005 3136 τὰ
3038 3083 3095 3134 ὲν
3118 3081 3253 3151 αὐτῇ
3289 3080 3425 3151 ἔργα
3455 3078 3811 3148 κατακαήσε-

2232 3201 2321 3237 ται
2367 3182 2568 3235 πάντα.
2616 3178 2852 3240 Καινοὺς
2897 3174 2953 3227 δὲ
2996 3174 3280 3245 οὐρανοὺς,
3331 3172 3425 3225 καὶ
3464 3169 3656 3241 καινὴν
3705 3168 3812 3239 γῆν

2232 3274 2376 3328 κατὰ
2421 3272 2492 3326 τὰ
2537 3270 2933 3339 ἐπαγγέλματα
2975 3265 3140 3321 αὐτοῦ
3182 3262 3605 3335 προσδοκῶμεν·
3643 3282 3661 3316 ι
3705 3261 3811 3333 ἔφη

2234 3367 2342 3436 γὰρ
2372 3359 2475 3418 ὧδέ
2495 3380 2578 3425 τις
2601 3361 2709 3416 τῶν
2731 3360 2900 3429 ἁγίων
2927 3356 3376 3430 μαθητῶν.Ἦξει
3394 3356 3599 3420 τοίνυν,
3622 3355 3811 3424 φησὶν,

552 3458 748 3515 Veniet.
776 3468 836 3513 ut
875 3458 1120 3513 clibanus
1162 3455 1282 3511 dies
1310 3453 1549 3520 Domini,
1591 3462 1648 3508 et
1690 3426 1881 3507 omnes
1916 3426 2124 3521 quidem

2236 3426 2325 3523 ως.
2355 3456 2608 3518 κλίὸανος
2649 3455 2683 3524 ἡ
2708 3426 2895 3524 ἡμέρα
2929 3426 3157 3522 Κυρίου,
3196 3449 3292 3503 καὶ
3332 3446 3659 3517 καταφλέξει
3712 3447 3813 3516 μὲν

550 3554 887 3624 alienigenas
926 3549 1233 3615 comburet,
1276 3547 1637 3603 nihilominus
1676 3548 1839 3600 etiam
1876 3545 2124 3600 facientes

2240 3552 2481 3613 ἅπαντας
2510 3549 2637 3611 τοὺς
2674 3546 2981 3614 ωλογενείς
3000 3582 3016 3608 ,
3048 3541 3349 3613 προσθήσει
3386 3540 3444 3593 δὲ
3472 3540 3682 3602 τούτοις
3719 3539 3816 3591 καὶ

556 3644 742 3714 iniqua
770 3650 1048 3706 assumet;
1079 3655 1245 3695 unum
1273 3640 1420 3693 enim
1454 3650 1510 3693 et
1540 3639 1614 3692 illi
1642 3648 1696 3692 et
1724 3639 1775 3692 Ιιί
1813 3638 2124 3707 supplicium

2234 3646 2364 3707 τοὺς
2409 3641 2696 3703 ποιοῦντας
2726 3637 2798 3692 τὰ
2827 3638 3033 3707 ἄνομα·
3075 3635 3173 3706 μία
3203 3635 3313 3705 γὰρ
3358 3633 3511 3685 ἔσται
3544 3635 3656 3695 τοῖς
3695 3631 3816 3683 κατ’

556 3736 836 3790 subibunt.
855 3732 988 3787 Vide
1011 3740 1192 3787 autem
1214 3731 1301 3786 hic
1322 3731 1692 3785 festivitatem.
1717 3729 1871 3783 Nunc
1893 3729 2124 3783 memini!

2239 3735 2442 3806 ἀμφοῖν
2486 3734 2519 3802 ή
2568 3730 2717 3799 δίκη.
2747 3728 2941 3797 Ἀθρει
2982 3726 3040 3779 δὲ
3080 3723 3251 3786 οὕτως
3282 3722 3630 3792 ἁστειότητα.
3677 3720 3819 3772 Νυνὶ

557 3827 1011 3895 alienigenarum.
1052 3822 1345 3894 Postquam
1394 3822 1539 3877 enim
1576 3836 1672 3876 eos
1719 3822 1906 3877 beatos
1947 3822 2124 3891 pracdi-

2234 3826 2606 3898 διαμέμνηται
2656 3820 2765 3874 τῶν
2805 3817 3131 3886 ἀλλογενῶν.
3191 3812 3407 3885 Ἐπειδὴ
3456 3814 3565 3883 γὰρ
3618 3810 3819 3873 αὐτοὺς

556 3928 772 3983 carunt,
816 3917 1055 3973 dicentes
1094 3934 1111 3971 :
1149 3934 1169 3967 ι
1219 3916 1288 3970 Ει
1332 3931 1478 3971 nunc
1530 3930 1630 3971 nos
1676 3915 1860 3970 beatos
1908 3915 2124 3970 dicimus

2238 3917 2605 3991 ἐμακάριζον,
2642 3913 2892 3982 λέγοντες
2913 3927 2927 3941 ·
2964 3910 3102 3963 (Καὶ
3122 3908 3218 3962 νῦν
3247 3907 3408 3978 ἡμεῖς
3438 3902 3818 3974 μακαρίζομεν

558 4012 789 4075 alienos,
825 4020 881 4065 et
912 4009 1312 4065 reasdificantur
1341 4022 1531 4063 omnes
1559 4009 1649 4078 qui
1683 4008 1889 4063 faciunt
1932 4008 2124 4079 iniqua.

2238 4010 2580 4082 ἀλλοτρίους,
2630 4007 2724 4060 καὶ
2766 4001 3240 4073 ἀνοικοδομοῦνται
3285 3997 3568 4059 ποιοῦντες
3614 3995 3820 4066 ἄνομα,

558 4102 673 4158 Deo
706 4103 1042 4163 restiterunt,
1073 4106 1132 4153 et
1163 4098 1299 4154 salvi
1341 4097 1468 4153 facti
1503 4107 1653 4161 sunt,
1684 4116 1702 4148 ι
1746 4097 1835 4151 hic
1866 4113 1959 4151 eos
1992 4113 2143 4152 com-

558 4198 777 4252 bustum
809 4192 874 4247 iri
903 4199 1169 4258 autumat,
1196 4201 1259 4245 ut
1288 4192 1380 4261 qui
1416 4191 1644 4260 gloriam
1677 4189 1769 4244 Dei
1798 4205 2142 4259 Oppugnave-

559 4287 694 4351 rint,
722 4297 777 4342 et
799 4293 1105 4341 creaturam
1136 4298 1300 4354 quam
1330 4282 1645 4339 Creatorem
1670 4282 1903 4336 adorare
1938 4281 2143 4336 malue-

559 4380 671 4435 rint
688 4380 767 4434 ⁷.)

635 4469 1107 4525 Itatiocinabimur
1138 4477 1196 4524 et
1243 4471 1423 4533 aliter,
1472 4466 1805 4538 alienigenas
1844 4468 2145 4539 appellatos

562 4577 685 4618 esse
719 4562 1054 4625 idololatras,
1089 4570 1145 4616 et
1180 4560 1287 4615 alio
1321 4561 1556 4630 quodam
1610 4564 1769 4615 modo
1811 4561 2075 4616 alienatos
2114 4578 2124 4616 :

2244 4565 2374 4627 τοὺς
2435 4558 2864 4629 είδωλολάτρας,
2927 4556 3025 4610 καὶ⁸
3082 4554 3209 4618 τοὺς
3281 4553 3401 4607 καθ’
3451 4552 3639 4622 ἔτερόν
3699 4566 3823 4602 τινα

562 4668 721 4709 sacra
743 4663 797 4709 et
822 4656 993 4709 electa
1019 4665 1182 4723 gente
1206 4668 1221 4706 :
1246 4651 1553 4716 baareticos,
1585 4653 1831 4722 inquam,
1857 4655 1923 4709 de
1949 4657 2124 4724 qnibu:

2246 4653 2449 4726 τρόπον
2485 4646 2952 4720 ὴλλοτριωμένους
2984 4642 3080 4697 τοῦ
3118 4644 3263 4714 ἱεροῦ
3298 4660 3356 4697 τε
3396 4644 3491 4696 καὶ
3518 4641 3821 4695 ἀπολέκτου

562 4745 968 4815 appositissime
991 4746 1227 4800 dicitur:
1265 4763 1284 4795 ι
1310 4744 1387 4799 Ex
1423 4745 1579 4800 nobis
1607 4749 1874 4811 exierunt,
1908 4749 2000 4801 sed
2035 4763 2119 4801 nm

2248 4725 2475 4815 γένους,
2526 4734 2639 4793 οἷόν
2669 4738 2722 4790 τί
2760 4753 2905 4807 φημι
2947 4735 3075 4799 τοὺς
3107 4735 3447 4806 αἱρετικοὺς,
3483 4733 3610 4804 περὶ
3641 4725 3715 4785 ὧν
3758 4732 3824 4785 ἂν

564 4850 808 4893 erantex
832 4838 1009 4892 nobis.
1043 4836 1176 4891 Nam
1198 4836 1242 4892 si
1272 4835 1504 4892 fuissent
1526 4852 1590 4890 ex
1616 4838 1794 4902 nobis,
1823 4838 2120 4892 ntansissen

2242 4837 2478 4905 λέγοιτο,
2525 4832 2621 4885 καὶ
2667 4828 2815 4900 μάλα
2865 4828 3127 4890 εἰκότως⁸
3177 4844 3197 4877 t
3245 4824 3335 4889 Ἐξ
3365 4824 3525 4896 ἡμῶν
3561 4823 3822 4894 ἐξῆλθον,

565 4930 753 4999 utique
800 4929 1083 4985 nobiscum
1121 4928 1165 4982 ⁸.
1200 4947 1223 4980 ›
1262 4927 1329 4982 Ili
1374 4943 1634 4998 namque,
1663 4929 1843 4983 divina
1868 4929 2124 4984 nobilitas

2240 4929 2359 4986 ἀλλ’
2389 4927 2491 4981 οὐκ
2522 4920 2664 4996 ἦσαν
2694 4920 2756 4986 ἐξ
2788 4919 2968 4991 ἡμῶν.
2998 4920 3061 4972 Ei
3090 4919 3202 4989 γὰρ
3230 4913 3371 4989 ἦσαν
3406 4918 3467 4984 ἐξ
3508 4918 3688 4987 ἡμῶν,
3728 4933 3825 4986 με-

2242 4106 2338 4161 καὶ
2366 4104 2705 4172 ἀντέστησαν
2738 4096 2879 4168 Θεῷ,
2920 4097 3015 4149 καὶ
3051 4093 3355 4163 ἐσώθησαν,
3393 4110 3412 4143 ι
3450 4088 3622 4161 ταύτῃ
3651 4106 3820 4142 κατα-

2240 4190 2641 4267 φλεχθήσεσθαί
2676 4206 2840 4261 φησιν
2868 4188 3068 4251 αὐτοὺς
3096 4229 3110 4251 ,
3150 4185 3225 4248 ὡς
3265 4188 3332 4256 τῇ
3382 4183 3477 4237 τοῦ
3524 4183 3659 4237 Θεοῦ
3690 4182 3821 4255 δόξῃ

2244 4287 2721 4358 πεπολεμηκὸτας,
2752 4283 2851 4336 καὶ
2895 4282 3221 4352 προσκυνεῖν
3251 4278 3541 4349 ἑλομένους
3573 4277 3674 4347 τὴν
3699 4276 3822 4328 κτί-

2247 4399 2331 4437 σιν
2365 4381 2516 4450 παρὰ
2546 4376 2636 4430 τὸν
2664 4375 2945 4429 κτίσαντα.

2315 4466 2659 4540 Λογιούμεθα
2718 4466 2814 4519 καὶ
2857 4463 3057 4534 ἑτέρως
3101 4461 3409 4531 ἀλλογενεῖς
3452 4457 3823 4530 ὀνομάζεσθαι

568 5025 805 5094 abjecta,
832 5031 888 5077 et
912 5038 941 5076 a
972 5030 1137 5092 gente
1161 5027 1348 5075 sancta
1375 5028 1536 5088 atque
1562 5020 1732 5073 electa
1766 5018 2000 5089 separati
2033 5034 2124 5086 qua

2250 5019 2562 5091 μενήκεσαν
2590 5014 2656 5067 ἂν
2691 5011 2809 5083 μεθ’
2836 5010 3045 5082 ἡμῶν.»
3073 5005 3231 5064 Οὗτοι
3253 5009 3350 5080 τὴν
3372 5008 3521 5062 θείαν
3547 5007 3826 5074 εὐγένειαν

568 5117 710 5172 facta
745 5128 832 5172 est
876 5114 930 5169 in
974 5111 1388 5182 acquisitionem
1423 5110 1443 5141 ’
1485 5110 1613 5181 (per
1660 5109 1817 5164 Iidem
1869 5110 2053 5178 utique
2089 5108 2124 5162 ii

2250 5105 2717 5179 ἀποϐεϐληκότες,
2753 5100 3247 5173 ἁπονοσφιζὸμενοί
3289 5118 3350 5154 τε
3398 5099 3493 5153 τοῦ
3539 5099 3683 5171 ίεροῦ
3733 5100 3827 5152 καὶ

568 5208 905 5278 Christum),
944 5209 1098 5262 cibus
1157 5210 1323 5259 erunt.
1377 5202 1518 5274 ignis
1568 5203 1752 5257 omnia
1809 5200 2124 5258 devorantis

2248 5201 2557 5259 ἁπολέκτου
2602 5197 2795 5267 γένους
2858 5194 2952 5248 τοῦ
3012 5194 3297 5263 γεγονότος
3346 5192 3429 5257 είς
3478 5200 3827 5263 περιποίησιν

573 5303 774 5359 Eodem
814 5302 935 5358 loco
973 5299 1324 5371 apud-Deum
1357 5307 1523 5354 erunt
1563 5296 1657 5367 qui
1698 5295 1907 5352 faciunt
1936 5295 2119 5366 iniqua

2250 5294 2377 5367 (διὰ
2421 5293 2659 5354 πίστεως
2702 5289 2762 5343 δὲ
2805 5286 3049 5359 δηλονότι
3095 5286 3198 5357 τῆς
3237 5286 3296 5339 ἑν
3344 5284 3623 5357 Χριστῷ),
3656 5282 3827 5355 πυρὸς

573 5394 788 5450 tametsi
804 5392 1018 5448 admisti
1034 5388 1246 5445 fuerint
1265 5388 1493 5443 fortasse
1509 5386 1855 5442 credentibus
1871 5395 1926 5441 et
1940 5386 2124 5441 electis

2243 5388 2469 5441 ἔσονται
2490 5384 2587 5438 τοῦ
2615 5380 2920 5453 παμφάγου
2954 5381 3156 5452 τροφή.
3199 5380 3290 5434 Ἐν
3320 5379 3409 5452 ἴσῃ
3432 5378 3490 5432 δὲ
3520 5379 3687 5448 μοίρᾳ
3717 5376 3830 5429 κεί-

570 5492 630 5538 et
648 5499 770 5540 eum
793 5483 884 5553 qui
910 5492 1104 5538 natura
1130 5496 1196 5538 ac
1224 5481 1453 5536 veritate
1479 5480 1619 5535 Deus
1648 5488 1752 5539 est,
1776 5483 2124 5547 cOgnoverint

2258 5495 2444 5532 σονται
2486 5475 2638 5547 παρὰ
2681 5472 2801 5543 Θεῷ
2833 5473 2929 5526 καὶ
2977 5474 3026 5525 οἱ
3068 5471 3349 5535 ποιοῦντες
3392 5470 3601 5541 ἄνομα,
3640 5469 3742 5523 κᾶν
3782 5471 3830 5521 εί

576 5577 688 5629 Nm
706 5578 850 5630 enim
873 5576 974 5632 hoc
993 5574 1102 5631 illis
1124 5575 1190 5629 ad
1209 5574 1541 5630 ablutionem
1560 5580 1902 5641 peccatorum
1922 5571 2119 5625 sullicit

2256 5568 2594 5643 ὲγκρίνοιντο
2623 5566 2786 5637 τυχὸν
2817 5566 2930 5628 τοῖς
2964 5563 3356 5618 πεπιστευκόσι
3384 5564 3480 5617 καὶ
3519 5560 3833 5631 ἐξειλεγμέ-

558 5828 561 5835 .
647 5779 665 5805 ³
703 5778 901 5833 Jerem.
943 5795 1038 5839 ιιι,
1084 5779 1136 5844 I,
1169 5778 1221 5833 2.
1306 5779 1564 5845 δίῠίι1.’3,
1608 5779 1663 5833 εί.
1742 5777 1760 5809 ⁵
1804 5773 1908 5830 Isa.
1953 5790 2042 5843 XL,
2086 5775 2116 5828 Ο

637 5847 654 5900 I
699 5848 842 5902 I’etr.
888 5864 945 5914 ιι,
988 5851 1041 5901 9.

2228 5774 2239 5804 ⁵
2278 5774 2321 5833 Il
2365 5772 2508 5828 Pctr.
2557 5786 2640 5837 ιιι,
2688 5769 2769 5825 Io.
2852 5768 2869 5799 ’
2914 5765 3068 5821 Ilum.
3112 5779 3153 5829 ι,
3194 5762 3283 5817 25.
3362 5763 3381 5792 ³
3413 5761 3611 5820 IJoan.
3654 5775 3715 5823 ιι,
3744 5759 3833 5815 l9.
