4120 6376
288 432 402 489 357

1114 420 1671 481 COMMENTARIUS
1711 421 1777 478 IN
1819 422 2231 480 MALACIIIAM
2279 422 2727 479 PROPHETAM.

3476 424 3589 482 358

294 569 427 615 νοις,
464 548 680 604 καὶτὸν
710 546 871 618 φύσει
914 546 973 601 δέ
1002 546 1101 601 καὶ⁵
1144 545 1366 619 άληθῶς
1409 544 1578 599 είδόσι
1603 544 1759 599 Θεόν.
1802 545 1879 598 Οὐ

1983 545 2252 615 siquidem
2283 560 2469 629 verum
2495 544 2627 599 illud
2654 561 2670 597 :
2708 561 2729 595 ι
2766 542 2960 598 Fidem
2995 541 3117 599 sine
3145 540 3407 614 operibus
3438 558 3587 598 mor-

295 643 408 714 7&9
435 641 653 713 ἀπόχρη
698 638 860 695 τοῦτο
892 640 1076 703 αὐτοῖς
1110 637 1249 710 πρὸς
1278 637 1536 707 ἀπόνιψιν
1585 636 1881 709 ἁμαρτίας,

294 734 455 807 εἴπερ
482 734 632 787 ἐστὶν
673 730 895 803 ἀληθὲς,
937 731 1013 794 ὡς
1042 749 1067 782 ς
1099 731 1134 802 ἡ
1172 728 1357 793 πίστις
1388 730 1559 801 χωρὶς
1585 728 1766 801 εργων
1792 746 1883 783 νε-

294 828 406 901 κρά
432 830 569 881 ἐστι.
596 843 624 876 -ι
658 827 871 877 Δσικαιοῐ
900 822 1001 894 μὲν
1030 821 1141 893 γὰρ
1170 823 1204 892 ἡ
1230 820 1417 885 πίστις
1454 822 1488 892 ή
1517 822 1598 886 είς
1621 821 1881 893 Χριστὸν,

292 922 391 975 καὶ
424 921 527 989 τῆς
568 915 681 971 τῶν
731 913 1231 987 προεπταισμένων
1256 912 1598 968 ἀπαλλάττει
1640 912 1881 985 κηλίδος.

294 1012 359 1066 Εἰ
387 1010 446 1065 δέ
472 1011 537 1082 δή
580 1026 666 1073 τις
698 1009 838 1079 μετὰ
863 1006 1026 1061 τοῦτο
1052 1006 1297 1079 ῥᾴθυμός
1324 1024 1385 1061 τε
1412 1007 1511 1061 καὶ
1553 1008 1884 1063 ἀναπεπτω-

290 1101 409 1166 κὼς
465 1102 777 1173 εὑρίσκοιτο
834 1100 973 1170 πρός
1022 1114 1085 1153 τε
1141 1097 1213 1153 τὰ
1266 1099 1475 1169 σαρκὸς
1524 1099 1621 1154 καὶ⁵
1667 1099 1738 1155 τὰ
1785 1098 1881 1153 τοῦ

293 1194 503 1266 κόσμου
531 1192 714 1264 πάθη,
746 1192 1086 1265 νενέκρωκεν
1118 1192 1290 1247 -οίονεί
1329 1209 1451 1257 πως
1492 1194 1550 1247 ἐν
1577 1192 1759 1265 ἐαυτῷ
1782 1194 1882 1265 τὴν

294 1287 507 1351 πίστιν,
557 1283 873 1356 προστιθεὶς
923 1284 1022 1354 μὲν
1072 1284 1227 1339 οὐδὲν
1274 1284 1385 1339 τῶν
1444 1286 1879 1358 ἐπαινουμένων,

295 1376 736 1448 παλινδρομήσας
768 1375 825 1428 δὲ
865 1374 1065 1447 μᾶλλον
1094 1376 1190 1430 ἐπὶ
1219 1376 1322 1448 τὴν
1359 1376 1598 1451 ἀρχαίαν
1625 1377 1721 1433 τοῦ
1762 1378 1881 1449 βίου

295 1471 617 1542 σκαιότητα.
640 1470 785 1542 Περὶ
812 1469 922 1525 τῶν
952 1469 1211 1524 τοιούτων
1243 1472 1379 1543 φησὶ
1406 1472 1501 1525 καὶ
1526 1473 1556 1525 ό
1592 1470 1881 1535 θεσπέσιος

297 1562 581 1635 μαθητής·
606 1564 918 1634 ιΚρεϊσσον
947 1561 1057 1634 γὰρ
1090 1558 1159 1635 ἦν
1187 1562 1374 1628 αὐτοῖς
1399 1563 1475 1638 μὴ
1509 1565 1882 1634 ἐπεγνωκέναι

295 1656 395 1726 τὴν
418 1654 536 1709 ὁδὸν
560 1656 661 1727 τῆς
689 1655 1061 1727 δικαιοσύνης,
1088 1656 1121 1728 ἢ
1147 1656 1471 1727 ἐπιγνοῦσιν
1508 1659 1591 1723 είς
1615 1658 1685 1713 τὰ
1704 1658 1882 1713 ὀπίσω

294 1745 618 1817 ἀνακάμψαι
661 1746 769 1799 ἀπὸ
803 1746 904 1817 τῆς
936 1746 1341 1819 παραδοθείσης
1374 1749 1562 1814 αὐτοῖς
1590 1748 1751 1819 ἁγίας
1786 1750 1880 1803 ἐν·

294 1837 473 1909 τολῆς.
510 1837 872 1909 Συμδέσηκεν
906 1837 1017 1910 γὰρ
1048 1842 1234 1906 αυτοῖς
1260 1839 1321 1894 τὸ
1347 1843 1450 1913 τῆς
1474 1840 1709 1912 ἀληθοῦς
1736 1842 1881 1914 Παρ-

293 1928 505 1999 οιμίαςο
532 1926 733 1982 (Κύων
749 1928 1085 2000 ἐπιστρέψας
1123 1931 1216 1984 ἐπὶ
1248 1930 1311 1984 τὸ
1330 1931 1468 1986 -ῐδιον
1493 1930 1760 2004 ἐξέραμα,
1781 1933 1879 1986 καὶ

293 2012 358 2083 ὗς
402 2018 714 2091 λουσαμένη
756 2021 839 2085 είς
883 2020 1127 2093 κύλισμα
1167 2022 1453 2095 βορϐόρου.
1486 2041 1511 2075 s
1560 2022 1773 2079 Οὐκοῦν
1822 2027 1881 2080 ἐν

290 2111 398 2182 iam
438 2113 551 2175 τοῖς
578 2110 896 2181 ὰλλογενέσι
938 2112 1035 2166 καὶ
1065 2129 1115 2171 ο.
1147 2112 1430 2179 ποιοῦντες
1456 2114 1656 2185 ἄνομα,
1700 2116 1750 2170 οἳ
1790 2118 1883 2171 καὶ

296 2200 512 2256 ἔσονται
540 2202 787 2274 καλάμη,
818 2203 1360 2275 καταφλεχθήσονται
1392 2206 1449 2260 δέ
1478 2205 1653 2272 οὕτως
1680 2207 1883 2263 ὡσανεὶ

290 2294 525 2367 κάκείνη
554 2295 729 2367 πυρὸς
746 2297 1207 2369 ἐπενηνεγμένου.
1227 2298 1528 2368 Συνάγεται
1548 2300 1658 2373 γὰρ
1684 2302 1713 2355 ό
1737 2304 1882 2367 σῖτος

294 2389 375 2450 είς
412 2385 734 2459 ἀποθήκην,
769 2388 916 2443 καθὰ
963 2390 1057 2443 καὶ
1104 2390 1134 2442 ὁ
1175 2390 1368 2465 Σωτήρ
1416 2409 1550 2463 φησι
1597 2395 1726 2467 περὶ
1772 2396 1882 2450 τῶν

294 2477 467 2545 ἁγίων
510 2476 810 2550 θεριστῶνο
858 2478 921 2533 τὸ
967 2479 1024 2533 δέ
1071 2479 1277 2551 ἄχυρον
1333 2483 1695 2537 κατακαίεται
1747 2486 1883 2557 πυρὶ

293 2568 564 2641 ἀσϐέστῳ.
597 2587 618 2623 t
657 2570 771 2626 Καὶ
798 2571 862 2626 οὐ
897 2571 972 2643 μὴ
1006 2572 1311 2645 ὑπολειφθῇ
1340 2573 1526 2639 αὺτοῖς
1568 2574 1729 2645 ῥίζα,
1760 2577 1882 2632 οὐδὲ

306 2662 516 2732 κλῆμα·
532 2681 550 2714 s
590 2662 902 2728 τουτέστιν,
922 2663 1185 2736 οὐδεμίαν
1200 2663 1415 2731 ἕξουσιν
1437 2666 1631 2722 ἐλπίδα
1664 2667 1760 2723 τοῦ
1787 2669 1884 2723 καὶ

291 2748 452 2817 αὖθις
501 2753 814 2825 ἀναφυῆναι
866 2755 1007 2828 πρὸς
1053 2754 1238 2829 ζωὴν,
1286 2756 1435 2831 ζωὴν
1484 2758 1542 2813 δέ
1593 2778 1738 2833 φημι
1782 2760 1883 2834 τὴν

292 2843 620 2918 ἀξιέραστόν
648 2864 708 2901 τε
742 2848 839 2902 καὶ
864 2848 941 2913 ὡς
966 2849 1026 2903 ἐν
1056 2849 1186 2923 δόξῃ
1211 2852 1279 2922 τῇ
1311 2852 1464 2924 παρὰ
1494 2851 1636 2923 Θεῷ,
1665 2854 1764 2925 τὴν
1806 2853 1883 2918 ὡς

292 2939 354 2990 ἐν
384 2939 646 3012 ἁγιασμῷ
679 2942 775 2996 καὶ
804 2943 1170 3015 μακαριότητι
1198 2944 1524 3017 νοουμένην.
1562 2943 1753 3017 Ῥίζης
1781 2945 1883 3018 μὲν

289 3031 405 3102 γὰρ
428 3032 531 3086 οὐκ
563 3035 801 3089 είσὰπαν
834 3036 1275 3110 ἐκκεκομμένης,
1310 3036 1436 3091 οὔτε
1467 3038 1575 3109 μὴν
1604 3038 1884 3110 κλήματος

293 3120 407 3181 οἷον
443 3128 508 3181 ἐκ
540 3126 743 3199 βάθους
782 3129 1147 3202 ἐξῃρημένου,
1181 3128 1417 3196 σώζεταί
1455 3148 1542 3197 τις
1587 3132 1744 3197 ἐλπὶς
1787 3132 1881 3187 τοῦ

1986 647 2135 693 tuatn
2177 628 2402 694 esse“.
2438 656 2460 690 ι
2493 635 2770 692 Justiticat
2795 635 2943 690 enim
2973 634 3187 691 “eain
3212 634 3488 691 Christum
3515 636 3585 704 “,

1983 731 2496 802 praeteritorumque
2547 737 2897 801 peccatorum
2961 727 3227 783 maculam
3292 728 3580 799 abstergit.

1985 826 2053 881 At
2081 826 2127 882 si
2160 827 2283 898 quis
2327 835 2454 895 post
2484 826 2602 881 haec
2636 838 2823 879 socors
2847 822 3141 888 exstiterit,
3177 829 3231 877 et
3273 823 3326 877 in
3354 837 3418 877 ea
3463 837 3586 893 qua:

1984 918 2167 976 carnis
2193 928 2250 975 et
2297 918 2488 975 mundi
2519 924 2667 986 sunt,
2705 916 2983 981 reciderit,
3034 916 3081 971 is
3111 917 3165 969 in
3214 916 3393 985 seipso
3425 915 3583 970 ﬁdem

1982 1012 2141 1083 quasi
2188 1012 2414 1077 occidit,
2456 1013 2587 1067 dum
2633 1009 2772 1065 nihil
2816 1007 3170 1064 laudabilium
3222 1007 3492 1065 factorum
3534 1007 3584 1062 ei

1984 1104 2274 1176 adiungit,
2321 1103 2418 1160 sed
2484 1103 2551 1159 ad
2598 1110 2841 1159 veterem
2886 1102 3065 1172 potius
3094 1101 3219 1156 vitae
3264 1100 3584 1171 pravitatem

1984 1196 2241 1253 recurrit.
2273 1194 2353 1252 De
2386 1194 2587 1251 talibus
2612 1194 2829 1250 divinus
2856 1194 2987 1248 item
3021 1191 3322 1262 discipulus
3351 1210 3366 1248 :
3406 1210 3425 1245 ι
3467 1192 3584 1248 Me-

1982 1288 2089 1346 lius
2123 1289 2271 1346 enim
2315 1297 2435 1344 erat
2484 1289 2593 1344 illis
2638 1303 2746 1343 non
2793 1287 3114 1356 cognovisse
3157 1285 3300 1340 viam
3334 1284 3583 1355 iustitia,

1981 1397 2145 1453 quam
2179 1390 2304 1452 post
2346 1382 2589 1451 agnitam
2622 1390 2770 1436 retro
2793 1379 3040 1436 converti
3084 1378 3153 1434 ab
3191 1393 3260 1434 eo
3296 1380 3440 1448 quod
3472 1387 3587 1433 tra-

1979 1474 2154 1529 ditum
2188 1483 2273 1531 est
2306 1474 2414 1528 illis
2463 1482 2657 1529 sancto
2699 1472 2977 1527 mandato.
3014 1470 3251 1542 Contigit
3297 1472 3444 1527 enim
3482 1471 3587 1527 illis

1982 1561 2115 1620 illud
2147 1565 2258 1619 veri
2308 1562 2591 1620 Proverbii
2632 1561 2845 1619 :Canis
2886 1561 3239 1623 reversusad
3290 1563 3583 1624 vomitum,

1981 1667 2039 1713 et
2084 1672 2179 1714 sus
2225 1656 2331 1714 iota
2362 1657 2418 1713 in
2447 1656 2736 1713 volutabro
2772 1655 2869 1711 luti
2899 1656 2965 1710 η.
3002 1673 3023 1707 s
3056 1654 3229 1727 866
3270 1653 3453 1721 Quare
3488 1652 3583 1723 qui

1982 1751 2167 1823 iniqua
2195 1751 2403 1808 faciunt
2424 1749 2667 1820 ejusdem
2700 1748 2892 1806 farina
2920 1758 3047 1805 sunt
3076 1763 3199 1803 cum
3236 1746 3579 1817 alienigenis,

1980 1846 2074 1917 qui
2110 1845 2273 1903 etiam
2300 1854 2463 1902 erunt
2490 1844 2715 1914 stipula,
2747 1851 2803 1897 et
2837 1842 3063 1913 perinde
3092 1841 3489 1897 eotnburentur
3524 1829 3584 1892 ιιι

1988 1937 2078 1993 illa
2108 1936 2235 2008 igne
2257 1935 2459 2006 injecto
2480 1934 2841 1991 comburitur.
2877 1931 3145 1987 Triticum
3180 1930 3324 1986 enim
3351 1942 3583 2000 congre-

1986 2039 2147 2101 gatur
2176 2031 2229 2085 in
2264 2032 2545 2092 horreum,
2586 2026 3044 2096 quemadmodum
3080 2022 3333 2079 Salvator
3379 2020 3582 2077 sanctis
3625 2060 3639 2081 .

1986 2121 2323 2178 messoribus
2356 2122 2479 2176 ait:
2519 2118 2682 2175 Palea
2716 2133 2846 2173 vero
2873 2117 3228 2181 comburitur,
3271 2114 3393 2185 igne
3429 2113 3583 2168 inex-

1982 2212 2286 2283 stinguibili
2316 2212 2385 2268 ¹³.
2417 2230 2437 2266 ι
2488 2211 2601 2267 Nec
2651 2210 2992 2279 relinquetur
3019 2208 3148 2276 ipsis
3191 2206 3347 2263 radix
3405 2218 3581 2275 neque

1983 2318 2229 2375 germen.
2254 2323 2273 2358 ι
2291 2303 2407 2360 Hoc
2427 2313 2533 2371 est,
2563 2303 2772 2359 nullam
2797 2317 2947 2374 spem
2971 2301 3038 2356 ad
3066 2302 3230 2356 vitam
3262 2298 3577 2354 renascend‘

1985 2396 2296 2465 habebunt;
2328 2396 2520 2468 loquor
2548 2408 2728 2451 autem
2763 2396 2830 2450 de
2859 2410 2922 2450 ea
2955 2396 3087 2460 vita,
3114 2407 3238 2464 quae
3276 2392 3578 2461 expetenda

1981 2501 2087 2558 est,
2117 2502 2171 2547 et
2202 2492 2270 2546 ad
2298 2491 2526 2561 gloriam
2560 2491 2650 2545 Dei
2676 2489 2951 2559 dirigitur,
2979 2496 3037 2544 et
3063 2487 3118 2542 in
3147 2484 3582 2541 sanctiﬁcatione

1981 2597 2047 2637 ac
2072 2582 2409 2637 beatitudine
2440 2580 2786 2651 intelligitur.
2814 2580 3019 2636 Radice
3045 2579 3193 2635 enim
3224 2592 3329 2634 non
3350 2590 3580 2647 prorsus

1983 2675 2187 2741 excisa,
2224 2689 2326 2729 nec
2360 2674 2608 2744 germine
2641 2674 2787 2728 velut
2830 2673 2899 2728 ab
2946 2672 3059 2728 imo
3092 2670 3301 2733 evulso,
3331 2684 3457 2738 spes
3489 2682 3581 2722 re-

1984 2765 2242 2821 nascendi
2270 2774 2476 2824 manet.
2504 2782 2522 2816 ι
2543 2764 2637 2820 Est
2656 2764 2801 2820 enim
2824 2778 2949 2834 spes
2971 2762 3177 2830 arbori,
3201 2780 3220 2815 ι
3240 2772 3297 2816 ιιι
3319 2761 3580 2830 scriptum

1983 2866 2070 2913 est
2101 2858 2165 2914 “.
2200 2856 2257 2913 Si
2290 2859 2436 2913 enim
2466 2867 2747 2928 amputata
2780 2856 2965 2923 fuerit,
3010 2854 3345 2919 rcﬂorescet,
3375 2862 3432 2908 et
3458 2868 3581 2922 ger-

1985 2964 2112 3004 men
2143 2949 2263 3020 ejus
2302 2963 2409 3003 non
2452 2948 2688 3003 deﬁciet.
2723 2947 2878 3015 Quod
2921 2945 2966 3001 si
3019 2946 3087 3000 ab
3115 2945 3224 2999 imo
3267 2952 3324 2999 et
3349 2943 3417 2998 ali
3463 2943 3579 3013 ipsa

1986 3041 2174 3096 radice
2219 3042 2436 3111 penitus
2483 3051 2663 3097 emota
2714 3040 2914 3106 fuerit,
2971 3036 3307 3110 germinibus
3361 3047 3579 3106 quoque

1983 3130 2279 3187 crudeliter
2312 3132 2627 3202 amputatis,
2654 3146 2759 3184 una
2796 3129 3018 3184 omnino
3042 3128 3212 3183 etiam
3239 3141 3365 3196 spes
3400 3126 3579 3181 omnis

294 3220 391 3272 καὶ
422 3218 696 3289 ἀναφῦναι
736 3219 931 3274 πάλιν·
964 3238 984 3274 t
1017 3220 1176 3275 Ἐστι
1219 3221 1330 3293 7&9
1380 3221 1585 3294 δένδρῳ
1623 3221 1811 3287 ἐλπὶς,
1854 3242 1875 3275 ι

1986 3239 2108 3279 cum
2144 3225 2259 3295 ipsa
2288 3225 2487 3294 peribit
2522 3239 2682 3295 posse
2713 3223 2777 3278 ad
2802 3224 2968 3276 vitam
3000 3223 3053 3276 itt
3089 3230 3363 3289 posterum
3398 3216 3569 3288 repul-

291 3310 438 3364 κατὰ
503 3312 567 3365 τὸ
609 3312 1022 3384 γεγραμμένον.
1082 3312 1211 3369 Ἐὰν
1260 3313 1371 3385 7&9
1423 3314 1669 3387 ἐκκοπῇ,
1718 3314 1882 3371 πάλιν

1988 3294 2180 3372 lulare.
2212 3317 2292 3372 Ex
2316 3316 2669 3371 similitudine
2700 3314 2866 3385 igitur
2895 3313 3148 3381 stirpium
3186 3325 3335 3380 spem
3362 3322 3577 3364 omnem

292 3404 616 3475 ἐπανθήσει,
639 3405 736 3460 καὶ
756 3406 783 3460 ό
812 3405 1085 3477 ράδαμνος
1112 3405 1171 3460 δέ
1197 3404 1372 3475 αὐτῆς
1398 3405 1458 3458 οὐ
1482 3405 1558 3477 μὴ
1575 3405 1877 3482 ἐκλ[ε]ίπῃ.

1989 3408 2058 3463 iis
2094 3406 2185 3476 qui
2233 3407 2491 3477 peccandi
2531 3406 2893 3462 delectatione
2935 3404 3227 3466 ducuntur,
3270 3399 3579 3468 ademptam

292 3496 355 3549 Ei
384 3494 441 3548 δέ
471 3495 535 3567 δὴ
578 3494 826 3551 κάτωθεν
856 3497 951 3550 καὶ
980 3493 1040 3561 ἐξ
1065 3495 1237 3567 αὐτῆς
1272 3494 1431 3568 ῥίζης
1477 3496 1713 3551 είσάπαν
1746 3498 1879 3554 ἀνα-

1987 3507 2253 3555 autumat.
2282 3497 2340 3554 ld
2375 3498 2516 3569 quod
2552 3497 2838 3568 perspicue
2864 3493 3032 3551 Isaias
3075 3493 3292 3549 divinus
3338 3490 3577 3553 nuntiat,

293 3585 642 3656 μοχλεύοιτο,
700 3586 797 3640 καὶ
850 3585 1048 3658 ἀγρίαν
1095 3585 1204 3641 τῶν
1260 3585 1560 3658 κλημάτων
1613 3588 1880 3660 ὑπομένοι

1984 3607 2108 3648 curn
2142 3591 2317 3649 dicit:
2357 3611 2378 3645 ι
2422 3590 2635 3647 Vermis
2664 3604 2854 3645 eorum
2889 3603 2994 3642 non
3031 3586 3317 3649 morietur,
3347 3592 3403 3638 et
3438 3581 3580 3652 ignis

286 3681 485 3753 τομὴν,
518 3681 876 3736 συνδιολεῐται
908 3681 1129 3745 πάντως
1164 3680 1315 3752 αὐτῷ
1344 3681 1443 3735 καὶ
1484 3681 1642 3747 ἐλπὶς
1689 3682 1878 3737 ἅπασα

1982 3696 2173 3737 eorum
2206 3696 2315 3738 non
2346 3681 2749 3752 exstinguetur.
2776 3691 2832 3736 et
2860 3685 3023 3737 erunt
3052 3678 3105 3732 in
3139 3676 3405 3732 visionem
3428 3672 3577 3728 omni

288 3772 353 3824 τὸ
400 3775 497 3827 καὶ
542 3774 790 3840 εἰσαῦθις
840 3773 1150 3845 ἀναφυῆναι
1200 3772 1459 3828 δύνασθαι
1518 3774 1659 3848 πρὸς
1704 3775 1873 3848 ζωήν.
1979 3777 2222 3832 carni“.
2253 3794 2274 3829 ι

287 3862 499 3918 Οὐκοῦν
524 3863 603 3930 ὡς
630 3864 689 3933 ἐξ
729 3865 1049 3937 ὁμοιότητος
1076 3864 1180 3937 τῆς
1208 3864 1322 3919 τῶν
1384 3865 1571 3936 φυτῶν
1610 3865 1909 3941 ἐξῃρῆσθαί
1984 3885 2151 3940 φησιν
2201 3868 2423 3923 ἃπασαν
2469 3866 2578 3920 τῶν
2626 3861 3133 3935 φιλαμαρτημόνων
3187 3858 3400 3913 ἐλπίδα.
3466 3857 3579 3910 Καὶ

286 3955 448 4010 τοῦτο
506 3955 694 4026 σαφῶς
760 3958 789 4011 ὁ
852 3956 1142 4023 θεσπέσιος
1216 3958 1451 4022 Ἡσαΐας
1518 3958 1881 4028 ἐπαγγέλλει,
1954 3960 2129 4029 λέγων
2154 3976 2169 3991 ο
2209 3980 2229 4012 ι
2277 3961 2336 4013 '0
2366 3957 2587 4030 σκώληξ
2658 3956 2841 4012 αὐτῶν
2886 3956 2948 4009 οὐ
2994 3953 3342 4025 τελευτήσει,
3392 3951 3487 4004 καὶ
3519 3948 3578 4002 τὸ

288 4047 404 4121 πῦρ
436 4047 616 4102 αὐτῶν
651 4049 714 4101 οὐ
744 4046 1143 4120 σϐεσθήσεται,
1188 4049 1287 4104 καὶ
1327 4048 1544 4104 ἔσονται
1575 4052 1655 4115 εἰς
1681 4051 1872 4123 ὅρασιν
1912 4053 2061 4124 πάσῃ
2095 4051 2279 4123 σαρκί.
2321 4070 2339 4103 ι

363 4187 469 4242 Kal
506 4185 792 4241 ἀνατελεῖ
818 4184 961 4257 ὑμῖν
1003 4186 1129 4255 τοῖς
1162 4186 1562 4257 φοϐουμένοις
1593 4189 1659 4241 τὸ
1691 4187 1880 4259 ὄνομά

2057 4186 2225 4243 Vsus.
2246 4188 2305 4254 2,
2320 4187 2375 4244 5.
2398 4187 2465 4242 Et
2487 4187 2689 4241 orietur
2712 4183 2853 4240 vobis
2878 4180 3183 4238 timentibus
3200 4193 3387 4231 nomen
3403 4191 3575 4230 meust

284 4297 406 4350 μου
445 4280 647 4346 Ἥλιος
675 4278 1104 4347 δικαιοσύνης,
1140 4279 1241 4333 καί
1271 4279 1435 4347 ἴασις
1470 4280 1539 4333 ἐν
1567 4278 1698 4347 ταῖς
1739 4280 1879 4335 πτέ-

1985 4281 2083 4339 Sol
2111 4281 2355 4349 iustitia,
2380 4289 2430 4334 et
2461 4278 2663 4333 sanitas
2696 4277 2751 4329 in
2773 4274 2874 4330 alis
2899 4271 3035 4343 ejus.
3059 4269 3129 4324 Et
3147 4266 3506 4339 egrediemini,
3523 4273 3573 4319 et

282 4370 470 4441 ρυξιν
514 4371 722 4426 αὐτοῦ.
768 4371 878 4427 Καὶ
925 4372 1329 4438 ἐξελεύσεσθε
1373 4370 1473 4425 καί
1515 4370 1879 4441 σκιρτήσετε

1982 4375 2185 4433 salictis
2208 4374 2341 4430 sicut
2379 4372 2531 4427 vituli
2562 4372 2625 4425 de
2654 4368 2876 4424 vinculis
2917 4364 3164 4421 relaxati.
3201 4359 3270 4414 Et
3304 4356 3576 4413 conculca-

288 4464 368 4529 ὡς
397 4462 704 4533 μοσχάρια
748 4462 818 4517 ἐκ
853 4462 1093 4533 δεσμῶν
1119 4463 1423 4534 ἀνειμένα.
1470 4464 1580 4519 Καὶ
1613 4481 1878 4521 καταπα-

1985 4468 2108 4522 bitis
2133 4466 2362 4535 iniquos,
2396 4464 2521 4535 quia
2561 4470 2713 4517 erunt
2753 4460 2888 4514 cinis
2929 4458 3022 4513 sub
3044 4455 3260 4525 pedibus
3284 4452 3487 4521 vestris,
3517 4454 3569 4505 in

288 4555 507 4624 τήσετε
538 4558 827 4623 ἀνόμους,
859 4556 1010 4611 διότι
1053 4558 1301 4612 ἔσονται
1340 4558 1568 4625 σποδὸς
1599 4558 1877 4614 ὑποκάτω

1985 4560 2070 4614 die
2088 4574 2193 4631 qua
2217 4573 2311 4629 ego
2334 4556 2499 4627 facio,
2521 4555 2648 4610 dicit
2688 4553 2944 4608 Dominus
2965 4551 3314 4621 omnipotens.

286 4646 409 4700 τῶν
446 4646 650 4701 ποδῶν
676 4647 865 4717 ὑμῶν,
894 4649 965 4702 ἐν
996 4645 1072 4719 τῇ
1099 4648 1319 4719 ἡμέρᾳ,
1358 4642 1397 4720 ᾖ
1427 4648 1541 4721 ἐγὼ
1570 4649 1740 4705 ποιῶ.
1777 4649 1878 4705 λέ-

284 4755 375 4809 γει
402 4740 619 4809 Κύριος
648 4740 1095 4811 παντοκράτωρ.

357 4875 489 4930 MA'.
527 4874 848 4947 Ἐπέλαμψε
886 4876 986 4948 μέν
1014 4878 1044 4931 ό
1085 4876 1384 4950 μονογενὴς
1410 4877 1505 4932 τοῦ
1538 4876 1677 4932 Θεοῦ
1701 4876 1877 4947 Λόγος

282 4968 402 5031 τοίς
428 4968 487 5021 ἐν
519 4968 654 5038 τῷδε
780 4944 998 5041 κόσμῳ,
1038 4944 1134 5023 καὶ
1160 4944 1260 5041 τὴν
1293 4944 1419 5025 καθ’
1443 4970 1594 5042 ἡμᾶς
1616 4944 1875 5041 ὁμοίωσιν

1982 4963 2243 5019 mundum
2296 4956 2683 5021 incolentibus,
2734 4964 2790 5010 et
2838 4949 3193 5008 similitudine
3224 4944 3395 5002 nostri
3448 4957 3571 5042 sua.

282 5059 524 5125 ὑποδὺς,
608 5034 808 5130 Γέγονε
842 5034 981 5133 σὰρξ
1024 5064 1054 5116 ό
1084 5034 1292 5131 Λόγος,
1334 5062 1432 5117 καὶ¹
1462 5034 1776 5134 ἐσκήνωσεν
1814 5064 1873 5118 ἐν

1982 5067 2162 5128 cepta,
2221 5073 2241 5108 ι
2272 5054 2510 5111 Verbum
2540 5064 2669 5107 caro
2709 5049 2913 5103 factum
2955 5053 3065 5109 est,
3109 5052 3165 5097 et
3212 5034 3565 5134 ltabitavitin

284 5152 442 5221 ἡμῖν,
480 5171 499 5205 ι
544 5154 603 5207 ἐν
649 5124 815 5223 ἀγλύῖ
846 5124 1102 5218 δὲ’δντας
1135 5124 1469 5225 καὶὴσκότφ,
1508 5124 1760 5225 καθάπερ
1790 5171 1875 5218 τις

1982 5124 2140 5204 nobis
2168 5147 2235 5214 ⁸⁸,
2271 5165 2291 5200 ι
2324 5153 2380 5201 οι
2419 5144 2473 5199 in
2508 5139 2741 5211 caligine
2778 5152 2844 5193 ac
2870 5134 3110 5191 tenebris
3160 5129 3387 5202 positos,
3418 5124 3567 5181 velut

280 5244 436 5313 ἥλιος
485 5246 608 5308 ταῖς
653 5222 888 5307 οἰκείαις
930 5222 1867 5318 περιαπράπτωνϋμαρμαρυγαῖς,

1982 5242 2059 5298 sol
2092 5241 2315 5311 quidam
2357 5236 2595 5310 propriis
2620 5232 2999 5305 splendoribus
3031 5222 3475 5318 circumfulgens,
3508 5228 3565 5273 et

283 5335 381 5388 καὶ
400 5335 501 5406 τὴν
519 5335 620 5407 τῆς
639 5335 876 5408 ἀληθοῦς
897 5315 1231 5407 θεογνωσίας
1256 5315 1731 5409 ἁκτῖναήλαήμπρὰν
1747 5339 1868 5401 ταῖς

1982 5350 2120 5390 vera:
2161 5330 2489 5404 cognitionis
2540 5329 2634 5385 Dei
2691 5327 2895 5383 clarum
2959 5323 3174 5379 radium
3222 5315 3561 5374 credentium

2050 4866 2236 4927 XLIV.
2265 4865 2443 4924 Illuxit
2467 4878 2599 4921 sane
2638 4860 2975 4932 unigenitum
3016 4856 3107 4913 Dei
3145 4854 3385 4911 Verbum
3425 4851 3570 4906 hunc

280 5427 397 5481 τῶν
428 5428 800 5483 πιστευόντων
829 5428 1034 5502 ψυχαῖς
1075 5430 1241 5494 ἐνιεὶς
1259 5472 1277 5495 ,
1304 5429 1583 5503 καθαροὺς
1610 5430 1878 5501 ἀπέφηνε,

285 5519 382 5575 καὶ
416 5520 635 5589 σοφοὺς,
666 5520 767 5575 καὶ
794 5521 1024 5593 ἁπάσης
1074 5520 1449 5593 ἀγαθουργίας
1483 5521 1878 5593 ἐπιστήμονας.

288 5609 500 5676 Ἕδειξε
543 5611 600 5665 δέ
644 5614 780 5685 ἡμῖν
808 5614 868 5668 ἐν
898 5612 1081 5669 ἐαυτῶ
1117 5614 1213 5669 τὸν
1244 5614 1489 5689 Πατέρα,
1523 5616 1618 5671 καὶ
1648 5615 1739 5671 διὰ
1776 5616 1879 5682 ait;

366 5818 408 5847 “
446 5814 557 5870 Jac.
605 5830 681 5875 ll,
723 5815 813 5871 20.
922 5815 964 5847 ¹¹
1005 5811 1185 5869 Galat.
1226 5828 1263 5867 Il
1290 5853 1306 5879 ,
1349 5813 1434 5872 16.

286 5888 310 5921 ⁸
348 5886 616 5944 istum.
655 5886 749 5943 24.
832 5887 874 5918 ¹⁶
912 5884 1073 5941 Joan.
1118 5902 1156 5951 t,
1201 5883 1290 5941 Η.

1547 5816 1588 5849 ¹¹
1627 5815 1668 5870 Il
1713 5816 1859 5874 Petr.
1912 5832 1946 5870 ll
1973 5856 1987 5883 ,
2027 5814 2089 5869 2i
2122 5856 2135 5881 ,
2174 5813 2265 5869 22.

1978 5428 2267 5483 animabus
2293 5424 2617 5486 immittens.
2646 5434 2838 5491 puros,
2881 5416 3175 5485 sapientes.
3204 5408 3560 5474 omniumque

1976 5517 2243 5575 bonorum
2273 5529 2498 5586 operum
2530 5513 2766 5568 scientes
2801 5508 3055 5564 reddidit.
3086 5500 3340 5562 Ostendit
3376 5508 3559 5552 autem

1977 5612 2136 5668 nobis
2171 5610 2225 5667 in
2253 5616 2429 5665 semet
2466 5604 2709 5662 Patrem.
2746 5616 2951 5674 perque
2992 5612 3252 5656 arcanam
3282 5602 3563 5667 mystago-

2375 5813 2417 5846 ¹³
2457 5807 2649 5866 Matth.
2695 5823 2789 5874 ttt,
2834 5806 2921 5862 li.
3032 5805 3075 5838 “
3117 5802 3305 5861 Daniel
3346 5816 3419 5864 tv,
3460 5798 3555 5855 23.
