4120 6376
568 421 678 479 $59
1609 415 1670 472 S.
1709 410 1988 473 CYRILLI
2028 405 2507 468 ALEXANDRINI
2547 403 2871 462 ARCHIEP.
3758 407 3862 463 360

568 536 714 603 giam
770 532 1114 589 felicissimos
1160 546 1225 587 ac
1278 532 1577 601 sapientes,
1631 538 1982 600 mentemque
2040 526 2164 597 ejus

2271 522 2588 594 ἀπορρήτου
2623 519 3017 593 μυσταγωγίας
3042 519 3474 591 εὐτυχεστάτους
3506 520 3584 592 (1)
3612 521 3859 595 ἀπέφηνε

568 625 879 697 cognitione
931 625 1149 692 plenam
1197 621 1463 678 habentes
1509 620 1712 678 ell‘ecit.
1762 620 1964 677 Verum
2000 619 2168 675 etiam

2271 616 2368 673 καὶ
2402 613 2853 687 σεσοφισμένους,
2897 612 3156 685 ἐμπλεών
3201 631 3263 668 τε
3304 612 3400 670 τὸν
3429 613 3556 669 νοῦν
3592 614 3695 687 τῆς
3732 617 3864 689 περὶ

570 720 638 775 ad
669 718 811 775 hunc
838 717 1182 789 splendorem
1206 716 1447 781 adducti,
1478 732 1497 769 ι
1520 715 1587 771 Et
1614 715 1814 769 divites
1844 712 1996 778 facti,
2014 713 2167 784 juxta

2271 707 2440 765 αὑτοῦ
2474 706 2730 778 γνώσεως
2765 706 3009 778 ἔχοντας.
3046 705 3195 776 Πλὴν
3227 706 3323 761 καὶ
3353 708 3433 771 είς
3461 706 3621 762 τοῦτο
3644 708 3863 780 φαιδρόο

569 810 794 866 verbum
840 810 985 865 beati
1033 808 1213 876 Pauli,
1250 809 1305 863 in
1337 808 1486 863 omni
1525 821 1801 869 sermone,
1838 813 1896 860 et
1926 806 1980 860 iu
2020 800 2168 858 omni

2271 817 2437 873 τητος
2482 799 2960 872 παρενηνεγμινοι
2983 842 2998 865 ,
3040 818 3059 851 ι
3094 797 3556 870 πεπλουτισμένοι
3596 816 3678 866 τε,
3718 802 3864 856 καθά

568 902 821 967 scientia,
880 911 937 957 et
992 901 1046 956 in
1097 900 1246 957 omni
1296 900 1559 970 sapientia
1595 899 1674 967 ",
1742 898 1989 953 videmus
2028 910 2172 952 nunc

570 998 625 1049 in
689 994 911 1066 speculo
972 1002 1030 1048 et
1079 992 1133 1049 in
1181 993 1502 1063 aenigmate,
1556 999 1612 1047 et
1675 992 2056 1063 cognoscimus
2102 1005 2168 1044 ex

568 1094 724 1155 parte
744 1084 807 1140 ⁸⁸.
821 1084 987 1157 86⁷
997 1081 1190 1139 Veniet
1207 1094 1388 1137 autem
1403 1083 1697 1152 aliquando
1712 1082 1854 1151 quod
1871 1079 2110 1151 perfectu
2120 1096 2169 1134 nt

567 1186 655 1233 est
680 1176 743 1241 ",
778 1194 798 1229 ι
843 1186 893 1232 et
933 1187 1044 1230 tum
1081 1174 1404 1241 plenissime
1434 1170 1715 1231 Christum
1744 1185 2167 1242 cognoscemus,

566 1282 695 1324 cum
737 1266 933 1323 iterum
962 1266 1031 1321 de
1060 1265 1202 1321 cmlo
1245 1265 1402 1321 nobis
1450 1264 1714 1327 illucebit,
1755 1281 1776 1315 ι
1805 1273 1860 1317 et
1887 1261 2172 1319 evacuabit

584 1358 731 1427 quod
761 1373 826 1413 ex
858 1366 1011 1427 parte
1040 1366 1126 1412 est
1146 1356 1217 1422 ",
1243 1375 1261 1408 ι
1296 1365 1353 1410 et
1376 1357 1746 1428 cognitionem
1773 1356 1826 1410 in
1866 1354 2088 1425 specqu
2115 1362 2171 1410 et

570 1450 882 1519 aenigmate,
926 1459 981 1506 et
1023 1458 1282 1520 tanquatn
1330 1450 1689 1518 perfectiores
1723 1447 2071 1512 illuminabit,
2114 1455 2171 1502 et

569 1542 758 1598 divina
779 1543 1014 1613 quadam
1034 1552 1204 1612 atque
1229 1540 1488 1597 ineﬂ‘abili
1518 1540 1641 1597 luce
1664 1550 1902 1596 mentem
1919 1539 2167 1610 replebit,

571 1644 628 1691 et
668 1633 903 1705 Spiritus
941 1635 1116 1691 sancti
1171 1634 1441 1691 effusione
1483 1634 1836 1689 exhilarabit.
1889 1634 1982 1689 Ait
2022 1632 2170 1689 enim

568 1730 791 1784 divinus
819 1729 1024 1785 l’anlus
1051 1746 1066 1783 :
1103 1748 1123 1781 ι
1159 1727 1287 1784 Sive
1314 1728 1611 1799 prophetiae
1653 1729 2086 1791 evacuabuntur,
2116 1736 2171 1783 et

570 1822 811 1879 scientia:
857 1822 1155 1879 cessabunt
1197 1823 1265 1880 “.
1308 1821 1426 1877 Non
1483 1833 1738 1891 putamus
1783 1831 1965 1879 autem
2002 1836 2103 1876 nos
2135 1836 2167 1876 a

2272 909 2441 964 φησιν
2493 894 2522 946 ὁ
2558 891 2832 963 μακάριος
2881 888 3116 954 Παῦλος,
3158 891 3216 944 ὲν
3250 889 3414 943 παντὶ
3462 889 3627 963 λόγῳ,
3675 892 3771 945 καὶ
3803 894 3863 945 ὲν

2272 984 2422 1055 πάσῃ
2455 981 2674 1052 γνώσει,
2713 981 2807 1037 καί⁵
2846 982 2907 1037 ὲν
2952 982 3099 1053 πάσῃ
3134 980 3318 1053 σοφίᾳ,
3351 980 3622 1053 βλέπομεν
3648 982 3774 1055 ἀρτι
3805 985 3864 1037 ὲν

2273 1074 2527 1145 ἐσόπτρῳ
2567 1072 2661 1126 καὶ
2690 1071 2998 1143 αἰνίγματι,
3030 1072 3125 1126 καὶ
3154 1070 3499 1142 γινώσκομεν
3535 1073 3601 1126 ὲκ
3636 1074 3859 1145 μέρους.

2273 1166 2436 1231 Ἥξει
2467 1166 2525 1221 δὲ
2555 1165 2697 1221 κατά
2731 1166 2959 1238 καιροὺς
3004 1164 3066 1218 τὸ
3108 1164 3336 1229 τέλειον,
3372 1183 3393 1216 ι
3431 1165 3525 1219 καὶ
3566 1166 3625 1219 ὲν
3656 1168 3871 1239 πληρε-

2274 1262 2448 1333 στάτη
2495 1261 2683 1315 λοιπὸν
2729 1260 2970 1332 ἐσόμεθα
3002 1258 3201 1328 γνώσει
3245 1257 3505 1329 Χριστοῦ,
3541 1258 3705 1313 πάλιν
3733 1260 3865 1331 ἡμῖν

2274 1353 2336 1420 ἐξ
2363 1354 2611 1426 οὐρανῶν
2645 1353 3091 1425 επιλάμψαντος,
3132 1371 3150 1404 ι
3192 1352 3288 1407 καὶ
3321 1352 3723 1425 καταργοῦντος
3763 1354 3864 1423 μὲν

2273 1447 2336 1502 τὸ
2361 1449 2427 1503 ὲκ
2460 1448 2685 1519 μέρους,
2720 1467 2739 1500 ι
2778 1448 2873 1503 καὶ
2902 1448 3001 1518 τὴν
3052 1447 3110 1500 ὲν
3148 1446 3403 1520 ἐσόπτρῳ
3450 1448 3545 1500 καὶ
3576 1447 3864 1518 αἰνίγματι

2273 1542 2501 1611 γνῶσιν,
2534 1542 2991 1613 καταλάμποντος
3019 1540 3077 1595 δὲ
3101 1539 3291 1612 ὥσπερ
3323 1542 3436 1604 τοῖς
3462 1539 3860 1611 τελειωτέροις,

2271 1634 2368 1690 καὶ
2396 1634 2542 1689 θείου
2570 1634 2716 1699 τινὸς
2740 1635 2836 1688 καὶ
2866 1633 3183 1706 ἀπορρήτου
3209 1632 3386 1703 φωτὸς
3410 1632 3864 1703 ἀναπιμπλάντος

2271 1728 2364 1783 τὸν
2400 1727 2551 1793 νοῦν,
2601 1729 2697 1783 καὶ
2729 1731 2796 1799 τῇ
2829 1725 2923 1782 τοῦ
2955 1726 3116 1795 ἁγίου
3147 1725 3467 1796 Πνεύματος
3496 1724 3652 1795 χύσει
3690 1741 3861 1780 κατα-

2270 1821 2684 1893 φαιδρύνοντος.
2716 1821 2861 1891 Ἔφη
2914 1818 3014 1890 μὲν
3047 1817 3157 1889 γὰρ
3202 1820 3232 1872 ό
3275 1817 3564 1882 θεσπέσιος
3609 1817 3820 1881 Παῦλος
3845 1834 3857 1845 ·

570 1916 881 1987 cognitione
929 1931 996 1973 ex
1059 1927 1215 1986 parte
1281 1915 1348 1971 ad
1401 1915 1538 1970 nihil
1592 1930 1819 1985 prorsus
1882 1916 2165 1971 sciendum

2279 1929 2297 1964 ι
2339 1912 2462 1966 Εἴτε
2488 1911 2547 1964 δὲ
2572 1912 2905 1983 προφητεῖαι
2934 1907 3474 1980 καταργηθήσονται,
3512 1909 3607 1963 καὶ
3631 1908 3862 1978 γνώσεις

496 2036 505 2051 ε
569 2024 944 2079 processuros,
969 2010 1198 2064 multum
1224 2010 1400 2064 abest.
1432 2008 1649 2077 Alioqui
1681 2008 1952 2076 quomodo
1975 2006 2170 2063 futurae

568 2105 681 2176 spei
701 2113 915 2175 tempus
931 2111 1245 2157 sanctorum
1270 2102 1557 2157 animabus
1579 2115 1688 2155 non
1716 2100 2169 2155 detrimentosum

567 2198 694 2263 erit,
725 2198 770 2253 si
798 2198 1017 2267 penitus
1044 2197 1213 2251 etiam
1255 2210 1376 2265 qum
1413 2195 1679 2250 habemus
1721 2194 1976 2249 amittere
2005 2208 2169 2262 opor-

569 2290 724 2354 tebit,
780 2304 886 2344 non
938 2287 1165 2344 meliora
1219 2285 1578 2356 acquirendo,
1635 2299 1743 2339 non
1798 2284 1865 2339 ad
1912 2284 2168 2355 quiddam

566 2380 854 2435 sublimius
889 2389 1124 2434 mentem
1152 2378 1483 2443 extollendo,
1516 2379 1612 2433 sed
1655 2376 1943 2433 vendendo
1987 2378 2171 2449 potius

567 2473 733 2533 etiam
766 2472 879 2541 jam
929 2479 986 2526 et
1031 2486 1137 2525 non
1187 2472 1325 2525 citra
1378 2468 1825 2539 defatigationem
1874 2468 2170 2540 aliquando

570 2561 881 2630 acquisita?
932 2561 1355 2620 Evacuabuntur
1399 2570 1584 2616 autem
1631 2569 1687 2615 et
1724 2561 2055 2631 prophetiae,
2112 2569 2170 2616 et

568 2654 803 2708 cessabit
850 2653 1102 2721 scientia,
1150 2668 1274 2709 cum
1320 2652 1579 2709 nimirum
1623 2653 1913 2708 animabus
1967 2652 2169 2709 nostris

565 2744 660 2799 illa
689 2746 1131 2816 superexcellens
1169 2760 1232 2802 se
1269 2745 1652 2801 insinuaverit.
1697 2743 2166 2811 Quemadmodum

567 2836 716 2892 enim
740 2838 782 2892 si
809 2837 932 2908 quis
966 2853 1070 2892 una
1104 2838 1156 2893 in
1185 2838 1347 2893 domo
1378 2838 1599 2894 lucente
1635 2836 1882 2904 lucerna,
1905 2848 1962 2892 et
1994 2838 2170 2893 modi-

567 2944 693 2984 cum
740 2928 914 3001 ipsam
967 2930 1307 2986 intuentibus
1349 2929 1531 2984 lumen
1562 2929 1826 2985 {stridente
1865 2929 2166 2999 lampadem

570 3021 836 3089 intulerit,
896 3036 1124 3078 necesse
1174 3023 1280 3078 erit
1329 3024 1555 3078 omnino
1603 3023 1783 3076 lumen
1840 3022 1971 3077 illud
2015 3024 2168 3092 prius

567 3122 778 3168 tantum
827 3129 932 3169 non
979 3112 1214 3169 otiosum
1254 3128 1319 3168 ac
1348 3113 1552 3168 nullum
1593 3129 1737 3177 esse.
1778 3112 1982 3168 cedens
2019 3112 2169 3167 viden

567 3205 698 3260 licet
744 3206 1098 3261 immensilati
1137 3206 1359 3277 majoris
1400 3223 1414 3258 :
1457 3213 1514 3261 et
1550 3207 1694 3261 sicut
1743 3206 1856 3261 sole
1907 3207 2167 3260 mundum

2275 2003 2598 2059 παύσονται.
2636 2022 2656 2056 ι
2699 2002 2886 2074 Φαμὲν
2928 2002 2986 2056 δὲ
3023 2002 3124 2055 οὐκ
3170 2002 3279 2056 ἀπὸ
3320 2000 3413 2057 τοῦ
3465 2000 3759 2071 γινώσκειν
3794 2004 3860 2056 ὲκ

2279 2098 2485 2169 μέρους
2511 2096 2605 2151 ἰπὶ
2631 2095 2695 2150 τὸ
2723 2094 2972 2166 μηδόλως
2995 2095 3197 2148 ειδέναι
3215 2111 3268 2148 τι
3294 2093 3644 2165 βαδιούμεθα,
3660 2095 3860 2150 πολλοῦ

2278 2205 2343 2257 γε
2376 2188 2471 2243 καὶ
2501 2189 2603 2242 δεῖ.
2636 2188 2789 2241 Ἐπεὶ
2816 2186 2939 2242 τίνα
2966 2186 3167 2259 τρόπον
3195 2189 3225 2241 ὁ
3254 2186 3355 2258 τῆς
3383 2186 3683 2259 μελλούσης
3704 2188 3860 2243 ἐλπί-

2271 2281 2362 2347 δος
2405 2282 2599 2354 καιρὸς
2651 2282 2713 2335 οὐ
2754 2280 2893 2351 πρὸς
2933 2278 3142 2351 ζημίας
3182 2280 3337 2335 έσται
3380 2284 3502 2347 ταῖς
3535 2282 3644 2337 τῶν
3688 2282 3860 2352 ἁγίων

2269 2374 2492 2446 ψυχαῖς,
2517 2376 2566 2428 εί
2596 2376 2703 2445 χρὴ
2729 2374 2948 2437 πάντως
2970 2374 3066 2428 καὶ
3093 2366 3169 2428 ὧν
3193 2373 3260 2428 ἂν
3292 2373 3513 2446 ἔχοιμεν
3549 2375 3860 2431 ἀπλισθείν

2271 2469 2332 2521 οὑ
2379 2468 2450 2521 τά
2494 2468 2707 2539 ἀμείνω
2736 2467 3153 2539 κερδαίνοντας,
3199 2467 3299 2521 οὐκ
3333 2467 3426 2521 έπί
3452 2484 3506 2521 τι
3549 2468 3660 2522 τῶν
3688 2469 3861 2542 ὐπερο

2270 2562 2543 2632 κειμένων
2568 2560 2746 2625 ἱέντας
2773 2562 2865 2615 τὸν
2891 2560 3048 2616 νοῦνο
3081 2560 3553 2632 ἀπεμπωλοῦντας
3574 2562 3632 2616 δὲ
3657 2562 3859 2633 μᾶλλον

2271 2655 2367 2709 καὶ
2394 2655 2455 2708 τὸ
2477 2655 2579 2726 ἤδη
2615 2656 3021 2725 πεπορισμένον
3042 2655 3142 2709 οὐκ
3173 2654 3573 2726 ἀταλαιπώρως
3592 2654 3704 2708 ἐσθ’
3731 2657 3819 2709 ὅτε
3842 2672 3857 2718 ς

2273 2747 2805 2821 Καταργηθήσονται
2859 2748 2952 2801 καὶ
3010 2750 3363 2818 προφητεῖαι,
3420 2746 3762 2801 πεπαύσεται
3800 2748 3861 2801 δὲ

2271 2842 2367 2895 καὶ
2387 2842 2612 2910 γνῶσις,
2627 2839 3120 2913 ὲπεισκρινομένης
3143 2838 3389 2911 δηλονότι
3416 2841 3536 2901 ταῖς
3559 2839 3860 2911 ἡμετέραις

2270 2932 2468 3004 ψυχαῖς
2513 2935 2611 3003 τῆς
2644 2932 2784 3001 ἄγαν
2813 2930 3236 3002 ὑπερκειμένης.
3267 2930 3480 3001 ’Ὠσπερ
3522 2930 3632 3000 γὰρ
3682 2932 3736 2984 εί
3775 2947 3862 2993 τις

2272 3024 2393 3088 ἑνὸς
2436 3025 2494 3076 ὲν
2535 3024 2670 3093 οἴκῳ
2704 3023 2987 3092 φαίνοντος
3020 3022 3239 3091 λύχνου,
3267 3019 3363 3074 καὶ
3390 3019 3618 3091 μετρίαν
3655 3022 3714 3075 ὲν
3746 3023 3861 3083 τοῖς

2272 3117 2436 3170 αὐτὸν
2482 3115 2686 3187 ὁρῶσιν
2725 3114 2900 3179 ἱέντος
2946 3115 3144 3186 αὐγὴν,
3196 3115 3533 3183 εἰσκομίσειε
3578 3114 3857 3185 λαμπάδα,

2273 3206 2427 3263 πᾶσά
2460 3223 2578 3270 πως
2609 3206 2828 3277 ἀνάγκη
2862 3206 3148 3278 μονονουχὶ
3168 3206 3263 3259 καὶ
3291 3206 3596 3276 ἀπρακτεῖν
3619 3206 3682 3259 τὸ
3710 3206 3858 3259 ἐκεί-

566 3300 877 3355 illustrante
916 3275 1235 3354 imbecillus
1262 3299 1546 3354 stellarum
1593 3297 1772 3367 fulgor
1819 3298 2165 3367 relinquitur,

2273 3316 2364 3353 νου
2392 3297 2510 3369 φῶς
2533 3298 2632 3370 τὴν
2667 3301 2735 3370 τῇ
2763 3275 2874 3352 τόδ’
2910 3275 3159 3368 μείζονος
3201 3275 3440 3370 ἀμετρίᾳ
3466 3297 3856 3369 ειταραχωροῦν⁹

566 3392 649 3445 sic
693 3389 963 3445 lucidiore
996 3389 1151 3445 nobis
1195 3390 1426 3444 scientia
1477 3398 1789 3458 apportata,
1843 3391 2026 3445 minor
2070 3391 2171 3445 ali-

566 3484 789 3549 quando
830 3481 1207 3536 evacuabitur.
1245 3482 1336 3534 Ait
1383 3490 1440 3534 et
1490 3480 1744 3538 Christus
1778 3483 1985 3537 sanctis
2035 3498 2166 3551 apo-

565 3572 721 3628 stolis
751 3589 766 3627 :
800 3591 818 3625 ι
843 3570 968 3628 Haec
996 3573 1049 3627 in
1082 3574 1390 3644 proverbiis
1422 3574 1634 3629 locutus
1663 3592 1783 3630 smn
1816 3573 2171 3631 vobis.Venit

567 3665 724 3730 liora,
766 3666 981 3734 quando
1012 3679 1122 3721 non
1147 3664 1258 3734 jam
1291 3666 1342 3720 in
1398 3667 1704 3737 proverbiis
1748 3666 1940 3736 loquar
1989 3667 2166 3731 vobis,

567 3757 662 3812 sed
721 3756 899 3827 palam
950 3756 1017 3812 de
1068 3754 1232 3811 Patre
1286 3772 1408 3812 meo
1464 3759 1805 3812 annuntiabo
1859 3759 2014 3813 vobis
2039 3759 2104 3811 ".
2142 3777 2162 3811 ο

565 3850 932 3916 Quamobrem
958 3851 1166 3906 sanctis
1186 3851 1278 3921 qui
1300 3865 1495 3906 nomen
1518 3850 1610 3904 Dei
1632 3850 1830 3904 eximie
1851 3850 2165 3915 timuerunt,

562 3952 621 3994 et
676 3940 857 3996 adhuc
910 3956 1200 4011 corporum
1253 3943 1450 3997 inclusi
1507 3943 1861 4011 compagibus
1907 3942 1963 3995 in
2019 3942 2166 3995 omni

567 4045 773 4101 genere
825 4032 1045 4090 virtutis
1106 4034 1296 4090 sedqu
1362 4034 1762 4102 elaborarunt,
1820 4034 1992 4088 instar
2039 4034 2169 4088 solis

565 4122 852 4193 cujusdam
894 4126 1122 4196 justitiae
1151 4126 1407 4183 Christus
1449 4127 1719 4192 illucebit,
1756 4125 2168 4195 perfectissime

565 4216 815 4272 scientiae
862 4219 1047 4274 radios
1096 4221 1426 4285 immittens,
1477 4229 1533 4274 et
1593 4233 1917 4289 quacunque
1974 4218 2168 4283 anima;

565 4308 944 4382 imbecillitate
979 4324 1045 4364 ac
1089 4308 1351 4380 languore
1385 4324 1480 4364 eos
1515 4308 1722 4370 levans,
1762 4318 1817 4360 et
1854 4321 1885 4361 a
1936 4307 2165 4377 pristina

566 4399 924 4456 tribulatione
971 4400 1291 4472 longissime
1340 4399 1679 4470 disjungens.
1732 4397 1846 4452 Hoc
1902 4400 2046 4453 enim
2084 4408 2168 4454 est

566 4493 712 4561 quod
741 4492 857 4546 ait:
894 4510 913 4544 ι
951 4490 1173 4547 Sanitas
1207 4503 1291 4547 est
1332 4493 1386 4547 in
1424 4492 1547 4558 alis,
1581 4507 1676 4547 seu
1710 4490 1907 4562 pennis
1932 4491 2050 4562 ejus
2085 4505 2101 4545 :
2140 4509 2159 4541 ι

2273 3393 2367 3445 καὶ
2394 3391 2585 3462 ὥσπερ
2627 3391 2781 3461 ἡλίου
2827 3390 2928 3463 τὴν
2967 3390 3058 3444 ὑπ’
3102 3390 3333 3462 οὐρανὸν
3384 3390 3857 3457 καταυγάζοντος,

2271 3482 2510 3552 ἀδρανὴς
2576 3482 2676 3555 ήδη
2730 3498 2849 3545 πως
2906 3483 2942 3553 ἠ
3006 3480 3114 3534 τῶν
3175 3481 3421 3551 ἀστέρων
3468 3480 3857 3534 ἀπολέλειπται

2270 3575 2594 3647 λαμπρότης
2609 3591 2625 3606 ο
2657 3574 2798 3628 οὕτω
2824 3573 3187 3645 φαιδροτέρας
3209 3576 3342 3644 ἡμῖν
3363 3574 3857 3644 είσκεκομισμένης

2269 3668 2526 3736 γνώσεως
2553 3665 3036 3737 καταργηθήσεταί
3070 3682 3188 3729 πως
3221 3668 3254 3735 ἡ
3289 3665 3629 3737 μείων.“Ἐφη
3663 3666 3719 3719 δέ
3751 3684 3855 3720 που

2272 3758 2368 3814 καὶ
2414 3760 2444 3812 ὁ
2486 3758 2726 3829 Χριστὸς
2755 3761 2868 3821 τοῖς
2908 3757 3086 3826 άγίοις
3119 3758 3475 3823 ἀποστόλοιςο
3519 3779 3538 3810 ι
3578 3758 3762 3812 Ταῦτα
3796 3761 3855 3811 ὲν

2272 3852 2597 3923 παροιμίαις
2629 3850 2903 3921 λελάληκα
2926 3851 3074 3920 ὑμῖν.
3105 3851 3367 3921 Ἔρχεται
3390 3851 3526 3922 ὥρα,
3554 3852 3643 3905 ὅτε
3672 3852 3853 3905 οὐκέτι

2270 3947 2329 3998 ἐν
2364 3943 2687 4016 παροιμίαις
2718 3944 2938 4013 λαλήσω
2973 3943 3112 4015 πρὸς
3153 3943 3334 4013 ὑμᾶς·
3380 3943 3495 3998 ἀλλ’
3534 3945 3593 3997 ὲν
3636 3947 3851 4016 παρῤη-

2269 4038 2364 4109 σίᾳ
2402 4039 2530 4109 περὶ
2565 4037 2659 4091 τοῦ
2691 4035 2907 4108 [ἰατρὸς
2930 4035 3219 4105 ἀναγγελώ
3254 4036 3405 4107 ύμῖν.
3443 4055 3462 4087 ι
3504 4036 3716 4090 Οὐκοῦν
3741 4041 3851 4099 τοῖς

2268 4131 2465 4200 ἁγίοις,
2486 4130 2535 4183 οἳ
2567 4134 2661 4183 καὶ
2686 4129 2891 4198 σφόδρα
2918 4128 3258 4200 πεφόϐηνται
3279 4128 3341 4182 τὸ
3367 4127 3538 4200 ὄνομα
3567 4128 3661 4182 τοῦ
3691 4127 3850 4193 Θεοῦ,

2270 4223 2365 4277 καί⁸
2404 4222 2624 4291 ἀπάσης
2660 4221 2861 4292 ἀρετῆς
2915 4219 3248 4290 ἐπιμεληταὶ
3290 4219 3577 4289 γεγόνασιν
3620 4220 3680 4273 ὲν
3716 4219 3849 4291 τῷδε

2267 4312 2346 4386 τῷ
2376 4315 2566 4386 κόσμῳ
2608 4312 2845 4385 Χριστὸς
2875 4311 3209 4383 ἀναλάμψει,
3245 4312 3497 4384 καθάπερ
3527 4329 3611 4378 τις
3643 4311 3849 4366 δικαιοο

2269 4407 2435 4478 σύνης
2485 4408 2635 4478 ἥλιος
2690 4406 2788 4478 τῆς
2832 4405 3179 4478 τελειοτάτης
3227 4403 3479 4474 γνώσεως
3530 4403 3630 4468 τάς
3678 4404 3849 4473 αὐγὰς

2266 4502 2461 4566 ἐνιεὶς,
2520 4501 2617 4553 καὶ
2679 4500 2901 4570 ἀπάσης
2954 4500 3154 4563 αὐτοὺς
3206 4498 3566 4553 ἀπαλλάττων
3610 4498 3849 4570 ψυχικῆς

573 4583 730 4652 quasi
764 4584 833 4638 de
876 4584 1074 4654 aquilis
1112 4593 1168 4638 et
1198 4584 1362 4652 pullis
1402 4600 1589 4638 earum
1626 4583 1961 4654 loqueretur,
2003 4583 2160 4653 juxta

2271 4594 2614 4668 ἀρρωστίας,
2660 4593 2755 4646 καὶ
2790 4591 3027 4664 θλίψεως
3076 4592 3178 4663 τῆς
3219 4593 3454 4664 ἀρχαίας
3485 4591 3559 4655 ώς
3596 4590 3849 4645 ἀποτὰτω

566 4673 696 4730 illud
722 4675 842 4730 sine
867 4675 1051 4740 dubio,
1085 4677 1230 4746 quod
1256 4691 1352 4745 per
1382 4674 1569 4730 Mosen
1600 4676 2061 4747 sapientissimum
2091 4677 2159 4732 de

2271 4686 2460 4749 τιθείς.
2491 4684 2665 4739 Τοῦτο
2691 4684 2800 4756 γάρ
2830 4685 2949 4738 ἐστι
2978 4683 3071 4737 τό·
3109 4703 3127 4735 ι
3155 4684 3328 4748 Ἴασις
3357 4683 3415 4735 ἐν
3444 4684 3566 4746 ταῖς
3596 4678 3850 4754 πτέρυξιν

568 4771 696 4837 Deo,
726 4779 781 4824 et
802 4770 868 4825 de
900 4769 1145 4825 liberatis
1168 4772 1237 4826 ab
1258 4768 1499 4842 Egypto
1521 4772 1787 4841 prolatum
1818 4779 1902 4826 est
1925 4787 1938 4825 :
1966 4789 1985 4822 ι
2006 4771 2160 4825 Sicut

2271 4776 2435 4833 αὑτοῦ
2459 4794 2474 4808 ·
2505 4772 2619 4831 οἷον
2656 4777 2735 4841 ὡς
2785 4777 2874 4830 ἐπ’
2905 4775 3065 4831 ἀετοῦ
3111 4776 3203 4831 καὶ
3259 4774 3488 4830 νεοττῶν
3539 4774 3847 4846 εἰρημένον,

564 4860 747 4930 aquila
773 4861 1051 4930 cooperiet
1074 4861 1257 4915 nidum
1306 4877 1489 4917 suum.
1532 4862 1856 4931 Expandens
1884 4863 1998 4918 alas
2026 4877 2156 4918 suas

2271 4873 2383 4926 κατ’
2411 4870 2590 4926 ἐκεῖνό
2629 4887 2731 4925 που
2776 4870 3016 4936 πάντως,
3062 4869 3125 4923 τδ
3157 4868 3248 4924 8ιά
3288 4867 3385 4924 τοῦ
3418 4867 3694 4937 πανσόφου
3725 4866 3853 4922 κω-

565 4953 805 5021 suscepit
832 4967 926 5008 eos
971 4953 1042 5010 ⁸³.
1078 4969 1097 5005 ι
1138 4952 1256 5009 Erit
1303 4954 1496 5025 igitur,
1540 4955 1736 5025 inquit,
1795 4972 1816 5007 ι
1856 4956 2064 5011 sanitas
2097 4957 2150 5010 in

2271 4966 2404 5024 τέως
2432 4963 2763 5037 λελεγμένον
2801 4964 2936 5037 περὶ
2976 4962 3147 5031 Θεοῦ,
3190 4963 3286 5017 καὶ
3326 4961 3437 5017 τῶν
3474 4959 3537 5027 εξ
3570 4960 3848 5030 Αἰγύπτου

563 5047 760 5114 pennis
794 5045 933 5113 ejus.
966 5064 985 5098 ι
1043 5046 1099 5101 In
1147 5048 1251 5102 hoc
1300 5048 1444 5102 enim
1482 5048 1682 5102 saeculo
1724 5048 2061 5104 exsultantes
2099 5050 2152 5103 in

2271 5058 2702 5129 λελυτρωμένωνο
2727 5076 2748 5110 ι
2767 5056 2856 5122 Ὦς
2887 5056 3045 5124 ἀετὸς
3075 5054 3343 5111 σκεπάσει
3376 5052 3599 5113 νοσσιὰν
3627 5050 3847 5108 ἑαυτοῦ*

566 5136 723 5192 nobis
751 5137 935 5192 carnis
969 5148 1145 5193 motus
1178 5152 1511 5208 magnopere
1545 5140 1834 5204 sentimus,
1864 5141 1955 5209 qui
2002 5155 2155 5194 tuen-

2271 5146 2395 5210 διεὶς
2418 5148 2519 5211 τὰς
2548 5146 2826 5219 πτέρυγας
2848 5146 3041 5211 αὐτοῦ,
3080 5146 3304 5214 δδέξατο
3332 5143 3551 5211 αὐτούς.
3594 5161 3614 5195 ι
3653 5141 3850 5206 Ἔσται

566 5240 674 5284 tem
705 5231 771 5285 ad
802 5232 1151 5287 inconcessas
1183 5231 1354 5304 868
1385 5232 1693 5302 voluptates
1717 5235 2077 5300 exsuscitant,
2100 5241 2159 5287 et

2271 5239 2464 5304 τοίνυν,
2497 5239 2634 5312 φησι
2655 5278 2673 5305 ,
2709 5257 2731 5293 ε
2759 5238 2856 5294 καὶ
2886 5239 3029 5303 τασις
3069 5239 3131 5295 ιν
3162 5240 3285 5304 ταῖς
3313 5236 3575 5308 πτέρυξιν
3599 5232 3788 5291 αὑτοῦ.
3825 5253 3844 5287 ι

564 5328 720 5382 saevit
758 5328 811 5381 in
859 5328 1123 5384 membris
1172 5328 1377 5383 nostris
1412 5327 1619 5398 peccati
1670 5328 1758 5383 lex
1804 5326 1872 5392 ⁸⁸⁵,
1909 5329 2157 5397 quamvis

2274 5331 2365 5385 Ἐν
2412 5330 2515 5402 μὲν
2556 5330 2668 5402 γάρ
2713 5328 2791 5402 τῷ
2838 5328 2999 5383 αἰῶνι
3040 5329 3217 5402 τούτῳ
3254 5329 3410 5385 δεινά
3449 5329 3568 5393 πώς
3612 5329 3760 5382 ἑστιν
3790 5328 3852 5382 ὲν

562 5419 782 5477 Christo
806 5420 1098 5493 adjuvante
1137 5430 1449 5476 sanctorum
1480 5420 1852 5475 moderatione
1884 5417 2154 5474 interdum

2271 5424 2401 5494 ἡμῖν
2434 5423 2534 5494 τῆς
2558 5421 2761 5488 σαρκὸς
2790 5420 2861 5475 τά
2886 5421 3239 5493 σκιρτήματα
3256 5438 3270 5454 ·
3298 5420 3601 5491 καταθηγει
3622 5416 3736 5487 γάο
3759 5417 3851 5473 τὸν

625 5596 645 5627 ’⁸
688 5600 705 5654 l
748 5601 875 5656 Cor.
919 5616 956 5664 ι,
997 5600 1049 5655 5.
1094 5601 1182 5657 ³⁸1
1214 5601 1339 5658 Cor.
1385 5616 1506 5669 xm,
1553 5600 1641 5655 12.
1686 5601 1728 5633 ¹⁹
1762 5598 1893 5654 Ibid.
1938 5597 2028 5653 10.
2069 5597 2163 5652 ²⁶Ι

566 5669 611 5699 ’⁵
650 5671 804 5727 Rom.
841 5688 937 5736 vn,
977 5673 1067 5726 23.

2271 5638 2283 5652 .
2325 5597 2527 5654 "Ibid.
2566 5597 2625 5652 8.
2704 5598 2749 5630 “
2782 5596 2942 5655 Joan.
2983 5612 3095 5667 xvt,
3132 5597 3223 5653 25.
3263 5596 3311 5631 "
3349 5596 3505 5653 Deut.
3546 5610 3723 5662 xxx",
3759 5602 3850 5650 τι.

568 5806 711 5930 ηερ
745 5805 1337 5881 Cotclcriuswonum.
1408 5805 1553 5863 Eccl.
1590 5804 1683 5861 Gr.
1717 5804 1800 5874 11,
1860 5804 1985 5876 619)
2052 5804 2168 5876 conj

2271 5843 2272 5852 ι
2342 5806 2795 5879 ὲντεχνεστάτους
2854 5807 2942 5865 vel
3008 5807 3448 5879 ευτεχνοτάτους,
3488 5806 3849 5861 doctissimos.

588 5892 727 5932 bDl'i".
2838 5916 2843 5921 -
