4120 6376
365 342 462 397 36!

1186 342 1738 400 COMMENTARIUS
1776 342 1845 398 IN
1887 344 2286 401 MALACIIIAM
2323 346 2760 409 PROPHETAM.

3504 361 3611 418 352

367 456 493 510 νοῦν
523 455 603 519 είς
638 452 899 521 ἐκτύπους
930 456 1154 529 ἡδονὰς,
1182 460 1455 530 ἀγριαίνει
1483 460 1540 512 δὲ
1565 460 1622 512 ἐν
1645 461 1760 521 τοῖς
1787 458 1945 530 μέλε-

2053 461 2315 518 vincatur.
2357 462 2658 518 lnebriatur
2702 472 2880 520 autem
2916 466 3313 535 quodammodo
3351 487 3522 535 int-ns,
3561 485 3616 529 et

368 565 454 600 σιν
475 546 629 617 ὑμῶν
658 550 755 618 τῆς
784 548 1057 619 ἁμαρτίας
1077 551 1107 603 ὁ
1134 551 1319 621 νόμος,
1348 550 1383 622 ἢ
1413 553 1509 604 καὶ
1538 551 1754 604 νικᾶται
1780 552 1940 621 τυχὸν

365 639 453 691 διά
483 637 585 709 τῆς
615 640 724 691 τῶν
752 640 924 709 ἁγίων
949 642 1244 706 ἐπιεικείας
1282 641 1650 713 ἐπαμύνοντος
1677 642 1772 695 τοῦ
1804 644 1941 712 Χριο

370 728 519 785 στοῦ.
568 730 920 802 Καταμεθύει
959 731 1017 784 δέ
1049 749 1168 796 πως
1210 734 1239 785 ὁ
1285 732 1409 797 νοῦς
1430 772 1445 797 ,
1481 733 1575 786 καὶ
1604 732 1724 786 καθ’
1759 732 1945 805 ἕτερον

368 823 571 891 τρόπον
597 823 990 894 πειραζόμενος
1016 825 1120 879 ὑπὸ
1150 826 1340 879 παθῶν
1362 842 1376 857 ο
1416 826 1722 891 ἀλαζονεῖαί
1749 845 1808 881 τε
1835 827 1945 898 γὰρ

370 917 794 986 ἐπισκήπτουσι,
840 917 933 970 καὶ
966 917 1258 986 φιλοδοξίαι
1306 919 1601 989 κοσμικαὶ,
1631 919 1816 991 ὀργαὶ,
1852 920 1945 973 καὶ

372 1006 761 1077 φιλοκέρδειαι,
778 1010 873 1062 καὶ
901 1008 969 1063 τὰ
993 1010 1156 1081 ἕτερα
1180 1010 1287 1064 τῶν
1319 1011 1527 1065 κακῶν.
1546 1012 1762 1083 Ἐπειδὴ
1775 1012 1833 1065 δὲ
1854 1012 1945 1065 τὸν

372 1100 673 1171 ἀρραϐῶνα
699 1101 793 1155 τοῦ
820 1102 1138 1173 Πνεύματος
1168 1102 1257 1157 διά
1288 1102 1527 1176 Χριστοῦ
1561 1104 1942 1175 πεπλουτήκα-

375 1212 497 1264 μεν,
527 1196 815 1267 εἰθίσμεθά
856 1215 915 1251 τε
948 1197 1373 1269 κατευμεγεθεῖν
1416 1200 1524 1252 τῶν
1555 1200 1764 1263 παθῶν,
1809 1200 1947 1272 πλὴν

381 1285 602 1357 ἱδρῶτος
632 1288 693 1340 οὐ
725 1288 867 1358 δίχα,
900 1289 1039 1344 κατά
1066 1288 1126 1342 δέ
1159 1306 1223 1358 γε
1249 1290 1343 1343 τὸν
1370 1290 1544 1345 αἰῶνα
1566 1291 1655 1345 τὸν
1684 1290 1948 1362 μέλλοντα

371 1378 556 1449 πλήρη
587 1381 683 1449 τῆς
714 1378 1043 1448 θεογνωσίας
1088 1379 1305 1452 ἔχοντες
1346 1380 1445 1453 τὴν
1474 1383 1668 1453 αὐγὴν,
1710 1382 1806 1436 καὶ
1848 1383 1947 1454 τὴν

369 1468 716 1541 τελειοτάτην
767 1471 868 1541 τῆς
923 1470 1132 1545 δωρεᾶς
1204 1471 1301 1525 τοῦ
1358 1472 1514 1541 ἁγίου
1593 1475 1947 1540 πλουτοῦντες

373 1559 711 1630 Πνεύματος,
739 1562 1140 1633 ἁποδυσάμενοί
1170 1581 1229 1617 τε
1268 1564 1367 1635 τὴν
1393 1565 1598 1637 φθορὰν
1627 1567 1722 1620 καὶ
1753 1566 1824 1620 τὰ
1849 1569 1949 1638 τῆς

374 1651 578 1719 σαρκὸς
604 1651 772 1724 πάθη,
806 1653 925 1724 Θεῷ
974 1654 1308 1726 λατρεύομεν
1342 1656 1669 1727 ὁλοτρόπως,
1697 1658 1757 1711 οὐ
1790 1676 1946 1729 μερι-

372 1742 587 1810 ζόμενοι
617 1745 752 1814 πρὸς
773 1745 1069 1815 ἁμαρτίαν,
1099 1744 1223 1799 οὔτε
1256 1745 1362 1816 μὴν
1384 1747 1490 1800 ὑπό
1518 1765 1615 1800 του
1645 1748 1754 1801 τῶν
1779 1750 1945 1803 πάλαι

2047 552 2153 607 alio
2177 555 2335 608 modo
2370 569 2398 608 τι
2431 554 2774 624 passionibus
2806 557 3016 612 irritata
3053 582 3064 615 :
3108 560 3317 614 irruunt
3347 566 3490 618 enim
3530 581 3603 619 ar-

2049 648 2327 716 rogantiae,
2358 656 2413 699 et
2451 662 2604 700 amor
2647 663 2793 703 vanae
2827 665 2891 703 ac
2936 656 3221 708 mundanae
3257 655 3459 725 διαί-ίῳ.
3500 660 3616 720 ira.-,

2046 735 2179 791 lucri
2230 739 2481 800 aviditas,
2535 747 2588 792 et
2632 739 2750 793 alite
2801 740 3017 796 demum
3074 754 3274 812 pestes.
3327 747 3617 818 Postquam

2047 836 2225 881 autem
2250 827 2473 897 pignore
2496 828 2728 897 Spiritus
2748 844 2845 899 per
2869 830 3143 887 Cbrisluut
3167 837 3319 889 dilati
3347 856 3530 893 sumus
3551 839 3615 904 "',

2046 919 2278 973 domitas
2326 920 2526 974 habere
2576 921 2917 991 cupiditates,
2965 928 3214 992 quamvis
3271 931 3408 981 haud
3480 932 3617 984 citra

2048 1009 2329 1074 sudorem,
2365 1011 2767 1078 consuevimus,
2798 1021 2852 1068 et
2886 1016 3178 1069 secundum
3197 1020 3449 1074 sarculum
3471 1021 3617 1076 futu—

2049 1115 2166 1153 rum
2213 1100 2367 1169 plena
2413 1100 2530 1153 luce
2568 1099 2764 1156 divina:
2801 1106 3123 1172 cognitionis
3163 1111 3389 1175 pra'diti,
3438 1113 3617 1180 perfr-

2046 1194 2228 1249 ctione
2258 1195 2383 1247 doni
2414 1194 2649 1262 Spiritus
2678 1195 2849 1249 sancti
2886 1196 3077 1251 divites
3113 1214 3320 1261 sumus,
3348 1211 3401 1254 t'l
3430 1217 3619 1256 cori-tt.

2050 1298 2081 1353 p
2096 1284 2297 1337 tionem
2319 1283 2703 1352 passionesque
2728 1285 2909 1339 carnis
2936 1287 3207 1347 exuimus,
3227 1287 3333 1341 Deo
3350 1292 3619 1345 set-vimus

2048 1375 2391 1441 omnimodis,
2438 1390 2541 1429 non
2576 1375 2733 1431 divisi
2767 1386 2985 1446 propter
3017 1389 3329 1447 peccatum,
3365 1374 3537 1451 neque
3584 1401 3615 1435 ει

2051 1465 2321 1519 veteribus
2346 1466 2689 1535 passionibus
2723 1469 2932 1537 agitati,
2968 1470 3061 1522 sed
3103 1470 3273 1525 instar
3308 1483 3619 1527 sanctorum

2048 1554 2357 1621 angelorum
2378 1570 2563 1622 puram
2582 1556 2988 1622 etlinnocentem
3008 1563 3171 1612 vitam
3188 1560 3456 1616 ducimus.
3473 1564 3622 1618 Seria

2050 1651 2196 1709 ptum
2220 1652 2302 1694 est
2322 1644 2466 1696 enim
2494 1644 2561 1698 de
2586 1645 2805 1709 sanctis,
2828 1647 2970 1715 quod
2988 1649 3371 1704 obliviscentnr
3397 1654 3621 1707 tribula-

2053 1734 2210 1787 tinnis
2232 1750 2341 1788 sum
2362 1746 2414 1788 et
2433 1750 2538 1789 non
2559 1737 2813 1791 ascendet
2836 1740 2886 1791 in
2904 1753 2997 1792 cor
3017 1755 3223 1796 eorum.
3247 1761 3264 1791 ι
3289 1741 3401 1798 Erit
3418 1753 3619 1807 autem,

372 1833 560 1885 παθῶν
592 1834 985 1905 ἐνοχλούμενοι,
1031 1836 1145 1890 ἀλλ’
1190 1838 1249 1889 ἐν
1296 1836 1385 1908 ἴση
1427 1838 1579 1904 τάξει
1626 1841 1739 1902 τοῖς
1771 1839 1943 1908 ἁγίοις

2053 1826 2245 1892 inquit,
2279 1826 2460 1880 laetitia
2488 1829 2815 1897 sempiterna
2845 1845 3008 1899 super
3034 1834 3208 1901 capita
3239 1849 3450 1897 eorum,
3483 1836 3619 1900 laus,

371 1926 623 1995 ἀγγέλοις
665 1928 756 1979 τὸν
798 1928 1038 1998 καθαρὸν
1078 1930 1174 1982 καὶ
1227 1930 1485 2000 ἀπήμονα
1521 1929 1761 2000 βιοῦντες
1810 1931 1940 2001 βίον.

373 2019 686 2090 Γέγραπται
715 2019 821 2089 γὰρ
848 2022 975 2092 περὶ
1000 2020 1108 2074 τῶν
1139 2021 1333 2089 ἁγίων,
1362 2022 1445 2074 ὃτι
1475 2022 1826 2092 ἐπιλήσονται
1848 2022 1946 2092 τὴν

372 2112 548 2180 ολῖψιν
577 2112 778 2174 αὐτῶν,
804 2113 900 2166 καὶ
917 2113 1017 2167 οὐκ
1044 2113 1217 2184 ἀναϐῇ
1244 2112 1425 2168 αὐτῶν
1455 2115 1549 2167 ἐπὶ
1575 2113 1672 2186 τὴν
1696 2114 1942 2185 καρδίαν.

378 2202 608 2254 «Ἔσται
641 2202 718 2263 δὲ,
760 2203 914 2272 φησὶ,
952 2203 1048 2256 καὶ
1079 2201 1389 2273 εὐφροσύνη
1422 2202 1639 2264 αἰώνιος
1686 2202 1827 2272 ὑπὲρ
1852 2218 1947 2254 κε-

370 2293 543 2364 φαλῆς
577 2293 776 2359 αὐτῶν,
797 2294 1023 2361 αίνεσις,
1042 2294 1138 2347 καὶ
1165 2294 1495 2366 εὐφροσύνη,
1514 2296 1609 2348 καὶ
1635 2294 1947 2364 ἀγαλλίαμα

371 2385 744 2457 καταλήψεται
771 2386 990 2451 αὐτοὺς,
1024 2385 1236 2458 ἀπέδρα
1264 2384 1447 2457 ὀδύνη,
1495 2384 1664 2457 λύπη,
1698 2386 1794 2439 καὶ
1829 2401 1950 2438 στε-

372 2480 602 2549 ναγμός.
632 2497 650 2528 ι
688 2478 873 2551 Ταύτῃ
903 2494 987 2531 τοι
1021 2477 1186 2549 φησὶν
1217 2478 1246 2530 ὀ
1277 2478 1584 2548 προφήτης,
1614 2477 1734 2548 ἦτοι
1761 2476 1892 2540 Θεὸς
1920 2475 1949 2528 ὁ

371 2572 577 2625 τούτων
600 2570 839 2639 ἐργάτης
867 2570 965 2625 καὶ
1002 2570 1192 2642 δοτὴρ,
1225 2571 1307 2625 ὃτι
1342 2588 1361 2622 ι
1409 2568 1818 2636 Ἐξελεύσεσθε,
1854 2572 1949 2623 καὶ

376 2661 736 2731 σκιρτήσεσθε
765 2661 840 2724 ὡς
871 2660 1146 2733 μοσχάρια
1169 2662 1235 2713 ἐκ
1257 2659 1470 2730 δεσμῶν
1492 2659 1769 2732 ἀνειμένα.
1793 2660 1952 2712 »Ὥσ-

373 2774 482 2827 περ
513 2758 624 2828 γὰρ
655 2756 725 2810 τὰ
760 2757 1030 2827 μοσχάρια
1055 2756 1125 2809 τὰ
1156 2754 1421 2809 ὑπότιτθα
1445 2754 1661 2824 δεσμῶν
1688 2754 1950 2824 ἀνιέμενα

375 2847 800 2917 κατασκαίρουσι
832 2846 942 2900 τῶν
986 2846 1193 2917 ἀγρῶν,
1238 2846 1296 2898 έν
1336 2845 1553 2899 εὐανθεί
1578 2848 1644 2916 τῇ
1676 2845 1784 2916 πόᾳ
1815 2845 1949 2898 ἀπο-

375 2939 633 3011 πηδῶντά
654 2955 714 2992 τε
740 2938 836 2992 καὶ
857 2937 1249 3009 διαμυκώμενα
1268 2954 1283 2969 ο
1308 2937 1452 2990 οὕτω
1482 2936 1626 2990 κατά
1653 2937 1877 3007 καιροὺς
1903 2938 1951 2989 οἱ

375 3032 524 3098 ἆγιοι
556 3030 839 3101 μονονουχὶ
876 3029 1092 3099 δεσμῶν
1124 3027 1401 3099 ἀνειμένοι
1448 3028 1546 3098 τῆς
1590 3029 1650 3080 έν
1693 3027 1829 3098 τῷδε
1876 3026 1953 3097 τῷ

2046 1930 2100 1973 et
2141 1920 2346 1985 la-titia,
2398 1930 2450 1975 et
2493 1922 2786 1976 exsultatio
2841 1926 3260 1993 comprehendet
3305 1942 3421 1989 eos,
3454 1926 3623 1995 fugiet

2046 2011 2218 2078 dolor,
2246 2012 2486 2076 tristitia,
2512 2023 2562 2066 et
2591 2015 2827 2079 gemitus
2854 2013 2921 2068 ".
2952 2031 2970 2065 ι
3004 2015 3211 2069 Idcirco
3240 2016 3311 2069 ait
3340 2016 3619 2085 propheta.

2047 2105 2159 2157 sive
2182 2102 2319 2159 Deus
2340 2106 2531 2158 horum
2549 2105 2773 2161 eﬂ'ector
2793 2119 2954 2176 atque
2973 2108 3126 2163 dator
3150 2127 3163 2162 :
3188 2131 3203 2161 ι
3228 2110 3620 2180 Egredicmini,

2048 2204 2101 2247 et
2133 2195 2341 2251 salictis
2385 2196 2526 2250 sicut
2555 2196 2705 2251 vituli
2737 2201 2905 2253 teneri
2944 2201 3172 2257 vinculis
3203 2204 3388 2276 soluti.
3420 2223 3437 2256 ι
3469 2203 3621 2259 Sicut

2050 2303 2282 2357 namque
2304 2286 2452 2342 vituli
2471 2287 2649 2344 adhuc
2670 2290 2934 2353 subrnmi,
2967 2308 3060 2348 seu
3088 2293 3369 2359 lactentes,
3392 2296 3622 2351 vinculis

2049 2377 2284 2445 demptis
2322 2391 2417 2448 per
2472 2394 2630 2448 agros
2683 2380 2961 2448 exsiliunt,
3003 2393 3058 2439 et
3108 2385 3161 2439 in
3207 2386 3373 2441 herba
3428 2388 3621 2443 virenti

2048 2467 2358 2523 subsultant
2396 2476 2451 2522 et
2494 2469 2772 2540 mugiunt;
2811 2471 2884 2525 ita
2929 2473 3056 2528 olim
3095 2477 3268 2531 sancti
3309 2477 3467 2546 huius
3502 2480 3624 2533 vitat

2053 2560 2433 2626 trilmlationis,
2457 2577 2733 2628 curartun,
2777 2567 3011 2633 sudoris,
3047 2567 3291 2624 laborum
3321 2571 3473 2641 quasi
3509 2571 3624 2627 viu-

2050 2653 2186 2707 culis
2211 2653 2466 2719 exsoluti,
2499 2655 2551 2708 in
2573 2653 2968 2722 jucunditatem
3004 2660 3210 2715 sanctis
3239 2673 3621 2729 congruentem

2052 2744 2442 2816 ingredientur,
2494 2757 2551 2801 et
2596 2746 2837 2817 iniquos,
2891 2764 2998 2803 non
3064 2750 3174 2818 jam
3226 2763 3528 2823 pugnantes
3568 2765 3626 2809 et

2055 2835 2393 2900 resistentes,
2433 2837 2530 2891 sed
2576 2846 2897 2903 prostratos,
2939 2850 2993 2893 et
3037 2842 3229 2908 victos,
3273 2853 3328 2897 et
3370 2853 3622 2914 tauquam

2053 2928 2153 2982 sub
2179 2927 2403 2995 pedibus
2423 2926 2669 2996 jacentcs
2696 2929 3109 2997 conculcabunt,
3144 2936 3287 3002 quod
3312 2936 3473 2990 etiam
3502 2937 3623 2993 belli

2055 3018 2280 3073 materia
2314 3027 2368 3071 et.
2394 3027 2570 3073 metus
2607 3020 2786 3076 omnis
2826 3023 2894 3076 ab
2922 3023 3052 3090 ipsis
3088 3025 3298 3080 ablatus
3330 3028 3423 3081 sit.
3456 3047 3475 3080 ι
3509 3027 3623 3083 Non

377 3122 478 3192 βίῳ
509 3120 760 3190 θλίψεως,
802 3122 1104 3191 φροντίδος,
1149 3121 1372 3193 ἱδρῶτός
1402 3138 1463 3175 τε
1500 3121 1598 3175 καὶ
1634 3121 1832 3187 πόνων,
1873 3123 1953 3185 είς

2055 3109 2195 3164 enim
2238 3111 2343 3164 erit
2392 3109 2464 3165 ibi
2510 3109 2619 3175 leo,
2659 3127 2834 3181 neque
2881 3113 2985 3168 ulla
3032 3117 3296 3171 malarum
3331 3120 3624 3175 bestiarum

372 3212 474 3283 τὴν
518 3215 630 3275 τοῖς
676 3212 843 3276 ὁσίοις
901 3213 1221 3283 πρέπουσαν
1273 3212 1538 3282 εὐθυμίαν
1587 3214 1948 3283 έκόήσονται,

2058 3204 2314 3259 ascendet
2354 3205 2488 3275 illic,
2526 3214 2586 3261 ut
2613 3206 2878 3278 scriptum
2910 3216 3027 3273 est;
3065 3209 3162 3265 sed
3195 3210 3301 3265 erit
3333 3211 3510 3281 potius
3541 3216 3626 3267 via

375 3301 672 3365 πατοῦντες
693 3303 948 3372 ἀνόμους,
979 3302 1040 3355 οὐ
1075 3301 1414 3372 μαχομένους
1443 3302 1522 3356 ἔτι
1570 3302 1665 3365 καὶ
1688 3300 1952 3371 ἀνθεστη-

376 3395 564 3458 κότας,
631 3394 898 3456 πεσόντας
924 3393 982 3446 δὲ
1010 3392 1109 3464 ἤδη
1149 3393 1246 3446 καὶ
1280 3394 1689 3465 νενικημένους,
1719 3392 1815 3447 καὶ⁵
1838 3387 1950 3447 οἷον

376 3485 484 3545 ὑπὸ
528 3485 695 3547 πόδας
729 3485 1037 3556 κειμένους,
1071 3483 1151 3555 τῷ
1189 3484 1285 3539 καὶ
1316 3485 1620 3557 ἀνῃρῆσθαι
1672 3484 1948 3549 παντελῶς

2060 3311 2215 3365 pura,
2258 3305 2313 3349 et
2361 3296 2448 3351 via
2504 3305 2692 3352 sancta
2740 3295 3021 3352 vocabitur
3057 3298 3127 3353 ".
3173 3316 3193 3350 ι
3244 3298 3445 3355 Exsors
3481 3303 3629 3360 enim

2059 3403 2268 3459 pugnze,
2297 3399 2353 3444 et
2373 3388 2552 3445 omnis
2580 3387 2806 3443 macula:
2836 3404 2968 3460 pura
3008 3389 3097 3445 illo
3131 3391 3466 3461 potissimum
3493 3404 3630 3449 tern-

2057 3495 2189 3549 pore
2220 3490 2530 3537 sanctorum
2562 3485 2673 3537 vita
2706 3482 2831 3537 erit.

375 3544 469 3632 τὸν
506 3577 635 3647 παρ’
670 3543 850 3629 αὐτῶν
1168 3595 1186 3628 ι
1221 3576 1296 3630 Οὐ
1478 3543 1649 3629 ’ἔσται
1680 3575 1797 3629 ἐκεῖ
1825 3543 1988 3638 λέων,
2026 3543 2148 3625 ούδὲ
2203 3569 2311 3624 τῶν
2345 3569 2551 3642 θηρίων
2577 3572 2687 3627 τῶν
2717 3571 2968 3645 πονηρῶν
2998 3543 3152 3627 οὐδὲν
3185 3580 3259 3647 μὴ
3282 3576 3455 3650 ἀναϐῇ
3488 3577 3627 3643 ἐκεῖ.

377 3671 519 3725 κατὰ
544 3671 606 3723 τὸ
628 3669 1233 3740 γεγραμμένον.Ἔσται
1257 3669 1315 3723 δὲ
1346 3670 1546 3741 μᾶλλον
1572 3670 1689 3732 ὁδὸς
1742 3666 1980 3736 καθαρὰ,
2021 3668 2117 3720 καὶ
2196 3665 2313 3730 ὁδὸς
2359 3665 2490 3734 ἁγία
2542 3665 2896 3737 κληθήσεται.
2951 3684 2969 3715 ›
3005 3666 3304 3739 Ἀπόλεμος
3367 3669 3476 3755 γὰρ
3535 3675 3630 3729 καὶ

376 3763 596 3831 ἁπάσης
640 3761 857 3832 κηλίδος
895 3760 1285 3834 ἀπηλλαγμένη
1335 3764 1457 3817 κατ’
1507 3766 1684 3818 έκεῖνο
1715 3764 1948 3835 μάλιστα
1985 3761 2080 3817 τοῦ
2114 3760 2307 3832 καιροῦ
2336 3760 2445 3813 τῶν
2509 3760 2679 3829 ἁγίων
2705 3758 2861 3813 ἔσται
2892 3756 3026 3829 ζωή.

451 3854 559 3909 Καὶ
626 3853 755 3908 ίδοὺ
826 3852 942 3923 ἐγὼ
1005 3853 1326 3908 ἀποστελῶ
1376 3854 1521 3923 ὑμῖν
1580 3856 1784 3914 Ἠλίαν
1844 3857 1953 3911 τὸν

381 3946 699 4014 Θεσϐίτην,
742 3944 886 4013 πρὶν
928 3944 1129 3998 ἐλθεῖν
1166 3943 1281 4013 τὴν
1308 3946 1536 4014 ἡμέραν
1572 3946 1796 4014 Κυρίου
1838 3944 1954 4014 τὴν

373 4037 648 4107 μεγάλην
692 4037 791 4089 καί
833 4035 1098 4105 ἐπιφανῆ
1122 4074 1138 4101 ,
1172 4034 1236 4102 ὃς
1282 4036 1773 4105 ἀποκαταστήσει
1814 4053 1955 4106 καρ-

378 4130 517 4181 δίαν
545 4127 765 4195 πατρὸς
799 4128 941 4194 πρὸς
987 4126 1145 4193 υίὸν,
1198 4125 1300 4181 καί
1342 4126 1596 4196 καρδίαν
1638 4127 1954 4196 ἀνθρώπου

2130 3853 2292 3909 Vsus.
2314 3853 2367 3918 5,
2395 3851 2448 3906 6.
2477 3850 2614 3905 Ecce
2632 3868 2724 3922 ego
2754 3852 2955 3905 mittam
2978 3853 3115 3907 vobis
3134 3852 3308 3907 Etiam
3336 3855 3629 3917 Thesbiten.

2059 3956 2339 4015 antequam
2371 3944 2542 3998 veniat
2573 3944 2683 3997 dies
2707 3941 2921 3997 Domini
2945 3962 3164 4010 magnus
3189 3955 3235 3998 et
3268 3945 3510 4011 illustris,
3543 3951 3632 4019 qui

2059 4038 2293 4091 restituet
2320 4051 2412 4088 cor
2431 4035 2597 4103 patris
2616 4036 2686 4087 ad
2706 4034 2900 4101 ﬁlium,
2923 4047 2969 4089 et
2996 4052 3088 4089 cor
3108 4037 3334 4090 hominis
3354 4039 3423 4091 ad
3451 4043 3632 4107 ρτοαίς

2060 4144 2204 4181 mum
2238 4144 2411 4190 suum,
2438 4142 2501 4180 ne
2523 4128 2755 4192 ueniant,
2778 4135 2827 4180 et
2864 4130 3154 4197 percutiam
3180 4140 3380 4185 terram
3401 4134 3628 4200 penitus.

378 4221 527 4289 πρὸς
552 4220 659 4274 τὸν
681 4220 952 4287 πλησίον
982 4219 1189 4285 αὐτοῦ,
1228 4220 1328 4274 ἵνα
1369 4219 1457 4289 μὴ
1491 4221 1665 4287 ἔλθω,
1693 4221 1792 4277 καὶ
1828 4221 2071 4286 πατάξω
2102 4221 2217 4289 τὴν
2241 4219 2360 4291 γῆν
2394 4219 2605 4289 ἄρδην.

450 4317 581 4371 ME‘.
641 4314 937 4380 Ἀπόδειξις
1017 4316 1354 4386 ἡμερότητος
1435 4318 1529 4371 καὶ
1606 4316 1956 4384 ἀνεξικακίας

2138 4317 2298 4373 XLV.
2342 4318 2733 4385 Argumentum
2783 4316 3213 4371 mansuetudinis
3245 4328 3300 4373 et
3335 4318 3633 4375 tolerantia-

376 4407 537 4473 Θεοῦ,
569 4407 630 4459 τὸ
668 4407 761 4460 καὶ
801 4406 985 4460 Ἠλίαν
1017 4408 1151 4476 ἡμῖν
1178 4408 1270 4459 τὸν
1303 4407 1568 4480 Θεσὸίτην
1600 4408 1956 4481 προαναλάμ-

2064 4407 2181 4474 Dei,
2209 4408 2353 4478 quod
2382 4406 2529 4461 Elias
2558 4405 2845 4461 Thesbites
2879 4421 3093 4475 quoque
3125 4408 3280 4462 nobis
3327 4409 3475 4478 prius
3504 4412 3633 4463 olim

377 4497 477 4566 ψαι
510 4495 651 4548 κατὰ
674 4496 920 4567 καιροὺς.
949 4496 1033 4549 ὅτι
1060 4496 1331 4566 παρέσται
1359 4497 1539 4551 Λοιπὸν
1565 4500 1594 4552 ὁ
1612 4498 1822 4571 κριτὴς,
1844 4502 1956 4562 τοῖς

377 4588 483 4641 ἀνὰ
535 4589 717 4640 πᾶσαν
763 4587 861 4657 τὴν
910 4588 1237 4658 οἰκουμένην
1280 4590 1738 4658 προαγγέλλοντα.
1772 4593 1955 4645 Κατα-

381 4676 610 4747 ϐήσεται
642 4675 752 4748 γὰρ
782 4676 973 4748 κριτὴς
1002 4678 1060 4730 έν
1085 4680 1152 4748 τῇ
1176 4677 1304 4749 δόξῃ
1331 4679 1422 4732 τοῦ
1446 4680 1580 4734 Θεοῦ
1605 4682 1698 4734 καὶ
1721 4683 1955 4753 Πατρὸς,

377 4766 823 4839 δορυφορούντων
868 4768 1137 4837 ἀγγέλων,
1193 4787 1212 4821 ι
1250 4768 1362 4822 Καὶ
1402 4769 1672 4825 καθιεῖται
1715 4773 1816 4843 μὲν
1862 4774 1957 4826 ἐπὶ

380 4860 572 4932 θρόνου
619 4859 780 4931 δόξης
824 4859 1012 4925 αὑτοῦ,
1047 4860 1251 4931 κρίνων
1281 4859 1380 4931 τὴν
1415 4859 1739 4933 οἰκουμένην
1780 4862 1837 4914 ἐν
1880 4862 1960 4916 δι-

380 4951 667 5025 καιοσύνῃ,
684 4951 953 5008 ἀποδώσει
977 4952 1036 5007 δὲ
1063 4952 1282 5017 πάντως
1306 4951 1523 5023 ἑκάστῳ
1546 4951 1688 5006 κατά
1709 4952 1769 5006 τὸ
1796 4952 1958 5024 ἔργον

379 5043 564 5098 αὑτοῦ.
604 5062 623 5093 ρ
669 5043 886 5114 Ἐπειδὴ
919 5043 976 5099 δὲ
1016 5045 1075 5097 ἰν
1105 5044 1387 5108 πλείσταις
1429 5044 1594 5116 ἐσμὲν
1638 5046 1956 5117 ἁμαρτίαις,

380 5130 698 5202 προϐαδίζει
757 5134 1043 5205 χρησίμως
1086 5133 1115 5186 ό
1174 5133 1460 5196 Θεσπέσιος
1504 5140 1824 5208 προφήτης.
1876 5139 1956 5199 εἰς

379 5221 685 5292 ὁμοψυχίαν
710 5221 861 5291 ἄγων
890 5223 1016 5287 τοὺς
1041 5223 1133 5276 ἐπὶ
1158 5223 1258 5293 τῆς
1288 5223 1414 5293 γῆς,
1437 5223 1523 5278 ἵνα
1557 5224 1620 5294 δὴ
1644 5224 1957 5297 σύμπαντες

381 5314 459 5375 εἰς
493 5312 720 5384 ἑνότητα
742 5315 840 5385 τὴν
874 5314 965 5369 διά
993 5314 1229 5379 πίστεως
1262 5316 1608 5388 συνηγμένοι,
1638 5317 1857 5371 καὶτῶν
1879 5320 1958 5382 εἰς

380 5405 691 5476 φαυλότητα
723 5406 1155 5479 σπουδασμόιτων
1188 5410 1640 5482 ἀποπαυσάμενοι
1665 5452 1681 5477 ,
1716 5410 1957 5483 πληροῦν

380 5497 584 5550 ἕλοιντο
608 5497 671 5550 τὸ
698 5498 921 5566 ἀγαθὸν,
954 5498 1098 5553 οῦτω
1127 5517 1187 5555 τε
1217 5502 1438 5555 σωθείεν
1463 5506 1959 5574 καταφοιτήσαντος

379 5588 476 5642 τοῦ
515 5590 722 5663 κριτοῦ.
751 5590 966 5655 Φθάσας
997 5592 1095 5662 μὲν
1141 5588 1234 5646 οῦν
1262 5594 1291 5646 ὁ
1321 5595 1592 5666 μακάριος
1646 5595 1957 5668 Βαπτιστὴ;

451 5704 555 5777 "_l
596 5704 723 5761 Cor.
765 5705 895 5777 t._5.
940 5704 1159 5777 A_“_|sa.
1202 5722 1364 5771 xxxv,
1406 5708 1494 5763 10.
1575 5710 1617 5742 ’⁷
1650 5710 1779 5768 ibid.
1834 5710 1886 5777 8,
1918 5711 1969 5765 9.

379 5772 660 5839 ἓῖςῐζιιηι.
705 5790 763 5841 ιι,
802 5775 857 5830 6.
934 5775 975 5806 ³¹
1019 5774 1147 5831 Luc.
1176 5795 1214 5842 t,
1250 5778 1337 5832 ΓΙ.

624 5870 886 5932 Panos.
922 5872 1035 5932 Gn.
1082 5872 1306 5933 LXXII.

2056 4499 2346 4555 alfulsurus
2373 4508 2473 4564 est,
2515 4500 2606 4567 qui
2646 4498 2899 4552 omnibus
2941 4499 3108 4569 869
3134 4499 3452 4555 mortalibus
3490 4500 3632 4557 aﬂu-

2058 4603 2236 4647 turum
2272 4592 2508 4661 judicetn
2555 4590 2900 4659 prtenuntiet.
2950 4592 3247 4645 Dcscendet
3284 4592 3429 4645 enim
3466 4592 3633 4660 iudex

2059 4684 2303 4752 ingloria
2333 4684 2424 4738 Dei
2470 4692 2524 4737 et
2567 4678 2764 4748 Patris,
2804 4682 3187 4738 comitantibus
3244 4683 3474 4753 angelis,
3518 4702 3537 4735 ι
3572 4684 3633 4738 Et

2059 4776 2268 4832 sedebit
2305 4775 2355 4828 in
2400 4774 2529 4829 sede
2578 4773 2877 4841 majestatis
2908 4789 3017 4828 sua:
3058 4774 3124 4838 ”,
3152 4773 3403 4842 judicans
3445 4776 3634 4828 urbem

2060 4877 2326 4921 terrarum
2378 4867 2426 4921 itt
2465 4865 2675 4936 jttstitia
2710 4865 2777 4929 ",
2807 4875 2862 4919 et
2906 4865 3092 4918 reddet
3142 4866 3298 4934 plane
3343 4865 3635 4933 unicuique.

2055 4959 2349 5014 secundum
2385 4971 2547 5026 Opera
2599 4956 2787 5013 sua“.
2841 4975 2860 5008 ι
2908 4957 3171 5022 Quoniam
3223 4966 3405 5010 autem
3453 4957 3635 5011 multis

2058 5049 2294 5120 peccatis
2338 5047 2585 5103 obstricti
2626 5063 2847 5115 sumus,
2883 5048 3086 5101 utiliter
3123 5047 3375 5116 pra-cedit
3419 5047 3635 5100 divinus

2062 5142 2338 5211 pr0pheta,
2385 5141 2631 5195 homines
2671 5154 2765 5209 per
2790 5148 2962 5193 terras
2994 5140 3046 5191 in
3080 5137 3428 5191 concordiam
3477 5140 3627 5191 redu-

2060 5250 2215 5299 cens,
2260 5242 2319 5287 ut
2358 5248 2548 5287 omnes
2586 5232 2641 5286 in
2691 5233 2952 5286 unitatem
2997 5233 3119 5285 lidei
3163 5232 3474 5300 congregati
3517 5241 3571 5283 et
3606 5249 3634 5283 a

2064 5339 2442 5394 perversurum
2510 5338 2734 5393 operum
2801 5323 2995 5377 studiis
3055 5323 3421 5391 quiescentes,
3492 5327 3634 5390 quo!

2066 5417 2261 5470 bonum
2295 5427 2398 5478 est,
2422 5414 2635 5471 ellicerc
2660 5414 2849 5478 velint,
2880 5424 3041 5484 atque
3071 5416 3141 5466 ita
3179 5414 3427 5468 veniente
3455 5413 3636 5477 judice

2066 5506 2360 5562 salvcntur.
2390 5506 2548 5560 Prius
2565 5505 2727 5574 igitur
2749 5505 3103 5559 venitbcatus
3128 5503 3366 5572 Baptista
3394 5501 3635 5556 Joannes

2069 5615 2086 5647 ι
2120 5597 2170 5651 in
2204 5598 2394 5668 spiritu
2425 5606 2481 5651 et
2513 5596 2711 5651 virtute
2742 5595 2871 5651 Elia:
2894 5596 2959 5649 ³¹.
2994 5613 3013 5648 ι
3047 5596 3152 5651 Sed
3183 5594 3636 5664 quemadmodum

2051 5711 2094 5741 ’⁸
2136 5708 2321 5765 Matth.
2368 5724 2489 5777 xxv,
2527 5709 2613 5765 5|.
2691 5710 2735 5741 ¹⁹
2776 5709 2917 5767 Psal.
2963 5724 3039 5774 lx,
3082 5708 3131 5761 5.
3212 5708 3256 5738 ³⁸
3292 5706 3482 5762 Matth.
3527 5723 3632 5767 Ut.

3132 5871 3199 5936 12
