4120 6376
498 347 605 404 3153

1474 349 1533 405 S.
1573 348 1845 407 CYRILLI
1882 348 2348 408 ALEXANDRINI
2385 351 2703 409 ARCHIEP.

3634 356 3738 410 5θὸ

500 473 611 540 ipse
659 466 987 537 prtdicahat
1035 483 1049 519 :
1100 482 1121 517 ι
1157 464 1352 522 Parate
1399 468 1540 522 viam
1595 467 1833 534 Domini,
1888 478 2024 523 recta

2126 467 2435 540 ,Ἰωάννης
2496 468 2764 541 προῆλθεν
2843 480 2863 521 ι
2906 470 2963 523 ἐν
3014 468 3283 541 πνεύματι
3348 485 3443 523 κα.
3506 469 3734 541 δυνάμει

498 563 658 617 tacite
695 559 915 615 semitas
958 559 1048 613 Dei
1090 559 1262 614 nostri
1308 559 1393 627 ⁹¹;
1426 580 1445 612 ι
1479 562 1549 614 ita
1588 574 1642 615 et
1675 562 1888 616 divinus
1920 557 2065 615 Elius

495 654 729 710 vicinum
754 651 869 722 jam
891 661 1015 706 tunc
1040 652 1376 723 pradicabit,
1401 661 1453 707 et
1477 653 1587 722 jam
1613 653 1721 723 jam
1745 651 2061 718 atruturnm,

495 765 517 799 ι
544 755 607 800 ιιι
636 744 841 814 iudicet
875 744 1062 798 orbem
1099 744 1152 798 in
1190 743 1421 811 jttstitia.
1461 756 1479 797 ι
1530 747 1607 800 Ac
1656 761 1801 802 nunc
1844 746 2060 816 quidem

490 837 723 891 Iortasse
763 834 1027 889 dissident
1060 834 1304 904 quidam,
1340 844 1395 889 et
1441 835 1646 892 divisus
1682 847 1767 892 est
1813 847 1968 907 pater
2005 837 2058 893 in

491 928 679 990 tilium,
728 925 870 980 lilius
907 934 1085 979 autem
1139 925 1191 978 in
1237 935 1442 994 patrem
1474 934 1630 980 suum’
1666 920 1733 981 ³⁸.
1782 925 1883 982 Hie
1914 927 2058 982 enim

487 1020 717 1075 credidit
759 1019 810 1072 in
853 1017 1152 1081 Christum,
1180 1016 1271 1070 ille
1316 1019 1371 1071 in
1411 1018 1674 1087 apostolis
1706 1029 2055 1087 numeratur;

483 1112 574 1167 alii
601 1110 862 1165 dissident
883 1108 1148 1163 charitate
1178 1119 1387 1172 mutua,
1409 1109 1566 1163 divisi
1600 1115 1819 1180 propter
1848 1112 2053 1178 odium,

482 1211 540 1261 et
565 1213 851 1274 perpetuas
891 1200 1027 1264 iras,
1058 1213 1111 1256 et
1147 1203 1525 1256 contentimies
1554 1218 1716 1272 super
1737 1216 2056 1273 quocunque

482 1296 669 1352 mundi
702 1294 934 1361 negotio.
983 1293 1253 1347 Restiti-et
1297 1303 1474 1347 autem
1508 1297 1791 1363 propheta,
1832 1305 1887 1350 et
1923 1297 2051 1350 olim

481 1389 857 1457 discrepantes
881 1386 946 1440 ad
979 1400 1138 1438 unam
1169 1383 1326 1437 ﬁdem
1356 1399 1614 1439 revocans
1634 1424 1648 1450 ,
1697 1403 1715 1436 ι
1752 1396 1804 1440 et
1833 1400 2055 1440 conver-

481 1492 602 1536 tens
647 1477 917 1534 hominem
971 1476 1037 1530 ad
1100 1478 1406 1546 proximum
1460 1490 1641 1540 suum,
1695 1488 1762 1529 ne
1815 1477 2049 1541 veniam,

479 1573 672 1642 inquit,
697 1582 753 1625 et
783 1570 1079 1638 percutiam
1113 1579 1311 1621 terram
1337 1569 1574 1637 penitus,
1597 1586 1617 1619 ι
1644 1568 1744 1622 hoc
1773 1579 1876 1632 est,
1901 1569 2047 1622 omni

476 1666 688 1721 ratione
726 1671 781 1716 et
820 1660 1160 1715 omnimodis.
1205 1657 1360 1713 Vides
1405 1660 1568 1730 igitur
1615 1661 1887 1714 lenitatem
1940 1660 2046 1714 Do-

479 1757 608 1810 mini
638 1754 902 1810 omnium.
932 1750 1094 1806 Prius
1122 1761 1315 1805 auctor
1348 1760 1429 1804 cst
1461 1750 1796 1812 mortalibus.
1840 1759 1894 1804 et
1925 1765 2046 1821 pro-

2177 560 2431 614 Ἠλίουςί
2491 562 2630 616 Ἀλλ’
2682 561 2868 633 ῶσπερ
2931 558 3092 627 αὐτὸς
3149 562 3464 633 διεκήρυττε
3527 559 3735 632 λέγων’

2169 667 2189 700 ι
2211 649 2568 721 Ἑτοιμάσατε
2592 653 2690 722 τὴν
2718 651 2835 706 όδδν
2875 652 3103 723 Κυρίου,
3132 650 3346 715 εὐθείας
3390 655 3595 705 ποιεῖτε
3632 655 3735 716 τὰς

2160 740 2381 811 τρίϐους
2420 740 2516 794 τοῦ
2564 741 2700 795 Θεοῦ
2750 742 2939 813 ήμῶν·
2969 760 2992 795 ι
3043 741 3186 796 οὕτω
3224 742 3319 797 καὶ
3367 744 3396 795 ό
3445 740 3736 807 θεσπέσιος

2173 832 2359 897 Ἠλίας
2382 833 2551 903 ἐγγὺς
2587 833 2715 887 ὄντα
2738 832 3055 905 διακηρύξει
3078 832 3219 898 τότε,
3255 834 3347 887 καὶ
3368 833 3491 886 ὅσον
3515 828 3733 887 οὐδέπω

2159 927 2554 997 παρεσόμενον,
2600 944 2619 977 ι
2660 926 2748 979 ἵνα
2776 925 2936 998 κρίνῃ
2962 925 3060 996 τὴν
3081 925 3407 997 οἰκουμένην
3432 925 3492 978 ἓν
3519 924 3730 980 Strato-‘-

2159 1016 2313 1089 σύνῃ.
2348 1035 2367 1069 ι
2410 1017 2519 1070 Καὶ
2553 1016 2647 1069 νῦν
2691 1015 2789 1087 μὲν
2820 1015 2950 1081 ἴσως
2984 1015 3280 1087 διχονοοῦσι
3300 1033 3466 1080 τινες,
3502 1017 3597 1070 καὶ
3629 1030 3728 1087 με·-

2160 1108 2412 1178 μέρισται
2450 1107 2547 1177 μὲν
2586 1107 2768 1178 πατὴρ
2790 1108 2929 1178 πρὸς
2959 1108 3092 1172 υἱὸν,
3121 1108 3233 1171 uio;
3255 1108 3313 1162 δὲ
3342 1108 3420 1172 ὡς
3453 1108 3589 1179 πρὸς
3618 1114 3726 1163 πά-

2154 1200 2308 1271 τέ-ρα.
2340 1201 2397 1253 Ὁ
2420 1198 2517 1269 μὲν
2549 1198 2658 1269 γάρ
2697 1200 3061 1254 πεπίστευκεν
3087 1201 3166 1264 εἰς
3193 1200 3446 1270 Χριστὸν,
3464 1203 3493 1254 ό
3521 1201 3578 1254 δὲ
3608 1206 3727 1266 τοῖς

2153 1290 2469 1353 ἀποστόλοις
2518 1291 2665 1344 ἐστὶν
2704 1291 3044 1362 ἐναρίθμιος,
3092 1292 3278 1361 ἕτεροι
3309 1290 3366 1345 δε
3405 1291 3721 1362 διεστήκασι

2150 1382 2250 1452 τῆς
2277 1380 2520 1452 ἀλλήλων
2549 1381 2790 1450 ἀγάπης,
2837 1382 3201 1452 διεσχισμένοι
3227 1381 3363 1453 πρὸς
3392 1382 3594 1453 ἔχθραν
3620 1383 3718 1437 καὶ

2150 1471 2557 1542 άκαταλήκτους
2602 1470 2772 1543 ὸργάς
2823 1472 2916 1526 καὶ
2979 1474 3076 1534 τάς
3128 1471 3214 1541 ἐφ’
3257 1470 3460 1543 ὁτῳοῦν
3503 1471 3613 1525 τῶν
3656 1474 3718 1525 ὲν

2150 1560 2339 1632 κόσμῳ
2381 1560 2721 1631 πραγμάτων
2752 1559 3101 1631 φιλονεικίας.
3142 1562 3609 1634 ’ἀποκαταστήσει
3647 1580 3713 1632 γε

2151 1656 2257 1726 μὴν
2278 1656 2306 1707 ό
2325 1654 2610 1724 προφήτης
2628 1694 2644 1721 ,
2670 1654 2764 1707 καὶ
2794 1654 2875 1716 εἰς
2907 1652 3037 1723 μίαν
3059 1654 3310 1722 συνάγων
3342 1654 3522 1708 πίστιν
3545 1654 3719 1709 πάλαι

2146 1746 2530 1817 διῃρημένους,
2566 1764 2585 1796 ι
2622 1747 2713 1799 καὶ
2743 1744 3113 1808 ἀποκαθιστάς
3144 1745 3430 1817 ἄνθρωπον
3456 1743 3591 1817 πρὸς
3618 1745 3721 1799 τὸν

474 1849 760 1918 pemodnm
803 1852 1137 1915 protestatur
1178 1855 1273 1912 per
1299 1855 1487 1895 vocem
1536 1841 1684 1907 Elim,
1710 1857 1769 1896 se
1804 1841 2021 1912 judiceu

2145 1839 2372 1909 πλησίον
2401 1836 2586 1901 αὐτοῦ,
2620 1837 2706 1891 ἵνα
2737 1836 2813 1909 μὴ
2842 1836 3001 1902 ἔλθω,
3034 1838 3189 1908 φησὶ,
3222 1838 3317 1892 καὶ
3353 1836 3575 1903 πατάξω
3608 1837 3713 1908 τήν

470 1947 783 1998 venturum,
821 1942 878 1989 ut
915 1933 1161 1988 conversi
1207 1932 1273 1985 ad
1313 1930 1533 2000 meliora
1570 1940 1627 1986 et
1674 1933 1835 1985 vitam
1886 1947 2037 1985 suam

469 2029 819 2082 emendantes
848 2028 938 2095 qui
967 2035 1093 2079 tunc
1123 2023 1357 2077 vixerint
1402 2025 1454 2077 in
1490 2024 1669 2087 terris,
1719 2026 1771 2077 in
1809 2025 2035 2095 rigidum

2144 1931 2250 1999 γῆν
2286 1930 2485 2000 ἄρδην,
2522 1948 2541 1981 ι
2599 1929 2879 1982 τουτέστιν
2913 1928 3224 2001 ὁλοτρόπως
3272 1928 3367 1982 καὶ
3406 1927 3706 1992 παντελῶς·

2155 2021 2316 2094 Ὁρᾷς
2338 2018 2431 2074 οῦν
2460 2020 2568 2090 ἄρα
2591 2021 2691 2091 τήν
2717 2020 3032 2092 ἡμερότητα
3052 2020 3146 2075 τοῦ
3167 2021 3384 2075 πάντων
3414 2020 3704 2075 Δεσπότου.

463 2122 696 2191 indicem
749 2134 817 2174 ne
864 2120 1125 2179 incidant,
1177 2131 1208 2171 a
1260 2133 1366 2185 quo
1413 2116 1464 2168 in
1521 2114 1766 2171 ﬂammas
1813 2133 1831 2168 ι
1875 2127 1930 2171 et
1980 2117 2024 2171 in

2141 2113 2541 2186 Προαναπείθει
2567 2113 2693 2176 τοὺς
2724 2114 2817 2166 επὶ
2842 2113 2942 2184 τῆς
2981 2114 3105 2185 γῆς,
3139 2115 3234 2168 καὶ
3277 2114 3559 2186 μονονουχὶ
3588 2113 3707 2167 δια-

468 2214 719 2271 teuebras
752 2211 1052 2265 exteriores
1086 2208 1369 2261 mittantur
1393 2205 1472 2271 “;
1507 2225 1525 2259 ι
1585 2210 1805 2262 audiant
1852 2217 2024 2263 autem

2145 2206 2478 2277 μαρτύρεται
2522 2205 2610 2258 διὰ
2658 2207 2758 2277 τῆς
2815 2206 2996 2260 Ἠλίου
3040 2205 3261 2277 φωνῆς,
3306 2207 3387 2259 ὃτι
3440 2204 3705 2275 παρέσται

464 2304 644 2374 potius
681 2312 697 2355 :
736 2319 754 2352 ι
800 2299 1023 2361 Venite,
1070 2297 1340 2351 benedicti
1383 2295 1560 2351 Patris
1602 2296 1739 2361 mei,
1778 2297 2024 2367 percipitt

2137 2290 2349 2368 κριτὴς,
2398 2297 2487 2351 ἵνα
2533 2299 2653 2360 ταῖς
2704 2299 2786 2362 εἰς
2830 2298 2893 2352 τὸ
2935 2299 3159 2370 ἄμεινον
3201 2297 3564 2369 μεταδρομαῖς
3612 2296 3706 2350 τὸν

466 2406 710 2463 paratum
743 2391 894 2444 Vobis
924 2401 1144 2456 regnum
1178 2403 1205 2439 a
1237 2388 1619 2441 constitutione
1655 2388 1838 2440 mundi
1875 2387 1940 2443 ³⁵.
1977 2406 1996 2438 ι

2136 2390 2334 2443 οἰκεῖον
2382 2387 2809 2460 ἐπανορθοῦντες
2844 2389 2960 2460 βίον
3001 2390 3052 2443 οἱ
3092 2389 3154 2442 τὸ
3200 2388 3453 2461 τηνικάδε
3503 2386 3707 2451 ζῶντες

462 2487 557 2542 ἐπὶ
588 2483 688 2554 τῆς
725 2483 863 2553 γῆς,
902 2479 978 2552 μὴ
1038 2479 1221 2551 πικρῷ
1289 2478 1631 2550 περιτύχοιεν
1677 2479 1938 2551 δικαστῇ,
1989 2480 2263 2551 πέμποντι
2321 2480 2455 2553 πρὸς
2476 2480 2667 2549 φλόγα,
2696 2500 2714 2531 ι
2773 2482 2866 2534 καὶ
2894 2482 2973 2545 εἰς
2997 2480 3278 2549 τὺησκότος
3301 2478 3360 2532 τὸ
3379 2479 3697 2549 ἐξώτερον..

473 2577 785 2633 ’Ᾱκούσειαν
816 2574 873 2628 δὲ
913 2572 1113 2643 μᾶλλον
1132 2588 1145 2601 ·
1185 2591 1203 2624 ι
1233 2571 1417 2636 Δεῦτε,
1449 2576 1496 2627 οἱ
1541 2573 1893 2645 εὐλογημένοι
1921 2573 2015 2627 τοῦ
2089 2574 2302 2645 Πατρός
2334 2591 2457 2646 μου,
2528 2572 2965 2645 κληρονομήσατε
2995 2575 3094 2645 τὴν
3130 2571 3539 2645 ἡτοιμασμένην
3569 2571 3700 2641 ὑμῖν

462 2668 738 2743 βασιλείαν
769 2666 876 2720 ἀπὸ
897 2664 1202 2735 καταϐολῆς
1232 2664 1456 2733 κόσμου.
1500 2682 1519 2716 ι

529 2759 697 2815 Vsus.
753 2758 809 2813 4.
850 2756 1168 2811 Mementote
1215 2757 1341 2824 legis
1379 2755 1518 2809 Mosi
1554 2757 1688 2810 servi
1733 2757 1854 2822 mei,
1889 2758 2024 2811 sicut

2202 2751 2526 2819 Μνήσθητε
2547 2750 2734 2819 νόμου
2760 2747 2949 2816 Μωσῆ
2990 2746 3097 2802 τοῦ
3126 2746 3350 2803 δούλου
3376 2765 3514 2819 μου,
3556 2763 3703 2807 καο-

455 2852 681 2922 prccepi
720 2852 769 2905 ei
802 2851 857 2903 in
907 2845 1084 2902 Horeb
1125 2847 1194 2900 ad
1238 2861 1441 2901 omnem
1489 2844 1660 2902 Israel
1689 2858 1945 2918 praecepta
1977 2857 2024 2903 et

2130 2844 2220 2897 ότι
2242 2843 2631 2913 ἐνετειλάμην
2655 2840 2816 2907 αὐτῷ
2843 2841 2912 2895 ἐν
2957 2841 3168 2909 Χωρὴϐ
3197 2841 3349 2910 πρὸς
3372 2841 3571 2896 πάντα
3592 2844 3705 2898 τὸν

450 2941 677 3012 judicia.

527 3028 710 3087 XLVI.
747 3028 983 3084 Rursum
1011 3027 1203 3083 suadet
1233 3028 1509 3099 propheta:
1534 3042 1815 3084 sermones
1843 3028 2027 3099 legens

454 3123 600 3180 tibus
621 3123 696 3177 uti
719 3120 978 3190 cogitent,
1002 3134 1108 3174 non
1136 3133 1325 3174 novam
1351 3128 1444 3174 aut
1465 3118 1834 3175 inconsuetam
1863 3137 2025 3191 super

451 3213 672 3267 Christo
714 3210 1153 3280 praedicationem
1195 3223 1317 3264 esse
1356 3207 1578 3275 factam,
1614 3226 1789 3281 neque
1830 3227 1860 3265 a
1909 3214 2024 3266 solo

452 3301 711 3356 llalachia
749 3300 1161 3369 prcunntiatam
1184 3337 1200 3363 ,
1247 3300 1343 3353 sed
1373 3300 1440 3353 ab
1470 3299 1706 3369 antiquis
1741 3310 1798 3356 et
1835 3303 2027 3371 primis

449 3390 802 3461 temporibus,
828 3397 887 3444 ut
929 3390 1003 3445 ita
1039 3389 1236 3455 dicam,
1279 3390 1474 3459 quibus
1511 3393 1578 3446 ad
1629 3391 1720 3446 Dei
1774 3396 2018 3448 notitiam

450 3481 613 3537 Israel
651 3492 873 3535 vocatus
913 3489 1016 3543 est,
1054 3480 1268 3550 quando
1306 3480 1451 3549 leges
1495 3481 1550 3535 in
1589 3482 1733 3538 Oreb
1761 3482 2023 3541 divinitus

446 3572 615 3645 87o
632 3575 756 3627 latae
773 3581 918 3626 sunt.
942 3571 1235 3626 Descendit
1252 3573 1394 3626 enim
1416 3573 1787 3628 universorum
1808 3575 1946 3631 Deus
1964 3579 2015 3632 in

446 3667 628 3736 specie
650 3663 789 3737 ignis
815 3678 980 3733 super
1003 3674 1240 3718 montem
1265 3663 1417 3730 Sina,
1436 3667 1789 3737 apparuitque
1814 3666 2013 3731 humus,

445 3766 503 3812 et
551 3757 783 3810 ﬂammae
830 3754 881 3809 in
931 3755 1146 3810 sublimi
1197 3756 1483 3820 micantes,
1532 3766 1586 3812 et
1632 3758 2015 3827 aspicientibus

445 3847 674 3903 multum
706 3857 967 3903 terrorem
994 3847 1333 3902 incutientes.
1356 3844 1521 3904 Erant
1538 3849 1667 3906 item
1688 3853 1939 3916 tenebrae,
1960 3864 2016 3906 et

443 3938 641 4010 caligo,
668 3948 722 3994 et
748 3937 1007 4008 procella,
1039 3948 1092 3992 et
1115 3939 1322 3993 sonitus
1348 3940 1488 3994 tubae
1513 3940 1700 4010 ingens
1721 3941 1808 3996 3“.
1837 3940 2010 4008 Tunc,

444 4041 573 4087 tunc
608 4030 841 4101 perculsi
880 4031 1074 4086 timore
1108 4032 1201 4085 lilii
1254 4031 1444 4096 Israel,
1486 4035 1817 4088 accedebant
1868 4034 2012 4089 dice-

438 4119 679 4190 bantque
734 4119 1019 4175 mediatori
1060 4131 1115 4174 et
1160 4122 1477 4187 institutori,
1522 4122 1656 4177 Mosi
1702 4125 1948 4181 videlicet
1991 4143 2005 4180 :

444 4230 464 4265 ι
497 4209 763 4281 Loquere,
783 4220 859 4277 tu,
886 4212 1257 4276 nobis,etnon
1275 4212 1528 4283 loquatur
1543 4214 1699 4268 nobis
1728 4216 2003 4282 Dominus,

2050 2919 2095 2977 (ἶ
2140 2937 2376 3001 Ἰσραὴλ
2406 2935 2829 3004 προστάγματα
2857 2933 2954 2987 καὶ
2973 2931 3356 3003 δικαιώματα.

2197 3025 2347 3092 Μετ’.
2386 3026 2690 3079 Ἀναπείθει
2720 3025 2881 3080 πάλιν
2908 3027 3107 3079 ἐννοεῖν
3131 3025 3259 3088 τοὺς
3282 3025 3701 3098 ἐντευξομένους

2123 3123 2236 3184 τοῖς
2273 3118 2368 3172 τοῦ
2407 3120 2684 3190 προφήτου
2726 3118 2903 3187 λόγοις
2929 3119 3011 3171 ὅτι
3040 3117 3114 3189 μὴ
3146 3117 3330 3171 καινὸν
3362 3117 3396 3188 ἢ
3428 3118 3697 3190 ἀσύνηθες

2122 3212 2183 3264 τὸ
2223 3211 2317 3264 ἐπὶ
2369 3210 2589 3281 Χριστῷ
2619 3211 2811 3280 γέγονε
2857 3212 3141 3283 κήρυγμα,
3174 3214 3311 3283 μήτε
3359 3213 3468 3285 μήν
3503 3214 3696 3283 μόναις

2121 3305 2242 3365 ταῖς
2271 3302 2553 3374 Μαλαχιου
2595 3305 2799 3372 φωναῖς
2831 3304 3355 3376 προαπηγγελμένον
3374 3321 3391 3337 ο
3416 3305 3554 3361 ἀλλὰ
3580 3306 3697 3379 γὰρ

2120 3393 2327 3447 ἄνωθέν
2357 3411 2416 3446 τε
2447 3395 2539 3448 καὶ⁸
2573 3395 2633 3459 ἐξ
2658 3395 2865 3466 ἀρχῆς,
2893 3396 2985 3449 καὶ
3021 3398 3086 3450 ἐκ
3114 3396 3366 3469 πρώτων.
3403 3398 3491 3454 ἵνα
3514 3398 3690 3464 οὕτως

2119 3487 2386 3555 εἴπωμεν,
2405 3485 2631 3557 χρόνων,
2650 3486 2771 3540 καθ’
2791 3485 2886 3551 οὒς
2910 3486 3167 3558 κέκληται
3195 3489 3337 3561 πρὸς
3359 3488 3693 3557 θεογνωσίαν

2117 3581 2145 3633 ὁ
2180 3577 2412 3650 Ἰσραὴλ,
2440 3579 2529 3631 ὅτε
2555 3578 2679 3641 τοὺς
2705 3579 2764 3631 ὲν
2785 3577 2996 3649 Χωρὴό·
3017 3579 3447 3652 κεχρησμῴδηκε
3468 3582 3691 3654 νόμους.

2116 3670 2477 3739 Καταϐέὸηκε
2513 3671 2612 3741 μὲν
2632 3670 2740 3742 γάρ
2762 3673 2791 3726 ὁ
2816 3671 2926 3726 τῶν
2953 3671 3088 3726 ὅλων
3121 3673 3253 3738 Θεὸς
3279 3676 3338 3727 ὲν
3361 3675 3492 3730 εῖδει
3515 3678 3689 3748 πυρὸς

2115 3763 2206 3815 ἐπὶ
2234 3762 2295 3815 τὸ
2327 3761 2451 3831 ὅρος
2491 3761 2553 3815 τὸ
2596 3763 2748 3826 Σινᾶ,
2793 3762 3076 3833 ἐφαίνοντο
3102 3764 3159 3818 δὲ
3209 3767 3406 3820 καπνοὶ
3436 3768 3557 3838 μὲν,
3587 3771 3687 3822 καὶ

2115 3855 2313 3923 φλόγες
2338 3852 2476 3924 ὑψοῦ
2499 3869 2562 3907 τε
2592 3853 2927 3918 διάττουσαι,
2956 3855 3057 3909 καὶ
3082 3855 3216 3911 πολὺ
3244 3860 3360 3922 τοΐςι
3388 3857 3683 3931 θεωμένοις

2112 3945 2435 4015 ἐμποιοῦσαι
2466 3945 2526 3998 τὸ
2559 3946 2740 4016 δεῖμαέ
2776 3946 2973 4012 Σκότος
3011 3947 3070 4000 δὲ
3091 3943 3178 4019 ἦν,
3206 3951 3301 4003 καὶ
3332 3952 3550 4023 γνόφος,
3580 3957 3682 4010 καὶ

2112 4037 2337 4101 θύελλα,
2373 4039 2477 4092 καὶ
2516 4040 2668 4113 φωνή
2717 4039 2817 4109 τῆς
2859 4039 3178 4109 σάλπιγγος,
3223 4043 3464 4118 ήχούσης
3510 4047 3676 4117 μέγα.

2109 4132 2244 4184 Τότε
2300 4130 2364 4202 δὴ
2387 4171 2401 4194 ,
2464 4131 2587 4185 τότε
2634 4132 2919 4202 περίφοϐοι
2975 4135 3257 4202 γεγονότες
3299 4137 3403 4191 υἱοὶ
3465 4139 3682 4211 Ἰσραὴλ

2110 4223 2423 4295 προσῄεσαν
2455 4223 2702 4292 λέγοντες
2728 4241 2806 4296 τῳ
2831 4226 3026 4299 μεσίτῃ
3059 4227 3151 4280 καὶ
3178 4227 3510 4300 παιδαγωγῷ
3527 4232 3679 4299 (Mox-

436 4316 507 4357 ne
546 4303 841 4356 moriamur
882 4301 946 4354 ".
980 4319 1000 4354 ι
1051 4300 1133 4355 Ad
1163 4317 1283 4371 quae
1332 4303 1516 4357 Deus:
1551 4303 1761 4371 cBene,
1811 4307 2003 4377 inquit,

2126 4282 2212 4386 τής
2251 4282 2407 4380 οῦτος
2437 4282 2565 4388 ἠνία
2603 4336 2623 4368 ι
2649 4282 2926 4372 nilei..ch
2960 4282 3094 4389 πρὸς
3128 4321 3306 4391 ἡμᾶς,
3339 4282 3679 4395 καὶ.⁸

434 4392 615 4448 omnia
654 4407 990 4463 quaecunque
1035 4393 1199 4447 locuti
1241 4401 1387 4448 sunt.
1431 4394 1692 4450 Excitabo
1732 4397 1838 4452 illis
1883 4415 2008 4467 pro-

433 4483 655 4554 phetam
680 4484 747 4540 de
775 4483 1034 4539 fratribus
1062 4484 1324 4553 ipsorum,
1355 4487 1497 4541 sicut
1531 4498 1601 4553 te,
1637 4498 1693 4542 et
1716 4490 1853 4545 dabo
1881 4507 2005 4546 ver-

432 4575 564 4631 bum
602 4589 778 4630 meum
820 4574 873 4629 in
913 4590 1009 4631 ore
1033 4573 1170 4644 ejus,
1218 4590 1274 4630 et
1318 4577 1564 4647 loquetur
1592 4581 1671 4635 eis
1709 4585 2004 4637 secundum

430 4668 613 4720 omnia
645 4681 765 4735 qua
795 4669 1122 4721 mandavero
1157 4667 1208 4722 ei
1239 4667 1307 4722 ³⁷.
1345 4685 1366 4719 ›
1396 4666 1558 4723 Vides
1585 4676 1856 4740 quomodo
1884 4674 1996 4743 jam

428 4776 461 4811 ιι
484 4757 866 4813 vetustissimis
888 4758 1225 4829 temporibus
1247 4756 1521 4813 Christum
1544 4776 1697 4816 sacra
1719 4760 1997 4833 Scriptura

425 4851 846 4919 pranuntiavit?
874 4850 980 4906 Sed
1029 4860 1085 4906 et
1128 4852 1174 4906 si
1231 4852 1353 4922 quis
1401 4852 1621 4910 umbras
1667 4856 1812 4927 ipsas
1861 4856 1996 4929 legis

423 4941 738 4998 examinare
767 4942 1016 5010 voluerit,
1066 4941 1341 4999 Christum
1385 4944 1440 4998 in
1485 4944 1553 5000 iis
1583 4957 1639 5001 et
1682 4949 1994 5019 mysterium

421 5031 539 5099 ejus
578 5034 841 5101 scriptum
872 5033 1260 5104 deprehendet.
1303 5036 1487 5106 Itaque
1511 5038 1723 5094 dicebat
1749 5038 1990 5095 Iudaeis:

427 5143 446 5175 ι
483 5121 539 5179 Si
580 5125 877 5180 crederetis
922 5125 1081 5191 Mosi,
1130 5129 1421 5184 crederetis
1460 5131 1687 5186 forsitan
1718 5140 1773 5187 et
1803 5132 1931 5187 mihi
1974 5149 1990 5186 :

418 5216 488 5270 de
517 5230 602 5270 me
635 5216 781 5271 enim
810 5215 899 5271 ille
919 5218 1140 5287 scripsit
1166 5219 1231 5272 ⁸⁸.
1262 5238 1283 5272 ι
1312 5220 1593 5279 Plenitudo
1614 5223 1757 5278 enim
1782 5223 1917 5293 legis
1938 5232 1994 5279 et

418 5309 806 5376 prophetarum
850 5308 1119 5376 Christus,
1154 5327 1251 5381 per
1291 5328 1474 5382 quem,
1513 5323 1569 5369 et
1594 5331 1714 5369 cum
1746 5331 1854 5385 quo
1886 5315 1993 5371 Deo

416 5407 475 5455 et
506 5396 653 5455 Patri
681 5401 873 5472 gloria,
907 5416 1031 5456 cum
1064 5405 1410 5460 sanctissimo
1448 5404 1650 5477 Spiritu
1682 5407 1736 5462 in
1777 5422 1990 5463 omnem

414 5492 796 5548 mternitatem.
832 5493 1029 5550 Amen.

2106 4407 2268 4461 λείτω
2297 4408 2433 4480 πρὸς
2469 4410 2615 4479 ἡμᾶς
2637 4409 2666 4461 ό
2694 4409 2846 4475 Θεὸς,
2872 4410 2959 4463 ἵνα
2992 4411 3067 4484 μή
3100 4412 3482 4484 ἀποθάνωμεν.
3513 4433 3532 4466 ι
3568 4415 3683 4470 Καὶ

2105 4499 2171 4568 δὴ
2205 4499 2342 4571 πρὸς
2381 4498 2555 4553 ταῦτα
2586 4500 2718 4564 Θεός
2741 4518 2753 4529 ·
2801 4519 2821 4552 ι
2863 4501 3089 4573 Ὀρθῶς,
3134 4504 3305 4575 φησὶ,
3350 4505 3528 4559 πάντα
3576 4508 3677 4562 ὅσα

2109 4590 2397 4660 ἐλάλησαν.
2428 4590 2722 4662 Προφήτην
2755 4590 2939 4655 αὐτοῖς
2965 4593 3259 4665 ἀναστήσω
3289 4597 3352 4649 ὲκ
3379 4596 3489 4649 τῶν
3518 4598 3674 4652 ἀδελ-

2107 4681 2223 4752 φῶν
2248 4681 2425 4737 αὐτῶν
2454 4681 2645 4754 ῶσπερ
2678 4683 2760 4745 σὲ,
2792 4684 2888 4738 καὶ
2921 4684 3071 4756 θήσω
3099 4688 3225 4750 τοὺς
3246 4686 3436 4758 λόγους
3464 4706 3565 4762 μου
3595 4694 3676 4747 εἰς

2106 4773 2165 4827 τὸ
2201 4772 2376 4842 στόμα
2400 4773 2584 4838 αὐτοῦ,
2623 4775 2717 4828 καὶ
2737 4775 2965 4846 λαλήσει
2984 4776 3166 4840 αὐτοῖς
3187 4778 3330 4831 κατά
3364 4780 3543 4834 πάντα
3571 4781 3675 4834 ὅσα

2103 4865 2409 4936 ἔντέλωμαι
2465 4866 2641 4938 αὐτῷ.
2673 4884 2692 4919 ι
2756 4866 2918 4939 Ὁρᾷς
2965 4869 3115 4932 ὅπως
3159 4869 3225 4922 ἐκ
3284 4871 3515 4943 μακρῶν
3561 4873 3673 4926 τῶν

2101 4955 2308 5009 ἄνωθεν
2346 4955 2553 5027 χρόνων
2585 4957 2958 5028 προανεφώνει
2983 4958 3216 5030 Χριστὸν
3243 4961 3305 5015 τὸ
3342 4961 3582 5035 Γράμμα
3606 4964 3674 5018 ea

2102 5046 2281 5117 ἱερόν;
2320 5046 2481 5101 Ἀλλά
2511 5048 2605 5101 καὶ
2647 5047 2818 5113 αὐτὰς
2862 5048 2913 5101 εἰ
2953 5049 3017 5118 δὴ
3050 5050 3290 5121 βούλοιτό
3319 5067 3406 5116 τις
3440 5053 3541 5118 τὰς
3573 5052 3673 5108 τοῦ

2098 5138 2264 5209 νόμου
2290 5137 2605 5209 βασανίζειν
2620 5139 3043 5211 σκιάς,Χριστὸν
3057 5141 3279 5214 εὑρήσει
3299 5143 3671 5216 γραφόμενον,

2098 5229 2194 5283 καὶ
2225 5229 2291 5283 τδ
2316 5231 2405 5282 ἐπ’
2434 5229 2584 5301 αὐτῷ
2618 5233 2935 5303 μυστήριον.
2964 5232 3075 5286 Καὶ
3105 5232 3236 5302 γοῦν
3263 5234 3500 5305 ἔφασκεν
3536 5236 3671 5289 ’1ου-

2097 5317 2299 5382 δαιοιςο
2351 5339 2372 5371 ι
2412 5320 2474 5373 Ei
2506 5322 2818 5375 ἐπιστεύετε
2861 5323 3034 5395 Μωσῇ
3060 5362 3076 5387 ,
3124 5324 3439 5379 ἐπιστεύετε
3475 5325 3542 5380 ἂν
3571 5326 3668 5381 καὶ

2097 5408 2240 5479 ἐμοί’
2275 5410 2402 5481 περὶ
2429 5409 2564 5479 ἐμοῦ
2584 5409 2694 5482 γάρ
2715 5412 2920 5477 ἐκεῖνος
2945 5412 3175 5486 ἔγραψε.
3197 5434 3218 5466 ι
3250 5415 3531 5488 Πλήρωμα
3556 5417 3671 5488 γὰρ

2098 5501 2265 5571 νόμου
2290 5502 2386 5555 καὶ
2415 5502 2711 5574 προφητῶν
2737 5505 2765 5557 ὁ
2790 5505 3025 5575 Χριστός
3052 5521 3069 5538 θ
3112 5504 3180 5557 δι’
3207 5500 3293 5572 οῦ,
3328 5506 3422 5562 καὶ
3452 5506 3571 5579 μεθ’
3602 5500 3668 5562 οὗ

412 5580 495 5654 τῷ
519 5580 639 5655 Θεῷ
679 5587 776 5640 καὶ
808 5587 982 5662 Πατρὶ
1000 5591 1041 5661 σή
1070 5589 1195 5656 δόξα
1213 5631 1231 5659 ,
1264 5593 1362 5646 σὺν
1392 5591 1470 5664 τῷ
1512 5596 1763 5666 παναγιῳ
1806 5594 2085 5666 Πνεύματι
2113 5597 2193 5659 εἰς
2214 5597 2341 5660 τοὺς
2370 5596 2593 5671 αἰῶνας.
2636 5598 2828 5670 Ἀμήν.

487 5698 533 5732 ³³
570 5700 675 5776 lsa.
713 5719 804 5767 ιι..
844 5705 920 5771 3;
964 5707 1148 5761 Matth.
1190 5723 1277 5776 tu,
1319 5710 1407 5765 15.
1483 5711 1529 5745 ³³
1569 5711 1756 5773 Matth.
1796 5729 1849 5776 χ,
1891 5713 1982 5768 55.

414 5783 526 5836 ιιι,
570 5774 659 5827 18.
723 5790 877 5846 seqq.
956 5778 1000 5808 ³⁸
1042 5780 1212 5834 Exod.
1260 5774 1349 5847 ax,
1397 5781 1480 5837 l9.
1526 5784 1568 5815 ³⁷
1611 5784 1766 5839 Deut.
1801 5774 1956 5854 xviii,
2004 5783 2089 5850 17,
2126 5783 2211 5840 l8.

2089 5711 2364 5785 “Matth;
2409 5727 2545 5785 35x",
2600 5715 2653 5770 3.
2732 5717 2777 5749 ³⁵
2818 5715 3007 5773 Matth.
3081 5716 3308 5785 xxv,54.
3384 5718 3452 5751 ³³·
3492 5717 3663 5774 Exod.

2325 5783 2370 5815 ”
2408 5782 2559 5839 Joan.
2599 5801 2650 5852 v,
2690 5785 2779 5841 ιο.
