4120 6376
350 398 469 455 365-

1761 563 1823 574 ,ἾΔι

1501 393 1859 453 (ἶΟΜΜΕΝΤ.
1898 393 1965 453 IN
2004 392 2434 452 MATTHIEUM.

598 743 1520 908 8ΠΙ¹ΡΙιΕΜΕΝ¹Ι¹ΠΜ
1610 749 1769 901 ΔΙ)
1850 739 2481 907 EDITIONEM
2555 752 2656 906 Ι.
2773 752 3316 910 AUBER’I‘I.

3478 394 3625 449 306‘

3316 545 3557 580 usus

1182 1198 1860 1358 SANCTI
1972 1199 2739 1357 CYRILLI

887 1473 1940 1577 COMMENTARIOBU

2011 1481 2039 1569 Ι
2140 1482 2261 1571 IN
2339 1465 3048 1572 MATTHIEUM

1599 1694 1784 1770 QU/‘E
1839 1693 2288 1757 SUPERSUNT

350 1891 426 1942 Bs
447 1877 674 1942 Ciminii
697 1888 743 1940 et
783 1869 971 1936 iouini
994 1880 1174 1936 catenis
1203 1878 1447 1944 edicerpta,
1470 1876 1753 1931 in'termistis
1804 1891 1862 1929 ra
1896 1877 2207 1947 meritis.un
2231 1874 2467 1946 remains
2505 1888 2569 1929 ea:
2598 1874 2763 1928 codice
2804 1860 3098 1929 Coisiiniam
3122 1880 3173 1929 Ι.
3205 1884 3264 1931 Δ.
3295 1881 3570 1945 Cremerae,
3611 1920 3615 1924 -

1190 1956 1193 1959 λ
1409 1948 1456 1992 et
1477 1954 1541 1993 ea:
1570 1890 1819 1991 Vaticanis
1987 1941 2145 1990 Maius
2163 1936 2435 1991 ediderunt;

1409 1948 1456 1992 et
1477 1954 1541 1993 ea:
1570 1942 1819 1991 Vaticanis

1951 1976 1961 1988 .
1987 1936 2145 1990 luitis
2163 1936 2435 1991 ediderunt;

419 2264 498 2338 (l)
530 2263 862 2335 Εὑαγγὲλιόν
889 2265 1007 2318 ἐστι
1052 2263 1208 2334 λόγος
1238 2263 1509 2335 περιέχων
1552 2264 1775 2334 ἀγαθῶν
1821 2264 1945 2333 ἀγο,

2086 2261 2131 2330 ι
2165 2259 2514 2331 Evangeuum
2556 2267 2641 2314 est
2676 2273 2859 2315 sermo
2889 2262 3172 2317 continens
3206 2263 3572 2318 annuntiatio-

346 2359 534 2429 γελίαν
580 2357 924 2429 πραγμάτων
976 2358 1118 2411 κατὰ
1171 2356 1233 2410 τὸ
1287 2356 1507 2425 εὔλογον
1550 2356 1643 2411 καὶ
1700 2356 1790 2411 διά
1850 2357 1913 2410 τὸ

346 2449 575 2521 ὠφελεῖν
602 2446 911 2520 εὐφραίνων
956 2446 1046 2501 τὸν
1090 2446 1378 2512 ἀκούοντα,
1413 2446 1510 2502 ἐὰν
1539 2447 1910 2520 παραδέξηται

347 2538 407 2591 τὸ
457 2535 937 2606 ἀπαγγελλομένον
979 2551 994 2566 ο
1031 2536 1066 2606 ἢ
1138 2535 1294 2605 λόγος
1355 2536 1628 2609 περιέχων
1692 2536 1912 2606 ἀγαθῶν

346 2629 673 2703 παρουσίαν,
702 2629 736 2701 ἢ
769 2629 925 2697 λόγος
950 2629 1309 2697 ἀπανγὲλλων
1335 2628 1801 2702 προσδοκώμενον.

432 2742 632 2811 Ἰησοῦ
663 2741 943 2813 Χριστοῦ.

417 2857 725 2925 Κιφίλλου
798 2855 1255 2925 Ἀλεξανδρέως.
1308 2856 1437 2912 Ἰαὼ
1483 2857 1582 2929 τὴν
1636 2858 1912 2930 σωτηρίαν

355 2948 597 3020 Ἑϐραῖοι
635 2947 843 3018 ελεγον.
882 2948 1139 3017 Χριστοῦ
1179 2947 1238 3001 δὲ
1275 2944 1396 3003 εἷπε
1430 2948 1520 3003 διά
1554 2949 1615 3003 τὸ
1649 2952 1775 3015 τοὺς
1805 2967 1913 3005 πα-

348 3038 534 3103 λαιοὺς
562 3037 803 3110 βασιλεῖς
830 3047 890 3092 τε
927 3039 1022 3093 καὶ
1053 3040 1223 3110 ἱερεῖς
1252 3038 1331 3110 τῷ
1358 3038 1522 3111 ἐλαίῳ
1544 3039 1793 3111 χρίεσθαι
1822 3040 1912 3094 διά

348 3131 441 3183 τοῦ
479 3131 742 3201 κέρατος·
776 3132 805 3185 ὁ
842 3129 901 3183 δὲ
937 3130 1206 3203 ἡμέτερος
1245 3129 1452 3201 Ἰησοῦς
1481 3130 1713 3202 Χριστὸς
1736 3131 1795 3184 οὐ
1823 3130 1913 3185 διά

348 3224 409 3275 τδ
434 3220 512 3293 τῷ
548 3221 741 3294 κέρατι
773 3220 1061 3293 χρισθῆναι
1098 3238 1207 3291 προ
1241 3218 1321 3293 [σ]
1361 3220 1636 3292 ηγορεύθη
1656 3222 1908 3293 Χριστὸς,

347 3314 483 3368 ἀλλά
522 3313 611 3369 διὰ
657 3315 719 3369 τὸ
788 3313 866 3385 τῷ
896 3312 1027 3384 θείῳ
1058 3312 1370 3384 Πνεύματι·
1412 3312 1628 3381 ἀληθῶς
1658 3315 1768 3384 γὰρ
1816 3315 1912 3369 καὶ

347 3406 552 3478 κυρίως
577 3405 739 3469 αὐτὸς
763 3401 877 3476 εἷχε
898 3407 961 3459 τὸ
987 3403 1213 3475 Πνεῦμα
1239 3404 1300 3459 τὸ
1321 3403 1494 3474 ἅγιον.

430 3518 569 3573 Υιοῦ
607 3516 785 3572 Δαϐίδ
814 3516 952 3572 υιοῦ
992 3507 1258 3586 Ἁϐραάμ.

2011 2370 2135 2409 netu
2177 2369 2354 2410 rerum
2378 2354 2532 2424 juxta
2560 2351 2909 2423 Evangellum
2944 2355 2996 2408 in
3026 2355 3311 2411 utilitatem
3341 2356 3574 2412 audieuo

2012 2444 2101 2508 tis,
2136 2444 2330 2515 gaudio
2362 2457 2485 2499 eum
2533 2441 2771 2499 aiiiciens
2806 2455 3089 2515 postquam
3117 2446 3389 2517 acceperit
3427 2448 3572 2520 quod

2010 2537 2058 2589 ei
2092 2537 2267 2590 fuerat
2287 2535 2696 2602 annuntiatum;
2728 2543 2821 2590 aut
2841 2550 3023 2592 sermo
3044 2538 3303 2592 bonorum
3327 2537 3573 2596 indicans

2011 2628 2386 2695 umsentiam;
2414 2636 2505 2683 aut
2531 2635 2712 2684 sermo
2739 2630 3156 2700 exspectationis
3189 2632 3474 2702 interpres.

2080 2736 2124 2803 I,
2162 2740 2212 2795 ί.
2244 2738 2373 2795 Iesu
2406 2739 2629 2797 Christi.

2078 2850 2266 2923 Cyrilli
2290 2852 2653 2909 Alexandrini.
2672 2853 2771 2908 Iao
2796 2854 3022 2910 salutem
3056 2854 3264 2912 liehrazi
3300 2858 3571 2915 dicebant.

2011 2943 2212 2999 Christi
2242 2958 2369 2998 vero
2414 2943 2550 2998 dixit
2586 2955 2869 3015 propterea
2922 2948 3066 3015 quod
3119 2949 3373 3017 antiquos
3420 2967 3574 3022 reges

2011 3045 2065 3089 et
2084 3036 2391 3089 sacerddtes
2410 3034 2527 3090 oleo
2552 3034 2733 3105 inungi
2754 3035 2992 3093 solemne
3017 3049 3159 3103 erat,
3182 3038 3348 3095 eﬁ‘usa
3378 3041 3432 3097 in
3479 3059 3573 3099 eos

2012 3124 2263 3181 corneola
2298 3127 2510 3197 pyxide.
2537 3125 2728 3182 Noster
2757 3143 2887 3184 vero
2904 3127 3061 3186 Jesus
3087 3130 3333 3187 Christus
3361 3149 3466 3190 non
3494 3136 3569 3190 id-

2010 3217 2158 3272 circo
2183 3217 2328 3287 quod
2360 3233 2528 3273 cornu
2576 3219 2829 3275 inunctus
2855 3220 2926 3276 sit
2951 3220 3245 3291 appellatus
3273 3232 3360 3279 est
3411 3223 3571 3281 Chri—

2012 3316 2145 3373 stus,
2172 3308 2264 3363 sed
2287 3309 2429 3378 quod
2455 3308 2637 3365 divino
2682 3308 2889 3378 Spiritu
2939 3308 3247 3368 delibutus:
3278 3327 3405 3370 vere
3429 3318 3571 3370 enim

2012 3408 2066 3453 et
2100 3400 2313 3470 proprie
2349 3402 2463 3470 ipse
2492 3400 2679 3457 habuit
2712 3399 2970 3471 Spiritum
3001 3412 3269 3459 sanctum.

2079 3510 2208 3566 Filii
2240 3513 2405 3568 David
2438 3513 2534 3582 [iiii
2557 3512 2844 3569 Abraham.

427 3626 681 3701 Ἀϐραὰμ
720 3627 778 3681 ἐν
823 3624 1161 3698 ἀκροϐυστίᾳ
1186 3624 1284 3695 ὢν,
1314 3625 1603 3681 ἐπίστευσε
1634 3627 1713 3698 τῷ
1754 3626 1905 3699 Θεῷ·
1939 3621 1945 3676 1

2080 3624 2352 3680 Abraham
2383 3640 2505 3681 cum
2528 3625 2703 3681 adhuc
2761 3626 2813 3681 in
2848 3626 3111 3698 praeputio
3168 3637 3314 3684 esset
3345 3630 3576 3687 credidit

347 3715 466 3775 εἶτα
484 3720 772 3791 δεξάμενος
802 3717 903 3781 τάς
924 3718 1244 3789 ὑποσχέσεις
1270 3719 1364 3772 καὶ
1388 3718 1747 3790 περιτμηθεὶς
1771 3717 1911 3772 ἀλώ-

349 3810 512 3881 ϐητον
543 3808 640 3880 τὴν
685 3807 872 3862 πίστιν
898 3807 1238 3879 διετήρησεν.
1282 3808 1521 3871 Εἰκότως
1565 3808 1746 3862 τοίνυν
1778 3810 1912 3863 ἀνα-

347 3900 603 3973 χθήσεται
639 3898 700 3953 τὸ
730 3897 894 3970 ῥητὸν
927 3898 1008 3962 είς
1047 3896 1237 3969 ἔτερόν
1265 3915 1317 3952 τι
1352 3897 1614 3970 θεώρημα
1643 3899 1775 3969 περὶ
1809 3899 1911 3968 τῆς

352 3990 440 4045 τοῦ
485 3988 720 4062 Χριστοῦ
754 3990 1081 4062 Ἐκκλησίας
1123 3993 1223 4061 τῆς
1258 4008 1316 4044 τε
1366 3993 1431 4045 ὲκ
1476 3991 1779 4063 περιτομῆς
1817 3992 1911 4044 καὶ

348 4082 445 4151 τῆς
478 4078 538 4145 ῖξ
567 4079 755 4134 ἐθνῶν.
786 4078 969 4143 Τύπος
989 4078 1099 4150 γὰρ
1122 4073 1216 4149 ἦν,
1244 4079 1320 4143 ὡς
1347 4077 1513 4147 είκδς,
1535 4079 1643 4132 τῶν
1658 4078 1752 4133 δύο
1766 4079 1910 4132 λαῶν

348 4171 455 4226 τῶν
481 4173 562 4235 είς
581 4169 815 4243 Χριστὸν
843 4172 1301 4225 πεπιστευκότων.
1346 4169 1484 4223 Ἀλλ’
1515 4173 1633 4225 ἐκεῖ
1658 4171 1755 4242 μὲν
1777 4188 1911 4243 προ-

349 4266 478 4335 τέρα
528 4266 561 4336 ἡ
613 4261 951 4335 ἀκροϐυστία
991 4262 1092 4336 τῆς
1154 4262 1479 4335 περιτομῆς.
1529 4263 1747 4327 Φύσεως
1802 4264 1910 4334 γὰρ

348 4357 505 4428 ἔργον
534 4358 568 4427 ὴ
598 4354 951 4426 ἀκροϐυστία,
988 4353 1207 4426 ἐντολῆς
1242 4353 1300 4407 δὲ
1352 4354 1448 4409 καὶ
1475 4354 1640 4426 νόμου
1679 4356 1712 4425 ἠ
1751 4372 1910 4426 περι-

349 4453 505 4523 τομή·
530 4450 619 4506 διά
642 4449 802 4505 τοῦτο
825 4448 1007 4519 ἐκείνη
1027 4448 1230 4521 ταύτης
1256 4450 1627 4521 προηγήσατοο
1649 4450 1741 4504 καὶ
1772 4451 1911 4520 μετά

353 4542 519 4597 ταῦτα
547 4543 626 4607 εἰς
670 4542 840 4616 αὐτὴν
873 4543 905 4595 ὖ
935 4542 1204 4614 περιτομὴ
1248 4544 1632 4614 ἀνακάμπτει·
1666 4544 1787 4597 ἐπεὶ
1819 4544 1910 4597 καὶ

347 4636 555 4707 βέλτιόν
584 4637 700 4690 ἐστι
730 4634 892 4706 φύσις
929 4634 1045 4707 ἀμα
1086 4636 1183 4688 καὶ
1219 4634 1401 4705 νόμος,
1427 4635 1459 4705 ἦ
1488 4635 1548 4688 τὸ
1568 4635 1910 4707 διεστηκέναι

346 4727 441 4781 ἀπ’
479 4726 727 4798 ἀλλήλων
757 4725 946 4797 χωρίς.
993 4723 1155 4778 Ἀλλά
1194 4726 1289 4778 καὶ
1318 4724 1482 4778 Δαϐὶδ
1512 4723 1684 4789 τύπος
1720 4721 1789 4798 ἦν
1816 4727 1910 4781 τοῦ

348 4814 582 4887 Χριστοῦ
608 4831 622 4847 ·
666 4814 762 4868 τοῦ
805 4816 916 4887 γάρ
965 4813 1139 4868 Σαοὺλ
1187 4812 1542 4885 ἐκϐληθέντος
1579 4817 1909 4888 ἀντεισήχθη

346 4906 541 4961 Δαϐίδ’
574 4906 719 4959 οὕτω
751 4905 847 4959 καῖ
879 4903 970 4959 τοῦ
1009 4903 1182 4975 Ἀδὰμ
1221 4903 1309 4959 διὰ
1350 4904 1451 4974 τὴν
1488 4906 1774 4978 παρακοήν
1809 4909 1909 4979 τῆς

359 4997 519 5068 Ἐδὲμ
545 4997 865 5070 διωχθέντας
892 4997 921 5052 δ
956 4997 1207 5069 δεύτερος
1246 4996 1574 5069 ἀντεισήχθη
1605 4998 1795 5070 ⁹Αδὰμ.
1833 5000 1909 5064 ὡς

348 5088 411 5140 ἂν
447 5089 584 5160 πρὸς
631 5089 733 5159 τὴν
777 5088 1009 5161 ἀρχαίαν
1043 5088 1197 5154 τάξιν
1233 5088 1323 5143 τὸν
1362 5088 1535 5158 Ἀδάμ
1567 5087 1659 5143 τὸν
1692 5091 1906 5144 πρῶτον
1940 5120 1943 5127 ·

348 5180 797 5252 ἀποκαταστήσῃ.

420 5443 540 5501 τοῦ
578 5443 647 5501 δὲ
697 5445 899 5516 ἰησοῦ
943 5445 984 5517 ἠ
1034 5444 1318 5517 γέννησις
1365 5445 1552 5512 οὕτως
1586 5440 1667 5517 ἦν
1685 5461 1701 5479 ⁸
1757 5449 1918 5515 Μνη-

2013 3718 2143 3773 Deo.
2189 3718 2387 3773 Deinde
2433 3718 2881 3788 promissionibus
2937 3720 3174 3789 acceptis
3225 3731 3281 3776 et
3343 3722 3572 3778 circum-

2009 3810 2153 3865 cisus
2203 3807 2513 3863 inviolatam
2549 3808 2842 3864 custodivit
2899 3809 3081 3865 ﬁdem.
3109 3809 3260 3877 Quod
3292 3811 3434 3869 haud
3475 3815 3573 3870 abv

2009 3901 2171 3956 surde
2206 3901 2394 3956 referri
2430 3908 2603 3970 ροιοει
2620 3901 2686 3954 ad
2710 3902 3254 3958 accommodationetn
3288 3905 3573 3972 quamdam

2009 3990 2416 4061 significationis
2478 3990 2721 4061 mystice
2779 3991 2847 4046 de
2894 3988 3092 4045 Christi
3135 3991 3403 4057 Ecclesia,
3454 4009 3575 4064 qua:

2008 4099 2075 4138 ex
2101 4082 2511 4154 circumcisione
2557 4090 2611 4137 et
2668 4096 2786 4151 qua:
2832 4097 2900 4137 ex
2958 4084 3207 4153 gentibus
3252 4100 3574 4158 congregata

2008 4183 2112 4231 est.
2138 4172 2437 4229 Verisimile
2458 4172 2655 4244 quippe
2677 4181 2760 4228 est
2786 4173 2839 4227 in
2870 4172 2975 4228 illis
3022 4188 3139 4243 qua:
3162 4174 3229 4230 de
3264 4176 3573 4231 Abrahaum

2010 4266 2150 4320 dicta
2182 4273 2308 4319 sunt
2339 4262 2563 4333 figuram
2613 4263 2840 4319 duorum
2883 4264 3197 4334 populorum
3233 4267 3573 4336 pracessisse

2011 4359 2099 4427 qui
2125 4357 2179 4413 in
2201 4357 2475 4413 Christum
2503 4355 2873 4412 crediderunt.
2912 4356 3019 4412 Sed
3048 4357 3157 4413 illic
3187 4359 3402 4429 quidem
3427 4363 3573 4429 prius

2010 4447 2415 4503 circumcisione
2451 4449 2769 4517 praeputium
2821 4459 2925 4503 est.
2950 4447 3097 4519 Opus
3146 4452 3287 4505 enim
3333 4451 3433 4506 hoc
3477 4468 3573 4505 ua-

2014 4553 2177 4606 tum;
2215 4537 2557 4594 circumcisio
2587 4554 2715 4594 vero
2744 4540 2996 4609 praecepti
3031 4549 3086 4595 et
3118 4540 3270 4610 legis.
3318 4542 3573 4613 Propter-

2008 4645 2072 4685 ea
2143 4631 2335 4685 merito
2390 4630 2519 4685 illud
2566 4630 2707 4684 hanc
2754 4631 3054 4699 praecessit.
3124 4632 3202 4686 Ad
3274 4643 3575 4687 extremum

2012 4736 2171 4791 porro
2205 4720 2258 4775 in
2291 4719 2612 4792 praeputium
2652 4720 2992 4776 circumcisio
3036 4736 3255 4777 reversa
3296 4733 3400 4777 est.
3432 4721 3574 4777 Sane

2011 4812 2154 4867 enim
2211 4821 2330 4868 erat
2375 4811 2566 4867 melius
2626 4811 2915 4867 convenire
2980 4824 3224 4868 naturam
3275 4824 3329 4870 et
3381 4815 3574 4886 legent,

2014 4917 2175 4972 quam
2191 4902 2452 4958 dissidere
2468 4900 2655 4957 ambas
2676 4902 2746 4956 ab
2771 4901 3019 4957 invicem.
3041 4903 3304 4958 Caeterum
3336 4912 3388 4957 et
3412 4903 3574 4956 David

2018 4999 2182 5066 tigura
2203 5004 2323 5050 erat
2347 4994 2570 5050 Christi.
2610 4994 2775 5050 Saule
2820 4994 3085 5063 siquidem
3136 4994 3307 5062 ejecto
3323 4993 3578 5050 suffectus

2014 5094 2098 5140 est
2155 5082 2323 5139 David
2352 5103 2367 5139 :
2392 5085 2472 5141 sic
2504 5094 2561 5141 et
2580 5086 2789 5140 Adamo
2809 5095 3031 5156 pr0pter
3065 5086 3481 5141 inobedieutiam
3510 5104 3577 5141 ex

2019 5172 2183 5227 Edem
2231 5174 2607 5239 exterminato,
2641 5173 2907 5230 secundus
2957 5174 3009 5228 iu
3065 5174 3239 5229 locum
3263 5174 3383 5244 ejus
3412 5177 3577 5229 sntit-—

2014 5275 2133 5321 ctus
2157 5274 2239 5321 cst
2264 5265 2457 5321 Adam.
2476 5265 2671 5338 Utique
2692 5276 2749 5322 ut
2764 5267 2817 5321 in
2839 5268 3126 5337 pristinum
3144 5269 3316 5325 locum
3344 5270 3577 5340 primum

2015 5357 2184 5411 Adam
2219 5359 2547 5415 restitueret.

2088 5448 2128 5515 I,
2160 5448 2243 5503 18.
2268 5448 2467 5504 Christi
2497 5459 2671 5506 autem
2701 5453 2967 5521 generatio
2997 5455 3072 5508 sic
3100 5464 3212 5508 erat
3239 5469 3258 5508 :
3287 5453 3418 5507 Cum
3449 5463 3579 5509 esset

350 5538 709 5608 στσυθείσης
743 5541 856 5611 γὰρ
906 5538 1017 5609 τῆς
1070 5538 1297 5610 μητρὸς
1342 5538 1528 5593 αὑτοῦ
1563 5539 1794 5607 Μαρίας
1835 5538 1918 5606 τῷ

2015 5542 2323 5612 desponsata
2352 5550 2517 5597 mater
2543 5542 2660 5613 ejus
2700 5542 2875 5599 Maria
2900 5546 3121 5615 Ioseph,
3148 5558 3424 5615 antequam
3452 5562 3578 5599 con-

421 5723 501 5794 (i)
532 5723 734 5781 Catena
781 5724 1047 5789 Crameri,
1095 5739 1150 5792 p.
1194 5723 1342 5778 5.-—-
1371 5720 1483 5777 Hoc
1532 5719 1910 5794 fragmentum,

2022 5723 2129 5791 (ap.
2167 5720 2269 5777 Mai
2309 5721 2375 5780 Β.
2438 5722 2503 5777 Ν.
2546 5723 2636 5793 ιιι,
2670 5732 2817 5797 1oz),
2869 5743 2920 5782 ιιι
2959 5742 3063 5798 qua
3107 5728 3323 5800 Origeut
3381 5730 3573 5785 tribui-

354 5791 512 5849 entea
562 5796 897 5863 lacunosum,
951 5791 1253 5851 restituitur
1300 5808 1367 5849 ex
1416 5805 1614 5850 catena
1670 5791 1923 5846 Vaticana
2034 5803 2135 5848 tur.
