4120 6376
383 359 488 414 569
1539 364 1892 423 COMMENT.
1939 368 1969 423 Ι]

2067 370 2462 430 llATTlIASUll
3525 378 3632 436 370

396 472 666 544 Ἀϐραὰμ,
696 474 787 527 καὶ
815 474 993 527 οὐδενὶ
1014 475 1443 550 δεδουλεύκαμεν
1480 481 1719 536 πώποτε.
1743 503 1762 536 ι
1800 484 1955 537 Ἐπεὶ

2067 506 2217 559 quam
2269 493 2593 549 servivimus
2628 496 2664 547 '.
2699 513 2717 548 ι
2752 494 2883 551 Cum
2928 496 3090 567 igitur
3118 495 3217 552 hoc
3273 505 3439 561 esset,
3485 498 3631 568 quod

381 560 474 616 οὖν
504 563 664 617 τοῦτο
687 559 753 635 ἦν
778 566 808 619 6
838 566 1078 637 μάλιστα
1104 568 1304 634 αὐτοὺς
1328 571 1406 633 εἰς
1428 571 1686 625 ἀπόνοιαν
1711 569 1832 645 ᾖρε,
1863 578 1958 629 καὶ

2067 583 2295 637 maxime
2340 599 2434 637 eos
2490 584 2543 637 in
2593 586 2903 653 superbiam
2945 559 3226 649 eﬂ‘erebat,
3263 602 3324 641 ac
3353 559 3628 657 perdebat,

382 654 656 719 ἀπώλεσε,
690 657 908 728 πρῶτον
960 659 1331 715 καταστέλλει.
1365 662 1508 733 Ὅρα
1555 664 1610 717 δὲ
1654 668 1771 729 πῶς
1820 668 1958 738 μετά

2067 674 2291 743 prirnum
2340 675 2627 743 prohibet:
2659 676 2782 732 vide
2843 688 3023 732 autem
3069 654 3507 747 quomodo‘cum
3540 679 3637 733 ho-

382 748 482 815 τῆς
534 750 616 811 εἰς
662 752 753 802 τὸν
802 751 1148 822 πατριάρχην
1187 752 1377 823 τιμῆς,
1424 756 1523 825 τὴν
1566 756 1708 829 ὑπὲρ
1752 758 1959 812 τούτων

2067 782 2192 820 nore
2233 766 2573 835 patriarchae,
2605 769 2669 821 de
2707 768 2858 824 hisce
2908 770 3301 825 correctionem
3347 770 3631 836 instituat;

386 843 621 929 ποιεῖται
650 842 936 914 διόρθωσιν
958 862 971 875 ⁸
1005 847 1175 900 εἰπὼν
1200 848 1306 920 γάρ
1332 865 1343 878 ·
1374 868 1391 900 ι
1416 850 1506 920 Μὴ
1538 850 1725 922 δόξητε
1757 852 1959 920 λέγειν,

2067 856 2252 912 dicens
2283 858 2427 912 enim
2457 875 2471 912 :
2506 877 2525 911 ι
2567 857 2747 915 Nolite
2768 859 2950 915 dicere
2978 861 3100 929 quia
3123 860 3340 917 Patrem
3374 862 3636 916 habemus

385 927 465 977 ὅτι
506 928 725 1020 Πατέρα
749 931 945 1004 ἔχομεν
970 935 1060 989 τὸν
1097 936 1365 1009 Ἀϐραὰμ,
1401 958 1418 988 ι
1454 939 1554 992 ούκ
1582 936 1763 993 εἶπεν
1795 943 1961 995 Οὐδὲν

2067 947 2371 1012 Abraham;
2411 967 2429 1001 ι
2474 964 2582 1004 non
2616 950 2776 1015 dixit,
2812 949 2958 1004 Nihil
2991 927 3137 1005 enim
3185 967 3280 1006 vos
3325 951 3633 1020 patriarcha

386 1017 495 1088 γὰρ
528 1019 671 1086 ὑμᾶς
705 1024 732 1074 6
786 1026 1129 1096 πατριάρχης
1174 1026 1452 1099 ὠφελῆσαι
1500 1030 1811 1100 δυνήσεται·
1845 1033 1960 1088 ἀλλ’

387 1108 738 1180 ἡμερώτερόν
780 1130 899 1177 πως
950 1115 1109 1168 τοῦτο
1159 1117 1409 1187 ᾐνίξατο,
1456 1119 1662 1173 εἰπών’
1722 1141 1740 1173 ι
1789 1123 1961 1177 Δύνα-

387 1211 476 1248 ται
504 1199 532 1249 ό
567 1197 698 1262 Θεὸς
755 1203 819 1254 ἐκ
861 1202 970 1255 τῶν
1000 1204 1162 1258 λίθων
1185 1206 1391 1260 τούτων
1435 1210 1648 1281 ἐγεῖραι
1690 1213 1852 1266 τέκνα
1885 1211 1963 1284 τῷ

402 1282 671 1357 Ἀϐραάμ.
703 1309 721 1340 ι
758 1290 914 1355 Τινὲς
950 1294 1048 1363 μὲν
1076 1290 1167 1347 οὖν
1205 1313 1370 1364 φασιν
1400 1300 1481 1352 ὅτι
1511 1301 1639 1371 περὶ
1665 1302 1773 1355 τῶν
1795 1282 1963 1357 ἐθνῶν

390 1378 563 1431 ταῦτα
617 1380 787 1449 λέγει,
848 1383 1027 1448 λίθους
1078 1386 1274 1451 αὐτοὺς
1326 1391 1708 1462 μεταφορικῶς
1758 1386 1961 1449 καλῶν.

404 1469 546 1537 Ἐγὼ
575 1470 630 1523 δέ
659 1473 750 1525 καῖ
781 1474 974 1545 ἑτέραν
998 1474 1209 1531 ἔννοιαν
1230 1478 1288 1532 τὸ
1311 1481 1601 1553 εἰρημένον
1630 1487 1773 1555 φημὶ
1795 1485 1959 1557 ἔχειν.

398 1561 567 1614 Ποίαν
597 1563 652 1615 δὲ
681 1565 918 1636 ταύτην;
949 1568 1040 1638 Μὴ
1066 1571 1348 1641 νομίσητε,
1370 1575 1555 1644 φησὶν,
1580 1577 1664 1629 ὄτι
1689 1578 1784 1629 ἐάν
1807 1577 1964 1650 ὑμεῖς

390 1652 686 1722 ἀπόλησθε,
720 1656 919 1709 ἄπαιδα
978 1661 1234 1732 ποιήσετε
1289 1663 1382 1718 τὸν
1433 1668 1812 1740 πατριάρχην·
1862 1671 1964 1724 οὐκ

390 1746 574 1799 ἔσται’
611 1748 685 1818 τῷ
715 1751 822 1821 γὰρ
870 1752 989 1824 θεῷ
1020 1753 1243 1809 δυνατὸν
1276 1758 1371 1811 καὶ
1417 1758 1523 1812 ἀπὸ
1560 1760 1721 1815 λίθων
1752 1761 1962 1832 ἀνθρώ-

388 1851 527 1899 πους
558 1842 731 1908 τούτῳ
762 1840 967 1906 δοῦναι,
995 1844 1091 1896 καὶ
1125 1844 1205 1907 είς
1236 1848 1554 1915 συγγένειαν
1581 1849 1792 1903 ἐκείνου
1825 1853 1963 1920 ἀγα-
1995 1834 2038 1891 Β

390 1932 529 1996 γεῖν.
558 1924 679 1984 ἐπεὶ
715 1934 807 1986 καὶ
835 1934 895 1998 ἐξ
927 1934 1104 2005 ἀρχῆς
1128 1935 1300 1999 οὕτως
1332 1940 1570 2007 ἐγένετο.
1605 1942 1678 1995 Τὸ
1719 1943 1850 2013 γὰρ,
1903 1944 1968 1997 ἐκ

388 2022 553 2077 λίθων
581 2024 903 2094 ἀνθρώπους
927 2028 1205 2097 γενέσθαι,
1238 2031 1424 2101 ὅμοιόν
1458 2034 1573 2087 ἐστι
1600 2033 1696 2105 τῷ,
1736 2037 1843 2090 ἀπὸ
1867 2040 1968 2110 τῆς

395 2112 606 2182 μήτρας
633 2114 849 2185 Σάρρας
882 2116 1097 2188 ἐκείνης
1135 2119 1236 2190 τῆς
1265 2122 1487 2194 στείρας
1522 2126 1808 2195 προελθεῖν
1834 2145 1966 2182 παι-

385 2203 520 2258 δίον.
551 2204 727 2275 Ὅπερ
757 2202 849 2259 οὖν
888 2208 983 2260 καὶ
1026 2211 1054 2262 6
1100 2214 1390 2284 προφήτης
1437 2217 1807 2288 αἰνιττόμενος
1852 2219 1967 2273 ἐλε-

387 2308 519 2381 γεν·
560 2313 577 2344 ι
617 2294 955 2366 Ἑμϐλὲψατε
995 2300 1078 2364 είς
1125 2300 1225 2372 τὴν
1257 2303 1484 2375 στερεὰν
1534 2307 1742 2378 πέτραν
1788 2308 1847 2374 ἐξ
1897 2302 1966 2381 ἧς

388 2380 802 2455 ἐλατομήθητε,
851 2386 950 2439 xa't
1000 2390 1079 2453 είς
1134 2390 1356 2461 βόθυνον
1413 2395 1507 2449 τοῦ
1552 2397 1759 2453 λάκκου
1795 2401 1852 2468 ἐξ
1904 2380 1965 2457 οὗ

387 2470 705 2547 ὠρύχθητε.
775 2478 1113 2549 Ἐμϐλέψατε
1159 2484 1244 2546 είς
1305 2484 1556 2558 Ἀϐραὰμ
1605 2490 1694 2543 τὸν
1750 2493 1967 2564 πατέρα

391 2564 566 2634 ὐμῶν,
588 2568 680 2621 καὶ
709 2569 787 2632 είς
812 2571 1031 2643 Σάρῤαν
1060 2575 1158 2646 τὴν
1181 2575 1478 2633 ὠδίνουσαν
1508 2579 1672 2650 ὑμᾶς.
1699 2601 1717 2633 ι
1749 2583 1967 2657 Ταύτης

386 2657 569 2709 τοίνυν
598 2659 696 2729 τῆς
724 2664 1061 2734 προφητείας
1089 2667 1287 2731 αὐτοὺς
1308 2668 1737 2743 ἀναμιμνήσκει,
1755 2675 1967 2742 δεικνὺς

388 2743 473 2797 δτι
502 2747 550 2797 εί
583 2749 642 2814 ἐξ
675 2750 852 2820 ἀρχῆς
876 2754 1042 2808 αὐτὸν
1075 2754 1217 2809 οὕτω
1247 2756 1576 2830 θαυμαστῶς
1610 2764 1831 2835 ἐποίησε
1863 2785 1969 2820 πα-

387 2835 551 2905 τέρα,
577 2837 777 2893 ὡσανεὶ⁵
794 2841 859 2895 ἐκ
873 2842 1037 2897 λίθων
1060 2846 1223 2900 αὑτὸν
1242 2848 1486 2921 ἐποίησε,
1512 2852 1735 2907 δυνατὸν
1766 2856 1857 2908 καὶ
1873 2857 1967 2910 νῦν

385 2926 551 2983 mito
583 2931 853 2999 γενέσθαι.
893 2936 1005 2990 Καὶ
1050 2938 1153 3010 δρα
1196 2940 1314 3005 πῶς
1370 2943 1465 2996 καὶ
1510 2944 1688 3013 φοϐεῖ,
1729 2950 1825 3002 καὶ
1871 2950 1967 3003 ὲκ-

389 3019 604 3075 κόπτει.
635 3023 710 3077 Οὐ
742 3025 853 3097 γὰρ
881 3021 1036 3081 εἶπεν
1082 3030 1164 3084 ὅτι
1192 3031 1418 3104 ἤγειρεν
1458 3035 1581 3107 ἤδη,
1610 3036 1696 3089 ἵνα
1725 3038 1799 3110 μὴ
1836 3041 1969 3094 ἁπο-

388 3110 596 3177 γνῶσιν
644 3116 872 3182 ἑαυτῶν,
916 3118 1032 3172 ἀλλ’
1075 3121 1156 3173 ὅτι
1190 3120 1413 3176 δύναται
1462 3126 1690 3195 ἐγεῖραι.
1733 3128 1845 3182 Καὶ
1869 3130 1969 3183 οὐκ

386 3199 547 3257 εἶπεν
592 3205 676 3259 ὅτι
733 3208 1056 3280 ἀνθρώπους
1089 3212 1314 3267 δύναται
1359 3215 1587 3286 ποιῆσαι
1638 3218 1745 3271 ἀπὸ
1782 3219 1966 3285 λίθων,

390 3296 509 3349 ἀλλ’
547 3297 576 3349 ὃ
604 3298 786 3370 πολλῷ
812 3300 999 3371 μεῖξον
1024 3299 1114 3377 ἧν,
1147 3308 1242 3359 καὶ
1269 3310 1555 3376 συγγενεῖς
1579 3308 1612 3381 ἢ
1647 3311 1844 3375 παῖδας
1874 3312 1969 3367 τοῦ

409 3384 681 3458 Ἀϐραάμ.
733 3388 887 3457 Εἶδες
920 3392 1038 3459 πῶς
1089 3395 1229 3460 τέως
1279 3397 1592 3470 ἀπέστησεν
1628 3402 1827 3466 αὐτοὺς
1871 3404 1969 3475 τῆς

393 3480 526 3550 περὶ
554 3482 623 3533 τά
654 3485 948 3553 σωματικά
973 3490 1297 3557 φαντασίας,
1337 3493 1432 3545 καὶ
1451 3492 1552 3561 τῆς
1579 3495 1659 3558 εὶς
1685 3494 1811 3557 τοὺς
1838 3512 1973 3567 προ⁸

390 3570 586 3637 γόνους
637 3577 982 3647 καταφυγῆς,
1015 3578 1105 3632 ἵνα
1147 3579 1207 3633 ἐν
1243 3582 1309 3651 τῇ
1353 3581 1531 3653 οἰκείᾳ
1571 3582 1831 3657 μετανοίᾳ
1877 3586 1972 3639 καὶ

401 3663 728 3736 σωφροσύνῃ
760 3666 859 3736 τὴν
888 3666 1079 3720 ἐλπίδα
1106 3668 1205 3739 τῆς
1240 3670 1515 3741 σωτηρίας
1543 3671 1761 3743 ἔχωσιν.

466 3754 677 3826 Ὠσπερ
714 3757 822 3827 γάρ
858 3757 956 3829 τὴν
1005 3762 1238 3827 γυναῖκα
1275 3761 1369 3815 τοῦ
1426 3763 1551 3816 Λὼτ
1599 3766 1969 3834 ἀπελίθωσεν,

392 3842 565 3906 οὓτως
596 3845 821 3901 δυνατὸν
848 3848 997 3921 αὐτῷ
1024 3852 1122 3903 καὶ
1152 3854 1216 3905 ἐκ
1245 3852 1413 3907 λίθων
1456 3855 1780 3928 ἀνθρώπους
1809 3859 1970 3930 ποιῆ-

398 3952 512 3995 σαι.
544 3936 734 4008 ὥσπερ
758 3942 855 3993 καὶ
888 3942 978 3995 τὸν
1010 3943 1183 4014 Ἀδὰμ
1204 3946 1267 3999 ἐκ
1288 3949 1386 4018 τῆς
1413 3950 1533 4020 γῆς.
1568 3950 1768 4003 Σκόπει
1794 3951 1973 4005 τοίνυν

396 4028 492 4079 καὶ
525 4027 616 4081 διὰ
662 4030 772 4083 τῶν
823 4030 949 4101 ἑξῆς
976 4032 1053 4096 ὡς
1101 4034 1256 4099 αὔξει
1294 4038 1500 4092 τούτων
1532 4039 1625 4092 τὸν
1659 4040 1845 4109 φόϐον,
1878 4043 1974 4098 καὶ

394 4121 655 4174 ἐπιτείνει
686 4123 788 4194 τὴν
812 4124 1077 4192 ἀγωνίαν.
1096 4126 1281 4182 Εἰπὼν
1300 4129 1432 4200 γὰρ,
1461 4148 1480 4182 ι
1519 4132 1641 4185 Ὀτι
1683 4133 1904 4188 δύναται
1944 4136 1973 4187 ὁ

386 4210 529 4275 θεὸς
584 4214 646 4265 ἐκ
689 4213 800 4267 τῶν
864 4215 1029 4270 λίθων
1096 4218 1303 4275 τούτων
1378 4224 1591 4293 ἐγεῖραι
1663 4223 1827 4278 τέκνα
1893 4224 1971 4297 τῷ

409 4301 683 4376 Ἀϐραὰμ,
734 4326 752 4359 ι
793 4309 1107 4381 ἐπήγαγενο

384 4402 389 4409 “
472 4398 624 4466 Ἤδη
658 4398 728 4452 δὲ
758 4402 853 4454 καὶ
888 4403 927 4469 ὴ
957 4402 1140 4474 ἀξίνη
1170 4406 1321 4475 πρὸς
1356 4405 1473 4477 τὴν
1490 4405 1664 4475 ,ῥίζαν
1694 4408 1813 4463 τῶν
1837 4408 1973 4464 66r-

387 4489 556 4559 ιόρων
578 4492 783 4548 κεῖται.

467 4586 530 4638 Εἰ
562 4585 617 4638 δὲ
652 4585 853 4655 βούλει,
883 4588 1075 4658 ἀξίνην
1107 4589 1299 4661 νόησον
1327 4592 1428 4662 τῆς
1460 4591 1837 4664 ἀθεραπεύτου
1867 4592 1966 4664 ψυ-

2055 1037 2247 1106 juvare
2270 1048 2465 1107 potest,
2494 1042 2587 1095 sed
2622 1043 2807 1097 mitius
2845 1043 2948 1097 hoc
2975 1042 3372 1112 quodammodo
3400 1043 3637 1097 insinuat

2062 1130 2246 1186 dicens
2275 1147 2288 1184 :
2324 1150 2342 1182 ι
2384 1130 2582 1187 Potens
2612 1142 2696 1188 est
2727 1133 2867 1188 Deus
2897 1133 2964 1189 de
3008 1134 3275 1203 lapidibus
3304 1134 3420 1188 istis
3452 1135 3634 1187 susci-

2064 1231 2180 1277 tare
2229 1222 2368 1278 iilios
2415 1224 2665 1280 Ahrahm.
2705 1243 2725 1277 ι
2782 1225 3011 1292 Quidam
3062 1225 3229 1296 igitur
3280 1225 3453 1287 aiunt,
3520 1224 3636 1276 hare

2063 1313 2237 1383 ipsum
2275 1317 2339 1371 de
2369 1316 2618 1386 gentibus
2658 1319 2873 1382 dicere,
2895 1316 3102 1386 lapides
3136 1332 3231 1371 eos
3263 1314 3635 1384 metaphor-ica

2063 1416 2363 1459 vocantem.
2395 1405 2508 1476 Ego
2531 1421 2657 1462 vero
2698 1408 2860 1462 etiam
2896 1407 3061 1460 alium
3104 1421 3324 1461 sensum
3358 1406 3444 1459 aio
3487 1404 3634 1457 dicto

2064 1496 2191 1550 huic
2218 1496 2461 1551 subesse.
2495 1496 2663 1563 Quem
2721 1506 2898 1552 autem
2954 1497 3140 1551 hunc?
3197 1496 3275 1552 Ue
3313 1494 3635 1550 esistimelis

2064 1585 2261 1653 inquit,
2295 1585 2344 1640 si
2376 1601 2469 1641 vos
2493 1587 2789 1654 perieritis,
2836 1589 3074 1642 facturos
3104 1586 3468 1656 patriarcham
3515 1583 3634 1636 sine

2065 1675 2281 1741 liberis;
2321 1692 2423 1731 nou
2474 1677 2545 1732 ita
2595 1687 2699 1745 est,
2752 1695 3088 1749 nequaquam
3118 1677 3174 1750 4
3211 1678 3311 1732 hoc
3352 1677 3497 1743 erit;
3528 1675 3638 1730 Deo

2065 1770 2208 1823 enim
2256 1770 2510 1839 possibile
2555 1780 2640 1827 est
2684 1773 2735 1827 ei
2771 1773 2849 1826 vel
2898 1787 2929 1828 e
2968 1773 3234 1840 lapidibus
3292 1770 3431 1825 ﬁlios
3478 1769 3632 1832 dare,

2068 1863 2207 1918 etin
2254 1865 2631 1934 cognationem
2678 1866 2821 1920 illius
2877 1866 3164 1927 adducere,
3198 1862 3632 1933 quandoquidem

2066 1955 2229 2009 etiam
2257 1956 2324 2011 ab
2352 1956 2508 2011 initio
2530 1957 2602 2011 ita
2643 1957 2843 2011 factum
2870 1956 2961 2011 sit.
3025 1954 3284 2010 Homines
3310 1954 3456 2009 enim
3484 1950 3636 2006 nasci

2067 2061 2132 2100 ex
2170 2046 2442 2117 lapidibus
2482 2049 2663 2104 simile
2693 2059 2778 2103 est
2804 2049 2953 2114 huic,
2981 2048 3047 2103 de
3075 2047 3228 2101 vulva
3264 2045 3412 2101 Sara:
3432 2042 3636 2099 sterilis

2068 2138 2213 2194 illius
2237 2154 2462 2211 puerum
2510 2140 2764 2209 prodire;
2805 2140 3261 2210 quemadmodum
3312 2137 3474 2191 etiam
3505 2149 3633 2205 pro-

2067 2232 2228 2302 pheta
2292 2232 2594 2300 insinuans,
2643 2234 2820 2288 dixit:
2858 2253 2876 2286 ι
2938 2230 3225 2288 Intuemini
3293 2230 3347 2284 in
3403 2228 3635 2284 solidam

2066 2333 2273 2403 petram
2298 2338 2362 2380 ex
2392 2338 2497 2394 qua
2533 2323 2699 2380 excisi
2745 2323 2894 2387 estis,
2925 2332 2977 2378 et
3016 2323 3071 2377 in
3119 2322 3368 2376 scrobem
3419 2318 3543 2382 laci,
3566 2331 3636 2373 ex

2066 2430 2172 2483 quo
2220 2413 2403 2471 cliossi
2448 2415 2600 2472 estis.
2659 2415 2949 2471 intuemini
3003 2415 3056 2471 in
3104 2414 3376 2469 Abraham
3426 2419 3635 2481 patrem
3740 2454 3753 2465 ,

2068 2514 2329 2569 vestrum,
2356 2513 2411 2558 et
2441 2504 2492 2558 iu
2525 2503 2713 2559 Saram
2746 2504 3062 2573 genitricem
3090 2512 3326 2559 vestram
3360 2503 3399 2556 '.
3439 2519 3458 2554 ι
3486 2501 3640 2555 Haec

2070 2595 2231 2664 igitur
2292 2595 2630 2663 prophetiam
2707 2594 2813 2650 illis
2906 2596 2959 2650 in
3027 2593 3349 2650 memoriam
3397 2599 3637 2658 revocat,

2068 2664 2479 2752 demonstrans,
2523 2687 2667 2757 quod
2694 2687 2739 2741 si
2764 2688 2941 2757 ipsum
2971 2686 3040 2743 ab
3093 2686 3249 2741 initio
3290 2686 3425 2742 adeo
3466 2685 3639 2740 mira-

2041 2779 2165 2834 .hili
2212 2780 2371 2834 modo
2416 2789 2628 2849 patrem
2673 2780 2873 2844 ell'ecit,
2928 2780 3083 2848 quasi
3116 2795 3186 2835 ex
3238 2778 3416 2849 lapide
3465 2778 3640 2848 ipsum

2070 2867 2305 2935 fecisset,
2338 2884 2495 2937 posse
2548 2878 2603 2923 ct
2662 2884 2803 2924 nunc
2833 2868 2884 2922 id
2919 2867 3056 2923 ﬁeri.
3085 2868 3152 2923 Et
3203 2868 3346 2935 vide,
3370 2869 3640 2937 quomodo

2070 2957 2230 3011 etiam
2286 2966 2486 3011 terreat
2539 2965 2593 3011 et
2638 2958 2940 3013 exscindat.
2982 2957 3098 3013 Non
3144 2958 3289 3012 enim
3324 2958 3460 3012 dixit
3490 2957 3636 3028 quod

2064 3050 2383 3119 jampridem
2410 3050 2683 3115 excitarit,
2724 3066 2791 3104 ne
2836 3051 3143 3119 desperent,
3173 3050 3267 3104 sed
3302 3050 3445 3119 quod
3471 3049 3642 3118 possit

2072 3141 2371 3208 suscitare;
2409 3157 2584 3211 neque
2617 3141 2772 3207 dixit,
2808 3142 3054 3196 homines
3084 3156 3145 3199 se
3175 3156 3333 3210 posse
3363 3140 3544 3196 facere
3567 3156 3637 3197 ex

2073 3229 2362 3300 lapidibus,
2396 3233 2488 3286 sed
2536 3231 2680 3301 quod
2715 3232 2881 3285 multo
2913 3232 3088 3302 majus
3113 3240 3217 3298 est,
3252 3234 3413 3285 etiam
3440 3245 3641 3301 cogna-

2073 3333 2156 3379 tos
2210 3333 2262 3379 et
2308 3323 2446 3378 lilios
2498 3323 2751 3379 Abrahae.
2807 3323 2971 3379 Vides
3017 3323 3284 3395 quomodo
3320 3322 3426 3377 huc
3471 3337 3643 3391 usque

2072 3418 2354 3471 abduxerit
2382 3433 2476 3472 eos
2502 3434 2529 3470 a
2555 3432 2814 3487 corporea
2839 3415 3237 3487 imaginatione,
3267 3425 3322 3470 et
3342 3430 3370 3469 a
3410 3429 3636 3470 recursu

2071 3511 2136 3563 ad
2164 3511 2555 3580 progenitores,
2580 3519 2637 3563 ut
2672 3511 2722 3564 in
2751 3513 2967 3581 propria
2991 3510 3329 3580 paenitentia,
3369 3519 3426 3565 et
3456 3523 3642 3567 emen-

2072 3602 2290 3658 datione
2320 3617 2469 3672 spem
2489 3602 2679 3657 salutis
2723 3602 3005 3658 baberent.

2166 3780 2629 3847 Quemadmodum
2688 3781 2833 3835 enim
2890 3795 3114 3835 uxorem
3176 3778 3277 3834 Lot
3315 3778 3366 3833 in
3411 3777 3642 3848 lapideus

2073 3871 2362 3935 convertit,
2423 3869 2495 3923 ita
2562 3884 2627 3924 ex
2696 3869 2965 3941 lapidibus
3026 3868 3273 3923 homines
3344 3867 3643 3936 producere

2073 3970 2302 4033 poterat,
2359 3971 2417 4015 ut
2476 3960 2743 4015 Adamum
2779 3976 2809 4015 e
2858 3970 3021 4016 terra.
3049 3958 3436 4014 Animadverte
3480 3956 3642 4026 igitur

2074 4053 2235 4107 etiam
2291 4068 2357 4106 ex
2413 4054 2779 4121 sequentibus,
2841 4051 3113 4121 quomodo
3186 4051 3379 4105 borum
3451 4054 3643 4117 augeat

2076 4143 2345 4207 timorem,
2390 4151 2445 4198 et
2494 4153 2771 4198 certamen
2860 4141 3140 4206 intendat;
3205 4141 3390 4195 dicens
3474 4138 3643 4202 enim,

2073 4233 2342 4301 Quoniam
2373 4243 2661 4305 potensest
2692 4232 2835 4289 Deus
2862 4249 2928 4290 ex
2948 4232 3351 4305 lapidibusistis
3374 4229 3639 4287 suscitare

2076 4326 2215 4379 ﬁlios
2237 4326 2491 4389 Abrahae,
2519 4342 2537 4377 ι
2577 4325 2853 4395 subjungit
2883 4341 2898 4381 :

2145 4415 2271 4469 Jam
2314 4417 2452 4469 enim
2513 4418 2710 4471 securis
2762 4419 2827 4469 ad
2893 4417 3119 4470 radicem
3164 4415 3410 4471 arborum
3473 4416 3642 4485 posita

2000 4521 2046 4577 ι)
2072 4515 2167 4558 est.

2149 4595 2247 4651 Sin
2288 4611 2418 4651 vero
2475 4596 2579 4663 vis,
2641 4596 2874 4652 securim
2944 4596 3180 4670 iutellige
3232 4598 3642 4655 immedicabilis

398 4675 501 4743 χῆς
527 4677 624 4747 τὴν
652 4679 914 4751 ἐκτομὴν.
948 4681 1014 4734 Ἥ
1053 4681 1209 4753 ἀξίνη
1241 4682 1401 4746 αὑτός
1430 4684 1578 4736 ἐστιν
1600 4686 1629 4737 ό
1663 4684 1921 4756 Χριστὸς,
1949 4687 1969 4739 ό

2077 4688 2271 4743 animo:
2297 4688 2652 4743 excisionem.
2691 4688 2914 4745 Securis
2941 4701 3024 4745 est
3055 4690 3168 4760 ipse
3189 4690 3439 4745 Christus
3469 4689 3643 4761 gladio

398 4766 710 4840 τομώτερος
745 4774 1023 4843 μαχαίρας
1069 4773 1347 4844 διστόμου,
1378 4776 1407 4827 6
1451 4775 1661 4845 μέλλων
1685 4776 1976 4830 ἐκκόπτειν

399 4862 524 4923 τοὺς
554 4861 814 4927 ἀπίστους
848 4865 1161 4931 Ἰουδαίους,
1204 4867 1314 4920 ἀπὸ
1346 4867 1445 4937 τῆς
1477 4866 1588 4919 τῶν
1619 4868 1976 4938 πατριαρχῶν

400 4951 563 5019 τιμῆς
594 4953 689 5004 καὶ
724 4954 1027 5019 κοινωνίας,
1058 4954 1134 5019 ὡς
1161 4955 1271 5009 ἀπὸ
1301 4955 1459 5026 ῥίζης
1490 4955 1654 5019 τινὸς,
1695 4957 1974 5026 ἐγκεντρί-

400 5041 516 5107 {etv
562 5044 619 5097 δὲ
650 5048 731 5109 είς
760 5047 966 5119 ταύτην
997 5048 1125 5113 τοὺς
1155 5048 1216 5114 ἐξ
1244 5049 1414 5103 ἐθνῶν
1442 5048 1844 5115 πιστεύσαντας
1867 5052 1968 5123 (1).

475 5227 489 5256 ⁸
518 5225 675 5283 Joan.
713 5244 829 5295 VIII,
857 5229 945 5285 53.
1023 5231 1044 5263 ⁸
1063 5228 1169 5286 lsa.
1193 5231 1349 5298 1.1.1,
1374 5231 1430 5287 2.

470 5408 549 5477 (l)
582 5408 750 5461 Aliter
767 5404 975 5481 catena
1011 5408 1257 5481 (ξοπιεῆί
1295 5420 1424 5465 tom.
1459 5410 1523 5475 ll,
1571 5428 1623 5481 p.
1666 5414 1755 5475 59.
1797 5418 1960 5469 etiam

404 5481 507 5550 Sub
537 5491 754 5550 uoruute
782 5478 978 5550 Cyrilli‘
1001 5497 1015 5532 :
1052 5480 1184 5533 Τίνα
1210 5481 1359 5549 λέγει
1386 5478 1607 5550 ἀξίνην’;
1645 5485 1811 5538 Οὐδὲν
1838 5486 1967 5540 ἄλλο

403 5550 436 5619 ἢ
461 5548 557 5624 τὴν
591 5545 895 5617 μέλλουσαν
916 5547 1138 5624 κόπτειν
1164 5545 1416 5624 ἀποτῷν
1436 5545 1819 5624 ἡπαξτριαρχῶν,
1840 5556 1966 5618 τοὺς

406 5617 584 5710 μάτην
627 5620 1223 5710 κοὲυᾉησςιμὲνουςἌκαὶ
1268 5622 1432 5703 μηδὲν
1462 5639 1526 5706 τι⁹
1559 5617 1968 5710 ἐργασαμένους

405 5686 640 5766 ἀγαθόν·
674 5686 901 5766 δεῖγάρ
934 5690 1062 5752 τοὺς
1097 5686 1343 5766 ἀπὺᾲτών
1381 5686 1647 5766 τοιούτων
1687 5686 1970 5766 ἀκάρπους

407 5758 698 5829 γεγονότας
728 5757 1018 5813 ἐκκόπτειν
1046 5776 1104 5814 τε
1140 5761 1231 5816 καὶ
1268 5763 1346 5825 είς
1376 5761 1487 5833 πῦρ
1529 5758 1760 5833 βάλλειν.
1799 5757 1972 5833 Quam

2074 4779 2309 4847 aucipite
2360 4779 2591 4844 acutior,
2652 4779 2747 4849 qui
2798 4780 3084 4836 escisurus
3123 4790 3205 4836 est
3260 4782 3505 4837 infideles
3547 4780 3642 4837 Ju-

2071 4871 2217 4925 daaos
2272 4884 2303 4923 a
2364 4870 2793 4939 patriarcharum
2855 4872 3059 4928 honore
3114 4889 3179 4929 ac
3230 4875 3643 4942 communione,

2072 4961 2527 5031 quemadmodum
2559 4978 2588 5017 a
2620 4962 2805 5019 radice
2833 4964 3033 5035 aliqua,
3067 4966 3121 5020 in
3152 4980 3272 5022 eam
3306 4966 3489 5023 ﬁdeles
3518 4984 3641 5039 gen'

2071 5055 2202 5107 tium
2241 5056 2442 5108 insertu
2452 5070 2561 5111 rus.

2066 5415 2442 5488 dicitisecurim
2470 5415 2496 5467 Ρ
2536 5414 2657 5469 Non
2695 5418 2855 5470 aliam
2884 5434 3039 5488 quam
3080 5434 3198 5488 qua:
3230 5420 3473 5473 excisura
3503 5430 3577 5473 est
3613 5439 3645 5474 η

2067 5487 2383 5555 patriarchis
2427 5496 2659 5552 posteros
2689 5504 2890 5551 eorum,
2921 5487 3119 5555 frustra
3161 5499 3207 5542 el
3231 5506 3392 5555 supra
3432 5498 3641 5543 modum

2070 5554 2135 5607 de
2161 5557 2405 5622 prosapia
2445 5572 2541 5608 sua
2573 5557 2877 5621 gloriantes,
2916 5554 3032 5610 cum
3057 5559 3268 5611 illorum
3296 5554 3647 5613 imitationem

2074 5626 2355 5694 negligant,
2378 5635 2424 5677 et
2450 5624 2580 5677 nihil
2606 5626 2705 5694 ipsi
2733 5626 2853 5678 boui
2882 5638 3060 5694 agant.
3090 5627 3478 5694 {Equissimum
3500 5631 3640 5684 enim

2074 5641 2355 5694 negugam,
2378 5641 2424 5677 et
2450 5641 2578 5677 mnu
2606 5641 2621 5675 ι
2660 5642 2703 5678 ει
2733 5641 2852 5678 nam
2882 5641 3060 5694 agant.
3090 5641 3478 5694 maursstmum
3500 5641 3640 5684 enim

2073 5704 2249 5771 estex
2287 5704 2394 5771 tam
2441 5641 2731 5771 fructifgris
2770 5701 2969 5771 truncis
3016 5708 3160 5771 ortos
3206 5717 3399 5769 ramos,
3425 5701 3645 5771 proprio

2077 5766 2199 5819 vitio
2229 5763 2707 5833 sterilesexcirlcre,
2734 5766 2867 5822 etin
2893 5767 3064 5838 ignem
3095 5768 3293 5839 jacere.
