4120 6376
1519 374 1578 429 S.
1617 370 1891 427 Ci’llll.”
1935 366 2404 430 ALEXANDRINI
2446 370 2768 432 ARCHIEP.
3637 368 3743 426 576

563 490 781 545 carnali
808 489 972 544 cultui
1006 490 1209 544 cultum
1244 491 1296 544 in
1326 492 1519 563 Spiritu
1570 510 1634 547 ac
1663 493 1891 547 veritate
1931 494 2055 549 sub-

2234 493 2312 565 (i)
2355 493 2502 548 Ἀντὶ
2522 493 2623 564 τῆς
2652 494 2920 565 σαρκιικῆς
2949 490 3205 561 λατρείας
3245 489 3538 557 εἰσήγαγεν
3567 490 3594 541 6
3631 488 3740 541 Κύ-

491 583 667 637 stitnit
697 580 976 636 Dominus.
1010 582 1147 650 Quin
1187 585 1325 639 adeo
1366 601 1486 656 quae
1520 600 1586 641 ne
1617 586 1910 640 carnaliter
1941 586 2055 653 qui-

2166 602 2279 654 ριος
2308 585 2409 657 τὴν
2439 588 2498 639 ὲν
2537 585 2811 656 πνεύματι
2845 585 2941 639 καὶ
2982 582 3216 654 ἀληθείᾳ
3299 583 3393 634 καὶ
3425 582 3563 653 τάχα
3598 581 3699 635 ἀπε
3712 599 3744 651 ρ

493 679 614 726 dent
647 673 816 728 Judaei
852 672 1084 728 fortasse
1119 675 1388 745 agebant,
1425 674 1537 730 haec
1556 676 1875 745 spiritaliter
1905 674 2055 729 Chri-

2161 674 2285 730 οὔτε
2311 676 2591 748 σαρκικῶς
2614 676 2830 730 ἐποίουν
2862 676 2912 727 οἱ
2938 675 3203 738 Ἰουδαῖοι,
3230 674 3405 726 ταῦτα
3439 672 3533 725 νῦν
3577 689 3741 724 msu-

488 769 557 820 sti
589 774 755 834 agrntt
781 766 1050 836 discipuli.
1089 766 1455 830 Quamobrem
1500 787 1520 821 ι
1574 770 1647 821 ait
1682 787 1693 821 :
1758 768 1868 822 lota
1895 783 2055 822 unum

2166 769 2412 838 ματικῶς
2450 770 2499 822 οί
2552 767 2790 837 Χριστοῦ
2844 767 3087 838 μαθηταὶ⁵
3117 764 3362 818 ποιοῦσι·
3410 764 3490 817 διό
3541 778 3738 833 φησιν·

491 868 579 912 ςιιιι
617 875 754 911 unus
786 873 921 926 apex
954 874 1060 914 non
1093 859 1543 930 praetermittatur
1590 862 1657 915 de
1706 861 1853 931 lege,
1887 860 2055 915 donec

2166 877 2189 910 ι
2223 858 2376 912 Ἰὦτα
2392 858 2449 912 ἓν
2479 858 2513 929 ἢ
2540 859 2637 929 μία
2661 858 2857 930 κεραία
2885 857 2945 912 οὐ
2972 858 3046 928 μὴ
3074 855 3317 927 παρέλθῃ
3345 857 3409 908 ἐκ
3433 854 3524 908 τοῦ
3554 856 3741 923 νόμου,

481 369 599 427 -573

488 952 667 1004 "Iunia
708 952 854 1007 fiant.
898 972 915 1005 ι
950 952 1296 1021 Perspicuum
1318 963 1436 1022 est,
1475 963 1666 1009 cuneta
1712 952 1926 1011 Judaeos
1954 972 2058 1009 non

482 1044 705 1110 fecisse,
760 1045 839 1098 vel
872 1045 915 1099 si
955 1046 1085 1100 olim
1122 1047 1398 1111 fecerunt,
1450 1047 1562 1117 jam
1604 1063 1748 1101 nunc
1786 1048 2062 1103 desierant

490 1136 705 1202 facere,
771 1139 1025 1206 prohibiti
1097 1140 1325 1205 scilicet,
1368 1142 1526 1196 modo
1585 1154 1771 1211 regum
1842 1143 2058 1206 timore,

492 1231 649 1281 inodu
676 1232 853 1295 templi
878 1233 1268 1297 destructione,
1288 1234 1338 1288 in
1361 1249 1470 1303 quo
1495 1249 1602 1289 uno
1625 1234 1889 1289 sacriﬁcia
1931 1250 2057 1304 per-

489 1321 571 1382 agi
598 1322 900 1389 oportebat.

562 1412 624 1475 ν,
662 1412 745 1466 19.
782 1414 886 1480 Qui
910 1415 1116 1471 solverit
1150 1433 1310 1470 unum
1356 1417 1419 1471 de
1470 1416 1734 1471 mandatis
1784 1418 1903 1471 istis
1946 1418 2056 1471 mi-

490 1502 663 1555 nimis.

559 1596 660 1661 Qui
690 1598 768 1650 vel
807 1614 967 1652 unum
1003 1598 1135 1669 legis
1160 1611 1488 1670 praeceptum
1515 1601 1680 1665 delet,
1708 1601 1917 1657 deletur
1945 1602 2058 1670 ipse

487 1702 515 1735 ιι
553 1685 696 1750 Deo,
748 1698 929 1757 utpote
986 1688 1080 1745 Dei
1136 1691 1512 1758 adversarius,
1552 1702 1605 1746 et
1640 1701 1829 1747 contra
1884 1692 2056 1763 legem

485 1774 603 1840 ejus
630 1793 811 1843 agens.
866 1778 976 1833 Ιιιιο
1020 1797 1162 1836 ιιιιιιο
1216 1782 1284 1837 ab
1334 1782 1646 1852 evangelica
1689 1786 1804 1852 lege
1840 1797 2055 1852 poenam

484 1867 756 1933 perferet.
797 1888 954 1940 quam
987 1875 1161 1940 prisca
1196 1874 1277 1928 lex
1333 1888 1435 1928 non
1474 1874 1766 1929 inferebat.
1819 1873 2056 1946 Ideoque

484 1968 539 2012 et
563 1954 953 2030 consequenter
979 1966 1053 2017 ait
1074 1965 1321 2021 Christus
1350 1984 1363 2020 :
1404 1986 1422 2018 ι
1458 1965 1572 2021 Νοιι
1601 1970 1724 2022 veni
1754 1967 1924 2037 legem
1948 1968 2057 2023 sol-

488 2066 647 2113 vere.
679 2055 773 2108 sed
805 2056 1119 2124 adimplere.
1155 2077 1174 2109 ι
1206 2057 1358 2125 Quod
1392 2059 1536 2113 enim
1574 2058 1643 2113 ibi
1677 2060 1877 2114 dictum
1916 2059 2053 2127 fuit,

482 2141 575 2196 hic
605 2155 687 2198 est
711 2146 1029 2214 perfectura.
1056 2145 1112 2203 In
1144 2149 1292 2220 lege,
1324 2162 1482 2220 puta,
1507 2150 1706 2206 dictum
1734 2149 1835 2207 fuit
1863 2171 1879 2209 :
1912 2171 1930 2204 ι
1952 2152 2056 2209 Co-

484 2248 599 2288 ram
623 2251 757 2289 Cano
788 2238 962 2307 capite
998 2254 1261 2311 censurge
1284 2242 1329 2296 ³.
1361 2265 1379 2295 ο
1438 2243 1548 2299 Et:
1585 2262 1605 2296 ι
1645 2242 1702 2299 Si
1740 2244 1940 2300 videris
1968 2244 2057 2312 ju—

487 2335 728 2380 tnentum
783 2329 984 2384 inimici
1041 2331 1118 2385 tui
1156 2333 1255 2387 sub
1300 2335 1516 2389 sarcina
1543 2334 1791 2405 lapsum,
1841 2335 1923 2392 fer
1953 2336 2053 2407 ipsi

484 2431 640 2486 opem
671 2417 739 2473 ad
774 2418 901 2473 illud
948 2421 1343 2478 sublevandnm
1376 2424 1419 2482 ⁸.
1461 2442 1483 2478 ι
1540 2425 1792 2481 Attamen
1838 2425 1883 2482 si
1935 2427 2056 2495 quis

482 2507 601 2564 inec
628 2521 893 2581 praecepta
924 2523 1293 2584 transgressus
1332 2516 1542 2582 fuisset,
1576 2533 1794 2588 pinnam
1852 2520 2053 2575 nullam

485 2600 570 2654 lex
624 2601 895 2672 iuﬂigebat
925 2624 939 2660 :
974 2621 1135 2673 quam
1184 2609 1400 2678 quidem
1453 2610 1754 2679 adimpleus
1808 2610 2056 2667 Christus

485 2691 596 2753 ait,
655 2693 925 2747 hominem
987 2697 1294 2766 huiusmodi
1345 2700 1397 2754 in
1433 2714 1601 2771 regno
1646 2699 1744 2757 Dei
1772 2700 1888 2757 fore
1915 2716 2051 2758 con-

487 2786 853 2841 temnendum.
883 2784 997 2843 Hoc
1027 2789 1209 2859 itaque
1237 2791 1345 2846 etsi
1379 2791 1669 2847 minimum
1700 2804 2050 2865 praeceptum.

483 2873 639 2942 cujus
663 2876 843 2931 violati
878 2878 1006 2933 olim
1041 2880 1184 2935 nulla
1216 2891 1336 2937 erat
1382 2882 1615 2939 vindicta
1638 2925 1654 2951 ,
1694 2885 1740 2940 si
1763 2886 1888 2955 quis
1913 2885 2056 2942 dele-

484 2965 658 3029 verit,
696 2966 782 3022 hic
814 2966 868 3023 in
900 2984 1041 3024 novo
1067 2968 1271 3027 foedere
1294 2985 1511 3041 pinnam
1553 2973 1780 3031 referet.

554 3051 605 3122 7
636 3052 738 3119 Qui
772 3068 947 3111 autem
979 3060 1161 3129 fecerit
1185 3071 1236 3115 et
1274 3062 1535 3133 docuerit,
1575 3064 1661 3119 hic
1704 3081 1928 3135 magnus
1962 3082 2054 3120 vo-

483 3139 689 3195 cabitur
712 3144 765 3199 in
794 3162 951 3217 regno
982 3149 1251 3206 caelorum.

553 3233 708 3298 Quod
737 3236 825 3291 hic
853 3240 918 3293 de
942 3240 1320 3312 coniungenda
1366 3242 1569 3300 actioni
1598 3243 1850 3303 doctrina
1893 3246 2053 3303 Chri-

484 3334 601 3378 stus
635 3336 842 3393 monet,
879 3338 1010 3396 puto
1045 3331 1096 3385 in
1136 3331 1256 3403 lege
1287 3332 1655 3403 signiﬁcatum
1703 3335 2057 3394 distinctione

485 3418 808 3473 mundarum
838 3423 1143 3490 pecudum;
1176 3439 1413 3494 quarum
1444 3441 1589 3485 unus
1619 3443 1689 3485 ex
1719 3429 2057 3487 characteri-

486 3510 589 3563 bus
614 3521 760 3575 erat,
793 3511 952 3569 ﬁssas
985 3514 1220 3584 ungulas
1245 3517 1444 3587 pedum
1475 3518 1715 3587 habere;
1760 3535 1869 3592 quo
1895 3522 2057 3581 tacite

483 3600 857 3668 praescribitur
899 3603 1110 3660 bisulco
1148 3607 1307 3677 pede,
1331 3609 1787 3682 consideratione,
1808 3613 2053 3684 inquam,

482 3699 539 3744 et
576 3692 757 3760 praxi,
792 3694 1176 3752 ambulandum
1225 3713 1350 3756 esse
1391 3701 1570 3769 nobis,
1598 3710 1661 3759 ut
1698 3719 1874 3776 neque
1918 3719 2054 3779 aga-

482 3799 606 3839 mus
656 3784 793 3853 sine,
841 3790 1321 3860 contemplatione,
1373 3807 1553 3865 neque
1626 3797 2056 3867 contemplemur

2161 949 2265 1014 ἓως
2292 950 2471 1005 πάντα
2508 951 2763 1021 γένηταιο
2799 968 2818 1001 ι
2856 948 3013 1019 δῆλον
3042 950 3128 1002 ὅτι
3157 947 3217 1000 οὐ
3260 946 3438 1000 πάντα
3480 946 3742 1015 ἐποίησαν

2160 1044 2210 1096 oi
2242 1043 2485 1098 Ἰουδαῖοι
2509 1058 2522 1073 ·
2550 1042 2582 1113 ἢ
2607 1042 2711 1095 κᾶν
2748 1042 3030 1113 ἐποίησαν,
3083 1038 3388 1092 ἐπαύσαντο
3420 1038 3511 1092 τοῦ
3547 1040 3737 1097 ποιεῖν,

2166 1134 2364 1204 μηκέτι
2394 1134 2835 1206 συγχωρούμενοι
2866 1132 3091 1203 ποιῆσαι
3121 1132 3279 1195 αὐτὰ,
3309 1132 3384 1201 πῆ
3421 1132 3518 1201 μὲν
3542 1130 3631 1183 διὰ
3651 1130 3738 1181 τὸν

2161 1227 2328 1296 φόϐον
2355 1225 2464 1280 τῶν
2488 1226 2775 1297 βασιλέων,
2800 1229 2875 1296 πῆ
2915 1224 2971 1278 δὲ
3003 1226 3097 1278 καὶ⁵
3122 1223 3199 1295 τῷ
3226 1223 3623 1278 καταλελύσθαι
3650 1222 3740 1275 τὸν

2160 1316 2308 1379 ναὸν,
2339 1316 2397 1370 ὲν
2431 1309 2476 1385 ᾧ
2498 1317 2643 1387 μόνῳ
2672 1316 2780 1369 ἔδει
2802 1316 2905 1379 τὰς
2936 1315 3129 1378 θυσίας
3165 1313 3551 1369 ἐπιτελεῖσθαι.

2237 1410 2336 1474 ’ος
2362 1406 2472 1462 ἐὰν
2510 1401 2625 1462 οὖν
2650 1408 2814 1475 λύσῃ
2863 1407 3012 1476 μίαν
3060 1405 3178 1460 τῶν
3209 1404 3476 1461 ἐντολῶν
3514 1406 3741 1460 τούτων

2160 1500 2279 1555 τῶν
2316 1501 2677 1571 ἐλαχίστων.

2241 1592 2300 1645 '0
2334 1591 2541 1646 ἀθετῶν
2570 1590 2646 1661 (9)
2681 1590 2808 1661 μίαν
2834 1589 2942 1643 τῶν
2984 1587 3079 1641 τοῦ
3128 1588 3294 1660 νόμου
3338 1587 3586 1647 ἐντολῶν.
3614 1586 3739 1640 ἀθε-

2158 1683 2332 1734 τεῐται
2366 1680 2517 1751 παρά
2541 1679 2632 1733 τοῦ
2659 1678 2796 1733 Θεοῦ
2820 1679 2895 1741 ὡς
2922 1678 3214 1748 θεομάχος,
3256 1677 3352 1729 καὶ
3392 1674 3739 1745 ἀντινομοθε-

2157 1772 2267 1826 τῶν
2290 1772 2368 1843 τῷ
2391 1770 2509 1843 Θεῷ
2542 1771 2618 1841 (5)
2639 1789 2653 1803 ·
2688 1770 2783 1825 καὶ
2806 1769 2901 1824 νῦν
2942 1770 3008 1823 ὲκ
3044 1767 3140 1821 τοῦ
3177 1765 3536 1837 εὐαγγελικού
3575 1767 3737 1837 νόμου

2087 1840 2131 1897 Β
2163 1840 2377 1935 δέχεται
2399 1840 2499 1935 τὴν
2534 1840 2826 1934 τιμωρίαν,
2851 1863 2917 1931 ἢν
2948 1862 2977 1914 ό
3007 1860 3173 1931 νόμος
3193 1860 3363 1914 πάλαι
3394 1859 3494 1912 οὐκ
3522 1854 3591 1928 ἦν
3622 1859 3738 1928 ὀρί-

2166 1973 2294 2020 σας·
2322 1954 2401 2009 διὸ
2430 1955 2525 2009 καὶ
2551 1953 2860 2016 ἀκολούθως
2905 1953 3051 2023 λέγει
3097 1953 3126 2005 ὁ
3157 1952 3413 2023 Χριστὸς,
3452 1952 3533 2005 ὃτι
3560 1971 3580 2002 ι
3625 1950 3738 2005 οὐκ

2162 2043 2325 2120 ἦλθον
2352 2045 2659 2100 καταλῦσαι
2686 2044 2776 2097 τὸν
2793 2044 2976 2114 νόμον,
3006 2042 3146 2097 ἀλλά
3174 2041 3501 2114 πληρῶσαι·
3533 2060 3552 2090 ι
3577 2040 3606 2093 ὃ
3629 2039 3741 2110 γὰρ

2162 2140 2281 2194 ἐκεῖ
2312 2137 2519 2206 ἔλεγεν,
2548 2132 2651 2192 ὦδε
2673 2136 2741 2191 ἂν
2764 2133 3057 2207 ἐπληρώθη
3082 2150 3096 2166 ·
3129 2129 3241 2187 οἷον
3260 2135 3318 2186 ὲν
3346 2132 3425 2203 τῷ
3452 2132 3603 2202 νόμῳ
3630 2130 3739 2184 ἑλέ-

2162 2228 2287 2301 χθη·
2326 2248 2344 2282 ι
2395 2228 2528 2282 Ἀπὸ
2562 2226 2855 2299 προσώπου
2895 2225 3082 2280 πολιοῦ
3121 2224 3497 2298 ἐξαναστήσῃ.
3541 2242 3562 2276 ι
3606 2223 3736 2275 Καί⁶

2169 2338 2188 2373 ι
2237 2318 2362 2373 Ἐὰν
2386 2318 2503 2393 ἴδῃς
2530 2318 2591 2371 τὺ
2612 2316 2907 2387 ὑποζύγιον
2935 2316 3029 2371 τοῦ
3056 2316 3251 2388 ἐχθροῦ
3294 2332 3390 2368 σου
3420 2316 3737 2367 ἐπιπεπτω-

2162 2413 2257 2477 κὸς
2304 2412 2409 2467 ὑπὸ
2454 2412 2548 2465 τὸν
2593 2412 2786 2483 γόμον,
2819 2412 3135 2482 συνέγειρον
3169 2409 3304 2465 αὐτὸ
3336 2409 3457 2480 μετ’
3485 2407 3669 2464 αὐτοῦ.
3712 2427 3732 2458 ι

2164 2503 2350 2558 Ταῦτα
2384 2504 2433 2558 εί
2473 2502 2686 2575 παρέϐη
2710 2521 2814 2567 τις,
2838 2504 2938 2557 οὐκ
2966 2499 3035 2575 ἦν
3062 2502 3304 2574 τιμωρία
3332 2499 3611 2572 όρισθεῖσα
3634 2497 3738 2552 ὑπὸ

2159 2596 2255 2651 τοῦ
2288 2596 2470 2667 δόμου,
2497 2596 2566 2667 ῆν
2587 2596 2924 2668 ἀποπληρῶν
2943 2596 2971 2646 ὁ
2996 2594 3231 2667 Χριστός
3255 2611 3442 2665 φησιν,
3464 2593 3548 2646 ὃτι
3581 2592 3639 2645 ἐν
3669 2593 3736 2660 τῇ

2164 2688 2412 2759 βασιλείᾳ
2432 2686 2527 2741 τοῦ
2558 2686 2693 2741 Θεοῦ
2721 2688 2749 2740 ό
2773 2686 3014 2750 τοιοῦτος
3053 2683 3557 2755 ὲξουθενηθήσεται.
3590 2679 3737 2734 Ταύ-

2159 2798 2260 2853 την
2285 2776 2380 2835 οὖν
2407 2781 2503 2833 καὶ
2531 2780 2580 2833 εἰ
2603 2778 2897 2850 ἐλαχίστην
2928 2777 3169 2848 ἐντολὴν,
3193 2776 3280 2845 ἐφ’
3309 2775 3378 2847 ἢν
3402 2776 3504 2829 οὐκ
3527 2769 3597 2845 ἦν
3622 2773 3739 2828 ἐκεῖ

2160 2871 2526 2944 παραϐάσεως
2553 2868 2867 2940 ἐπαγομένη
2893 2869 3137 2933 κόλασις,
3167 2869 3196 2922 ό
3226 2865 3459 2936 ἀθετῶν,
3487 2859 3645 2930 οὗτος
3673 2865 3738 2918 ἐκ

2159 2967 2257 3038 τῆς
2288 2966 2415 3029 νέας
2452 2963 2721 3034 διαθήκης
2744 2960 3223 3035 τιμωρηθήσεται.

2235 3062 2333 3127 Ὃς
2355 3059 2409 3112 δ’
2431 3059 2509 3114 ἂν
2529 3056 2757 3125 ποιήσῃ
2786 3057 2885 3110 καὶ
2914 3054 3150 3124 διδάξῃ,
3172 3048 3352 3119 οὗτος
3369 3052 3558 3122 μέγας
3593 3065 3737 3118 mn.

2159 3152 2410 3223 θήσεται
2438 3151 2510 3204 ἐν
2537 3147 2611 3219 τῇ
2634 3147 2924 3214 βασιλείᾳ
2952 3144 3071 3199 τῶν
3098 3143 3390 3213 οὐρανῶν.

2222 3238 2390 3313 Οἶμαι
2416 3242 2476 3295 δὲ
2506 3240 2601 3296 καὶ
2634 3239 2694 3294 τὸ
2718 3238 2936 3309 δίχηλον
2964 3238 3021 3291 ἐν
3044 3236 3123 3305 τῷ
3155 3236 3311 3307 νόμῳ
3341 3232 3500 3289 τοῦτο
3533 3232 3735 3305 σημαί-

2152 3352 2284 3393 νεινο
2304 3334 2369 3388 τὸ
2383 3333 2474 3389 διὰ
2492 3333 2653 3399 λόγου
2676 3331 2772 3386 καὶ
2794 3328 3045 3402 πράξεως
3064 3328 3269 3382 ὁδεύειν
3285 3328 3451 3399 ἡμᾶς·
3477 3328 3575 3381 καὶ
3598 3328 3734 3397 μήτε

2145 3428 2416 3501 πράττειν
2455 3425 2691 3494 ἀλόγως,
2727 3422 2868 3494 μήτε
2896 3421 3059 3490 λόγον
3083 3419 3226 3491 ἔχειν
3254 3418 3510 3491 πράξεως
3529 3418 3697 3490 χωρίς
3718 3434 3735 3450 ο

2153 3521 2205 3574 εί
2231 3519 2289 3574 δέ
2316 3536 2370 3574 τι
2400 3520 2465 3573 ἐκ
2479 3516 2587 3570 τῶν
2609 3513 2867 3569 τοιούτων
2889 3508 3027 3565 εἷναι
3053 3510 3301 3582 βούλεται
3330 3510 3734 3581 μεμονωμένον,

2158 3610 2359 3684 πρᾶξις
2390 3608 2528 3662 ἔστω
2557 3605 2742 3661 λοιπὸν
2766 3603 2862 3658 καὶ
2893 3601 2968 3674 μὴ
2988 3601 3165 3670 λόγος.
3202 3600 3378 3670 Λόγος
3407 3599 3517 3671 γὰρ
3544 3598 3732 3670 ἀχαλί-

2158 3722 2328 3769 νωτος
2346 3701 2494 3759 κατά
2537 3698 2802 3773 κρημνῶν
2850 3696 3030 3769 ὥθησε
3071 3695 3336 3759 πολλάκις
3381 3695 3511 3759 τοὺς
3536 3709 3726 3764 κεκτη-

2146 3797 2358 3871 μένους
2378 3812 2392 3826 ο
2419 3792 2619 3865 πρᾶξις
2643 3792 2700 3845 δὲ
2730 3790 3007 3845 οὐδέποτε.

484 3879 603 3934 sine
675 3880 852 3951 praxi.
916 3880 1071 3949 Quod
1101 3884 1151 3940 si
1214 3884 1447 3943 alterum
1491 3888 1687 3946 horum
1729 3892 1798 3947 ab
1845 3892 2021 3949 altero
2053 3892 2417 3965 separandum
2455 3898 2561 3955 est,
2621 3886 2961 3944 tolerabilius
3030 3884 3197 3938 fuerit
3233 3884 3445 3953 praxim
3531 3882 3733 3937 habere

483 3969 676 4038 solam,
704 3986 867 4042 quam
927 3974 1292 4045 cognitionem
1326 3980 1582 4039 otiosam.
1611 3981 1852 4040 Scientia
1910 3986 2056 4042 enim
2081 3984 2440 4059 speculationi
2498 3982 2713 4039 curiose
2740 3980 3120 4047 desidioseque
3154 3976 3441 4048 indulgens
3467 4015 3483 4042 ,
3514 3976 3732 4032 effrenis

479 4065 930 4137 contumacisque
991 4076 1203 4124 naturae
1268 4080 1390 4137 est,
1438 4073 1743 4146 multosque
1782 4077 1837 4132 in
1886 4093 2128 4152 praeceps
2173 4078 2386 4148 impulit
2423 4076 2527 4133 sibi
2587 4074 2838 4140 deditos;
2889 4082 3110 4127 actuosa
3153 4086 3285 4126 vero
3335 4071 3447 4125 vita
3488 4070 3731 4125 minime.

554 4155 617 4222 ν,
648 4157 739 4213 23.
776 4157 836 4213 Si
860 4175 981 4231 ergo
1006 4161 1165 4231 olere
1192 4179 1384 4220 munus
1418 4176 1566 4222 tuum
1597 4169 1665 4222 ad
1698 4169 1887 4227 altare.

550 4336 754 4394 Salutis
783 4342 1177 4412 consequendam
1210 4360 1494 4416 poenaeque
1521 4348 1752 4405 vitandae
1778 4351 2047 4410 rationem

476 4429 806 4499 excogitavit
837 4430 981 4487 Deus
1011 4436 1387 4503 peccatoribus
1422 4439 1828 4511 paenitentiam;
1850 4454 2047 4502 etcum

477 4517 609 4573 lano
642 4520 1138 4580 reconciliationem
1193 4526 1363 4582 edixit
1413 4527 1530 4585 fore
1572 4544 1747 4600 poena:
1774 4509 2051 4592 remissio-
2083 4509 2128 4566 θ

478 4624 639 4680 nem;
665 4613 881 4682 quando
908 4615 1129 4686 quidem
1164 4619 1258 4689 qui
1286 4620 1511 4678 fratrem
1547 4639 1706 4682 suum
1742 4643 1847 4685 non
1880 4640 2048 4696 amat.

477 4701 646 4758 Deum
671 4719 778 4759 non
808 4705 1002 4778 diligit.
1037 4706 1136 4764 Hic
1164 4719 1344 4769 autem
1381 4715 1576 4772 merito
1605 4716 1752 4773 illum
1772 4761 1788 4787 ,
1819 4722 1909 4789 qui
1944 4722 2046 4776 ad-

474 4808 669 4850 versus
716 4795 941 4854 fratrem
990 4797 1254 4856 offensam
1299 4802 1476 4876 fovet,
1526 4822 1632 4862 non
1676 4810 1904 4882 recipit,
1948 4827 2047 4868 ceu

475 4884 690 4942 sincere
727 4887 794 4943 ad
816 4903 877 4943 se
909 4905 1018 4945 non
1051 4893 1425 4951 accedentem.

542 4978 602 5050 8
624 4979 690 5046 γ,
720 4979 811 5035 24.
841 4980 1095 5053 Relinque
1117 4985 1192 5038 ibi
1224 5002 1416 5042 munus
1444 4996 1594 5043 tuum
1622 5001 1744 5046 ante
1772 4992 1968 5059 altare,
1996 5004 2047 5049 et

474 5073 608 5126 vade
634 5085 652 5123 :
679 5073 827 5141 prius
859 5076 1199 5131 reconciliare
1235 5078 1394 5147 fratri
1426 5091 1539 5147 tuo,
1594 5092 1642 5136 et
1683 5094 1805 5138 tunc
1834 5085 2042 5142 veniens

474 5161 660 5231 ciere:
697 5181 885 5221 munus
921 5175 1094 5222 tuum.

550 5402 572 5437 ³
598 5403 769 5459 Levit.
797 5422 912 5473 xix,
945 5408 1037 5463 σε.
1114 5409 1136 5441 ⁸
1172 5408 1343 5466 Exod.
1373 5426 1534 5479 χχιιι,
1566 5414 1620 5469 5.

479 5533 491 5546 ’
545 5558 624 5647 ιε)
662 5562 818 5647 ῖςδνςξ
850 5595 919 5645 -.
945 5540 1373 5647 ἐπιτελεῖσθαξε
1398 5568 1537 5624 Ibid-

479 5632 622 5758 ﬂg)
662 5632 715 5685 Ὀ
741 5634 1054 5689 ἁθετῶν-
1081 5638 1570 5708 τιμωρηθήσεται.
1608 5638 1712 5696 Mai
1743 5638 1810 5697 Β.
1844 5641 1917 5696 Ν.
1954 5641 2042 5709 ill,

543 5773 622 5843 (3)
657 5771 964 5845 Fragmenti
997 5777 1154 5847 hujus
1199 5778 1347 5846 prior
1377 5780 1491 5837 haec
1529 5790 1731 5865 tantum
1785 5784 2047 5852 particula

2240 4170 2383 4225 Ἐὰν
2401 4164 2516 4225 οὖν
2542 4166 2892 4238 προσφέρῃς
2919 4164 2984 4217 τὸ
3022 4162 3216 4231 δῶρόν
3244 4177 3362 4218 σου
3399 4159 3501 4216 ἐπὶ
3536 4161 3602 4214 τὸ
3633 4162 3729 4214 θυι

2155 4264 2529 4332 σιαστήριον.

2226 4355 2304 4427 (4)
2327 4353 2542 4423 Τρόπον
2566 4350 2841 4421 σωτηρίας
2874 4353 2971 4405 καὶ
3002 4348 3272 4420 διαφυγὴν
3297 4343 3570 4418 τιμωρίας
3617 4343 3730 4404 τοῖς

2154 4446 2562 4519 ἁμαρτάνουσιν
2604 4442 2837 4515 ἐφεῦρεν
2863 4444 2892 4497 ό
2918 4442 3052 4507 Θεὸς
3090 4442 3185 4513 τὴν
3226 4439 3590 4513 μετάγνωσιν,
3635 4436 3730 4488 καὶ

2154 4539 2254 4611 τὴν
2272 4536 2368 4593 τοῦ
2390 4535 2770 4607 λελυπημένου
2797 4535 3121 4607 θεραπείαν,
3157 4532 3470 4603 ἀνατροπὴν
3508 4526 3729 4582 ἔσεσθαι

2154 4627 2424 4699 τιμωρίας
2469 4626 2664 4699 φησίνο
2699 4624 2888 4697 ἐπειδὴ
2917 4627 2945 4679 ὁ
2994 4624 3070 4696 μὴ
3118 4623 3347 4693 ἀγαπῶν
3383 4622 3475 4674 τὸν
3502 4618 3729 4689 ἀδελφὸν

2155 4718 2343 4784 αὑτοῦ,
2377 4719 2479 4773 οὐκ
2508 4718 2698 4789 ἀγαπᾷ
2722 4717 2812 4770 τὸν
2846 4715 3050 4787 Κύριον
3069 4733 3082 4747 ’
3122 4715 3348 4775 εἰκότως
3393 4712 3483 4766 τὸν
3508 4710 3639 4765 όντα
3670 4712 3729 4763 ἐν

2154 4810 2298 4885 λύπῃ
2326 4810 2421 4866 τοῦ
2476 4811 2704 4881 ἀδελφοῦ
2750 4810 2813 4864 ού
2840 4809 3223 4880 προσδέχεται,
3268 4806 3344 4870 ὡς
3386 4804 3462 4876 μὴ
3508 4803 3728 4875 ἀληθῶς

2155 4902 2306 4974 αύτῷ
2343 4903 2655 4975 προσιόντα.

2229 4993 2412 5061 Ἄφες
2444 4991 2574 5047 ἐκεῖ
2592 4991 2659 5045 τὸ
2697 4990 2891 5060 δῶρόν
2931 5004 3069 5055 σου,
3104 4988 3442 5058 ἔμπροσθεν
3482 4984 3589 5039 τοῦ
3629 4990 3726 5040 0v-

2152 5085 2531 5153 σιαστηρίου,
2567 5083 2666 5140 καί
2696 5083 2888 5151 ὕπαγε
2911 5121 2926 5147 ,
2972 5079 3206 5149 πρῶτον
3254 5076 3611 5145 διαλλάγηθι
3650 5074 3728 5140 τῷ

2150 5172 2393 5244 ἀδελφῷ
2428 5187 2566 5237 σου,
2599 5172 2696 5225 καὶ
2724 5172 2856 5225 τότε
2887 5167 3081 5224 ἐλθὼν
3105 5168 3406 5236 πρόσφερε
3442 5164 3510 5219 τό
3539 5163 3727 5234 δῶρόν

2152 5282 2289 5319 σου.

2155 5575 2419 5629 hactenus
2470 5573 2746 5643 legebatur
2794 5571 2984 5647 iisdem
3022 5570 3136 5626 fere
3184 5569 3366 5647 verbis
3399 5569 3451 5625 in
3513 5567 3722 5647 Possiui

2155 5654 2383 5704 catena;
2412 5640 2607 5698 cetera
2642 5658 2773 5697 vero
2811 5640 3107 5696 Vaticanus
3137 5640 3309 5696 codex
3340 5654 3483 5697 nunc
3512 5640 3683 5695 addit.

2229 5714 2306 5783 (ι)
2342 5714 2652 5783 Τρόπον-
2683 5716 3032 5782 προσιόντα.
3067 5709 3170 5767 Mai
3210 5709 3343 5767 ibid.
