4120 6376
434 438 538 492 577

1596 444 1951 501 (ἱΟλΙλίΕΝΤ.
1999 448 2059 502 lN’
2102 450 2540 510 MATTILECM.

3578 424 3680 517 37s

499 550 748 602 Διδάσκει
782 550 929 619 ἡμᾶς
960 552 1194 608 ἐνταῦθα
1217 557 1245 609 ὁ
1270 557 1460 628 Σωτὴρ
1480 560 1580 628 τὴν
1608 564 1877 633 τιμωρίαν
1898 565 2003 617 δια-

2188 572 2351 626 Docet
2380 590 2479 628 nos
2509 576 2610 628 huc
2640 576 2760 629 loro
2788 577 3059 644 quomodo
3095 579 3415 646 supplicium
3446 579 3683 655 (ιαιιςςιιιβ

385 690 388 693 λ
427 644 619 709 (ζυγεῖν
649 643 1061 712 ἁμαρτάνοντας
1082 662 1095 675 ·
1127 648 1161 717 ή
1188 648 1366 701 τοίνυν
1395 650 1733 719 μετάγνωσις
1766 656 1857 707 ἐπὶ
1895 660 2006 719 τοῖς

426 733 808 803 ἁμαρτήμασι,
853 734 951 788 ’καὶ
985 734 1016 805 ἡ
1058 736 1194 805 πρὸς
1239 737 1332 792 τδν
1382 739 1691 814 λυπηθέντα
1733 748 1822 816 ὑφ’
1849 749 2006 819 ήμῶν

428 821 808 892 παράκλησις,
856 825 949 879 καὶ
982 828 1013 893 ή
1042 827 1141 896 τῆς
1178 832 1575 901 συγχωρήσεως
1615 835 1707 888 τοῦ
1754 838 2006 908 ἀμαρτήο

428 929 598 981 ματος
631 912 848 985 αἴτησις
894 917 990 969 καὶ
1020 916 1125 971 τὸν
1163 918 1388 989 ἀδελφὸν
1431 920 1725 993 θεραπεύει
1774 929 1870 980 καὶ
1915 929 2004 981 τὸν

425 1004 577 1057 Θεόν.

498 1096 591 1161 Μή
619 1096 767 1152 ποτέ
808 1113 882 1154 σε
932 1099 1173 1170 παραδῷ
1213 1101 1247 1155 ό
1297 1103 1600 1171 αντίδικος
1648 1104 1728 1172 τῷ
1791 1109 1996 1179 κρίτῇν

428 1189 617 1241 κ.τ.λ

497 1278 574 1349 (l)
627 1279 964 1335 ’Υποκείσθω
996 1298 1099 1347 τις,
1124 1284 1310 1354 φησὶν,
1342 1287 1428 1357 ἐφ’
1449 1288 1568 1353 ἑνὸς
1593 1291 1700 1344 τῶν
1729 1294 1999 1363 τεταγμέ-

425 1385 534 1421 νων
581 1371 662 1431 ei;
709 1371 904 1442 ἀρχὴν,
949 1374 1251 1445 αἱτιάματά
1301 1394 1424 1431 τινα
1452 1382 1819 1452 ποιησάμενος
1856 1384 1997 1439 κατά

426 1460 522 1513 σοῦ
541 1477 558 1492 ο
588 1458 705 1516 εἶτα
727 1467 841 1527 τοῖς
868 1466 1167 1535 ἐπάγουσιν
1198 1470 1290 1522 ἐπὶ
1320 1471 1380 1524 τὸ
1402 1471 1753 1545 δικαστήριον
1785 1476 1999 1531 ὑποδεί-

427 1549 525 1614 ξας
553 1552 925 1621 ἀποφέρεσθαι
957 1558 1121 1612 ποιεί.
1154 1558 1300 1623 Ἕως
1323 1560 1525 1629 τοίνυν,
1555 1565 1709 1635 φησὶ,
1739 1567 1860 1635 μετ’
1895 1568 1993 1620 αὐ·-

423 1640 521 1694 τοῦ
559 1637 610 1695 εἴ
631 1643 688 1695 ὲν
718 1646 784 1715 τῇ
818 1644 942 1716 ὁδῷ,
972 1647 1251 1701 τουτέστιν
1273 1651 1404 1720 πρὶν
1431 1652 1723 1722 ἀφικέσθαι
1750 1656 1885 1725 πρὸς
1905 1659 1996 1710 τὸν

426 1729 637 1801 κριτὴν,
653 1730 741 1794 δὸς
760 1734 1041 1804 ἐργασίαν,
1060 1737 1182 1791 ἀντὶ
1205 1739 1321 1807 τοῦ,
1336 1740 1523 1797 Πᾶσαν
1548 1743 1734 1799 θέσθαι
1749 1746 1823 1817 μὴ
1840 1746 1996 1818 ὀκνή-

425 1835 528 1892 σῃς
555 1823 809 1893 σπουδὴν,
845 1826 933 1879 ἵνα
962 1827 1282 1902 ἀπαλλαγῇς
1309 1833 1403 1886 ἀπ’
1438 1834 1606 1888 αὑτοῦ
1627 1854 1641 1868 ·
1673 1839 1721 1890 εἰ
1750 1838 1807 1891 δὲ
1834 1837 1993 1892 τοῦτο

428 1910 552 1983 [μὴ]
571 1913 815 1986 γένηται,
838 1918 1153 1990 παραδώσει
1178 1938 1236 1976 σε
1251 1922 1330 1996 τῷ
1345 1929 1529 1999 κριτῇ⁸
1551 1923 1668 1982 εἶτα
1687 1930 1764 1983 ὅτ’
1791 1929 1859 1984 ἂν
1882 1932 1997 1986 ἔνο-
2031 1908 2074 1965 Β

426 2021 519 2074 χος
531 2008 644 2070 τοῖς
656 2006 966 2079 ὀφλήμασιν
978 2011 1228 2083 εὑρεθῇς,
1244 2016 1597 2091 παραδοθήσῃ
1611 2019 1690 2091 τῷ
1707 2022 1997 2095 πράκτορι,

426 2097 670 2150 τουτέστι
697 2100 811 2161 τοῖς
837 2099 1188 2173 ἀπαιτηταϊς,
1226 2106 1466 2160 κάκεῖνοί
1502 2125 1561 2161 σε
1604 2110 1999 2165 κατακλείσαν-

424 2204 516 2251 τες
564 2190 929 2263 ἀπαιτήσουσι
983 2194 1079 2247 καὶ
1111 2195 1173 2248 τὸ
1219 2196 1446 2268 ἔσχατον
1504 2200 1721 2257 λεπτόν.
1784 2204 1997 2259 Οὐκοῦν

426 2277 598 2349 ἔνοχοι
633 2280 734 2350 μὲν
780 2283 1243 2356 πλημμελήμασίν
1287 2290 1458 2361 ἐσμεν
1498 2292 1740 2358 ἅπαντες
1766 2298 1815 2349 οἱ
1847 2295 2000 2362 ὄντες

425 2367 523 2420 ἐπὶ
544 2370 642 2440 τῆς
660 2370 766 2440 γῆς
790 2391 803 2404 ·
840 2374 1071 2428 ἑκάστου
1102 2393 1169 2445 γε
1202 2377 1307 2449 μὴν
1344 2380 1613 2446 ἀντίδικος
1645 2384 1740 2437 καὶ
1762 2387 2001 2456 κατήγο-

429 2476 523 2531 ρος
545 2461 574 2513 ό
600 2464 862 2529 Σατανᾶς·
885 2466 1076 2536 ἐχθρὸς
1100 2469 1207 2540 γάρ
1230 2472 1377 2524 ἐστιν
1394 2473 1488 2526 καὶ
1516 2475 1833 2548 ἐκδικητής.
1858 2478 2000 2544 Ἕως

423 2557 608 2611 τοίνυν
639 2559 806 2629 ἐσμὲν
856 2561 915 2614 ὲν
940 2564 1007 2633 τῇ
1039 2563 1166 2634 ὀδῷ,
1206 2565 1488 2620 τουτέστιν
1536 2568 1643 2633 ἕως
1677 2569 1830 2624 οὔπω
1867 2572 2003 2644 πρὸς

424 2649 489 2701 τὸ
516 2650 615 2721 τῆς
640 2651 827 2705 ἐνθάδε
862 2652 1010 2724 ζωῆς
1033 2656 1459 2728 κατηντήσαμεν
1485 2659 1660 2725 τέλος,
1685 2662 2006 2732 ἀπαλλαγῶ

431 2758 533 2811 μεν
561 2743 748 2806 αὐτοῦ,
774 2744 1027 2815 λύσωμεν
1045 2747 1145 2811 τὰς
1170 2749 1292 2802 καθ’
1324 2751 1535 2804 ἑαυτῶν
1560 2754 1762 2821 αἰτίας,
1795 2756 1892 2827 τὴν
1916 2756 2005 2812 διά

430 2831 666 2901 Χριστοῦ
701 2833 861 2905 χάριν
902 2835 1241 2906 ἁρπάσωμεν
1273 2837 1664 2911 ὲλευθεροῦσαν
1690 2842 1837 2912 ήμᾶς
1864 2859 2004 2897 παν-

429 2925 520 2988 τὸς
548 2925 864 2997 ὀφλήματός
896 2944 957 2981 τε
990 2930 1083 2983 καὶ
1110 2928 1287 3001 δίκης,
1313 2929 1421 2998 ἔξω
1455 2930 1700 3003 τιθείσης
1730 2933 2005 3000 κολάσεώς

425 3031 487 3067 τε
516 3016 610 3069 καὶ
651 3017 852 3087 φόϐου·
904 3019 978 3090 μὴ
1001 3019 1109 3090 ἄρα
1138 3036 1256 3085 πως
1294 3019 1664 3077 ἀναπόνιπτον
1714 3025 2007 3096 ἐσχηκότες

422 3106 519 3160 τὸν
543 3109 855 3179 μολυσμὸν,
909 3111 1303 3183 ἀπενεχθῶμεν
1349 3112 1489 3184 πρὸς
1540 3114 1631 3167 τὸν
1664 3114 1877 3185 κριτὴν,
1910 3116 2006 3169 καὶ

2110 668 2378 730 possimus
2410 663 2461 717 in
2499 674 2781 732 peccatum
2822 666 2980 733 lapsi.
3033 666 3299 721 Nimirum
3353 670 3676 735 pteniteutia

2107 756 2405 819 emnmissi,
2441 758 2719 825 reparatio
2748 756 2961 823 injuria:
2985 770 3039 813 et
3080 760 3382 814 satisfactio
3419 778 3512 828 per
3538 763 3678 814 ami-

2106 861 2224 897 eam
2267 848 2733 915 compellationem
2763 847 2881 915 ejus
2917 850 3008 918 qui
3049 866 3078 904 a
3124 853 3279 905 nobis
3320 853 3561 905 muli-stin
3596 848 3681 907 est

2106 934 2361 999 allectus,
2391 946 2670 1005 postremo
2703 938 2900 1007 petitio
2935 941 3105 994 venia:
3142 951 3198 996 et
3232 940 3455 996 fratrem
3493 944 3679 999 laesum

2105 1025 2281 1095 placat
2313 1035 2368 1081 et
2410 1026 2596 1083 Deum.

2176 1114 2247 1181 V,
2279 1116 2374 1171 25.
2410 1115 2491 1170 Ne
2515 1129 2562 1171 ιε
2595 1118 2934 1174 adversarius
2968 1119 3142 1191 judici
3176 1124 3376 1190 tradat,
3406 1133 3510 1179 etc.

2172 1299 2305 1355 Puta
2328 1315 2450 1357 esse
2479 1300 2713 1371 aliquem
2766 1303 2819 1357 in
2864 1302 3127 1372 dignitate
3151 1305 3533 1371 constitutum,
3583 1307 3676 1377 qui

2101 1393 2363 1450 adversus
2406 1404 2456 1448 te
2479 1394 2716 1464 qualibet
2759 1395 2827 1451 de
2872 1410 3030 1449 causa
3072 1397 3406 1465 expostulet,
3444 1398 3678 1467 ideoque

2098 1484 2422 1539 satellitibus
2499 1485 2732 1555 imperet
2814 1496 2872 1540 ut
2943 1486 3010 1541 ad
3074 1487 3307 1541 tribunal
3355 1497 3406 1542 te
3456 1488 3673 1543 ducant.

2098 1576 2369 1642 Qnandiu,
2409 1577 2617 1647 inquit,
2647 1577 2699 1631 in
2737 1579 2820 1632 via
2850 1592 2972 1633 cum
3016 1578 3107 1632 illo
3134 1594 3227 1644 es,
3264 1579 3530 1642 videlicet,
3569 1594 3673 1633 an-

2097 1676 2311 1737 teqnam
2343 1668 2407 1721 ad
2452 1667 2690 1736 judicem
2724 1668 3015 1735 devenias,
3069 1671 3134 1725 da
3180 1686 3439 1740 operam,
3487 1671 3538 1725 id
3592 1679 3676 1727 est

2095 1758 2241 1811 omni
2290 1758 2470 1813 studio
2527 1759 2831 1825 contende,
2880 1768 2941 1813 ut
2989 1760 3056 1816 ab
3101 1776 3167 1817 eo
3226 1761 3493 1816 discedas.
3560 1753 3673 1817 Nisi

2099 1848 2242 1901 enim
2301 1848 2373 1901 ita
2431 1850 2750 1921 contingat,
2800 1851 2974 1921 judici
3028 1852 3487 1920 prmsentaberis;
3532 1852 3674 1923 apud

2102 1953 2261 2008 quem
2284 1939 2408 1996 teris
2427 1940 2587 1995 alieni
2629 1957 2751 1995 reus
2772 1951 3103 2011 compertus,
3131 1945 3395 2013 qnzestori
3421 1945 3673 2010 traderis,

2103 2029 2154 2084 id
2188 2040 2272 2085 est
2298 2032 2642 2101 exigentibus
2698 2034 2981 2101 debitum,
3028 2049 3058 2087 a
3112 2035 3311 2105 quibus
3356 2036 3410 2089 in
3462 2035 3674 2090 vincula

2101 2120 2381 2191 conjectns
2421 2135 2722 2179 extremum
2776 2140 2993 2194 quoque
3041 2127 3399 2196 quadrantem
3450 2125 3679 2180 reddere

2102 2216 2334 2285 cogeris.
2368 2214 2616 2270 Profecto
2643 2226 2912 2286 quotquot
2936 2217 2987 2271 in
3024 2218 3154 2272 orbe
3184 2216 3418 2272 vivimus
3443 2257 3458 2281 ,
3486 2234 3678 2287 peccao

2104 2305 2173 2360 tis
2194 2304 2598 2360 sumusirretiti
2624 2344 2640 2371 ,
2670 2305 3004 2375 singulorum
3051 2304 3401 2359 adversarius
3430 2315 3484 2358 et
3513 2320 3679 2358 accu-

2103 2405 2254 2453 sator
2283 2397 2550 2451 Satanas:
2610 2406 2691 2451 est
2733 2396 2878 2451 enim
2934 2396 3021 2451 hic
3057 2395 3308 2450 inimicus
3350 2404 3404 2449 et
3458 2395 3673 2451 vindex.

2103 2482 2350 2551 Quandiu
2394 2485 2558 2555 igitur
2601 2484 2656 2539 iu
2698 2485 2782 2538 via
2812 2500 3034 2549 sumus,
3071 2484 3122 2538 id
3154 2492 3236 2539 est
3282 2494 3576 2553 antequam
3610 2484 3677 2538 ad

2104 2575 2263 2646 hujus
2291 2575 2413 2630 vitae
2459 2576 2618 2630 finem
2649 2575 3032 2639 deveniamus,
3085 2574 3151 2629 ab
3197 2576 3301 2629 hoc
3332 2589 3429 2629 nos
3459 2574 3679 2629 inimico

2104 2664 2489 2737 expediamus,
2549 2665 2740 2736 culpas
2791 2667 3021 2737 quisque
3086 2673 3301 2721 nostras
3350 2681 3676 2735 purgemus.

2103 2758 2304 2814 Christi
2334 2761 2564 2829 gratiam
2594 2758 2962 2828 adipiscamur
2986 2797 3003 2824 ,
3045 2772 3166 2828 quae
3193 2772 3292 2812 nos
3321 2758 3467 2813 omni
3494 2756 3680 2812 debito

2104 2858 2161 2903 et
2205 2850 2409 2904 ultione
2457 2849 2684 2916 liberet,
2743 2858 2907 2917 atque
2936 2859 3091 2903 extra
3123 2864 3339 2918 poenam
3394 2849 3676 2902 timorem-

2105 2955 2210 3012 que
2237 2941 2468 2997 collocet
2496 2981 2512 3008 ,
2539 2956 2543 2959 ‘
2567 2957 2635 2996 ne
2666 2939 2879 2996 scilicet
2916 2940 3141 2996 maculis
3193 2940 3332 2994 haud
3362 2939 3586 3021 ablutis,
3612 2939 3679 2993 ad

2101 3035 2338 3106 judicem
2385 3035 2801 3105 pertrahamur,
2859 3034 3247 3105 tradamurque
3300 3034 3678 3097 exactoribus,

2105 3128 2221 3183 sive
2243 3143 2456 3183 reorum
2480 3125 2791 3181 vindicibus
2814 3164 2830 3189 ,
2858 3140 3088 3197 quorum
3122 3141 3282 3181 nemo
3303 3124 3564 3180 szevitiam
3596 3121 3681 3177 l'u-

426 3199 819 3303 παραδοθῶμεν
847 3204 962 3266 τοῖς
987 3203 1345 3275 πράκτορσιν,
1373 3206 1491 3276 ’ήτοι
1537 3207 1652 3270 τοῖς
1692 3206 2002 3273 κολασταῖς,

2108 3215 2259 3285 giet;
2312 3215 2421 3269 imo
2461 3229 2592 3269 vero
2648 3213 2889 3281 cujusvis
2934 3213 3139 3282 culpas,
3197 3214 3373 3267 tenuis
3427 3226 3579 3281 aeque
3617 3224 3681 3266 ac

422 3284 503 3344 ὧν
528 3291 628 3344 οὐκ
665 3290 730 3345 ἄν
773 3309 860 3357 τις
890 3293 1133 3367 διαφύγῃ
1183 3296 1245 3349 τὸ
1276 3296 1485 3367 ἀπηνές
1510 3313 1524 3326 ο
1571 3298 2008 3370 άπαιτηθήσεται

420 3382 483 3435 δὲ
509 3382 711 3453 μᾶλλον
734 3383 836 3449 τὰς
855 3385 948 3438 ἐπὶ
968 3386 1134 3440 παντὶ
1156 3386 1265 3458 πλη
1274 3388 1457 3459 μμελή
1467 3406 1597 3458 ματι
1618 3388 1795 3454 δίκας,
1829 3388 2008 3461 μικρῷ

424 3475 522 3528 καὶ
552 3475 773 3546 μεγάλῳ
793 3493 808 3508 ο
837 3476 1046 3531 τούτων
1076 3478 1292 3533 ἔσονται
1315 3478 1531 3551 μακράν
1560 3481 1610 3533 oi
1634 3479 1721 3533 τὸν
1745 3479 1848 3550 τῆς
1869 3480 2007 3551 Χρι-

427 3567 555 3621 στοῦ
588 3569 894 3640 παρουσίας
946 3572 1159 3642 καιρὸν
1193 3571 1603 3643 δοκιμάζοντες,
1664 3573 1759 3626 καὶ
1804 3571 1868 3625 τὸ
1918 3574 2006 3626 ἐπ’

424 3659 572 3731 αὐτῷ
608 3664 905 3733 μυστήριον
928 3662 1027 3715 οὐκ
1052 3664 1404 3736 ἠγνοηκότες.

505 3751 683 3821 Ἆμὴν
720 3752 875 3824 λέγω
914 3768 1037 3819 σοι,
1088 3758 1161 3809 οὐ
1201 3755 1289 3827 μὴ
1336 3755 1593 3827 ἐξέλθῃς
1624 3756 1854 3814 ἐκεῖθεν
1895 3757 2007 3826 ἕως

421 3842 500 3898 ἂν
532 3843 771 3912 ἀποδῷς
804 3845 914 3901 τὸν
939 3846 1206 3918 ἔσχατον
1239 3847 1598 3918 κοδράντην.

498 3936 564 3990 Ὃ
591 3936 648 3989 δὲ
674 3935 823 4005 λέγει
858 3937 1098 3991 τοιοῦτόν
1121 3939 1235 3991 ἐστι
1255 3955 1271 3971 ·
1300 3943 1560 4012 παραινεῖ
1586 3942 1694 4013 γάρ
1720 3940 2004 4012 εὐγνωμο-

422 4029 554 4093 νεῖν,
589 4028 683 4082 καὶ
725 4026 801 4100 μὴ
840 4030 908 4099 τῇ
950 4029 1129 4100 κρίσει
1164 4029 1387 4102 θαρρεἴν
1414 4046 1427 4107 ἢ
1459 4032 1506 4083 εἰ
1540 4032 1649 4104 γάρ
1674 4050 1728 4086 τι
1761 4032 2002 4103 συμϐαίη

422 4118 555 4189 παρ’
583 4118 793 4185 ἐλπίδα,
824 4120 918 4173 καὶ
962 4121 1307 4193 κατασχεθῇς
1350 4121 1457 4175 ὑπὸ
1504 4126 1601 4177 τοῦ
1652 4122 1864 4196 κριτοῦ,
1904 4125 2006 4177 οὐκ

422 4206 740 4281 ἀπολυθήσῃ
763 4210 867 4274 ἕως
885 4201 947 4263 οὗ
969 4210 1236 4284 ἁποτίσῃς
1251 4210 1343 4264 τὸν
1359 4210 1587 4283 ἔσχατον
1610 4210 1796 4267 όὸολόν
1813 4228 1827 4243 ο
1846 4212 2005 4267 τοῦτο

422 4300 533 4371 γὰρ
557 4299 779 4369 λέγεται
808 4300 1129 4373 κοδράντης.

502 4481 561 4535 '0
590 4480 891 4554 κοδράντης
917 4481 975 4534 δὲ
1003 4480 1260 4551 σημαίνει
1281 4480 1343 4534 τὸ
1361 4480 1624 4553 τέταρτον
1650 4480 1746 4536 τοῦ
1778 4480 2000 4553 μέτρου.

2111 3319 2318 3376 magna:
2340 3345 2355 3369 ,
2380 3320 2569 3375 poenas
2600 3302 2873 3360 dabimus.
2903 3302 3015 3358 Hac
3045 3312 3225 3359 autem
3252 3298 3561 3357 calamitate
3589 3315 3682 3355 ca-

2108 3398 2338 3465 rebunt,
2374 3397 2464 3466 qui
2499 3406 2712 3467 tempus
2738 3395 3085 3450 adventantis
3113 3393 3314 3450 Christi
3350 3402 3497 3448 recte
3532 3393 3681 3448 testi-

2107 3490 2405 3558 maveriut,
2430 3497 2485 3545 et
2508 3489 2625 3559 ejus
2649 3488 2973 3559 mysterium
3006 3502 3111 3542 non
3145 3486 3537 3559 ignoraverint.

2178 3750 2247 3820 V,
2283 3749 2375 3806 26.
2415 3751 2578 3804 Amen
2609 3749 2729 3802 dico
2761 3749 2879 3812 tibi,
2910 3763 3013 3801 non
3044 3747 3183 3802 exies
3215 3747 3339 3801 inde
3376 3747 3542 3800 donec
3573 3747 3683 3799 red-

2106 3843 2203 3899 das
2236 3842 2574 3898 novissimum
2600 3840 2945 3911 quadrantem
3182 3838 3185 3839 ⁷

2095 3915 2102 3922 ’
2175 3934 2329 4002 Quod
2358 3934 2491 3988 dicit
2537 3932 2677 3987 hanc
2724 3931 2833 3985 vim
2887 3929 3047 3984 habet
3089 3944 3102 3981 :
3138 3928 3333 3984 suadet
3360 3928 3681 3998 placabilem

2106 4038 2228 4079 esse
2259 4037 2323 4078 ac
2360 4019 2737 4077 conciliationi
2781 4018 2996 4073 facilem
3028 4035 3042 4073 :
3087 4033 3261 4087 neque
3302 4017 3466 4072 nimis
3494 4017 3560 4072 de
3596 4018 3681 4086 jn-

2105 4114 2237 4171 dicii
2291 4114 2443 4172 exitu
2498 4125 2750 4168 securum
2801 4124 2946 4166 esse.
2996 4110 3054 4164 Si
3099 4110 3231 4180 quid
3283 4110 3426 4164 enim
3484 4118 3684 4178 pmter

2104 4219 2258 4275 spem
2282 4201 2541 4258 acciderit
2558 4210 2613 4256 et
2633 4199 2832 4270 judicis
2849 4199 3001 4267 jussu
3030 4197 3540 4268 comprehendaris,
3571 4213 3681 4251 non

2105 4294 2401 4352 dimitteris
2421 4294 2594 4349 donec
2633 4291 2864 4349 solveris
2893 4290 3252 4347 novissimum
3283 4290 3502 4345 obolum
3531 4308 3546 4357 ;
3579 4291 3683 4345 hoc

2104 4385 2248 4441 enim
2276 4384 2481 4439 dicitur
2507 4382 2805 4453 quadrans.

2173 4476 2230 4547 9
2253 4477 2536 4545 Quadrans
2558 4491 2692 4530 vero
2707 4483 2962 4544 quartam
2991 4488 3262 4530 mensurae
3281 4481 3491 4544 partem
3519 4474 3683 4543 signi-

411 4568 595 4637 Ὀῦτος
638 4574 780 4628 κατά
809 4574 909 4643 τὴν
939 4572 1205 4644 Ἐϐραίων
1233 4573 1437 4643 φωνὴν,
1468 4573 1563 4628 δύο
1605 4574 1755 4628 ἐστὶν
1797 4573 1998 4639 ὀϐολοὶ,

2104 4566 2271 4622 ﬂeat:
2301 4566 2391 4621 hic
2425 4565 2580 4634 juxta
2604 4563 2957 4619 Hebraeorum
2986 4579 3175 4619 vocem
3209 4566 3346 4620 duos
3382 4564 3515 4619 facit
3545 4566 3683 4621 obo-

414 4670 558 4738 ὅπερ
579 4668 608 4720 ό
644 4666 859 4729 Λουκᾶς
886 4661 1210 4735 σαφηνίσας,
1232 4664 1461 4719 λεπτὸν
1479 4665 1785 4735 ὠνόμασεν.
1803 4666 1998 4737 Ἡμεῖς

421 4759 479 4812 δὲ
530 4756 933 4826 ἀπαλλαγῶμεν
982 4755 1078 4809 καὶ
1124 4754 1219 4809 τοῦ
1267 4756 1462 4827 ἐχθροῦ
1534 4757 1629 4810 καὶ
1691 4758 2001 4830 ὲκδικητοῦ,

422 4850 592 4920 ἤγουν
622 4847 717 4903 τοῦ
747 4846 1014 4911 διαϐόλου,
1044 4847 1151 4911 ἕως
1183 4848 1348 4916 ἐσμὲν
1377 4848 1436 4901 ἐν
1467 4850 1533 4922 τῇ
1569 4848 1673 4920 ὀδῷ
1697 4849 1891 4921 ταύτῃ,
1906 4852 2003 4907 καὶ

421 4940 531 4993 τῶν
558 4940 661 5009 τῆς
682 4938 905 5010 ἀτιμίας
935 4938 1141 5004 παθῶν,
1172 4939 1329 4993 ᾶτινα
1352 4939 1613 4994 ἀντίδικοι
1640 4940 1800 5012 ἡμῶν
1826 4942 1999 4999 ἐστιν.

410 5030 612 5095 Ὀὐδεὶς
658 5029 768 5102 γάρ
811 5031 972 5101 ήμῶν
1022 5031 1208 5101 ἕτερος
1257 5030 1546 5099 ἀντίδικος,
1575 5031 1672 5086 ὲάν
1723 5032 1798 5104 μὴ
1844 5034 2006 5105 ἡμεῖς

424 5121 634 5176 ἑαυτῶν
674 5122 763 5175 διὰ.
804 5120 1011 5176 τούτων
1041 5121 1328 5193 γενώμεθα
1357 5123 1642 5189 ἀντίδικοι,
1673 5124 1768 5177 καὶ
1805 5122 1941 5194 μηδὲ
1969 5125 2003 5195 ή

425 5216 731 5286 συνείδησις
777 5214 1238 5283 καταγινωσκέτω
1266 5214 1446 5287 ἡμῶν,
1472 5214 1550 5279 ὡς
1595 5214 2004 5285 καταφρονούν-

424 5324 533 5360 των
576 5306 676 5376 τῆς
721 5306 1081 5377 ὑπομνήσεως
1122 5307 1314 5377 αὐτῆς,
1353 5307 1563 5377 μήποτε
1607 5304 2003 5377 παραδοθῶμεν

423 5396 502 5468 τῷ
526 5400 683 5472 κριτῇ
714 5399 930 5453 πάντων
954 5398 1074 5469 Θεῷ
1094 5398 1198 5452 ὑπὸ
1220 5398 1320 5469 τῆς
1351 5398 1704 5470 συνειδήσεως
1723 5397 2003 5470 ἐλεγχθέν-

424 5500 538 5551 τες,
571 5488 600 5538 ό
631 5485 687 5539 δὲ
714 5486 1026 5558 παραδώσει
1068 5490 1182 5553 τοῖς
1214 5489 1519 5559 πράκτορσι
1550 5490 1665 5551 τοῖς
1710 5489 2003 5552 κολασταῖς

424 5575 700 5645 ἀγγέλοις,
728 5580 821 5631 καὶ
847 5579 1281 5650 ἀπαιτησὼμεθα
1310 5581 1410 5644 τὰς
1431 5582 1525 5633 ἐπὶ
1556 5580 1723 5635 παντὶ
1742 5580 2000 5652 πλημμε-

424 5664 628 5737 λήματι
662 5665 838 5736 δίκας,
874 5669 1055 5741 μικρῷ
1096 5668 1189 5724 καὶ
1231 5669 1470 5741 μεγάλῳ.
1508 5669 1629 5724 Κᾶν
1672 5669 1782 5742 γάρ
1819 5669 1999 5741 μωρὸν

494 5845 573 5915 (Ι)
620 5834 986 5903 Ὑποκείσθω
1022 5850 1213 5904 -νοὺκ
1248 5842 1789 5920 ἠγι·οιι)ιότες.’1ὺξά.
1852 5856 1856 5861 ’

2105 4655 2207 4723 los,
2234 4656 2379 4725 quod
2404 4654 2583 4711 Lucas
2610 4656 2899 4711 declarans
2936 4655 3134 4724 (cptum
3170 4657 3410 4711 vocavit.
3448 4656 3557 4713 Nos
3584 4673 3681 4712 au-

2107 4756 2215 4804 tem
2247 4746 2543 4803 liberemur
2568 4748 2734 4802 etiam
2761 4750 2829 4801 ab
2852 4747 3078 4802 inimico
3112 4756 3168 4803 et
3199 4749 3541 4813 adversario,
3569 4750 3683 4804 sci-

2104 4840 2232 4897 licet
2256 4838 2493 4907 diabolo,
2523 4840 2651 4895 duin
2676 4854 2865 4895 sumus
2889 4840 2943 4894 in
2971 4840 3073 4895 hac
3101 4841 3212 4904 via,
3248 4850 3304 4895 et
3338 4840 3683 4910 passionibns

2109 4931 2442 5005 ignominiaa,
2475 4946 2598 5003 quae
2620 4930 2950 4987 adversaria
2975 4931 3132 4986 nobis
3164 4941 3312 4987 sunt.
3342 4929 3511 4985 Nemo
3536 4932 3681 4986 enim

2105 5024 2266 5081 nobis
2295 5023 2435 5079 alius
2453 5023 2825 5089 adversarius,
2841 5021 3137 5078 dummodo
3156 5021 3564 5092 nobismetipsis
3586 5038 3683 5093 per

2105 5115 2224 5171 haec
2254 5114 2553 5171 adversarii
2588 5130 2694 5170 non
2724 5114 2900 5171 simus
2925 5130 2942 5179 ;
2989 5128 3166 5184 neque
3191 5114 3523 5170 conscientia
3551 5130 3683 5169 eon-

2105 5208 2327 5265 demnet
2354 5222 2454 5264 nos
2494 5218 2752 5279 tanquam
2784 5207 2932 5263 illius
2965 5206 3393 5263 admonitionem
3437 5217 3682 5261 contem-

2104 5311 2318 5364 nentes,
2359 5313 2429 5355 ne
2477 5315 2714 5370 unquam
2749 5300 3033 5355 tradamur
3073 5298 3245 5370 judici
3293 5298 3535 5353 omnium
3572 5295 3684 5353 Deo

2106 5407 2138 5445 a
2161 5390 2495 5446 conscientia
2538 5390 2877 5460 reprehensi,
2906 5390 2997 5460 qui
3048 5406 3147 5445 nos
3192 5390 3370 5445 tradat
3404 5391 3681 5444 exactori-

2106 5483 2229 5550 bus,
2265 5481 2573 5538 vindicibus
2623 5482 2851 5551 angelis,
2911 5491 2967 5535 et
3016 5479 3288 5552 postulent
3335 5496 3365 5533 a
3414 5480 3569 5535 nobis
3615 5481 3682 5535 de

2107 5573 2359 5630 omnibus
2381 5573 2616 5645 peccatis
2630 5573 2991 5643 expiationem
3020 5584 3131 5627 tum
3156 5573 3392 5644 magnis,
3416 5582 3526 5627 tum
3555 5588 3681 5642 par-

2105 5666 2210 5724 vis.
2247 5663 2305 5724 Si
2338 5665 2483 5724 enim
2509 5665 2735 5723 stultum
2768 5665 2996 5724 fratrem
3022 5665 3345 5735 dixerimus,
3375 5664 3518 5736 quod
3551 5678 3679 5735 par-
