4120 6376
453 378 559 437 $79

1446 382 1503 439 S.
1545 381 1817 448 CYBILLI
1853 379 2324 438 ALEXANDRINI
2364 378 2685 437 ARClllEP.

3604 377 3715 436 Ἄρ

456 513 579 551 \‘ntn
619 516 737 555 esse
778 500 1026 567 videtur,
1069 502 1122 557 in
1169 502 1472 573 gehennam
1526 501 1879 573 abripiemur.
1928 500 2024 555 Sin

2137 502 2217 556 τὸν
2258 500 2487 570 ἀδελφὸν
2520 501 2787 569 εἴπωμεν,
2822 498 2960 568 ὅπερ
2995 497 3143 551 δοκεῖ
3191 512 3387 568 μικρον
3434 489 3597 559 εἶναι,
3632 500 3714 559 εἰς

457 608 586 647 vero
642 592 863 648 stultum
909 609 1175 663 vocasse,
1231 595 1298 655 ad
1349 595 1653 666 gehennam
1710 594 2028 662 pertrahat,

455 685 671 754 quando
698 687 867 740 etiam
901 685 1207 743 maleﬁcum
1237 727 1255 754 ,
1291 695 1344 743 et
1382 686 1735 750 invidiosum,
1765 694 1821 743 et
1851 685 2030 739 inanis

456 774 639 846 gloriae
681 788 1065 847 appetentem,
1124 791 1181 841 et
1234 781 1518 841 innumera
1571 778 1881 847 hujusmodi
1925 776 2030 831 alia

458 869 965 936 nuncupaverinms,
1007 880 1267 937 quantum
1322 869 1728 937 nobismetipsis
1776 867 2033 937 geltennzn

456 954 632 1015 ignem
663 958 1005 1013 anxerimus!
1036 959 1169 1014 illud
1194 960 1340 1014 enim
1368 960 1529 1014 stulte
1559 970 1614 1025 et
1638 976 1787 1031 race,
1820 960 1887 1014 iis
1913 975 2033 1029 qua:

457 1048 598 1100 dicta
628 1059 753 1101 sunt
782 1050 951 1104 multo
981 1052 1153 1105 levius
1179 1060 1264 1104 est
1294 1052 1345 1105 in
1384 1051 1595 1106 ratione
1626 1050 1858 1120 injuriae.
1884 1051 2032 1119 Qua-

458 1150 678 1207 pmpter
711 1139 798 1194 illa
828 1144 1201 1211 pertransiens
1226 1143 1613 1199 Christushzec
1632 1144 1832 1215 posuit,
1861 1156 1920 1198 ut
1946 1144 2033 1198 di-

460 1238 581 1278 scas
598 1229 741 1294 quod
769 1230 812 1282 si
851 1228 983 1284 illud
1012 1230 1185 1287 levius
1206 1232 1410 1286 dictum
1439 1234 1740 1303 gehennam
1766 1241 2031 1299 accersat,

458 1318 1148 1383 contradicentem,multo
1184 1323 1354 1392 magis
1388 1323 1442 1378 id
1494 1324 1743 1395 graviora
1771 1322 2031 1391 cilicium.

461 1403 570 1459 Nos
593 1417 771 1459 autem
805 1424 903 1478 pro
946 1412 1175 1465 ridiculo
1207 1413 1310 1468 hoc
1354 1414 1660 1470 habemus:
1702 1415 1856 1469 stulti
1888 1415 2031 1468 enim

463 1496 679 1550 mmiine
714 1513 857 1567 saepe
881 1500 1237 1569 abstinentes,
1285 1503 1419 1558 alias
1452 1504 1680 1572 injurias
1720 1504 2035 1567 acerbiores

463 1585 788 1653 proferimus
823 1597 1079 1659 tanquam
1111 1591 1239 1645 illud
1278 1592 1452 1645 solum
1479 1608 1677 1646 nomen
1708 1593 2032 1663 supplicium

466 1674 664 1730 habeat
700 1693 995 1732 annexum.
1028 1679 1141 1736 lloc
1174 1691 1353 1737 autem
1385 1698 1491 1737 non
1523 1682 1597 1737 ita
1631 1692 1735 1750 est,
1775 1685 1868 1738 sed
1914 1699 2035 1741 ome

463 1769 549 1823 nis
588 1780 902 1837 accusator,
932 1783 987 1829 et
1025 1775 1469 1843 contumeliosus,
1504 1784 1749 1831 extremo
1774 1777 2035 1847 supplicio

2132 595 2228 664 τὴν
2256 568 2480 661 γέενναν
2510 568 2966 661 ἀπαχθησόμεθα.
3002 589 3065 642 Ei
3096 588 3153 647 δέ
3185 588 3245 641 τὸ
3279 587 3461 659 μωρὸν
3483 568 3741 651 καλέσαι’

2131 686 2355 753 γέενναν
2386 682 2699 753 ἐφέλκεται,
2735 682 2862 744 ὅταν
2889 682 2983 735 καὶ
3012 678 3342 749 κακοῦργον,
3379 680 3471 732 καὶ
3505 678 3713 748 βάσκα-

2131 792 2239 840 νον,
2273 775 2367 843 και
2395 773 2689 841 κενόδοξον,
2731 774 2821 826 καὶ
2859 770 3029 843 μυρία
3061 770 3196 826 ἄλλα
3242 768 3466 832 τοιαῦτα
3508 769 3710 839 ὀνομά-

2132 865 2335 936 ζωμεν,
2373 864 2538 917 πόσον
2579 862 2792 925 ἑαυτοῖς
2817 861 3042 933 γεέννης
3088 859 3424 931 συναύξομεν
3453 857 3603 928 πῦρι
3639 857 3713 909 Τὸ

2131 959 2238 1029 γάρ
2260 957 2440 1027 μωρὰ,
2472 957 2564 1009 καὶ¹
2590 956 2649 1010 τὸ
2680 954 2859 1023 ῥακὰ,
2886 952 2994 1006 τῶν
3033 951 3341 1023 εἰρημένων
3374 949 3551 1019 πολλῷ
3585 968 3712 1005 κουρ

2133 1049 2335 1120 φότερα
2380 1050 2458 1113 εις
2499 1046 2711 1119 ὕϐρεως
2744 1045 2904 1113 λόγον
2926 1043 3061 1098 ἐστί.
3085 1045 3284 1113 Διόπερ
3306 1044 3490 1096 ἐκεῖνα
3516 1042 3713 1113 παρεὶς

2131 1140 2305 1194 ταῦτα
2338 1138 2533 1210 ἔθηκεν
2560 1139 2589 1191 6
2619 1136 2874 1209 Χριστὸς,
2908 1136 2995 1189 ἵνα
3028 1134 3208 1207 μάθῃς
3236 1136 3316 1189 ὅτι
3350 1136 3400 1187 ει
3422 1133 3713 1205 φορητότετ

2136 1250 2228 1305 ρον
2253 1232 2439 1303 λεχθὲν
2459 1231 2559 1301 τὴν
2579 1230 2802 1299 γέενναν
2828 1229 3131 1281 ἐπισπᾶται
3160 1226 3303 1281 κατὰ
3326 1226 3417 1279 τοῦ
3440 1226 3710 1295 λέγοντος,

2134 1323 2314 1394 πολλῷ
2344 1322 2544 1393 μᾶλλον
2574 1321 2642 1381 τά
2674 1319 2954 1392 βαρύτερα
2988 1317 3150 1373 τοῦτο
3189 1315 3506 1389 ἐργάζεται.
3524 1317 3713 1384 Ἡμεῖς

2132 1418 2190 1471 δὲ
2243 1415 2645 1485 καταγέλαστον
2696 1412 2854 1467 τοῦτο
2904 1410 3187 1480 ποιοῦμεν.
3239 1409 3313 1463 Τδ
3369 1409 3477 1479 γὰρ
3533 1408 3716 1479 μωρὸς

2135 1509 2308 1579 ὄνομα
2351 1507 2613 1569 πολλάκις
2661 1503 3208 1576 παραφυλαττόμενοι
3236 1542 3251 1567 ,
3287 1501 3480 1573 ἐτέρας
3529 1498 3716 1571 ’ὑϐρεις

2136 1600 2466 1672 πικροτέρας
2499 1598 2801 1670 ἐπάγομεν,
2834 1597 2910 1661 ὡς
2941 1596 3154 1657 ἐκείνου
3193 1594 3354 1666 μόνου
3383 1592 3477 1646 τοῦ
3520 1593 3717 1663 όνόματ

2134 1709 2224 1754 τος
2274 1691 2371 1761 τὴν
2425 1689 2650 1743 κόλασιν
2695 1688 2933 1760 ἔχοντος.
2966 1687 3039 1740 Τὸ
3079 1686 3136 1747 δέ
3181 1686 3242 1738 οὐ
3280 1683 3521 1738 τοιοῦτόν
3548 1686 3714 1747 ἐστιν,

2137 1782 2275 1836 ἀλλὰ
2304 1783 2410 1846 πᾶς
2437 1783 2744 1853 κατήγορος
2773 1781 2868 1833 καὶ
2899 1779 3159 1849 λοίδορος,
3196 1777 3294 1848 τῆς
3326 1776 3564 1847 ἐσχάτης
3601 1774 3720 1828 ἐστὶ

462 1861 654 1929 dignus
698 1873 820 1918 est:
860 1884 878 1917 ι
916 1863 1093 1921 Nolite
1148 1869 1293 1922 enim
1343 1884 1555 1935 errare,
1590 1868 1809 1939 inquit:
1860 1884 2034 1939 neque

2137 1874 2406 1937 κολάσεως
2428 1874 2594 1941 ἄξιος.
2620 1872 2742 1944 «Μὴ
2774 1871 3049 1926 πλανᾶσθε
3072 1871 3203 1943 γὰρ,
3226 1870 3410 1939 φησιν·
3439 1866 3563 1921 οὔτε
3590 1866 3721 1938 1:69,-

462 1951 767 2020 l'ornicarii,
820 1971 996 2028 neque
1039 1958 1200 2013 idolis
1256 1961 1580 2026 servientes,
1633 1976 1809 2029 neque
1857 1962 2031 2028 avari,

462 2060 635 2111 neque
685 2046 909 2118 ebriosi,
946 2062 1122 2122 neque
1160 2050 1406 2106 maledici
1450 2067 1675 2123 regnum
1710 2051 1803 2106 Dei
1860 2052 2034 2122 possi-

464 2135 666 2191 debunt
701 2138 744 2191 ⁸.
783 2157 804 2190 s
842 2138 898 2194 Si
948 2155 1079 2195 vero
1105 2141 1203 2197 tibi
1245 2143 1430 2210 gravia
1475 2157 1601 2207 esse
1636 2143 1889 2203 videntur
1921 2143 2035 2197 lucc

461 2236 749 2295 praecepta,
787 2230 1125 2302 multumque
1156 2234 1437 2298 ccutinere
1479 2233 1703 2296 laboris,
1741 2232 2031 2288 considera

462 2330 685 2388 propter
714 2320 992 2377 Christum
1043 2335 1096 2379 te
1149 2325 1265 2380 haec
1306 2324 1507 2395 facere,
1555 2334 1610 2379 et
1643 2340 1826 2379 amara
1876 2333 2037 2388 erunt

462 2410 665 2473 dulcia.
704 2423 760 2466 et
800 2412 954 2467 labor
990 2431 1095 2470 non
1144 2416 1380 2486 amplius
1415 2416 1569 2470 labor
1611 2416 1905 2482 videbitur,
1940 2415 2035 2470 sed

461 2512 665 2579 quanto
696 2505 1005 2560 contentior
1029 2505 1215 2572 fuerit,
1252 2516 1401 2561 tanto
1435 2507 1653 2562 suavior
1682 2506 1773 2561 lict
1819 2516 1873 2561 et
1917 2505 2036 2559 dul-

462 2596 599 2647 cior.
630 2592 747 2649 Non
784 2596 959 2651 solum
996 2608 1178 2653 autem
1223 2614 1318 2669 spe
1358 2599 1665 2654 futurorum
1698 2598 1870 2653 levem
1908 2597 2036 2661 red-

463 2686 600 2740 didit
630 2690 882 2743 virtutem
929 2689 1093 2756 Dens,
1144 2693 1237 2745 sed
1281 2692 1389 2747 alio
1422 2692 1586 2747 etiam
1632 2691 1793 2747 modo
1837 2691 2037 2762 ubique

464 2777 620 2839 nobis
643 2780 987 2846 coniunctus,
1022 2790 1074 2836 et
1102 2783 1154 2835 in
1192 2784 1459 2837 auxilium
1489 2793 1733 2853 paratus.

536 2867 604 2933 ν,
637 2869 728 2925 27.
768 2870 1005 2933 Audistis
1050 2874 1179 2944 quia
1224 2875 1423 2930 dictum
1476 2882 1605 2929 est:
1634 2873 1758 2931 Non
1808 2874 2037 2938 moecha-

463 2962 617 3025 beris.

532 3053 672 3111 Sunt
712 3054 851 3111 forte
886 3057 1127 3119 nonnulli
1159 3058 1250 3129 qui
1286 3066 1493 3117 tantam
1527 3060 1760 3129 gratiam
1805 3073 2036 3128 accepe-

466 3154 593 3198 runt
636 3155 696 3208 ut
735 3148 907 3216 ipsius
938 3150 1408 3220 concupiscentia:
1441 3150 1550 3213 sint
1592 3151 1879 3209 immunes.
1920 3152 2038 3205 Ca2-

467 3245 640 3290 tcrum
689 3236 961 3304 Christus,
997 3256 1095 3310 per
1121 3256 1281 3311 quem
1330 3250 1525 3295 natura
1567 3242 1801 3295 humana
1852 3241 2039 3295 melio-

467 3337 583 3382 rata
625 3339 731 3394 est,
762 3331 1007 3401 quaedam
1059 3347 1180 3402 qua:
1220 3348 1381 3404 supra
1413 3332 1584 3403 legem
1617 3342 1743 3387 sunt
1788 3333 2036 3402 imperat,

467 3427 526 3470 ut
558 3434 699 3473 nunc
736 3420 1036 3488 possibilia.
1074 3421 1133 3477 Si
1166 3423 1313 3478 enim
1357 3425 1423 3479 iis
1468 3423 1561 3494 qui
1593 3434 1721 3478 ante
1760 3422 2037 3479 Christum

467 3508 686 3563 fuerunt
736 3512 838 3566 hoc
885 3521 1005 3568 erat
1056 3514 1410 3583 impossibile,
1447 3512 1836 3585 ﬁdelibusjam
1882 3514 2040 3569 facile

463 3608 550 3653 est
578 3602 1045 3669 concupiscentias
1074 3602 1410 3659 rescindere.

542 3689 605 3756 ν,
651 3691 739 3751 50.
795 3692 1047 3765 Cyrillus,
1097 3694 1354 3761 Joannes,
1411 3695 1681 3763 Isidorus,
1734 3694 2037 3750 Theodorus

468 3780 805 3837 Heracleam.
856 3784 1051 3841 Dicens
1082 3803 1097 3840 :
1131 3803 1149 3838 ι
1187 3785 1244 3841 Si
1281 3786 1475 3842 oculus
1522 3796 1647 3841 tuus
1702 3784 2041 3842 scandalizet

470 3882 542 3936 te,
576 3891 596 3927 ι
634 3884 766 3941 etc.,
803 3891 901 3946 per
944 3876 1161 3932 oculum
1202 3878 1660 3949 concupiscentia:
1716 3884 2040 3945 conceptum

468 3963 717 4033 intelligit
740 3981 901 4035 quem
930 3967 1047 4022 erui
1075 3977 1326 4038 oportere
1357 3969 1457 4023 ait.

538 4055 727 4112 Aliter.
764 4055 1108 4115 Eorumdem.
1147 4060 1301 4117 Oculi
1338 4071 1394 4116 et
1421 4075 1612 4115 manus
1642 4059 1862 4115 nomine
1900 4058 2040 4114 ami-

466 4162 567 4204 cus
596 4147 936 4221 intelligitur.
965 4151 1022 4206 Si
1045 4152 1191 4207 enim
1216 4152 1450 4221 aliquem
1470 4161 1528 4205 ut
1548 4150 1763 4206 oculum
1792 4151 2041 4205 dextrum

468 4239 688 4310 diligas,
711 4251 853 4297 etes
880 4257 946 4298 eo
974 4244 1217 4299 eamdem
1248 4243 1539 4299 utilitatem
1574 4243 1845 4313 percipias
1875 4255 2038 4310 quam

468 4346 535 4385 ex
564 4346 727 4387 manu
764 4332 1015 4402 dextera;
1047 4343 1103 4390 et
1127 4336 1365 4391 animam
1405 4347 1549 4391 tuam
1586 4334 1752 4397 lazdit.
1793 4348 1923 4388 erue
1946 4347 2043 4389 eos

467 4436 499 4477 ι
544 4432 594 4478 te
637 4434 693 4479 et
734 4424 803 4479 sb
836 4425 918 4481 eis
963 4441 1239 4496 separare.
1294 4427 1431 4483 Cum
1484 4428 1629 4482 enim
1671 4440 1766 4481 vos
1809 4424 2039 4481 invicem

2134 1985 2235 2030 νοι,
2261 1965 2386 2019 οὔτε
2420 1966 2828 2038 εἰδωλολάτραι,
2852 1964 2979 2018 οὔτε
3007 1964 3348 2025 πλεονέκται,
3374 1962 3434 2015 ού
3469 1960 3716 2033 μέθυσοι,

2133 2060 2193 2112 ού
2224 2058 2449 2129 λοίδοροι
2479 2058 2755 2129 βασιλείαν
2790 2057 2925 2110 Θεοῦ
2960 2056 3487 2127 κληρονομήσουσιν.
3512 2072 3530 2105 ι
3567 2054 3630 2107 Ei
3659 2051 3719 2107 δέ

2136 2167 2218 2202 σοι
2266 2150 2504 2220 φορτικὰ
2548 2144 2688 2203 εἶναι
2736 2148 2886 2202 δοκεί
2926 2147 3099 2201 ταῦτα
3125 2145 3194 2199 τὰ
3222 2144 3592 2212 ἐπιτάγματα,
3626 2142 3719 2196 καὶ

2136 2239 2308 2293 πολὺν
2334 2238 2599 2310 παρέχειν
2631 2237 2722 2291 τὸν
2744 2239 2925 2301 πόνον,
2950 2237 3223 2307 ἐννόησον,
3250 2236 3332 2289 ὅτι
3360 2235 3448 2289 διὰ
3476 2234 3568 2288 τθν
3587 2235 3719 2303 Χρι-

2138 2330 2263 2383 στὸν
2308 2329 2482 2383 ταῦτα
2525 2333 2721 2396 ποιεῖς,
2753 2330 2849 2383 καὶ
2880 2328 2951 2381 τὰ
2980 2328 3203 2399 λυπηρὰ
3232 2327 3386 2381 ἔσται
3414 2326 3537 2398 ἤδη,
3567 2326 3661 2379 καὶ
3688 2329 3717 2381 ό

2136 2423 2299 2485 πόνος
2347 2422 2529 2477 οὐκέτι
2565 2422 2727 2487 πόνος
2773 2425 3042 2491 φανεῖται,
3079 2421 3196 2475 ἀλλ’
3236 2423 3446 2491 ὅσαπερ
3479 2419 3546 2473 ἂν
3590 2419 3718 2471 ἐπι-

2136 2518 2397 2588 τείνηται,
2425 2517 2668 2588 τοσούτῳ
2696 2517 3029 2588 γλυκύτερος
3060 2516 3156 2571 καὶ¹
3187 2516 3348 2587 ἡδίων
3375 2513 3603 2583 γίνεται.
3639 2511 3716 2573 Οὐ

2142 2612 2301 2679 μόνον
2324 2609 2380 2662 δὲ
2406 2612 2472 2681 τῇ
2502 2610 2610 2663 τῶν
2636 2608 2941 2680 μελλόντων
2960 2608 3137 2662 ἐλπίδι
3159 2608 3368 2678 κούφην
3391 2607 3490 2677 τὴν
3515 2603 3716 2678 ἀρετὴν

2137 2702 2393 2773 ἐποίησεν
2426 2704 2455 2755 6
2483 2701 2636 2767 Θεὸς,
2671 2701 2808 2755 ἀλλὰ
2842 2702 2936 2755 καὶ
2968 2700 3139 2771 ἑτέρῳ
3169 2699 3356 2769 τρόπῳ
3378 2694 3718 2765 συνεφαπτόο

2139 2810 2302 2863 μενος
2336 2795 2467 2863 ἡμῖν
2503 2791 2778 2864 πανταχοῦ
2811 2793 2905 2846 καὶ
2936 2790 3592 2862 συναντιλαμϐανόμενος.

2220 2885 2550 2940 Ἠκούσατε
2584 2884 2671 2939 ὅτι
2695 2884 2927 2954 ὲῤῥέθη,
2957 2887 3039 2939 Οὐ
3058 2884 3427 2955 μοιχεύσεις.

2208 3059 2363 3129 Τάχα
2384 3058 2456 3130 (Ι)
2481 3059 2586 3124 εἰσί
2617 3070 2760 3123 τινες
2779 3058 3021 3113 τοιοῦτον
3036 3058 3293 3121 λαϐόντες
3309 3056 3557 3128 χάρισμα
3578 3055 3717 3109 ὥστε

2144 3150 2219 3223 μὴ
2272 3150 2579 3221 ἐπιθυμεῖν.
2613 3151 2819 3222 Πλὴνὸ
2872 3150 3110 3222 Χριστὸς
3159 3149 3234 3215 ὡς
3295 3149 3719 3221 ἰσχυροποιήσας

2140 3243 2242 3314 τὴν
2265 3241 2566 3314 ἀνθρώπων
2602 3242 2786 3311 φύσιν,
2820 3243 2913 3296 καὶ
2946 3240 3015 3295 τά
3045 3240 3188 3311 ὑπὲρ
3221 3241 3385 3311 νόμον
3408 3240 3717 3302 ἐπιτάσσει,

2139 3334 2214 3398 ὡς
2248 3334 2340 3388 νῦν
2361 3334 2725 3406 ἐγχωροῦντα.
2744 3335 2807 3388 Εί
2834 3334 2942 3405 γὰρ
2967 3334 3062 3387 καὶ
3088 3334 3202 3397 τοῖς
3232 3332 3338 3404 πρὸ
3364 3332 3459 3386 τοῦ
3483 3328 3720 3402 Χριστοῦ

2139 3425 2397 3479 ἀδύνατον
2426 3422 2494 3496 ἦν
2544 3426 2723 3491 τοῦτο,
2755 3426 2891 3480 ἀλλὰ
2928 3429 3043 3490 τοῖς
3076 3428 3287 3488 πιστοῖς
3315 3422 3724 3494 εύκατόρθωτον

2139 3515 2200 3570 τὸ
2226 3516 2323 3580 τὰς
2352 3516 2650 3588 ἐπιθυμίας
2674 3517 2983 3571 ἐκκόπτειν.

2213 3696 2529 3765 Κύριλὶος,
2561 3694 2852 3761 Ἰωάννης,
2873 3693 3187 3760 Ἰσίδωρος.
3214 3693 3513 3762 Θεόδωρος
3548 3691 3721 3759 Ἡρα-

2142 3788 2365 3855 κλείας.
2396 3786 2722 3856 Είπὼν(2),‹
2761 3787 2816 3839 Ἐ
2829 3786 2893 3838 ἀν
2914 3787 2941 3838 6
2961 3784 3239 3855 ὀφθαλμός
3269 3800 3363 3837 σου
3396 3768 3724 3854 σκανδαλίζῃ

2144 3897 2224 3947 σε,
2251 3901 2269 3931 ι
2300 3879 2394 3933 καὶ
2439 3878 2509 3933 τὰ
2543 3879 2669 3949 ἑξῆς
2695 3896 2708 3909 ο
2737 3876 3014 3947 ὀφθαλμὸν
3038 3876 3186 3945 λέγει
3212 3876 3304 3929 τὸν
3328 3873 3588 3945 λογισμὸν
3631 3873 3723 3943 ιῆς

2141 3973 2459 4044 ἐπιθυμίας,
2484 3971 2543 4026 ὃν
2567 3972 2719 4040 λέγει
2737 3972 3120 4025 ἐκκόπτεσθαι.

2215 4067 2461 4131 Ἄλλως.
2504 4061 2626 4118 Τῶν
2654 4063 2873 4119 αὐτῶν.
2906 4060 3212 4133 Ὀφθαλμὺς
3235 4060 3331 4114 καὶ
3372 4060 3494 4132 χεὶρ
3525 4061 3725 4121 νοεῖται

2138 4157 2169 4211 6
2197 4157 2348 4227 φίλος
2375 4173 2390 4188 ·
2424 4155 2518 4211 ἐὰν
2570 4155 2679 4226 γάρ
2728 4172 2852 4208 τινα
2900 4154 3074 4218 οὕτως
3122 4153 3306 4224 φιλῇς,
3354 4152 3429 4215 ὡς
3474 4152 3532 4204 ἐν
3572 4148 3725 4217 τάξει

2140 4247 2422 4320 ὀφθαλμοῦ
2445 4246 2759 4315 δεξιοῦ,κα“ι
2782 4248 3051 4317 χρήσιμον
3080 4244 3245 4300 αὑτὸν
3282 4244 3522 4313 νομίζεις
3549 4242 3623 4306 ὡς
3666 4241 3727 4295 ἐν

2140 4339 2291 4406 τάξει
2310 4340 2494 4406 δεξιᾶς
2522 4339 2724 4411 χειρὸς,
2755 4340 2848 4393 καὶ
2870 4339 3096 4411 βλάπτει
3125 4355 3219 4392 σου
3250 4336 3349 4408 τὴν
3374 4335 3573 4406 ψυχὴν,
3592 4333 3727 4389 ἀπό-

2139 4450 2275 4505 τεμε
2313 4433 2532 4497 τούτους
2552 4432 2660 4486 ἀπὸ
2694 4431 2809 4495 σοῦ,
2837 4432 2929 4484 καὶ
2960 4431 3149 4503 πόρρω
3182 4428 3483 4501 χωρίσθητι
3514 4425 3610 4481 ἀπ’
3632 4426 3729 4479 αύ-

469 4515 685 4571 salvare
710 4531 818 4571 non
849 4518 1093 4588 possitis,
1120 4520 1230 4576 imo
1258 4535 1387 4576 vero
1424 4522 1584 4576 ambo
1612 4519 1774 4576 simul
1808 4519 2035 4589 perituri

2145 4523 2274 4577 τῶν.
2296 4523 2413 4577 Ὀτ’
2447 4522 2514 4576 ἂν
2547 4521 2656 4594 γὰρ
2687 4521 2763 4593 μὴ
2798 4519 3059 4591 ἀλλήλους
3094 4518 3327 4589 σώζητε,
3358 4516 3495 4573 ἀλλὰ
3528 4514 3728 4587 μᾶλλον

468 4607 591 4661 sitis
631 4607 683 4661 in
731 4615 914 4663 mutua
956 4609 1221 4667 societate
1265 4619 1575 4679 manentes,
1604 4611 1779 4667 satius
1812 4618 1921 4677 est,
1948 4609 2035 4666 vel

2143 4613 2456 4687 ἀμφότεροι
2511 4611 2963 4685 προσαπόλλυσθε
3015 4611 3169 4675 ὄντες
3227 4608 3406 4681 ὁμοῦ,
3458 4607 3728 4679 συμφέρει

469 4712 656 4761 unum,
687 4699 758 4754 ab
782 4699 891 4755 alio
917 4710 1245 4772 separatum,
1277 4703 1495 4759 salvari.

540 4788 605 4857 V,
636 4789 727 4846 3|.
769 4790 980 4848 Dictum
1014 4803 1095 4849 est
1126 4810 1145 4849 :
1179 4795 1491 4867 Quicunque
1525 4795 1787 4852 dimiserit
1824 4814 2043 4856 uxorem

464 4896 641 4950 suam,
674 4883 763 4939 det
793 4885 841 4940 ei
873 4884 1107 4942 libellum
1140 4887 1368 4958 repudii.

541 4973 855 5046 Sapientem
918 4991 1140 5035 uxorem
1208 4978 1493 5036 dimittens
1551 4978 1764 5052 copiam
1830 4981 1881 5038 ei
1952 4982 2046 5040 dat

467 5064 559 5120 alii
596 5066 854 5135 nubendi,
891 5067 1035 5139 quod
1083 5078 1167 5127 est
1212 5073 1597 5129 mmehationis
1636 5087 1825 5144 genus,
1877 5075 2035 5144 quasi

469 5156 706 5212 nondum
741 5157 1006 5215 dissoluto
1058 5160 1292 5217 vinculo.
1350 5161 1469 5218 Non
1515 5161 1661 5218 enim
1712 5165 1919 5235 repudii
1972 5165 2040 5219 li-

468 5250 643 5308 bellus
680 5252 819 5321 apud
866 5251 1033 5308 Deum
1078 5256 1483 5312 matrimonium
1529 5255 1711 5323 solvit,
1755 5257 1851 5312 sed
1905 5257 2042 5312 mala

468 5343 663 5410 agendi
695 5345 865 5411 ratio.

543 5433 649 5503 ιο
681 5434 745 5501 V,
772 5436 864 5506 54,
898 5439 986 5496 35.
1040 5439 1223 5510 Neque
1255 5456 1346 5509 per
1377 5439 1560 5494 caelum
1587 5480 1603 5506 ,
1647 5440 1774 5509 quia
1819 5440 2036 5495 thronus

469 5520 570 5577 Dei
595 5535 708 5589 est;
742 5544 903 5597 neque
926 5546 1019 5599 per
1047 5539 1265 5585 terram.

539 5639 561 5670 ³
595 5639 615 5691 Ι
643 5638 768 5696 Cor.
800 5656 875 5708 vt,
905 5642 960 5699 9.

540 5750 618 5822 (ί)
655 5750 811 5817 Τάχα
830 5754 953 5807 εἱσι
980 5782 1050 5801 ιν-
1072 5754 1407 5810 sudatur.
1432 5754 1675 5811 Cramer.
1702 5768 1753 5822 p.
1787 5753 1873 5808 3'7.

543 5817 621 5889 (Ξ)
646 5822 842 5881 Εἰπὼν
866 5854 934 5868 -
959 5823 1067 5880 ἕνα
1094 5824 1381 5896 σωθῆναι.
1412 5826 1649 5883 Cramer.
1674 5817 1726 5897 ρ’.
1753 5823 1843 5881 59.

2142 4704 2505 4777 χωρισθέντα,
2548 4702 2650 4757 κᾶν
2679 4702 2770 4757 τὸν
2799 4702 2896 4755 ἕνα
2933 4702 3192 4771 σωθῆναι.

2226 4795 2461 4865 Ἐρῤέθη
2490 4795 2559 4848 δὲ
2580 4796 2670 4848 ὅτι
2696 4794 2763 4861 ὃς
2799 4793 2878 4848 ἂν
2899 4792 3185 4862 ἀπολύσῃ
3204 4789 3323 4860 τὴν
3347 4787 3605 4859 γυναῖκα
3624 4787 3728 4843 αὑ-

2141 4887 2274 4957 τοῦ,
2297 4889 2450 4943 δότω
2472 4885 2629 4956 αὐτῇ
2644 4884 3051 4943 ἀποστάσιον.

2232 4985 2293 5038 ’0
2318 4984 2396 5054 (5)
2422 4984 2524 5055 τὴν
2554 4981 2808 5054 σώφρονα
2830 4979 3109 5036 ἐκϐάλλων
3135 4979 3353 5034 δίδωσιν
3377 4976 3514 5048 αὐτῇ
3543 4974 3729 5030 ἄδειαν

2149 5076 2296 5148 ἄλλῳ
2322 5075 2656 5146 γαμηθῆναι,
2686 5075 2824 5144 ὅπερ
2868 5072 3019 5127 ἐστὶν
3047 5068 3187 5135 εἶδος
3232 5068 3501 5141 μοιχείας,
3527 5066 3729 5121 ὡσανεὶ

2152 5168 2230 5238 μὴ
2276 5167 2531 5237 λυθείσης
2570 5164 2861 5232 συζυγίαςο
2904 5162 2967 5216 οὐ
3022 5162 3130 5234 γὰρ
3160 5160 3230 5216 τά
3274 5158 3534 5232 ρεπούδια
3576 5157 3730 5231 παρὰ

2147 5256 2267 5328 Θεῷ
2286 5255 2401 5309 λύει
2431 5256 2522 5311 τὸν
2549 5255 2747 5325 γάμον,
2778 5252 2894 5308 ἀλλ’
2922 5252 2955 5321 ἡ
2988 5250 3191 5315 ἄτοπος
3219 5249 3441 5321 πρᾶξις.

2216 5438 2379 5503 Μήτε
2407 5436 2475 5490 ἐν
2514 5434 2593 5499 τῷ
2622 5433 2878 5505 οὐρανῷ,
2909 5433 2999 5489 ὅτι
3024 5431 3237 5503 θρόνος
3255 5430 3390 5487 ἐστὶ
3408 5428 3517 5486 τοῦ
3541 5425 3691 5486 Θεοῦ
3708 5437 3728 5459 ’

2139 5527 2293 5599 μήτε
2316 5527 2386 5582 ὲν
2410 5527 2486 5597 τῇ
2511 5525 2611 5597 τῇ.

2242 5754 2299 5830 3)
2316 5755 2371 5815 '0
2390 5785 2457 5799 —
2475 5756 2673 5822 ἄτοπος
2702 5753 2921 5828 πρᾶξις.
2941 5752 3185 5813 Cramer.
3208 5766 3265 5827 p.
3294 5751 3388 5811 39.
3459 5798 3465 5804 .
