4120 6376
445 445 542 501 381

1605 443 1965 501 COMMENT.
2007 442 2072 497 IN
2119 442 2567 499 ΜᾹΤΤΙΙίΕυΜ.

3594 441 3699 497 389

513 557 611 611 Διὰ
642 555 801 611 τοῦτο
829 558 1027 612 κωλύει
1055 560 1200 631 ἡμᾶς
1224 558 1453 631 ὀμνύναι
1486 560 1627 614 κατὰ
1652 558 1746 612 τοῦ
1787 558 2018 629 οὐρανοῦ

2194 557 2402 613 Idcirco
2444 558 2697 637 prohibet
2750 574 2850 617 nos
2898 559 3077 629 iurare
3115 574 3209 629 per
3253 558 3446 614 caelum
3483 570 3535 613 et
3585 570 3698 611 tero

392 620 407 661 ’
441 648 536 703 καὶ
581 647 681 719 τῆς
729 647 855 719 γῆς,
886 648 975 703 ῐνα
1016 620 1108 723 μή·
1128 620 1311 722 διῦμεν
1338 652 1404 723 τῇ
1435 650 1611 706 κτίσει
1654 650 1717 704 τὸ
1748 620 1890 721 ὕπερ
1919 648 2016 718 τὴν

442 739 619 792 κτίσιν
646 737 884 810 ἀξίωμα,
916 739 1290 806 θεοποιοῦντες
1316 741 1506 812 αὐτήν.
1536 742 1599 794 υἱ
1626 740 1735 813 γὰρ
1755 738 2017 811 ὀμνύντες

439 829 632 902 αὐτὴν,
684 832 851 902 φησὶν
898 833 927 886 6
964 832 1288 897 Ἀπόστολος
1311 871 1328 897 ,
1385 851 1404 885 ι
1436 831 1579 888 κατά
1624 831 1719 887 τοῦ
1772 828 2018 904 μείζονος

436 921 755 995 ὀμνύουσιν.
791 943 810 977 ι

516 1011 601 1080 Τῷ
640 1015 911 1075 αἰτοῦντί
948 1030 1024 1081 σε
1068 1015 1240 1077 δίδου
1255 1032 1271 1048 ·
1314 1016 1413 1075 καὶ
1460 1016 1569 1077 τὸν
1609 1017 1863 1077 θέθοντα
1897 1011 2017 1069 ἀπὸ

438 1105 559 1161 σοῦ
585 1106 981 1164 δανείσασθαι
1007 1107 1095 1179 μὴ
1120 1106 1537 1178 ἀποστραφῇς.

512 1198 663 1259 "Eoo.
686 1200 851 1267 φησὶν
878 1204 906 1253 6
926 1199 1181 1270 Χριστὸς,
1204 1198 1278 1270 μὴ
1304 1200 1441 1271 πρὸς
1465 1198 1529 1252 τὸ
1554 1196 1855 1268 λαμϐάνειν
1876 1194 2018 1261 ἐτοι-

442 1305 562 1356 μος,
594 1287 731 1342 ἀλλὰ
761 1288 897 1358 πρὸς
918 1288 979 1343 τὸ
1006 1289 1228 1344 διδόναι.
1263 1287 1336 1351 Τὸ
1360 1289 1460 1360 μὲν
1484 1287 1592 1360 γάρ
1621 1286 1845 1360 χωρίζει
1868 1285 2017 1356 ἡμᾶς

435 1380 547 1434 ἀπὸ
567 1378 701 1433 Θεοῦ
717 1396 730 1410 ·
761 1380 821 1434 τὸ
849 1381 906 1435 δὲ
929 1380 1223 1436 συνάπτειν
1246 1382 1458 1450 πέφυκε
1478 1396 1492 1411 ο
1516 1380 1612 1434 καὶ
1636 1378 1869 1450 μάλιστα
1890 1378 2018 1442 ὅταν

436 1470 468 1523 6
497 1470 665 1533 αίτῶν
703 1470 853 1536 ἄξιος
880 1472 1143 1544 τυγχάνῃ,
1170 1473 1265 1526 καὶ
1294 1471 1477 1537 δικαία
1504 1474 1538 1543 ἡ
1572 1472 1803 1543 αἴτησις,

506 1561 621 1627 οὐκ
651 1562 745 1616 ἐπὶ
772 1562 936 1643 ψιλῆς
981 1564 1079 1633 τῆς
1107 1563 1307 1645 λέξεως
1340 1564 1541 1649 πρέπει
1575 1561 1849 1628 ἵστασθαι,
1882 1559 2019 1614 ἀλλὰ

436 1651 528 1705 τὸν
560 1652 760 1719 σκοπὸν
780 1652 877 1722 τῆς
909 1655 1128 1726 εντολῆς
1157 1654 1432 1732 ξξετάζειν
1458 1654 1719 1734 άκριὸῶς.
1745 1651 1880 1715 οὔτε
1907 1650 2017 1722 γὰρ

433 1744 602 1797 παντὶ
630 1743 868 1799 αίτοῦντι
902 1745 1112 1799 κελεύει
1140 1746 1358 1807 διδόναι,
1391 1744 1495 1799 κᾶν
1527 1744 1602 1823 μὴ
1635 1743 1733 1825 ἔχῃ
1765 1757 1867 1806 τις·
1893 1741 2018 1794 ἁδύ-

435 1851 595 1890 νατον
625 1837 756 1908 γάρ’
784 1836 908 1891 οὔτε
942 1839 1048 1908 μὴν
1082 1837 1177 1892 ἐὰν
1221 1837 1354 1909 ἔχοι,
1390 1837 1567 1908 αἰτοίη
1598 1835 1653 1889 δέ
1681 1852 1766 1899 τις
1800 1834 2016 1897 κακῶς’

435 1894 827 1999 χείρωνγάρὴ
853 1894 1021 1995 δόσις,
1044 1930 1174 1985 ὅταν
1197 1932 1225 1984 6
1381 1928 1518 2001 πρὸς
1546 1894 1839 1997 άσέλγειαν
1867 1894 2015 1997 atrii,
2049 1894 2092 1949 Β

438 2015 505 2070 σὺ
535 2016 592 2070 δὲ
624 2022 916 2084 παοασγῆς
952 2018 1087 2091 ῦλην
1138 2019 1237 2092 τῆς
1287 2020 1545 2090 τοιαύτης
1583 2018 1882 2082 ἀκολασίας
1934 2018 2017 2071 δι-

436 2105 581 2169 δούς.

522 2198 662 2267 Ἐγὼ
695 2198 764 2252 δὲ
798 2199 955 2269 λέγω
1003 2199 1173 2270 ὐμῒνο
1232 2198 1525 2269 Ἀγαπᾶτε
1581 2200 1724 2267 τοὺς
1767 2199 2020 2269 ἐχθροὺς

437 2287 626 2360 ὑμῶν.

521 2379 663 2433 Ἀλλ’
693 2380 824 2445 ἴσως
850 2399 937 2446 τις
965 2383 1057 2437 τὸν
1089 2383 1361 2455 μακάριον
1409 2383 1619 2437 Παῦλον
1661 2382 1736 2446 ὡς
1772 2382 2022 2452 καταρώ-

439 2488 599 2542 μενον
626 2472 719 2527 τὸν
747 2473 954 2544 χαλκέα
998 2474 1345 2546 Ἀλέξανδρον
1373 2476 1669 2546 προσάγων
1710 2476 1863 2545 ἡμῖν,
1897 2474 2021 2527 πεί-

440 2580 549 2618 σειε
583 2565 658 2635 μὴ
686 2566 813 2628 τοὺς
842 2565 1070 2637 ἐχθροὺς
1102 2567 1341 2639 ἀγαπᾷν.
1373 2566 1517 2637 Πρὸς
1547 2566 1606 2619 ὃν
1641 2566 1787 2620 ἔστιν
1822 2568 2016 2629 εἰπεῖν,

438 2656 523 2709 ὅτι
545 2654 641 2726 οὐχ
669 2655 743 2720 ὡς
772 2655 903 2710 ἴδιον
931 2658 1145 2729 ἐχθρὸν,
1170 2658 1285 2713 ἀλλ’
1311 2659 1388 2721 ὼς
1413 2657 1508 2711 τοῦ
1540 2657 1781 2729 Χριστοῦ
1806 2657 1902 2712 καὶ
1924 2657 2019 2711 τοῦ

434 2747 797 2817 Εὑαγγελίου,
829 2751 1136 2821 καταρᾶται
1181 2751 1209 2804 ὁ
1256 2749 1486 2819 Παῦλος,
1516 2750 1782 2814 διδάσκων
1826 2750 1903 2814 ὡς
1933 2750 2022 2803 ἀεὶ

446 2840 560 2905 τοῖς
586 2838 852 2904 τοιούτοις
878 2839 983 2912 χρὴ
1018 2841 1278 2912 πολεμεῖν
1316 2840 1416 2912 (1).

505 3019 582 3090 (2)
634 3019 965 3092 Ἀγαπῶμεν
1004 3022 1133 3085 τοὺς
1187 3019 1417 3093 ἐχθροὺς
1442 3062 1457 3086 ,
1491 3019 1550 3073 οὐ
1600 3018 1723 3073 καθ’
1771 3017 1801 3071 ὃ
1841 3022 2021 3089 μοιχοί

435 3111 626 3182 εἰσινῆ
651 3114 854 3189 φονεῖς,
889 3111 1027 3167 ἀλλὰ
1075 3112 1211 3166 καθὸ
1240 3113 1539 3183 ἄνθρωποι.
1575 3111 1648 3164 Τὸ
1677 3108 1786 3181 γὰρ
1834 3109 2017 3181 ἀμαρ-

2122 654 2280 715 ram,
2350 663 2419 705 ue
2478 661 2749 715 creatura:
2813 664 2979 721 supra
3036 659 3346 705 creaturam
3399 650 3700 707 tribuamus

2119 741 2462 811 dignitatem,
2514 740 2834 798 deiﬁcantes
2888 740 3078 809 ipsam.
3137 739 3241 813 Qui
3305 741 3454 795 enim
3511 741 3703 811 jurant

2120 849 2215 903 per
2248 833 2441 902 ipsam,
2482 832 2659 902 inquit
2683 831 2993 902 Apostolus,
3026 849 3045 883 ι
3084 846 3183 903 per
3209 832 3470 904 majorem
3508 831 3590 888 sui
3610 832 3703 903 ju-

2119 934 2241 980 rant
2270 926 2310 983 ⁶.
2348 944 2366 977 ι

2194 1017 2294 1085 ιι
2327 1016 2393 1080 ν,
2434 1014 2519 1069 ιε.
2557 1014 2663 1089 Qui
2687 1026 2861 1068 autem
2894 1013 3021 1083 petit
3052 1031 3086 1071 α
3118 1023 3187 1080 te,
3217 1014 3288 1069 de
3319 1013 3388 1080 ei,
3420 1022 3472 1069 et
3501 1012 3701 1068 volenti

2117 1107 2354 1161 mutuari
2386 1123 2419 1160 a
2455 1118 2525 1170 te,
2556 1122 2618 1161 ne
2653 1104 2909 1160 averteris

2193 1196 2301 1264 Sis,
2317 1195 2675 1260 aitChristus,
2690 1211 2796 1249 non
2816 1194 2880 1249 ad
2901 1192 3270 1267 accipiendum
3289 1202 3589 1269 promptus,
3604 1189 3701 1247 sed

2119 1289 2185 1343 ad
2211 1287 2465 1342 dandum.
2500 1284 2657 1340 Prius
2696 1286 2844 1339 enim
2887 1284 3017 1339 illud
3052 1300 3082 1337 a
3115 1284 3225 1337 Deo
3261 1298 3362 1339 nos
3396 1280 3699 1353 disiungit:

2119 1382 2222 1437 hoc
2255 1389 2432 1434 autem
2467 1380 2642 1434 eidem
2677 1379 2949 1432 admovet.
2999 1374 3314 1430 Prazsertim
3365 1376 3582 1445 quando
3607 1372 3700 1444 qui

2120 1472 2254 1542 petit
2288 1472 2480 1539 dignus
2520 1469 2703 1537 fuerit,
2737 1480 2790 1522 et
2823 1482 2974 1538 aequa
3009 1466 3082 1521 sit
3108 1466 3421 1537 postulatio.

2190 1563 2304 1618 Non
2341 1565 2393 1618 in
2426 1563 2567 1617 nuda
2602 1560 2839 1621 dictione
2884 1560 3079 1623 sistere
3122 1559 3393 1625 convenit,
3430 1557 3525 1611 sed
3557 1572 3699 1624 prae-

2119 1656 2257 1723 cepti
2300 1668 2494 1721 scopus
2538 1657 2727 1715 exacte
2759 1648 3119 1726 indagandus.
3165 1645 3352 1716 Neque
3381 1647 3524 1701 enim
3550 1645 3698 1700 omni

2119 1746 2320 1818 petenti
2355 1745 2487 1809 dare
2527 1740 2793 1812 prmcipit,
2844 1740 2946 1795 etsi
2990 1738 3112 1810 quis
3151 1738 3285 1792 nihil
3330 1737 3542 1799 habeat,
3578 1734 3695 1791 ﬁeri

2120 1838 2263 1892 enim
2309 1835 2412 1889 hoc
2441 1849 2546 1888 non
2580 1842 2779 1901 potest,
2827 1845 3003 1901 neque
3050 1829 3178 1885 licet
3228 1829 3351 1898 quis
3384 1829 3601 1892 habeat,
3646 1826 3698 1883 si

2122 1925 2259 1981 mala
2311 1926 2417 1992 title
2458 1924 2694 2002 petierit,
2726 1922 2883 1999 Pejus
2928 1929 3011 1975 est
3050 1921 3193 1976 enim
3248 1920 3424 1995 ipsum
3472 1919 3697 1984 donum,

2119 2018 2336 2089 quando
2378 2016 2500 2092 quis
2550 2014 2615 2083 ad
2652 2014 2955 2069 socordiam
2993 2012 3147 2082 petit,
3182 2021 3237 2067 tu
3270 2025 3400 2067 vero
3428 2010 3503 2073 illi
3530 2009 3694 2078 dans,

2120 2110 2402 2166 materiam
2432 2108 2479 2162 ei
2511 2105 2877 2169 dissolutionis
2903 2106 3133 2175 praebes.

2189 2201 2257 2268 ν,
2298 2201 2388 2255 44.
2432 2197 2544 2270 Ego
2579 2207 2754 2252 autem
2788 2196 2909 2251 dico
2963 2194 3103 2251 vobis
3130 2234 3149 2262 ,
3182 2192 3402 2263 Diligile
3450 2191 3696 2246 inimicos

2119 2304 2340 2349 vestros.

2194 2386 2298 2455 12
2326 2383 2430 2438 Sed
2462 2382 2601 2439 forte
2634 2381 2828 2452 aliquis
2867 2380 3086 2446 beatum
3128 2376 3350 2432 Paulum
3385 2375 3696 2436 Alexandro

2121 2460 2311 2529 aerario
2341 2473 2434 2527 Dei
2469 2471 2759 2537 vindictam
2792 2470 3176 2540 imprecantcm
3202 2465 3361 2526 nobis
3383 2465 3693 2538 producens

2122 2566 2177 2620 in
2208 2566 2441 2620 medium
2463 2565 2508 2628 ⁷,
2538 2564 2769 2618 suadere
2795 2562 2941 2616 volet
2984 2561 3237 2615 inimicos
3272 2574 3377 2614 non
3408 2558 3691 2618 amandos.

2122 2659 2218 2715 Cui
2249 2659 2675 2728 respondendum
2700 2665 2801 2725 est,
2830 2671 2935 2710 non
2968 2667 3219 2723 tanquam
3248 2651 3398 2707 Pauli
3425 2652 3692 2720 privatum

2122 2748 2426 2815 inimicum,
2462 2748 2557 2800 sed
2596 2756 2648 2799 ut
2680 2744 2884 2797 Christi
2922 2754 3085 2813 atque
3119 2742 3395 2813 Evangelii
3441 2743 3649 2795 hostem
3671 2776 3690 2803 ,

2121 2838 2370 2894 devotum
2406 2851 2526 2890 esse
2544 2851 2571 2888 a
2592 2835 2756 2897 Paulo
2776 2833 3163 2901 Alexandrum,
3186 2835 3265 2887 sic
3289 2836 3513 2887 docente
3536 2840 3696 2884 teter-

2122 2946 2248 2985 num
2276 2944 2396 2983 cum
2424 2927 2619 2982 talibus
2647 2927 2849 2980 bellum
2886 2926 3181 2996 gerendum
3215 2940 3360 2980 esse.

2196 3022 2490 3092 Diligamus
2515 3020 2785 3084 inimicos,
2815 3035 2920 3073 non
2956 3019 3007 3073 in
3034 3027 3298 3088 quantum
3326 3015 3528 3077 moechi
3567 3018 3694 3069 sunt

2122 3113 2205 3170 vel
2241 3112 2544 3173 homicidae,
2581 3110 2675 3165 sed
2719 3119 2777 3163 ut
2817 3108 3089 3165 homines.
3122 3106 3359 3161 Peccare
3387 3105 3532 3170 enim
3566 3114 3697 3172 ope-

433 3204 617 3273 τάνειν
642 3204 923 3282 ἐνεργείας
953 3205 1125 3269 ἐστὶν,
1168 3206 1269 3259 οὐκ
1301 3206 1491 3269 οὐσίας
1524 3221 1537 3233 ·
1575 3203 1656 3257 διὸ
1686 3201 1810 3256 οὔτε
1851 3202 2014 3274 ἔργον

2120 3206 2347 3263 rationis
2387 3212 2490 3267 est,
2543 3218 2647 3259 non
2702 3210 2948 3269 naturae;
2982 3201 3104 3256 ideo
3148 3214 3248 3255 nec
3277 3206 3559 3273 peccatum
3608 3200 3695 3248 est

435 3294 572 3360 Θεοῦ
596 3296 627 3366 ἡ
657 3280 923 3368 ἁμαρτία.

508 3386 840 3457 Προσέχετε
874 3388 985 3457 τὴν
1015 3388 1437 3458 ἐλεημοσύνην
1468 3388 1664 3459 ὑμῶν,
1688 3391 1776 3467 μὴ
1823 3388 2017 3444 ποιεῖν

436 3474 781 3546 ἔμπροσθεν
811 3478 931 3531 τὼν
955 3478 1300 3547 ἀνθρώπων.

510 3566 587 3639 (5)
622 3566 685 3621 ὐ
721 3567 790 3621 δι’
828 3567 962 3622 αὐτὸ
1010 3571 1072 3623 τὸ
1122 3569 1287 3623 καλὸν
1354 3569 1521 3624 ποιῶν
1579 3570 1801 3644 ἀρετὴν,
1848 3573 2018 3644 ὑπερ-

439 3655 666 3725 κὸσμιον
694 3656 810 3727 ἔχει
844 3656 908 3710 τὸ
939 3656 1225 3728 καύχημα.
1738 3650 1743 3654 ’

506 3748 989 3819 Προσευχόμενοι
1008 3747 1176 3819 δὲμὴ
1200 3750 1699 3820 ,βαττολογήσητε
1733 3750 1937 3831 ὥσπερ
1961 3755 2016 3809 οἱ

434 3835 681 3901 ἐθνικοί.

508 3935 607 3989 Διὰ
637 3933 798 3989 τοῦτο
826 3934 902 4006 (4)
932 3937 961 3990 6
984 3936 1218 4008 Χριστὸς
1239 3939 1606 4008 παρακελεῦει
1633 3941 1721 3995 διὰ
1748 3942 2015 4013 συντόμου

437 4022 539 4086 τὰς
576 4025 888 4095 προσευχὰς
942 4018 1235 4088 ποιεῖσθαι.
1295 4028 1595 4103 ἐπειδήπερ
1619 4024 1725 4084 οἶδε
1769 4031 1862 4085 τὸν
1889 4032 2016 4087 νοῦν

439 4113 827 4186 εὐπαράφορον
869 4114 1021 4179 ὅντα,
1068 4119 1164 4171 καὶ
1211 4117 1278 4171 δι’
1325 4120 1545 4173 ἐννοιῶν
1575 4120 1670 4174 καὶ
1723 4122 2017 4194 φροντίδων

442 4205 687 4276 ματαίων
718 4206 1181 4279 ἀποπλανώμενον
1202 4247 1217 4274 ,
1266 4210 1503 4280 μάλιστα
1531 4212 1588 4265 ὲν
1613 4211 1691 4283 τῷ
1718 4213 1818 4284 τῆς
1849 4230 2017 4286 προσ-

438 4298 601 4369 ευχῆς
622 4295 800 4368 καιρῷ
817 4310 835 4329 ⁶
862 4297 959 4352 καὶ
987 4300 1351 4370 παραγγέλλει
1372 4301 1655 4374 νηφαλέως
1682 4306 1777 4358 καὶ
1804 4304 2016 4375 ταχέως

438 4388 611 4441 αίτεῖν
638 4387 730 4443 τὸν
760 4388 893 4443 Θεὸν
918 4387 955 4443 ἃ
984 4388 1179 4461 ζητεῖ,
1217 4391 1291 4463 μὴ
1320 4391 1499 4448 πάντα
1545 4393 1645 4447 ὅσα
1672 4393 1814 4448 θέλει
1845 4396 2015 4463 ἀναγ-

437 4477 698 4547 γέλλοντα
716 4496 731 4511 ·
770 4478 930 4534 τοῦτο
955 4480 1066 4553 γὰρ
1089 4481 1189 4551 τῆς
1214 4482 1393 4554 ἄκρας
1414 4485 1533 4538 ἐστὶ
1563 4486 2010 4556 φρεωσλαὸείαςο

2206 3313 2250 3351 Is
2281 3296 2400 3351 Dei.

2189 3316 2250 3352 IIS
2282 3316 2400 3351 υει.

2117 3316 2277 3449 OPVI.
2313 3387 2365 3443 Ι.
2415 3385 2686 3443 Attendile
2717 3402 2780 3448 ne
2809 3384 3185 3461 elemosynam
3224 3392 3446 3445 vestram
3480 3380 3693 3451 faciatis

1998 3526 2002 3530 .
2119 3496 2295 3535 coram
2329 3477 2646 3535 hominibus.

2190 3569 2292 3637 Qui
2352 3575 2577 3640 pr0pter
2636 3564 2925 3622 honestum
2986 3565 3159 3623 solum
3214 3566 3472 3623 virtutem
3523 3562 3697 3631 colit,

2116 3664 2388 3735 egregiam
2414 3660 2624 3715 laudem
2656 3668 2910 3715 meretur.

2187 3753 2287 3818 Vl,
2320 3753 2372 3806 7.
2410 3756 2634 3807 Orantes
2672 3759 2849 3805 autem
2886 3749 3047 3805 nolite
3081 3748 3304 3804 multum
3330 3747 3495 3819 loqui,
3524 3756 3579 3799 ut
3602 3759 3694 3800 εο-

2117 3844 2222 3900 lent
2253 3844 2467 3900 ethnici.

2187 3935 2312 3991 Ideo
2332 3934 2587 3990 Christus
2626 3947 2816 4005 preces
2841 3930 2994 3999 jubet
3040 3930 3108 3987 ad
3150 3928 3528 4001 compendium
3566 3941 3695 3981 con-

2118 4028 2294 4093 ferre,
2324 4026 2453 4099 quia
2494 4036 2729 4080 mentem
2763 4033 3004 4079 nostram
3052 4021 3208 4078 facile
3243 4029 3563 4091 evagantem
3596 4032 3696 4073 no-

2119 4120 2235 4185 vit,
2274 4117 2799 4189 cogitationibusque
2841 4114 3007 4169 variis
3049 4123 3107 4169 et
3134 4112 3281 4168 curis
3305 4111 3690 4174 deerrantem,

2119 4210 2419 4280 pmsertim
2449 4219 2693 4278 tempore
2714 4205 2998 4263 orationis.
3034 4203 3253 4259 Mandat
3272 4218 3401 4275 ergo
3422 4212 3483 4257 ut
3513 4201 3694 4257 sobrie

2119 4303 2477 4373 celeriterque
2529 4309 2680 4373 petat
2713 4301 2880 4355 homo
2905 4314 2936 4353 a
2968 4298 3077 4353 Deo
3104 4311 3225 4369 quae
3264 4294 3531 4365 requirit,
3580 4308 3690 4348 non

2118 4404 2298 4447 autem
2349 4400 2408 4445 ut
2453 4391 2671 4455 omnia,
2722 4404 2843 4460 quae
2865 4387 3009 4453 vult,
3054 4385 3349 4444 enuntiet:
3386 4387 3502 4443 lucc
3546 4385 3691 4440 enim

2118 4495 2328 4537 summa
2366 4479 2508 4535 foret
2551 4479 2822 4544 stultitia,
2869 4476 3136 4548 siquidem
3188 4484 3314 4532 ante
3343 4474 3690 4546 petitionem,

436 4568 545 4626 οῐδε
575 4573 685 4643 γὰρ
728 4574 758 4627 6
799 4572 934 4636 Θεὸς
961 4573 1057 4626 καὶ
1085 4573 1192 4644 πρὸ
1237 4573 1333 4627 τοῦ
1366 4575 1513 4646 ἡμᾶς
1558 4577 1815 4648 αἰτῆσαι,
1850 4578 2013 4633 τίνων

2119 4573 2299 4627 omnia
2328 4573 2432 4628 scit
2461 4570 2603 4627 Deus
2635 4570 2837 4640 quibus
2873 4584 3114 4641 egemus.
3159 4565 3521 4637 Battologiam
3566 4578 3695 4620 vero

437 4663 744 4737 χρῄζομενο
778 4664 1101 4737 βαττολογία
1134 4666 1191 4720 δὲ
1224 4665 1439 4735 λέγεται
1481 4669 1515 4739 ἡ
1551 4669 1864 4739 πολυλογία,
1904 4670 2013 4724 άπὸ

2119 4663 2297 4719 dicunt
2348 4662 2546 4728 Graeci,
2581 4663 2723 4733 quod
2776 4662 2953 4717 Latini
2993 4659 3413 4730 multiloquium,
3458 4673 3488 4711 a
3538 4656 3696 4711 Balto

438 4756 647 4811 Βάττου
697 4756 842 4821 τινὸς
872 4757 1129 4829 Ἕλληνος
1154 4799 1169 4824 ,
1225 4758 1469 4830 μακροὺς
1517 4761 1612 4815 καὶ
1659 4761 2015 4835 πολυστίχους

2119 4752 2347 4823 quodam
2373 4792 2389 4817 ,
2420 4752 2511 4823 qui
2542 4751 2734 4823 longos
2760 4751 3163 4821 multorumque
3183 4764 3434 4805 versuum
3463 4747 3697 4818 hymnos

440 4844 642 4917 ὕμνους
690 4846 1017 4917 ποιήσαντος
1052 4848 1134 4911 είς
1170 4847 1241 4900 τά
1286 4848 1498 4914 εἴδωλα,
1533 4850 1629 4904 καὶ
1658 4852 2016 4923 ταυτολογίαν

2119 4845 2168 4901 in
2198 4843 2337 4901 idola
2374 4843 2537 4909 fecit,
2587 4858 2713 4898 cum
2756 4844 3052 4899 verborum
3102 4841 3445 4914 repetitione.
3482 4838 3549 4894 Et
3573 4838 3696 4910 qui-

437 4931 684 5003 Εχοντας.
717 4935 1049 5005 Βαττολογία
1079 4936 1195 4990 ἐστὶ
1231 4936 1292 4990 τὸ
1313 4936 1418 5003 ἔξω
1451 4938 1545 4993 τοῦ
1586 4939 1753 4995 καλοῦ
1782 4942 1880 5014 (5).

816 5025 1062 5083 Ελθέτω
1097 5026 1136 5095 ἠ
1172 5028 1461 5092 ,βασιλεία
1496 5045 1636 5086 σου.

508 5114 673 5169 Φύσει
699 5115 832 5179 Θεὸς
855 5117 885 5169 6
912 5116 1145 5188 Χριστὸς
1174 5118 1455 5189 ὑπάρχων,
1492 5119 1591 5173 καὶ
1620 5119 1778 5189 φύσει
1803 5119 2013 5193 ἄνθρω-

440 5219 564 5269 πος,
608 5204 966 5275 οίκονομικῶς
1024 5206 1241 5275 λέγεται
1296 5208 1580 5279 βασιλεὺς,
1612 5212 1890 5266 τουτέστιν
1937 5212 2013 5277 ὡς

440 5292 760 5369 ᾇνθρωπος’
797 5295 885 5350 διά
917 5295 1074 5351 τοῦτο
1114 5300 1163 5351 οἱ
1206 5298 1405 5353 δίκαιοι
1437 5300 1759 5373 ὲπεύχονται
1800 5302 2013 5367 ἑαυτοῖς

516 5472 539 5504 ⁸
569 5470 734 5527 Hebr.
768 5485 841 5535 νι,
875 5472 959 5525 16.
998 5472 1018 5502 ⁷
1056 5470 1360 5529 llTimmh.
1388 5475 1461 5542 iv,
1498 5476 1561 5530 l4

519 5628 598 5707 ρ)
634 5627 801 5707 Paulo
827 5627 982 5707 a_liter
1007 5638 1196 5707 catena
1218 5631 1496 5707 _Crameri,
1526 5649 1578 5705 p.
1604 5636 1698 5693 4‘2.

445 5700 617 5835 p.(ﬁ).
644 5700 991 5768 Ἀγαπῶμεν
1019 5728 1087 5741 -
1120 5701 1158 5767 ἡ
1196 5700 1471 5772 ἁμαρτία.
1521 5700 1719 5763 Catena
1754 5706 2015 5777 Crameri,

420 5880 423 5885 .
520 5838 599 5911 (ὃ)
645 5841 705 5895 ὀ
736 5839 807 5895 δι’
833 5840 978 5897 αὐτὸ
1018 5874 1083 5884 --
1114 5840 1174 5897 τὸ
1204 5843 1495 5916 καύχημα.
1531 5846 1661 5906 Ibid.
1687 5862 1739 5919 p.
1772 5846 1856 5904 45.

2113 4934 2237 4991 dem
2268 4934 2563 5005 battologia
2598 4934 2789 4989 vitium
2820 4933 3092 4991 sermonis
3114 4942 3217 4989 est.

2196 5026 2298 5099 l3
2339 5025 2428 5093 VI,
2468 5026 2557 5081 10.
2597 5027 2862 5081 Adveniat
2892 5040 3110 5096 regnum
3148 5032 3316 5078 tuum.

2188 5120 2323 5174 Cum
2353 5118 2423 5173 sit
2453 5117 2704 5174 Christus
2747 5126 2935 5171 natura
2968 5116 3133 5179 Deus,
3182 5122 3239 5169 et
3268 5121 3457 5168 natura
3493 5110 3692 5176 homo;

2121 5210 2222 5265 hoc
2253 5209 2538 5279 posteriori
2574 5210 2842 5263 duntaxat
2877 5218 3128 5277 respectu
3163 5220 3259 5259 rex
3292 5203 3518 5270 dicitur,
3557 5219 3691 5274 qua—

2119 5311 2277 5358 tenus
2311 5302 2566 5358 nimirum
2597 5310 2683 5357 est
2729 5302 2910 5357 homo.
2946 5298 3239 5370 Propterea
3289 5297 3343 5352 in
3395 5297 3536 5352 votis
3581 5296 3696 5351 suis

2195 5639 2273 5709 (εί)
2304 5640 2406 5695 Διὰ
2437 5639 2613 5694 τοῦτο
2642 5668 2709 5682 --
2732 5640 2837 5695 τοῦ
2866 5640 3078 5694 καλοῦ.
3106 5639 3207 5693 Mai
3242 5638 3304 5692 Β.
3341 5638 3413 5693 Ν.
3447 5635 3534 5704 ΙΙΙ,
3567 5637 3692 5694 150.

2201 5710 2279 5779 (5)
2306 5709 2615 5781 Fragmenti
2640 5710 2796 5779 hujus
2819 5725 2945 5781 pars
2966 5710 3283 5765 exstabatin
3302 5709 3519 5781 Possiu.
3551 5710 3695 5777 Cut.,

2129 5794 2255 5851 pars
2290 5778 2436 5837 item'
2451 5781 2504 5836 in
2538 5778 2802 5847 Cor-den;
2831 5780 3033 5854 reliqua
3066 5795 3211 5837 nunc
3247 5779 3539 5837 adduntur.
