4120 6376
410 361 520 423 383

1438 357 1497 410 S.
1539 348 1812 413 CYlilLLl
1851 351 2320 409 ALEXANDRINI
2359 350 2680 409 ARCHIEI‘.

3564 342 3667 400 384

414 489 616 550 ponunt
643 478 798 548 justi,
833 485 889 531 ut
938 478 1043 531 hoc
1086 475 1187 531 sibi
1236 473 1533 538 contingat.
1584 484 1878 544 regnetque
1921 473 1973 526 in
2009 479 2027 532 ἐ

2129 472 2239 526 ›ὖτο
2274 471 2537 543 ὑπάρξειν
2560 487 2572 499 ·
2604 468 2684 521 ἔτι
2715 466 2772 520 δὲ
2802 466 2895 519 καὶ
2927 466 3037 529 τοῖς
3065 464 3338 526 ἀπίστοις,
3374 462 3461 515 ἵνα
3490 464 3663 532 ὁρῶν-

413 576 561 643 ipsos
584 571 857 627 Christus.
895 569 1032 637 Quin
1065 578 1120 622 ut
1149 578 1205 623 et
1236 567 1305 622 ad
1352 567 1602 621 infideles
1647 582 1860 635 quoque
1890 582 1977 617 re-

414 680 575 736 gnum
607 662 928 716 extendatur
963 659 1102 714 istud
1130 659 1358 726 cupiunt
1409 667 1470 712 ut
1512 658 1718 721 apertis
1760 658 1824 709 ad
1884 673 1977 707 ve-

2086 583 2175 626 τες
2208 567 2301 618 καὶ
2334 563 2680 625 πιστεύοντες
2710 562 2788 625 εἰς
2816 559 3003 625 αὑτὸν,
3024 560 3224 611 οἰκεῖον
3260 557 3468 609 ἑαυτῶν
3507 552 3668 619 tam:

2087 656 2331 726 βασιλέα.

414 754 591 808 ritattis
625 753 799 806 lumen
832 751 1001 805 oculis
1026 753 1311 805 credentes
1355 750 1406 804 in
1457 749 1653 819 ipsum,
1691 749 1966 818 proprium
2007 749 2103 819 ipsi
2135 764 2351 819 quoque
2385 746 2638 802 emndem
2692 742 2969 798 Christum
3043 739 3283 793 habeant
3344 745 3672 806 agnoscant-

415 861 519 913 qne
557 859 752 913 regem.

444 996 447 1001 ί
484 932 573 993 ‘Vl.
617 933 702 987 M.
744 933 801 985 Si
849 949 986 986 enim
1032 930 1336 983 dimiseritis
1376 929 1677 984 hominibus
1729 938 1979 999 peccata,

417 1027 639 1079 dimittet
667 1018 833 1077 etiam
854 1024 994 1078 vobis
1024 1020 1187 1075 Pater
1227 1032 1395 1075 vester
1418 1020 1666 1075 caelestis.

486 1201 670 1255 Potest
704 1214 916 1269 quoque
950 1198 1106 1254 Iesus
1149 1209 1207 1253 ut
1254 1199 1393 1252 Deus
1434 1207 1656 1267 peccata
1692 1200 1982 1267 dimittere,

2177 927 2318 981 Ἐὰν
2361 924 2470 996 γὰρ
2502 926 2691 995 ἀφῆτε
2726 922 2851 993 τοῖς
2881 920 3213 989 ἀνθρώποις
3249 918 3324 972 τὰ
3361 918 3675 985 παραπτιὶμ»

2088 1036 2267 1090 ματα,
2296 1017 2520 1087 ἀφήσει
2560 1016 2659 1070 καὶ
2697 1009 2841 1085 ὑμῖν
2876 1016 2910 1068 ό
2954 1016 3155 1079 Πατὴρ
3201 1010 3369 1081 ὑμῶν
3419 1011 3451 1063 ό
3497 1006 3672 1077 οὐρά-

2092 1136 2240 1183 νιος.

2169 1182 2400 1261 Δύναται
2434 1204 2527 1259 καὶ
2554 1205 2581 1256 ὁ
2615 1202 2823 1273 Ἰησοῦς
2848 1203 2925 1268 ὡς
2956 1203 3089 1267 Θεὸς
3114 1182 3357 1271 αφιέναι
3379 1195 3674 1267 ἁμαρτίας,

416 1294 513 1349 sed
547 1305 802 1360 tuuqnum
843 1292 1019 1345 adhuc
1063 1290 1397 1361 imperfectis
1437 1291 1716 1361 discipulis
1750 1293 1988 1346 nondum

2129 1296 2211 1348 μΑλ’
2238 1296 2314 1359 ὡς
2363 1294 2443 1347 ἔτι
2496 1292 2712 1346 ἀτελέσι
2761 1292 2875 1356 τοῖς
2917 1291 3210 1362 μαθηταῖς,
3241 1286 3394 1342 οὔπω
3422 1286 3512 1339 τὸν
3546 1284 3675 1355 περὶ

414 1387 487 1441 de
521 1402 613 1439 sua
642 1386 841 1437 deitute
872 1383 1105 1437 instituit
1132 1398 1462 1437 sermonem.

498 1476 603 1549 ιη
648 1475 726 1529 VI.
755 1476 844 1530 ει.
880 1474 1049 1529 Nemo
1082 1484 1248 1541 potest
1279 1474 1483 1527 duobus
1509 1473 1736 1526 dominis
1762 1474 1993 1539 servire;

2091 1387 2196 1457 τῆς
2226 1384 2361 1445 ἰδίας
2386 1383 2639 1454 Θεὸτητος
2674 1380 2960 1453 παρέδωκε
2991 1379 3166 1449 λόγον.

2169 1477 2381 1542 Οὐδεὶς
2402 1452 2651 1530 δύναται
2683 1472 2828 1527 δυσὶ
2859 1473 3090 1541 κυρίοις
3119 1469 3433 1525 δουλεύειν
3452 1485 3466 1499 ·
3499 1466 3535 1534 ἧ

424 1580 515 1622 aut
548 1568 687 1621 enim
713 1583 875 1620 unum
907 1566 1029 1620 odio
1062 1566 1289 1629 habebit,
1326 1574 1372 1617 et
1402 1564 1624 1617 alterum
1658 1564 1873 1634 diliget;
1907 1574 1998 1618 aut

2133 1569 2205 1623 ὸν
2238 1569 2349 1623 ἕνα
2385 1566 2658 1637 μισήσει,
2704 1566 2803 1619 καὶ
2854 1564 2961 1618 τὸν
3007 1564 3213 1632 ἕτερον
3249 1560 3587 1633 ἀγαπήσει·
3636 1556 3675 1627 ἦ

422 1648 587 1713 imum
618 1659 917 1723 sustinebit,
953 1669 1001 1712 et
1027 1662 1251 1711 alterum
1287 1664 1600 1711 contemnet.

2099 1659 2237 1725 ἐνὸς
2270 1655 2600 1721 ἀνθέξεται,
2643 1654 2743 1708 καὶ
2778 1653 2884 1707 τοῦ
2918 1652 3127 1722 ἑτέρου
3160 1647 3623 1720 καταφρονήσει.
3674 1720 3679 1723 Δ

424 1750 427 1751 ⁷
499 1746 565 1811 Et
598 1746 917 1815 simpliciter
957 1747 1211 1810 dicendo,
1259 1762 1365 1800 non
1411 1754 1588 1815 potest
1629 1748 1753 1817 quis
1797 1762 1922 1803 sese
1969 1763 1997 1802 a

2173 1750 2283 1804 Καὶ
2333 1746 2523 1811 ἁπλῶς
2573 1748 2770 1810 εἰπεῖν,
2798 1745 2860 1798 οὐ
2907 1743 3132 1798 δύναταί
3171 1760 3255 1807 τις
3313 1741 3389 1813 μὴ
3443 1741 3681 1811 χωρίσας

425 1836 796 1891 inateriulibus
825 1837 1200 1892 :uﬂectionibus
1220 1853 1324 1891 non
1355 1852 1671 1908 segregans,
1698 1840 1779 1891 vel
1809 1839 1997 1907 Deum,

423 1928 511 1984 Vel
543 1930 845 1999 proximum
894 1930 1107 1983 sincere
1136 1929 1382 1999 diligere.
1420 1927 1600 1982 Bonus
1641 1930 1859 1997 quidem
1903 1933 2001 1986 do-

424 2024 609 2075 ininus
658 2022 898 2074 avaritia:
942 2034 1135 2089 expers
1190 2029 1273 2074 est
1334 2019 1584 2085 animus;
1641 2035 1842 2085 pravus
1880 2037 2006 2076 vero

428 2128 615 2183 amans
656 2114 913 2182 pecunias
951 2113 1116 2167 :ideo
1160 2113 1254 2166 uni
1291 2112 1566 2166 addictum
1614 2127 1735 2168 esse
1767 2123 2003 2183 oportet.

428 2200 546 2259 Non
577 2204 719 2258 enim
758 2205 869 2259 tieri
901 2213 1098 2273 potest,
1132 2213 1189 2257 ut
1237 2204 1445 2259 duobus
1478 2204 1680 2259 diversi
1719 2207 2009 2260 contrariio

436 2312 538 2371 que
576 2296 789 2351 habitus
826 2295 1158 2363 placeamus.

444 2454 447 2457 _
506 2386 612 2456 15
644 2385 729 2450 Vl,
766 2386 855 2439 25.
897 2383 1023 2438 Ideo
1047 2386 1165 2438 dioo
1202 2384 1370 2448 vobis,
1408 2402 1471 2440 ne
1508 2387 1720 2440 solliciti
1748 2388 1861 2441 sitis
1890 2388 2011 2439 ani-

432 2474 535 2530 ᾖιιιι
574 2490 754 2530 vestrm
791 2478 914 2537 quid
966 2479 1313 2545 mmulucetis,
1369 2495 1533 2548 neque
1580 2480 1791 2547 corpori
1843 2488 2012 2533 vestro

436 2570 562 2641 quid
592 2569 909 2625 induamini.

515 2661 707 2713 Anima
756 2659 1104 2730 praestantior
1135 2668 1219 2713 est
1265 2674 1494 2731 corpore
1539 2668 1730 2731 utpote
1759 2661 1936 2729 imago
1962 2670 2018 2717 et

440 2751 652 2823 armatus
693 2751 809 2806 Dei.
834 2750 1046 2819 Corpus
1069 2766 1231 2820 porro
1254 2751 1863 2821 instrumentumipsius
1898 2768 2022 2806 coo-

442 2852 663 2913 peratur
684 2842 783 2911 ipsi
805 2842 870 2896 ad
888 2842 1087 2910 Optima
1112 2857 1356 2912 quaeque.
1371 2840 1597 2912 Oportet
1613 2858 1741 2914 ergo
1758 2858 1853 2897 nos
1871 2858 2022 2896 cura-

438 2950 461 3001 t
477 2952 505 2988 e
522 2943 825 3003 utrumque.
859 2949 921 2987 ac
938 2948 1145 3003 corpus
1169 2933 1387 3003 quidem
1408 2945 1673 3004 quantum
1698 2949 1914 2988 necesse
1940 2944 2024 2988 est

434 3020 835 3078 ‘ad‘vitandum
888 3039 954 3078 ue
1004 3023 1056 3078 id
1111 3023 1500 3094 impedimento
1547 3027 1619 3080 sit
1671 3025 1885 3088 animus,
1934 3026 2017 3080 cui

2107 1841 2298 1896 ἑαυτὸν
2327 1841 2425 1912 τῆς
2450 1838 2559 1892 τῶν
2591 1836 2791 1890 ὑλικῶν
2826 1834 3221 1906 προσπαθείας,
3253 1832 3376 1887 οὔτε
3408 1832 3498 1884 τὸν
3524 1831 3682 1891 Θεὸν,

2105 1931 2229 1985 οὔτε
2281 1930 2371 1984 τὸν
2414 1928 2645 2001 πλησίον
2691 1927 2977 1998 ἀγαπῆσαι
3028 1923 3533 1999 γνησίως.Ἀγαθδς
3585 1922 3684 1992 μὲν

2106 2027 2383 2098 δεσπότης
2425 2027 2455 2079 ὁ
2496 2024 2875 2096 ἀφιλάργυρος
2906 2022 3127 2094 τρόπος,
3165 2019 3367 2088 φαῦλος
3394 2018 3448 2071 δὲ
3482 2019 3510 2070 ὁ
3542 2014 3683 2088 ἐρῶν

2106 2117 2430 2191 χρημάτων,
2455 2117 2537 2170 διδ
2581 2116 2658 2187 τῷ
2708 2116 2788 2169 ἐνὶ
2833 2109 3180 2184 προσθετέον.
3212 2110 3285 2163 Οὐ
3322 2106 3430 2177 γὰρ
3460 2104 3683 2159 δυνατὸν

2108 2216 2221 2276 τοῖς
2246 2212 2397 2265 δυσὶν
2421 2211 2619 2282 ἀρέσαι
2647 2209 2904 2278 διαφόρου
2930 2206 3026 2260 καὶ
3054 2204 3295 2258 ἐναντίου
3319 2199 3469 2257 οὖσιν
3491 2199 3678 2265 ἕξεως.

2184 2393 2287 2447 Διὰ
2317 2392 2494 2448 τοῦτο
2535 2392 2691 2463 λέγω
2731 2391 2895 2462 ὑμῖν,
2942 2390 3027 2460 μὴ
3067 2386 3386 2459 μεριμνᾶτε
3417 2384 3490 2453 τῇ
3519 2380 3691 2452 ψυχῇ

2113 2483 2299 2552 ὑμῶν,
2331 2482 2390 2535 τί
2421 2481 2677 2552 φάγητε,
2713 2482 2811 2535 καὶ
2840 2481 2897 2535 τί
2926 2481 3120 2548 πίητε,
3154 2477 3310 2549 μηδὲ
3345 2475 3426 2542 τῷ
3464 2475 3693 2544 σώματι

2114 2575 2283 2649 ὑμῶν
2315 2576 2371 2630 τί
2396 2574 2761 2643 ἐνδύσησθε.

2199 2669 2263 2721 Ἠ
2294 2666 2440 2736 ψυχὴ
2467 2667 2567 2735 τῆς
2592 2662 2685 2717 τοῦ
2715 2662 2967 2733 σώματος
2988 2660 3177 2723 οὐσίας
3197 2656 3500 2728 τιμιωτέρα
3525 2656 3692 2719 ἐστὶν,

2117 2762 2193 2825 ὡς
2226 2759 2391 2814 εἰκὼν
2432 2755 2567 2811 Θεοῦ
2610 2757 2704 2811 καὶ
2733 2754 3038 2827 ἐμφύσημα
3058 2769 3074 2784 ⁸
3105 2753 3166 2806 τὸ
3194 2752 3251 2806 δὲ
3283 2750 3439 2818 σῶμα
3466 2747 3696 2818 ὄργανόν

2121 2851 2270 2903 ἐστιν
2314 2848 2483 2918 αὐτῆς
2531 2847 2625 2901 καὶ
2680 2845 2940 2917 συνεργὸν
2988 2842 3124 2912 πρὸς
3151 2841 3220 2895 τὰ
3252 2839 3535 2894 κάλλιστα.
3574 2836 3696 2909 Χρὴ

2121 2936 2215 2995 οὖν
2265 2940 2412 3011 ἡμᾶς
2462 2936 2790 3009 ἀμφοτέρων
2838 2934 3169 3007 φροντίζειν,
3201 2931 3297 2986 τοῦ
3341 2949 3401 2984 τε
3448 2928 3700 2998 σώματος

2124 3034 2241 3102 ἅμα
2275 3032 2369 3085 καὶ
2410 3029 2511 3100 τῆς
2542 3029 2722 3101 ψυχῆς
2742 3046 2754 3060 ο
2787 3029 2883 3082 καὶ
2913 3027 3007 3080 τοῦ
3044 3026 3143 3097 μὲν
3179 3023 3432 3095 σώματος
3463 3022 3554 3074 ἐπὶ
3583 3036 3701 3072 τοσ-

444 3118 786 3188 potissimum
861 3116 1246 3188 invigilandum
1313 3128 1433 3183 est,
1505 3133 1831 3189 semperque
1901 3118 2020 3173 eni-

2129 3124 2278 3178 οὖτον
2324 3123 2409 3193 ἐφ’
2442 3122 2565 3175 ὅσον
2614 3121 2794 3174 ἱκανὸν
2826 3118 3009 3189 αὐτῷ,
3042 3118 3137 3172 καὶ
3189 3117 3262 3187 μὴ
3318 3112 3701 3185 ἐμποδίζεσθαι

446 3211 672 3266 tendum
727 3221 785 3264 ut
837 3210 1028 3263 demus
1068 3208 1141 3263 illi
1174 3224 1293 3278 qua:
1327 3210 1499 3280 ipsam
1559 3210 1789 3276 decent;
1826 3209 2028 3261 referu-

449 3316 678 3372 musque
722 3302 867 3356 illam
918 3315 1013 3371 per
1053 3301 1376 3355 exercitium
1412 3302 1679 3355 virtutum
1712 3303 1779 3354 ad
1803 3315 2024 3355 causam

440 3388 596 3447 "unde
625 3394 849 3461 prodiit,
883 3392 1050 3447 Deum
1080 3392 1332 3448 videlicet
1360 3392 1456 3462 qui
1488 3394 1697 3448 creavit
1727 3393 1919 3463 ipsam.

528 3483 633 3561 16
671 3481 759 3548 Vl,
801 3484 891 3538 5|.
934 3482 1115 3537 Nolite
1160 3498 1281 3552 ergo
1319 3484 1533 3538 solliciti
1586 3501 1699 3538 esse
1742 3485 2028 3539 dicentes:

448 3568 603 3643 "Quid
628 3576 1193 3645 nmnducabimus,|aut
1226 3577 1355 3645 quid
1388 3576 1644 3644 bibemus,
1672 3584 1765 3630 aut
1790 3592 1892 3645 quo
1920 3590 2028 3645 ope-

456 3672 653 3721 riemur
676 3671 700 3723 ?

525 3758 905 3824 Quaerentibus
949 3775 1069 3828 qua:
1124 3759 1190 3815 ad
1246 3758 1482 3813 animam
1536 3758 1832 3827 pertinent,
1891 3756 2033 3811 ultro

459 3850 688 3920 largitur
714 3850 852 3904 Deus
879 3865 999 3921 qua:
1021 3865 1159 3921 opus
1192 3860 1319 3905 sunt
1345 3851 1582 3920 corpori.
1616 3849 1769 3916 Quod
1804 3848 1945 3903 scire
1971 3863 2035 3904 ac

461 3941 703 4008 cogitare
746 3956 844 3994 nos
883 3942 1066 4004 decet,
1101 3956 1172 3995 ne
1212 3940 1393 3994 nimia:
1436 3940 1623 3994 talium
1671 3955 1850 3995 rerum
1892 3953 2038 3995 cura:

462 4031 846 4101 impedimento
878 4031 988 4087 sint
1018 4031 1172 4087 nobis
1207 4030 1273 4084 ad
1308 4031 1654 4107 Operatioues
1694 4033 2036 4101 praestantis-

452 4123 652 4178 ‘simas.

538 4214 645 4278 VII,
670 4214 727 4269 2.
769 4213 833 4269 1η
861 4232 962 4285 quo
985 4215 1122 4270 enim
1156 4215 1361 4285 iudicio
1385 4216 1778 4285 judicaveritis,
1814 4216 2038 4285 judica-

465 4307 666 4370 bimini,
697 4315 747 4359 et
776 4307 832 4361 in
857 4322 961 4379 qua
995 4323 1244 4361 mensura
1273 4307 1437 4361 mensi
1469 4305 1704 4375 fueritis,
1741 4308 2042 4360 remetietur

466 4399 622 4452 vobis.

2124 3216 2224 3287 τὴν
2270 3214 2483 3285 ψυχήν·
2523 3212 2659 3282 αὐτῇ
2705 3210 2762 3265 δὲ
2794 3209 2973 3263 δοτέον
3016 3211 3102 3262 ἀεὶ
3134 3211 3203 3262 τὰ
3235 3210 3411 3261 οἰκεῖα
3459 3205 3551 3258 καὶ
3589 3206 3705 3257 ἐπι-

2131 3306 2389 3379 μελητέον
2422 3302 2721 3366 παντοίωςο
2757 3302 2851 3356 καὶ
2897 3301 3158 3355 ἁνακτέον
3208 3298 3298 3353 διὰ
3341 3297 3451 3353 τῶν
3493 3295 3704 3368 ἀρετῶν

2129 3397 2267 3469 πρὸς
2296 3395 2395 3468 τὴν
2427 3397 2605 3448 αἰτίαν
2644 3393 2813 3463 αὐτῆς
2847 3391 2947 3461 τὴν
2973 3391 3395 3463 δημιουργικὴν.

2198 3488 2296 3555 Μὴ
2323 3485 2436 3543 οὖν
2461 3484 2888 3557 μεριμνήσητε,
2911 3482 3227 3553 λέγοντεςο
3261 3483 3322 3538 Τί
3343 3482 3641 3552 φάγωμεν,
3666 3477 3705 3547 ἢ

2130 3581 2190 3635 τί
2214 3580 2459 3650 πίωμεν,
2482 3578 2520 3647 ἢ
2550 3579 2608 3631 τί
2631 3575 3109 3646 περιϐαλώμεθας

2204 3767 2331 3830 Τοῖς
2363 3763 2431 3818 τὰ
2454 3764 2555 3833 τῆς
2582 3761 2760 3833 ψυχῆς
2799 3757 3023 3832 ζητοῦσι
3059 3760 3272 3814 δίδωσιν
3299 3760 3327 3813 ὁ
3366 3757 3498 3823 Θεὸς
3525 3758 3621 3813 καὶ
3645 3757 3712 3823 τὰ

2134 3861 2249 3923 τοῖς
2292 3856 2539 3927 σώμασιν
2567 3853 2871 3925 ἐπιτήδεια·
2916 3854 3002 3906 ἵνα
3036 3851 3111 3923 μὴ
3146 3848 3520 3922 φροντίζοντες
3553 3849 3713 3921 ἡμεῖς

2138 3950 2279 4019 ὑπὲρ
2310 3947 2420 4001 τῶν
2446 3945 2704 4000 τοιοῦτων
2742 3944 2904 3997 πλέον
2929 3942 3024 3997 τοῦ
3052 3942 3283 4007 δέοντος,
3322 3937 3715 4013 ὲμποδισθησὸο

2142 4042 2283 4116 μεθα
2313 4040 2451 4114 πρὸς
2487 4040 2556 4094 τὰ
2582 4038 2871 4093 κάλλιστα.

2220 4221 2322 4273 Ἐν
2343 4235 2391 4285 ῳ
2417 4216 2529 4287 τὰρ
2557 4216 2791 4285 κρίματι
2820 4213 3071 4282 κρίνετε,
3098 4210 3460 4281 κριθήσεσθε
3478 4225 3492 4240 ο
3524 4205 3623 4262 καὶ
3650 4208 3721 4262 ἐν

2142 4309 2188 4378 ᾧ
2213 4310 2407 4381 μέτρῳ
2429 4307 2716 4379 μετρεῖτε,
2751 4303 3320 4375 ἀντιμετρηθήσεται
3342 4301 3505 4372 ὑμῖν.

447 4486 453 4493 ’
539 4490 644 4558 Qui
679 4491 745 4545 ad
780 4490 1095 4562 religionem
1143 4492 1377 4547 instituti
1411 4500 1555 4557 sunt,
1584 4492 1725 4547 bona
1755 4489 2027 4561 prudentia

2219 4485 2282 4540 Οί
2310 4483 2447 4556 πρὸς
2493 4480 2780 4536 εὐλάϐειαν
2810 4476 3318 4548 παιδαγωγούμενοι
3362 4492 3454 4529 τον
3491 4474 3551 4540 ἐξ
3580 4474 3721 4543 ἁγαο

468 4583 678 4638 t‘reuum
708 4585 956 4653 injiciunt
985 4585 1204 4653 linguae,
1234 4594 1293 4639 ut
1316 4585 1407 4639 illa
1439 4585 1612 4640 solum
1647 4581 1794 4654 loqui
1827 4597 2044 4639 assues-

468 4684 619 4739 eaut,
639 4690 758 4745 quas
776 4675 982 4731 nullum
1005 4673 1235 4732 aderant
1263 4683 1683 4741 nocumentum;
1719 4674 1823 4730 hoc
1845 4674 2045 4729 docens

457 4760 571 4820 nos
610 4766 917 4833 sapientum
966 4765 1163 4835 aliquis
1208 4766 1385 4821 dixit:
1423 4783 1443 4816 ι
1479 4762 1610 4834 Fili,
1654 4762 1921 4834 siquidem
1961 4772 2046 4818 est

472 4859 569 4914 tibi
598 4873 778 4913 sermo
806 4858 1133 4928 intellectus,
1152 4857 1449 4929 responde;
1475 4858 1558 4913 sin
1588 4865 1791 4922 autem,
1823 4857 1897 4912 sit
1926 4872 2046 4911 ma-

474 4966 578 5006 nus
616 4961 705 5005 tua
738 4965 905 5021 super
925 4935 991 5006 bs
1028 4960 1202 5018 tuum,
1230 4964 1379 5006 mors
1404 4948 1549 5005 enim
1570 4956 1626 5003 et
1656 4947 1760 5002 vita
1798 4948 1854 5003 in
1882 4961 2048 5002 manu

472 5043 749 5115 liuguaa';
789 5062 809 5097 ι
848 5044 899 5097 id
916 5043 1090 5107 est,in
1120 5050 1430 5112 potestate;
1470 5059 1490 5093 ι
1519 5041 1613 5111 qui
1637 5054 1765 5095 vero
1806 5048 2048 5109 potesta-

474 5144 584 5190 tem
607 5133 805 5191 habent
834 5135 1000 5197 illius,
1030 5133 1194 5189 edent
1241 5133 1449 5188 fructus
1479 5131 1643 5187 illius.
1689 5149 1708 5183 ι
1745 5130 1882 5197 Quia
1921 5144 2051 5185 vero

407 5238 425 5248 ί
476 5225 671 5295 linguae
701 5234 1024 5295 potestatem
1053 5224 1253 5279 habere
1276 5239 1381 5279 non
1400 5223 1535 5278 adeo
1564 5221 1723 5278 facile
1751 5229 1855 5287 est,
1887 5236 2048 5291 supe-

476 5328 590 5372 rius
610 5318 773 5373 etiam
798 5319 897 5372 hoc
916 5332 1015 5371 nos
1035 5316 1311 5386 postulare
1330 5314 1619 5370 Psalmista
1642 5314 1798 5368 docet
1817 5314 2005 5369 dicens
2030 5328 2044 5366 :

485 5424 506 5460 ι
538 5406 704 5474 Pone,
728 5411 979 5473 Domine,
1003 5407 1309 5463 custodiam
1347 5409 1430 5461 ori
1456 5405 1616 5462 meo’
1642 5421 1657 5470 ;
1683 5422 1702 5457 ι
1725 5420 1794 5460 ne
1816 5402 2050 5459 invicem

482 5510 728 5555 suaencet
758 5499 1138 5569 obloquamur,
1180 5513 1359 5570 neque
1389 5496 1589 5554 fratres
1614 5506 2049 5554 contemnamus.

479 5600 586 5662 Qui
633 5593 781 5648 enim
820 5592 1097 5651 intellectu
1146 5593 1373 5665 regitur,
1407 5607 1513 5649 non
1556 5591 1784 5649 aliorum
1830 5595 2055 5661 peccata

559 5769 583 5805 ⁸
616 5771 786 5829 Eccli.
826 5787 874 5840 v,
902 5771 1002 5841 ti;
1034 5770 1197 5833 Prov.
1232 5786 1381 5839 xvm,
1413 5772 1502 5828 2L
1579 5768 1756 5827 ’l‘sal.
1782 5784 1905 5837 ch,
1929 5767 1981 5825 5.

2150 4578 2248 4650 θῆς
2273 4575 2587 4647 φρονήσεως
2613 4573 2827 4646 χαλινὸν
2844 4571 3163 4642 ἐπιφέρουσι
3180 4573 3246 4641 τῇ
3268 4568 3514 4639 γλώσσῃ,
3541 4568 3726 4621 ἐκεῖνα

2155 4670 2292 4743 μόνα
2319 4667 2501 4723 λαλεῖν
2526 4664 2931 4737 ἐπιτρέποντες,
2957 4664 3059 4717 ὅσα
3080 4662 3140 4716 τὸ
3162 4661 3355 4733 βλάϐος,
3376 4659 3529 4714 οὐδὲν
3552 4661 3724 4713 ποιεῖ’

2151 4759 2310 4815 τοῦτο
2333 4756 2601 4813 διδάσκων
2629 4774 2713 4820 τις
2736 4756 2887 4828 ἡμᾶς
2904 4754 3013 4809 τῶν
3045 4752 3226 4824 σοφῶν
3248 4752 3403 4821 ἔλεγε
3423 4768 3436 4781 ·
3471 4750 3724 4815 (Τέκνον,

2150 4853 2201 4907 εί
2231 4850 2329 4923 μὲν
2359 4850 2477 4904 ἔστι
2497 4867 2580 4902 σοι
2608 4848 2766 4918 λόγος
2791 4845 3077 4909 συνέσεως,
3102 4844 3452 4915 ἀποκρίθητι,
3476 4843 3526 4896 εί
3546 4842 3604 4897 δὲ
3626 4842 3725 4914 μὴ,

2153 4941 2276 5013 χεὶρ
2306 4939 2446 4994 ἔστω
2471 4938 2563 4993 ἐπὶ
2594 4936 2821 5009 στόματί
2849 4954 2941 4991 σου
2961 4953 2975 4967 ⁸
3011 4935 3241 4999 θάνατος
3263 4934 3371 5005 γὰρ
3398 4933 3493 4988 καὶ
3524 4932 3639 5005 ζωὴ
3671 4933 3731 4985 ὲν

2155 5034 2303 5106 χειρὶ
2346 5030 2630 5101 γλώσσης·
2665 5049 2684 5083 ι
2722 5028 3003 5083 τουτέστιν
3033 5027 3092 5081 έν
3116 5026 3355 5097 ὲξουσίᾳ’
3401 5025 3451 5079 οἱ
3484 5025 3543 5079 δὲ
3589 5039 3727 5094 κρα⁹

2157 5123 2561 5193 τοῦντεςαὺτῆς
2581 5121 2787 5176 ἔδονται
2804 5120 2930 5183 τοὺς
2948 5117 3197 5188 καρποὺς
3216 5115 3409 5186 αὐτῆς.
3438 5133 3458 5167 ι
3493 5114 3646 5167 Ἐπεὶ
3671 5112 3729 5165 δὲ

2152 5218 2216 5273 τὸ
2244 5215 2495 5286 γλώσσης
2526 5211 2801 5283 κρατῆσαι
2826 5209 2888 5263 οὐ
2913 5208 3118 5279 σφόδρα
3147 5206 3294 5260 ἐστὶν
3320 5202 3565 5277 εὐχερὲς,
3589 5202 3732 5258 ἄνω-

2154 5306 2246 5361 θεν
2274 5306 2369 5360 καὶ
2393 5302 2554 5357 τοῦτο
2584 5301 2734 5371 ἡμᾶς
2761 5300 2933 5351 αἰτεῖν
2958 5299 2987 5350 ὁ
3011 5293 3323 5366 Ψαλμῳδὸς
3363 5290 3604 5346 διδάσκει
3646 5288 3733 5343 λέ-

2153 5416 2267 5471 γων
2287 5413 2303 5432 ο
2357 5415 2378 5451 ι
2405 5394 2533 5463 Θοῦ,
2578 5393 2772 5465 Κύριε,
2801 5387 3048 5462 φυλακὴν
3071 5386 3150 5459 τῷ
3180 5384 3411 5457 στόματί
3444 5400 3567 5456 μου,
3601 5400 3623 5435 s
3658 5381 3733 5452 μὴ

2155 5489 2545 5562 καταλαλῶμεν
2563 5483 2852 5557 τοιγαροῦν
2874 5481 3141 5553 ἀλλήλων,
3164 5478 3298 5552 μηδὲ
3316 5474 3735 5548 κατακρίνωμεν

2154 5586 2281 5653 τοὺς
2300 5580 2584 5655 ἀδελφούς.
2596 5579 2659 5637 '0
2685 5577 2787 5653 μὲν
2810 5576 2920 5649 γὰρ
2943 5572 3160 5630 συνέσει
3181 5566 3616 5643 κυδερνὼμενος,
3635 5563 3735 5618 οὐκ
