4120 6376
427 397 531 496 33};

1590 434 1944 494 COMMENT.
1984 439 2051 494 IN
2091 437 2524 498 MATTHEUM.

3571 409 3680 502 iss

426 561 505 619 εἱς
551 553 650 615 τὰς
691 551 893 624 ἐτέρων
926 549 1204 626 ἀμαρτίας
1237 551 1360 624 δρᾷ,
1406 552 1540 606 ἀλλὰ
1573 556 1684 616 τοῖς
1739 555 1889 618 ἰδίοις
1924 557 2012 608 ὲν-

2117 557 2355 627 respicit,
2386 557 2480 611 sed
2511 555 2624 611 suis
2655 555 3011 626 ingemiscens
3045 557 3218 620 malis,
3254 573 3421 612 oonas
3466 574 3562 627 pio
3596 561 3679 613 eis

425 645 686 709 ἀτενίζων
736 648 952 712 κακοῖς,
976 645 1142 699 καλὸν
1179 649 1296 717 μετ’
1333 647 1516 708 αὐτοῖς
1563 647 1898 718 καταστήσει
1945 646 2007 700 τὸ

423 741 676 809 δλκρυον,
709 739 797 791 ἴνα
827 755 1122 809 κομισηται
1169 737 1268 808 τὴν
1285 738 1479 806 ἄφεσιν
1496 739 1647 811 παρὰ
1666 738 1820 792 Θεοῦ.
1840 739 2008 811 ’Δμή-

426 847 586 900 χανον
617 824 726 900 γάρ
761 829 921 894 ὄντας
949 827 1293 900 ἀνθρώπους.
1315 831 1410 883 καὶ
1435 827 1608 894 οὕτως
1633 828 1899 893 ἀσθενεῖς,
1930 831 2006 902 μὴ

427 923 642 984 πάντως
680 920 884 989 ὀλίγοις
924 922 1276 990 περιπίπτειν
1311 921 1650 991 ἀτοπήμασι.
1681 921 1754 973 Τὸ
1776 920 1834 974 δὲ
1871 922 2007 993 μηδ’

426 1011 562 1074 ὅλως
588 1014 926 1083 περιπεσεῖν,
959 1013 1102 1083 μόνῳ
1130 1011 1385 1083 πρόσεστι
1417 1010 1559 1064 κατά
1582 1009 1744 1080 φύσιν
1767 1010 1844 1082 τῷ
1868 1011 2004 1081 Θεῷ.

437 1103 615 1174 Ἦμᾶς
655 1104 712 1156 δὲ
758 1105 1054 1171 ἀναγκαῖον
1100 1102 1227 1166 τοὺς
1273 1101 1433 1165 ὄντας
1477 1102 1536 1156 ὲν
1575 1102 1894 1174 ἁμαρτίαις,
1932 1102 2008 1174 μὴ

426 1197 542 1257 τοῖς
584 1194 883 1266 ἀλλοτρίοις
933 1193 1226 1267 ἐφήδεσθαι
1272 1195 1480 1258 κακοῖς,
1509 1194 1645 1248 ἀλλά
1679 1193 2008 1265 φροντίζειν,

429 1285 577 1347 ὅπως
603 1284 668 1338 ἂν
701 1285 855 1339 αὐτοὶ
880 1285 992 1338 τῶν
1023 1283 1244 1354 φαύλων
1275 1283 1380 1351 ἔξω
1410 1283 1719 1355 γενώμεθα.

513 1395 855 1464 Ύποκριτὰ,
878 1397 1094 1449 ἔκϐαλε
1134 1391 1369 1462 πρῶτον
1410 1392 1526 1460 τὴν
1566 1393 1754 1448 δοκὸν
1788 1393 1857 1446 ἐκ
1900 1393 2009 1448 τοῦ

429 1483 741 1552 ὀφθαλμοῦ
781 1499 920 1548 σου,
957 1483 1054 1536 καί
1094 1483 1227 1536 τότε
1261 1481 1606 1550 διαϐλέψεις
1636 1482 1915 1536 ἐκϐαλεῖν
1942 1483 2010 1536 τὸ

429 1575 662 1645 κάρφος
695 1576 764 1628 ἐκ
792 1573 899 1628 τοῦ
927 1573 1238 1644 ὀφθαλμοῦ
1275 1573 1383 1627 τοῦ
1413 1573 1681 1643 ἀδελφοῦ
1712 1589 1848 1629 σου.

512 1669 783 1723 ιἜκϐαλε
807 1669 1024 1741 πρῶτον
1042 1669 1142 1740 τὴν
1168 1668 1324 1722 δοκὸν
1345 1669 1408 1721 ἐκ
1430 1667 1525 1721 τοῦ
1548 1667 1828 1739 ὀφθαλμοῦ
1857 1685 2003 1731 σου,ι

429 1762 676 1816 τουτέστι
723 1762 922 1815 σαυτὸν
980 1761 1247 1826 ἐπίδειξον
1315 1760 1555 1832 καθαρὸν
1605 1760 1711 1814 τῶν
1759 1761 2012 1832 μεγάλων

431 1854 868 1926 ἁμαρτημάτων,
900 1854 994 1907 καὶ
1021 1855 1142 1907 τότε
1171 1852 1471 1924 σύμϐουλος
1497 1852 1597 1926 ἔσῃ
1641 1852 1719 1922 τῷ
1765 1854 2010 1906 πταίοντι

2110 646 2380 719 Ιιιονγηιοε
2434 648 2608 702 fundit
2652 660 2706 702 ut
2755 650 2996 704 obtineat
3039 666 3067 704 a
3117 648 3227 704 Deo
3274 647 3687 704 remissionem;

2107 736 2251 792 Fieri
2277 741 2420 793 enim
2465 755 2568 793 non
2600 749 2800 809 potest,
2843 756 2964 794 cum
2995 741 3246 797 homines
3285 743 3475 805 simus,
3517 745 3679 797 adeo.

2109 843 2215 897 que
2250 829 2470 896 inﬁrmi,
2503 842 2559 885 ut
2595 831 2644 885 in
2679 847 2874 900 parvos
2917 847 3130 888 errores
3174 849 3277 886 non
3316 832 3674 888 incurramus.

2109 919 2276 975 Plane
2315 931 2492 976 autem
2535 937 2645 977 non
2676 939 2898 990 errare,
2937 923 3046 980 Deo
3086 925 3383 980 secundum
3431 937 3677 980 inituram

2107 1003 2292 1076 adest;
2333 1028 2428 1066 nos
2450 1028 2577 1067 vero
2604 1014 2658 1068 in
2691 1016 2928 1084 peccatis
2955 1017 3300 1083 exsistentes,
3345 1018 3538 1072 alienis
3574 1035 3677 1072 non

2108 1103 2472 1158 condelectari
2523 1103 2680 1158 malis
2722 1118 2945 1159 necesse
2976 1112 3098 1171 est,
3137 1105 3239 1174 17
3285 1105 3376 1159 sed
3423 1106 3698 1180 sollicitos.

2109 1208 2234 1248 esse
2271 1205 2328 1250 υι
2360 1211 2584 1250 ιιυιιιειδο
2617 1211 2904 1265 pravorum
2933 1210 3039 1251 non
3064 1199 3468 1252 accenseamur.

2180 1396 2292 1463 VII,
2325 1397 2378 1450 5.
2411 1395 2704 1466 Hypocrita
2724 1437 2741 1461 ,
2781 1413 2910 1465 ejtce
2935 1398 3166 1467 primum
3209 1397 3407 1450 trabem
3438 1399 3501 1451 de
3531 1399 3680 1464 oculo

2110 1501 2219 1556 tuo,
2261 1500 2310 1544 et
2349 1502 2472 1542 tunc
2515 1490 2710 1544 ridebis
2743 1490 2932 1558 ejicere
2966 1490 3220 1558 festucam
3267 1490 3330 1544 de
3367 1490 3518 1543 oculo
3563 1489 3678 1558 fra-

2112 1583 2211 1636 tris
2248 1583 2343 1635 tui.
3678 1561 3684 1572 ’

2123 1657 2126 1660 ’
2189 1691 2205 1723 ι
2227 1671 2371 1738 Ejice
2387 1672 2541 1743 prius
2566 1670 2770 1726 trabem
2798 1686 2860 1726 es
2881 1683 3038 1727 oculo
3062 1681 3171 1739 tuo,
3197 1690 3216 1724 ι
3247 1671 3297 1726 id
3323 1681 3425 1738 est,
3450 1673 3682 1740 tcipsum

2113 1765 2370 1819 mundum
2407 1765 2604 1819 exhibe
2633 1781 2663 1818 a
2703 1764 3046 1833 gravioribus
3083 1767 3342 1834 peccatis,
3375 1780 3438 1820 ac
3473 1775 3597 1820 tunc
3629 1769 3681 1820 in

2117 1856 2321 1910 minora
2363 1856 2620 1911 incidenti
2666 1857 2942 1911 consules.
2981 1857 3076 1910 Sin
3109 1867 3289 1912 autem
3323 1858 3526 1912 trabem
3575 1873 3682 1911 non

437 1947 653 2017 μικρόν.
693 1947 753 1999 Et
782 1945 827 1999 δ’
861 1947 961 1998 ούκ
988 1944 1272 2007 ἐκϐάλλεις
1309 1944 1408 2016 τὴν
1443 1943 1618 2009 δοκὸν,
1653 1943 2007 2015 κατακρίνεις

2115 1945 2288 2014 ejicis,
2318 1949 2647 2001 condemnas
2691 1961 2819 2002 vero
2845 1945 3106 2002 festucam
3150 1948 3458 2012 habentem,
3491 1950 3686 2015 merito

435 2039 491 2091 δὲ
516 2038 607 2090 τὸν
635 2038 828 2108 ἔχοντα
855 2035 916 2090 τὸ
937 2037 1171 2107 κάρφος,
1201 2035 1442 2104 εὐλόγως
1467 2036 1678 2108 ἀκούσῃ
1698 2036 1756 2088 τὸ
1779 2037 2015 2088 ἀποστο-

433 2111 582 2182 λικόν
608 2146 619 2157 ·
655 2149 673 2180 ι
697 2129 753 2182 Ὀ
781 2127 954 2196 λέγων
1005 2127 1078 2198 μὴ
1125 2125 1421 2197 μοιχεύειν,
1458 2125 1755 2196 μοιχεύειςο
1784 2127 1812 2179 ό
1839 2125 2014 2193 λέγων

437 2224 511 2291 μὴ
556 2221 828 2283 κλέπτειν,
877 2219 1151 2283 κλέπτεις.
1188 2239 1206 2267 ι
1258 2218 1470 2272 Οὐκοῦν
1500 2219 1677 2290 ἑαυτῷ
1715 2219 1817 2289 μὲν
1861 2219 2015 2271 ἔσται

433 2310 753 2372 διδάσκαλος
807 2309 991 2378 σοφὸς,
1021 2309 1210 2380 ἓτερον
1261 2309 1318 2362 δὲ
1367 2309 1430 2362 ού
1473 2311 1815 2379 κατακρινεῖ.
1844 2309 2014 2362 Τοῦτο

434 2403 541 2472 γὰρ
573 2401 666 2454 καὶ
702 2401 731 2453 ὁ
758 2400 923 2471 νόμος
949 2402 977 2453 ὁ
1003 2400 1088 2454 διὰ
1120 2400 1366 2463 Μωσέως
1399 2400 1768 2471 παραγγέλλει
1803 2400 1977 2469 λέγων
1998 2417 2012 2430 °

443 2510 465 2544 ι
493 2491 732 2564 Πρόσεχε
761 2491 991 2562 σεαυτῷ,
1023 2510 1041 2542 ι
1075 2492 1261 2561 φησὶν,
1292 2492 1390 2562 οὐχ
1433 2493 1625 2565 ἑτέρῳ.
1647 2493 1720 2547 Τὸ
1745 2493 1802 2547 δὲ
1827 2495 2016 2562 πρόσ-

439 2600 563 2656 εχε,
590 2585 712 2637 ἀντὶ
735 2583 830 2636 τοῦ
876 2582 1240 2656 Παραϐλὲπου
1286 2583 1355 2638 τά
1387 2585 1528 2638 κατά
1587 2585 1782 2640 σαυτόν
1814 2603 1831 2618 ο
1859 2588 1888 2640 ὁ
1916 2586 2016 2658 μὲν

433 2675 504 2748 δὴ
535 2675 774 2741 συνετὸς,
809 2672 981 2738 οὕτως
1014 2675 1204 2728 ἑαυτὸν
1248 2675 1681 2746 παιδαγωγήσει,
1712 2677 1814 2730 οὐκ
1841 2679 1920 2741 είς
1945 2677 2015 2732 τά

437 2767 641 2838 ἑτέρων
672 2765 996 2820 ἀποϐλέπων
1023 2767 1367 2837 πταίσματα,
1391 2767 1526 2821 ἀλλά
1551 2767 1620 2822 τὰ
1647 2768 1820 2822 οἰκεῖα
1855 2786 2016 2840 περι-

437 2843 826 2930 εργαζόμενος,
875 2857 970 2910 καὶ
1012 2857 1154 2926 ὑπὲρ
1201 2855 1383 2910 αὐτῶν
1415 2856 1838 2927 μεταγινώσκων
1873 2856 2013 2927 Θεῷ.

438 2950 560 3002 Εἰσὶ
603 2949 660 3003 δέ
693 2965 859 3014 τινες,
891 2945 946 3002 οἵ
969 2945 1039 3000 τά
1073 2947 1173 3018 μὲν
1203 2947 1414 3000 ἑαυτῶν
1448 2947 1547 3018 οὐχ
1574 2945 1773 3018 ὁρῶσιν
1799 2946 2016 3018 ὀλισθή-

439 3056 606 3109 ματα,
637 3039 732 3092 ἐπὶ
761 3037 817 3090 δὲ
844 3037 954 3100 τοῖς
999 3037 1203 3107 ἑτέρων
1232 3036 1622 3108 προσκόμμασι
1655 3035 1854 3106 γελῶσι
1883 3036 2018 3089 πλα-

436 3129 504 3184 τύ
523 3148 537 3160 ·
566 3132 616 3182 οἱ
645 3131 817 3201 χαμαὶ
845 3129 1089 3200 κείμενοι
1121 3128 1247 3193 τοὺς
1273 3128 1516 3192 ἑστῶτας
1544 3127 2015 3200 ὲπιχλευάζουσιν,

438 3220 490 3272 οἱ
517 3220 624 3274 ἀπὸ
656 3219 834 3274 ποδῶν
876 3219 981 3284 ἕως
1011 3220 1253 3290 κεφαλῆς
1289 3217 1534 3290 βορϐόρῳ
1575 3220 2014 3292 κατεχρισμένοι,

2114 2040 2300 2102 audies
2335 2039 2462 2092 illud
2489 2038 2728 2107 Apustoli
2758 2055 2774 2092 :
2816 2059 2834 2092 ι
2862 2038 2963 2106 Qui
2995 2039 3132 2094 dicis
3159 2055 3263 2094 non
3302 2042 3683 2093 mmchandum

2114 2129 2430 2192 mmcharis,
2477 2138 2531 2183 et
2577 2129 2670 2198 qui
2719 2129 2980 2198 przedicas
3035 2145 3141 2183 non
3190 2128 3478 2186 furandum
3534 2127 3684 2181 iura-

2117 2221 2190 2276 ris
2219 2223 2282 2276 '°.
2331 2240 2352 2273 ι
2403 2219 2571 2290 Igitur
2603 2223 2822 2290 sapiens
2858 2221 2956 2275 sibi
3008 2221 3105 2290 ipsi
3157 2221 3374 2290 quidem
3415 2207 3518 2275 erit
3567 2237 3684 2273 ma-

2115 2313 2305 2381 gister,
2330 2312 2492 2366 alium
2518 2326 2646 2365 vero
2667 2326 2770 2365 non
2797 2311 3198 2365 condemnabit.
3223 2309 3336 2364 Hoc
3358 2311 3500 2364 enim
3521 2309 3683 2364 etiam

2116 2403 2198 2478 lex
2239 2420 2333 2473 per
2367 2403 2566 2458 Mosem
2611 2403 2734 2456 data
2785 2404 3073 2472 praecepit,
3117 2403 3303 2457 dicens
3337 2417 3350 2455 :
3406 2420 3424 2454 ι
3452 2401 3687 2458 Attende

2115 2495 2210 2551 tibi
2240 2495 2360 2566 ipsi,
2397 2513 2416 2546 ›
2445 2496 2619 2564 inquit
2643 2495 2708 2560 “,
2730 2509 2833 2548 non
2867 2494 3058 2560 alteri;
3081 2493 3208 2548 illud
3228 2503 3433 2558 autem,
3453 2495 3684 2559 attende,

2116 2589 2236 2644 loco
2259 2589 2403 2642 illius
2423 2589 2658 2658 ponitur,
2689 2586 2921 2656 ReSpice
2941 2602 3060 2657 quae
3079 2595 3165 2640 tua
3189 2597 3348 2650 sunt;
3372 2601 3436 2640 ac
3455 2585 3689 2655 prudens

2117 2682 2186 2739 ita
2211 2683 2448 2750 seipsum
2479 2681 2744 2746 instituet,
2771 2694 2877 2733 non
2902 2678 3129 2732 aliorum
3159 2678 3343 2746 lapsus
3372 2677 3687 2745 respiciens,

2115 2775 2208 2827 sed
2233 2773 2464 2842 propriis
2500 2772 2771 2836 intentus,
2799 2785 2865 2824 ac
2886 2771 2955 2825 de
2981 2769 3049 2824 iis
3075 2769 3346 2838 pcenitens
3378 2768 3510 2823 Deo.
3548 2766 3688 2826 Sunt

2117 2873 2296 2918 autem
2349 2863 2623 2926 nonnulli,
2662 2861 2755 2934 qui
2797 2876 2928 2917 suos
2975 2860 3190 2931 quidem
3235 2859 3418 2928 lapsus
3456 2873 3568 2934 non,
3603 2859 3687 2911 ri-

2118 2956 2267 3018 dent,
2298 2955 2525 3008 aliorum
2560 2969 2689 3008 vero
2721 2953 3102 3023 cespitationes
3134 2951 3302 3008 etfuse
3331 2951 3506 3005 rident
3539 2969 3553 3004 :
3593 2951 3687 3020 qui

2118 3062 2239 3100 cum
2266 3046 2412 3100 hunii
2438 3047 2671 3115 iaceant,
2700 3045 2951 3101 derident
2979 3053 3217 3110 stantes,
3252 3055 3304 3099 et
3343 3059 3372 3097 a
3403 3052 3580 3112 capite
3619 3045 3688 3097 ad

2116 3138 2318 3194 calcem
2351 3138 2460 3208 18
2487 3139 2596 3192 luto
2627 3137 2852 3200 inuncti,
2895 3138 3105 3192 modica
3157 3135 3334 3205 aliqua
3393 3135 3512 3190 labe
3549 3151 3685 3199 con:

2117 3244 2338 3299 spersos
2386 3229 2770 3284 condemnant.
2820 3229 3155 3298 Quandoque
3201 3227 3344 3283 enim
3395 3228 3461 3283 de
3507 3226 3689 3299 aliquo

438 3314 564 3376 τοὺς
602 3313 793 3381 ,ὀλίγον
842 3311 1065 3383 ἔχοντας
1115 3310 1284 3383 ῥύπον
1307 3310 1748 3376 καταδικάζουσι.
1782 3311 2015 3380 Λέγουσι

2123 3324 2306 3379 dicere
2358 3322 2580 3378 solent:
2616 3319 2716 3377 Hic
2754 3321 2918 3378 homo
2963 3322 3131 3376 durus
3185 3330 3290 3385 est,
3336 3320 3686 3388 inhumanus,

440 3408 548 3477 γὰρ
582 3406 692 3460 ἔσθ’
719 3407 808 3460 ὅτε
837 3405 966 3478 περί
992 3421 1156 3467 τινος·
1184 3404 1244 3460 '0
1265 3405 1412 3460 δεῖνα
1436 3405 1691 3478 σκληρὸς,
1721 3404 2015 3478 ἀπάνθρω-

441 3514 564 3563 πος,
594 3495 1006 3568 αἰσχροκερδὴς,
1041 3495 1397 3568 φιλάργυρος,
1424 3497 1593 3568 ὠμὸς,
1627 3498 1721 3551 καὶ
1767 3497 2014 3569 ἀνόητος·

445 3584 565 3641 εἶτα
590 3586 763 3640 ταῦτα
789 3585 1162 3657 περιτιθέντες
1182 3587 1410 3658 ἑτέροις,
1427 3587 1529 3640 οὐκ
1553 3587 1896 3642 αἰσθάνονται
1925 3587 2017 3640 τὸν

446 3677 656 3732 ἑαυτῶν
702 3677 1116 3748 ζωγραφοῦντες
1154 3677 1558 3750 τρόπον.”οσην
1587 3678 1645 3732 δὲ
1672 3678 1876 3750 ζημίαν
1903 3677 2018 3748 ἔχει

445 3774 508 3827 τὸ
552 3773 898 3842 κατακρίνειν
940 3771 1180 3844 ἐτέρους,
1213 3771 1305 3826 διὰ
1334 3770 1430 3826 τοῦ
1479 3771 1885 3837 ὲξουθενοῦντος
1924 3771 2018 3826 τὸν

445 3866 698 3936 Τελώνην
712 3865 1005 3935 Φαρισαίου
1037 3865 1657 3937 μεμαθήκαμεν.Ταῦτα
1684 3862 1776 3920 οὖν
1801 3866 2017 3921 ἅπαντα

446 3955 652 4012 ἀνελὼν
700 3955 788 4009 διὰ
833 3955 932 4026 τῆς
966 3955 1137 4024 καλῆς
1166 3952 1372 4025 ταύτης
1403 3954 1741 4026 νομοθεσίας,
1771 3957 2018 4029 ἐπήγαγε

447 4048 608 4103 πάλιν
637 4047 822 4118 ἓτερον
853 4045 1242 4116 παράγγελμα,
1271 4043 1447 4115 λέγων
1468 4059 1484 4075 ·

519 4161 586 4213 El
607 4154 722 4213 οὖν
747 4157 911 4226 ὑμεῖς
932 4157 1184 4224 πονηροὶ
1207 4155 1378 4222 ὄντες
1405 4157 1608 4212 οἴδατε
1627 4157 1852 4227 δόματα
1876 4158 2014 4227 ἀγα-

449 4254 524 4307 θὰ
552 4251 782 4304 διδόναι
825 4251 950 4315 τοῖς
978 4247 1211 4312 τέκνοις
1257 4247 1448 4317 ὑμῶν,
1494 4249 1666 4311 πόσῳ
1712 4246 1956 4317 μᾶλλον
1984 4252 2018 4302 ό

447 4344 651 4412 Πατὴρ
687 4342 855 4413 ὑμῶν
879 4346 912 4397 ό
931 4343 1001 4395 ἐν
1027 4340 1152 4407 τοῖς
1176 4340 1454 4408 οὐρανοῖς
1472 4340 1652 4395 δώσει
1677 4341 1870 4410 ἀγαθὰ
1893 4339 2020 4405 τοῖς

447 4437 722 4491 αὶτοῦσιν
740 4435 928 4488 αὐτόν
946 4449 966 4496 ;

519 4528 740 4598 Δόματα
767 4527 858 4596 (1)
877 4523 1058 4592 ἀγαθά
1084 4523 1240 4577 καλεῖ
1265 4522 1362 4586 τὰς
1387 4523 1761 4594 πνευματικὰς
1786 4522 2014 4595 δωρεάς·

2121 3413 2264 3482 turpi
2318 3412 2469 3468 lucro
2514 3410 2750 3478 deditus,
2801 3411 3060 3477 crudelis,
3115 3427 3315 3467 avarus
3365 3420 3421 3466 et
3475 3406 3685 3478 amens;

2120 3501 2323 3558 Deinde
2363 3503 2476 3560 hare
2523 3505 2643 3560 aliis
2692 3504 3070 3572 imponentes,
3118 3501 3291 3573 ipsam
3329 3516 3448 3558 sese
3479 3497 3686 3568 morum

2119 3607 2340 3648 suorum
2369 3593 2660 3664 imaginem
2684 3593 2970 3662 depingere
2991 3607 3098 3647 non
3125 3592 3384 3647 sentiunt.
3413 3579 3684 3658 Quantum

2118 3699 2248 3738 vero
2276 3685 2530 3738 damnum
2561 3685 2791 3750 afferat,
2817 3683 2955 3738 alios
2977 3680 3257 3750 judicare,
3287 3696 3351 3736 ex
3391 3677 3688 3736 Publicano

2119 3774 2453 3832 Pharisaeum
2523 3784 2900 3832 contemnente
2969 3773 3278 3829 didicimus.
3346 3773 3472 3829 limo
3528 3773 3690 3850 igitur

2119 3866 2321 3932 omnia,
2353 3882 2476 3922 cum
2508 3881 2606 3936 per
2643 3867 2836 3925 bonam
2881 3865 3023 3920 hanc
3069 3863 3459 3935 legislationem
3508 3873 3690 3918 sustu-

2119 3959 2295 4026 lisset,
2322 3959 2465 4014 aliud
2497 3973 2683 4014 rursus
2714 3956 2956 4026 adjunxit
2988 3962 3315 4026 praceptum
3344 3953 3533 4009 dicens
3563 3969 3579 4007 :

2195 4155 2283 4210 VII
2307 4197 2323 4222 ,
2358 4155 2443 4209 ll.
2477 4154 2538 4210 Si
2569 4170 2690 4224 ergo
2723 4171 2813 4208 vos
2837 4170 2956 4207 eum
2996 4153 3113 4207 sitis
3148 4153 3309 4214 mali,
3351 4154 3515 4207 nostis
3548 4153 3678 4209 bon:

2121 4248 2262 4300 dona
2292 4248 2469 4300 liberis
2493 4248 2675 4300 vestris
2705 4245 2837 4300 dare
2857 4287 2872 4310 ,
2899 4256 3096 4316 quanto
3130 4246 3299 4314 magis
3337 4245 3501 4300 Pater
3521 4257 3690 4299 vester

2121 4338 2342 4392 caelestis
2378 4337 2512 4390 bona
2546 4334 2693 4388 dabit
2723 4335 3028 4407 rogantibus
3055 4337 3156 4392 se?

2194 4521 2337 4576 Bona
2385 4535 2522 4574 nona
2572 4528 2837 4590 appenat,
2883 4517 3148 4587 spiritalia
3194 4535 3443 4577 munera.
3490 4521 3690 4592 Utique

448 4621 479 4673 ὁ
525 4619 583 4672 δὲ
616 4619 830 4679 Λουκᾶς
882 4615 1108 4685 Πνεῦμα
1137 4615 1291 4682 άγιον
1338 4611 1492 4668 εἶπεν
1538 4615 1660 4668 ἀντὶ
1691 4614 1786 4667 τοῦ
1820 4617 2015 4677 εἰπεῖν,

2123 4613 2297 4668 Lucas
2356 4612 2399 4642 "
2482 4611 2742 4680 Spiritum
2789 4621 3037 4665 sanctum
3089 4610 3228 4665 dixit
3277 4628 3374 4679 pro
3428 4615 3692 4668 vocabulo

449 4711 662 4781 ἀγαθάο
699 4709 796 4763 καὶ
818 4707 971 4762 οὐδὲν
1005 4708 1068 4760 τὸ
1097 4707 1356 4778 διάφορον
1375 4723 1388 4735 ·
1429 4707 1491 4760 τὸ
1526 4707 1634 4777 γὰρ
1663 4705 1817 4774 ἀγιον
1844 4705 2016 4759 Πνεῦ-

452 4821 550 4875 μα,
575 4802 707 4856 αὑτό
733 4804 850 4856 ἐστι
869 4801 932 4854 τὸ
955 4799 1117 4868 φύσει
1149 4798 1354 4867 ἀγαθόν
1379 4813 1392 4826 ·
1418 4799 1501 4852 διὸ
1522 4798 1747 4861 καὶτοῖς
1772 4799 2022 4868 μετόχοις

2131 4724 2149 4755 ε
2184 4704 2321 4757 bona
2349 4702 2481 4771 »(Ξ),
2503 4701 2574 4754 nil
2593 4701 2868 4768 ceteroqui
2887 4701 3230 4770 discrepans;
3251 4703 3449 4756 etenim
3474 4714 3694 4757 sanctus

2125 4793 2382 4864 Spiritus,
2437 4794 2553 4862 ipse
2583 4801 2667 4846 est
2698 4802 2891 4860 suapte
2939 4801 3132 4845 natura
3185 4794 3418 4860 bonum;
3465 4794 3693 4861 ideoque

448 4896 616 4950 αὑτοῦ
638 4895 852 4950 δίδωσιν
883 4892 1066 4962 ἀγαθά
1085 4909 1101 4924 ο
1132 4893 1247 4953 τοῖς
1279 4890 1335 4944 δὲ
1365 4889 1506 4958 ἄγαν
1541 4893 1818 4960 πονηροῖς,
1836 4889 1926 4943 διὰ
1956 4891 2015 4943 τὸ

2126 4896 2178 4940 et.
2213 4885 2570 4956 participibus
2610 4883 2692 4938 sui
2739 4882 2954 4938 confert
2997 4883 3156 4938 bona.
3190 4883 3360 4938 Secus
3397 4901 3523 4939 vero
3561 4886 3692 4938 insi-

447 4987 741 5049 ἀνενδότως
779 4985 1134 5055 ἁμαρτάνειν,
1172 4981 1372 5053 τρόπον
1412 4979 1536 5034 τινὰ
1565 4979 1726 5048 φύσις
1763 4980 1948 5042 αὐτοῖς
1983 4981 2015 5048 ἡ

2122 4979 2300 5046 guiter
2330 4975 2591 5044 improbis
2613 5016 2628 5038 ,
2685 4975 2736 5030 id
2770 4985 2854 5030 est
2881 4975 3141 5029 eﬂ'renate
3182 4976 3529 5044 peccantibus
3548 5015 3563 5038 ,
3595 4993 3695 5029 na-

450 5078 620 5138 κακία
653 5078 866 5146 γίνεται
886 5093 899 5107 ·
933 5071 1044 5138 οἷός
1069 5077 1216 5130 ἐστιν
1241 5074 1531 5135 ὁΣατανᾶς
1559 5072 1654 5125 καὶ
1679 5072 1728 5124 οί
1744 5071 2015 5140 δαίμονες·

2126 5068 2312 5122 turalis
2344 5067 2743 5135 quodammodo
2790 5066 2848 5118 llt
2880 5064 3114 5129 malitia;
3154 5064 3452 5130 cujusmodi
3481 5076 3564 5119 est
3593 5065 3695 5119 Su-

447 5169 673 5224 δυνατδν
709 5167 822 5238 γὰρ
864 5167 959 5222 καὶ
1007 5168 1232 5228 τούτους
1261 5164 1419 5234 φύσει
1440 5165 1640 5226 κακοὺς
1675 5165 1868 5229 εἰπεῖν,
1896 5161 2015 5214 καί-

2123 5171 2279 5215 tanas
2299 5171 2462 5230 atque
2497 5160 2786 5216 dit-mones.
2821 5156 2972 5212 Licet
2995 5157 3138 5212 enim
3173 5155 3258 5210 his
3289 5171 3499 5225 quoque
3535 5172 3694 5210 nutu-

521 5353 564 5384 ⁸ο
599 5349 759 5404 Rom.
785 5364 846 5414 ιι,
869 5345 962 5401 21.
1040 5346 1079 5377 ¹¹
1117 5345 1272 5401 Deut.
1304 5359 1476 5407 xxv",
1508 5345 1564 5397 9.
1647 5343 1689 5373 "
1721 5340 1852 5397 an.
1887 5357 1939 5397 xi
2000 5341 2085 5395 15.

518 5507 598 5576 (1)
625 5509 857 5573 Adparet
883 5535 954 5545 ——
983 5503 1464 5576 dxfaxlr‘1_x_dtac.
1491 5497 1777 5576 Mai_i|tiil.,
1810 5514 1862 5564 p.
1896 5495 2014 5576 Ιξῑθ.

2125 5498 2270 5553 novit
2295 5497 2520 5566 ἀγαθόν,
2545 5496 2595 5550 id
2619 5493 2929 5576 est_rnigati
2955 5494 3262 5559 interpretis
3284 5493 3470 5574 bonum
3495 5507 3695 5562 ;quam

527 5565 602 5648 (2)
641 5565 860 5628 Plin-imi
894 5589 1022 5626 sane
1045 5571 1214 5625 Grzcci
1254 5573 1372 5624 Μ)τί
1403 5565 1454 5624 et
1495 5570 1728 5626 codices.
1765 5586 1902 5648 quos
1933 5571 2014 5620 in-
2125 5587 2302 5630 neiim,
2336 5565 2389 5620 ut
2433 5584 2574 5648 reor:
2619 5565 2896 5645 meliorem
2928 5581 3031 5644 non
3074 5565 3367 5648 rcpulnliit,
3397 5567 3697 5627 prmsertim

452 5633 973 5712 ter‘a'ntiquissitnus
1012 5643 1119 5712 ille
1141 5641 1446 5712 Vaticanus,
1483 5640 1679 5692 habent
1708 5641 1848 5712 apud
1882 5636 2014 5690 Luc.
2122 5644 2248 5707 quia
2277 5639 2415 5712 apud
2444 5637 2901 5712 Atnhrusittntest
2940 5635 3102 5712 etimit
3138 5633 3317 5712 delun}
3349 5633 3560 5712 bonum,
3592 5651 3694 5686 nm:

450 5717 629 5783 ᾶγιον,
661 5701 919 5776 sanctum,
961 5711 1158 5783 u_t_hic
1202 5701 1474 5783 Cyrinus»;
1522 5724 1682 5783 quam
1728 5701 2016 5761 lectionem
2123 5701 2227 5762 nun
2255 5701 2402 5783 apud
2452 5705 3247 5783 aliosquosdmn.‘(.chteroqui
3274 5705 3435 5783 “hanc
3483 5701 3688 5758 discre-

451 5771 751 5854 aénnscunt
785 5771 921 5854 apud
968 5771 1306 5834 Suhnteriu'm
1353 5771 1516 5832 etiam
1541 5771 1928 5854 '_|lier0iiyiiitts
1963 5786 2017 5828 et
2122 5771 2358 5850 pantia'tn
2394 5780 2528 5831 mire
2565 5776 2734 5830 elevat
2768 5775 3023 5842 (Iyrillus,
3053 5785 3106 5826 ct
3135 5771 3405 5830 conciliat.

454 5849 789 5916 Ambrosius,
820 5849 911 5922 qui
968 5862 1143 5906 tamen
1171 5861 1474 5919 postremus
1530 5850 1756 5902 alterum
1802 5862 2016 5916 quoque
