4120 6376
379 382 483 458 389

1549 396 1905 455 COMME.‘\T.
1946 395 2013 450 ΙΝ
2054 396 2496 457 ΜᾹΤΤΗΕΗΜ.
2608 430 2615 433 ~

3520 408 3628 465 390

375 521 440 570 τὸ
473 512 651 583 τίμιον
677 530 815 582 αιμα
846 510 939 565 τοῦ
974 511 1237 573 παθόντος
1269 511 1419 564 ναοῦ.
1464 511 1636 581 Σαρκὶ
1658 512 1767 582 γὰρ
1798 510 1948 563 αὑτὸν

2061 511 2236 566 Carne
2263 514 2405 567 enim
2438 514 2611 582 ipsum
2646 528 2863 583 passum
2890 529 3010 571 esse
3038 517 3267 573 dicimus
3298 519 3337 553 ⁸³
3372 529 3625 591 tanquam

376 603 703 659 πεπονθέναι
736 604 937 675 φαμὲν,
980 604 1120 673 πλὴν
1164 602 1240 665 ὡς
1274 604 1332 654 ἐν
1366 602 1479 673 ἰδίῳ
1506 602 1741 672 σώματι.
1772 604 1869 654 Διὰ
1896 601 1953 655 δὲ

374 696 468 749 τοῦ
500 695 741 759 ὑσώπου,
770 696 869 766 τὴν
898 694 990 749 τοῦ
1024 694 1337 765 Πνεῦματος
1371 694 1519 759 ζέσιν
1552 694 1751 764 (θερμὴ
1784 693 1890 763 γὰρ
1919 693 1952 763 ἡ

376 788 504 851 πόα,
530 788 622 840 καὶ
651 786 760 839 τῶν
797 788 860 839 ἐκ
885 786 1223 857 ψυχρότητος
1255 786 1445 839 παθῶν
1478 787 1779 857 σμηκτική)
1800 803 1812 814 ·
1843 802 1953 837 τοι·

376 878 514 950 αῦτη
544 879 600 932 δὲ
631 880 664 950 ἠ
694 878 786 932 τοῦ
819 880 973 947 ἁγίου
1009 880 1324 949 Πνεῦματος
1354 879 1607 949 ἐνέργειά
1634 896 1693 931 τε
1744 879 1834 931 καὶ
1864 877 1954 930 δύ-

376 969 586 1041 ναμις)·
622 970 711 1023 διὰ
737 970 793 1022 δὲ
808 969 902 1023 τοῦ
931 969 1185 1023 κοκκίνου
1211 972 1309 1039 τῆς
1339 969 1423 1037 ἐφ’
1452 969 1643 1038 αἵματι
1681 968 1955 1037 Διαθήκης

375 1059 666 1129 ὁμολογίαν
684 1060 699 1089 δ
730 1058 817 1112 διὰ
843 1059 900 1112 δὲ
930 1058 1026 1112 τοῦ
1069 1057 1270 1121 ζῶντος
1316 1058 1525 1121 ὕδατος,
1554 1056 1652 1127 τὴν
1693 1056 1955 1120 ζωοποιὸν

375 1148 471 1202 τὰῦ
503 1148 878 1219 βαπτίσματος
911 1150 1091 1220 χάριν,
1123 1148 1189 1201 δι’
1217 1141 1278 1200 οῦ
1307 1151 1336 1201 ὁ
1366 1148 1667 1221 λεπρωθεὶς
1692 1151 1756 1218 τῇ
1780 1150 1957 1218 άμαρο

376 1240 469 1311 ei;
498 1239 853 1312 καθαίρεται·
889 1240 975 1294 διὰ
1013 1240 1071 1294 δὲ
1096 1239 1192 1293 τοῦ
1218 1239 1324 1306 ἔξω
1350 1241 1450 1313 τῆς
1480 1241 1687 1304 πόλεως
1732 1241 1793 1293 τὸ
1843 1240 1955 1305 ζῶν

378 1332 612 1404 ὀρνίθιον
655 1333 1102 1399 ἀποστέλλεσθαι,
1135 1333 1234 1405 τὴν
1262 1334 1368 1386 ἀπὸ
1399 1333 1493 1387 τοῦ
1538 1333 1743 1403 κόσμου
1792 1332 1955 1403 μετά-

381 1442 571 1479 στασιν
600 1428 694 1479 καὶ
722 1427 820 1499 τὴν
871 1427 951 1490 είς
980 1427 1245 1497 οὐρανοὺς
1288 1426 1578 1479 Ἀνάϐασιν
1598 1425 1691 1479 τοῦ
1719 1424 1954 1495 Χριστοῦ

380 1518 773 1589 διδασκόμεθα·
813 1518 1050 1588 γεγονὼς
1082 1519 1189 1590 γὰρ
1232 1517 1403 1582 οὕτως
1446 1518 1581 1589 πρὸς
1608 1518 1700 1570 τὸν
1734 1517 1955 1585 Πατέρα

381 1614 476 1666 καὶ
505 1613 657 1674 Θεὸν,
686 1602 824 1685 ὑπὲρ
855 1613 1009 1684 ἡμῶν
1033 1614 1287 1667 ἁπάντων
1320 1611 1681 1678 ὲξιλάσκεται,
1719 1613 1813 1665 καὶ
1855 1631 1955 1666 κα-

385 1698 853 1771 θαρισθησόμεθα’
889 1701 977 1754 διὰ
1026 1703 1081 1755 δέ
1133 1701 1226 1755 τοῦ
1277 1703 1524 1773 χρίεσθαι
1559 1702 1625 1755 τὰ
1672 1703 1817 1767 δεξιά
1860 1703 1953 1755 τοῦ

2056 600 2109 653 in
2162 603 2381 671 proprio
2421 616 2667 672 corpore.
2725 604 2828 659 Per
2877 606 3163 677 hyssopum
3222 624 3347 665 vero
3394 613 3628 682 Spiritus

2056 688 2321 744 fervorem
2375 691 2569 760 (calida
2619 694 2762 748 enim
2813 705 2896 749 est
2945 696 3149 763 herba,
3204 701 3626 774 frigidm-umque

2056 784 2368 870 morborum
2418 783 2755 859 abstersiva)
2811 788 2933 843 talis
2982 802 3161 847 autem
3198 793 3429 862 Spiritus
3451 802 3623 853 sancti

2056 876 2138 929 vis
2167 887 2273 941 εει,
2318 891 2379 931 ac
2430 879 2638 945 virtus;
2679 895 2776 948 per
2823 881 3102 935 coccinum
3137 899 3266 939 vero
3293 887 3623 944 Testamenti

2056 966 2109 1019 in
2138 967 2399 1036 sanguine
2423 970 2865 1037 consensionem;
2894 986 2988 1042 per
3019 973 3191 1027 vivam
3219 986 3399 1031 autem
3426 994 3622 1047 aquam

2055 1053 2322 1109 vivilicatn
2352 1055 2607 1126 baptismi
2634 1061 2888 1127 gratiam,
2923 1074 3021 1127 per
3041 1076 3203 1125 quam
3228 1064 3457 1121 inlectus
3479 1068 3623 1136 lepra

2056 1146 2260 1214 peccati
2298 1149 2624 1215 mundatur;
2667 1163 2762 1218 per
2793 1150 2920 1205 illud
2955 1164 3159 1220 autem,
3192 1158 3332 1223 quod
3366 1169 3518 1213 extra
3545 1161 3623 1213 ci-

2056 1237 2278 1293 vitatem
2311 1239 2427 1293 viva
2455 1240 2572 1295 avis
2604 1242 2924 1309 dimittatur,
2955 1260 3021 1300 ex
3058 1246 3161 1302 hoc
3196 1250 3396 1303 mundo
3425 1252 3626 1319 migra-

2059 1330 2259 1384 tionem
2297 1339 2351 1384 et
2379 1330 2577 1385 Christi
2613 1332 2665 1387 in
2699 1334 2866 1389 ccelos
2905 1335 3289 1393 Ascensionem
3323 1341 3622 1397 docemur:

2059 1421 2131 1474 ita
2166 1422 2308 1475 enim
2342 1424 2480 1491 apud
2504 1422 2671 1478 Deum
2695 1434 2749 1479 et
2776 1423 2990 1481 Patrem
3032 1428 3089 1481 ﬁt
3131 1444 3231 1500 pro
3260 1430 3414 1485 nobis
3441 1435 3624 1503 propi-

2060 1517 2232 1583 tiatio,
2265 1528 2320 1571 et
2345 1519 2762 1584 mundabimur;
2798 1536 2894 1591 per
2916 1519 3041 1576 illud
3071 1531 3272 1586 autem,
3300 1524 3442 1592 quod
3469 1525 3627 1578 inun-

2056 1618 2213 1677 gatur
2246 1609 2469 1663 dextera
2497 1609 2694 1679 lcprosi
2722 1610 2991 1675 auricula,
3018 1628 3316 1684 manusque
3343 1629 3406 1670 ac
3433 1616 3621 1684 pedes,

2059 1715 2156 1752 nos
2183 1702 2656 1770 contemplatione.
2689 1704 2904 1758 actione
2934 1713 2989 1759 et
3016 1719 3304 1775 progressu
3338 1706 3393 1761 in
3427 1707 3626 1761 divinis

382 1788 605 1859 λεπροῦ,
638 1790 814 1853 ὠτίον,
844 1793 938 1844 καὶ
966 1794 1144 1863 χεῖρα,
1181 1792 1273 1845 καὶ
1315 1793 1470 1855 πόδα,
1501 1793 1563 1845 τὸ
1586 1793 1696 1846 δεῖν
1728 1794 1861 1864 πρὸς
1885 1796 1948 1865 τῇ

2057 1793 2260 1845 versari
2292 1793 2507 1848 debere.

382 1879 584 1951 θεωρίᾳ
618 1882 711 1933 καὶ
737 1885 802 1953 τῇ
831 1884 1026 1955 πράξει
1063 1884 1156 1936 καὶ
1187 1886 1253 1955 τῇ
1286 1884 1481 1956 πορείᾳ
1527 1886 1586 1938 ὲν
1629 1888 1742 1949 τοῖς
1785 1885 1951 1949 θείοις

381 1973 415 2042 ἠ
422 1975 527 2043 μᾶς
552 1973 823 2042 γενέσθαι.

462 2066 524 2119 ’0
549 2068 754 2139 Κύριος
780 2069 838 2124 δὲ
867 2070 954 2125 διὰ
978 2072 1079 2141 τῆς
1108 2074 1326 2144 ἐπαφῆς
1348 2074 1449 2145 τῆς
1472 2076 1652 2145 χειρὸς
1676 2074 1772 2146 τὴν
1819 2074 1954 2128 κάθ-

380 2175 541 2229 αρσιν
576 2160 669 2212 τοῦ
708 2159 909 2232 λεπροῦ
948 2163 1134 2217 τούτου
1165 2167 1478 2237 ἐποιήσατο,
1506 2167 1718 2231 δεικνὺς
1747 2168 1828 2222 ὅτι
1858 2168 1953 2220 καὶ

381 2249 415 2318 ἡ
447 2248 575 2316 ἁγία
602 2250 769 2303 αὑτοῦ
798 2252 935 2322 σὰρξ
962 2254 1226 2325 χρειώδης
1255 2257 1373 2308 ἐστὶ
1400 2257 1535 2327 πρὸς
1556 2257 1847 2326 ἁγιασμόν.
1880 2256 1952 2309 Τὸ

382 2338 482 2409 μὲν
515 2341 623 2409 γὰρ
654 2340 876 2412 Πνεῦμα
908 2342 1182 2415 καθαίρει,
1220 2345 1335 2415 ἠδὲ
1370 2347 1464 2399 τοῦ
1496 2347 1814 2417 Πνεύματος
1840 2365 1952 2400 κοι-

380 2429 541 2483 νωνία
580 2432 795 2499 ἐμποιεῖ
820 2432 910 2486 τὸν
942 2435 1231 2505 ἁγιασμόν.

378 2523 685 2591 Κυρίλλου
735 2522 804 2578 ἐκ
852 2522 960 2578 τοῦ
1012 2524 1283 2593 πέμπτου
1313 2527 1559 2590 βιϐλίου
1611 2528 1730 2582 τῶν
1779 2530 1953 2583 Ὑπο-

446 2610 769 2680 μνημάτων
817 2612 937 2666 τῶν
966 2617 1053 2681 είς
1104 2613 1168 2668 τὸ
1198 2614 1346 2670 κατὰ
1377 2616 1674 2672 Ματθαῖον
1707 2619 1948 2689 Euam-{~-

448 2706 605 2757 λιον.

450 2792 607 2847 Μετὰ
650 2794 729 2865 (l)
772 2795 829 2849 δὲ
882 2795 977 2850 τοῦ
1024 2798 1352 2869 χαρίσασθαι
1398 2801 1497 2870 τὴν
1533 2804 1596 2856 ἐκ
1651 2803 1950 2873 φιλαγάθου

381 2882 689 2957 θελήματος
735 2887 930 2959 ῥοπὴν,
971 2892 1065 2943 καὶ
1098 2892 1195 2965 τὴν
1242 2892 1329 2946 διὰ
1373 2895 1551 2965 χειρὸς
1588 2897 1729 2967 ἁφὴν
1781 2915 1947 2965 προσ-

379 2976 687 3031 επιδίδωσιν
765 2980 852 3034 ἵνα
890 2981 1149 3053 μάθωμεν
1205 2986 1367 3055 ἡμεῖς
1442 2986 1518 3049 ὼς
1596 2989 1815 3056 ἐνεργὸν
1873 2994 1952 3054 εἰς

380 3067 646 3137 κάθαρσίν
684 3071 801 3124 ἐστι
845 3072 907 3125 τὸ
967 3074 1120 3142 ἅγιον
1170 3076 1333 3128 αὑτοῦ
1380 3078 1566 3147 σῶμα,
1594 3079 1689 3132 καὶ
1733 3084 1796 3151 τῇ
1832 3081 1951 3151 θείᾳ

2123 2057 2226 2125 21
2288 2057 2542 2112 Dominus
2591 2068 2770 2113 autem
2828 2075 2924 2129 per
2978 2070 3286 2117 contactum
3324 2079 3514 2120 manus
3542 2066 3624 2123 le-

2052 2150 2201 2217 prosi
2244 2147 2404 2217 hujus
2442 2149 2849 2204 muudationem
2886 2162 3143 2221 operatus
3182 2162 3295 2219 est,
3330 2157 3621 2214 ostendens

2053 2252 2296 2295 sanctam
2323 2255 2543 2294 carnem
2580 2256 2732 2296 suam
2762 2241 2951 2296 utilem
2992 2257 3115 2300 esse
3145 2244 3211 2298 ad
3244 2247 3623 2305 sanctiﬁcatio-

2054 2345 2198 2384 nem.
2232 2330 2468 2398 Spiritus
2500 2331 2766 2401 siquidem
2789 2336 3038 2401 mundat,
3068 2338 3497 2395 communicatio
3518 2354 3619 2396 au-

2056 2433 2160 2477 tem
2190 2422 2425 2490 Spiritus
2456 2424 2801 2480 sanctitatem
2834 2427 2989 2480 indit.

2055 2522 2245 2593 Cyrilli
2271 2539 2337 2576 ea:
2367 2523 2503 2577 libra
2526 2525 2710 2593 quinto
2742 2527 3231 2583 commentariorum
3279 2531 3334 2583 in
3379 2530 3620 2588 Μαιωιωί

2362 2614 2725 2687 Erangolium.
2769 2617 2999 2687 (Matth.
3033 2636 3127 2676 vut
3145 2664 3160 2688 ,
3187 2622 3308 2692 15.)

2126 2796 2413 2865 Postquam
2444 2795 2689 2849 benivola
2715 2809 2809 2848 sua
2836 2796 3106 2850 voluntate
3132 2797 3199 2852 be
3213 2797 3464 2853 neticium
3490 2815 3619 2853 con-

2056 2886 2273 2949 tulerat,
2327 2902 2487 2940 mautt
2542 2902 2758 2956 quoque
2813 2889 2988 2957 tetigit
3030 2927 3044 2950 ,
3100 2899 3158 2941 ut
3200 2904 3299 2944 uos
3348 2892 3620 2946 discamus

2053 2988 2292 3033 sanctum
2323 2981 2462 3034 illius
2490 2995 2687 3046 corpus
2716 2981 2819 3032 vim
2872 2984 3131 3051 purgandi
3181 2983 3402 3049 habere,
3459 2985 3619 3053 idque

2053 3070 2340 3123 utilissime
2381 3085 2502 3123 cum
2533 3070 2714 3124 divina
2750 3073 3028 3127 voluntate
3073 3074 3490 3130 sanctiﬁcationi
3521 3094 3619 3130 uo-

380 3159 631 3232 βουλήσει
654 3179 715 3215 συ
724 3165 1249 3236 μπαραλαμόάνεται
1274 3170 1673 3239 χρειωδέστατα
1703 3174 1839 3242 πρὸς
1862 3174 1948 3225 τὸν

2055 3168 2181 3212 strze
2212 3159 2535 3212 conducere.
2579 3158 2791 3213 Etenim
2827 3176 2854 3213 a
2889 3159 3096 3230 Spiritu
3139 3165 3387 3233 purgatio
3428 3177 3618 3221 nostra

379 3253 459 3314 είς
512 3254 662 3323 ἡμᾶς
716 3256 1020 3327 ἁγιασμόν·
1052 3260 1319 3331 κάθαρσις
1366 3262 1533 3333 γάρὴ
1587 3264 1644 3315 ἐν
1675 3264 1949 3334 Πνεύματι

377 3343 612 3397 τελεῖται
640 3345 706 3398 δι’
747 3348 1038 3420 ἁγιασμοῦ,
1062 3351 1120 3403 ὂν
1143 3351 1203 3404 τὸ
1248 3353 1341 3406 τοῦ
1379 3346 1631 3425 Σωτῆρος
1665 3355 1820 3425 ἡμῶν
1861 3358 1948 3408 ἐν-

375 3433 559 3505 τίθησι
610 3436 787 3506 σῶμα,
825 3438 919 3492 τοῦ
972 3443 1305 3507 ἐνοικοῦντος
1337 3444 1487 3515 αὐτῷ
1531 3446 1705 3514 Λόγου
1750 3448 1950 3517 φοροῦν

377 3523 475 3594 τὴν
509 3526 811 3596 ἐνέργειαν.

765 3622 1065 3688 Κυρίλλου
1102 3624 1170 3676 ἐκ
1218 3624 1324 3678 τοῦ
1355 3625 1557 3679 αὐτοῦ.

447 3710 862 3781 Τεθεράπευκεν
901 3714 1009 3783 γὰρ
1053 3714 1129 3778 ὡς
1152 3715 1282 3776 Θεὸς
1303 3758 1315 3780 ,
1336 3720 1433 3786 τῆς
1470 3717 1603 3780 ἰδίας
1634 3719 1814 3790 χειρὸς
1849 3719 1948 3791 τὴν

376 3802 518 3872 ἁφὴν
550 3807 617 3875 τῇ
641 3806 869 3877 κειμένῃ
896 3805 1257 3876 δωρούμενος.
1294 3809 1400 3861 Καὶ
1428 3810 1515 3861 διὰ
1540 3810 1696 3863 ποίαν
1733 3811 1944 3877 αίτίαν;

376 3892 494 3946 Ἵνα
514 3896 580 3964 τῇ
606 3895 711 3965 ίδίᾳ
736 3895 914 3963 φύσει,
946 3898 1012 3969 τῇ
1050 3898 1149 3967 τῆς
1176 3899 1424 3971 θεότητος
1452 3900 1610 3969 λέγω,
1642 3902 1945 3959 ίσοσθενοῦν

373 3985 627 4057 ἀποδείξῃ
656 3987 717 4039 τὸ
746 3987 874 4040 ῖδιον
908 3989 1066 4058 σῶμα
1094 3990 1235 4043 κατά
1268 4007 1331 4058 γε
1355 3991 1452 4062 τὴν
1472 3995 1530 4045 ἐν
1558 3995 1668 4056 τοῖς
1702 3996 1946 4049 νοσοῦσιν

374 4078 681 4148 ἐνέργειαν
699 4077 859 4148 σῶμα
889 4079 996 4148 γάρ
1022 4081 1169 4132 ἐστιν
1192 4080 1291 4133 οὐκ
1319 4080 1605 4151 ἀνθρώπου
1634 4084 1807 4147 τινος,
1830 4084 1944 4138 ἀλλ’

372 4166 536 4219 αὐτοῦ
580 4166 649 4220 τὰ
712 4167 889 4221 πάντα
936 4167 1327 4239 κατορθοῦντος
1379 4171 1471 4222 καί¹
1525 4171 1798 4239 ἰσχύοντος
1843 4174 1945 4225 Λό-

372 4272 491 4324 γου.

768 4374 1077 4442 Κυρίλλου
1104 4374 1170 4427 ἐκ
1198 4374 1301 4429 τοῦ
1326 4375 1535 4431 αὐτοῦ.

441 4462 599 4534 Λόγῳ
627 4466 913 4536 τοιγαροῦν
950 4467 1177 4537 ἐνεργὴς
1213 4468 1408 4537 ὁρᾶται
1439 4468 1599 4522 πάλιν
1624 4484 1640 4500 ’
1689 4471 1784 4523 καὶ
1810 4472 1940 4524 ποτὲ

374 4551 473 4619 μὲν
515 4541 687 4617 οὗτος,
733 4554 863 4607 ποτὲ
892 4555 948 4609 δὲ
1000 4557 1201 4618 ἐκεῖνος
1256 4557 1661 4628 θαυματουργεῖ
1690 4576 1702 4588 ·
1727 4560 1941 4625 δεικνὺς

370 4643 453 4696 ὅτι
477 4645 568 4696 καὶ
592 4646 726 4698 αὐτὸ
752 4647 812 4699 τὸ
842 4646 1003 4717 σῶμα
1026 4647 1087 4699 τὸ
1112 4646 1315 4717 ληφθὲν
1342 4650 1472 4719 παρ’
1501 4648 1664 4702 αὑτοῦ
1690 4650 1940 4722 δι’ἡμᾶς,

370 4734 593 4804 ἐνεργόν
626 4738 741 4789 ἐστι
780 4736 902 4789 καθ’
933 4738 1112 4803 ἑαυτὸ,
1139 4738 1227 4792 διὰ
1266 4738 1359 4792 τὸν
1397 4740 1706 4794 ἐνοικοῦντα
1731 4743 1903 4811 Λόγον
1928 4759 1941 4775 ·

370 4828 465 4880 καὶ
510 4829 539 4880 ό
575 4829 746 4897 Λόγος
778 4829 835 4882 δὲ
881 4830 1035 4884 οὐδὲν
1081 4827 1264 4903 ἦττον,
1298 4831 1393 4885 καὶ
1424 4832 1471 4884 εί
1506 4831 1581 4903 μὴ
1617 4834 1945 4904 σωματικῶς

371 4918 631 4988 ἑπαφῷτό
670 4936 850 4973 τινων.

452 5009 661 5076 Ὀψίας
680 5010 746 5062 δὲ
766 5012 1091 5080 γενομένης
1111 5011 1534 5083 προσήνεγκαν
1552 5013 1712 5080 αὐτῷ
1736 5014 1939 5084 δαιμο-

366 5095 705 5166 νιζομένους
736 5102 1023 5166 πολλοὺς.

437 5189 537 5242 Διὰ
568 5190 622 5242 τί
649 5190 860 5262 ἡμέρας
889 5193 948 5244 οὐ
986 5195 1366 5263 προσήνεγκαν
1410 5195 1538 5258 τοὺς
1581 5194 1935 5267 ἀρῥώστουςς

371 5284 528 5336 Ἤτοι
554 5283 936 5355 εὐλαόούμενοι
965 5288 1090 5350 τοὺς
1108 5288 1457 5355 Γραμματεῖς
1481 5288 1574 5340 καὶ
1589 5286 1930 5359 Φαρισαίους,

366 5376 400 5445 ἢ
437 5376 502 5429 ἂν
531 5376 693 5431 πάλιν
727 5379 1101 5449 αἰσχυνόμενοι
1134 5380 1225 5431 ἐπὶ
1250 5382 1369 5443 ταῖς
1399 5380 1704 5443 ἀσθενείαις
1731 5380 1932 5445 αὐτῶν,

444 5549 488 5581 ¹⁵
520 5549 537 5605 Ι
572 5551 717 5609 Petr.
750 5568 827 5618 tv,
854 5556 899 5607 l.

438 5730 513 5799 (τ)
549 5728 659 5783 Iloc
681 5729 1039 5799 fragmentum
1066 5742 1186 5782 cum
1212 5729 1420 5783 duobus
1446 5728 1792 5799 sequentibus
1814 5730 1925 5785 erli-

367 5796 609 5869 dit'Ang.
642 5799 745 5856 Mai
774 5796 843 5852 'in
874 5797 939 5852 Β.
967 5798 1037 5852 N.
1074 5809 1216 5854 tumo
1263 5800 1329 5865 ΙΙ,
1368 5816 1420 5869 p.
1460 5798 1589 5855 476.
1634 5801 1823 5867 Agitur
1864 5804 1928 5855 de

2056 3251 2134 3315 tit,
2167 3265 2327 3319 quam
2364 3251 2669 3305 Servatoris
2703 3254 2874 3307 nostri
2918 3268 3117 3321 corpus
3144 3256 3359 3311 conlert
3390 3297 3406 3321 ,
3459 3260 3618 3313 inha-

2052 3343 2272 3397 bitantis
2299 3343 2353 3397 in
2392 3344 2506 3411 ipso
2542 3342 2778 3413 Spiritus
2802 3343 3098 3401 eﬂicaciam
3135 3360 3350 3417 gerens.

2500 3624 2690 3695 Cyrilli
2719 3642 2785 3679 ea:
2811 3627 2987 3681 eodem
3025 3626 3181 3682 libro.

2119 3717 2418 3772 Sanitatem
2448 3725 2630 3785 utpote
2684 3716 2825 3774 Deus
2850 3718 3101 3782 contulit,
3153 3720 3385 3789 propria:
3425 3737 3619 3778 manus

2048 3815 2358 3859 contactum
2415 3803 2619 3871 jaceuti
2683 3806 3021 3875 gratiﬁcans.
3069 3805 3479 3873 Quamobrem?
3548 3812 3617 3867 Ut

2048 3896 2282 3965 promite
2305 3903 2536 3958 natum,
2568 3895 2764 3947 divinat
2795 3895 3037 3964 inqttam,
3072 3911 3229 3966 pares
3255 3898 3451 3953 habere
3476 3902 3619 3957 vires

2047 4001 2245 4056 corpus
2271 4002 2426 4040 suum
2452 3985 2803 4049 ostenderet,
2859 3996 3123 4054 quantum
3172 3988 3365 4042 attinet
3408 3991 3477 4046 ad
3522 4009 3613 4047 sa-

2049 4080 2352 4133 naudorum
2389 4092 2651 4147 aegrorum
2703 4074 3023 4132 eﬂicaciam.
3071 4076 3184 4132 Non
3215 4088 3298 4134 est
3327 4082 3473 4136 enim
3511 4084 3615 4139 hoc

2045 4185 2241 4239 corpus
2262 4168 2550 4238 cujuslibet
2572 4168 2807 4236 vulgaris
2827 4169 3084 4234 hominis,
3115 4171 3209 4225 sed
3238 4170 3397 4227 Verbi
3416 4188 3614 4229 cuncta

2045 4265 2278 4319 nolentis
2309 4276 2563 4332 prospere
2597 4259 2828 4314 eﬂicere.

2499 4370 2683 4442 Cyrilli
2708 4389 2773 4426 ea:
2791 4377 2971 4426 eodem
3002 4373 3156 4427 libro.

2122 4466 2365 4523 Vicissim
2410 4465 2589 4534 itaque
2619 4480 2749 4518 voce
2795 4479 2917 4519 eum
2970 4465 3214 4521 videmus
3264 4467 3495 4534 Operari.
3547 4465 3614 4522 Et

2046 4560 2205 4613 modo
2247 4558 2462 4627 quidem
2518 4570 2673 4619 voce,
2720 4556 2881 4609 modo
2930 4558 3096 4613 etiam
3155 4564 3299 4610 tactu
3354 4557 3610 4612 miracula

2043 4652 2155 4706 edit
2190 4668 2204 4704 :
2242 4665 2432 4717 nempe
2463 4657 2523 4702 ut
2548 4648 2904 4712 demonstret,
2934 4662 3129 4716 corpus
3152 4647 3317 4702 etiam
3352 4649 3492 4717 quod
3517 4665 3614 4718 pro

2045 4743 2201 4797 nobis
2230 4741 2544 4808 assumpsit,
2579 4754 2674 4806 per
2696 4754 2753 4794 se
2790 4753 2915 4794 esse
2957 4736 3148 4794 eﬂicax
3197 4748 3418 4809 propter
3458 4739 3614 4795 inha-

2049 4837 2227 4889 bitans
2255 4832 2512 4895 Verbum,
2546 4829 2894 4900 Verbumque
2941 4833 3084 4885 haud
3148 4831 3328 4886 secius
3387 4831 3608 4901 pollere.

2048 4927 2261 4981 etiamsi
2292 4924 2472 4979 nullus
2498 4925 2652 4977 tlcret
2672 4922 2970 4993 corporalis
2998 4930 3306 4978 contactus.

2119 5015 2251 5078 VIII.
2283 5015 2366 5069 l6.
2412 5013 2629 5081 Vespere
2661 5025 2835 5069 autem
2871 5013 3036 5083 facta,
3065 5014 3360 5070 obtulerunt
3394 5019 3442 5071 ei
3471 5021 3612 5073 mul-

2045 5119 2125 5162 tos
2148 5107 2407 5161 dtemom'a
2433 5104 2697 5159 habentes.

2117 5197 2224 5251 Cur
2270 5196 2336 5249 de
2388 5195 2474 5250 die
2539 5210 2642 5248 non
2697 5193 2972 5247 adducunt
3014 5191 3311 5250 inﬁrmos?
3344 5193 3439 5250 Vel
3486 5201 3609 5266 quia

2044 5286 2263 5340 Scribas
2292 5293 2609 5340 reverentur
2660 5295 2715 5337 et
2755 5282 3085 5347 Pharisaeos,
3116 5294 3204 5339 aut
3244 5300 3435 5342 rursus
3480 5291 3607 5356 quia

2042 5378 2382 5433 inﬁrmitates
2423 5390 2549 5431 suas
2581 5375 2929 5441 erubescunt,
2981 5386 3074 5430 aut
3120 5390 3186 5430 eo
3233 5378 3374 5448 quod
3411 5380 3609 5437 inﬁrmi

2032 5727 2175 5783 Petri
2197 5728 2423 5799 apostoli
2457 5745 2612 5806 socru
2645 5728 2864 5806 (Matth.
2895 5746 3011 5806 vin,
3035 5731 3122 5792 Η.
3158 5733 3270 5805 15),
3296 5749 3454 5806 quam
3483 5747 3603 5790 ιιιο-

2037 5817 2137 5859 nus
2175 5810 2420 5856 contactu
2459 5801 2589 5856 feltri
2621 5803 2887 5872 expedivit
2915 5803 3194 5857 Servator.
