4120 6376
483 401 549 470 Χ,
583 400 635 456 θ.
696 396 798 454 Sed
841 395 1014 467 potius
1054 394 1125 448 ite
1159 391 1229 448 ad
1263 406 1380 446 oues
1431 407 1549 462 qua:
1584 391 1850 458 perierunt
1881 389 1980 443 do-

407 512 524 550 mus
545 492 572 546 1
579 491 718 548 srael

479 583 637 638 Prius
693 576 895 634 ludatis
964 574 1245 648 praedicari
1297 574 1583 644 oportebat
1621 592 1637 628 :
1682 573 1790 630 illis
1831 573 1977 629 enim

408 677 562 730 tactae
596 679 754 727 erant
802 668 1224 739 promissiones;
1250 666 1374 736 quia
1404 681 1471 722 ex
1505 667 1634 736 ipsis
1681 668 1977 722 secundum

364 828 367 830 η
406 779 627 820 carnem
652 761 996 833 appariturus
1024 766 1143 815 erat
1165 758 1447 826 Christus;
1499 767 1698 813 etcum
1728 771 1834 812 non
1859 769 1979 810 crc-

408 857 616 920 iterent,
653 863 782 909 tunc
820 851 890 907 ad
932 857 1121 920 gentes
1149 850 1324 906 abire.
1387 850 1761 904 Samaritanos
1797 855 1976 903 autem

405 946 572 1002 etiam
615 943 865 1015 gentibus
907 948 1182 1008 accenset,
1231 941 1668 1013 quandoquidem
1710 939 1784 994 illi
1811 939 1976 993 etiam

405 1053 475 1093 ex
506 1037 756 1107 gentibus
803 1043 1008 1101 essent,
1039 1048 1236 1104 genere
1265 1032 1542 1103 Babylonii
1597 1040 1654 1087 et
1683 1029 1980 1086 incolentes

407 1129 674 1185 Iudaeam.

478 1221 548 1286 X,
576 1222 632 1275 7.
663 1217 862 1275 Euntes
892 1227 1068 1272 autem
1098 1216 1386 1288 pradicate
1420 1215 1672 1279 dicentes,
1705 1213 1830 1284 quia
1871 1213 1978 1282 Ap-

403 1309 770 1382 propinquavit
795 1324 1012 1379 regnum
1039 1308 1309 1362 calorum.

475 1400 923 1472 Appropinquare
956 1399 1033 1454 ait
1057 1413 1283 1468 regnum
1308 1396 1569 1453 caelorum
1592 1410 1689 1466 per
1709 1394 1832 1451 ﬁdei
1855 1410 1980 1466 grs-

407 1493 561 1560 tiam,
596 1501 654 1548 et
683 1491 889 1562 Spiritu
923 1489 1123 1546 factam
1151 1488 1492 1559 adoptionem
1547 1485 1804 1552 ﬁliorum,
1859 1501 1981 1557 quae

406 1585 524 1641 unit
555 1584 668 1639 Deo
694 1582 992 1638 hominem.

474 1673 764 1732 Duodecim
801 1673 922 1730 illos
962 1673 1254 1744 discipulos
1297 1680 1353 1728 et
1375 1673 1466 1750 lex
1497 1672 1880 1743 prmllguravit,
1923 1682 1980 1729 et

1398 273 1458 330 S.
1498 270 1773 329 CYRILLl
1809 268 2277 326 ALEXANDBINI
2316 269 2636 327 ARCIIIEP.

3554 261 3662 319 306

2155 390 2490 459 Πορεύεσθε
2512 388 2583 442 δὲ
2602 387 2847 458 μᾶλλον
2868 385 3018 454 πρὸς
3060 383 3130 438 τὰ
3165 383 3425 452 πρόϐατα
3452 385 3523 438 τὰ
3547 389 3632 439 ἀπ
3648 414 3663 423 -

2085 482 2357 536 ολωλότα
2386 483 2560 536 οἶκου
2598 481 2860 549 Ἰσραήλ.

2159 572 2306 627 Ἔδει
2349 574 2570 643 πρῶτον
2617 575 2730 636 τοῖς
2772 569 3051 632 Ἰουδαίοις
3098 566 3440 641 κηρυχθῆναι
3507 564 3666 636 (πρὸς

2084 665 2283 728 αὐτοὺς
2329 665 2440 736 γὰρ
2484 660 2628 736 ἦσαν
2675 665 2960 734 γεγονυῖαι
2997 661 3056 715 αἱ
3083 659 3440 729 ἐπαγγελίαν
3475 659 3559 711 ὅτι
3608 657 3670 722 ἐξ

2085 757 2268 811 αὐτῶν
2299 757 2524 829 ἔμελλεν
2555 759 2585 812 ὁ
2621 757 2857 829 Χριστὸς
2886 759 2949 810 τὸ
2991 754 3136 809 κατὰ
3182 753 3363 826 σάρκα
3387 754 3665 826 ὀφθῆναι),

2084 850 2182 904 καὶ
2206 849 2295 902 ὅτε
2325 849 2659 921 ἠπίστησαν,
2689 850 2812 903 τότε
2855 849 2935 912 είς
2977 848 3046 900 τὰ
3089 846 3215 917 ἔθνη
3245 845 3517 917 χωρῆσαι.
3560 847 3667 900 Σαο

2087 939 2350 1011 μαρείτας
2374 939 2434 993 δὲ
2462 939 2726 994 συνάπτει
2747 941 2862 1002 τοῖς
2885 937 2945 1003 ἐξ
2969 936 3162 1002 ὲθνῶν,
3188 935 3376 1007 ἐπειδὴ
3401 937 3496 990 καὶ
3517 929 3666 990 οῦτοι

2085 1033 2145 1099 ἐξ
2176 1031 2346 1086 ἐθνῶν
2386 1027 2552 1104 ἦσαν,
2582 1031 2727 1086 κατὰ
2773 1032 2930 1100 γένος
2969 1027 3302 1082 Βαϐυλώνιοι
3345 1027 3519 1093 ὄντες,
3570 1031 3666 1082 καὶ

2083 1125 2408 1195 οἰκήσαντες
2435 1125 2535 1196 τὴν
2575 1123 2838 1179 Ἰουδαίαν
2867 1121 2970 1194 (1).

2155 1217 2554 1286 Πορευόμενοι
2580 1215 2650 1268 δὲ
2671 1215 3011 1284 κηρύσσετε
3034 1212 3338 1283 λέγοντες,
3364 1211 3455 1266 ὅτι
3470 1214 3664 1282 Ἦγτι-

2084 1323 2193 1362 acer
2219 1307 2260 1375 ἡ
2277 1307 2568 1372 ,βασιλεία
2593 1305 2713 1361 τῶν
2743 1305 3039 1374 οὐρανῶν.

2170 1399 2493 1468 Ἧγγικὲναι
2521 1399 2671 1468 λέγει
2702 1398 2802 1470 τὴν
2832 1398 3110 1469 βασιλείαν
3141 1399 3252 1453 τῶν
3271 1397 3534 1470 οὐρανῶν,
3569 1399 3666 1469 τὴν

2083 1488 2171 1542 διὰ
2199 1488 2436 1554 πίστεως
2465 1489 2648 1560 χάριν,
2673 1489 2774 1561 τὴν
2794 1487 2885 1542 διὰ
2904 1487 3000 1541 τοῦ
3028 1486 3347 1558 Πνεύματος
3373 1485 3664 1551 υἱοθεσίαν,

2083 1580 2184 1653 τὴν
2223 1579 2454 1635 ἐνοῦσαν
2477 1579 2599 1651 Θεῷ
2625 1581 2716 1635 τὸν
2746 1579 3056 1652 ἄνθρωπον.

2153 1675 2392 1739 Τούτους
2427 1674 2505 1746 (2)
2555 1675 2682 1739 τοὺς
2721 1673 2930 1728 δώδεκα
2981 1671 3252 1745 μαθητὰς,
3285 1669 3382 1725 καὶ
3426 1670 3455 1722 ὁ
3503 1670 3667 1740 νόμος

405 1767 834 1839 praedicaverunt
863 1766 1158 1837 prophetae.
1189 1765 1462 1834 Scriptum
1506 1773 1589 1819 est
1624 1765 1769 1820 enim
1881 1805 1898 1832 ,
1919 1775 1978 1820 et

2084 1766 2487 1840 προανετύπυυ,
2530 1767 2625 1821 καὶ
2663 1766 2713 1821 oi
2755 1766 3032 1839 προφῆται
3065 1763 3534 1836 προανεκήρυξαν.
3565 1763 3668 1815 Γέ-

405 1859 621 1914 adduxi“
672 1857 784 1913 Deo
811 1872 1052 1925 omnem,
1096 1871 1218 1927 quae
1261 1857 1362 1911 sub
1407 1855 1550 1912 cmlo
1586 1865 1727 1924 erat,
1757 1866 1976 1913 creatu-

2084 1877 2326 1934 γραπται
2350 1859 2501 1928 γοῦν,
2532 1878 2587 1914 κ.
2615 1877 2666 1914 τ.
2692 1860 2744 1914 λ.
2769 1898 2784 1913 .
2820 1898 2838 1915 .
2875 1899 2890 1924 ,
2925 1859 3021 1912 καὶ
3046 1855 3414 1928 προσεκόμισε
3440 1855 3518 1926 τῷ
3547 1854 3667 1926 Θεῷ

407 1967 541 2009 ram.

2084 1952 2180 2024 τὴν
2213 1951 2304 2005 ὑπ’
2333 1951 2582 2022 οὐρανόν.

473 2044 585 2115 26
626 2042 691 2110 Χ,
727 2041 817 2098 10.
849 2040 975 2097 Νοη
994 2055 1175 2111 peram
1202 2039 1257 2093 in
1277 2039 1380 2104 uia,
1401 2055 1566 2111 neque
1588 2039 1722 2094 duas
1745 2040 1973 2108 tunicas,

2159 2043 2257 2113 Μὴ
2295 2043 2498 2113 πήραν
2528 2045 2618 2110 είς
2650 2041 2818 2105 ὁδὸν,
2857 2039 3014 2111 μηδὲ
3057 2041 3167 2095 δύο
3209 2039 3485 2111 χιτῶνας,
3511 2039 3666 2109 μηδὲ

403 2149 566 2204 neque
618 2133 1017 2196 caleeamenta,
1083 2144 1244 2197 neque
1283 2128 1528 2199 uirgam;
1589 2129 1778 2199 dignus
1835 2131 1974 2185 enim

2084 2135 2455 2206 ὑποδήματα,
2485 2133 2643 2206 μηδὲ
2677 2134 2908 2204 ῥάϐδον
2929 2149 2944 2165 ο
2981 2132 3153 2199 ἄξιος
3197 2134 3307 2204 γὰρ
3341 2135 3374 2186 ὁ
3414 2131 3666 2201 ἐργάτης

403 2237 480 2283 est
511 2226 780 2298 operarius
819 2221 938 2277 cibo
967 2236 1086 2278 suo.

2084 2226 2194 2296 τῆς
2227 2225 2455 2297 τροφῆς
2478 2223 2668 2281 αὐτοῦ
2693 2228 2885 2282 ἐστιν.

474 2315 866 2373 lncredibiliter
885 2321 1044 2382 urget
1068 2310 1470 2366 abdicationem
1489 2325 1673 2365 rerum
1695 2311 1786 2366 hic
1807 2310 1979 2378 locus,

2159 2318 2298 2373 Καθ’
2329 2319 2638 2391 ὑπερϐολὴν
2664 2320 2693 2372 ὁ
2721 2320 2878 2388 λόγος
2901 2320 3084 2373 πᾶσαν
3113 2317 3450 2390 ἀπαγορεύει
3471 2316 3664 2388 κτῆσιν

403 2409 471 2463 ad
500 2407 679 2462 vivum
712 2417 1002 2470 resecans;
1031 2402 1219 2472 reique
1247 2397 1594 2472 possessione
1616 2399 1776 2470 plane
1795 2403 1980 2472 cujus-

2084 2409 2193 2480 ἀπὸ
2216 2409 2419 2482 χρυσοῦ
2445 2411 2550 2476 ἕως
2582 2410 2780 2482 ῥάϐδου
2803 2427 2818 2440 ⁶
2854 2411 2931 2475 ὡς
2961 2410 3218 2482 μέγιστον
3249 2405 3415 2464 οὖσαν
3438 2407 3665 2480 κώλυμα

403 2501 509 2566 vis,
532 2499 600 2553 ab
619 2511 754 2552 auro
773 2497 842 2551 ad
862 2496 1094 2564 virgam,
1123 2493 1453 2549 interdicens
1485 2509 1500 2546 ι
1536 2493 1740 2549 idcirco
1767 2495 1983 2549 scilicet

2085 2501 2225 2572 πρὸς
2255 2501 2459 2574 ἀρετὴν
2485 2503 2580 2556 καὶ
2615 2502 2947 2557 θεοσέϐειαν.
2975 2502 3088 2572 Τὴν
3124 2502 3169 2555 δ’
3198 2502 3504 2571 ἀναγκαίαν
3538 2516 3667 2570 τρη-

403 2590 549 2662 quod
594 2589 830 2644 studium
877 2586 1109 2642 habendi
1155 2586 1451 2641 maximum
1497 2584 1565 2640 ad
1612 2585 1868 2641 virtutem
1917 2603 1983 2644 ac

2084 2594 2191 2666 φῆν
2223 2595 2324 2648 οὐκ
2351 2594 2714 2666 ἀπαγορεύειο
2745 2591 2885 2649 ὥστε
2925 2592 2975 2649 εί
3017 2590 3087 2667 ἧν
3117 2595 3338 2650 δυνατὸν
3373 2594 3469 2648 καὶ
3498 2593 3666 2665 χωρὶς

406 2681 723 2751 religionem
770 2678 1216 2750 impedimentum
1263 2685 1370 2731 est.
1399 2673 1578 2733 Unum
1611 2686 1854 2732 reservat
1885 2693 1981 2734 ne-

2083 2687 2292 2758 τροφῆς
2327 2686 2428 2758 ζῇν
2453 2689 2624 2759 ἡμᾶς,
2659 2689 2754 2741 καὶ
2786 2684 2994 2758 ταύτην
3025 2686 3092 2740 ἂν
3119 2683 3522 2756 ἀπηγόρευσεν.

403 2775 700 2833 cessari!!!“
733 2773 934 2839 Cibum.
964 2771 1038 2828 ila
1071 2782 1134 2828 ιιι
1157 2785 1266 2843 WB
1301 2785 1363 2828 8°
1395 2770 1557 2838 ῖθηι,
1606 2773 1654 2828 8i
1691 2775 1896 2843 absque
1935 2775 2056 2834 cibo
2081 2781 2325 2850 ,tolerari
2359 2783 2469 2840 vita
2512 2795 2716 2855 posset,
2745 2784 2908 2839 etiam
2941 2783 3102 2855 hujus
3144 2782 3221 2837 rei
3276 2778 3660 2837 abstinentiam

403 2866 864 2938 praescripturum.

476 2959 548 3028 Χ,
572 2959 666 3014 25.
693 2959 825 3014 Cum
853 2967 1028 3015 autem
1042 2969 1415 3031 persequentur
1429 2976 1516 3017 vos
1542 2959 1597 3016 in
1613 2961 1820 3019 civitate
1847 2963 1972 3032 ista,
2001 2978 2046 3038 α

403 3051 574 3122 fugite
613 3053 668 3106 in
697 3052 881 3107 aliam.
1467 3105 1474 3109 _

505 3141 756 3214 Praecipit
807 3142 1086 3214 discipulis
1135 3143 1205 3199 ab
1261 3158 1372 3200 una
1433 3143 1656 3200 civitate
1704 3145 1890 3216 lugere
1928 3145 1983 3201 in

407 3233 596 3302 aliam,
622 3243 680 3289 et
711 3245 779 3289 ex
816 3232 906 3290 illa
937 3249 1126 3289 rursus
1157 3233 1212 3288 in
1261 3235 1506 3293 alteram.
1543 3232 1600 3290 Id
1645 3246 1822 3291 autem
1854 3237 1986 3293 dicit

405 3341 514 3382 non
543 3325 675 3396 ipsis
720 3326 991 3396 ignaviam
1023 3335 1080 3380 et
1103 3334 1304 3380 metum
1353 3326 1676 3396 degenerem
1714 3327 1982 3393 suadens,

406 3420 502 3472 sed
527 3417 826 3472 admonens
856 3432 968 3472 non
1010 3430 1133 3472 esse
1169 3417 1301 3488 ipsis
1327 3417 1801 3484 committendum,
1836 3429 1894 3474 ut
1927 3435 1988 3476 se

410 3507 556 3574 ipsos
583 3504 727 3564 ultro
752 3504 807 3559 in
838 3504 1081 3574 pericula
1135 3505 1442 3574 proﬁciant,
1489 3516 1832 3578 mortemque
1866 3508 1987 3564 sine

405 3593 895 3660 causslaccssant,
921 3603 1088 3664 atque
1122 3595 1195 3650 ita
1246 3594 1423 3650 fraudi
1475 3595 1585 3651 sint
1629 3596 1701 3652 iis
1738 3597 1829 3668 qui
1880 3599 1987 3654 mi-

406 3686 634 3742 nisterio
700 3686 965 3756 ipsorum,
1009 3686 1254 3742 doctrina
1323 3686 1633 3757 evangelica
1709 3687 1984 3746 inibuendi

405 3787 584 3833 erant.

475 3865 584 3937 a7
607 3864 675 3932 Χ,
701 3863 794 3923 27.
826 3866 979 3934 Quod
1027 3867 1146 3921 dico
1173 3866 1316 3923 vobis
1347 3869 1402 3923 in
1451 3872 1698 3939 tenebris,
1726 3873 1886 3928 dicite
1929 3873 1986 3928 in

404 3958 635 4022 lumine;
679 3969 726 4012 et
783 3959 922 4030 quod
971 3961 1028 4014 in
1078 3976 1209 4016 aure
1242 3963 1469 4032 auditis,
1488 3965 1782 4034 prwdicate
1829 3979 1989 4035 super

407 4057 568 4102 tecta.

480 4137 556 4193 De
591 4138 842 4195 libertate
901 4139 1270 4210 apostolorum
1315 4140 1370 4196 in
1418 4141 1786 4212 praedicando,
1811 4143 1983 4199 etiam

409 4229 744 4287 admirabilis
796 4231 1050 4287 Habacuc
1083 4233 1490 4303 praenuntiavit:
1511 4253 1530 4286 ι
1555 4235 1980 4306 Aperientenim

2147 2965 2336 3019 Ὅταν
2377 2964 2449 3019 δὲ
2495 2965 2798 3021 διώκωσιν
2828 2963 2989 3037 ὑμᾶς
3018 2965 3091 3020 ἐν
3119 2963 3196 3036 τῇ
3241 2967 3416 3022 πόλει
3452 2969 3662 3038 ταύτῃ,

2083 3056 2334 3127 φεύγετε
2359 3059 2448 3124 είς
2473 3057 2591 3126 τὴν
2621 3056 2843 3125 ἄλλην.

2154 3149 2600 3222 Παρακελεύεται
2632 3152 2750 3214 τοῖς
2799 3148 3071 3221 μαθηταῖς
3095 3148 3206 3204 ἀπὸ
3236 3149 3395 3221 τῆσδε
3440 3149 3662 3219 φεύγειν

2081 3243 2182 3314 τῆς
2211 3242 2419 3305 πόλεως
2437 3243 2518 3306 είς
2542 3241 2642 3312 τὴν
2664 3235 2850 3311 ἄλλην,
2882 3241 2979 3294 καὶ
3015 3241 3076 3308 ἐξ
3104 3241 3321 3313 ἐκείνης
3345 3243 3424 3305 είς
3445 3242 3658 3313 ἑτέραν.

2084 3331 2255 3386 Τοῦτο
2284 3332 2342 3386 δὲ
2371 3332 2520 3400 λέγει
2548 3332 2610 3386 οὐ
2637 3331 2904 3385 διδάσκων
2937 3332 3138 3396 αὐτοὺς
3163 3331 3389 3404 δειλιᾷν,
3415 3333 3552 3387 ἀλλὰ
3584 3334 3662 3405 μὴ

2086 3425 2298 3497 ῥίπτειν
2328 3425 2555 3488 ἑαυτοὺς
2593 3424 2676 3488 είς
2710 3422 3014 3490 κινδύνους,
3044 3423 3142 3479 καὶ
3172 3424 3538 3494 ἀποθνήσκειν
3564 3427 3662 3497 ρᾳ-

2083 3514 2232 3579 δίως,
2254 3514 2348 3567 καὶ
2371 3512 2604 3584 ζημιοῦν
2625 3512 2752 3578 τοὺς
2775 3511 3065 3584 μέλλοντας
3082 3512 3170 3566 διὰ
3190 3511 3285 3566 τοῦ
3311 3511 3660 3584 κηρύγματος

2082 3605 2434 3679 ὠφεληθῆναι
2474 3605 2575 3676 (5).

2160 3865 2232 3917 Ὃ
2255 3862 2412 3932 λέγω
2435 3862 2579 3933 ὑμῖν
2600 3863 2670 3918 ἐν
2689 3861 2764 3933 τῇ
2785 3864 3019 3932 σκοτίᾳ,
3042 3863 3249 3918 εἴπατε
3270 3863 3341 3918 ἐν
3367 3863 3448 3930 τῷ
3473 3864 3623 3934 φωτί
3640 3879 3658 3894 ·

2085 3955 2184 4010 καί
2217 3956 2250 4010 ὃ
2278 3958 2366 4024 εὶς
2393 3959 2458 4010 τὸ
2489 3952 2600 4023 οὖς
2627 3957 2902 4023 ἀκούετε,
2931 3957 3231 4025 κηρύξατε
3257 3957 3358 4011 ἐπὶ
3391 3956 3510 4012 τῶν
3547 3957 3660 4011 δω-

2079 4047 2306 4119 μάτων.

2157 4101 2303 4212 Περὶ*
2331 4142 2431 4210 τῆς
2468 4141 2527 4194 ὲν
2553 4139 2632 4211 τῷ
2673 4101 2971 4212 κηρύσσειν
3015 4137 3329 4212 παρρησίας
3365 4138 3477 4192 τῶν
3525 4139 3662 4193 ἀπο-

2088 4232 2309 4298 στόλων,
2358 4231 2454 4287 καὶ
2478 4235 2507 4286 ὁ
2531 4231 2835 4304 θαυμάσιος
2875 4232 3201 4304 ’Δμϐακοῦμ
3242 4232 3618 4305 προηγόρευσε
3641 4247 3658 4262 ο

409 4320 604 4390 inquit,
631 4321 786 4378 frena
835 4337 1048 4390 eorum,
1098 4323 1499 4396 sicut'pauper
1545 4326 1779 4383 latenter
1797 4341 1981 4382 come-

2091 4342 2109 4376 ι
2138 4322 2470 4389 Διανοίξουσι
2494 4325 2624 4396 γὰρ,
2647 4325 2802 4395 φησὶ,
2823 4323 3074 4394 χαλινοὺς
3092 4324 3294 4392 αὐτῶν,
3318 4325 3393 4388 ὡς
3414 4327 3444 4377 ὁ
3465 4324 3661 4380 ἐσθίων

408 4415 544 4470 deus
575 4413 641 4468 “.
681 4431 701 4466 ι
748 4413 803 4469 ld
835 4423 941 4481 est,
980 4415 1072 4486 qui
1127 4418 1290 4472 modo
1331 4417 1521 4487 paucis
1558 4418 1882 4489 quibusdam
1921 4427 1979 4476 et

408 4504 641 4558 latenter
692 4503 1064 4573 praedicabant
1113 4505 1365 4575 apostoli,
1406 4515 1462 4563 et
1504 4508 1840 4564 credentium
1876 4507 1980 4562 lide

407 4599 622 4653 fuerant
665 4597 974 4664 sustentati,
1013 4598 1074 4654 bi
1122 4609 1309 4669 postea
1354 4600 1757 4670 disrumpentes
1803 4599 1980 4671 impo-

406 4688 571 4742 situm
596 4687 698 4742 sibi
735 4688 952 4744 timoris
977 4688 1361 4758 lrenum,§voce
1382 4704 1479 4744 sua
1499 4690 1800 4760 implebunt
1823 4690 1981 4761 quid-

405 4781 532 4849 quid
569 4779 671 4835 sub
698 4779 838 4836 cmlo
865 4789 970 4836 est.
1004 4779 1138 4836 Cum
1183 4789 1368 4838 autem
1412 4781 1677 4837 hactenus
1721 4781 1982 4840 extulerit

407 4885 504 4928 eos
564 4870 848 4939 Dominus,
891 4887 1084 4931 rursus
1137 4872 1377 4941 pericula
1441 4887 1660 4946 quoque
1712 4874 1978 4945 praedicit,

477 5048 522 5081 ¹⁶
554 5048 755 5107 Habac.
785 5066 868 5119 ιιι,
907 5051 976 5107 14
999 5065 1110 5108 sec.
1141 5051 1308 5108 LXX.

475 5205 554 5287 (Ι)
575 5204 776 5287 Catena
800 5204 1068 5287 Crampri,
1096 5223 1149 5287 ρ.
1175 5205 1263 5274 75,
1296 5207 1445 5287 addit
1469 5206 1788 5287 εΒασιλείαν
1810 5207 1867 5287 Et
1891 5208 1982 5287 ορ-

406 5275 584 5349 ρανῶν
629 5275 778 5351 λέγει
818 5277 922 5351 τὴν
949 5277 1036 5351 διὰ
1065 5275 1300 5351 πίστεως
1327 5279 1508 5351 χάριν,
1547 5278 1647 5351 τὴν
1672 5279 1773 5351 λδιᾲ
1811 5277 1979 5332 Πνεύ-

407 5345 576 5418 ματος
620 5345 919 5419 υἱοθεσίαν,
947 5348 1047 5419 τὴν
1093 5345 1486 5418 ἐνοῦσανθεῷ
1519 5345 1616 5402 τὸν
1662 5347 1972 5419 ἄνθρωπον,

404 5417 539 5486 quae
566 5417 632 5468 ad
668 5417 1338 5486 versiculum'sequentem
1367 5417 1633 5486 spectant.

472 5485 551 5556 (ιε)
586 5486 911 5556 Τούτους...
937 5485 1218 5556 οὐρανόν.
1239 5485 1456 5556 Longus
1486 5489 1572 5543 hic
1600 5497 1808 5543 tractus
1839 5487 1975 5556 legi-

395 5566 491 5610 tur
540 5556 699 5624 infra,
731 5559 798 5610 ad
845 5555 977 5612 Luc.
1012 5555 1086 5624 tu,
1122 5558 1208 5624 15,
1259 5555 1380 5612 ubi’
1409 5558 1606 5613 dicitur
1638 5573 1706 5613 ex
1753 5555 1974 5614 humilia

397 5625 642 5697 quadarn
655 5623 848 5697 Cyrilrli
879 5623 1248 5697 depromptns.
1553 5633 1562 5641 '

472 5695 550 5768 (ὅ)
582 5694 754 5751 Aliter
783 5694 985 5752 Catena
1025 5694 1152 5753 toni.
1183 5698 1245 5764 ΙΙ,
1272 5713 1324 5769 p.
1360 5699 1504 5756 572:
1539 5701 1612 5757 Οὐ
1636 5701 1840 5777 δειλιᾷν
1872 5699 1971 5757 αὔ-

2083 4414 2298 4485 πτωχὺς
2334 4413 2530 4485 λάθρα.
2557 4433 2576 4467 ι
2605 4415 2916 4482 Τουτέστιν,
2945 4417 2996 4468 oi.
3042 4414 3308 4485 πρότερον
3357 4415 3508 4486 μόλις
3549 4417 3662 4468 τισὶ

2083 4507 2178 4560 καὶ
2210 4505 2384 4578 λάθρα
2405 4505 2838 4578 προσλαλοῦντες
2860 4506 3172 4575 ἀπόστολοι,
3199 4507 3292 4560 καὶ
3327 4511 3394 4579 τῇ
3427 4507 3534 4561 τῶν
3568 4525 3660 4560 πι-

2085 4598 2382 4652 στευόντων
2406 4598 2584 4651 πίστει
2608 4597 2952 4670 τρεφόμενοι,
2977 4594 3124 4654 οὗτοι
3147 4599 3286 4670 μετὰ
3305 4599 3481 4654 ταῦτα
3507 4600 3660 4672 διαρ-

2087 4688 2350 4761 ρήξαντες
2395 4689 2491 4744 τὸν
2537 4689 2860 4746 ἐπιτεθέντα
2880 4691 3065 4755 αὐτοῖς
3089 4693 3255 4761 φόϐου
3293 4692 3528 4763 χαλινὸν,
3559 4693 3660 4763 τῆς

2086 4779 2293 4834 ἑαυτῶν
2309 4781 2496 4851 φωνῆς
2518 4798 2650 4835 κατε
2658 4782 2966 4854 μπλήσουσι
2993 4783 3094 4854 τὴν
3116 4783 3209 4837 ὑπ’
3235 4784 3463 4849 οὐρανόν
3478 4799 3494 4815 ⁶
3523 4784 3661 4846 τέως

2084 4872 2141 4927 δὲ
2183 4873 2374 4946 ἐπειδὴ
2415 4875 2620 4947 ἐπῆρεν
2657 4875 2855 4940 αὐτοὺς
2895 4877 2926 4930 ὁ
2970 4875 3196 4947 Κύριος,
3244 4879 3663 4948 προσαναφωνεῐ

2086 5210 2212 5276 τοὺς
2229 5209 2416 5286 ⁸θέλει,
2448 5210 2585 5267 ἀλλά
2607 5211 2918 5286 τούναντίον
2954 5211 3032 5286 μὴ
3060 5213 3212 5285 πόθῳ
3232 5213 3339 5286 τῶν
3364 5212 3658 5286 ὲλπιξομὲέ

2087 5297 2192 5354 νων
2222 5283 2447 5354 ἑαυτοὺς
2487 5283 2839 5354 παραδιδόναι
2868 5283 3118 5354 ἑτοίμους
3167 5283 3247 5348 είς
3276 5283 3526 5349 θάνατον,
3561 5283 3658 5339 καὶ

2085 5349 2579 5424 ζημιοῦσθαι-τοὺς
2599 5353 2890 5423 μέλλοντας
2921 5349 2996 5406 ἐκ
3014 5355 3109 5407 τοῦ
3141 5354 3493 5424 κηρύγματος
3516 5354 3659 5424 ὠφε-

2085 5369 2415 5472 ςηδιέουσυαι
2443 5369 2570 5417 τους
2599 5369 2890 5423 μελλοντας
2921 5369 2985 5406 εκ
3014 5371 3109 5407 του
3141 5370 3493 5424 κηρύγματος
3516 5369 3657 5424 ωφε-

2082 5418 2148 5492 λη
2186 5439 2332 5492 ηναι.
2383 5421 2504 5476 Non
2546 5424 2728 5476 timere
2758 5439 2846 5476 eos
2885 5424 3013 5487 uult,
3047 5437 3150 5478 ate
3175 5434 3361 5478 contra
3395 5434 3532 5478 uelat
3563 5431 3657 5478 de-

2079 5491 2597 5563 sideriofuturorum
2617 5509 2728 5547 sese
2756 5497 2824 5546 ad
2848 5506 3064 5549 mortem
3093 5504 3361 5563 promptos
3393 5494 3655 5558 exhibere,

2078 5575 2141 5614 ne
2170 5563 2225 5614 id
2259 5561 2442 5631 fraudi
2471 5563 2540 5618 sit
2567 5565 2641 5619 eis
2669 5564 2759 5634 qui
2792 5579 2856 5620 ex
2879 5579 3057 5619 eorum
3094 5561 3344 5620 doctrina
3371 5566 3654 5634 profecturi

2075 5640 2252 5687 erant.
