4120 6376
478 395 582 454 5θῖ

1632 385 1996 445 (ΣΟΜΜΕΝΤ.
2038 384 2105 441 IN
2147 381 2583 441 MATTIir’EUM.

3625 380 3729 437 598

477 516 643 571 πάλιν
693 514 788 569 καὶ
829 514 958 578 τοὺς
1005 512 1306 575 κινδύνους,
1357 509 1685 579 ἁναπτερῶν
1729 507 1910 561 αὐτῶν
1959 508 2048 576 rip

2165 515 2398 560 mentem
2421 519 2609 560 eorum
2637 504 2902 568 excitans,
2927 502 3289 574 omnibusque
3312 501 3538 558 reddens
3561 517 3727 569 supc-

476 609 739 672 διάνοιαν,
772 607 869 660 καὶ
913 604 1282 677 ὑψηλοτέρους
1332 601 1551 655 πάντων
1596 600 1784 653 ποιῶν.
1834 600 1899 652 Τί
1946 599 2055 665 γάρ

562 716 651 763 et;

562 717 651 763 at;

477 717 674 844 mea);
698 790 833 843 ἔστι
859 787 1135 859 μαθητὴς
1171 786 1326 855 ὑπὲρ
1366 785 1479 839 τὸν
1513 782 1912 838 διδάσκαλον.

547 883 803 937 Διδάσκει
838 880 915 951 (Ι)
946 879 1283 947 ἀνεξικάκως
1328 879 1438 932 πᾶν
1478 874 1618 939 εῐδος
1666 874 1856 946 φέρειν
1884 874 2056 927 λοιδο-

479 974 621 1046 ρίας,
656 975 751 1029 καὶ
793 973 869 1046 μὴ
908 971 1049 1045 ὑπὲρ
1078 972 1170 1026 τὸν
1199 971 1469 1042 δεσπότην
1498 970 1734 1039 φρονεῖν.

494 1194 497 1197 -
554 1131 648 1213 Ἓν
696 1152 876 1231 καιρῷ
923 1156 1157 1230 κρίσεως
1204 1155 1383 1210 πάντα
1416 1152 1808 1227 φανεροῦνταν
1846 1150 1910 1203 οὐ
1948 1151 2058 1222 γάρ

475 1249 765 1322 λοιδορίαις
795 1248 1066 1320 προσέχω,
1108 1246 1247 1302 ἀλλὰ
1274 1249 1394 1312 ταῖς
1435 1246 1703 1318 καρδίαις.

546 1341 673 1407 Πᾶς
701 1336 817 1396 οὖν
840 1341 1015 1405 ’ὅστις
1066 1339 1430 1411 ὁμολογήσει
1466 1339 1536 1393 ἐν
1562 1339 1692 1409 ἐμοὶ
1714 1340 2058 1410 ἔμπροσθεν

477 1433 597 1488 τῶν
620 1431 967 1501 ἀνθρώπων.

558 1526 618 1577 Ὀ
641 1522 923 1595 ὁμολογῶν
943 1522 1021 1595 (2)
1060 1524 1144 1578 ὅτι
1177 1522 1310 1587 Θεός
1343 1524 1491 1578 ἐστιν
1518 1524 1546 1576 ὁ
1578 1522 1833 1595 Χριστὸς,
1862 1535 2055 1579 ταπει-

476 1614 657 1679 νώσας
686 1614 902 1679 ἑαυτὸν,
926 1614 1111 1684 μέλλει
1138 1616 1287 1685 σχεῖν
1310 1613 1402 1667 τὸν
1431 1614 1665 1686 Χριστὸν
1691 1614 2058 1687 ὁμολογοῦντα

474 1706 607 1777 περὶ
636 1704 802 1759 αὐτοῦ
827 1705 906 1775 τῷ
944 1706 1141 1777 Πατρὶ,
1171 1707 1254 1759 ὅτι
1284 1704 1505 1776 γνήσιός
1530 1706 1646 1759 ἐστι
1672 1706 1879 1771 δοῦλος.

557 1798 625 1852 '0
646 1796 847 1865 εὑρὼν
873 1800 989 1866 τὴν
1014 1798 1227 1868 ψυχὴν
1252 1797 1465 1863 αὑτοῦ,
1492 1798 1782 1854 ἀπολέσει
1820 1800 2014 1869 αὐτήν
2037 1815 2053 1830 °

2158 599 2352 652 riores.
2391 597 2594 666 Ecquid
2618 597 2764 650 enim
2795 595 3005 666 inquit?

2229 772 2299 836 Χ,
2328 772 2418 830 25.
2456 770 2583 827 Non
2615 783 2689 828 est
2723 772 3015 840 discipulus
3039 788 3194 842 super
3219 773 3551 843 magistrum.

2229 865 2419 932 Docet,
2451 878 2611 920 omne
2655 863 2885 920 convicii
2918 878 3087 934 genus
3116 864 3384 934 patienter
3417 862 3722 927 ferendum,

2157 966 2214 1008 et
2240 954 2565 1025 discipulum
2588 970 2750 1026 supra
2784 957 3098 1027 magistrum
3130 970 3189 1010 se
3214 954 3473 1010 extollere
3498 969 3604 1009 non
3636 954 3723 1009 de-

2160 1047 2310 1103 bere.

2233 1139 2290 1193 In
2324 1138 2413 1193 die
2442 1137 2632 1208 judicii
2661 1138 2843 1193 omnia
2880 1136 3403 1193 manifestabuntur
3446 1151 3551 1192 non
3577 1135 3722 1193 enim

2158 1230 2532 1286 cavillationes
2556 1245 2709 1293 curo.
2739 1230 2833 1287 sed
2871 1231 3058 1287 corda.

2229 1322 2299 1388 Χ,
2330 1322 2422 1380 52.
2461 1323 2645 1379 Omnis
2665 1340 2793 1396 ergo
2830 1325 2921 1394 qui
2948 1324 3279 1395 conﬁtebitur
3310 1344 3390 1385 me
3425 1345 3601 1384 coram
3630 1330 3724 1385 Ita-

2157 1414 2407 1471 minibus.

2228 1506 2332 1572 Qui
2362 1506 2639 1564 Christum
2690 1506 2860 1564 Deum
2906 1524 3032 1567 esse
3078 1515 3386 1578 conlitetur,
3434 1513 3725 1569 humilians

2158 1597 2419 1668 seipsum,
2472 1599 2767 1655 merebitttr
2793 1601 3067 1658 Christum
3111 1603 3309 1659 habere
3344 1619 3443 1673 pro
3481 1620 3546 1661 eo
3574 1604 3723 1660 Patri

2160 1690 2528 1744 testimonium
2562 1692 2899 1758 reddentem,
2916 1694 3042 1763 quia
3064 1694 3240 1750 ﬁdelis
3263 1706 3347 1752 est
3371 1712 3582 1753 servus.

2227 1779 2295 1848 Χ,
2327 1781 2416 1838 59.
2450 1782 2552 1849 Qui
2594 1784 2788 1839 invenit
2838 1787 3072 1841 animum
3108 1803 3278 1851 suam,
3314 1788 3492 1855 perdet
3545 1786 3724 1854 illam;

474 1887 572 1940 καὶ
614 1852 991 1951 όάὲολέσας
1170 1852 1386 1957 ὶίύχὴν
1412 1852 1623 1943 α’ὑτοῧγ
1646 1852 2048 1959 -ἐμοῦ,

2155 1884 2203 1929 et
2232 1878 2319 1945 qui
2344 1875 2628 1945 perdiderit
2683 1877 2915 1931 animam
2947 1894 3098 1933 suam
3145 1852 3355 1948 propter
3380 1895 3481 1943 me,
3501 1852 3724 1935 inveniet

473 1975 725 2046 εὑρήσει
752 1976 971 2042 αὑτήν.

557 2070 615 2121 '0
642 2068 742 2140 τὴν
771 2066 959 2121 ἐνθάδε
978 2065 1313 2138 πρόσκαιρον
1341 2066 1487 2139 ζωὴν
1512 2069 1762 2137 ἀγαπῶν,
1787 2071 1940 2141 φησὶ,
1962 2071 2056 2125 καὶ

474 2161 609 2231 ἐμοῦ
641 2160 943 2232 προτιμῶν,
967 2158 1067 2213 οὐκ
1089 2158 1204 2211 ἔστι
1234 2175 1337 2229 μου
1358 2157 1506 2224 ἄξιος
1525 2175 1539 2190 ·
1567 2159 1596 2211 ὁ
1616 2158 1673 2213 δὲ
1695 2160 1796 2230 τῆς
1822 2159 2054 2215 ἐνταῦθα

475 2250 812 2323 προσκαίρου
847 2252 994 2323 ζωῆς
1024 2251 1327 2323 ἀμελήσας,
1369 2250 1464 2303 καὶ
1491 2250 1622 2321 περὶ
1649 2249 1846 2304 πολλοῦ
1872 2250 2055 2305 ποιούδ

477 2357 638 2411 μενος
666 2340 767 2411 ἐμὲ
800 2341 895 2395 καὶ
926 2340 1024 2405 τὰς
1053 2340 1191 2412 ἐμάς
1227 2338 1467 2404 ἐντολάς,
1493 2338 1639 2413 ζωὴν
1668 2340 1899 2414 εὑρήσει
1925 2340 2055 2395 αίώ-

474 2450 607 2486 νιον.

555 2522 618 2575 '0
644 2521 968 2592 δεχόμενος
992 2520 1171 2591 ὑμᾶς,
1194 2519 1300 2591 ἐμὲ
1323 2519 1557 2591 δέχεται
1575 2536 1590 2551 °
1630 2520 1728 2575 καὶ
1767 2522 1801 2575 ό
1826 2519 1931 2589 ἐμὲ
1955 2520 2052 2575 δε-

473 2614 752 2684 χόμεγος,
795 2611 1029 2681 δέχεται
1054 2610 1162 2665 τὸν
1190 2609 1637 2667 ἀποστείλαντά
1668 2626 1765 2680 με.

558 2707 615 2761 '0
637 2706 945 2778 δεχόμενος,
977 2706 1161 2775 φησὶν,
1200 2706 1345 2776 ὑμᾶς
1381 2706 1508 2768 τοὺς
1543 2705 1643 2775 τὴν
1678 2704 1935 2777 ἀλήθειαν
1960 2720 2053 2773 κη·

472 2798 773 2867 ρύσσοντας
798 2840 814 2863 ,
862 2797 1031 2868 αὐτὴν
1080 2796 1297 2868 ἐκείνην
1345 2796 1561 2866 δέχεται
1614 2795 1713 2867 τὴν
1764 2795 2049 2864 Θεότητα·

469 2890 715 2942 τουτέστι
767 2889 857 2943 τὸν
904 2888 1123 2959 Πατέρα
1178 2887 1272 2941 καὶ
1319 2885 1411 2940 τὸν
1461 2887 1588 2940 Υίὸν
1636 2886 1731 2941 καὶ
1784 2887 1848 2940 τὸ
1896 2887 2052 2956 ἅγιον

473 2979 731 3051 Πνεῦμαο
764 2979 922 3034 τοῦτο
968 2980 1074 3051 γάρ
1121 2981 1270 3033 ἐστιν
1319 2980 1349 3033 ὃ
1399 2994 1595 3050 φησιν·
1636 2979 1736 3032 «Ὀ
1766 2978 2051 3050 δεχόμενος

472 3073 635 3143 ὑμᾶς,
667 3072 767 3143 ἐμὲ
795 3072 1037 3143 δέχεταιο
1083 3073 1175 3126 καὶ
1220 3073 1249 3124 ὁ
1272 3071 1372 3143 ἐμὲ
1416 3070 1725 3142 δεχόμενος,
1753 3070 1917 3126 αὐτὸν
1959 3069 2050 3125 τὸν

470 3164 689 3236 Πατέρα
718 3164 952 3235 δέχεται.
995 3184 1014 3216 ι

540 3254 625 3308 Σὺ
657 3251 714 3309 εἶ
742 3258 774 3309 ό
802 3256 1153 3325 ἐρχόμενος,
1197 3255 1236 3325 ἣ
1271 3255 1477 3325 ἕτερον
1502 3252 1932 3323 προσδοκῶμεν
1948 3271 1977 3318 ι;

539 3431 654 3485 Οὐκ
682 3430 890 3499 ἀγνοῶν
920 3428 995 3500 (5)
1033 3425 1172 3484 εἶναι
1195 3429 1357 3482 αὐτὸν
1384 3427 1477 3482 τὸν
1495 3427 1753 3501 Χριστὸν,
1779 3428 1978 3500 ἐρωτᾷ,
2009 3428 2043 3499 ἢ

469 3523 553 3577 ὅτι
581 3522 813 3595 ἧμελλεν
842 3525 922 3586 εἰς
954 3522 1080 3595 ᾅδου
1108 3520 1408 3587 κατελθεῖν,
1434 3519 1510 3583 ὥς
1538 3517 1683 3583 τινές
1708 3536 1873 3588 φασιν
1906 3518 2043 3590 (ᾔδει

468 3615 578 3686 γὰρ
604 3615 664 3668 τὸ
689 3615 857 3678 πάθος
881 3615 1067 3678 αὐτοῦ,
1092 3614 1173 3668 διὸ
1196 3614 1289 3667 καὶ
1316 3613 1490 3684 ἀμνὸν
1517 3611 1677 3666 αὐτὸν
1706 3610 2008 3681 ὠνόμασεν)
2026 3626 2039 3639 ·

469 3708 585 3763 ἀλλ’
616 3710 703 3762 ἵνα
732 3708 813 3761 ἔτι
837 3708 944 3773 ζῶν
977 3707 1139 3777 πείσῃ
1167 3706 1386 3770 αὐτοὺς,
1422 3704 1517 3759 καὶ
1541 3703 1617 3775 μὴ
1648 3702 1785 3775 μετὰ
1814 3702 2043 3759 θάνατον

469 3801 636 3855 αὑτοῦ
668 3799 1039 3872 προστεθῶσιν
1075 3798 1247 3869 ἑτέρῳ
1287 3796 1616 3867 διδασκάλῳ.

541 3973 732 4043 Οὗτος
761 3974 871 4047 γάρ
896 3976 1026 4031 ἐστι
1049 3975 1180 4045 περὶ
1211 3968 1284 4031 οὗ
1305 3975 1625 4046 τέτραπται
1645 3990 1661 4006 ο
1709 3973 1864 4029 Ἰδοὺ
1894 3974 2042 4029 ἀπο-

467 4069 704 4124 στέλλω
727 4070 836 4123 τὸν
866 4069 1161 4138 Ἀγγελόν
1175 4084 1294 4136 μου
1325 4067 1439 4136 πρὸ
1459 4065 1781 4134 προσώπου
1805 4065 1945 4133 σου,
1974 4066 2043 4132 ὃς

468 4162 909 4218 κατασκευάσει
938 4162 1054 4230 τὴν
1085 4162 1229 4217 ὁδόν
1252 4177 1371 4217 σου
1398 4160 1738 4231 ἔμπροσθέν
1764 4176 1903 4218 σου.

544 4253 930 4309 Κατεσκεύασε
952 4253 1048 4325 τὴν
1067 4253 1185 4307 ὁδὸν
1212 4253 1440 4324 Κυρίου,
1466 4253 1747 4307 τουτέστιν
1776 4254 2039 4324 ἡτοίμασε

466 4348 592 4407 τοὺς
618 4343 936 4414 ἀνθρώπους
964 4342 1099 4414 πρὸς
1124 4342 1185 4396 τὸ
1212 4342 1570 4407 ὑποδέξασθαι
1591 4343 1692 4415 τὴν
1720 4343 2041 4414 νομοθεσίαν

467 4436 561 4488 τοῦ
597 4432 974 4498 Θεοῦ.’Έδειξε
1002 4432 1099 4501 μὲν
1122 4427 1213 4485 οὖν
1240 4431 1334 4485 καὶ
1359 4431 1609 4486 ἐντεῦθεν
1631 4434 1660 4487 ό
1686 4434 1729 4486 Χ
1739 4433 1917 4503 ριστδς
1941 4433 2041 4503 τὴν

2076 3184 2123 3246 C

2155 1982 2268 2019 eam
2277 2006 2290 2020 .

2224 2054 2326 2122 Qui
2363 2056 2580 2111 brevem
2615 2055 2777 2127 hujus
2815 2058 3073 2128 temporis
3114 2058 3279 2113 vitam
3313 2060 3449 2115 adeo
3485 2067 3632 2114 amat
3666 2068 3725 2114 ut

2155 2160 2273 2201 eam
2300 2146 2433 2201 mihi
2464 2147 2734 2216 praeferat,
2774 2162 2877 2203 non
2917 2158 3004 2204 est
3041 2164 3128 2205 me
3160 2150 3494 2218 dignus.Qul
3542 2160 3723 2206 autem

2158 2238 2297 2293 banc
2345 2238 2597 2295 celeriter
2646 2242 3015 2296 transeuntem
3054 2241 3276 2314 negligit
3326 2242 3512 2309 vitam,
3543 2252 3598 2298 et
3638 2258 3726 2300 me

2156 2345 2385 2401 meaque
2420 2333 2672 2388 mandata
2713 2331 2982 2402 praecipuo
3017 2335 3070 2387 in
3116 2333 3293 2403 pretio
3338 2334 3521 2398 habet,
3555 2334 3722 2389 vitam

2158 2422 2395 2478 inveniet
2433 2424 2843 2493 sempiternam.

2226 2515 2297 2581 Χ,
2327 2514 2417 2571 40.
2451 2514 2558 2582 Qui
2574 2517 2754 2586 recipit
2775 2532 2885 2584 vos,
2921 2533 3003 2573 me
3030 2518 3247 2588 recipit;
3277 2530 3324 2574 et
3358 2521 3448 2591 qui
3477 2537 3558 2577 me
3592 2522 3725 2577 reci-

2152 2606 2251 2674 pit,
2288 2606 2472 2674 recipit
2505 2621 2622 2660 eum
2641 2606 2731 2677 qui
2755 2621 2833 2660 me
2859 2605 3022 2661 misit.

2224 2698 2335 2769 28
2378 2697 2478 2765 Qui
2513 2700 2707 2770 accipit
2755 2714 2871 2765 vos,
2918 2716 3014 2756 vos
3055 2701 3271 2770 inquam
3338 2705 3724 2774 praedicatores

2153 2790 2422 2857 veritatis,
2450 2789 2795 2847 Divinitatem
2842 2791 3041 2863 accipit
3087 2792 3283 2863 ipsam,
3325 2794 3427 2851 hoc
3485 2805 3589 2862 est,
3621 2796 3724 2850 Pa-

2155 2891 2290 2938 trem
2338 2891 2395 2939 et
2448 2882 2649 2939 Filium
2688 2894 2743 2940 et
2780 2884 3045 2954 Spiritum
3091 2896 3361 2942 sanctum.
3418 2886 3531 2945 Hoc
3577 2888 3721 2944 enim

2152 2987 2237 3031 est
2286 2975 2430 3046 quod
2490 2974 2669 3031 dicit:
2719 2993 2740 3028 t
2808 2977 2908 3044 Qui
2958 2993 3053 3035 vos
3110 2979 3330 3048 accipit,
3366 2994 3451 3034 me
3501 2984 3720 3053 accipit,

2152 3077 2208 3122 et
2231 3068 2324 3138 qui
2347 3080 2433 3124 me
2468 3067 2688 3137 accipit,
2717 3067 2932 3125 Patrem
2958 3070 3130 3139 ipstnn
3167 3087 3342 3126 meum
3370 3073 3584 3141 accipit.
3626 3092 3646 3124 ι

2221 3241 2314 3309 XI,
2358 3243 2414 3298 3.
2454 3240 2537 3297 Tu
2579 3241 2763 3313 es'qui
2807 3254 3054 3299 venturus
3103 3260 3180 3309 es,
3228 3260 3299 3298 an
3329 3244 3494 3298 alium
3535 3259 3718 3313 ρεηδα-

2151 3344 2351 3389 ctamus
2366 3336 2392 3389 .7

2220 3425 2339 3481 Non
2372 3426 2629 3497 ignorans
2666 3439 2791 3481 eum
2836 3438 2961 3481 esse
2985 3424 3288 3491 Christum,
3319 3423 3718 3496 interrogabat,

2150 3517 2233 3574 vel
2272 3518 2401 3589 quia
2442 3518 2495 3573 in
2542 3517 2813 3574 infernum
2856 3517 3186 3574 descendere
3224 3516 3477 3582 debebat,
3515 3526 3575 3573 ut
3600 3519 3719 3587 qui-

2149 3615 2275 3671 dam
2303 3614 2491 3670 dicunt
2518 3631 2531 3668 :
2562 3615 2866 3684 passionem
2885 3612 3031 3669 enim
3059 3610 3178 3680 ejus
3200 3610 3434 3667 futuram
3473 3622 3717 3675 noverat,

2148 3715 2368 3777 propter
2390 3706 2533 3776 quod
2566 3705 2714 3760 illum
2740 3706 2949 3776 Agaum
2983 3703 3310 3769 nominavit;
3346 3702 3440 3760 sed
3466 3713 3524 3757 ut
3544 3702 3721 3758 adhuc

2150 3798 2335 3851 vivens
2358 3795 2475 3851 illos
2506 3798 2557 3849 in
2589 3794 2695 3851 ﬁde
2721 3794 3092 3860 conﬁrmaret,
3118 3800 3173 3848 et
3198 3801 3321 3861 post
3351 3804 3578 3849 mortem
3599 3792 3723 3865 ejus

2149 3889 2240 3943 alii
2277 3889 2538 3958 magistro
2571 3902 2678 3943 non
2708 3885 3073 3942 adhaererent.

2219 3979 2312 4045 XI,
2346 3980 2434 4034 10.
2462 3978 2565 4035 llic
2593 3978 2733 4034 enim
2755 3987 2831 4033 est
2860 3977 2925 4032 de
2942 3993 3042 4046 qua
3058 3977 3316 4047 scriptum
3330 3987 3438 4033 est:
3466 3976 3597 4032 Ecce
3626 3994 3720 4049 ego

2148 4072 2298 4127 mitto
2323 4070 2576 4142 Angelum
2602 4085 2775 4124 meum
2802 4076 2924 4124 ante
2962 4068 3152 4138 faciem
3183 4078 3351 4136 tuam,
3380 4068 3472 4140 qui
3506 4084 3714 4139 purpo-

2148 4165 2283 4218 rabit
2310 4164 2451 4219 uiam
2486 4172 2632 4217 tuam
2663 4172 2785 4216 ante
2830 4171 2901 4217 te.

2218 4252 2546 4323 Praeparavit
2580 4252 2719 4306 viam
2774 4250 3010 4315 Domini,
3045 4250 3097 4306 id
3128 4259 3213 4306 est
3248 4251 3566 4322 praparavil
3619 4251 3716 4307 bo-

2147 4344 2323 4401 ntlnes
2349 4345 2415 4398 ad
2448 4344 2846 4413 suscipiendam
2875 4344 2965 4398 Dei
3001 4341 3194 4412 legem.
3223 4341 3352 4399 Inde
3380 4343 3541 4411 igitur
3565 4342 3715 4399 Chri-

2146 4443 2261 4487 stus
2286 4433 2501 4503 quidem
2562 4432 2727 4487 etiatn
2768 4431 3009 4488 ostendit
3061 4429 3284 4487 Joannis
3337 4433 3709 4489 eminentiam.

470 4527 743 4597 ὑπεροχὴν
799 4524 894 4578 τοῦ
931 4523 1196 4577 Ἰωάννου.
1231 4524 1343 4593 Οὐχ
1396 4523 1614 4579 ἵσταται
1659 4524 1717 4578 δὲ
1764 4525 2039 4591 ἐνταῦθα,

2150 4525 2261 4579 Non
2299 4534 2474 4580 autem
2513 4525 2600 4579 hic
2631 4524 2797 4588 sistit.
2826 4525 2920 4582 sed
2950 4539 3109 4581 suum
3148 4524 3347 4582 deinde
3396 4524 3713 4597 suﬂragium

468 4619 604 4673 ἀλλὰ
630 4618 727 4690 τὴν
760 4617 889 4688 παρ’
903 4615 1098 4669 ἑαυτοῦ
1123 4615 1307 4669 λοιπὸν
1336 4615 1531 4684 ἐπάγει
1563 4615 1763 4687 ψῆφον,
1794 4617 1997 4687 λέγων·

551 4730 730 4800 Ἀμὴν
752 4730 908 4799 λέγω
936 4729 1100 4799 ὑμῖν,
1135 4722 1261 4783 οὐκΔ
1283 4728 1592 4799 ἐγήγερται
1632 4729 1703 4785 ἐν
1732 4733 2037 4801 γεννητοῖς

466 4820 767 4893 γυναικῶν
788 4820 1000 4892 μείζων
1042 4819 1323 4875 Ἰωάννου
1352 4820 1458 4874 τοῦ
1497 4822 1859 4877 Βαπτιστοῦ.

537 4916 647 4969 Καὶ
693 4916 795 4985 ὅρα
845 4913 964 4977 πῶς
994 4914 1142 4984 ὅρκῳ
1178 4911 1460 4965 πιστοῦται
1496 4913 1564 4965 τὰ
1604 4912 1733 4983 περὶ
1769 4912 2034 4969 Ἰωάννου.

474 5025 493 5059 ι
514 5006 684 5078 ’Δμὴν
708 5006 837 5078 γὰρ,
876 5006 1029 5075 φησὶ,
1070 5004 1236 5073 λέγω,
1266 5005 1347 5057 ὅτι
1375 5004 1474 5057 οὐκ
1508 5004 1803 5074 ἐγήγερται
1839 5005 2040 5074 μείζων

468 5097 653 5151 αὐτοῦ.
681 5117 698 5149 ι
729 5098 804 5150 Τὸ
830 5096 1137 5167 ἐγήγερται
1167 5092 1321 5150 εἶπεν
1350 5096 1424 5157 ὡς
1454 5096 1581 5166 περί
1606 5112 1749 5159 τινος
1781 5094 2045 5166 βασιλέως

467 5188 889 5259 περιφανοῦς,ἢ
934 5187 1008 5250 ὡς
1061 5187 1183 5258 περὶ
1228 5185 1395 5255 φυτοῦ
1443 5186 1562 5238 λίαν
1607 5187 2041 5258 εὐμηκεστάτου,

468 5284 563 5336 καὶ
594 5283 712 5345 ταῖς
744 5282 965 5351 ἀρεταῖς
994 5282 1071 5343 εἰς
1106 5278 1237 5349 ὕψος
1270 5277 1691 5349 ἀναδραμόντος.

506 5502 509 5505 ,
550 5455 603 5507 '0
632 5454 699 5508 δὲ
719 5455 1062 5523 μικρότερος
1089 5454 1159 5507 ἐν
1186 5451 1257 5521 τῇ
1284 5454 1571 5522 βασιλείᾳ
1600 5452 1718 5507 τῶν
1743 5453 2034 5521 οὐρανῶν,

388 5571 393 5578 ο
463 5545 675 5617 μείζων
699 5547 883 5601 αὑτοῦ
913 5548 1061 5600 ἐστι.

540 5724 558 5782 ί
570 5724 616 5789 Ι)
652 5722 925 5777 Διδάσκει
948 5751 1017 5792 -έ-
1044 5722 1332 5790 καρδίαις.
1372 5721 1614 5779 Cramer.
1646 5738 1697 5792 p.
1729 5720 1817 5779 79.

539 5794 620 5869 (2)
660 5793 711 5848 Ὀ
740 5791 1067 5865 ὁμολογῶν.
1102 5796 1343 5849 Cramer.
1368 5792 1426 5864 ρ.
1456 5792 1543 5846 80.

2142 4616 2436 4687 subjungit,
2475 4616 2662 4674 dicens
2694 4634 2710 4671 :

2214 4728 2305 4793 XI,
2335 4729 2422 4783 il.
2453 4729 2617 4783 Amen
2640 4730 2758 4782 dico
2803 4729 2965 4793 vobis,
2998 4746 3102 4784 non
3137 4732 3365 4785 surrexit
3400 4732 3533 4785 inter
3559 4740 3715 4785 nates

2146 4821 2422 4874 mulierum
2465 4819 2638 4889 major
2680 4819 2888 4875 Joanne
2923 4818 3184 4889 Baptista.

2248 4909 2359 4980 29
2427 4911 2939 4967 Considera‘etiam
2991 4912 3289 4982 quomodo
3332 4912 3710 4984 jurejurando,

2144 5016 2209 5058 ea
2245 5016 2366 5071 quae
2394 5001 2460 5057 de
2489 5001 2693 5057 Joanne
2720 5003 2996 5069 dicuntur,
3034 5004 3449 5059 conﬁrmentur.
3481 5022 3503 5057 ι
3536 5006 3709 5059 Amen

2144 5090 2313 5155 enim,
2338 5090 2531 5162 inquit,
2563 5092 2707 5159 dico,
2734 5093 2860 5162 quia
2889 5107 2955 5149 eo
3003 5092 3177 5162 major
3212 5108 3317 5148 non
3374 5092 3643 5160 surrexit;
3682 5113 3704 5148 ι

2142 5180 2271 5237 illud
2298 5183 2524 5238 surrexit
2554 5184 2689 5238 dixit
2720 5193 2975 5255 tanquam
3023 5184 3091 5239 de
3144 5198 3268 5254 rege
3308 5184 3542 5255 quodam
3586 5184 3711 5240 iliu-

2140 5274 2262 5339 stri,
2292 5283 2387 5328 aut
2419 5282 2671 5344 tanquam
2699 5276 2765 5330 de
2787 5276 2955 5345 stirpe
2980 5275 3153 5345 aliqua
3210 5276 3622 5354 procerissima,
3653 5287 3711 5332 et

2139 5365 2433 5421 virtutibus
2472 5367 2525 5420 in
2564 5366 2728 5422 altum
2762 5378 3103 5439 exsurgentc.
3570 5439 3575 5443 _

2218 5452 2321 5518 Qui
2351 5465 2525 5509 autem
2556 5457 2723 5509 mittor
2744 5467 2816 5511 est
2845 5458 2900 5509 in
2932 5472 3084 5526 regno
3130 5456 3396 5522 caelorum,
3432 5455 3601 5525 majdr
3628 5463 3706 5509 est

2142 5544 2253 5599 illo.

2210 5723 2286 5793 (ε)
2320 5726 2441 5778 Οὐκ
2471 5722 2703 5795 ἀγνοῶν
2737 5754 2801 5765 --
2830 5722 3194 5791 διδασκάλῳ.
3235 5726 3479 5780 Cramer.
3527 5741 3575 5795 p.
3613 5714 3703 5780 82.
