4134 6374
460 356 554 412 ιΜ

1623 352 1980 413 ΕΟΜΜΕΝΤ.
2023 360 2088 414 ΙΝ
2132 359 2565 420 MATTlL'EUM.

3591 357 3693 413 ιοε

456 472 633 535 δόξας.
662 470 940 538 Ἔπρεπεν
984 467 1207 541 Ἰωάννῃ
1249 468 1325 532 ὡς
1372 466 1556 540 οἰκέτῃ
1603 469 1693 524 διά
1740 472 1844 541 τῆς
1884 470 2022 539 ἄγαν

2138 477 2551 547 :umagebantur
2601 476 2962 545 opinionibus.
3001 477 3229 533 Decebat
3265 477 3546 537 Joannem.
3574 487 3691 528 tan-

457 560 883 632 σκληραγωγίας
924 558 1337 631 κατανεκρῶσαι
1384 558 1455 613 τά
1499 560 1599 632 τῆς
1624 563 1825 634 σαρκὸς
1852 563 2020 635 πάθη,

454 652 531 723 τῷ
577 652 634 705 δὲ
671 649 892 721 Χριστῷ
939 649 1013 713 ὡς
1065 648 1334 720 ἐλευθέρῳ
1363 650 1588 721 δυνάμει
1631 653 1730 721 τῆς
1775 652 2025 724 θεότητος

455 740 878 809 ὲξουσιαστικίύς
909 740 978 794 τὰ
1010 740 1111 810 τῆς
1139 741 1341 812 σαρκὸς
1359 740 1586 812 νεκροῦν
1614 744 1907 813 κινήματα,
1930 746 2025 798 καὶ

458 836 546 889 τὸν
578 834 819 907 ἔμφυτον
845 834 945 903 τῆς
978 834 1181 903 σαρκὸς
1203 834 1386 904 νόμον,
1407 835 1468 886 οὐ
1495 835 1603 905 μὴν
1625 835 1692 888 δι’
1713 836 2027 903 ἀσκητικῶν

459 928 638 982 πόνων
668 929 744 985 είς
779 926 941 980 τοῦτο
970 925 1379 996 βοηθεῖσθαι.’0
1412 926 1512 996 μὲν
1552 926 1806 997 Ἰωάννης
1830 927 2024 997 βάπτιο

461 1035 575 1089 σμα
619 1016 919 1088 κηρύσσων·
961 1015 1268 1087 μετανοίας,
1315 1015 1485 1069 τύπον
1539 1018 1733 1071 ἑαυτὸν
1782 1018 2026 1088 παρέσχε

460 1109 567 1170 τοῖς
594 1106 867 1177 ὀφείλουσῐ
900 1105 1134 1160 πενθεῖν.
1153 1108 1212 1159 Ὀ
1244 1106 1299 1160 δὲ
1327 1106 1532 1177 Κύριος
1565 1106 1844 1178 βασιλείαν
1869 1108 2029 1179 οὐρα-

460 1198 573 1252 νῶν
610 1197 921 1269 κηρύσσων,
949 1199 1173 1260 εἰκότως
1204 1197 1265 1250 τὸ
1293 1198 1574 1269 ἀνειμένον
1606 1198 1697 1252 καὶ
1723 1198 1949 1270 φαιδρὸν
1972 1201 2029 1253 ὲν

460 1289 638 1359 ἑαυτῷ
664 1289 1029 1352 ἐπεδείκνυτο,
1061 1288 1126 1342 δι’
1149 1283 1217 1362 ἦς
1246 1292 1358 1353 τοῖς
1387 1292 1597 1353 πιστοῖς
1624 1289 1906 1361 ὑπέγραφε
1929 1291 2031 1361 τὴν

460 1381 726 1452 ἐσομένην
756 1382 1131 1453 ἀνὲκφραστον
1156 1381 1322 1449 ζωὴν,
1367 1382 1463 1435 καὶ
1504 1381 1604 1454 τὴν
1639 1381 1837 1436 ἄπονον
1863 1380 2026 1455 ζωήν.

461 1559 769 1627 Κυριλλου
829 1558 899 1611 ἐκ
941 1557 1047 1611 τοῦ
1098 1556 1381 1625 δευτέρου
1443 1558 1550 1611 τοῦ
1607 1560 1696 1626 εἰς
1754 1559 1820 1612 τὸ
1882 1558 2033 1613 κατά

844 1647 1141 1703 Ματθαῒον
1180 1648 1611 1718 Ὑπομνήμαεαε

533 1734 702 1792 Ἦλθε
732 1738 829 1809 μιν
859 1738 933 1809 (l)
958 1737 1066 1809 γὰρ
1091 1739 1344 1810 Ἰωάννης
1386 1740 1523 1810 μήτε
1545 1739 1769 1806 ἐσθίων,
1789 1743 1924 1812 μήτε
1942 1742 2031 1795 πί-

2125 583 2285 637 quam
2310 582 2546 629 servum,
2568 583 2665 637 per
2689 568 2875 621 duram
2912 568 3196 623 admodum
3246 568 3368 620 vitae
3419 554 3685 619 rationem

2125 660 2306 713 carnis
2356 658 2671 714 aﬂectiones
2712 658 3362 713 mortiﬁcarewhristum
3411 670 3537 711 vero
3570 666 3689 709 lau-

2125 765 2285 820 quam
2310 751 2555 816 liberum,
2588 751 2788 805 virtute
2818 751 3136 814 divinitatis,
3169 756 3427 820 tanquam
3450 762 3688 819 pmesm—

2130 853 2233 897 tem
2288 841 2597 905 habentem,
2635 842 2814 896 carnis
2861 849 3037 895 motus
3086 842 3358 904 edomare,
3390 855 3452 894 ac
3478 839 3690 893 insitam

2127 931 2307 986 carnis
2362 931 2529 998 legem
2580 932 2849 1001 subigere,
2891 945 2996 985 non
3050 942 3226 985 tamen
3278 945 3375 998 per
3430 930 3692 984 asceticos

2128 1023 2341 1078 labores
2370 1024 2439 1078 ad
2490 1025 2593 1079 hoc
2638 1024 2833 1094 juvari.
2880 1023 3127 1079 JOannes
3162 1024 3374 1092 quidem
3428 1020 3691 1091 baptisma

2128 1114 2426 1182 praedicans
2477 1114 2825 1185 patnilentiae,
2880 1114 3117 1185 figurant
3152 1124 3212 1169 se
3246 1116 3417 1182 ipsum
3466 1113 3694 1183 praebuit

2131 1205 2313 1273 lugere
2335 1205 2690 1261 debentibus:
2723 1206 2983 1261 Dominus
3013 1220 3140 1261 vero
3175 1216 3393 1275 regnum
3433 1204 3691 1260 ctelorum

2129 1298 2449 1367 praedicans,
2508 1300 2703 1353 merito
2779 1298 3154 1354 remissionem
3216 1306 3281 1353 ac
3338 1296 3577 1351 lm‘titiatn
3640 1298 3691 1348 in

2130 1402 2251 1442 sese
2296 1388 2561 1454 exhibuit,
2598 1404 2695 1459 per
2740 1386 2902 1458 quam
2954 1388 3201 1444 fidelibus
3255 1384 3490 1442 futuram
3532 1390 3693 1439 vitam

2133 1479 2451 1536 ineffabilem
2478 1481 2980 1549 descripsit,<vitam
3025 1481 3226 1536 laboris
3254 1486 3551 1548 expertem.

2132 1569 2333 1640 Cgrilti‘
2387 1585 2452 1624 ea:
2516 1570 2651 1624 libro
2704 1585 2742 1624 tt
2815 1568 3188 1624 Commentun'i
3249 1570 3321 1622 in"
3367 1564 3690 1621 Mattfm'um.

2666 1659 2884 1728 (Matth.
2912 1676 2991 1725 xu,
3025 1660 3133 1730 l8).

2206 1752 2367 1808 Venit
2408 1753 2552 1807 enim
2590 1751 2824 1807 Joannes
2870 1764 3042 1820 neque
3100 1752 3431 1804 manducans
3460 1789 3475 1812 ,
3520 1762 3695 1817 neque

462 1846 586 1895 νων,
611 1832 733 1886 καθ’
753 1831 788 1885 ἃ
807 1830 1114 1901 γέγραπται
1133 1847 1146 1860 ·
1178 1826 1317 1901 ἦλθε
1338 1830 1438 1883 δὲνό
1462 1830 1593 1894 Υἱὸς
1615 1831 1710 1886 τοῦ
1744 1830 2032 1903 ἀνθρώπου

2138 1844 2343 1912 bibens,
2376 1844 2533 1900 sicuti
2565 1845 2822 1913 scriptum
2844 1851 2927 1897 est
2945 1819 2969 1908 ξ
3013 1842 3159 1896 venit
3189 1840 3368 1895 autem
3398 1837 3565 1894 Filius
3597 1840 3691 1892 ho-

463 1924 657 1978 ἐσθίων
681 1924 774 1977 καὶ
802 1922 992 1977 πίνων.
1018 1922 1127 1977 Καὶ
1153 1921 1251 1993 τὴν
1285 1921 1477 1975 τούτου
1503 1922 1713 1987 αἰτίαν,
1730 1922 1807 1985 ὡς
1832 1923 1898 1975 ἂν
1923 1918 2034 1977 οἷόν

463 2033 543 2083 τι,
565 2016 659 2069 ὡδὶ
687 2016 859 2068 εἰπεῖν
885 2013 1236 2085 πειράσομαι.
1265 2013 1461 2083 Γέγονε
1501 2014 1598 2084 μὲν
1627 2014 1734 2085 γὰρ
1749 2014 2033 2086 ἄνθρωπος

462 2106 607 2171 ὀτοῦ
639 2105 773 2160 Θεοῦ
815 2106 1113 2175 Λόγος,καὶ
1142 2105 1318 2159 πάντα
1353 2103 1634 2175 πεφόρηκε
1662 2106 1732 2159 τά
1765 2105 2031 2177 ἡμέτερα,

462 2198 584 2268 δίχα
627 2197 795 2267 μόνης
840 2196 1148 2268 ἁμαρτίας·
1176 2194 1292 2250 ἀλλ’
1341 2194 1398 2248 ἐν
1430 2211 1495 2264 γε
1537 2198 1659 2259 ταῖς
1684 2197 1827 2250 κατά
1874 2196 2034 2266 σῶμα

464 2293 706 2361 κινήσεσι
743 2291 1026 2358 φυσικαῖς,
1051 2288 1151 2356 τῆς
1176 2288 1236 2354 ἐξ
1273 2287 1429 2351 ἔθους
1450 2289 1582 2359 ἡμῖν
1609 2287 2030 2359 χαλιναγωγίας,

463 2383 730 2448 πόνουντε,
769 2382 930 2453 φημὶ,
962 2381 1355 2451 καὶνηστείας,
1384 2379 1501 2445 πῶς
1531 2379 1596 2435 ἂν
1625 2380 2032 2453 ὲδεήθη,καίτοι

468 2472 608 2528 κατά
636 2471 798 2542 φύσιν
846 2472 1107 2542 ὑπάρχων
1160 2469 1312 2535 Θεὸς,
1344 2472 1373 2523 ὁ
1403 2470 1499 2523 καὶ
1554 2470 1819 2541 κρείττων
1858 2471 2032 2543 ἀμαρι

465 2566 586 2629 τίας
613 2604 629 2630 ,
663 2563 760 2618 καὶ
792 2566 859 2636 τῇ
912 2565 1042 2633 παρ’
1095 2560 1287 2615 ἑαυτοῦ
1343 2563 1526 2633 χάριτι
1572 2562 1667 2615 καὶ
1703 2561 1771 2616 τὰ
1811 2563 1869 2615 ἐν
1902 2563 2031 2634 ἡμῖν

469 2653 810 2729 καταρατζων
860 2656 1006 2726 πάθη
1028 2697 1043 2722 ,
1078 2655 1278 2726 νεκρὰν
1309 2654 1407 2707 ,δὲκ
1442 2654 1535 2707 καὶ
1572 2652 1851 2727 ἄπρακτον
1893 2653 2028 2707 ἀποέ

470 2752 672 2820 φαίνων
701 2751 795 2805 καὶ
826 2750 926 2821 τὴν
959 2750 1016 2802 ὲν
1045 2740 1176 2820 ἡμῖν
1204 2745 1300 2800 τοῦ
1342 2745 1591 2817 σώματος
1619 2746 1817 2818 ὄρεξιν,
1852 2738 1919 2798 sil
1939 2746 2033 2799 καὶ

465 2842 732 2897 διακέοιτό
766 2858 879 2904 πως
928 2843 1007 2903 είς
1040 2839 1305 2901 ἐκτύπους
1342 2838 1570 2909 ἡδονάςς
1604 2828 2035 2908 Κατεσκήνωσεν

467 2935 576 3005 γὰρ
600 2934 815 3003 svi]va
839 2936 867 2987 ό
890 2931 983 2984 τοῦ
1011 2931 1146 2985 Θεοῦ
1189 2930 1379 2993 Λόγος,
1411 2930 1505 2982 καὶ
1549 2929 1687 2983 ἰδίαν
1740 2929 2035 2999 ἐποιήσατο

470 3027 648 3097 σάρκα
695 3024 794 3097 τὴν
840 3022 1204 3095 ἀνθρωπίνην,
1229 3021 1293 3074 ἵν’
1316 3021 1611 3091 ἐπειδήπερ
1635 3019 2033 3082 ἀτίθασσόςτίς

471 3116 642 3188 αὐτὴν
677 3118 706 3170 ό
732 3117 832 3187 τῆς
878 3114 1152 3186 ἁμαρτίας
1193 3110 1544 3182 κατεληῖζετο
1565 3111 1729 3181 νόμος
1758 3110 2035 3181 (τετυράν-

2136 1938 2299 1992 minis
2352 1937 2688 1993 manducans
2727 1945 2782 1992 et
2836 1935 3046 1989 bibens.
3092 1931 3345 1988 Jamv'ero
3396 1929 3691 1999 lmjus‘rci,

2136 2037 2293 2097 prout
2327 2026 2443 2082 fieri
2475 2026 2691 2095 poterit,
2722 2039 2938 2080 causam
2979 2024 3065 2077 hic
3112 2020 3350 2078 conabor
3398 2020 3689 2090 exponere.

2138 2117 2380 2173 Factum
2414 2127 2499 2174 est
2538 2118 2702 2174 homo
2750 2115 2845 2173 Del
2886 2115 3143 2179 Verbum,
3181 2122 3472 2180 nostraque
3514 2113 3693 2166 omnia

2126 2211 2395 2280 gestavit,
2417 2210 2531 2265 uno
2550 2214 2775 2280 excepto
2802 2216 3042 2279 peccato.
3086 2205 3191 2261 Sed
3225 2206 3369 2276 quod
3402 2204 3592 2259 attinet
3627 2204 3693 2257 ad

2134 2300 2659 2374 physicasc‘orporis
2692 2301 3104 2363 commotiones,
3138 2296 3407 2367 quomodo
3454 2294 3692 2362 eguisset

2134 2403 2393 2449 consneto
2416 2394 2573 2449 nobis
2603 2393 2793 2461 gfreno,
2847 2391 3031 2446 labore
3058 2392 3314 2445 nimirum
3360 2403 3423 2443 ac
3453 2384 3691 2457 jejunio.

2134 2487 2571 2557 quandoquidem
2606 2486 2751 2541 Deus
2774 2493 2965 2554 suapte
2996 2495 3188 2539 natura
3223 2491 3342 2545 est,
3388 2489 3445 2534 ct
3468 2489 3696 2549 peccato

2134 2581 2384 2650 superior
2416 2620 2434 2647 ,
2494 2594 2699 2649 suaque
2745 2578 2920 2648 gratia
2972 2579 3025 2632 in
3075 2576 3229 2631 nobis
3286 2587 3499 2644 quoque
3542 2572 3695 2626 sedat

2134 2671 2457 2740 passiones,
2521 2668 2694 2725 nostri
2738 2666 2986 2737 corporis
3038 2666 3267 2735 impetus
3317 2660 3588 2722 inhibens,
3618 2658 3692 2712 si-

2134 2748 2350 2832 quando
2373 2763 2440 2816 ad
2472 2761 2741 2817 absurdas
2766 2758 3073 2827 voluptates
3104 2752 3397 2825 rapiatur?
3424 2749 3689 2806 Videlicet

2136 2855 2276 2909 inter
2321 2867 2421 2909 nos
2472 2850 2738 2907 habitavit
2784 2849 2879 2904 Dei
2918 2846 3155 2902 Verbum
3182 2885 3197 2911 ,
3252 2857 3514 2913 suamque
3570 2839 3697 2895 fecit

2134 2946 2355 2999 carnem
2387 2944 2705 3007 humanam,
2738 2946 2798 2995 ut
2825 2939 2954 3010 q'uia
2993 2940 3134 2993 hanc
3156 2940 3342 3004 aspera
3370 2932 3579 3004 peccati
3608 2930 3691 2986 lex

2135 3036 2365 3091 vexabat
2396 3034 2619 3105 (etenim
2659 3031 2872 3105 tyranni
2899 3032 3071 3085 instar
3102 3028 3386 3098 peccatum
3426 3024 3479 3078 in
3512 3023 3695 3078 carnis

2140 3125 2409 3182 membris
2438 3133 2704 3195 repugnat
2752 3121 2951 3176 mentis
2998 3119 3123 3190 legi,
3156 3120 3221 3172 in
3264 3118 3417 3171 suam
3460 3127 3560 3168 nos
3597 3127 3697 3182 po-

471 3224 613 3279 νηκε
648 3206 760 3279 γὰρ
784 3209 843 3261 ὲν
880 3209 993 3269 τοῖς
1034 3206 1222 3275 μέλεσι
1265 3204 1370 3273 τῆς
1402 3203 2028 3275 σαρκὸςιάντιστρατευόα

2142 3222 2397 3272 ιθειοιειη
2419 3214 2715 3284 redigens),
2743 3224 2839 3284 per
2868 3227 2926 3267 se
2950 3211 3126 3281 ipsum
3174 3210 3280 3262 vim
3325 3206 3481 3261 illam"
3512 3211 3698 3258 retun-

478 3316 634 3369 μενος
665 3298 745 3369 τῷ
774 3298 924 3369 νόμῳ
950 3296 1044 3351 τοῦ
1096 3297 1234 3360 νοὸς,
1283 3295 1373 3349 καὶ
1413 3293 1828 3365 αίχμαλωτίζων
1860 3296 1942 3358 εἰς
1974 3295 2041 3348 τά

2140 3308 2294 3363 deret
2316 3347 2330 3372 ,
2367 3313 2531 3375 atque
2566 3304 2616 3358 in
2650 3317 2746 3358 sua
2773 3301 3018 3371 apprime
3052 3312 3218 3355 carne
3238 3294 3355 3352 eam
3391 3294 3561 3365 legam
3603 3306 3698 3362 pe-

472 3393 692 3462 οίκεϊα),
723 3390 1062 3461 καταργήσει
1080 3387 1267 3442 τοῦτον
1284 3387 1350 3440 δι’
1379 3385 1570 3439 ἑαυτοῦ
1595 3403 1611 3418 ο
1650 3386 1742 3439 καὶ
1763 3388 1823 3438 ἐν
1852 3384 2040 3458 πρώτῃ

2141 3399 2364 3462 rimens,
2410 3396 2595 3468 gratiae
2620 3393 2780 3462 hujus
2809 3391 3275 3462 participationem
3301 3387 3367 3441 ad
3399 3401 3499 3441 nos
3524 3393 3701 3440 trans-

474 3482 754 3554 νεκρώσας
772 3486 840 3553 τῇ
864 3482 971 3553 ἰδίᾳ
1010 3482 1196 3551 σαρκὶ,
1227 3479 1575 3553 παραπέμψη
1608 3478 1792 3531 λοιπὸν
1822 3479 1919 3550 τῆς
1948 3479 2041 3533 ἐπὶ

2142 3489 2429 3552 mitteret,
2486 3485 2576 3554 qui
2629 3484 2870 3555 ejusdem
2928 3496 3063 3537 cum
3100 3495 3165 3537 eo
3209 3476 3424 3550 generis
3470 3486 3657 3531 sumus
3683 3515 3697 3538 ,

473 3575 647 3646 τούτῳ
687 3575 907 3647 χάριτος
947 3574 1046 3645 τὴν
1100 3572 1381 3644 μετάδοσιν
1416 3572 1697 3643 είς-ημᾶς,
1723 3571 1819 3625 ἅτε
1842 3569 1906 3640 δὴ
1948 3570 2041 3625 καὶ

2142 3578 2282 3649 quod
2342 3578 2538 3632 attinet
2600 3576 2667 3631 ad
2716 3575 2901 3630 carnis
2942 3583 3213 3629 naturam.
3266 3569 3397 3624 Nam
3451 3565 3700 3637 primitiae

473 3667 632 3731 ὄντας
654 3666 1094 3737 ὁμογενεῐςηκατά
1134 3681 1197 3733 γε
1224 3665 1322 3735 τὴν
1346 3666 1445 3735 τῆς
1471 3664 1670 3734 σαρκὸς
1698 3663 1858 3735 φύσιν
1888 3676 1902 3692 ⁸
1938 3664 2044 3716 ἀπ-

474 3756 617 3829 αρχὴ
645 3757 761 3829 γὰρ·
787 3757 947 3828 ἡμῶν
987 3756 1221 3827 Χριστὸς
1240 3795 1255 3819 ,
1285 3738 1536 3824 δεύτερος
1574 3754 1745 3823 ’Λδὰμ
1775 3753 2044 3824 χρηματί-

479 3866 583 3913 σας
624 3850 741 3918 μετ’
789 3851 995 3902 ἐκεῖνον
1032 3849 1123 3902 τὸν
1156 3850 1213 3903 ὲν
1266 3848 1460 3920 ἀρχαῖς
1494 3863 1508 3878 ’
1542 3846 1638 3900 κα)⁴
1685 3844 1903 3916 πρῶτος
1952 3830 2043 3900 ἄν·

477 3941 691 4012 θρωπος
724 3940 963 4010 πέφηνεν
1010 3941 1102 3993 ὲπὶ
1134 3939 1259 4011 γῆς,
1301 3938 1482 4009 χοῖκὸς
1534 3937 1635 4009 μὲν
1674 3936 1879 4002 οὐκέτι,
1904 3937 2045 3999 θεῖος

476 4032 533 4086 δὲ
572 4031 772 4103 μᾶλλον
804 4033 901 4085 καὶ
946 4033 1267 4102 ἐπουράνιος
1287 4070 1302 4095 ,
1335 4031 1609 4102 ἁμαρτίαν
1641 4030 1742 4083 οὐκ
1767 4027 1921 4093 εἰδώς
1941 4045 1955 4059 ·
1976 4028 2044 4082 δι’

476 4122 507 4177 ὃ
553 4124 647 4177 καὶ
681 4124 844 4193 μόνος
881 4125 939 4176 ὲν
999 4126 1212 4194 νεκροῖς
1258 4121 1559 4194 ἐλεύθερος.
1609 4120 2047 4191 Ἀναμορφουμέ-

476 4230 573 4283 νης
604 4211 893 4283 τοιγαροῦν
926 4214 984 4265 ἐν
1006 4212 1208 4284 πρώτῳ
1238 4200 1457 4284 Χριστῷ
1482 4212 1619 4282 πρὸς
1650 4212 1740 4264 τὸν
1765 4212 1824 4264 ἐν
1854 4212 2046 4281 ἀρχαῖς

477 4306 744 4375 ἀγιασμὸν
783 4305 1192 4378 τῆςνήμετέρας
1229 4305 1464 4375 φύσεως,
1499 4303 1817 4367 ὲνδοιαζέτω
1856 4303 2046 4374 μηδεὶς

474 4389 550 4460 ὡς
574 4397 653 4460 είς
683 4397 827 4450 ἅπαν
858 4397 956 4468 ἢδη
1007 4397 1068 4450 τὸ
1107 4397 1443 4468 ἀνθρώπινον
1483 4395 1776 4463 ὲξετείνετο
1822 4396 1975 4461 γένος
2011 4398 2045 4467 ὴ

2145 3680 2343 3727 nostra:
2391 3670 2641 3726 Christus
2686 3678 2770 3724 est
2835 3668 2904 3732 ",
2985 3679 3259 3734 novusque
3336 3662 3573 3719 Adamus
3621 3669 3705 3714 est

2144 3773 2268 3836 post
2301 3762 2449 3817 illum
2496 3762 2588 3832 qui
2646 3760 2749 3815 fuit
2798 3758 2994 3814 initio:
3036 3766 3093 3813 et
3131 3757 3383 3827 princeps
3428 3752 3589 3808 homo
3650 3752 3702 3804 in

2148 3864 2289 3909 terra
2337 3856 2616 3923 apparuit,
2671 3853 2784 3923 jam
2840 3866 2947 3906 non
2991 3860 3285 3913 terrenus,
3342 3847 3435 3900 sed
3487 3844 3702 3897 divinus

2145 3945 2325 4015 potius
2357 3955 2520 4012 atque
2557 3944 2829 4007 caelestis,
2860 3941 3069 4013 peccati
3116 3936 3374 4003 nescius;
3421 3928 3705 4007 prOptere'a

2146 4037 2297 4091 solus
2337 4036 2502 4090 etiam
2537 4036 2679 4090 inter
2718 4043 2961 4089 mortuos
3017 4031 3173 4087 liber.
3228 4026 3544 4084 Reformata
3579 4039 3710 4095 ergo

2148 4128 2201 4182 in
2240 4126 2455 4183 Christo
2485 4126 2659 4197 primo
2690 4126 2755 4179 ad
2792 4123 3166 4195 primigeniam
3212 4119 3553 4174 sanctitatem
3616 4130 3710 4169 na-

2151 4229 2269 4273 tura
2299 4226 2508 4282 nostra,
2536 4230 2693 4271 nemo
2718 4214 2925 4270 dubitet
2944 4213 3072 4283 quin
3104 4211 3169 4266 ad
3198 4209 3506 4265 universum
3538 4205 3708 4260 homi-

2150 4327 2275 4366 num
2307 4325 2474 4382 genus
2495 4307 2905 4364 reformationis
2932 4306 3106 4375 gratia
3136 4305 3557 4358 fueritextensa.
3595 4295 3710 4351 Non

2149 4402 2291 4459 enim
2320 4401 2555 4469 seipsmn
2578 4397 2891 4453 reformavit
2922 4395 3177 4461 Verbum,
3216 4406 3338 4447 cum
3368 4391 3509 4445 Deus
3533 4390 3623 4453 sit,
3657 4397 3714 4441 et

484 4486 1037 4560 ιῆςάναμορφώσεως
1058 4488 1235 4558 χάρις.
1268 4488 1343 4541 Οὐ
1384 4488 1491 4558 γὰρ
1516 4487 1704 4541 ἑαυτὸν
1735 4487 2041 4558 ἀνεμόρφου

2151 4493 2491 4562 proprietatis
2517 4491 2760 4546 Paterna:
2791 4502 3049 4558 germana
3084 4488 3251 4554 tigura
3281 4500 3297 4549 ;
3338 4482 3431 4538 sed
3465 4495 3563 4536 nos
3588 4494 3711 4534 cum

476 4580 608 4644 Θεὸς
640 4579 718 4635 ὢν
770 4583 799 4633 ό
830 4579 1036 4648 Λόγος,
1069 4581 1164 4633 καὶ
1217 4580 1315 4650 τῆς
1362 4579 1455 4632 τοῦ
1521 4568 1732 4650 lla:pr
1788 4579 2044 4649 ίδιότητος

478 4673 891 4746 ἀπαραποίητος
932 4672 1240 4744 χαρακτὴρ,
1268 4672 1382 4726 ἀλλ’
1412 4673 1569 4743 ἡμεῖς
1600 4667 1743 4743 ἦμεν
1775 4673 1870 4725 σὺν
1896 4671 2045 4743 αὐτῷ

481 4765 615 4834 πρὸς
648 4765 779 4819 Θεὸν
827 4765 1303 4836 ἀναμορφούμενοι
1341 4764 1427 4818 διὰ
1465 4763 1557 4817 τοῦ
1592 4764 1687 4817 καὶ
1715 4764 2041 4834 ὑπὲρφύσιν

477 4857 774 4927 ἀγιασμοῦ,
805 4857 1165 4928 νεκρουμένου
1193 4855 1377 4909 λοιπὸν
1414 4846 1471 4908 ὲν
1497 4858 1606 4919 τοῖς
1639 4854 1857 4924 μέλεσιν
1888 4844 2043 4926 ἡμῶν

478 4948 571 5001 τοῦ
599 4949 764 5019 νόμου
801 4951 899 5018 τῆς
929 4948 1219 5018 ἁμαρτίας.
1259 4940 1367 4999 Ἦν
1402 4940 1495 4999 οὖν
1536 4944 1739 5015 σφόδρα
1774 4943 1880 4998 τῶν
1914 4945 2042 4999 ἀτό-

480 5054 597 5092 πων
644 5037 721 5108 μὴ
756 5038 877 5107 οὐχὶ
931 5037 1129 5106 μᾶλλον
1159 5039 1225 5106 τῇ
1277 5034 1377 5104 τῆς
1421 5033 1670 5103 Θεότητος
1700 5032 1951 5105 ἐνεργείᾳ
1973 5034 2043 5085 τὰ

479 5132 536 5182 ἓν
554 5129 633 5199 τῷ
655 5129 865 5199 σώματι
884 5128 978 5181 τοῦ
1002 5128 1234 5198 Χριστοῦ
1252 5124 1711 5195 κατανεκροῦσθαι
1739 5123 1905 5193 πάθη,
1923 5141 2044 5178 συν-

477 5221 657 5275 αθλεῖν
693 5221 747 5274 δὲ
778 5220 965 5291 ὥσπερ
988 5220 1136 5290 αὑτῷ
1160 5219 1259 5289 τὴν
1290 5217 1561 5289 νηστείαν,
1595 5218 1675 5279 είς
1698 5215 1758 5269 τὸ
1795 5216 2044 5285 καθάπερ

478 5316 545 5365 ὲκ
570 5312 687 5381 βίας
719 5312 812 5365 καὶ
833 5312 1077 5381 ἀνάγκης
1098 5310 1198 5380 τὴν
1231 5311 1411 5382 σάρκα
1442 5307 1861 5379 καταξηραίνειν
1892 5325 1905 5338 ·
1943 5305 2045 5359 ποῦ

2153 4585 2244 4640 κιο
2271 4584 2339 4639 ad
2371 4583 2533 4638 Deum
2561 4580 2837 4636 reformati
2875 4580 3107 4641 fuimus,
3128 4585 3353 4647 propter
3392 4582 3714 4642 supernatu-

2152 4673 2318 4727 ralem
2359 4655 2865 4732 sanctificationem,
2894 4667 3160 4743 exstincta
3188 4665 3442 4731 deinceps
3472 4662 3525 4715 in
3551 4674 3713 4714 mem-

2151 4765 2262 4819 bris
2287 4760 2491 4816 nostris
2542 4760 2657 4829 lege
2710 4757 2939 4827 peccati.
2987 4756 3156 4810 Valde
3210 4754 3373 4823 igitur
3414 4750 3706 4805 absurdum

2151 4840 2358 4917 fuisset,
2385 4853 2432 4905 si
2472 4865 2583 4905 non
2621 4849 2804 4919 potius
2841 4846 3136 4901 divinitatis
3171 4845 3370 4898 virtute
3409 4842 3463 4896 in
3510 4840 3710 4895 Christi

2150 4959 2376 5015 corpore
2399 4941 2737 4997 mortificata
2773 4938 3003 4993 fuissent
3029 4934 3310 5005 passiones
3338 4975 3355 4999 ,
3398 4932 3491 4987 scd
3521 4929 3711 4997 jejunii

2150 5046 2304 5104 opem
2339 5031 2717 5101 implorasset,
2760 5038 2819 5083 ut
2867 5037 3121 5097 tanquam
3171 5024 3224 5079 vi
3281 5039 3345 5080 ac
3386 5022 3708 5077 necessitate

2152 5140 2368 5180 carnem
2386 5122 2711 5179 dcbilitaret.
2750 5116 2978 5177 Ubinam
3002 5118 3145 5173 enim
3176 5114 3529 5170 inhabitantis
3551 5112 3713 5167 Verbi

2153 5216 2450 5284 passiones,
2490 5214 2537 5269 si
2572 5222 2732 5283 prout
2784 5212 2938 5266 nobis
2983 5208 3271 5272 usuvenit,
3320 5205 3596 5261 laboribus
3646 5219 3707 5259 ac

2150 5306 2358 5377 jejunio
2387 5307 2666 5376 passiones
2692 5302 2979 5360 sedasset?

480 5406 587 5483 γὰρ
616 5407 649 5476 ἡ
677 5404 762 5459 τοῦ
786 5407 1115 5469 ἐνοικοῦντος
1137 5392 1270 5458 Θεοῦ
1296 5405 1469 5474 Λόγου
1500 5403 1746 5471 δύναμις,
1765 5404 1813 5455 εί
1837 5403 2087 5469 καθάπερ
2115 5404 2202 5473 ἐρ’
2236 5403 2393 5473 ἡμῶν
2425 5402 2603 5466 πόνοις
2630 5402 2721 5455 καὶ
2778 5399 2999 5471 νηστείᾳ
3032 5398 3115 5451 τὰ
3135 5396 3282 5468 πάθη
3313 5391 3708 5464 κατηυνάζετος

552 5584 636 5638 ¹⁸1
669 5586 792 5642 Cor.
831 5602 917 5649 xv,
948 5584 1036 5640 93L

553 5766 853 5837 (1)”Η.ιθε
897 5765 1011 5835 μὲν
1041 5796 1110 5810 --
1161 5768 1569 5838 κατηυνάζςτο.
1619 5766 1742 5835 Bisi,
1795 5768 1857 5823 Β.
1916 5767 1987 5824 Ν.
2030 5767 2093 5837 ll,
2137 5766 2263 5824 477;
