4134 6374
412 390 516 447 405

1572 401 1925 461 COMMENT.
1969 407 2033 461 IN
2072 410 2520 468 MATTIIJEW.

3548 418 3659 474 406

484 505 658 559 Δεῦτε
698 507 848 573 πρός
883 524 979 576 με,
1019 508 1237 577 πάντες
1265 512 1322 565 οἱ
1352 514 1701 585 κοπιῶντες,
1741 521 1838 574 καὶ
1876 536 1979 575 πε-

2154 526 2244 593 ΧΙ,
2277 528 2367 583 28.
2416 527 2591 584 Venite
2624 528 2694 582 ad
2724 546 2803 585 me
2828 546 3003 586 omnes
3021 532 3109 601 qui
3142 531 3390 587 laboratis
3420 543 3469 589 et
3499 553 3654 591 anu-

411 597 818 665 φορτισμένοι,
847 599 1008 669 κάγὼ
1034 601 1367 657 ἀναπαύσω
1404 605 1582 675 ὑμᾶς.

492 709 553 761 Ὀ
603 703 697 762 οὖν
741 709 982 773 ἀκούσας
1027 712 1127 783 τῆς
1173 713 1437 785 κλήσεως,
1471 718 1565 770 καὶ
1611 718 1858 788 ἐγγίσας,
1892 724 1987 777 καὶ

413 798 694 869 κολληθεὶς
721 799 801 871 τῷ
836 802 1220 871 προστάξαντι,
1250 797 1407 869 οὗτος
1441 808 1986 866 ἀναπαύεταιοἋπο-

416 889 659 954 στάντες,
711 892 866 961 φησὶ,
911 892 1012 963 τῆς
1065 877 1551 968 φιλαμαρτήμονος
1598 898 1847 971 γνώμης,
1893 904 1988 957 καὶ

413 982 512 1049 τῆς
537 981 916 1053 φιλοσαρκίας,
955 984 1050 1037 καὶ
1077 989 1541 1059 μετατρεπόμενοι
1561 991 1654 1045 ἐπὶ
1673 991 1745 1044 τά
1767 992 1986 1047 ἐπαίνου

413 1072 540 1135 ἄξια
561 1073 884 1144 πράγματα,
911 1077 1171 1144 ἐγγίσατέ
1204 1096 1294 1149 μοι
1322 1080 1406 1134 ἵνα
1431 1081 1664 1153 γένησθε
1691 1082 1843 1149 θείας
1870 1103 1985 1139 κοι-

413 1164 571 1216 νωνοὶ
605 1165 839 1233 φύσεως,
857 1168 951 1220 καὶ
979 1168 1137 1236 ἁγίου
1163 1171 1302 1224 Πνεύ
1311 1189 1480 1242 ματος
1502 1173 1747 1245 μέτοχοι.
1771 1161 1989 1241 Πάντας

413 1254 470 1309 δὲ
506 1255 679 1321 καλεῖ,
715 1257 811 1310 καὶ
836 1257 898 1311 οὐ
926 1259 1123 1328 μόνους
1151 1262 1276 1325 τοὺς
1309 1263 1366 1329 ἐξ
1401 1264 1641 1336 Ἰσραὴλ,
1663 1266 1740 1331 ὡς
1769 1267 1989 1322 πάντων

414 1347 756 1417 Δημιουργὸς
808 1348 901 1401 καὶ
947 1349 1178 1421 Κύριος·
1209 1354 1302 1406 καὶ
1346 1357 1651 1420 κοπιῶντας
1696 1358 1796 1428 μὲν
1842 1358 1989 1427 λέγει

412 1439 537 1501 τοὺς
577 1438 881 1503 Ἰουδαίους,
911 1442 1037 1504 τοὺς
1065 1443 1140 1515 μὴ
1175 1445 1457 1516 ἰσχύοντας
1489 1448 1757 1516 βαστᾶσαι
1783 1450 1875 1503 τὸν
1900 1470 1989 1521 μι-

414 1528 544 1599 κρὸν
585 1527 772 1597 ζυγὸν,
820 1535 1283 1605 πεφορτισμένους
1331 1537 1387 1591 δὲ
1430 1540 1556 1603 τοὺς
1576 1539 1986 1613 είδωλολάτρας,

412 1622 537 1684 τοὺς
555 1621 642 1675 διὰ
668 1623 761 1675 τοῦ
785 1623 1030 1679 διαϐόλου
1057 1630 1608 1701 καταφορτισθέντας,
1629 1634 1724 1686 καὶ
1749 1633 1828 1703 τῷ
1856 1634 1988 1705 πλήο

414 1712 496 1764 θει
536 1712 645 1764 τῶν
696 1714 983 1787 ἁμαρτιῶν
1028 1718 1595 1792 καταϐαρυνομένους.
1635 1724 1824 1793 Ὑμεῖς
1869 1720 1985 1788 οὖν,

415 1804 601 1872 φησὶν,
628 1802 673 1858 ὦ
707 1807 971 1873 Ἰουδαῖοι,
1003 1808 1229 1864 νεύσατε
1258 1810 1394 1881 πρὸς
1435 1814 1535 1885 τὴν
1578 1814 1856 1886 ἀλήθειαν,
1892 1817 1987 1871 καὶ

415 1893 680 1962 ἐπίγνωτε
706 1898 807 1968 ἐμὲ
831 1900 924 1952 τὸν
949 1900 1215 1971 ὑμέτερον
1248 1904 1375 1972 κηδε
1386 1881 1523 1973 μόνα
1554 1906 1649 1959 καὶ
1668 1881 1982 1979 Ἀεσπότην,
2016 1881 2058 1935 Β

415 1987 507 2039 καὶ
536 1987 765 2057 ἐγγύθεν
809 1990 911 2061 τῆς
959 1992 1222 2062 προσόδου
1267 1993 1331 2047 τὸ
1379 1994 1570 2064 κέρδος
1613 1996 1984 2069 κομιζόμενοι.

425 2078 776 2135 Ἆπαλλάττω
817 2082 923 2154 γὰρ
957 2083 1100 2154 ὑμᾶς
1130 2084 1232 2154 τῆς
1261 2084 1365 2137 ὑπὸ
1399 2086 1490 2141 τὸν
1526 2089 1689 2159 νόμον
1719 2089 1983 2155 δουλείας,

412 2173 470 2224 ἐν
581 2173 749 2228 πολὺν
788 2175 1086 2247 ὑπομένετε
1135 2177 1323 2243 κόπον,
1352 2177 1475 2232 οὔτε
1510 2180 1707 2252 ῥαδίως
1740 2180 1985 2248 ἐξανύειν

410 2266 574 2321 αὐτὸν
607 2269 914 2340 δυνάμενοι,
941 2271 1036 2325 καὶ
1067 2273 1323 2343 μέγιστον
1347 2275 1457 2328 τῶν
1485 2276 1899 2347 ἁμαρτημάτων
1925 2275 1987 2329 τὸ

411 2358 632 2430 φορτίον
666 2360 882 2424 ἑαυτοῖς
925 2364 1448 2432 κατασκευάζοντες,
1482 2366 1593 2420 ὅσω
1622 2367 1845 2421 πλείονα
1890 2387 1987 2438 φυ-

412 2448 627 2502 λάττειν
657 2452 935 2523 προσῆκεν
958 2454 1102 2526 ὑμᾶς
1138 2454 1409 2511 ἀκόλουθα
1438 2457 1517 2530 τῷ
1542 2460 1692 2532 νόμῳ
1721 2462 1986 2534 διαπρατ-

410 2539 688 2610 τομένους.

514 2659 558 2708 0
580 2658 689 2727 γὰρ
718 2658 890 2729 ζυγός
916 2679 1038 2731 μου
1073 2666 1359 2733 χρηστὸς,
1382 2665 1479 2719 καί
1505 2667 1573 2720 τὸ
1602 2668 1851 2737 φορτίον
1865 2687 1987 2739 μου

413 2746 675 2817 ἐλαφρόν
697 2747 889 2805 ἐστιν.

497 2834 759 2907 Ἐλαφρός
790 2841 938 2894 ἐστιν
969 2842 999 2893 ὀ
1023 2842 1186 2912 ζυγὸς
1222 2846 1316 2899 τοῦ
1340 2847 1577 2917 Χριστοῦ
1600 2863 1614 2877 ’
1656 2849 1781 2903 ἐπεὶ
1806 2850 1866 2903 οὐ
1897 2868 1988 2904 κο-

413 2923 563 2989 λάζει
586 2928 732 2997 ἡμᾶς
761 2931 1010 3005 καθάπερ
1043 2937 1071 2987 ὁ
1096 2936 1278 3007 νόμος,
1315 2937 1378 2990 τὸ
1410 2939 1791 3011 ἀναμάρτητον
1820 2943 1988 2996 άπαιει

412 3015 520 3069 τῶν
550 3019 643 3072 καὶ
678 3020 738 3073 τὸ
762 3022 971 3087 ἀπαθές
995 3040 1010 3055 ο
1042 3024 1156 3079 ἀλλ’
1181 3028 1239 3080 ἐν
1264 3028 1455 3092 ἁπλοῖς
1478 3031 1714 3099 ῥήμασιν
1745 3030 1859 3101 ἔχει
1886 3031 1986 3104 τὴν

414 3105 744 3176 ἐπαγγελίαν
792 3113 885 3167 καὶ
909 3113 1001 3168 τὸν
1028 3116 1359 3188 τῆςάρετῆς
1392 3119 1777 3192 ὑπογραμμόν.

486 3306 550 3357 Ol
586 3305 655 3358 δὲ
691 3311 997 3379 Φαρισαῖοι
1035 3314 1286 3382 ίδόντες,
1319 3317 1492 3371 εἷπον
1528 3319 1688 3383 αὐτῷ
1709 3336 1723 3349 ο
1759 3319 1905 3374 Ἰδοὺ
1931 3324 1986 3374 οὶ

409 3399 669 3464 μαθηταί
704 3415 822 3457 σου
874 3405 1217 3460 ποιοῦσινὸ
1270 3409 1384 3461 οὐκ
1434 3409 1637 3474 ἔξεστι
1676 3410 1874 3464 ποιεῖν
1916 3411 1985 3464 ἐν

414 3488 716 3557 Σαϐϐάτῳ.

487 3579 658 3634 Ἔνθα
698 3582 797 3651 μὲν
828 3584 936 3656 γὰρ
968 3586 1122 3639 οὐδὲν
1153 3586 1363 3655 γίνεται
1397 3588 1545 3659 μέγα
1590 3590 1684 3643 καὶ
1717 3592 1984 3659 γενναῖον,

414 3671 778 3742 ἡσυχάζουσιν
797 3689 811 3702 ·
856 3676 984 3729 ἔνθα
1013 3678 1071 3731 δὲ
1102 3679 1270 3748 ὁρῶσί
1300 3697 1451 3743 τινας
1484 3679 1848 3753 σωζομένους,
1890 3683 1987 3736 καῖ⁵

413 3768 631 3820 πάντων
680 3767 789 3821 εἰσὶ¹
823 3769 1237 3842 φορτικώτεροι.
1278 3772 1467 3836 Οὕτως
1516 3773 1703 3845 ἐχθροὶ
1745 3775 1847 3845 τῆς
1875 3776 1985 3830 τῶν

412 3854 718 3926 ἀνθρώπων
744 3859 854 3912 είσὶ
889 3861 1161 3930 σωτηρίας
1188 3862 1282 3915 καὶ
1311 3862 1419 3915 τῶν
1450 3863 1613 3933 ίερῶν
1639 3866 1986 3937 Γραμμάτων

413 3950 864 4020 ἀνεπιστήμονες.
908 3952 969 4004 Εί
1004 3952 1167 4025 ἑτέρα
1200 3956 1353 4027 παρὰ
1384 3955 1484 4025 τὴν
1521 3956 1749 4029 πρώτην
1779 3961 1927 4012 ἐστὶν
1952 3963 1986 4033 ἡ

413 4040 597 4110 καινὴ,
627 4042 660 4111 ή
697 4040 786 4095 διὰ
837 4042 1103 4113 Ἰερεμίου
1157 4048 1625 4118 προκηρυχθεῖσα,
1656 4050 1738 4102 δεῖ
1768 4051 1987 4116 πάντως

415 4133 507 4186 καὶ
540 4135 725 4204 νόμοις
772 4135 833 4187 οὐ
877 4138 989 4198 τοῖς
1027 4137 1276 4207 ἀρχαίοις
1325 4141 1653 4211 κεχρῆσθαι,
1695 4142 1833 4196 ἀλλά
1875 4147 1988 4208 τοῖς

412 4226 639 4288 καινοῖς.
657 4224 1151 4296 ἈλλόίΦαρισαῖοι
1165 4229 1323 4283 τοῦτο
1345 4231 1571 4284 συνιδεῖν
1588 4233 1606 4304 [
1614 4232 1712 4304 μὴ]
1727 4234 1988 4307 θελήσαν-

410 4332 522 4378 τες,
562 4317 913 4389 ἐφεδρεύουσι
964 4322 1078 4384 τοῖς
1122 4322 1298 4389 ἁγίοις
1339 4324 1678 4391 ἀποστόλοις,
1714 4328 1809 4380 καί
1858 4346 1987 4397 φασι

412 4406 541 4475 περὶ
571 4407 753 4460 αὐτῶν
793 4408 871 4479 τῷ
900 4410 1123 4481 Χριστῷ
1144 4429 1157 4441 ·
1206 4412 1337 4466 Ἰδοὺ
1366 4418 1479 4479 τοῖς
1511 4420 1758 4487 νομικοῖς
1797 4420 1985 4474 ἐντάλ-

414 4511 578 4565 μασιν
616 4498 1067 4569 ἐναντιουμένους
1104 4502 1321 4573 ὁρῶμεν
1357 4505 1485 4569 τοὺς
1534 4507 1640 4561 ὑπὸ
1675 4508 1771 4562 σοῦ
1822 4510 1984 4564 παιδ-

411 4591 853 4660 αγωγουμένους.
888 4592 995 4646 Τοῦ
1024 4593 1134 4665 γὰρ
1159 4596 1329 4666 νόμου
1360 4598 1674 4664 κελεύοντος
1707 4602 1899 4673 ἀργεῖν
1927 4605 1986 4658 ἐν

411 4680 695 4753 Σαϐϐάτῳ,
725 4685 819 4737 καὶ
854 4685 1081 4757 μηδενὸς
1114 4689 1461 4743 παντάπασιν
1490 4691 1761 4747 ἅπτεσθαι
1795 4696 1983 4759 πόνου,

413 4773 790 4842 περιτρίόουσι
825 4779 946 4841 ταῖς
994 4779 1183 4849 χερσὶν
1218 4781 1497 4851 ἀστάχυας
1525 4784 1575 4836 oi
1624 4785 1880 4855 μαθηταί.
1911 4787 1984 4839 Σὺ

2085 619 2160 671 uti
2191 621 2337 685 estis,
2365 628 2412 674 et
2439 636 2531 691 ego
2550 619 2781 690 reﬁciam
2805 637 2913 677 vos.

2155 732 2263 803 32
2293 733 2394 800 Qui
2435 733 2603 804 igitur
2635 734 2786 791 audit
2835 736 3197 803 vocationem,
3228 748 3284 794 et
3333 741 3568 809 accedit,
3598 748 3655 797 et

2087 825 2421 893 prmcipienti
2498 826 2759 894 adbazret,
2820 827 2910 884 hic
2983 829 3242 887 reﬁcitur.
3302 832 3653 903 Abjicientes,

2087 914 2281 984 inquit,
2340 926 2576 971 mentem
2624 931 2743 987 qua:
2781 926 2929 973 amat
2978 930 3261 990 peceatum
3308 938 3371 979 ac
3410 941 3653 991 carnem,

2086 1013 2143 1059 et
2175 1007 2419 1061 conversi
2459 1007 2526 1062 ad
2544 1023 2607 1062 ea
2637 1024 2757 1078 qua:
2790 1011 2947 1069 laude
2979 1013 3140 1083 digna
3189 1022 3338 1079 sunt,
3367 1018 3653 1086 appropin-

2086 1106 2251 1168 quate
2289 1098 2445 1162 mihi,
2504 1107 2563 1153 ut
2602 1100 2798 1156 divinat
2838 1111 3046 1159 natura:
3088 1118 3154 1160 ac
3195 1107 3366 1161 sancti
3422 1106 3658 1177 Spiritus

2088 1188 2231 1243 [latis
2268 1189 2580 1260 participes.
2610 1190 2812 1249 Omnes
2840 1203 3022 1249 autem
3072 1205 3251 1263 vocat,
3291 1206 3349 1252 et
3383 1212 3487 1254 non
3510 1199 3658 1253 solos

2086 1280 2177 1350 qui
2212 1293 2279 1334 ex
2300 1279 2488 1347 Israel,
2528 1290 2784 1352 tanquam
2821 1285 3064 1341 omnium
3120 1287 3382 1343 Dominus
3401 1297 3457 1343 et
3480 1288 3649 1346 Crea-

2088 1381 2205 1439 tor;
2245 1382 2299 1427 et
2329 1371 2640 1430 laborantes
2691 1376 2911 1445 quidem
2968 1378 3101 1433 dicit
3156 1377 3393 1444 Indicos,
3420 1382 3512 1450 qui
3538 1383 3658 1436 exi-

2086 1478 2248 1534 gnum
2283 1464 2472 1534 iugum
2525 1465 2670 1521 ferre
2699 1482 2805 1524 non
2844 1468 3058 1538 valent,
3087 1481 3345 1526 oneratos
3386 1487 3520 1527 vero
3545 1473 3659 1527 ido-

2086 1554 2259 1609 lorum
2294 1555 2475 1619 cultui,
2495 1556 2757 1624 addictos,
2792 1574 2887 1629 per
2914 1559 3189 1616 diabolum
3242 1578 3550 1632 oppressos,
3593 1579 3659 1618 ac

2087 1657 2433 1716 peccatorum
2491 1648 2831 1705 multitudine
2879 1663 3154 1721 gravatos.
3178 1651 3287 1709 Vos
3341 1653 3527 1722 igitur,
3558 1655 3655 1719 ait,

2086 1734 2275 1802 Judaei,
2296 1739 2534 1796 accedite
2551 1741 2619 1794 ad
2636 1742 2943 1805 veritatem,
2958 1753 3107 1799 etme
3129 1745 3658 1815 agnoscitelvestrum

2090 1838 2395 1884 curatorem
2447 1846 2513 1885 ac
2548 1831 2852 1896 Dominum,
2922 1834 3166 1902 proxime
3215 1835 3380 1890 etiam
3434 1850 3660 1890 accessu

2087 1922 2295 1975 lucrum
2323 1922 2564 1978 relaturi.
2594 1923 2796 1980 Libero
2828 1927 2976 1981 enim
3013 1941 3108 1981 vos
3141 1942 3171 1980 a
3215 1928 3477 1982 servitute
3500 1927 3656 1998 legis,

2087 2012 2141 2065 in
2187 2028 2293 2082 qua
2351 2029 2605 2083 magnum
2671 2016 3012 2072 sustinuistis
3069 2016 3310 2071 laborem
3364 2032 3488 2071 cum
3550 2032 3660 2072 non

2087 2100 2243 2158 facile
2276 2106 2506 2175 possetis
2567 2122 2687 2161 eam
2741 2109 2985 2177 explere,
3014 2118 3070 2163 et
3131 2108 3427 2163 maxitnum
3473 2124 3665 2178 pecca-

2089 2204 2265 2249 tortt-m
2317 2212 2454 2250 onus
2501 2198 2657 2254 vobis
2704 2200 2835 2268 ipsis
2861 2201 3228 2270 imponeretis,
3272 2211 3472 2271 quanto
3509 2202 3660 2269 plura

2085 2301 2304 2343 servare
2351 2303 2445 2346 vos
2496 2291 2781 2361 oportebat
2810 2291 2912 2364 legi
2944 2301 3312 2350 consentanea
3368 2294 3659 2364 perlicien-

2090 2387 2191 2434 tes.

2158 2674 2248 2741 XI,
2276 2675 2366 2730 30.
2387 2675 2585 2747 Iugum
2609 2677 2748 2731 enim
2770 2694 2940 2732 meum
2960 2695 3118 2734 suave
3143 2689 3241 2743 est,
3272 2690 3319 2735 et
3339 2697 3468 2735 onus
3494 2697 3662 2737 meum

2086 2766 2213 2821 leve.

2155 2858 2296 2915 Leve
2328 2869 2413 2915 est
2438 2862 2625 2931 iugum
2645 2861 2868 2932 .Chrisli
2893 2902 2907 2926 ,
2940 2864 3192 2932 quoniam
3239 2880 3343 2918 non
3382 2866 3534 2934 punit
3563 2881 3662 2921 nos

2086 2951 2538 3019 quemadmodum
2586 2951 2694 3017 lex,
2741 2953 3113 3007 innocentiam
3162 2955 3384 3024 exigens
3444 2957 3654 3025 peccati

2088 3056 2310 3109 prorsus
2339 3050 2615 3111 expertem
2665 3052 2721 3097 et
2759 3043 2954 3098 animae
2987 3055 3185 3098 statum
3237 3047 3661 3114 perturbationi-

2090 3131 2189 3186 bus
2215 3146 2318 3185 non
2347 3131 2680 3198 obnoxium;
2706 3133 2758 3186 in
2792 3132 2958 3186 meris
3004 3133 3217 3187 interim
3253 3134 3432 3189 verbis
3453 3134 3660 3190 habens

2013 3216 2056 3273 C
2092 3222 2504 3294 promissionem
2534 3231 2589 3278 et
2609 3223 2827 3278 virtutis
2869 3224 3166 3294 exemplar.

2165 3335 2274 3401 XII,
2303 3336 2359 3389 ‘2.
2414 3335 2673 3391 Pliariswi
2721 3347 2897 3392 autem
2964 3338 3197 3392 videntes
3248 3338 3499 3392 dixerunt
3555 3340 3605 3393 ei
3642 3354 3664 3394 :

2094 3430 2231 3485 Ecce
2256 3429 2502 3500 discipuli
2529 3430 2609 3484 tui
2634 3430 2834 3502 faciunt
2863 3431 3001 3501 quod
3032 3447 3136 3486 non
3162 3431 3281 3486 licet
3310 3431 3484 3501 facere
3510 3431 3661 3488 Sab-

2095 3520 2244 3576 bato.

2165 3613 2465 3682 Siquidem,
2530 3614 2620 3668 ubi
2665 3614 2799 3671 nihil
2833 3630 3083 3685 magnum
3121 3617 3179 3671 lit
3224 3632 3289 3671 ac
3317 3631 3660 3686 generosum,

2092 3705 2411 3775 quiescunt;
2452 3706 2541 3760 ubi
2572 3721 2698 3761 vero
2743 3708 3005 3775 quosdam
3043 3707 3276 3762 salvatos
3311 3708 3513 3771 vident,
3544 3722 3663 3761 om-

2094 3794 2221 3848 nino
2241 3804 2369 3849 sunt
2398 3795 2569 3864 magis
2601 3796 2810 3850 molesti
2848 3815 2861 3850 :
2908 3798 3042 3851 adeo
3069 3797 3273 3851 inimici
3308 3807 3433 3852 sunt
3479 3798 3669 3852 salutis

2093 3883 2364 3950 ltumanze,
2393 3901 2456 3940 ac
2485 3900 2763 3941 sacrarum
2819 3886 3145 3942 Litterarum
3180 3889 3376 3960 ignari.
3437 3888 3590 3955 Quod
3619 3891 3666 3945 si

2093 3976 2198 4030 alia
2234 3985 2427 4045 praeter
2462 3977 2690 4046 primam
2734 3978 2903 4048 legem
2932 3994 3066 4034 nova
3100 3989 3202 4046 est,
3229 3996 3348 4049 qua:
3377 3996 3475 4051 per
3505 3980 3661 4036 lere-

2094 4068 2257 4122 miam
2290 4068 2387 4123 fuit
2436 4069 2723 4139 praedicata
2766 4072 2837 4138 “,
2868 4080 3081 4139 oportet
3122 4074 3345 4127 omnino
3373 4074 3538 4128 etiam
3565 4091 3669 4129 an-

2095 4160 2257 4229 tiquis
2282 4160 2489 4232 legibus
2534 4176 2636 4215 non
2670 4162 2769 4227 uti,
2800 4162 2893 4217 sed
2921 4163 3096 4218 novis.
3130 4162 3236 4218 Sed
3274 4163 3531 4220 Pharismi
3566 4166 3668 4221 hoc

2095 4252 2395 4322 intelligere
2457 4252 2699 4309 nolentes
2736 4253 3060 4309 insidiantur
3118 4256 3324 4311 sanctis
3384 4259 3666 4326 apostolis,

2094 4360 2159 4399 ac
2185 4344 2251 4399 de
2294 4345 2361 4400 iis
2390 4344 2607 4400 Christo
2647 4345 2797 4399 aiunt
2838 4365 2852 4400 :
2887 4346 3025 4400 Ecce
3079 4346 3338 4418 legalibus
3386 4350 3669 4420 prmceptis

2093 4438 2443 4493 adversantes
2470 4438 2713 4493 videmus
2756 4449 2876 4493 tuos
2903 4439 3212 4508 discipulos.
3265 4439 3495 4496 lubente
3520 4441 3668 4497 enim

2095 4528 2211 4600 lege
2239 4528 2421 4585 feriari
2462 4529 2516 4583 in
2543 4528 2818 4599 iSabbato,
2854 4528 3166 4599 nullumque
3214 4530 3439 4585 omnino
3499 4532 3669 4585 attin-

2092 4633 2218 4691 gere
2266 4620 2530 4684 laborem,
2583 4620 2830 4689 discipuli
2896 4620 3146 4675 manibus
3208 4621 3388 4691 spicas
3440 4623 3669 4677 vellunt.

2096 4712 2164 4766 At
2192 4719 2247 4766 tu
2279 4711 2412 4781 ipse,
2440 4711 2528 4766 dic
2549 4710 2702 4777 mihi,
2733 4710 3376 4777 Pbarisae,sabbaticam
3409 4713 3503 4768 tibi
3528 4729 3672 4769 men-

2092 4816 2208 4856 sam
2226 4816 2523 4872 apponens.
2557 4801 2802 4871 nunquid
2829 4817 3020 4873 panem
3061 4817 3168 4857 non
3202 4804 3534 4877 confringis?
3566 4804 3671 4859 Ec-

409 4860 469 4914 δὲ
509 4863 690 4928 αὐτὸς,
721 4865 844 4918 είπέ
896 4884 1022 4938 μοι,
1069 4862 1116 4922 ὦ
1171 4871 1454 4941 Φαρισαῖε,
1499 4871 1599 4944 τὴν
1646 4875 1982 4947 σαϐϐατικὴν

2090 4894 2215 4964 quid
2258 4860 2422 4964 igitur
2461 4860 2595 4951 alios
2638 4860 2863 4966 culpas'?
2894 4896 3167 4967 quomodo
3192 4905 3374 4953 autem
3400 4860 3518 4968 ipse
3545 4896 3667 4953 εει-

411 4954 589 5028 ἐαυτῷ
610 4958 890 5029 τράπεζαν
918 4962 1187 5034 παραθεὶς
1221 4965 1283 5017 οὐ
1315 4965 1638 5035 συνθραύεις
1661 4967 1754 5021 τὸν
1782 4967 1982 5038 ἄρτον;

411 5048 479 5101 Τί
523 5049 619 5109 οὖν
646 5051 868 5123 ἐτέρους
916 5054 1100 5125 alni;
1143 5055 1261 5119 πῶς
1305 5056 1364 5111 δὲ
1410 5057 1504 5111 καὶ
1534 5058 1565 5112 ό
1613 5057 1805 5130 Σωτὴρ
1854 5059 1985 5129 περὶ

410 5138 589 5201 αὐτῶν
614 5141 995 5211 ἀτωλογεῖται;

410 5256 587 5325 Πόσῳ
621 5252 738 5313 οὖν
771 5258 1034 5329 διαφέρει
1070 5260 1382 5332 ἄνθρωπος
1430 5265 1763 5334 προϐάτου;
1801 5267 1985 5323 ’Ὥστε

336 5336 345 5341 ﬂ
649 5354 857 5420 ἔξεστι
882 5358 1009 5424 τοῖς
1027 5358 1291 5415 Σάϐσασι
1318 5361 1517 5429 καλῶς
1540 5363 1754 5418 ποιεῖν.

498 5445 737 5511 ’Δσεὸεῖς
764 5449 915 5512 ὄντες
948 5451 999 5502 οι
1040 5451 1325 5522 Φαρισαῖοι
1365 5452 1720 5525 ὑπεκρίνοντο
1755 5453 1856 5525 τὴν
1888 5454 1979 5507 εὗ-

413 5538 629 5593 σὲὒειαν
652 5557 668 5571 ο
705 5540 795 5596 ἵνα
832 5544 957 5606 τοὺς
1002 5544 1252 5609 εὐσεϐεῖς
1281 5545 1724 5618 ἐξολοθρεύσωσι.
1750 5547 1841 5600 Διὸ
1882 5548 1977 5602 καὶ

410 5627 500 5682 τὸν
538 5630 772 5699 Χριστὸν
802 5631 1110 5696 διαϐάλλειν
1151 5634 1493 5712 ἐπεχείρουν,
1531 5637 1777 5703 καὶτοὺς
1812 5637 1977 5693 αὑτοῦ

482 5804 525 5837 υ
553 5802 755 5860 Jercm.
782 5820 932 5874 xxxi,
970 5807 992 5861 l
1025 5822 1177 5880 seqq.

2092 4995 2245 5041 vator
2265 5000 2358 5043 eos
2391 4986 2651 5045 excusat?

2097 5272 2203 5345 33
2242 5272 2453 5341 Ωααηω
2504 5271 2674 5342 magis
2720 5271 2907 5327 melior
2954 5279 3031 5326 est
3095 5271 3249 5326 homo
3294 5268 3435 5325 ove?
3480 5268 3667 5338 Itaque

2497 5365 2614 5421 licet
2651 5363 2899 5421 Sabbatis
2927 5365 3247 5434 benefacere.

2162 5455 2315 5527 lmpii
2342 5471 2463 5511 cum
2497 5464 2678 5512 essent
2707 5455 2991 5523 Pharisaei,
3025 5456 3280 5522 pietatem
3309 5453 3675 5519 simulabant,_

2092 5554 2149 5599 ut
2167 5546 2284 5615 pios
2304 5546 2613 5616 perderent.
2637 5545 2930 5616 Pr0pterea
2955 5553 3012 5599 et
3039 5543 3312 5600 Christum
3330 5559 3428 5616 per
3453 5544 3661 5598 calum-

2093 5636 2239 5696 niam
2302 5637 2567 5698 infamare
2622 5639 2982 5703 conabantur,
3038 5645 3127 5704 ct,
3157 5634 3289 5706 ejus
3341 5635 3660 5706 discipulos,
