4134 6374
348 424 456 477 439

1512 415 1871 475 (ΞΟῚΜΕΝΤ.
1914 415 1979 469 ιΝ
2022 413 2462 470 ΜΑΤἸΊΙΑΖΗΜ.

3499 408 3605 464 ειη

348 538 722 609 Mess-spati
770 534 837 590 ἂν
880 533 967 605 εἴη
993 534 1198 600 λοιπὸν,
1244 534 1278 605 ἢ
1322 538 1613 606 μετασχεῖν
1644 535 1921 606 βασιλείας

2048 535 2161 588 iam
2186 534 2483 603 participes
2512 548 2606 585 nos
2650 531 2764 585 fieri
2791 530 3054 599 Spiritus,
3103 527 3240 583 nihil
3272 526 3419 583 aliud
3443 543 3604 596 porro

350 630 515 687 Θεοῦ.

419 740 725 805 Κυρίλλου
766 738 834 791 ἐκ
885 737 993 792 τοῦ
1042 738 1227 792 αὐτοῦ
1275 741 1361 804 εὶς
1403 740 1469 791 τὸ
1506 740 1699 807 ῥητόν
1724 755 1738 770 ο
1768 758 1785 788 ι
1818 737 1926 791 Καὶ

353 832 423 899 ὸς
454 830 533 885 ἂν
556 830 697 898 εἴπῃ
727 830 912 899 λόγον
938 830 1089 883 κατὰ
1114 829 1221 882 τοῦ
1271 829 1409 884 Υἱοῦ
1452 830 1558 885 τοῦ
1589 828 1923 897 ἀνθρώπου,

350 919 713 989 ἀφεθήσεται
742 918 919 983 αὐτῷ.
950 942 970 970 ο

426 1011 698 1080 ’Δρρητον
737 1010 875 1078 ἔχων
902 1011 1000 1075 τὴν
1024 1012 1088 1063 ὲκ
1120 1009 1256 1062 Θεοῦ
1288 1010 1503 1081 [ἰατρὸς
1544 1009 1925 1079 γέννησιν,διά

351 1120 413 1156 τε
433 1103 590 1156 τοῦτο
620 1104 880 1172 ὑπάρχων
907 1102 1038 1166 Θεὸς
1072 1103 1212 1156 κατὰ
1238 1104 1400 1172 φύσιν
1429 1103 1924 1173 ὁοΜονογενὴς,τὴν

353 1194 697 1265 ἀνθρωπείαν
722 1196 886 1247 ὑπέδυ
922 1195 1159 1264 μορφὴν,
1201 1197 1294 1247 καὶ
1328 1194 1616 1263 γεγένηται
1647 1194 1928 1263 καθ’ήμᾶς

354 1287 420 1338 ἐκ
441 1286 717 1354 γυναικὸς,
748 1286 839 1338 καὶ
884 1285 1108 1354 γέγονεν
1154 1285 1259 1338 ὑπὸ
1306 1286 1489 1355 νόμον,
1517 1286 1694 1337 καίτοι
1724 1284 1819 1340 τοῦ
1844 1288 1929 1337 νό-

357 1393 458 1447 μον
515 1375 717 1446 Κύριος
749 1375 825 1428 ὢν
854 1416 868 1441 ,
901 1377 995 1428 καὶ
1026 1375 1433 1445 κεχρημάτικεν
1474 1373 1656 1439 δοῦλος
1681 1377 1709 1428 ὁ
1751 1376 1929 1430 πάντα

358 1466 461 1519 ὑπὸ
499 1464 665 1528 πόδας
721 1465 858 1534 ἔχων
895 1466 989 1519 καὶ
1032 1468 1152 1527 ταῖς
1185 1464 1445 1517 ἀνωτάτω
1492 1463 1785 1532 δυνάμεσιν
1830 1465 1929 1516 ἐπ-

354 1556 645 1627 οχούμενος
681 1570 697 1586 '
728 1557 822 1609 καὶ
876 1556 1132 1611 καθίκετο
1168 1555 1266 1624 μὲν
1313 1557 1371 1607 ὲν
1417 1554 1553 1626 τῷδε
1607 1554 1685 1625 τῷ
1718 1554 1929 1624 κόσμῳ,

355 1646 585 1717 δύναμιν
618 1647 715 1716 μὶν
757 1644 896 1715 ἔχων
931 1645 1029 1716 τὴν
1058 1644 1208 1715 αὐτῷ
1259 1645 1739 1716 πρεπωδεστάτην,
1763 1661 1928 1701 κατα-

358 1736 617 1809 κρύπτων
641 1737 693 1790 δ’·
728 1733 821 1790 οὖν
852 1738 1001 1808 ὅμως
1028 1739 1130 1807 τῆς
1166 1736 1303 1800 ίδίας
1340 1735 1556 1804 φύσεως
1576 1736 1792 1806 ἀξίωμα
1812 1737 1930 1799 ταῖς

356 1827 725 1898 ἀνθρωπίναις
780 1827 1298 1900 σμικροπρεπείαις,
1341 1830 1435 1886 καὶ
1471 1830 1539 1898 τῇ
1587 1827 1688 1896 τῆς
1730 1827 1931 1897 σαρκὸς

360 1919 643 1991 περιϐολῇ.
680 1919 981 1984 Κενώσεως
1004 1921 1113 1993 γὰρ
1133 1916 1200 1991 ἦν
1221 1920 1432 1989 καιρὸς,
1458 1919 1553 1973 καὶ
1583 1920 1681 1990 τῆς
1700 1918 1796 1972 τοῦ
1818 1917 1940 1970 δού-

359 2012 455 2069 λου
485 2013 699 2084 μορφῆς
726 2014 789 2067 τὸ
822 2013 946 2075 καθῗ
976 2013 1328 2083 ἡμᾶςὲδείτο
1365 2014 1685 2084 μυστήριον,
1727 2011 1816 2066 ἴνα
1843 2012 1938 2063 καὶ

358 2105 449 2157 τὸν
493 2103 673 2173 τίμιον
731 2104 870 2176 ὑπὲρ
904 2104 1063 2175 ἡμῶν
1116 2103 1389 2174 ὑπομείνῃ
1440 2102 1693 2174 σταυρὸν,
1729 2100 1934 2171 καὶτῷ

362 2194 581 2265 θανάτῳ
613 2194 715 2265 τῆς
745 2194 882 2258 ίὸίας
910 2193 1121 2266 σαρκὸς
1147 2194 1237 2247 τὸν
1270 2195 1522 2247 ἁπάντων
1560 2193 1749 2266 κτείνῃ
1773 2191 1935 2245 θάνα-

362 2305 468 2343 τον.
520 2288 823 2356 Ἀναγκαία
867 2288 1157 2357 τοιγαροῦν
1213 2289 1246 2358 ἡ
1306 2288 1573 2353 κένωσις,
1608 2286 1701 2340 καὶ
1759 2285 1787 2337 ὁ
1831 2285 1931 2355 τῆς

361 2379 587 2446 ἀδοξίας,
607 2381 796 2452 καιρὸς
824 2381 927 2450 τῆς
960 2380 1047 2432 διά
1083 2379 1179 2451 τὴν
1202 2381 1398 2451 σάρκα.
1428 2379 1535 2435 Καὶ
1567 2374 1636 2449 ἦν
1666 2375 1941 2432 διὰ-τοῦτο

364 2475 513 2544 παρὰ
548 2472 763 2535 πολλοῖς
795 2470 1113 2543 άσυμφανὲς
1151 2472 1212 2526 τὸ
1244 2473 1563 2542 μυστήριον.

440 2580 747 2651 Ruptum:
785 2584 869 2637 ἐκ⁴
893 2582 1017 2636 τοῦ»
1036 2581 1243 2637 αὐτοῦ.

438 2670 571 2727 Elea
596 2674 713 2738 πῶς
750 2674 830 2727 ἔτι
866 2673 1084 2745 νοηθείη
1117 2673 1204 2740 ἂν,
1245 2675 1387 2728 κατά
1415 2690 1478 2742 γε
1509 2678 1602 2728 τὸν
1634 2674 1831 2727 εἰκότα
1853 2690 1939 2725 ιο-

366 2765 583 2835 γισμὺν,
626 2765 855 2834 φυσικὸν
880 2766 937 2817 ὲν
977 2766 1106 2834 ἡμῖν
1148 2766 1187 2829 ἢ
1214 2765 1276 2817 τὸ
1302 2765 1504 2833 ἀγαθὸν
1544 2766 1577 2835 ἢ
1614 2765 1671 2817 τὸ
1719 2763 1942 2833 φαῦλον,

369 2856 463 2908 καὶ
509 2856 630 2925 οὐχὶ
680 2856 745 2925 δὴ
801 2857 1000 2927 μᾶλλον
1037 2856 1342 2910 ἐθελούσιον
1378 2858 1474 2911 καὶ
1516 2859 1574 2909 ὲν
1623 2856 1942 2928 προαιρέσει

367 2951 434 3019 τῇ
461 2950 691 3003 ἑκάστου
743 2951 1031 3019 κείμενον;
1065 2951 1222 3023 εἰπερ
1248 2951 1427 3021 οὔσης
1456 2952 1585 3021 μιᾶς
1609 2951 1707 3021 τῆς
1735 2948 1944 3019 ἀνθρώ·

372 3037 733 3107 πουφύσεως,
776 3042 870 3094 καὶ
912 3041 1010 3095 ἕνα
1052 3042 1195 3095 κατὰ
1223 3042 1421 3105 παντὸς
1452 3041 1546 3095 τοῦ
1578 3042 1765 3108 γένους
1784 3040 1941 3110 ἐχού-

374 3144 471 3199 σης
496 3129 642 3199 ὅρον,
676 3131 727 3182 οί
777 3130 877 3200 μὲν
909 3133 1048 3184 εἰσὶν
1072 3132 1270 3201 ἀγαθοὶ
1304 3134 1405 3203 τὴν
1437 3133 1585 3197 ἕξιν,
1622 3133 1848 3203 πονηροὶ
1883 3132 1959 3185 δὲη

2028 628 2154 688 erit,
2183 641 2345 694 quam
2376 640 2595 693 regnum
2629 622 2720 677 Dei
2758 619 3108 691 participare.

2090 734 2365 807 Cyrilliex
2406 736 2583 789 eodem
2630 735 2763 787 libro
2803 748 2961 802 super
3006 722 3143 784 illud
3182 745 3200 782 :
3244 748 3262 781 ι
3293 729 3603 798 Quicunque

2028 832 2233 885 dixerit
2255 834 2460 884 verbum
2494 840 2675 880 contra
2716 824 2917 879 Filium
2952 825 3197 889 hominis,
3234 824 3520 877 rentittetur
3553 823 3600 875 ei

2029 923 2244 995 (Matth.
2274 939 2347 977 xu
2371 965 2384 983 ,
2421 922 2534 991 52).
2582 942 2601 973 ι

2101 1017 2203 1081 Qui
2249 1015 2573 1068 ineffabilem
2622 1013 2846 1067 sortitus
2882 1022 2968 1067 est
3014 1028 3044 1065 a
3086 1010 3245 1065 Patre
3296 1009 3405 1063 Deo
3456 1009 3602 1063 nati-

2028 1109 2276 1171 vitatem,
2309 1106 2534 1173 ideoque
2569 1106 2709 1158 Deus
2741 1105 3105 1171 homogeneus
3139 1101 3465 1156 naturaliter
3488 1110 3598 1163 est,

2031 1200 2319 1253 humanam
2363 1197 2525 1251 subiit
2564 1196 2817 1263 ﬁguram,
2868 1196 3043 1249 fectus
3084 1197 3184 1249 sub
3229 1194 3366 1264 lege,
3424 1207 3606 1260 quan-

2030 1305 2193 1357 quam
2237 1288 2369 1357 legis
2408 1286 2665 1340 Dominus
2692 1297 2835 1341 esset
2866 1302 2883 1341 :
2914 1293 2973 1339 et
3013 1285 3079 1338 ad
3122 1283 3376 1338 servilem
3418 1283 3608 1336 condi-

2035 1384 2237 1435 tionem
2288 1396 2350 1435 se
2406 1380 2659 1441 demisit,
2689 1379 2782 1448 qui
2825 1378 3002 1431 omnia
3055 1376 3279 1446 pedibus
3332 1374 3607 1443 supposita

2034 1474 2301 1538 habebat,
2352 1481 2406 1527 et
2472 1488 2503 1526 a
2569 1470 2823 1540 supernis
2871 1468 3163 1523 virtutibus
3222 1467 3541 1537 gestabatur
3588 1484 3603 1517 :

2032 1567 2289 1634 venitque
2351 1565 2404 1618 in
2442 1563 2587 1617 hunc
2623 1564 2881 1616 mundum
2904 1600 2919 1625 ,
2942 1561 3197 1614 virtutem
3252 1560 3470 1628 quidem
3504 1557 3609 1613 sibi

2034 1656 2607 1711 convenientissimam
2697 1655 2925 1718 habens,
2974 1652 3290 1720 dignitatem
3338 1649 3610 1703 nihilomi-

2038 1765 2139 1804 uus
2182 1758 2391 1802 natura
2449 1762 2563 1801 suae
2622 1744 3099 1801 celanshumsnis
3149 1741 3503 1811 perviis-tibus
3555 1750 3612 1796 et

2040 1841 2224 1899 carnis
2268 1840 2605 1893 indumento.
2661 1836 2794 1891 Erat
2842 1836 2984 1889 enim
3023 1833 3415 1889 exinanitionis
3470 1842 3608 1885 tern—

2041 1948 2185 2003 pus;
2217 1931 2326 2002 36
2358 1932 2659 1999 egebatqne
2700 1926 2843 1982 servi
2903 1926 3083 1995 specie
3122 1923 3435 1995 mysterium
3487 1938 3611 1993 pri»

2034 2034 2155 2094 pter
2201 2038 2301 2077 nos
2352 2022 2751 2092 peragendum,
2783 2027 2842 2073 ut
2879 2026 2939 2072 et
2978 2016 3338 2071 venerandam
3372 2029 3469 2084 pro
3519 2030 3611 2068 no-

2035 2118 2133 2173 bis.
2163 2125 2445 2185 pateretur
2498 2126 2713 2167 enicem
2736 2152 2752 2175 ,
2801 2120 2857 2165 et
2902 2124 3018 2166 suae
3048 2108 3241 2163 carnis
3274 2115 3449 2163 morte
3486 2107 3608 2159 uni-

2041 2208 2305 2263 versalem
2364 2214 2595 2261 mortem
2664 2202 2977 2272 perimeret.
3034 2198 3362 2256 Necessaria
3427 2198 3625 2266 itaque-

2042 2298 2143 2354 luit
2175 2298 2478 2354 exinanitio
2514 2306 2569 2351 et
2629 2295 2938 2365 ignominiae
2978 2308 3075 2363 per
3116 2305 3336 2347 carnem
3371 2290 3608 2346 occasio.

2044 2388 2425 2458 Quamobrem-
2448 2387 2632 2443 multis
2656 2396 2775 2441 erat
2798 2384 3089 2440 obscurum
3124 2381 3461 2455 mysterium.

2111 2585 2298 2654 Cyrilti
2322 2599 2395 2637 es!
2420 2582 2598 2636 eodem
2624 2580 2777 2634 libro.
2812 2578 3027 2651 (Matt/1‘.
3055 2593 3154 2637 xu,
3184 2577 3297 2645 55.)

2118 2676 2333 2730 Deinde
2361 2674 2633 2744 quomodo
2672 2672 2821 2739 justo
2864 2682 3014 2725 certe
3061 2670 3349 2723 ratiocinio
3386 2664 3613 2736 cogitari

2048 2768 2247 2840 poterit
2286 2765 2533 2820 naturale
2568 2778 2690 2818 esse
2722 2762 2878 2816 nobis
2908 2761 3107 2816 bonum
3140 2759 3225 2814 vel
3270 2758 3465 2812 malum
3493 2799 3510 2824 ,
3563 2766 3620 2811 et

2050 2875 2156 2915 non
2174 2858 2537 2913 voluntarium
2573 2856 2760 2924 potius
2788 2866 2950 2923 atque
2980 2853 3031 2907 in
3064 2852 3324 2921 cujusque
3347 2849 3617 2906 electione

2050 2953 2331 3023 positum?
2405 2950 2837 3021 quandoquidem
2879 2963 2983 3001 una
3035 2946 3273 3001 hominis
3323 2944 3621 2998 exsistente

2052 3057 2265 3112 natura,
2302 3058 2577 3113 urmmque
2609 3043 2661 3096 in
2699 3043 2953 3095 universo
2982 3054 3178 3109 genere
3210 3036 3485 3090 modulum
3515 3034 3617 3089 ha-

2051 3138 2235 3201 bente,
2266 3135 2354 3189 alii
2389 3134 2602 3202 quidem
2641 3131 2800 3187 bonis
2841 3130 3081 3184 moribus
3109 3137 3255 3192 sunt,
3283 3125 3372 3179 alii
3412 3123 3617 3194 pravis.

372 3220 548 3292 ῐπεροι
570 3236 585 3249 ⁸
619 3220 897 3293 διαφέρειν
918 3222 975 3275 δὲ
1004 3223 1258 3294 οὐδαμῶς
1288 3225 1324 3294 ἡ
1348 3223 1643 3297 ἀνθρώπου
1688 3224 1850 3291 φύσις
1873 3223 1945 3287 ώς

2053 3225 2237 3296 Neque
2268 3226 2472 3279 idcirco
2514 3222 2747 3276 hominis
2798 3230 2991 3274 natura
3051 3218 3312 3271 adversus
3346 3215 3617 3284 propriam

376 3313 511 3384 πρὸς
548 3312 709 3377 ἰδίους
751 3315 945 3385 ὁρᾶται
984 3315 1195 3385 λόγους,
1218 3317 1339 3370 οὐδὲ
1362 3317 1674 3389 μαχομένην
1694 3316 1805 3386 ἔχει
1834 3318 1949 3379 τοῖς

376 3403 576 3473 ἑαυτῆς
608 3404 862 3475 ίδιώμασι
895 3407 996 3478 τὴν
1029 3411 1399 3478 κατασκευήν.

450 3493 617 3548 Ὅταν
662 3511 747 3558 τις
798 3497 878 3560 εἰς
920 3496 1206 3569 ἄνθρωπον
1246 3498 1569 3570 ἡμάρτανε,
1608 3496 1831 3549 δυνατὸν
1882 3490 1951 3566 ἦν

379 3582 521 3655 ὑπὲρ
552 3586 719 3639 αὑτοῦ
757 3588 1135 3658 παρακαλέσαι
1154 3589 1245 3642 τὸν
1269 3590 1420 3642 Θεόν·
1440 3589 1570 3641 ὅταν
1594 3588 1651 3641 δὲ
1682 3590 1760 3651 είς
1788 3587 1953 3641 αὑτὸν

379 3674 428 3726 οἱ
463 3674 749 3745 ἄνθρωποι
783 3677 1190 3749 ἐϐλασφήμουν,
1232 3680 1334 3732 οὐκ
1394 3677 1521 3751 ἐξῆν
1568 3677 1951 3749 παρακαλέσαι

380 3762 517 3833 ὑπὲρ
547 3763 746 3817 αὐτῶν.
774 3766 929 3837 Πλὴν
950 3767 1138 3837 ἐπειδὴ
1164 3767 1240 3831 ὡς
1270 3767 1366 3821 ἄνθ
1377 3784 1557 3837 ρωπος
1598 3764 1874 3837 ὁρώμενος
1923 3767 1954 3818 ὁ

381 3854 477 3906 τοῦ
522 3857 655 3909 Θεοῦ
693 3858 841 3923 Υἱὸς,
872 3860 922 3912 εἰ
976 3859 1068 3913 καὶ
1110 3859 1270 3928 φύσει
1303 3860 1435 3922 Θεὸς
1484 3855 1577 3930 ἦν,
1616 3859 1676 3912 οὑ
1712 3859 1851 3912 πάνυ
1900 3874 1956 3915 τι

382 3948 494 4008 τοῖς
523 3947 804 4012 άσυνέτοις
854 3950 1201 4023 ἐγνωρίζετο,
1234 3950 1449 4004 δίδωσιν
1493 3950 1606 4003 ἔσθ’
1633 3952 1721 4003 ὅτε
1755 3951 1866 4011 τοῖς
1894 3949 1952 4014 ἐξ

385 4039 604 4105 ἀγνοίας
634 4041 1037 4111 ἁμαρτάνουσιν
1069 4046 1147 4107 εἰς
1175 4044 1338 4096 αὑτὸν
1371 4041 1703 4113 συγγνώμην
1722 4058 1736 4072 ⁸
1761 4045 1872 4103 τοῖς
1897 4041 1953 4094 δὲ

387 4130 465 4191 είς
486 4130 555 4183 τὸ
581 4132 827 4203 Πνεῦμα,
860 4133 1083 4205 διηνεκῆ
1114 4135 1261 4203 λέγει
1288 4135 1386 4205 τὴν
1412 4135 1633 4188 κόλασιν
1656 4133 1953 4203 ἐπάγεσθαι

388 4219 631 4291 (Πνεῦμα
652 4222 825 4291 λέγων
851 4224 1045 4295 ὁλόκλη
1055 4242 1145 4295 ρον
1166 4225 1261 4296 τὴν
1281 4229 1379 4293 τῆς
1405 4226 1633 4296 Τριάδος
1652 4224 1913 4297 Θεότητα)
1935 4238 1949 4253 ⁶

388 4309 528 4380 πλὴν
555 4311 758 4366 δίδοται
788 4317 900 4378 τοῖς
930 4314 1251 4386 μετανοοῦσι
1274 4314 1362 4368 διὰ
1388 4314 1489 4385 τῆς
1515 4315 1609 4368 τοῦ
1640 4316 1953 4384 Πνεύματος

387 4400 608 4471 χάριτος
636 4404 953 4475 συγγνώμη.
986 4406 1146 4460 Ἀλλὰ
1182 4407 1242 4460 τὸ
1272 4407 1500 4477 μέγεθος
1525 4406 1693 4460 θέλων
1722 4406 1892 4471 δεῖξαι
1922 4407 1951 4458 ὁ

388 4494 623 4564 Χριστὸς
666 4498 759 4551 τοῦ
789 4499 1205 4570 ἁμαρτήματος,
1248 4499 1421 4561 οὕτως
1456 4497 1645 4553 εἶπεν
1687 4500 1809 4551 ἐπεὶ
1855 4502 1953 4552 οὑκ

389 4584 808 4658 ἔστιν-ἁμαρτία
833 4589 1219 4661 ἀσυγχώρητος
1246 4588 1549 4660 παράθες)
1599 4592 1656 4641 ὲν
1692 4591 1804 4650 τοῖς
1832 4605 1955 4658 γνη·

392 4676 518 4740 τείως
563 4678 658 4731 καὶ
686 4679 807 4732 κατ’
830 4679 988 4745 ἀξίαν
1013 4678 1354 4750 μετανοοῦσι.

472 4788 537 4841 '0
558 4789 780 4858 ἀγαθὸς
818 4791 1126 4861 ἅνθρωπος
1157 4795 1226 4849 ἐκ
1261 4795 1366 4849 τοῦ
1395 4794 1619 4864 ἀγαθοῦ
1646 4793 1958 4862 θησαυροῦ

390 4874 499 4943 τῆς
525 4881 771 4948 καρδίας
806 4882 1084 4937 ἐκϐάλλει
1112 4884 1186 4937 τὰ
1233 4884 1426 4954 ἀγαθά
1449 4901 1462 4913 °
1496 4885 1594 4939 καὶ
1637 4887 1670 4938 ὁ
1697 4883 1961 4951 πονηρὸς

390 4968 698 5041 ἅνθρωπος
738 4974 807 5028 ἐκ
850 4975 955 5029 τοῦ
1005 4976 1276 5046 πονηροῦ
1322 4978 1633 5047 θησαυροῦ
1684 4976 1961 5032 ἐκϐάλλει

395 5064 644 5132 πονηρά.

462 5154 635 5209 ⁶Οταν
660 5157 793 5231 λέγῃ
822 5159 1117 5231 θησαυρὸν,
1156 5160 1217 5215 τὸ
1246 5159 1451 5231 πλῆθος
1487 5161 1819 5214 ἐνδείκνυται
1850 5161 1960 5214 τῶν

396 5247 455 5297 ιν
480 5249 545 5317 τῇ
585 5247 731 5322 ψυχῇ
754 5254 1057 5322 κειμένωνο
1102 5255 1188 5309 ἵνα
1224 5256 1280 5309 δὲ
1316 5257 1391 5326 μὴ
1429 5254 1625 5307 εἴπωσι
1662 5271 1808 5318 τινες
1832 5294 1846 5317 ,
1882 5256 1963 5307 ὅτι

398 5334 555 5405 φύσει
581 5340 906 5414 πεφύκαμεν
938 5345 1166 5417 πονηροὶ¹
1192 5346 1243 5399 oi
1266 5346 1565 5415 ἄνθρωποι,
1595 5346 1688 5398 ἐπὶ
1708 5346 1823 5399 τῶν
1851 5348 1958 5400 Φα-

399 5430 621 5497 ρισαίων
643 5432 799 5487 τοῦτο
827 5436 1117 5506 ἐδήλωσεν.
1146 5437 1228 5491 ὅτι
1259 5437 1485 5493 δυνατὸν
1519 5435 1656 5510 [τὸν]
1676 5438 1838 5491 αὑτὸν
1869 5439 1962 5490 καὶ

396 5522 489 5574 ἕνα
506 5523 791 5595 ἄνθρωπον
820 5532 946 5582 ποτὲ
970 5532 1067 5600 μὲν
1091 5530 1295 5599 ἀγαθὸν
1320 5530 1599 5598 γενέσθαι,
1628 5530 1756 5583 ποτὲ
1775 5530 1832 5583 δὲ
1864 5547 1963 5583 κα-

397 5612 523 5678 κον,
547 5613 719 5685 λέγων
745 5635 757 5648 ·
800 5618 858 5672 '0
900 5620 1101 5689 ἀγαθὸς
1132 5622 1416 5693 ἄνθρωπος
1438 5622 1503 5675 ὲκ
1546 5620 1638 5675 τοῦ
1675 5619 1962 5691 περισσεύ-

400 5725 565 5777 ματος
597 5711 695 5781 τῆς
717 5713 940 5783 καρδίας
971 5713 1134 5768 αὑτοῦ
1159 5715 1328 5781 λαλεῖ,
1363 5715 1565 5785 ὁμοίως
1598 5714 1689 5767 καὶ
1718 5716 1745 5767 ὁ
1772 5713 1957 5774 κακός.

482 5823 543 5877 '0
564 5821 628 5877 δὲ
656 5824 996 5893 ἀποκριθεὶς
1024 5823 1188 5879 εἶπεν
1228 5826 1456 5891 αὐτοῖς·
1487 5827 1675 5879 Γενεὰ
1731 5840 1963 5890 norma

2053 3323 2316 3376 rationem
2348 3318 2609 3372 dissidere
2639 3313 2901 3377 cernitur,
2951 3326 3125 3379 neque
3159 3318 3491 3379 pugnantem
3520 3306 3618 3359 ha-

2052 3407 2179 3460 bere
2208 3421 2328 3461 cum
2351 3406 2464 3459 suis
2487 3401 2905 3472 proprietatibus
2937 3397 3400 3453 constitutionem.

2122 3498 2351 3565 Quando
2378 3496 2640 3564 quispiam
2676 3493 2729 3548 in
2755 3491 3025 3546 hominem
3043 3489 3303 3557 peccavit,
3331 3488 3495 3540 Deum
3523 3499 3623 3554 pro

2053 3607 2113 3646 se
2160 3598 2337 3658 potest
2374 3589 2662 3651 invocare;
2689 3598 2811 3637 cum
2860 3596 2991 3636 vero
3019 3581 3073 3634 in
3103 3596 3225 3635 eum
3258 3579 3625 3649 blasphemias

2055 3680 2397 3754 protulerint,
2436 3694 2538 3733 non
2572 3678 2697 3731 licet
2740 3677 2993 3730 invocare
3025 3689 3120 3744 pro
3157 3689 3234 3728 se.
3281 3671 3412 3727 Cum
3444 3670 3626 3739 itaque

2054 3776 2217 3831 homo
2246 3773 2517 3826 videretur
2548 3770 2638 3825 Dei
2672 3767 2865 3832 Filius,
2899 3767 3000 3821 etsi
3059 3774 3248 3819 natura
3290 3764 3429 3819 Deus
3456 3771 3623 3825 esset,

2056 3881 2159 3922 non
2190 3863 2475 3918 admodum
2506 3860 2623 3915 sine
2664 3858 2938 3913 intellectu
2995 3855 3385 3939 exsistentihus
3413 3854 3625 3908 innote-

2054 3959 2260 4020 scebat,
2291 3953 2502 4008 veniam
2537 3953 2717 4020 itaque
2744 3965 2825 4004 ex'
2852 3948 3155 4016 ignorantia
3181 3947 3232 3999 in
3258 3960 3374 4000 sese
3398 3959 3625 4014 peccan-

2054 4048 2199 4102 tibus
2222 4046 2487 4117 largitur;
2524 4057 2618 4097 eos
2646 4056 2799 4105 vero,
2832 4040 2922 4110 qui
2974 4040 3026 4095 in
3076 4038 3337 4108 Spiritum
3372 4044 3621 4091 sanctum

2054 4147 2299 4210 peccant,
2330 4144 2645 4207 perpetuum
2686 4134 2817 4187 dicit
2855 4146 3073 4185 manere
3124 4128 3441 4198 supplicium
3475 4126 3622 4197 (Spi-

2055 4233 2214 4286 ritum
2244 4230 2428 4285 dicens
2482 4234 2648 4281 totam
2682 4224 2965 4280 Trinitatis
2994 4220 3318 4288 Deitatem);
3359 4222 3522 4275 datur
3544 4228 3626 4271 ta-

2053 4338 2174 4375 men
2234 4319 2621 4389 paenitentibus
2679 4332 2774 4388 per
2819 4315 3053 4384 Spiritus
3096 4313 3321 4382 gratiam
3357 4309 3623 4364 remissio.

2056 4412 2158 4467 Sed
2185 4412 2291 4484 37
2325 4411 2744 4479 magnitudinem
2791 4409 2980 4463 volens
3042 4406 3290 4462 Christus
3342 4402 3626 4458 ostendere

2056 4505 2282 4573 peccati,
2310 4503 2379 4555 ita
2429 4502 2587 4567 dixit;
2623 4514 2725 4553 non
2756 4499 2900 4555 enim
2924 4506 3008 4553 est
3039 4506 3319 4565 peccatum
3341 4490 3484 4562 quod
3517 4505 3623 4545 non

2061 4595 2296 4648 remittat
2327 4596 2488 4657 Dens,
2533 4594 2577 4647 si
2627 4592 2864 4646 lcaitime
2891 4602 2946 4645 ct
2971 4604 3038 4643 ex
3072 4586 3333 4655 dignitate
3363 4583 3625 4651 perniten-

2058 4686 2127 4738 tia
2156 4694 2359 4753 agatur.

2133 4796 2245 4860 XII,
2274 4796 2365 4851 ὅδε
2415 4795 2589 4851 Bonus
2636 4796 2789 4851 homo
2835 4794 2913 4849 de;
2959 4793 3091 4847 bono
3158 4793 3405 4847 thesauro
3456 4792 3628 4845 cordis

2059 4887 2253 4957 profert
2284 4889 2438 4951 bona,
2488 4897 2533 4938 et
2566 4887 2919 4938 matushomo
2951 4885 3025 4937 de
3058 4882 3201 4937 malo
3228 4884 3471 4936 thesauro
3516 4897 3631 4949 pro-

2063 4979 2161 5048 fert
2192 4978 2334 5031 mala

2131 5156 2262 5212 Cum
2314 5152 2441 5207 dicit
2500 5152 2836 5212 thesaurum,
2921 5146 3319 5202 multitudinem
3367 5146 3616 5216 designat

2062 5249 2445 5316 cogitationum
2475 5244 2916 5310 voluntatumque
2939 5239 2990 5295 in
3015 5239 3345 5295 conscientia
3377 5238 3629 5293 sitarum.

2065 5340 2143 5395 Ne
2175 5350 2351 5393 autem
2391 5336 2554 5404 aliqui
2598 5335 2860 5400 dicereut,
2892 5341 3079 5387 natura
3108 5331 3277 5384 malos
3318 5344 3437 5384 esse
3462 5328 3630 5384 homio

2066 5446 2182 5494 nes,
2239 5430 2497 5483 adversus
2549 5424 2850 5480 thisa-os
2895 5422 3157 5485 detlaral,
3189 5420 3305 5476 ﬁeri
3352 5434 3509 5489 posse
3574 5432 3631 5472 ut

2066 5538 2202 5577 unus
2229 5522 2477 5589 idemque
2521 5519 2698 5581 homo,
2727 5514 3024 5588 38modo
3051 5512 3244 5577 bonus,
3306 5511 3464 5567 modo
3521 5527 3634 5566 ma-

2066 5614 2146 5669 lus
2171 5614 2259 5667 sit.
2292 5612 2425 5668 Cum
2463 5610 2540 5664 sic
2566 5608 2710 5662 dicat
2745 5623 2760 5660 :
2799 5606 2976 5661 Bonus
3005 5606 3165 5659 homo
3193 5620 3257 5659 ex
3302 5604 3635 5659 abundantia

2065 5706 2240 5759 cordis
2258 5704 2341 5759 sui
2372 5702 2629 5773 loquitur,
2655 5699 2901 5755 similiter
2931 5705 2985 5753 et
3016 5697 3208 5752 malus.

2136 5816 2347 5887 39.!pre
2367 5826 2536 5870 autrm
2552 5812 2861 5881 respondent
2880 5810 3014 5865 dixit
3031 5808 3103 5865 eis
3124 5806 3631 5878 :Gcneretioyrarc,
