4134 6374
444 385 547 439 bII

1463 382 1522 436 '5.
1562 378 1833 436 CYIIILLI
1873 372 2337 432 ΑιΕχΑΝῡιιιΝι
2378 369 2698 427 ARCIIIEI’.

3590 358 3701 412 “‘2

447 513 495 555 ct
524 499 766 554 adultera
784 500 989 568 signum
1017 498 1298 567 quwrit,et
1328 497 1532 569 signum
1566 514 1669 552 non
1702 495 1918 550 dabitur
1944 495 2013 561 ei,

2131 489 2217 545 καὶ
2252 488 2538 559 μοιχαυς
2574 484 2828 555 σημεῖον
2879 476 3157 569 enimn-2i,
3205 474 3299 569 καὶ
3331 472 3585 569 σημεῖον
3623 474 3703 526 οὐ

450 595 552 647 nisi
578 595 780 661 signum
794 589 948 645 Jonas
974 590 1261 660 prop/mw.

526 764 714 835 Neque
768 766 911 820 enim
938 766 1084 821 Patri
1112 766 1483 829 crediderunt,
1506 774 1560 822 et
1585 766 1750 820 etiam
1781 766 1849 818 ab
1900 764 2017 833 ipso

452 857 672 911 Christo
721 857 1067 912 desciverunt
1105 857 1219 927 jam
1254 857 1616 927 desponsante
1646 856 1747 911 sibi
1787 866 1841 909 et
1886 871 2017 909 con-

449 945 707 1015 jungente
768 947 1190 1011 humanitatem,
1240 947 1391 1016 juxta
1446 946 1576 1002 illud
1624 948 1769 1017 quod
1815 946 2018 1001 dictum

452 1042 577 1089 est:
608 1054 626 1087 ι
659 1036 726 1090 Ει
751 1037 1086 1106 desponsabo
1114 1046 1166 1091 te
1201 1037 1333 1091 mihi
1369 1038 1420 1091 in
1462 1038 1717 1092 sarculum
1747 1038 1817 1089 ".
1860 1055 1877 1087 ι
1912 1038 2022 1093 Ad-

458 1128 725 1180 haescrunt
750 1137 927 1182 autem
958 1128 1191 1195 Satanre,
1212 1128 1513 1199 spiritualis
1550 1128 1661 1199 39
1706 1128 2018 1183 fornicatio-

456 1215 541 1269 nis
582 1216 795 1271 modum
839 1218 1203 1275 admittentes.
1234 1220 1484 1276 Ostendit
1530 1237 1589 1275 se
1622 1222 1797 1289 ipsum
1832 1236 2022 1275 rursus

459 1307 601 1361 Patri
651 1308 933 1377 aequalem,
969 1311 1402 1381 quandoquidem
1458 1311 1747 1367 .Judaieam
1801 1323 2022 1381 gentem

458 1397 577 1450 inde
605 1411 816 1467 quoque
843 1401 1139 1455 adulteram
1160 1403 1272 1457 ﬁeri
1299 1403 1393 1467 ait,
1428 1404 1571 1473 quod
1615 1403 1718 1458 sibi
1756 1420 1862 1459 non
1899 1418 2022 1459 cre-

456 1490 567 1541 dat.
594 1488 715 1544 Mox
750 1491 940 1559 injuria
995 1492 1275 1549 lacessitus
1319 1496 1446 1563 quid
1480 1496 1599 1549 ait?
1634 1514 1654 1546 ι
1698 1486 1785 1550 Ει
1808 1496 2023 1567 signum

460 1593 565 1630 non
582 1578 799 1633 dabitur
818 1580 891 1644 ei,
925 1581 1025 1635 nisi
1052 1582 1263 1651 signum
1296 1582 1446 1639 Iona:
1468 1585 1758 1653 prophetm.
1789 1603 1810 1638 ι

533 1690 643 1756 XII,
669 1691 757 1750 45.
784 1692 1105 1749 Cumautcm
1135 1696 1436 1749 immundus
1459 1697 1677 1765 spiritus
1724 1698 1914 1753 exierit
1957 1698 2023 1752 ab

458 1783 682 1849 homine,
708 1785 945 1839 ambulat
971 1803 1061 1841 ver
1079 1787 1194 1841 loca
1222 1788 1474 1859 inaquosa
1500 1806 1737 1859 quwrens
1764 1791 2015 1855 reauiem,

456 1886 503 1928 et
530 1891 632 1927 non
653 1876 869 1930 invenit.

527 1970 605 2022 Ac
654 1968 777 2038 jure
812 1969 1025 2024 merito.
1063 1968 1198 2024 Cum
1231 1970 1375 2025 enim
1415 1971 1538 2041 quis
1582 1973 1746 2027 semel
1806 1983 2029 2042 ereptus

459 2058 616 2113 malis
657 2060 724 2113 ad
754 2060 1036 2115 meliorem
1069 2061 1274 2130 frugem
1320 2076 1569 2118 reversus
1600 2079 1703 2119 non
1728 2072 1831 2130 est,
1860 2065 2031 2120 multo

459 2150 705 2218 graviora
728 2149 997 2218 prioribus
1012 2150 1242 2220 patietur
1272 2168 1288 2217 ;
1322 2150 1525 2206 idcirco
1560 2153 1717 2217 dixit,
1753 2171 1772 2204 ι
1810 2169 1917 2208 non
1948 2156 2031 2210 in-

462 2241 606 2295 venit
638 2240 895 2309 requiem.
944 2259 966 2293 ι
999 2250 1056 2296 ιιι
1110 2242 1361 2296 ostendat
1422 2242 1728 2311 hnjusmodi
1756 2244 2029 2299 hominem

461 2329 772 2385 nccessmio
802 2330 1102 2385 daemonum
1151 2331 1365 2385 insidiis
1387 2329 1497 2402 40
1541 2332 1883 2401 capiendum.
1918 2334 2033 2389 Duo

457 2420 599 2473 enim
620 2420 710 2474 hic
745 2420 811 2474 ad
839 2421 1037 2475 bonum
1070 2422 1417 2477 incitamenta
1480 2424 1690 2490 habuit,
1746 2425 2033 2495 experien-

461 2512 589 2565 tiam
636 2509 833 2580 prioris
878 2511 1003 2566 mali
1041 2519 1096 2566 et
1141 2513 1476 2568 liberationis
1518 2515 1863 2572 beneﬁcium.
1921 2519 2033 2572 Imo

458 2617 586 2657 vero
604 2612 658 2657 et
675 2602 893 2657 tertium
917 2603 1125 2658 accedit
1149 2622 1162 2659 :
1195 2604 1373 2675 pejora
1397 2606 1633 2675 patiendi
1657 2610 2030 2667 comminatio.

462 2692 841 2748 Verumtamen
898 2693 1043 2748 nullo
1109 2709 1293 2750 eorum
1333 2697 1603 2753 devenere
1636 2700 1921 2757 meliores:
1951 2701 2033 2755 in-

458 2784 733 2840 habitabat
760 2786 906 2856 ipsos
945 2786 1168 2855 spiritus
1205 2804 1462 2858 nequam,
1495 2799 1692 2846 etcum
1718 2794 1769 2845 in
1802 2791 2033 2864 (Egypto

457 2874 852 2942 sacriﬁcarent,
881 2876 1148 2947 Egyptiis
1169 2880 1332 2934 etiam
1360 2882 1600 2937 moribus
1624 2897 1744 2937 cum
1771 2884 1852 2939 eis
1885 2884 2033 2941 vive-

460 2966 609 3032 bant,
640 2981 707 3022 ac
734 2968 971 3036 legibus,
1009 2968 1259 3040 plenique
1284 2981 1439 3026 erant
1481 2973 1626 3041 omni
1672 2973 2031 3030 immunditia.

458 3056 746 3126 Postquam
775 3072 870 3128 per
900 3059 1116 3130 Moysen
1160 3061 1368 3117 liberati
1416 3074 1564 3130 sunt,
1606 3064 1886 3135 legemque
1930 3065 2030 3121 ba-

462 3147 696 3201 buerunt
722 3151 1075 3221 paedagogum
1117 3154 1182 3206 ad
1218 3153 1328 3208 veri
1359 3155 1451 3211 Dei
1485 3155 1810 3225 cognitionis
1855 3156 2029 3211 lucem
2058 3187 2100 3242 ρ

457 3242 985 3311 vocantem,ejectus
1022 3254 1105 3298 est
1125 3245 1380 3313 profanus
1419 3258 1474 3301 et
1524 3246 1831 3302 immundus
1870 3248 2031 3317 spiri-

460 3338 567 3385 tus.
595 3330 731 3397 Quia
774 3347 903 3387 vero
951 3334 1004 3387 in
1028 3336 1301 3390 Christum
1346 3351 1449 3390 non
1474 3338 1853 3403 crediderunt,
1907 3355 2034 3394 rur-

458 3433 550 3493 sus
578 3434 673 3474 eos
698 3421 1024 3477 daemonium
1049 3424 1264 3479 inrasit.
1296 3423 1506 3480 Invenit
1535 3427 1678 3481 enim
1706 3444 1804 3483 cor
1839 3444 2028 3484 eorum

461 3510 671 3564 nudum'
702 3526 765 3566 ac
812 3527 1039 3568 vacuum
1089 3515 1157 3571 ab
1205 3516 1349 3570 omni
1397 3518 1597 3586 pietate
1647 3530 1701 3573 et
1735 3522 1886 3590 quasi
1912 3537 2035 3576 sco-

458 3600 541 3669 pis
569 3604 905 3669 mundatum,
935 3615 990 3659 et
1016 3606 1334 3663 inhabitavit
1362 3609 1414 3663 in
1450 3610 1548 3665 eis.
1586 3609 1654 3665 Ut
1685 3613 1829 3667 enim
1864 3612 2035 3683 Spiri-

462 3703 546 3747 tus
577 3704 820 3760 sanctus,
876 3711 997 3751 cum
1046 3698 1242 3754 viderit
1270 3715 1364 3755 cor
1408 3702 1645 3757 hominis
1700 3720 1925 3759 vacuum
1966 3706 2034 3761 ab

458 3783 988 3853 oniniimmuuditie,
1016 3799 1071 3843 et
1115 3802 1506 3857 commoratur,
1549 3804 1603 3847 et
1650 3795 1827 3849 aulam
1881 3811 2033 3850 suam

459 3875 705 3942 collocat,
734 3888 788 3931 et
817 3878 868 3932 in
895 3894 959 3933 eo
991 3879 1301 3950 requiescit,
1357 3883 1430 3938 ita
1485 3886 1706 3956 spiritus
1727 3888 2033 3944 immundus

461 3972 741 4027 animabus
775 3973 1125 4043 reproborum
1161 3985 1308 4031 amat
1336 3976 1642 4037 immorari.

533 4231 664 4292 XIII.
695 4234 749 4288 5.
786 4233 849 4286 Et
879 4233 1084 4287 locutus
1113 4243 1189 4287 est
1228 4236 1303 4288 eis
1346 4235 1511 4289 multa
1540 4237 1595 4289 iu
1636 4238 1902 4306 parabolis
1936 4241 2037 4295 di-

460 4338 577 4375 cens
599 4338 617 4375 :
645 4320 780 4376 Ecce
812 4324 942 4376 exiit
970 4322 1059 4391 qui
1084 4323 1327 4390 seminat,
1346 4326 1624 4379 seminare.

2121 580 2438 650 δοθήσεται
2466 576 2641 645 αὐτῇ,
2666 577 2719 628 εί
2744 572 2830 644 μὴ
2858 571 2925 625 τὸ
2954 567 3210 639 σημεῖον
3242 563 3402 621 Ἰωνᾶ
3422 563 3527 618 τοῦ
3550 577 3696 631 προρ-

2121 669 2340 739 φήτου.

2192 760 2331 814 Οὔτε
2374 758 2484 829 γάρ
2525 756 2605 828 τῷ
2646 753 2823 823 Πατρὶ
2877 750 3228 813 ἐπίστευσαν,
3271 745 3365 798 καὶ
3398 743 3708 799 αὐτοῦτοῦ.

2120 850 2360 922 Χριστοῦ
2402 848 2742 918 ἀπέστησαν.
2785 841 2893 897 Τοῦ
2945 836 3423 912 μνηστευσαμένου
3469 834 3576 906 τὴν
3605 835 3696 887 άν-

2121 940 2447 1014 θρωπὸτητα
2507 938 2602 992 καὶ
2640 931 3123 1006 νυμφευσαμένου,
3163 927 3307 982 κατὰ
3350 926 3412 980 sb
3456 924 3690 996 εἰρημέ-

2120 1049 2236 1087 νον·
2269 1051 2287 1082 ι
2317 1031 2425 1083 Kal.
2457 1025 2861 1101 μνηστέύσομαί
2892 1041 2951 1077 σε
2977 1019 3205 1094 ἐμαυτῷ
3227 1021 3305 1082 είς
3333 1018 3424 1071 τὸν
3454 1016 3689 1070 αἱῶνα.ι

2121 1120 2638 1192 Προσεκολλήθησαν
2657 1119 2714 1172 δὲ
2742 1116 2819 1188 τῷ
2844 1115 3078 1185 Σατανᾷ,
3107 1111 3203 1165 τὸν
3229 1110 3331 1179 τῆς
3349 1107 3549 1179 νοητῆς
3566 1124 3701 1177 πορ-

2122 1214 2272 1277 νείας
2300 1213 2503 1282 τρόπον
2544 1208 2961 1270 ἀποτελοῦντες.
3001 1205 3284 1258 Δείκνυσιν
3315 1199 3508 1255 ἐαυτὸν
3536 1199 3704 1253 πάλιν

2122 1308 2202 1379 τῷ
2232 1306 2409 1377 Πατρὶ
2438 1305 2549 1357 ἴσον
2570 1320 2584 1333 ·
2625 1304 2739 1370 εἴγε
2773 1301 2866 1355 καὶ
2889 1300 2952 1351 τὸ
2979 1298 3054 1370 μὴ
3084 1293 3374 1349 πιστεῦσαι
3397 1292 3547 1362 αὐτῷ
3580 1308 3699 1361 μοι-

2122 1402 2314 1473 χαλίδα
2343 1400 2505 1452 ποιεῖ.
2538 1392 2671 1450 Εἶτα
2706 1394 2957 1465 ὑϐρίσας,
2988 1390 3039 1445 τί
3065 1406 3200 1459 φησι
3225 1404 3240 1453 ;
3286 1404 3306 1438 ι
3337 1386 3447 1439 Kal.
3476 1387 3707 1454 σημεῖον

2122 1493 2183 1546 οὐ
2218 1491 2504 1560 δοθήσεται
2536 1488 2699 1558 αὐτῇ,
2730 1487 2780 1539 εί
2823 1484 2899 1556 μὴ
2921 1482 2983 1536 τὸ
3012 1482 3246 1553 σημεῖον,
3263 1478 3419 1532 Ἰωνᾶ
3444 1475 3539 1529 τοῦ
3568 1491 3702 1545 προ-

2126 1582 2321 1652 φήτου.
2353 1600 2371 1632 ι

2197 1695 2386 1748 Ὅταν
2421 1691 2491 1746 δὲ
2533 1690 2601 1745 τὸ
2644 1688 2985 1756 ἀκάθαρτον
3013 1684 3249 1755 πνεῦμα
3303 1682 3522 1749 ἐξέλθῃ
3575 1680 3696 1733 ἀπὸ

2128 1788 2232 1842 τοῦ
2279 1786 2595 1855 ἀνθρώπου
2624 1823 2640 1848 ,
2680 1782 2979 1851 διέρχεται
3044 1779 3122 1833 δι’
3181 1776 3456 1845 ἀνύδρων
3508 1775 3703 1829 τόπων

2130 1879 2344 1949 ζητοῦν
2371 1877 2745 1940 ἀνάπαυσιν,
2780 1873 2879 1928 καὶ
2916 1874 3032 1942 οὐχ
3069 1872 3359 1939 εὖρίσκει.

2200 1972 2312 2027 Kal.
2344 1970 2488 2041 μάλα
2514 1969 2760 2031 εἰκότως.
2792 1966 2962 2020 Ὅταν
2988 1963 3098 2033 γὰρ
3127 1960 3273 2027 ἅπαξ
3295 1978 3379 2023 τις
3410 1958 3702 2028 ἐλευθερω-

2131 2064 2242 2126 θεὶς
2267 2060 2378 2115 τῶν
2412 2058 2602 2113 κακῶν
2634 2059 2708 2130 μὴ
2745 2053 3113 2127 σωφρονισθῇ,
3145 2050 3325 2120 πολλῷ
3348 2046 3703 2119 χαλεπώτερα

2132 2154 2384 2207 πείσεται
2412 2150 2522 2204 τῶν
2554 2149 2858 2221 προτέρων.
2882 2146 2980 2199 Διὰ
3011 2144 3119 2215 γὰρ
3140 2142 3299 2196 τοῦτο
3335 2135 3519 2193 εἶπεν·
3548 2158 3566 2189 ι
3591 2139 3703 2206 Οὐχ

2131 2244 2380 2316 εὑρίσκει
2408 2242 2742 2303 ἀνάπαυσιν,
2775 2259 2791 2290 ι
2821 2239 2909 2291 ἵνα
2941 2237 3092 2307 δείξῃ
3137 2236 3221 2288 ὅτι
3268 2232 3487 2294 πάντως
3515 2229 3610 2283 καὶ
3643 2228 3705 2292 ἐξ

2131 2335 2376 2405 ἀνάγκης
2415 2331 2653 2404 λήψεται
2684 2329 2777 2383 τὸν
2813 2326 3055 2381 τοιοῦτον
3082 2325 3115 2394 ἡ
3152 2322 3260 2376 τῶν
3286 2320 3553 2389 δαιμόνων
3580 2318 3706 2368 ἐπι-

2133 2424 2317 2494 ϐουλή.
2343 2422 2455 2477 Καὶ
2482 2420 2592 2493 γὰρ
2622 2419 2730 2473 ἀπὸ
2750 2417 2844 2472 δύο
2878 2414 3087 2469 τούτων
3114 2412 3204 2466 τὸν
3235 2409 3476 2463 τοιοῦτον
3507 2408 3702 2474 ἀγωνι-

2134 2514 2325 2585 σθῆναι
2360 2513 2486 2579 ἔδει,
2529 2511 2639 2565 ἀπό
2677 2526 2737 2563 τε
2783 2507 2878 2561 τοῦ
2925 2504 3122 2559 παθεῖν
3178 2502 3464 2572 πρότερον,
3500 2499 3609 2553 ἀπό
3644 2513 3706 2550 τε

2130 2607 2226 2660 τοῦ
2257 2603 2662 2674 ἀπαλλαγῆναι.
2688 2599 2906 2655 Μᾶλλον
2947 2598 3007 2652 δέ
3048 2595 3147 2651 καὶ
3180 2594 3364 2665 τρίτον
3393 2591 3707 2663 πρόσεστιν,

2130 2702 2165 2770 ἡ
2191 2697 2287 2752 τοῦ
2316 2696 2539 2769 χείρονα
2585 2691 2871 2747 πείσεσθαι
2898 2689 3128 2761 ἀπειλή’
3182 2686 3298 2740 ἀλλ’
3343 2686 3493 2755 ὅμως
3530 2682 3708 2736 οὐδενὶ

2131 2790 2336 2845 τούτων
2393 2787 2641 2856 ἐγένοντο
2698 2784 2962 2854 βελτίους.
3008 2776 3118 2834 Ἦν
3168 2779 3353 2841 αὐτοῖς
3403 2776 3610 2829 ἐνοικον
3646 2773 3708 2827 τὸ

2133 2880 2370 2951 πονηρὸν
2390 2877 2631 2947 πνεῦμα,
2668 2875 2763 2928 καὶ
2786 2874 2875 2927 ὅτε
2904 2873 2963 2925 ἐν
3006 2870 3271 2941 Αίγύπτῳ
3302 2869 3581 2939 ἐθήτευον,
3614 2866 3708 2920 καὶ

2130 2975 2242 3035 τοῖς
2274 2970 2595 3039 Αἰγυπτίοις
2634 2965 2930 3030 διαζῶντες
2960 2963 3108 3016 ἔθεσί
3139 2979 3199 3016 τε
3229 2958 3323 3015 καὶ
3356 2960 3562 3030 νόμοις,
3610 2976 3708 3027 με-

2134 3063 2251 3115 στοὶ
2280 3058 2421 3133 ἦσαν
2450 3060 2634 3129 πάσης
2676 3056 3041 3128 ἀκαθαρσίας.
3084 3053 3305 3123 Ἐπειδὴ
3339 3052 3427 3105 διὰ
3464 3050 3709 3111 Μωσέως

2132 3152 2516 3223 λελύτρωνται,
2555 3149 2650 3204 καὶ
2687 3148 2851 3218 νόμον
2894 3146 3162 3215 ἐσχήκασι
3199 3141 3544 3211 παιδαγωγὸν
3574 3139 3709 3210 πρὸς

2133 3244 2194 3295 τὸ
2222 3243 2318 3309 τῆς
2345 3240 2578 3312 ἀληθοῦς
2600 3237 2931 3307 θεογνωσίας
2955 3233 3382 3302 καλοῦνταφῶς,
3402 3230 3710 3300 ἀπελήλατο

2133 3333 2194 3386 τὸ
2244 3332 2471 3402 βέϐηλον
2523 3332 2619 3384 καὶ
2651 3328 2963 3399 ἀκάθαρτον
3017 3324 3256 3395 πνεῦμα.
3302 3322 3605 3392 Ἐπειδὴδέ
3646 3322 3709 3374 οὐ

2134 3422 2569 3477 πεπιστεύκασιν
2600 3408 2681 3486 είς
2698 3422 2952 3492 Χριστὸν,
2980 3418 3145 3473 πάλιν
3177 3417 3360 3480 αὐτοῖς
3393 3416 3706 3484 ἐπεδήμησε

2134 3517 2194 3569 τὸ
2221 3515 2497 3587 δαιμόνιον
2517 3530 2531 3545 ·
2565 3508 2690 3585 εὗρε
2724 3514 2831 3586 γάρ
2860 3512 3042 3567 αὐτῶν
3072 3510 3171 3582 τὴν
3202 3508 3431 3581 καρδίαν
3471 3505 3707 3576 γυμνὴν,

2135 3609 2231 3663 καὶ
2275 3607 2645 3679 σχολάζουσαν
2682 3604 2791 3659 ἀπὸ
2838 3604 3023 3673 πάσης
3052 3600 3337 3661 εὐσεϐείας
3358 3640 3374 3663 ,
3415 3597 3513 3651 καὶ
3546 3594 3711 3648 οἱονεὶ

2137 3698 2568 3771 σεσαρωμὲνην,
2622 3697 2720 3752 καὶ
2776 3696 3100 3766 κατῴκησεν
3140 3695 3199 3746 ἐν
3246 3692 3449 3753 αὐτοῖς.
3500 3689 3711 3754 Ὥσπερ

2135 3788 2243 3860 γὰρ
2265 3787 2325 3841 τὸ
2353 3787 2578 3857 Πνεῦμα
2604 3786 2667 3839 τὸ
2692 3785 2867 3853 ἅγιον,
2899 3785 3026 3838 ὅταν
3058 3782 3141 3853 ἴδῃ
3168 3780 3396 3852 καρδίαν
3422 3777 3709 3847 ἀνθρώπου

2137 3878 2506 3952 σχολάζουσαν
2546 3877 2652 3931 ἀπὸ
2698 3877 2878 3945 πάσης
2931 3872 3309 3943 ἀκαθαρσίας,
3371 3870 3465 3923 καὶ
3500 3866 3712 3921 ἐναυλί-

2135 3973 2308 4035 ζεται,
2348 3970 2445 4022 καὶ
2498 3970 2765 4030 κατοικεῖ,
2818 3965 2914 4020 καὶ
2966 3963 3381 4019 ἐπαναπαύεται
3424 3963 3484 4015 ἐν
3524 3958 3708 4029 αὐτῷ·

2133 4058 2278 4112 οὕτω
2315 4057 2376 4112 τὸ
2416 4056 2633 4127 πνεῦμα
2663 4054 2726 4108 τὸ
2767 4054 3080 4125 ἀκάθαρτον
3101 4092 3117 4117 ,
3149 4051 3347 4122 ψυχαῖς
3384 4049 3600 4120 ἀνόμων
3626 4050 3712 4102 ἐν-

2133 4148 2444 4204 διαιτᾶσθαι
2480 4148 2647 4215 φιλεῖ.

2207 4238 2318 4292 Καὶ
2366 4235 2676 4303 ἐλάλησεν
2721 4233 2927 4299 αὐτοῖς
2964 4230 3167 4285 πολλὰ
3203 4230 3274 4283 ἐν
3319 4225 3709 4297 παραϐολαῖς,

2134 4328 2359 4397 λέγων’
2408 4325 2565 4381 Ἰδοὺ
2629 4323 2892 4393 ἐξῆλθεν
2946 4325 2978 4377 ό
3039 4322 3307 4391 σπείρων
3368 4318 3476 4373 τοῦ
3540 4319 3713 4377 σπει-

2131 4435 2287 4487 patr.

536 4490 739 4547 Idcirco
766 4492 818 4547 in
843 4493 1123 4550 Parabolis
1164 4494 1410 4565 loquitur
1441 4498 1710 4569 Christus,
1769 4514 1828 4559 ut
1852 4514 2030 4561 osten-

2208 4507 2308 4561 Διὰ
2340 4506 2498 4567 τοῦτο
2524 4508 2582 4560 ἐν
2616 4505 2953 4577 παραϐολαῖς
2980 4504 3130 4573 λέγει
3154 4505 3183 4558 ὁ
3212 4503 3469 4575 Χριστὸς,
3494 4504 3582 4559 ἵνα
3618 4502 3713 4556 καὶ

459 4583 552 4637 dat
580 4598 701 4637 sese
729 4599 872 4650 esse,
911 4586 979 4641 de
1019 4602 1126 4657 quo
1173 4599 1331 4643 erant
1369 4592 1683 4661 prophetiae,
1731 4609 1795 4649 ac
1828 4598 1894 4652 de
1927 4614 2030 4667 quo

2142 4599 2231 4653 διὰ
2264 4599 2470 4653 τούτων
2494 4598 2646 4669 δείξῃ
2674 4598 2757 4651 ὅτι
2786 4596 2947 4659 αὐτὸς
2978 4590 3045 4666 ἦν
3074 4597 3104 4649 ὁ
3133 4595 3558 4666 προφητευθεὶς,
3583 4594 3717 4665 περὶ

458 4676 593 4729 dixit
619 4676 785 4730 David
813 4695 827 4731 :
862 4695 880 4728 ι
920 4679 1171 4746 Aperiam
1205 4682 1256 4735 in
1279 4684 1544 4750 parabolis
1576 4701 1640 4741 os
1670 4703 1849 4743 meum
1878 4690 1945 4745 “.
2006 4709 2026 4743 ι

459 4766 685 4831 Quidam
726 4782 856 4823 vero
896 4768 1037 4823 alius
1073 4771 1455 4839 prophetarum
1479 4774 1615 4830 dixit
1655 4794 1668 4830 :
1699 4795 1718 4829 ι
1756 4777 1894 4835 Ecce
1938 4795 2032 4835 rex

454 4857 635 4923 justus
680 4860 942 4928 regnabit,
968 4870 1022 4915 et
1049 4862 1320 4932 principes
1339 4880 1464 4920 eum
1498 4866 1706 4934 judicio
1734 4882 1941 4942 regent,
1976 4882 2032 4928 et

457 4947 562 4999 erit
591 4946 750 5002 homo
777 4949 1112 5006 abscondens
1143 4967 1424 5011 sermones
1448 4973 1596 5013 suos.
1646 4978 1666 5012 ι

527 5124 631 5195 5]
670 5125 807 5193 XIII,
843 5128 930 5183 I2.
960 5130 1063 5195 Qui
1088 5132 1227 5185 enim
1251 5134 1425 5200 habet,
1450 5136 1661 5189 dabitur
1684 5118 1753 5206 ei,
1784 5150 1831 5194 et
1857 5142 2025 5197 abun-

458 5216 606 5269 dabit
639 5220 770 5286 ;qni
800 5230 971 5274 autem
1008 5238 1110 5276 non
1140 5225 1313 5291 habet,
1345 5237 1392 5280 et
1433 5230 1573 5298 quod
1594 5229 1741 5283 habet
1764 5232 2031 5302 auferetur

457 5307 523 5358 ab
543 5322 622 5359 eo.

541 5397 642 5463 Qui
667 5398 869 5455 dociles
901 5400 1102 5456 fuerint
1134 5412 1188 5458 et
1219 5405 1353 5461 bene
1384 5411 1555 5476 parati
1604 5412 1670 5465 ad
1721 5417 2026 5483 perceptio.

461 5499 582 5537 nem
613 5485 915 5542 divinarum
950 5489 1371 5559 institutionum,
1415 5495 1468 5550 in
1502 5498 1566 5552 iis
1598 5499 1867 5555 habitabit
1898 5502 2025 5573 Spi-

462 5578 860 5647 ritus'sanctus,
897 5596 1101 5652 augens
1153 5585 1207 5637 in
1234 5584 1366 5656 ipsis
1406 5588 1545 5645 dona
1579 5608 1696 5647 sua.
1744 5594 1845 5661 Qui
1902 5610 2029 5651 vero

532 5751 575 5781 ’³
611 5753 742 5806 Osce
767 5768 823 5817 ll,
863 5755 944 5810 I9.
1025 5758 1066 5789 υ
1096 5758 1236 5815 Psal.
1268 5778 1472 5829 Lxxvu,
1506 5768 1558 5820 2.

1638 5768 1681 5799 "
1711 5767 1813 5824 Isa.
1848 5786 2015 5839 xxxu,
2065 5771 2084 5827 ι

2139 4682 2201 4743 οὗ
2224 4685 2378 4743 εῐπεν
2402 4691 2430 4742 ὁ
2453 4687 2618 4745 Δαὸίδ
2643 4700 2658 4715 ⁸
2687 4706 2707 4741 ι
2742 4687 2966 4752 Ἀνοίξω
2997 4687 3055 4740 ὲν
3088 4685 3427 4757 παραϐολαῖς
3453 4686 3516 4739 τὸ
3539 4687 3712 4756 στόμα

2143 4798 2267 4850 μου.
2304 4801 2323 4833 ι
2359 4781 2588 4850 Ἕτερος
2625 4781 2684 4834 δέ
2725 4799 2811 4844 τις
2846 4780 2958 4833 τῶν
3014 4778 3310 4851 προφητῶν
3348 4778 3480 4849 ἔφη·
3512 4799 3531 4831 ι
3578 4780 3722 4833 Ἰδοὺ

2141 4871 2397 4941 βασιλεὺς
2418 4872 2625 4934 δίκαιος
2659 4869 2989 4941 βασιλεύσει,
3013 4870 3108 4930 καῗι
3137 4871 3396 4947 ἄρχοντες
3427 4870 3567 4941 μετὰ
3593 4870 3735 4941 κρί-¹

2139 4979 2279 5026 σεως
2317 4962 2562 5034 ἄρξουσι,
2594 4963 2689 5017 καὶ
2731 4961 2883 5017 ἔσται
2920 4965 2948 5017 ὁ
2980 4960 3268 5033 ἄνθρωπος
3292 4960 3551 5033 κρύπτων
3585 4961 3737 5035 τοὺς.

2137 5053 2328 5123 λόγους
2360 5055 2547 5109 αὐτοῦ.
2589 5073 2611 5108 ι

2210 5144 2419 5209 Ὅστις
2457 5143 2568 5213 γὰρ
2606 5143 2755 5214 ἔχει,
2796 5143 3119 5211 δοθήσεται
3148 5143 3329 5209 αὐτῷ,
3368 5144 3468 5197 καί
3506 5158 3712 5211 περισ-

2137 5233 2502 5299 σευθήσεται
2522 5249 2536 5262 '
2565 5234 2735 5302 ὅστις
2762 5233 2833 5289 δὲ
2853 5236 2965 5289 οὐκ
2993 5234 3142 5304 ἔχει,
3182 5233 3282 5288 καί
3315 5233 3347 5287 ὃ
3372 5234 3498 5303 ἔχει
3535 5234 3713 5302 ἀρθή-

2138 5342 2308 5379 σεται
2331 5326 2431 5379 dx‘
2455 5326 2668 5382 αὑτοῦ.

2208 5417 2335 5482 Τοῖς
2362 5417 2660 5488 εὐμαθέσιν
2686 5418 3017 5490 ἀνθρώποις,
3042 5419 3137 5473 καὶ
3154 5418 3335 5482 καλῶς
3355 5415 3603 5487 διακειμέ
3615 5432 3715 5478 ,οις

2137 5508 2274 5579 πρὸς
2329 5510 2645 5581 παραδοχὴν
2698 5510 2859 5566 θείων
2918 5512 3127 5581 λόγων,
3176 5511 3610 5581 ἐνοικισθήσεται
3652 5508 3716 5561 τὸ

2140 5598 2361 5672 Πνεῦμα
2399 5601 2458 5655 τὸ
2482 5601 2656 5670 ἅγιον,
2693 5599 2923 5667 αὑξάνον
2965 5604 3023 5657 ἐν
3056 5601 3241 5665 αὐτοῖς
3277 5601 3345 5654 τὰ
3378 5599 3721 5672 χαρίσματα..
