4134 6374
357 403 464 459 “3
1516 407 1874 464 COMMENT.

2027 408 2470 470 ΜᾹΤΤΙΙιΕυΜ.
3500 410 3607 466 Ml

350 523 479 584 Τοῖς
523 520 580 573 δέ
615 518 885 592 σπινθῆρα
935 520 1111 590 eme;
1167 522 1544 593 κεκτημένοις,
1591 523 1685 575 καὶ
1729 521 1919 575 τούτου

2035 524 2327 578 scintillam
2351 526 2488 580 lucis
2505 526 2717 581 unicam
2746 526 3059 591 habuerint,
3093 534 3148 581 et
3171 526 3340 595 ipsam
3367 525 3607 579 excitare

354 612 685 680 ἀμελήσασι,
721 612 1079 683 σϐεσθήσεται
1112 614 1328 677 πάντως
1358 616 1452 667 καὶ
1490 613 1792 685 ἀρθήσεται
1823 614 1919 666 ἀπ’

2030 615 2386 683 neglexerint,
2424 616 2476 670 in
2510 616 2612 671 illis
2662 627 2719 671 et
2772 618 2884 686 ipsa
2917 616 3287 687 exstinguetur
3342 629 3602 684 prOI‘Sns,

354 701 534 755 αὐτῶν
567 703 662 755 καὶ
690 702 753 755 τὸ
800 704 1161 775 σμικρότατον
1190 705 1218 757 δ
1250 707 1513 777 πρότερον
1554 703 1717 775 εἶχον.
1753 704 1919 757 Τοῦτο

2023 705 2345 775 tolleturque
2370 707 2438 761 ab
2476 707 2558 762 eis
2592 706 2723 762 illud
2756 709 2929 777 ipsum
2972 707 3251 762 minimum
3274 706 3415 775 quod
3455 706 3605 774 prius

353 792 409 846 δὲ
450 794 696 848 Ἰουδαῖοι
741 794 1043 850 πεπόνθασι
1071 796 1326 861 λαϐόντες
1375 796 1489 866 φῶς
1518 797 1582 849 ἐκ
1606 796 1699 849 τοῦ
1727 796 1919 866 νόμου,

2023 796 2343 853 habuerant.
2373 798 2481 870 42
2506 799 2563 855 Id
2585 798 2781 855 Judacis
2807 801 3053 871 contigit.
3088 800 3152 853 lli
3174 800 3317 853 enim
3350 814 3474 853 cum
3511 798 3588 852 lu-

353 883 449 938 καὶ
492 885 1062 952 πολυπλασιάσαντες·
1102 888 1237 943 ἀλλά
1269 889 1363 942 καὶ
1402 889 1502 959 τῆς
1530 887 1790 957 ἀληθείας
1831 887 1919 941 ἐλ-

2023 901 2139 942 cem
2162 888 2295 959 legis
2323 892 2686 960 accepissent,
2712 908 2813 947 nec
2833 907 2952 946 eam
2973 894 3114 946 bono
3139 891 3310 961 ipsins
3334 905 3433 943 usu
3464 889 3603 943 mut-

353 975 551 1045 θούσης
576 978 1079 1051 ἀμϐλυωπήσαντες
1108 982 1245 1052 πρὸς
1283 980 1473 1052 αὐτὴν,
1502 981 1860 1053 ἀφῃρέθησαν
1891 980 1922 1035 ὃ

353 1066 670 1138 ἐκέκτηντο.
715 1068 875 1140 Ὑμῖν
906 1074 1018 1136 τοῖς
1057 1072 1422 1138 πιστεύσασι,
1467 1074 1654 1144 φησὶν,
1695 1074 1853 1145 ἐδόθη
1888 1075 1922 1145 ή

353 1156 515 1227 χάρις
533 1173 550 1189 ·
582 1161 695 1222 τοῖς
725 1160 783 1213 δὲ
822 1160 1027 1226 λοιποῖς
1052 1163 1301 1234 οὐδαμῶς
1323 1180 1337 1195 ο
1367 1165 1471 1219 κᾶν
1499 1165 1664 1235 ἔχωσί
1702 1183 1758 1219 τι
1785 1165 1922 1235 φῶς,

354 1246 713 1318 σδεσθήσεται
741 1249 947 1316 αὐτοῖς,
974 1251 1063 1305 διὰ
1098 1252 1161 1306 τὸ
1198 1253 1495 1322 κεκτῆσθαι
1527 1254 1646 1325 μὲν,
1686 1254 1761 1325 μὴ
1798 1256 1921 1307 ἐπι-

355 1339 635 1429 μελεῖσθαι
668 1340 725 1395 δὲ
771 1341 1032 1396 αύτοῦ.⁹0
1056 1345 1166 1429 γὰρ
1197 1344 1327 1408 Θεὸς
1359 1345 1565 1410 δίκαιος
1584 1345 1681 1411 ὢν,
1708 1345 1922 1408 δικαίας

352 1428 447 1480 καὶ
478 1428 580 1493 τὰς
609 1430 911 1497 ἀντιδόσεις
958 1436 1210 1490 ποιεῖται.

2031 977 2396 1047 tiplicassent,
2448 981 2691 1050 quinimo
2716 984 2781 1036 ad
2805 983 3141 1037 oborientem
3182 981 3323 1036 ultro
3351 981 3604 1047 ingeren-

2032 1077 2246 1139 temque
2279 1085 2342 1126 se
2394 1072 2678 1127 veritatem
2731 1073 3038 1130 voluntarie
3078 1073 3446 1135 cmentientes,
3488 1072 3603 1125 suis

2026 1175 2087 1216 se
2117 1162 2352 1217 tenebris
2377 1163 2749 1231 involvissent,
2807 1165 2895 1219 illa
2931 1165 3042 1233 ipsa
3070 1179 3233 1233 quam
3276 1164 3427 1233 prius
3455 1162 3600 1217 obti-

2025 1254 2247 1321 nebant,
2274 1255 2469 1327 exigua
2500 1255 2623 1313 luce
2655 1257 2850 1328 privati
2897 1264 3044 1311 sunt.
3089 1253 3254 1312 Vobis
3278 1262 3480 1319 autem,
3522 1253 3605 1305 in-

2022 1345 2162 1413 quit,
2196 1346 2288 1414 qui
2316 1348 2644 1413 credidistis,
2677 1349 2803 1404 data
2852 1356 2936 1405 est
2966 1347 3139 1419 gratia
3176 1365 3192 1403 :
3223 1345 3455 1409 caeteris,
3493 1358 3599 1397 non

2024 1435 2198 1503 item;
2235 1437 2329 1491 sed
2358 1448 2413 1493 et
2445 1440 2489 1494 si
2525 1440 2660 1496 lucis
2710 1440 2997 1511 quemdam
3050 1438 3259 1493 radium
3292 1435 3602 1499 habuerint,

349 1525 727 1597 exstinguetur
757 1529 911 1599 ipsis,
937 1532 1089 1601 'quod
1110 1534 1438 1604 possessioni
1478 1549 1636 1589 usum
1692 1533 1984 1604 adjungere
2022 1548 2128 1589 non
2193 1536 2525 1591 curaverint.
2574 1534 2761 1593 Justus
2808 1535 2955 1593 enim
3019 1535 3162 1591 Deus
3222 1532 3369 1602 juste
3408 1532 3605 1601 cuique

350 1624 492 1688 quod
522 1632 758 1678 meretur
785 1625 981 1681 reddit.

420 1717 495 1771 Τὸ
523 1719 719 1784 εἰπεῖν,
761 1738 781 1774 ι
820 1722 1044 1795 Μήποτε
1096 1725 1410 1795 ἐπιστρέψω
1439 1727 1534 1780 καὶ
1578 1726 1803 1798 ἰάσομαι
1845 1723 1924 1794 (1)

2132 1722 2258 1778 llaec
2318 1725 2525 1790 verba,
2578 1742 2601 1777 ι
2646 1724 2725 1779 Ne
2792 1723 2936 1780 forte
3007 1730 3321 1780 convertam
3380 1730 3437 1777 et
3499 1730 3599 1774 sa‘

351 1802 567 1877 αὐτοὺς,
608 1830 627 1864 ι
671 1813 1071 1886 ἐπιτεταμένην
1104 1818 1356 1889 ἐμφαίνει
1390 1817 1751 1891 δυστροπίανο
1784 1816 1919 1887 πλὴν

2028 1829 2151 1870 nem
2212 1829 2395 1883 eos,»
2450 1816 2716 1872 intensam
2786 1816 3095 1889 signiﬁcant
3151 1813 3601 1886 perversitatem;

350 1904 445 1955 xu“.
497 1904 882 1975 ἐπισπωμένου
940 1906 1092 1960 ἐστὶν
1138 1909 1232 1962 καὶ
1280 1908 1646 1981 ἐρεθίζοντος·
1685 1908 1923 1963 δείκνυσι

350 1993 461 2063 γὰρ
484 1994 567 2047 ὅτι
594 1994 690 2050 ἐὰν
716 1996 1131 2067 ἐπιστρέψωσιν,
1174 2000 1320 2054 ἰᾶται
1349 2001 1545 2064 αὐτούς
1567 2018 1580 2031 ⁸
1612 2000 1700 2053 διὰ
1718 2000 1826 2071 γάρ
1863 2001 1925 2054 τὸ

350 2084 592 2153 σωθῆναι
620 2088 837 2153 αὐτοὺς,
869 2089 1040 2154 οὓτως
1068 2090 1236 2146 λαλεῖ.
1274 2093 1425 2146 Ἐπεὶ
1457 2093 1561 2146 ἔδει
1600 2092 1761 2146 αὑτὸν
1788 2092 1925 2156 ὅλως

351 2178 519 2247 μηδὲν
545 2179 795 2251 λαλῆσαι.
831 2181 968 2237 ἀλλὰ
998 2186 1207 2256 σιωπᾷν
1234 2201 1246 2214 ·
1288 2184 1428 2257 πλὴν
1456 2186 1517 2239 ού
1554 2184 1642 2240 διὰ
1663 2186 1762 2259 τὴν
1788 2186 1925 2240 ἰδίαν

347 2268 527 2335 δόξαν,
560 2270 696 2327 ἀλλά
741 2272 830 2327 διά
868 2275 968 2345 τὴν
1001 2276 1179 2329 αὐτῶν
1221 2277 1495 2349 σωτηρίαν
1525 2280 1703 2333 πάντα
1756 2282 1920 2333 ποιεῖ.

417 2450 727 2524 Μακαρίζει
746 2449 839 2507 οὖν
861 2453 1078 2519 αὐτοὺς,
1113 2454 1190 2520 ὡς
1216 2457 1522 2527 ἀκηκοότας
1544 2457 1646 2528 τῆς
1666 2456 1762 2511 τοῦ
1791 2456 1921 2511 Υἰοῦ

346 2546 551 2615 φωνῆς,
582 2545 677 2599 καὶ
705 2545 1036 2612 ἀξιωθέντας
1063 2548 1161 2618 τῆς
1185 2549 1350 2603 αὐτοῦ
1385 2550 1533 2617 θέας,
1556 2550 1623 2603 δι’
1648 2545 1709 2605 οὗ
1745 2550 1839 2604 καὶ
1864 2552 1922 2605 ἐν

347 2629 393 2702 ᾧ
432 2636 530 2706 τὴν
571 2637 666 2693 τοῦ
706 2638 919 2710 Πατρὺς
969 2639 1065 2693 καὶ
1104 2639 1239 2693 Θεοῦ
1274 2640 1463 2713 ἐώρων
1501 2641 1662 2712 φύσιν
1690 2641 1920 2713 νοητῶς,

346 2720 423 2783 ὧν
450 2728 759 2801 ἠξιώθησαν
785 2730 861 2802 (2)
891 2732 941 2785 οἰ
982 2731 1152 2787 πάλαι
1190 2733 1360 2802 ἀγιοι,
1398 2735 1493 2788 καὶ
1539 2735 1921 2807 πληρεστάτην

349 2823 508 2896 ἔσχον
537 2824 635 2897 τήν
666 2825 753 2879 ἐπ’
781 2825 1009 2895 ἀγαθοῖς
1040 2826 1331 2897 θυμηδίαν.

422 3002 651 3070 Ἄλλην
671 3002 1025 3072 παραϐολὴν
1044 3002 1353 3070 ἐλάλησεν
1374 3001 1598 3070 αὐτοῖς.

416 3094 510 3165 Μὴ
544 3093 831 3195 θαυμάσης
855 3093 915 3148 δὲ
954 3096 1002 3148 εἰ
1034 3094 1163 3165 περί
1201 3094 1480 3165 βασιλείας
1512 3094 1915 3166 διαλεγόμενος,
1944 3138 1986 3195 c

346 3182 553 3239 κόκκου
603 3185 701 3239 καὶ
735 3184 914 3257 ζύμης
956 3185 1205 3257 ἐμνήσθη
1226 3200 1240 3216 ⁸
1270 3186 1579 3257 ἀνθρώποις
1605 3186 1715 3258 γὰρ
1748 3186 1917 3241 διελέ-

344 3293 477 3345 γετο
508 3276 759 3348 ἀπείροις
797 3279 893 3331 καὶ
930 3277 1189 3344 ἰδιώταις,
1212 3278 1309 3333 καὶ
1345 3278 1623 3348 δεομένοις
1644 3279 1755 3333 ἀπὸ
1792 3278 1919 3333 τού-

341 3383 455 3423 των
514 3367 841 3437 ἐνάγεσθαι·
881 3368 1024 3423 οὕτω
1072 3369 1181 3441 γὰρ
1216 3366 1359 3441 ἦσαν
1410 3370 1654 3440 ἀφελεῖς,
1700 3370 1778 3435 ὡς
1823 3371 1919 3425 καὶ

348 3459 491 3531 μετά
511 3459 686 3513 ταῦτα
711 3460 889 3515 πάντα
919 3460 1173 3532 δεηθῆναι
1200 3461 1497 3533 ἑρμηνείας
1518 3461 1741 3533 πολλῆς.

417 3551 524 3604 Καὶ
561 3550 869 3614 βαλοῦσιν
895 3552 1132 3620 ζαὺτοὺς
1190 3554 1277 3619 εἰς
1334 3550 1451 3621 τὴν
1508 3551 1761 3622 κάμινον
1810 3554 1917 3609 τοῦ

343 3642 551 3710 πυρός.
570 3640 732 3695 Ἐκεῖ
744 3641 916 3697 ἔσται
941 3645 974 3697 ό
1000 3643 1307 3713 κλαυθμὸς
1324 3643 1425 3698 καί
1454 3646 1488 3698 d
1504 3644 1778 3715 βρυγμὸς
1800 3644 1920 3700 τῶν

346 3732 629 3788 ὀδόντων.

417 3823 540 3877 Ὅτι
566 3823 623 3877 δέ
653 3823 1001 3894 οἰκουμενική
1022 3822 1247 3891 γέγονεν
1272 3824 1305 3893 ή
1334 3822 1422 3876 διά
1443 3824 1678 3895 Χριστοῦ
1704 3823 1921 3895 κλῆσις,

343 3914 506 3979 αὐτὸς
531 3915 859 3968 πιστώσεται
883 3913 1056 3983 λέγων
1082 3915 1327 3986 ἐναργῶς
1346 3931 1360 3944 θ
1390 3916 1471 3969 ὄτι
1498 3916 1607 3968 τῶν
1631 3915 1918 3986 εὐαγγελι-

343 4005 455 4059 κῶν
487 4006 857 4077 κηρυγμάτων
883 4005 944 4058 τὸ
971 4004 1112 4059 λῖνον
1142 4006 1207 4059 ἐκ
1227 4006 1429 4070 παντὸς
1463 4008 1680 4076 συνάγει
1703 4009 1911 4077 γένους.

340 4100 452 4152 Καὶ
485 4098 673 4169 ὥσπερ
704 4099 754 4152 οί
796 4098 893 4167 τῆς
928 4097 1038 4151 τῶν
1084 4097 1282 4169 ἰχθύων
1321 4098 1496 4171 θήρας
1526 4102 1909 4173 ἐπιστήμονες,

342 4190 439 4243 καὶ
478 4189 940 4263 θαλασσουργικδν
962 4189 1177 4261 ἔχοντες
1223 4192 1577 4263 ἐπιτήδευμα,
1619 4194 1821 4263 χαλῶσι
1852 4196 1915 4250 τὸ

342 4278 484 4334 λῖνον
512 4281 574 4336 ού
603 4280 987 4351 διακρίνοντες,
1013 4281 1128 4336 ἀλλ’
1152 4282 1289 4353 ὅπερ
1334 4283 1393 4335 ἐν
1433 4286 1544 4348 τοῖς
1584 4284 1799 4356 βρόχοις
1827 4289 1917 4341 ἐν·

340 4373 650 4446 αποληφθῇ,
674 4373 834 4428 τοῦτο
853 4373 1030 4445 πάντη
1056 4375 1151 4428 καὶ
1181 4376 1398 4439 πάντως
1416 4376 1662 4432 ἕλκουσιν
1684 4382 1765 4443 εἰς
1786 4380 1912 4450 γῆν·

2028 1914 2157 1960 sunt
2188 1914 2366 1960 tamen
2412 1904 2705 1960 allicientis
2742 1915 2797 1961 et
2839 1905 3160 1962 excitantis.
3215 1902 3398 1959 lnnuit
3430 1902 3599 1965 enim,

2027 1996 2074 2050 si
2109 1995 2268 2051 modo
2297 1997 2547 2051 conversi
2590 1997 2815 2062 ruerint,
2847 2012 2908 2051 se
2945 1996 3064 2052 illos
3108 2004 3456 2060 sanaturum;
3504 2009 3601 2048 ne-

2027 2100 2134 2155 que
2175 2088 2293 2141 haec
2332 2086 2465 2143 dicit
2505 2087 2608 2143 nisi
2652 2100 2871 2158 propter
2907 2088 3119 2144 illorum
3164 2087 3393 2143 salutem
3421 2103 3436 2141 :
3463 2085 3598 2139 alio-

2026 2176 2187 2245 quin,
2241 2176 2375 2232 nihil
2422 2178 2648 2234 omnino
2703 2178 2880 2249 ipsum
2927 2179 3110 2234 dicere
3156 2178 3434 2248 Oportuit,
3502 2176 3599 2231 sed

2029 2276 2241 2336 tacere;
2271 2284 2460 2325 verum
2510 2284 2618 2325 non
2659 2278 2875 2342 prepter
2902 2271 3172 2341 propriam
3202 2267 3465 2341 gloriam,
3503 2269 3599 2322 sed

2024 2373 2249 2434 propter
2278 2364 2497 2421 illorum
2525 2364 2754 2421 salutem
2782 2363 2966 2419 omnia
2998 2363 3132 2431 agit.

2097 2455 2290 2511 Beatos
2320 2455 2436 2511 illos
2474 2455 2754 2524 praedicat,
2797 2462 2857 2510 ut
2884 2453 2979 2524 qui
3013 2452 3205 2507 audire
3248 2465 3434 2507 vocem
3472 2448 3597 2505 Filii

2023 2557 2080 2603 et
2116 2546 2235 2617 ejus
2262 2548 2477 2603 visione
2517 2546 2624 2601 l'rni
2671 2546 2818 2615 digni
2849 2544 3018 2601 habiti
3058 2544 3187 2608 sint,
3222 2558 3317 2613 per
3348 2558 3510 2613 quem
3540 2550 3600 2595 et

2024 2640 2079 2696 in
2109 2656 2216 2710 quo
2247 2639 2339 2695 Dei
2365 2638 2545 2694 Patris
2572 2647 2821 2694 naturam
2867 2637 3122 2693 videbant
3153 2634 3599 2705 intelligihititer;

2022 2733 2165 2803 quod
2212 2733 2418 2787 sanctis
2468 2731 2670 2787 veteris
2720 2728 3058 2786 Testamenti
3114 2743 3437 2785 concessum
3490 2742 3597 2781 non

2022 2823 2145 2889 fuit,
2188 2823 2290 2878 etsi
2334 2822 2704 2893 plenissimam
2748 2838 2779 2877 a
2813 2822 3075 2878 honorum
3117 2819 3459 2891 possessione
3504 2818 3599 2873 ha-

2022 2914 2239 2970 buerint
2274 2913 2539 2969 lmtitiam.

2090 3006 2200 3079 43
2232 3006 2368 3071 Xlll,
2396 3006 2489 3063 '53.
2518 3006 2695 3065 Aliam
2743 3005 3055 3073 parabolam
3082 3004 3289 3058 locutus
3317 3013 3393 3058 est
3435 3002 3534 3056 eis.
3596 3038 3599 3041 -

2090 3095 2171 3151 Ne
2204 3097 2418 3152 mireris
2449 3105 2650 3162 autem,
2689 3096 2734 3152 si
2765 3097 2831 3150 de
2873 3110 3039 3165 regno
3072 3094 3363 3159 disserens,
3396 3091 3601 3161 sinapis

2023 3199 2079 3243 et
2111 3188 2362 3245 fermenti
2383 3190 2656 3255 meminit;
2684 3188 2931 3243 homines
2948 3186 3091 3241 enim
3124 3183 3419 3254 alloquitur
3445 3183 3597 3251 igna-

2026 3295 2115 3334 ros
2136 3289 2191 3334 et
2220 3279 2440 3346 idiotas,
2466 3278 2667 3349 quique
2690 3278 2776 3333 his
2799 3276 2919 3332 duci
2974 3274 3207 3330 debeant
3242 3292 3257 3330 :
3288 3274 3422 3328 adeo
3446 3271 3595 3326 enini

2022 3381 2179 3428 erant
2226 3372 2520 3441 simplices,
2548 3380 2608 3427 ut
2637 3381 2759 3441 post
2812 3371 2927 3425 hzec
2976 3368 3178 3435 omnia,
3209 3379 3401 3437 magna
3432 3362 3599 3420 etiam

2022 3464 2327 3531 indigerent
2354 3464 2829 3533 interpretatione.

2095 3555 2234 3611 XIII.
2266 3556 2355 3613 50.
2389 3555 2457 3610 Et
2487 3557 2687 3610 mittent
2714 3571 2801 3609 eos
2828 3553 2882 3609 in
2906 3551 3174 3607 caminum
3202 3548 3372 3621 ignis;
3397 3545 3470 3602 ibi
3495 3545 3597 3601 erit

2020 3652 2170 3721 ﬂetus
2201 3660 2253 3705 et
2281 3651 2477 3706 stridor
2502 3647 2764 3702 dentium.

2092 3824 2466 3885 Universalem
2499 3823 2667 3878 fuisse
2693 3819 2899 3877 Christi
2928 3819 3301 3884 vocationem,
3335 3816 3449 3887 ipse
3478 3829 3597 3871 cre-

2020 3922 2167 3976 ditur
2194 3932 2450 3988 expresse
2481 3915 2684 3970 dixisse
2721 3929 2735 3966 :
2772 3911 2899 3983 quia
2933 3909 3367 3980 evangelicarum
3400 3908 3596 3978 praedi-

2022 4011 2294 4067 cationum
2321 4017 2433 4063 rete
2455 4023 2523 4063 ex
2545 4005 2692 4061 omni
2715 4018 2913 4073 genere
2937 4001 3160 4071 colligit.
3183 4000 3253 4055 Et
3277 4009 3335 4054 ut
3358 4008 3597 4069 captura:

2022 4100 2250 4170 piscium
2280 4098 2457 4168 gnari,
2488 4112 2552 4151 ac
2582 4094 2794 4149 marino
2821 4093 2973 4162 Operi
3007 4091 3223 4155 intenti,
3255 4106 3360 4144 non
3392 4090 3595 4144 discer-

2021 4211 2213 4255 nentes
2254 4207 2367 4252 rete
2403 4194 2607 4258 laxant,
2649 4191 2744 4245 sed
2782 4188 3043 4258 quidquid
3084 4186 3290 4253 laqueis
3326 4184 3595 4238 irretitmn

2019 4298 2126 4349 est.
2157 4288 2258 4343 hoc
2280 4280 2746 4340 indiscriminatim
2763 4286 2817 4333 et
2832 4278 3051 4332 omnino
3074 4276 3127 4330 in
3158 4284 3357 4329 terram
3392 4282 3593 4342 pertra,

2019 4382 2154 4436 hunt
2185 4398 2199 4434 :
2234 4380 2304 4432 ita
2328 4391 2541 4447 quoque
2574 4375 2745 4428 virtus
2782 4368 3201 4441 praedicationis,
3234 4374 3289 4420 et
3330 4363 3593 4419 mirabilis

340 4464 483 4519 οὕτω
526 4466 622 4520 καὶ
661 4467 694 4536 ή
732 4465 1020 4539 θαυμαστή
1069 4467 1164 4521 καὶ
1212 4466 1551 4533 πολύπλοκος
1593 4469 1704 4525 τῶν
1752 4472 1915 4543 ἰερῶν

2023 4482 2073 4528 et
2108 4470 2395 4527 multifaria
2438 4480 2718 4523 sacrorum
2766 4464 3076 4533 dogmatum
3122 4459 3391 4523 doctrina,
3428 4472 3592 4526 quam

343 4557 679 4628 μαθημάτων
708 4557 1042 4621 διδασκαλία,
1068 4558 1135 4630 ήν
1163 4559 1213 4612 οἰ
1232 4559 1385 4613 καλοὶ
1413 4560 1655 4616 ἀλιευταὶ
1679 4564 1912 4618 ἀπόστο-

340 4647 420 4701 λοι
470 4647 722 4714 έπλεξαν,
760 4649 826 4701 ἐκ
863 4648 1061 4710 παντὸς
1105 4649 1251 4702 ἐλκει
1302 4650 1513 4717 γένους,
1548 4654 1645 4706 καὶ
1690 4654 1914 4724 συνάγει

338 4740 475 4812 πρὸς
502 4739 667 4794 Θεόν·
702 4741 925 4810 συνάγει
952 4740 1010 4794 δὲ
1040 4740 1201 4811 μέχρι
1232 4742 1446 4807 καιροῦ,
1477 4742 1535 4807 ὃς
1567 4743 1914 4818 πληρωθήσε-

2020 4565 2145 4622 boui
2171 4564 2469 4633 piscatores
2494 4557 2720 4628 apostoli
2756 4560 3175 4617 contexuerunt,
3212 4566 3279 4606 ex
3313 4550 3459 4604 omni
3502 4563 3594 4617 ge-

2020 4672 2151 4713 nere
2168 4653 2410 4717 attrahit,
2426 4662 2477 4707 et
2489 4651 2692 4720 colligit
2708 4650 2773 4703 ad
2793 4648 2983 4703 Deum.
3002 4644 3214 4714 Colligit
3230 4651 3406 4697 autem
3423 4656 3593 4710 usque

2013 4753 2083 4813 ad
2122 4760 2332 4819 tempus
2365 4746 2507 4817 quod
2549 4743 2859 4814 implebitnr
2894 4750 3134 4807 tempore
3170 4734 3591 4791 consummatio-

338 4850 427 4887 ται
466 4831 607 4886 κατά
649 4837 741 4887 τὸν
788 4830 977 4901 καιρὸν
1027 4831 1127 4901 τῆς
1176 4832 1500 4898 συντελείας,
1532 4835 1653 4889 καθ’
1685 4837 1759 4889 δντ
1785 4839 1913 4904 τοὺς

2023 4843 2118 4905 uis,
2138 4840 2350 4911 quando
2371 4847 2556 4908 captos
2572 4852 2789 4905 sagena,
2840 4850 2872 4890 e
2902 4836 3007 4888 vita
3032 4834 3379 4888 extrahentes
3412 4829 3585 4898 angeli

341 4922 789 4995 σαγηνευθέντας,
830 4922 986 4986 ἐκτὸς
1030 4922 1125 4977 τοῦ
1171 4923 1288 4993 βίου
1336 4924 1680 4992 ἑλκύσαντες,
1720 4932 1770 4983 οἰ
1816 4933 1912 4987 ἐπὶ

2023 4939 2079 4993 ad
2115 4938 2216 4991 hoc
2239 4948 2270 4987 a
2308 4933 2417 4987 Deo
2439 4928 2693 4995 ordinati,
2734 4930 2972 4982 omnium
2998 4923 3591 4981 institueutdiseretio-

335 5017 511 5085 τούτῳ
558 5016 882 5086 τεταγμένοι
924 5014 1145 5083 ἄγγελοι
1186 5015 1280 5069 τοῦ
1327 5016 1495 5084 Θεοῦ,
1548 5020 1645 5092 τὴν
1693 5025 1911 5081 πάντων

2022 5045 2166 5092 nem,
2188 5033 2505 5094 separantes
2536 5022 2704 5076 malos
2734 5022 2800 5076 de
2830 5020 3007 5076 medio
3031 5017 3328 5088 justorum.

335 5108 605 5179 διάκρισιν
639 5112 975 5180 ποιήσονται,
1013 5107 1364 5179 ἀφορίζοντες
1392 5113 1517 5177 τοὺς
1543 5119 1810 5188 πονηροὺς
1840 5122 1905 5175 ἐκ
1946 5122 2111 5194 μέσου
2138 5120 2248 5174 τῶν
2272 5118 2518 5172 δικαίων.

424 5202 486 5255 '0
516 5201 585 5255 δὲ
618 5199 788 5257 εἶπεν
836 5201 1073 5268 αὐτοῖς’
1123 5205 1227 5257 Διά
1264 5203 1439 5258 τοῦτο
1485 5205 1604 5274 πᾶς
1647 5227 1911 5281 γραμμα.

336 5293 476 5360 τεὺς
519 5297 907 5364 μαθητευθεὶς
961 5298 1048 5361 εἰς
1092 5298 1419 5361 ,ϐασιλείαν
1458 5300 1576 5353 τῶν
1620 5303 1909 5370 οἰῬανῶν,

336 5386 536 5454 ὅμοιός
558 5387 727 5441 ἐστιν
749 5388 1035 5456 ἀνθρώπῳ
1062 5388 1479 5457 οἰκοδεσπότῃ,
1510 5391 1678 5457 ὅστις
1699 5394 1911 5449 ἐκϐάλ-

336 5482 429 5530 λει
465 5479 534 5533 ἐκ
568 5480 676 5534 τοῦ
707 5480 1013 5549 θησαυροῦ
1043 5482 1228 5535 αὐτοῦ
1256 5484 1430 5537 καινὰ
1463 5483 1562 5537 καί
1599 5484 1847 5539 παλαιά.

404 5572 767 5643 Γραμματεύς
811 5576 957 5626 ἐστιν
982 5574 1010 5624 ὁ
1036 5574 1122 5627 διά
1149 5575 1247 5643 τῆς
1271 5576 1530 5645 ἐπιμόνου
1555 5575 1912 5643 ἀναγνώσεως

336 5663 441 5716 τῶν
458 5665 709 5736 Γραφῶν,
734 5665 830 5736 τῆς
855 5683 914 5717 τε
945 5666 1184 5730 Παλαιάς
1216 5669 1307 5719 καὶ
1324 5669 1422 5739 τῆς
1453 5668 1902 5740 Νέας,Θησαυρὸν

406 5843 477 5917 (1)
508 5842 656 5913 ch.,
683 5858 801 5898 cum
821 5842 883 5897 Ν.
908 5844 965 5895 Τ.
993 5844 1110 5910 GL,
1131 5845 1495 5918 ἐπιστρὲοᾷωσι
1522 5849 1610 5901 καὶ
1650 5848 1901 5917 iiIi-vitaz.

2089 5215 2199 5287 M
2215 5213 2349 5276 Xlll.
2366 5213 2455 5267 52.
2476 5210 2577 5265 Hic
2603 5219 2778 5263 autem
2808 5208 2939 5260 dixit
2955 5206 3025 5259 eis
3044 5221 3062 5259 :
3080 5204 3210 5259 Ideo
3236 5202 3401 5255 omnis
3418 5200 3589 5254 scriba

2019 5309 2201 5361 doctus
2234 5307 2288 5360 in
2316 5320 2471 5375 regno
2502 5307 2749 5357 calorum
2770 5343 2784 5365 ,
2817 5298 3007 5352 similis
3036 5308 3109 5351 est
3139 5295 3335 5350 homini
3362 5293 3588 5363 patrifa-

2020 5399 2217 5463 milias,
2245 5398 2336 5465 qui
2364 5396 2563 5466 profert
2589 5395 2653 5449 de
2684 5392 2931 5446 thesauro
2962 5406 3058 5444 suo
3087 5404 3217 5443 nova
3245 5396 3293 5441 et
3324 5395 3515 5439 cetera.

2089 5573 2277 5630 Scriba
2303 5584 2404 5638 est,
2429 5572 2517 5642 qui
2548 5587 2640 5639 per
2664 5577 3003 5625 constantem
3032 5565 3315 5621 lectionem
3346 5540 3591 5633 Scriptus

2015 5682 2195 5722 rarum
2239 5664 2369 5721 Novi
2411 5674 2464 5720 et
2499 5664 2711 5719 Veteris
2742 5658 3100 5727 Testamenti,
3140 5658 3448 5715 thesaurum
3486 5675 3583 5711 cn-

2084 5847 2163 5915 (2)
2194 5846 2331 5915 Lego
2366 5840 2437 5900 ὧν
2465 5847 2556 5901 υῦκ
2596 5843 2801 5913 ἠξιώθη
2833 5852 2883 5899 ct
2923 5857 3045 5899 mox
3073 5842 3117 5894 εἰ
3150 5838 3237 5895 καὶ
3274 5840 3435 5907 alno.
