4134 6374
554 425 655 473 4H

1612 420 1668 476 S.
1705 417 1982 475 CYRILLI
2022 416 2491 472 ALEXANDRINI
2531 414 2850 472 ARCIIIEP.

3703 418 3808 476 420

558 546 624 597 ad
668 555 967 612 vesperam,
993 548 1053 596 ut
1084 539 1338 596 ostendat
1376 553 1480 595 non
1526 537 1685 593 facile
1724 538 1940 592 tmdimn
1988 536 2130 590 illius

2235 535 2490 607 ἑσπέρας,
2522 535 2609 587 ἴνα
2645 530 2796 603 δείξῃ
2831 532 2913 584 ὅτι
2952 531 3013 584 ού
3057 531 3163 604 χρὴ
3196 531 3475 605 ἀψικὸρως
3513 534 3656 605 ἔχειν
3684 540 3811 608 περὶ

559 650 660 688 nos
692 633 873 688 subire
932 633 1156 697 debere,
1183 632 1279 687 sed
1310 629 1732 698 exspectandum
1766 642 1905 693 esse,
1934 642 1998 681 ac
2022 626 2129 680 lon-

559 723 924 791 ganimitatem
944 722 1301 777 exhibendam
1327 738 1342 776 :
1374 721 1464 775 hic
1507 718 1920 790 quidem'igitnr
1946 732 2130 772 ascen-

559 815 658 876 dit,
687 811 869 881 ibique
899 812 1098 867 oravit.
1138 812 1393 881 Discipuli
1447 825 1578 865 vero
1615 810 1811 865 iterum
1854 808 2130 878 iactantur

557 902 812 958 ﬂuctibus
840 918 904 958 ac
930 903 1164 958 hiemem
1216 903 1363 958 velut
1400 911 1528 958 ante
1576 903 1862 965 sustinent,
1885 900 1980 955 sed
2005 909 2130 955 tunc

557 993 777 1060 quidem
804 1007 927 1048 cum
952 993 1126 1064 ipsum
1158 994 1421 1049 haberent
1457 992 1511 1048 in
1544 993 1688 1056 navi,
1714 992 1766 1046 id
1809 990 1953 1061 passi
1980 1000 2128 1054 sunt,

560 1099 704 1139 nunc
733 1098 920 1139 secum
971 1085 1300 1140 exsistentes
1331 1084 1469 1152 soli;
1497 1084 1726 1140 seorsim
1759 1084 1904 1139 enim
1942 1081 2130 1152 paula-

560 1175 657 1229 tim
683 1175 752 1230 ad
806 1175 1011 1246 maiora
1052 1190 1147 1232 eos
1200 1177 1448 1246 perducit
1494 1176 1809 1245 animatque
1860 1183 1922 1229 ut
1969 1188 2131 1244 gene-

562 1284 687 1325 roso
739 1269 921 1325 animo
968 1270 1149 1325 omnia
1212 1268 1454 1339 perferre
1517 1267 1752 1325 discant.
1817 1264 2128 1335 Propterea,

557 1378 681 1418 cum
712 1363 890 1432 primo
921 1362 1140 1432 quidem
1177 1360 1637 1431 periclitarentur,
1666 1357 1856 1412 aderat
1889 1355 2129 1427 quidem,

558 1453 655 1509 sed
708 1452 1030 1518 dormiebat,
1060 1452 1196 1508 adeo
1241 1460 1300 1506 ut
1344 1461 1566 1522 paratus
1613 1449 1837 1503 minime
1885 1454 2030 1503 esset
2063 1446 2130 1501 ad

559 1545 841 1600 ferendum
873 1545 983 1601 illis
1021 1543 1298 1598 solatium.
1336 1541 1489 1596 Nunc
1524 1555 1651 1596 vero
1690 1541 1758 1595 ad
1805 1540 2007 1608 majora
2035 1553 2131 1593 eos

560 1639 790 1700 ducens,
827 1650 896 1691 ne
954 1636 1056 1691 hoc
1112 1633 1329 1704 quidem
1388 1642 1630 1704 prastat,
1681 1632 1776 1688 sed
1806 1631 1937 1696 abit,
1979 1640 2033 1685 et
2077 1630 2129 1683 in

558 1728 736 1782 medio
762 1727 896 1780 mari
924 1726 1195 1795 permittit
1238 1725 1474 1780 hiemem
1527 1737 1843 1795 exsurgere,
1885 1731 1943 1776 ut
1992 1720 2132 1774 unde

2234 627 2425 690 αὐτοῦ,
2469 626 2584 679 ἀλλ’
2612 626 2926 695 ὑπομένειν,
2973 624 3071 679 καὶ⁵
3116 624 3493 695 μακροθυμίαν
3546 626 3808 681 ἐνδείκνυ-

2236 717 2360 770 σθαι
2395 717 2566 789 (1).ὐ
2596 716 2693 787 μέν
2726 712 2823 769 οὖν
2852 715 3140 769 ἀνέϐαινεν
3186 716 3384 781 ἐκεῖσε,
3428 716 3523 770 καὶ
3572 718 3812 788 προσηύ-

2235 821 2382 878 χετο’
2408 808 2459 860 οἱ
2486 808 2544 861 δὲ
2569 806 2810 878 μαθηταὶ
2834 806 3251 872 κλυδωνίζονται
3275 806 3440 860 πάλιν
3458 808 3551 861 καὶ
3566 810 3813 878 χειμῶνα

2238 898 2600 968 ὑπομένουσιν
2624 894 2735 951 οἷον
2762 899 2857 952 καὶ
2885 898 3171 968 πρότερον.
3191 898 3353 953 Ἀλλὰ
3380 899 3502 952 τότε
3531 899 3631 970 μὲν
3659 899 3813 971 ἔχον-

2234 1008 2325 1055 τες
2354 990 2516 1043 αὑτὸν
2542 991 2599 1044 ἐν
2626 989 2706 1061 τῷ
2732 989 2904 1061 πλοίῳ
2943 989 3104 1044 τοῦτο
3146 989 3411 1062 ἔπασχον,
3442 990 3559 1045 νυνί
3595 990 3652 1043 δέ
3677 992 3815 1045 καθ’

2236 1084 2461 1148 ἑαυτοὺς
2488 1084 2640 1148 ὄντες
2667 1084 2840 1155 μόνοι.
2860 1083 2971 1139 Καὶ
2989 1083 3099 1156 γὰρ
3121 1085 3306 1156 ἠρέμα
3332 1085 3425 1138 καὶ
3447 1083 3590 1139 κατὰ
3617 1083 3812 1155 μικρὸν

2236 1176 2328 1229 ἐπὶ
2357 1177 2424 1229 τὰ
2455 1175 2679 1247 μείζονα
2706 1177 2905 1240 αὐτοὺς
2934 1176 3148 1245 άνάγει,
3185 1177 3279 1229 καὶ
3309 1175 3595 1246 ἐμϐιϐάζει
3634 1176 3714 1239 εἰς
3751 1173 3813 1228 τὸ

2236 1268 2423 1340 φέρειν
2449 1269 2627 1323 πάντα
2658 1269 2920 1337 γενναίως
2940 1286 2955 1299 ο
2989 1268 3077 1323 διὰ
3108 1269 3173 1341 δὴ
3202 1269 3381 1335 τοῦτο,
3404 1270 3491 1322 ὅτε
3527 1267 3629 1339 μὲν
3658 1269 3811 1340 πρῶ-

2235 1376 2327 1412 τον
2356 1359 2688 1413 κινδυνεύειν
2719 1358 2964 1430 ἔμελλον,
2990 1358 3174 1431 παρῆν
3198 1359 3316 1429 μέν,
3347 1359 3606 1413 ἐκάθευδε
3637 1358 3714 1422 δέ,
3733 1358 3813 1420 ὡς

2240 1450 2316 1521 μὴ
2355 1450 2572 1522 ἕτοιμος
2611 1450 2796 1505 δοῦναι
2836 1451 2936 1524 τὴν
2979 1451 3332 1521 παραμυθίαν
3355 1452 3573 1515 αὐτοῖς·
3609 1452 3727 1505 νυνὶ
3752 1449 3811 1503 δὲ

2238 1544 2329 1596 ἐπὶ
2360 1540 2583 1613 μείζονα
2608 1543 2757 1612 ἄγων
2780 1543 2977 1606 αὐτοὺς
2998 1542 3296 1615 ὑπομονὴν,
3318 1543 3439 1597 οὐδὲ
3464 1542 3622 1596 τοῦτο
3639 1558 3652 1571 ·
3681 1541 3812 1597 ἀλλ’

2236 1635 2424 1689 ἄπεισι
2455 1633 2551 1687 καὶ
2584 1635 2642 1686 ἐν
2684 1633 2822 1705 μέσῃ
2862 1633 3101 1705 θαλάσσῃ
3132 1637 3406 1706 συγχωρεῖ
3435 1633 3525 1687 τὸν
3566 1633 3810 1704 χειμῶνα

2238 1725 2601 1797 διεγερθῆναι,
2633 1726 2775 1780 ὥστε
2820 1725 2968 1796 μηδέ
3000 1726 3367 1799 προσδοκῆσαί
3413 1726 3574 1779 ποθεν
3619 1725 3814 1780 ἐλπίδα

557 1832 708 1887 Spem
737 1817 929 1872 salutis
953 1825 1320 1886 expectarent,
1341 1814 1450 1886 5o
1468 1829 1573 1870 non
1598 1815 1894 1881 haberent;
1928 1826 1995 1867 ac
2021 1820 2132 1866 tota

2241 1816 2537 1887 σωτηρίας,
2569 1817 2665 1871 καὶ
2707 1817 2838 1887 ὃλην
2863 1817 2963 1889 τὴν
2991 1817 3161 1871 νύκτα
3202 1817 3426 1888 ἀφίησιν
3455 1818 3651 1881 αὐτοὺς
3682 1817 3811 1871 κλυ-

559 1920 717 1966 nocte
763 1925 859 1965 eos
892 1909 1087 1980 jactari
1112 1908 1264 1973 sinit,
1292 1916 1649 1972 excaecatum,
1673 1916 1733 1960 ut
1777 1920 1879 1976 ego
1914 1904 2129 1974 quidem

2235 1907 2569 1976 δωνίζεσθαι,
2599 1908 2883 1979 διεγείρων
2911 1908 3114 1975 αὐτῶν,
3141 1909 3216 1973 ὡς
3256 1904 3432 1979 οἶμαι,
3461 1894 3810 1979 πεπωρωμέ-

556 2001 816 2065 arbitror,
865 2014 1053 2055 eorum
1117 2013 1213 2055 cor
1279 1998 1649 2053 excitanswt
1700 2004 1851 2050 tanto
1917 1995 2128 2056 timore,

557 2108 718 2160 quem
749 2101 804 2145 et
842 2101 1054 2161 tempus
1105 2100 1158 2145 et
1209 2098 1501 2161 tempestas
1555 2088 1842 2150 faciebant,
1872 2085 2134 2155 perculsis

558 2182 731 2250 majus
768 2184 850 2239 sui
889 2183 1222 2239 desiderium
1268 2196 1333 2237 ac
1389 2181 1685 2236 ﬁrmiorem
1755 2188 1811 2234 et
1858 2178 2131 2233 assiduam

560 2279 877 2332 memoriam
931 2277 1306 2347 conciperent.
1356 2275 1481 2331 ldeo
1531 2289 1639 2331 non
1668 2273 1850 2329 statim
1904 2274 1984 2329 eis
2030 2270 2132 2327 ad-

558 2372 719 2426 stitit.

598 2512 601 2513 .
629 2459 767 2529 XIV,
806 2461 897 2515 9.7.
931 2459 1217 2529 Canﬁdite,
1242 2476 1335 2530 ego
1361 2476 1501 2515 sum.

630 2552 849 2616 Dicens,
887 2572 905 2604 ι
938 2551 1223 2619 Conﬁdite,
1266 2569 1284 2603 ι
1318 2550 1480 2606 ﬁdem
1503 2550 1701 2620 repetit
1726 2563 2001 2619 perquam
2026 2546 2134 2603 sal-

558 2652 720 2697 vatur
747 2643 1120 2711 uniusquisqne
1144 2642 1197 2695 in
1226 2641 1501 2697 Christum
1526 2641 1738 2695 sincere
1763 2638 2131 2702 credentium;

559 2735 763 2789 addens
807 2749 954 2800 vero,
1007 2752 1026 2784 ι
1058 2732 1166 2802 Ego
1218 2746 1360 2800 sum,
1396 2750 1415 2785 ι
1470 2746 1687 2786 omnem
1729 2732 1977 2784 timorem
2025 2728 2134 2783 sol-

558 2826 635 2880 vit
669 2843 683 2880 :
716 2825 826 2895 Ego
855 2825 1000 2880 enim
1020 2865 1036 2892 ,
1071 2824 1265 2893 inquit,
1288 2838 1430 2890 sum,
1458 2837 1559 2892 ego
1591 2823 1683 2893 qui
1707 2821 1886 2878 omnia
1914 2835 2131 2892 possunt

558 2916 760 2971 facere.

634 3007 737 3079 51
782 3006 899 3075 XV,
932 3008 988 3063 7.
1020 3006 1245 3061 Irrilum
1293 3006 1490 3076 fecistis
1535 3004 1843 3060 mandatum
1877 3002 1971 3057 Dei
2006 3019 2136 3073 pro-

556 3109 671 3169 pter
692 3100 1028 3153 traditionem
1072 3108 1320 3153 vestram.

656 3191 1019 3247 Accesserunt
1082 3191 1300 3260 quidam
1357 3187 1665 3244 Judzeorum
1710 3197 1769 3244 et
1811 3202 2135 3244 consecrare

558 3286 848 3339 voluerunt
894 3283 1109 3337 animas
1142 3297 1269 3337 suas
1302 3282 1431 3347 Deo,
1456 3292 1710 3351 tanquam
1735 3281 1788 3335 in
1819 3281 1988 3352 ﬁgura
2022 3280 2135 3350 qni-

560 3376 681 3429 dem
740 3370 1659 3435 adhucetiuumbra;secundum
1722 3369 1893 3440 legem
1952 3378 2132 3422 tamen

559 3464 904 3527 conﬁtentes,
933 3477 1153 3517 suorum
1202 3463 1442 3531 ipsorum
1506 3460 1680 3531 pretia
1743 3460 2135 3525 sacerdotibus,

561 3574 628 3612 ac
684 3556 864 3610 divino
924 3554 1082 3608 altari
1130 3551 1527 3608 alieruntmed
1583 3552 1869 3623 cupiebant
1917 3553 2134 3624 quidem

564 3647 805 3704 nonnulli
846 3647 989 3702 hanc
1012 3645 1259 3716 gloriam,
1300 3645 1497 3708 sancti,
1523 3644 1766 3715 inquam,
1795 3658 1921 3700 esse
1948 3659 2015 3700 ac
2049 3660 2139 3700 sa-

564 3742 670 3805 cri,
718 3740 1069 3807 divinumque
1124 3739 1451 3805 anathema;
1509 3737 1686 3808 inopia
1742 3746 1924 3793 autem
1974 3751 2137 3807 pecu-

563 3833 777 3887 niarum
833 3828 1186 3899 cupiditatem
1245 3828 1388 3882 hanc
1438 3827 1893 3898 prmscindebant.
1925 3826 2136 3883 Adhor-

565 3925 803 3977 tantibus
831 3932 1011 3976 autem
1054 3934 1168 3987 eos,
1194 3934 1317 3974 cum
1350 3934 1488 3990 opus
1520 3928 1686 3985 esset,
1709 3919 1776 3974 ad
1808 3920 1909 3974 hoc
1931 3916 2137 3973 Scribis

563 4031 628 4070 ac
658 4012 950 4068 Phariswis
1003 4010 1330 4080 (admodum
1387 4010 1534 4064 enim
1588 4011 1940 4080 pecuniarum
1978 4016 2137 4064 erant

562 4104 868 4175 amantes),
905 4102 1265 4158 reverentiam
1322 4102 1375 4156 in
1417 4109 1669 4170 parentes
1705 4101 2130 4170 prmtendehant,

562 4213 797 4267 vereque
840 4196 1096 4251 dicebant
1140 4196 1232 4249 vix
1275 4208 1435 4264 posse
1477 4207 1537 4247 se
1588 4192 1690 4247 sibi
1748 4192 1879 4261 ipsis
1924 4191 2135 4261 illisque

565 4287 876 4344 necessaria
907 4284 1271 4355 suppeditare.
1310 4283 1375 4338 HI
1404 4296 1568 4354 .vero
1597 4298 1629 4338 e
1673 4292 1862 4339 contra
1905 4285 2135 4338 suadere

563 4380 853 4441 audebant,
876 4392 974 4447 pro
1024 4375 1193 4430 nihilo
1232 4375 1505 4429 ducendas
1550 4388 1671 4430 esse
1724 4378 1985 4446 pecunias
2012 4389 2135 4444 pro-

563 4484 682 4543 pter
717 4472 911 4535 Deum,
961 4478 1017 4524 et
1053 4469 1096 4523 si
1139 4467 1464 4523 accederent
1514 4477 1768 4537 parentes
1816 4477 2132 4523 consuetum

2231 2017 2329 2071 νην
2368 2001 2467 2071 τὴν
2494 2000 2739 2071 καρδίαν.
2772 2000 2883 2054 Καὶ
2906 2000 3015 2072 γὰρ
3042 2000 3281 2055 τοιοῦτον
3309 2003 3337 2054 ὁ
3367 2000 3552 2071 φόϐος,
3579 2001 3637 2054 ὃν
3669 2001 3811 2072 μετά

2231 2092 2498 2164 χειμῶνος
2526 2093 2619 2146 καὶ
2643 2093 2672 2144 ὁ
2702 2092 2894 2165 καιρὸς
2920 2093 3132 2146 ἐποίει·
3172 2093 3311 2164 μετὰ
3342 2092 3401 2147 δέ
3430 2096 3528 2165 τῆς
3574 2092 3813 2148 κατανύ-

2232 2183 2366 2251 ξεως
2396 2188 2489 2238 καὶ
2516 2186 2597 2249 εἰς
2628 2182 2924 2253 ἐπιθυμίαν
2957 2183 3179 2255 μείζονα
3204 2184 3402 2249 αὐτοὺς
3447 2184 3665 2238 ἐνέϐαλε
3706 2185 3810 2255 τὴν

2232 2273 2450 2336 ἑαυτοῦ.
2484 2275 2579 2328 καὶ
2610 2275 2691 2340 εἰς
2728 2276 2951 2346 μνήμην
2987 2274 3233 2347 διηνεκῆ-
3261 2275 3351 2329 aut
3378 2275 3534 2330 τοῦτο
3570 2276 3672 2330 οὑκ
3716 2275 3812 2328 εὐο

2232 2364 2369 2429 θεώς
2398 2366 2580 2429 αὐτοῖς
2604 2366 2832 2437 ἐπέστη.

2305 2457 2605 2526 Θαρσεῖτε,
2640 2457 2754 2529 ἐγώ
2790 2461 2927 2529 εἰμι.

2303 2548 2486 2603 Εἰπὼν
2518 2549 2619 2621 (2),
2650 2568 2668 2601 ι
2700 2549 2964 2622 Θαρσεῖτε
2987 2588 3003 2617 ,
3047 2570 3066 2604 ›
3109 2553 3207 2624 τὴν
3237 2551 3418 2607 πίστιν
3455 2553 3702 2607 ἀπαιτεῖ·
3738 2552 3809 2605 δι’

2234 2636 2300 2714 ἧς
2330 2642 2560 2704 ἕκαστος
2588 2641 2697 2695 τῶν
2727 2643 3037 2715 εἰλικρινῶς
3080 2646 3160 2709 εἰς
3188 2644 3421 2717 Χριστὸν
3447 2646 3810 2701 πιστευόντων

2236 2728 2468 2793 σώζεται
2491 2746 2505 2761 ο
2543 2729 2841 2798 ἐπαγαγὼν
2869 2730 2949 2796 δέ,
2995 2750 3016 2785 ι
3065 2733 3205 2802 Ἐγώ
3233 2737 3379 2805 εἰμι,
3420 2754 3438 2786 ι
3484 2735 3599 2787 λύει
3634 2735 3811 2789 πάντα

2233 2818 2429 2887 φόϐονο
2472 2818 2614 2887 Ἐγὼ
2646 2818 2775 2891 γάρ,
2827 2822 3012 2892 φησὶν,
3042 2824 3181 2894 εἰμὶ,
3211 2824 3240 2876 ὁ
3292 2825 3473 2879 πάντα
3518 2825 3811 2894 δυνάμενος

2234 2908 2482 2980 ποιῆσαι.

2315 3002 2684 3071 Ἠκυρώσατε
2732 3004 2847 3075 τὴν
2890 3006 3155 3077 ἐντολὴν
3194 3007 3301 3063 τοῦ
3354 3006 3502 3063 Θεοῦ
3549 3007 3649 3063 διὰ
3695 3007 3813 3077 τὴν

2234 3093 2573 3163 παράδοσιν
2612 3095 2803 3167 ὑμῶν.

2307 3190 2624 3262 Προοῄεσάν
2678 3208 2828 3256 τινες
2883 3189 2993 3245 τῶν
3042 3190 3311 3244 Ἰουδαίων
3371 3191 3465 3245 καὶ
3523 3190 3814 3265 καθιεροῦν

2235 3283 2562 3348 ἐσπούδαζον
2606 3283 2686 3355 τῷ
2730 3282 2848 3355 Θεῷ
2875 3282 2974 3348 τὰς
3002 3282 3211 3338 ἐαυτῶν
3238 3282 3437 3354 ψυχὰς,
3468 3282 3544 3347 ὡς
3572 3284 3629 3336 ἐν
3652 3282 3816 3353 τύπῳ

2238 3376 2337 3447 μὲν
2383 3374 2464 3429 ἔτι
2512 3378 2607 3430 καὶ
2654 3378 2812 3449 σκιᾷ”
2844 3376 2986 3446 πλὴν
3032 3375 3174 3429 κατὰ
3205 3374 3294 3428 τὸν
3334 3375 3497 3446 νόμον
3538 3375 3637 3439 τὰς
3683 3377 3815 3447 περὶ

2237 3465 2385 3535 σφῶν
2429 3466 2610 3522 αὐτῶν
2654 3467 3044 3537 ὁμολογοῦντες
3073 3464 3239 3537 τιμὰς
3280 3468 3393 3530 τοῖς
3436 3464 3681 3538 ἱερᾶσθαι
3718 3465 3816 3519 λαο

2236 3556 2428 3628 χοῦσι,
2486 3558 2581 3611 καὶ
2628 3557 2705 3629 τῷ
2749 3558 2878 3629 θείῳ
2933 3555 3356 3628 προσεδρεύουσι
3400 3554 3812 3627 θυσιαστηρίῳ·

2235 3647 2352 3701 ἀλλ’
2380 3645 2519 3719 ἦσάν
2566 3665 2713 3713 τινες
2757 3648 3033 3719 ἐφιέμενοι
3084 3647 3183 3718 μὲν
3225 3648 3324 3720 τῆς
3372 3647 3585 3701 τοιᾶσδε
3628 3647 3814 3718 δόξης.

2235 3738 2330 3793 τοῦ
2352 3740 2685 3811 ἡγιασμένοι
2712 3736 2870 3805 εἶναι,
2900 3740 3065 3811 φημὶ,
3088 3741 3184 3793 καὶ
3207 3740 3361 3811 ἰεροὶ,
3393 3739 3488 3794 καὶ
3513 3738 3654 3793 θεῖον
3681 3741 3817 3794 ἀνά-

2236 3832 2302 3903 θη
2312 3850 2388 3903 μα
2406 3849 2421 3863 ·
2456 3832 2648 3886 σπάνει
2674 3832 2731 3886 δέ
2754 3831 3052 3904 χρημάτων
3077 3832 3470 3896 ἀνακόπτοντες
3497 3832 3594 3905 τὴν
3619 3832 3815 3886 ἐπιθυ-

2239 3924 2386 3995 μίαν.
2420 3924 2845 3995 Προτρεπὸντων
2874 3922 2931 3978 δὲ
2959 3923 3155 3988 αὐτοὺς
3176 3923 3269 3977 ἐπὶ⁸
3292 3924 3352 3977 τὸ
3381 3924 3491 3978 δεῖν
3512 3921 3650 3979 εἷναι
3675 3926 3815 3997 πρὸς

2234 4016 2393 4068 τοῦτο
2422 4015 2530 4069 τῶν
2557 4015 2866 4087 Φαρισαίων
2894 4016 2989 4069 καὶ
3008 4016 3387 4087 Γραμματέων
3418 4018 3815 4089 (ἐρασιχρημά-

2234 4122 2316 4159 τοι
2354 4099 2496 4160 οὗτοι
2524 4103 2703 4177 λίαν),
2747 4103 2845 4174 τὴν
2885 4105 2965 4169 εἰς
3007 4105 3202 4172 γονέας
3245 4104 3376 4158 αἰδὼ
3419 4106 3813 4175 προετείνοντο,

2234 4196 2331 4249 καὶ
2362 4194 2713 4265 ἀληθεύοντες
2743 4193 2949 4263 ελεγον,
2981 4194 3133 4264 μόλις
3179 4193 3437 4247 δύνασθαι
3467 4195 3681 4257 ἑαυτοῖς
3706 4196 3813 4247 κά-

2235 4287 2433 4351 κείνοις
2454 4286 2522 4340 τὰ
2547 4286 2770 4357 ζωαρκῇ
2798 4286 3136 4357 πορίζεσθαι.
3162 4286 3301 4339 Οἱδέ
3325 4286 3638 4340 ἀναπείθειν
3664 4287 3813 4341 ἐτόλ-

2238 4396 2353 4450 μων
2378 4379 2506 4450 παρ’
2538 4378 2689 4431 οὐδὲν
2718 4376 2965 4448 ἡγεῖσθαι
2996 4376 3059 4430 τὸ
3082 4378 3270 4449 χρῆμα
3293 4377 3382 4431 διά
3412 4378 3503 4431 τὸν
3532 4377 3681 4443 Θεὸν,
3705 4380 3812 4433 κᾶν

2235 4470 2509 4542 προσίοιεν
2548 4471 2597 4522 οἰ
2642 4468 3030 4540 γεγεννηκότες
3069 4469 3167 4539 τὴν
3222 4469 3427 4540 συνήθη
3475 4469 3605 4539 παρ’
3634 4471 3812 4524 αὐτῶν

565 4564 635 4618 ab
694 4562 775 4617 eis
832 4558 1199 4615 ministerium
1258 4558 1614 4627 postulantes,
1664 4557 1951 4612 dicendum
2012 4570 2132 4611 esse

2235 4560 2521 4633 ζητοῦντες
2567 4560 2905 4632 ἐπικουρίαν,
2949 4561 3143 4631 χρῆναι
3188 4560 3364 4630 λέγειν
3413 4562 3688 4616 ἐδίδασκον
3733 4564 3813 4634 τῷ

564 4652 832 4709 docebant
852 4651 988 4722 patri
1018 4661 1111 4704 aut
1141 4649 1297 4703 matri
1327 4668 1341 4704 :
1375 4667 1394 4701 ι
1430 4648 1624 4704 Munus
1648 4658 1749 4713 est,
1776 4649 2133 4718 quodcunque

564 4764 631 4801 ex
683 4759 770 4800 me
804 4744 898 4800 tibi
950 4742 1240 4815 profuerit,
1296 4761 1315 4793 ι
1352 4742 1405 4797 id
1437 4751 1540 4807 est,
1578 4741 1948 4810 Quodcunque
1983 4756 2012 4793 a
2045 4754 2130 4794 me

564 4835 861 4904 acceperis,
912 4847 1181 4905 cognosce
1236 4832 1414 4888 divino
1451 4831 1772 4902 derogatum
1825 4845 1951 4887 esse
2001 4846 2133 4884 ana-

565 4928 816 4993 themati,
844 4937 899 4982 et
954 4928 1126 4982 sacris
1173 4927 1417 4996 pecuniis
1472 4939 1662 4979 manus
1711 4938 1830 4979 esse
1882 4923 2131 4992 injectas.

564 5018 888 5077 Consecravi
926 5020 1069 5074 enim
1100 5029 1296 5073 memet
1341 5018 1470 5084 Deo,
1503 5025 1559 5070 et
1582 5026 1836 5086 tanquam
1866 5015 2010 5069 dono
2036 5015 2133 5070 ad-

564 5116 697 5169 dixi.
727 5114 985 5169 Parentes
1011 5125 1139 5165 vero
1164 5124 1343 5164 rerum
1364 5122 1643 5163 sacrarum
1678 5107 1935 5160 damnum
1950 5107 2129 5172 veriti,

565 5206 881 5278 legibusque
902 5202 966 5257 de
994 5202 1078 5256 his
1108 5200 1232 5255 latis
1269 5199 1525 5269 perculsi,
1569 5213 1691 5251 cum
1750 5196 2007 5267 patientia
2033 5198 2136 5252 hoc

565 5295 995 5367 concoqnebant,
1046 5308 1111 5348 ac
1162 5292 1269 5362 52
1319 5291 1629 5361 religionem
1679 5290 1733 5343 in
1803 5287 1972 5342 Deum
2030 5289 2134 5343 sibi

567 5389 681 5443 ﬁeri
741 5387 901 5441 lamis
945 5393 1267 5456 praetextum
1310 5381 1689 5452 patiebantur,
1714 5381 2135 5456 obmurmuran-

570 5491 647 5533 tes
676 5477 816 5532 forte
843 5478 1007 5531 etiam
1038 5477 1219 5532 divino
1254 5481 1520 5546 praecepto
1552 5471 1605 5527 iu
1652 5485 1778 5526 suas
1817 5469 2135 5541 Opportuni-

641 5632 717 5701 (l)
746 5632 947 5688 Catena
976 5630 1217 5701 Crameri
1248 5647 1300 5700 p.
1330 5631 1430 5685 118
1456 5629 1605 5682 addit
1632 5645 1647 5684 :
1676 5628 1925 5684 Διδάσκει
1949 5630 2005 5685 δὲ
2037 5633 2131 5686 καὶ

565 5697 724 5757 τοῦτο
751 5721 764 5733 ·
811 5703 950 5755 ὥστε
990 5704 1047 5755 ἐν
1082 5697 1127 5770 ᾧ
1161 5697 1340 5773 χρεία,
1386 5700 1687 5773 ὀφείλομεν-
1715 5701 1783 5773 τά
1830 5703 2131 5773 κοινωφελῆ

568 5774 748 5842 λαλεῖν
791 5776 901 5835 τοῖς
958 5770 1374 5842 ἐντυγχάνουσιν
1400 5812 1415 5835 ,
1442 5772 1533 5824 καὶ
1566 5770 1703 5839 μετὰ
1728 5772 1825 5841 τὴν
1876 5770 2131 5842 τοιαύτην

567 5841 800 5907 διάλεξιν
851 5843 944 5895 καὶ
993 5841 1375 5907 διδασκαλίαν,
1404 5843 1495 5894 ἐπὶ
1537 5842 1635 5910 τὴν
1675 5841 1981 5912 προσευχὴν
2028 5841 2137 5912 χω-

2237 4653 2405 4723 πατρὶ
2436 4651 2467 4722 ἢ
2501 4654 2566 4723 τῇ
2592 4651 2780 4722 μητρὶ,
2805 4652 2885 4704 ὃτι
2912 4670 2930 4703 ι
2949 4651 3130 4721 Δῶρόν
3150 4653 3322 4716 ἐστιν,
3341 4653 3478 4724 ὅπερ
3507 4653 3572 4706 ἂν
3594 4654 3652 4721 ἐξ
3676 4654 3811 4724 ἐμοῦ

2236 4742 2541 4813 ὠφεληθῇς,
2576 4763 2594 4794 ι
2624 4743 2923 4806 τουτέστιν,
2947 4743 3125 4813 Ὅπερ
3145 4742 3211 4796 ἂν
3231 4742 3288 4809 ἐξ
3328 4742 3461 4814 ἐμοῦ
3491 4742 3695 4808 λάϐοις,
3728 4746 3815 4814 γί-

2237 4853 2412 4889 νωσκε
2436 4835 2498 4888 τὸ
2516 4834 2657 4888 θεῖον
2679 4833 3087 4905 παραϐλάπτων
3116 4834 3394 4903 ἀνάθημα,
3421 4835 3515 4889 καὶ⁵
3535 4836 3814 4906 χρήμασιν

2240 4928 2403 4999 ἱεροῖς
2428 4927 2527 4990 τὰς
2565 4928 2755 4997 χεῖρας
2798 4925 3017 4993 ἐπάγων
3040 4942 3054 4957 ο
3089 4925 3415 4979 ἁνατέθεικα
3442 4927 3550 4996 γὰρ
3578 4927 3814 4996 ἐμαυτὸν

2238 5021 2337 5073 καὶ
2377 5020 2452 5083 ὼς
2490 5019 2661 5091 δῶρον
2702 5019 3046 5089 ἐπήγγελμαι
3080 5016 3159 5087 τῷ
3196 5017 3334 5089 Θεῷ.
3366 5019 3427 5072 Oi
3454 5018 3509 5071 δὲ
3539 5021 3718 5086 γονεῖς
3747 5020 3818 5073 τά

2239 5113 2303 5164 ἐκ
2332 5113 2430 5183 τῆς
2461 5111 2764 5182 ἱεροσυλίας
2794 5111 3025 5175 δεδιότες
3064 5110 3257 5181 βλάϐη,
3291 5111 3385 5164 καὶ
3414 5110 3540 5173 τοὺς
3564 5110 3657 5164 ἐπὶ
3680 5109 3816 5180 τῷδε

2238 5204 2436 5273 νόμους
2470 5202 2887 5274 διαπεφρικότες
2913 5201 3302 5273 διεκαρτέρουν
3344 5201 3691 5271 οἰμώζοντες,
3721 5204 3817 5255 καὶ

2237 5297 2337 5367 τὴν
2374 5298 2455 5359 εἰς
2498 5295 2630 5349 Θεὸν
2683 5294 2968 5348 εὐσέϐειαν
3011 5294 3286 5366 πρόφασιν
3336 5295 3517 5358 αὐτοῖς
3563 5294 3821 5363 γενέσθαι

2238 5387 2394 5458 λιμοῦ
2430 5386 2762 5451 διετείνοντο,
2799 5386 3280 5458 κατακεκραγότες
3308 5386 3448 5458 τάχα
3474 5405 3577 5441 που
3600 5387 3694 5441 καὶ
3715 5388 3816 5457 τῆς

2240 5476 2388 5539 θείας
2417 5475 2634 5545 ἐντολῆς
2662 5473 2954 5545 ἀδικούσης
2988 5474 3184 5538 αὐτοὺς
3219 5476 3300 5537 εἰς
3340 5475 3409 5527 τὰ
3455 5475 3815 5546 καιριώτατα.

2274 5634 2349 5685 εῖν
2359 5674 2370 5686 .

2310 5704 2389 5771 (2)
2413 5699 2613 5753 Εἰπὼν
2645 5733 2713 5743 -
2760 5698 3027 5770 ποιῆσαι.
3083 5699 3329 5755 Cramer.
3376 5698 3587 5771 p.118.
3634 5700 3812 5771 Verba

2234 5770 2469 5855 σπάντα
2496 5772 2790 5843 δυνάμενος
2824 5772 3043 5842 ποιῆσαι
3080 5772 3352 5827 adduntur
3374 5770 3439 5827 ex
3479 5781 3669 5828 catena
3704 5770 3815 5826 Va-

2244 5854 2444 5899 tirana.
