4134 6374
310 408 413 465 ’421

1472 408 1835 467 COMMENT.
1875 409 1941 465 IN
1982 410 2417 468 IIATTIIASUM.

3464 413 3569 469 62?.

321 548 340 579 ε
375 529 473 582 Διὰ
516 528 570 583 τί
608 529 810 594 τοίνυν,
844 527 1030 602 φησὶν,
1062 529 1384 604 ἠκυρὼσατε
1411 531 1510 603 τὴν
1544 532 1766 602 ἐντολὴν
1798 531 1891 585 τοῦ

2003 542 2137 589 tates
2195 533 2428 604 injurio:
2463 550 2482 584 ι
2521 530 2651 597 Cur,
2685 530 2850 602 igitur
2904 531 3018 596 ait,
3074 529 3289 585 irritum
3362 528 3570 584 fecistis

315 620 471 684 Θεοῦ,
502 620 591 673 διὰ
613 621 713 691 τὴν
740 622 1036 693 παράδοσιν
1069 622 1261 693 ὑμῶν;
1295 642 1314 674 ι
1336 623 1482 677 Ἔδει
1507 622 1636 693 γὰρ,
1672 622 1778 675 ἔδει
1810 639 1893 675 τια

318 712 427 781 μᾷν
456 713 583 776 τοὺς
616 712 918 780 φύσαντας,
947 713 1008 765 οὐ
1038 716 1139 785 τῆς
1169 714 1248 776 είς
1267 712 1399 766 Θεὸν
1428 712 1708 777 εὐσεϐείας
1730 712 1895 766 ἓνεκα

313 804 405 857 τὸν
428 804 515 856 ἐπ’
540 804 725 869 αὐτοῖς
753 805 1043 859 καταλύειν
1070 805 1253 876 νόμον.
1285 805 1495 859 Οὐκοῦν
1522 803 1648 859 οὔτε
1675 805 1785 859 τῶν
1816 804 1895 875 τῷ

314 895 434 967 Θεῷ
466 894 785 968 πρεπόντων
813 895 1113 966 ἀμελητέον
1156 895 1245 949 διὰ
1289 895 1358 949 τὰ
1399 895 1735 966 ἀνθρώπινα,
1770 894 1893 949 οὔτε

318 988 424 1060 μὴν
451 988 684 1043 εἰσάπαν
711 989 821 1043 τῶν
848 987 1149 1060 ἀνθρώπων
1181 986 1271 1041 διὰ
1291 988 1381 1040 τὸν
1413 987 1549 1041 Θεὸν
1578 987 1893 1059 καταμελη-

314 1080 464 1134 τέον·
492 1078 864 1150 ἀπονέμοντας
896 1081 953 1134 δὲ
984 1080 1184 1151 μᾶλλον
1213 1078 1275 1133 τὸ
1301 1079 1401 1151 τῆς
1428 1079 1648 1150 ἀγάπης
1680 1079 1895 1150 ἐξαίρε-

316 1188 408 1224 τον
427 1173 493 1242 τῇ
514 1172 734 1225 πάντων
762 1172 927 1242 ἀρχῇ,
946 1169 1193 1224 τουτέστι
1218 1169 1357 1240 Θεῷ,
1386 1170 1636 1242 καθάπερ
1660 1172 1719 1224 ὲν
1741 1164 1895 1237 τάξει

317 1263 545 1334 δευτέρᾳ
566 1262 662 1317 καὶ
682 1262 883 1331 γείτονι
912 1260 1313 1333 παρακομίζειν
1340 1258 1521 1327 εὐθὺς,
1547 1260 1642 1314 καὶ
1666 1261 1747 1325 εἰς
1770 1262 1896 1325 τοὺς

316 1353 417 1426 τῆς
443 1354 711 1423 γενέσεως
735 1353 1040 1424 ὑπουργοὺς
1062 1353 1160 1418 τὰς
1188 1352 1372 1417 αὐτοῖς
1392 1353 1474 1406 ὅτι
1499 1351 1735 1423 μάλιστα
1764 1369 1896 1424 πρε·

319 1444 527 1506 πούσας
545 1462 595 1497 τι
603 1445 731 1516 μὰς.

396 1537 573 1589 Οὔπω
606 1536 819 1590 νοεῖτε.

390 1626 530 1689 Τοὺς
566 1625 814 1697 μαθητὰς
844 1626 973 1696 γοῦν
1005 1626 1296 1690 ἀσυνέτους
1327 1628 1355 1681 6
1383 1623 1589 1697 Κύριός
1610 1642 1746 1698 φησι
1768 1625 1897 1699 περὶ

320 1716 383 1771 τὸ
414 1717 572 1788 σῶμα
599 1718 1015 1789 στρεφομένους,
1047 1718 1235 1791 ὥσπερ
1261 1720 1309 1772 οἱ
1337 1720 1642 1791 Φαρισαῖοι,
1667 1714 1764 1772 καὶ
1794 1735 1897 1789 μη-

1994 633 2322 693 ρταιοεριιιιη
2381 623 2500 690 Dei,
2547 635 2770 694 propter
2818 622 3165 678 traditionem
3232 621 3505 675 vestram?
3544 638 3564 672 s

1996 714 2296 782 Oportebat
2324 715 2492 781 enim,
2528 714 2816 785 Oportebat
2852 715 3123 768 honorare
3163 721 3434 783 parentes,
3465 729 3570 767 non

1996 817 2222 876 propter
2255 805 2570 875 religionem
2597 805 2651 859 in
2688 806 2854 860 Deum
2881 804 3050 873 legem
3086 806 3153 858 de
3179 804 3312 874 ipsis
3337 804 3569 859 solvere.

1994 897 2115 952 Non
2157 898 2341 967 igitur,
2394 912 2515 969 qua:
2566 897 2679 951 Deo
2709 899 3039 953 conveniunt
3070 906 3294 966 propter
3333 898 3570 952 humana

1995 988 2312 1060 negligenda
2372 998 2536 1053 sunt,
2570 1004 2748 1060 neque
2791 989 3017 1045 omnino
3068 988 3316 1043 homines
3354 997 3575 1059 propter

1997 1081 2164 1136 Deum
2210 1080 2540 1149 despiciendi
2583 1099 2596 1134 :
2638 1079 3011 1135 distribuenda
3064 1095 3195 1135 vero
3256 1082 3437 1150 potius
3489 1091 3575 1136 est

1998 1171 2239 1227 charitas
2258 1172 2455 1228 eximia
2476 1172 2526 1225 in
2543 1172 2783 1225 omnium
2808 1171 3154 1240 principium.
3171 1171 3223 1225 id
3245 1180 3349 1235 est,
3377 1170 3571 1237 Deum,

1998 1263 2141 1318 sicut
2170 1273 2225 1318 et
2253 1263 2494 1318 secundo
2533 1263 2726 1317 ordine
2758 1262 2813 1317 in
2864 1264 3170 1333 proximum
3215 1263 3400 1317 statim
3452 1277 3572 1317 eam

1996 1353 2265 1419 conferre,
2296 1365 2351 1409 et
2384 1353 2466 1408 vel
2496 1354 2731 1409 maxime
2768 1354 2823 1409 in
2857 1355 2980 1409 vitae
3008 1364 3267 1409 auctores
3297 1368 3572 1423 congruos

1995 1447 2077 1502 eis
2108 1446 2362 1502 honores.

2073 1538 2178 1609 53
2206 1536 2325 1602 XV,
2356 1539 2443 1593 l7.
2472 1535 2719 1591 Nondum
2756 1537 3070 1608 intelligitis.

2075 1629 2380 1698 Discipulos
2440 1630 2607 1700 igitur
2665 1631 2784 1686 sine
2846 1630 3121 1684 intellectu
3184 1629 3443 1685 Dominus
3497 1629 3572 1683 ait

1999 1720 2145 1776 circa
2170 1735 2367 1790 corpus
2393 1729 2685 1791 occupatos
2708 1760 2724 1786 ,
2756 1721 2897 1775 sicut
2933 1718 3305 1785 Pharisaaifac
3338 1720 3573 1775 nondum

321 1807 469 1861 δέπω
495 1807 868 1871 διαϐαίνοντας
900 1807 995 1861 ἐπὶ
1027 1808 1118 1862 τὸν
1151 1809 1259 1861 ἔσω
1290 1807 1593 1880 ἄνθρωπον.
1622 1809 1895 1882 Βρώματα

2003 1808 2067 1866 ad
2111 1811 2427 1866 interiorem
2484 1810 2758 1865 hominem
2816 1810 3196 1865 ascendentes.
3223 1811 3340 1866 Cibi
3385 1810 3573 1880 igitur,

322 1898 439 1966 οῦν,
489 1896 644 1970 φησὶ,
689 1900 938 1970 σώματος
974 1901 1085 1972 ἔχει
1134 1878 1433 1971 πλήρωσιν,
1470 1878 1778 1972 καρδίας
1803 1902 1899 1972 οὐχ

2007 1904 2107 1970 ait,
2134 1917 2332 1972 corpus
2364 1901 2611 1971 implent,
2638 1916 2735 1957 cor
2784 1916 2914 1956 vero
2954 1917 3058 1957 non
3096 1902 3386 1969 attingunt.
3411 1878 3573 1967 Quod

324 1992 577 2046 ἅπτεται.
616 1991 689 2044 Τὸ
716 1990 773 2044 δὲ
802 1991 1029 2063 καρδίας
1064 1990 1139 2061 μὴ
1170 1992 1565 2062 ἐφαπτόμενον,
1585 1991 1645 2044 οὐ
1677 1990 1899 2045 δύναται

325 2083 583 2138 κοινῶσαι
609 2079 703 2137 τδν
730 2081 1017 2155 ἄνθρωπον
1042 2081 1133 2137 τὸν
1167 2081 1439 2154 ἀληθινὸν,
1468 2081 1503 2153 ἢ
1537 2082 1612 2153 μὴ
1658 2080 1900 2153 καθαρὸν

324 2176 764 2248 ἀπεργάσασθαι.

395 2267 715 2335 Γενηθήτω
740 2282 839 2321 σοι
872 2267 952 2333 ὠς
989 2267 1205 2334 θέλεις.

394 2350 579 2412 Εἰπὼν
609 2358 684 2429 (l)
709 2358 789 2424 δὲ,
824 2377 841 2410 ι
879 2356 1190 2429 Γενηθήτω,
1215 2354 1549 2429 »βασιλικῶς
1580 2355 1897 2427 ἐφθέγξατο*

323 2454 388 2507 οὐ
424 2452 492 2507 δι’
524 2452 690 2523 εὐχῆς
711 2450 774 2504 τδ
791 2452 975 2523 ὅραμα
1001 2450 1224 2516 ἀνύσας,
1254 2450 1389 2505 ἀλλά
1416 2451 1503 2504 διὰ
1529 2450 1631 2522 τῆς
1670 2450 1900 2522 θεοπρε-

324 2544 463 2608 ⁴ιτοῦς
495 2544 741 2611 ἐξουσίας
765 2542 864 2615 (2).
913 2542 1196 2612 Ῥηθέντος
1230 2542 1324 2596 τοῦ
1352 2542 1533 2611 λόγου,
1559 2541 1620 2595 τὺ
1647 2542 1808 2614 ἔργον
1834 2540 1897 2595 οὗ

325 2638 563 2710 χρονίζει
586 2654 599 2670 ·
634 2636 768 2701 Θεὸς
797 2637 905 2709 γάρ
937 2637 965 2689 6
994 2636 1192 2704 λέγων,
1222 2636 1318 2689 καὶ
1348 2634 1409 2690 τὸ
1442 2636 1595 2707 ῥῆμα
1616 2634 1897 2706 ἐνεργοῦν,

325 2731 419 2785 καὶ
442 2732 476 2802 ὴ
501 2731 732 2801 δύναμις
758 2728 1059 2799 πανταχοῦ.
1168 2732 1171 2733 ⁷

398 2824 583 2879 Ὥστε
605 2822 747 2889 τοὺς
780 2822 1005 2892 ὄχλους
1037 2818 1357 2891 θαυμάσαι.

396 2914 565 2970 θῦπω
608 2914 669 2968 τὸ
715 2913 809 2967 τοῦ
836 2913 1043 2985 Κυρίου
1073 2912 1386 2983 κατέμαθον
1415 2911 1631 2983 ἀξίωμα
1659 2911 1740 2966 ὅτι
1768 2911 1900 2976 Θεός

2002 2002 2184 2047 autem
2238 2007 2335 2046 cor
2379 2007 2484 2046 non
2518 1991 2755 2061 attingit,
2783 2007 2889 2047 non
2941 2001 3121 2062 potest
3165 1991 3576 2047 communicare

2001 2097 2192 2139 verum
2223 2082 2521 2152 hominem,
2552 2094 2647 2138 aut
2692 2099 2797 2138 non
2831 2083 3090 2139 mundum
3128 2083 3364 2138 edicere.

2069 2260 2188 2326 XV,
2218 2261 2312 2317 28.
2355 2258 2481 2317 Fiat
2509 2261 2605 2316 tibi
2639 2263 2773 2317 sicut
2809 2263 2904 2318 vis.

2076 2353 2212 2409 Cum
2247 2354 2402 2421 dicit,
2436 2375 2455 2407 ι
2486 2353 2630 2422 Fiat,
2660 2374 2679 2408 ι
2709 2357 2855 2425 regie
2883 2356 3144 2427 loquitur,
3170 2370 3273 2411 non
3302 2357 3574 2427 precibus,

2002 2447 2098 2502 sed
2123 2446 2450 2502 auctoritate
2478 2448 2658 2502 divina
2684 2448 3005 2504 miraculum
3035 2450 3342 2521 perliciens.
3366 2451 3576 2507 Emissa

2000 2554 2156 2603 voce,
2218 2539 2400 2593 statim
2452 2555 2589 2610 opus
2637 2542 2888 2612 sequitur
2925 2560 2941 2597 :
2972 2540 3115 2598 Deus
3159 2554 3245 2598 est
3292 2545 3436 2599 enim
3485 2545 3578 2615 qui

2002 2630 2262 2700 loquitur,
2326 2631 2662 2702 verbuinque
2712 2631 2927 2699 cmcax,
2978 2643 3034 2689 et
3079 2635 3319 2705 potentia
3377 2636 3578 2708 ubique

2000 2738 2258 2795 prmsens.

2072 2809 2189 2878 XV,
2214 2812 2306 2869 5i.
2328 2811 2412 2867 Ita
2446 2823 2502 2867 ut
2525 2814 2692 2868 turba
2712 2814 3049 2871 mirarentur.

2094 2902 2342 2958 Nondum
2394 2904 2605 2960 Domini
2674 2907 2989 2976 dignitatem
3047 2920 3351 2977 noverant;
3404 2909 3575 2966 Deum

326 3006 501 3061 ἔστιν·
531 3006 645 3060 ἀλλ’
679 3005 963 3076 ἄνθρωπον
989 3004 1239 3076 ἐνόμιζον
1276 3004 1438 3058 αὐτὸν
1480 3003 1655 3074 ψιλόν.
1686 3003 1779 3058 At?)
1804 3002 1899 3059 καὶ

2003 3009 2120 3052 esse
2154 2995 2330 3065 ipsum
2366 2997 2589 3052 minime
2634 2998 2813 3053 adhuc
2857 3000 3124 3067 persuasi,
3166 3003 3261 3056 sed
3307 3002 3577 3057 hominem

326 3099 406 3171 τῷ
438 3097 556 3169 Θεῷ
588 3096 807 3169 Ἰσραὴλ
833 3096 931 3169 τὴν
957 3096 1117 3164 δόξαν
1149 3096 1497 3165 ἀπέπεμπον.

402 3283 469 3337 Ol
515 3282 584 3335 δὲ
630 3280 939 3349 ἐσθίοντες
982 3274 1146 3352 ἦσαν
1176 3277 1636 3348 τετρακισχίλιοι
1662 3276 1896 3347 ἄνδρες,

327 3373 509 3442 χωρίς
537 3372 837 3443 γυναικῶν
867 3372 967 3428 καὶ
994 3372 1261 3427 παιδίων.

413 3464 509 3517 Ἐκ
535 3463 745 3517 πολλῶν
773 3464 847 3535 ('5)
869 3463 1140 3517 δείκνυσιν
1172 3461 1255 3516 ’ὁτι
1285 3461 1417 3526 Θεὸς
1444 3462 1580 3516 ἐστι.
1615 3460 1727 3516 Καὶ
1753 3460 1902 3515 οὐδὲν

327 3549 490 3626 ἦττον
525 3555 588 3608 ἐκ
616 3554 710 3608 τοῦ
739 3555 958 3626 τρέφειν
986 3557 1043 3609 ὲν
1072 3555 1264 3625 ἐρήμῳ
1289 3553 1380 3607 τὸν
1408 3552 1584 3624 ὖχλον.
1606 3551 1774 3606 Τοῦτο
1794 3551 1903 3623 γὰρ

329 3644 682 3717 παρίστησιν,
706 3644 868 3698 οἱονεί
899 3662 1017 3709 πως
1057 3645 1206 3699 ἀκων
1245 3644 1334 3698 διὰ
1375 3643 1474 3715 τὴν
1511 3644 1777 3714 ἀνάγκην,
1808 3642 1904 3696 καὶ

326 3738 391 3791 τὸ
437 3740 537 3810 τῆς
578 3738 784 3811 τροφῆς
815 3738 1175 3810 δυσπόριστον
1226 3738 1398 3791 ποιῶν
1446 3736 1506 3790 τὸ
1562 3736 1671 3790 τῶν
1721 3736 1903 3807 ἀρτων

331 3834 554 3903 σημεῖον
580 3848 594 3861 ⁸
625 3834 761 3903 ὅπερ
791 3830 891 3885 ούκ
925 3832 990 3885 ἂν
1026 3830 1282 3903 ἐποίησεν
1316 3832 1376 3884 ὲν
1411 3827 1587 3894 πόλει,
1616 3831 1751 3883 ὃπου
1794 3828 1904 3881 τῶν

329 3923 505 3977 ὠνίων
534 3924 567 3995 ἡ
596 3923 847 3994 ἀφθονία.
880 3923 1025 3994 Πλὴν
1063 3923 1358 3994 δυνάμενος
1390 3922 1535 3994 λόγῳ
1564 3920 1904 3994 κραταιῶσαι

327 4016 455 4081 τοὺς
486 4016 696 4087 ὄχλους,
722 4015 883 4069 τοῦτο
928 4016 991 4069 ού
1044 4014 1204 4081 ποιεῖ,
1232 4015 1320 4070 διὰ
1366 4015 1427 4068 τὸ
1471 4014 1677 4086 ἀφανές
1699 4030 1715 4045 ο
1749 4014 1813 4068 τὸ
1848 4012 1905 4065 δὲ

330 4104 440 4159 τῶν
468 4106 644 4176 ἄρτων
665 4104 739 4169 ὼς
764 4105 1008 4178 ἐναργῶς
1032 4106 1292 4161 δεικνύων
1311 4107 1415 4179 τὴν
1435 4106 1601 4160 αὐτοῦ
1629 4105 1906 4177 θεοπρεπῆ

331 4196 489 4262 δόξαν
514 4195 757 4268 ἐποίησε.

413 4368 778 4437 Ἀποκριθεὶς
817 4367 886 4422 δὲ
923 4369 1119 4439 Σίμων
1167 4370 1411 4439 Πέτρος,
1453 4365 1614 4424 εἶπεν
1654 4370 1739 4424 Σὺ
1775 4365 1833 4424 εἴ
1872 4370 1905 4423 ὁ

328 4459 583 4527 Χριστὸς
614 4461 648 4513 ὀ
695 4458 829 4524 Υἱὸς
858 4459 965 4514 τοῦ
996 4460 1145 4514 Θεοῦ
1180 4461 1288 4515 τοῦ
1315 4460 1549 4527 ζῶντος.

1999 3101 2193 3157 purum
2218 3101 2282 3141 ac
2299 3087 2599 3157 simplicem
2630 3089 2973 3157 reputabant.
2995 3088 3288 3161 Propterea
3314 3093 3381 3148 ad
3408 3093 3574 3148 Deut“

1922 3198 1968 3257 ρ
1997 3174 2162 3231 Israel
2195 3174 2421 3243 gloriam
2471 3176 2798 3232 referebant.

2072 3261 2181 3337 54
2205 3262 2321 3329 XV,
2347 3265 2437 3323 58.
2460 3264 2629 3320 Erant
2662 3269 2963 3339 autem,qui
2989 3271 3578 3343 manducaveruntqua-

2000 3365 2121 3410 tuor
2151 3356 2319 3409 millia
2344 3356 2614 3411 hominum
2646 3368 2797 3412 extra
2826 3360 3071 3429 parvulos
3088 3371 3137 3415 et
3169 3362 3412 3418 mulieres

2072 3446 2116 3502 E
2150 3446 2337 3503 multis
2375 3447 2612 3503 ostendit
2665 3449 2834 3504 Deum
2881 3464 2942 3507 se
2985 3465 3128 3518 esse,
3171 3455 3474 3523 presertim
3511 3471 3577 3511 ex

2000 3542 2232 3612 ecquod
2260 3541 2475 3596 turbam
2507 3550 2757 3611 pasceret
2796 3543 2847 3597 in
2874 3545 3109 3600 deserto.
3140 3544 3253 3603 Hoc
3272 3548 3415 3603 enim
3452 3565 3578 3619 pro-

2003 3633 2174 3705 ponit,
2206 3632 2362 3703 quasi
2390 3633 2790 3703 quodammodo
2832 3635 3050 3702 invitus,
3084 3648 3305 3708 propter
3337 3642 3577 3696 necessi-

2004 3734 2168 3781 tatem
2190 3734 2245 3780 et
2268 3724 2514 3781 alimenti
2556 3726 2838 3797 penuriam
2870 3742 2934 3783 ac
2971 3728 3337 3787 difﬁcultatem
3380 3749 3577 3803 panum

2005 3816 2327 3871 miraculum
2361 3817 2585 3872 ederet:
2614 3818 2758 3887 quod
2799 3818 2852 3873 in
2888 3820 3111 3877 civitate
3154 3839 3260 3878 non
3309 3824 3453 3889 fecit,
3490 3826 3578 3880 ubi

2004 3906 2273 3960 venalium
2324 3921 2509 3961 rerum
2540 3909 2715 3976 copia.
2755 3897 2887 3962 Cum
2916 3917 3094 3966 tamen
3126 3914 3289 3968 verbo
3326 3918 3581 3971 corroboo

2004 4012 2128 4054 rare
2163 4007 2349 4068 posset
2400 3999 2607 4063 turbas,
2640 3999 2693 4054 id
2733 4014 2840 4054 non
2879 4001 3028 4068 facit,
3065 4004 3189 4073 quia
3228 4006 3279 4059 id
3319 4006 3579 4062 observa-

2006 4099 2119 4144 tum
2154 4105 2261 4145 non
2310 4099 2491 4146 esset:
2522 4088 2653 4144 illud
2688 4106 2818 4146 vero
2853 4092 2920 4146 de
2958 4095 3187 4163 panibus
3228 4105 3478 4167 tanquam
3513 4102 3579 4154 ad

2003 4181 2219 4237 oculum
2251 4182 2568 4250 ostendens,
2597 4180 2710 4238 Deo
2746 4185 3159 4241 convenientem
3199 4187 3266 4242 de
3302 4203 3362 4244 se
3397 4192 3580 4246 conci-

2003 4276 2145 4329 tavit
2173 4275 2505 4345 opinionem.

2076 4366 2219 4431 XVI,
2256 4366 2342 4421 i6.
2383 4365 2721 4436 Respondens
2755 4377 2929 4423 autem
2957 4366 3139 4424 Simon
3168 4369 3355 4427 Petrus
3400 4373 3537 4428 dixit
3562 4390 3582 4430 :

2008 4457 2087 4513 Tu
2108 4476 2159 4514 es
2186 4458 2430 4514 Christus
2463 4457 2635 4513 Filius
2668 4459 2765 4514 Dei
2787 4462 2909 4516 vivi.

397 4549 513 4602 Οὐκ
539 4544 691 4604 εἶπεν
726 4552 757 4604 6
789 4550 994 4622 Πέτρος
1016 4567 1031 4581 ·
1084 4549 1159 4604 Σὺ
1197 4546 1250 4605 εἴ
1279 4552 1533 4622 Χριστὸς,
1574 4553 1608 4624 ἢ
1654 4553 1779 4617 Υἱὸς
1809 4553 1900 4607 τοῦ

2084 4550 2196 4606 Non
2225 4552 2362 4605 dixit
2394 4550 2605 4616 Petrus,
2642 4549 2722 4606 Tu
2748 4567 2808 4608 es
2845 4554 3093 4610 Christus
3125 4554 3207 4612 vel
3250 4554 3420 4612 Filius
3464 4558 3582 4628 Dei,

326 4640 462 4694 Θεοῦ
482 4655 497 4669 ⁸
531 4639 696 4695 ἀλλάο
735 4640 791 4694 Ὀ
818 4641 1072 4710 Χριστὸς
1091 4683 1105 4708 ,
1146 4641 1178 4695 ὁ
1212 4642 1345 4708 Υἱὸς
1376 4643 1483 4697 τοῦ
1511 4643 1680 4700 Θεοῦ.
1708 4644 1901 4698 Πολλοὶ

331 4733 430 4803 μὲν
455 4734 564 4804 γὰρ
591 4736 805 4805 χριστοὶ
838 4733 980 4788 κατά
1006 4735 1167 4806 χάριν
1190 4776 1205 4800 ,
1238 4735 1333 4788 καὶ
1376 4735 1648 4800 υἱοθεσίας
1680 4736 1901 4804 ἀξίωμα

329 4824 563 4895 ἔχοντες,
600 4825 736 4880 ἀλλά
767 4826 927 4895 μόνος
970 4821 1051 4891 εἷς
1072 4830 1101 4881 6
1125 4826 1285 4896 φύσει
1320 4829 1443 4891 Υἱὸς
1471 4829 1567 4883 τοῦ
1605 4830 1763 4886 Θεοῦ.
1812 4831 1905 4885 Διὸ

332 4916 472 4987 μετά
485 4918 689 4990 ἄρθρου
708 4916 834 4989 ἔφη’
861 4936 879 4969 ι
902 4917 960 4971 Ὀ
978 4919 1208 4991 Χριστὸς
1221 4921 1249 4972 6
1265 4919 1390 4983 Υίδς
1402 4918 1495 4972 τοῦ
1508 4919 1661 4973 Θεοῦ.
1685 4940 1702 4970 ι
1722 4919 1905 4976 Εἰπὼν

328 5010 385 5062 δὲ
410 5011 573 5064 αὐτὸν
601 5011 729 5065 Υίὸν
764 5008 855 5063 τοῦ
882 5010 1020 5064 Θεοῦ
1055 5010 1149 5066 τοῦ
1175 5012 1679 5077 ζῶντος,δείκνυσιν
1702 5014 1783 5067 ὅτι
1807 5015 1905 5067 αύ-

328 5100 421 5165 τδς
452 5101 564 5173 ζωὴ
609 5098 700 5174 ἦν,
734 5104 828 5156 καὶ
875 5103 1103 5168 θάνατος
1146 5104 1310 5158 αὑτοῦ
1359 5104 1421 5159 οὐ
1476 5106 1743 5177 κυριεύει.
1784 5106 1908 5159 Κᾶν

330 5196 440 5264 γὰρ
466 5194 598 5264 πρὸς
623 5194 805 5263 ὀλίγον
834 5198 868 5267 ὴ
899 5197 1034 5268 σὰρξ
1062 5196 1360 5270 ἠσθένησεν
1393 5198 1773 5264 ἀποθανοῦσα,
1793 5200 1909 5253 ἀλλ’

330 5283 552 5353 ἀνέστη,
592 5285 667 5356 μὴ
698 5284 994 5355 δυναμένου
1017 5286 1111 5339 τοῦ
1147 5287 1203 5341 ὲν
1237 5287 1375 5358 αὐτῇ
1405 5287 1578 5357 Λόγου
1604 5287 1709 5341 ὑπὸ
1738 5288 1911 5357 δεσμά

331 5375 561 5429 θανάτου
591 5379 929 5449 κρατεῖσθαι.

404 5468 510 5522 Kal
537 5470 722 5524 πύλαι
749 5470 900 5537 ᾅδου
927 5472 1001 5525 οὐ
1028 5473 1520 5543 κατισχύσουσιν
1551 5474 1764 5546 αὐτῆς.

352 5706 365 5735 ‘
407 5710 482 5851 (ιῖ
516 5708 717 5764 Εἰπὼν
739 5741 810 5753 --
842 5710 1174 5780 πανταχοῦ.
1208 5710 1539 5838 Cramer.
1572 5712 1696 5798 125:

404 5782 460 5844 (Ξ
535 5781 824 5850 llucusque
878 5781 1238 5851 fragmentum
1276 5783 1417 5851 apud
1516 5785 1694 5841 order:

336 5781 480 5904 5
535 5781 824 5850 llucusque
878 5781 1238 5852 fragmentum
1276 5783 1417 5852 apud
1469 5781 1797 5841 Corderium
1850 5798 1903 5853 p.

2008 4643 2101 4698 sed
2122 4642 2382 4708 Christus,
2402 4641 2577 4697 Filius
2598 4643 2697 4697 Dei
2720 4660 2739 4699 :
2764 4646 2916 4700 multi
2945 4648 3207 4717 siquidem
3244 4649 3431 4704 christi
3460 4663 3585 4706 sunt

2010 4734 2180 4805 gratia
2212 4734 2304 4804 qui
2337 4744 2392 4789 et
2418 4735 2736 4804 dignitatem
2767 4738 3074 4808 adeptionis
3114 4740 3343 4795 filiorum
3394 4757 3585 4798 conse—

2011 4828 2142 4889 cuti,
2203 4826 2297 4879 sed
2358 4834 2565 4879 tantum
2629 4842 2769 4881 unus
2823 4839 3013 4883 natura
3070 4829 3162 4884 Dei
3217 4830 3387 4886 Filius
3422 4854 3432 4888 :
3465 4833 3586 4887 ideo

2011 4933 2133 4970 cum
2157 4916 2386 4971 articulo
2426 4916 2565 4971 dixit
2600 4935 2613 4972 :
2652 4915 2752 4973 ilic
2797 4919 3064 4986 Christus,
3093 4922 3182 4977 hic
3244 4922 3413 4978 Filius
3468 4924 3581 4981 Dei.

2016 5009 2251 5065 Dicenda
2282 5019 2463 5064 autem
2523 5009 2698 5080 ipsum
2738 5026 2862 5067 esse
2893 5011 3086 5067 Filium
3117 5013 3209 5069 Dei
3245 5014 3375 5083 vivi,
3402 5025 3587 5071 osten-

2013 5100 2093 5154 dit
2134 5100 2307 5170 ipsum
2334 5100 2499 5154 vitam
2524 5114 2666 5168 esse,
2711 5105 3139 5175 mortetnqneilli
3159 5121 3263 5161 non
3294 5107 3583 5163 dominari.

2014 5185 2167 5244 Licet
2193 5190 2337 5243 enim
2373 5190 2443 5243 ad
2470 5190 2724 5259 exiguum
2771 5200 2984 5259 tempus
3028 5208 3158 5247 caro
3184 5203 3394 5249 mortua
3425 5193 3587 5249 fuerit

2015 5280 2308 5349 infirmata,
2356 5282 2452 5336 sed
2484 5285 2810 5346 resurrexit,
2846 5280 3023 5339 Verbo
3052 5285 3195 5353 quod
3244 5285 3295 5339 in
3348 5301 3411 5341 ea
3468 5296 3586 5342 erat

2015 5374 2241 5428 minime
2266 5373 2475 5429 valente
2502 5375 2692 5429 mortis
2716 5378 2974 5445 compede
3015 5377 3263 5433 detineri.

2068 5463 2209 5532 XVI,
2236 5466 2322 5520 18.
2352 5463 2424 5519 Et
2458 5477 2625 5522 νοτ-ιω
2656 5466 2812 5535 inferi
2843 5484 2945 5521 non
2966 5468 3314 5537 pra'valebunt
3337 5474 3586 5527 adversus

2002 5571 2139 5610 eam.

2085 5712 2165 5783 (5)
2196 5711 2306 5766 Hoc
2337 5709 2696 5787 fragmentum
2724 5713 3013 5771 Cramerus
3039 5716 3285 5787 ediditp.
3335 5718 3459 5780 127,
3493 5720 3588 5774 sed

2012 5794 2325 5855 corruptum
2357 5792 2412 5835 et
2444 5784 2713 5851 mutilum,
2752 5802 2873 5841 cum
2903 5796 3079 5843 tamen
3107 5802 3173 5844 ex
3197 5784 3456 5855 Curderio
3485 5789 3584 5843 ha-

2014 5854 2164 5908 beret
2196 5852 2335 5908 unde
2364 5862 2604 5907 sanaret.
2682 5856 2685 5859 ’
