4134 6374
383 371 490 425 425

1535 375 1891 433 ΩΟΠΜΕΝΤ.
1932 375 1997 431 IN
2034 375 2470 432 MATTHIEUM.

3500 390 3605 445 426

385 506 470 542 σει
518 489 1076 560 συμπαρελήφθησαν,
1113 492 1178 562 ἥν
1210 491 1365 547 καλεῖ
1406 491 1701 562 βασιλείαν,
1732 492 1807 557 ὡς
1851 493 1942 545 ὲκ-

2055 508 2264 562 regnum
2304 502 2459 550 vocat
2484 504 2735 563 tanquam
2767 494 3090 553 iudicantem
3139 499 3461 560 iiieﬂabilem
3508 523 3604 576 po-

385 580 632 651 φήνασαν
670 580 769 650 τῆς
813 581 1063 647 ἐξουσίας
1101 582 1163 635 τὸ
1198 584 1422 651 ἄφατον,
1450 582 1667 652 καὶτῆς
1695 584 1830 654 πρὸς
1857 583 1949 637 τὸν

385 671 608 743 Πατέρα
637 672 988 744 γνησιότητος
1014 674 1077 727 τὸ
1102 674 1539 745 ἀπαράλλακτον.
1558 675 1647 727 Ἐν
1687 675 1822 745 αὐτῇ
1868 675 1945 739 δὲ,

384 762 481 817 καὶ
533 764 634 835 τῆς
686 763 944 833 δευτέρας
989 766 1287 838 παρουσίας
1336 766 1398 819 τὸ
1444 756 1682 838 ἀξίωμα,
1733 769 1829 821 καὶ
1885 768 1949 820 τὸ

385 853 615 924 φρικτὸν
643 854 958 926 ὑπεδήλωσε
992 857 1300 928 προοίμιον,
1342 857 1546 930 ταύτην
1585 859 1823 929 ἐκείνης,
1854 860 1950 913 καὶ

2047 592 2321 649 testatem,
2358 592 2413 640 et
2440 584 2731 654 genuinum
2757 600 2881 640 eum
2912 602 3033 643 esse
3058 588 3235 647 Patris
3266 591 3486 649 Filium.
3544 598 3601 653 in

2046 674 2160 743 ipsa
2198 690 2323 731 vero
2350 691 2564 746 quoque
2592 679 2836 733 secundae
2862 682 3159 749 praesentiat
3186 684 3523 756 dignitatem,
3547 700 3607 744 et

2046 765 2282 820 terribile
2307 765 2665 821 subindicavit
2694 767 2903 824 initium
2947 771 3113 838 illius,
3135 788 3201 830 ac
3228 777 3384 845 quasi
3406 781 3604 834 conﬁr-

2046 856 2336 912 mationem
2384 857 2653 925 ostendit;
2682 859 2863 916 veniet
2901 862 3044 918 enim
3093 865 3145 919 in
3193 865 3361 934 gloria
3415 868 3510 925 Dei
3550 880 3606 924 et

381 941 494 999 οἷον
523 945 810 1015 βεϐαίωσιν
838 947 1239 1019 ἐνδειξάμενος·
1276 948 1396 1019 ἡξει
1429 949 1538 1020 γὰρ
1579 951 1641 1003 ἑν
1681 950 1810 1022 δόξῃ
1851 949 1947 1004 τοῦ

2055 945 2242 1016 Patris,
2268 949 2455 1005 nonin
2476 959 2660 1008 nostra
2686 955 2972 1010 tenuitate.

383 1035 519 1089 Θεοῦ
564 1037 659 1090 καὶ
707 1038 956 1108 Πατρὸς,
994 1040 1094 1094 οὐκ
1145 1041 1205 1093 ὲν
1257 1040 1662 1113 μικροπρεπεία
1702 1045 1768 1113 τῇ
1814 1043 1949 1097 καθ’

382 1128 550 1197 ἡμᾶς·

448 1221 552 1285 Εἰς
579 1218 711 1287 ὄρος
744 1218 1007 1309 ὑψηλόγ.

453 1312 548 1373 Et;
588 1309 652 1363 τὸ
693 1310 819 1380 ὅρος
845 1308 1040 1373 ἄνεισι,
1074 1309 1311 1376 δεικνὺς,
1351 1312 1436 1365 ὅτι
1460 1311 1737 1383 χθαμαλὸς
1765 1315 1795 1367 δ
1819 1315 1944 1379 νοῦς

381 1400 483 1453 οὐκ
510 1398 576 1452 ἂν
602 1396 812 1467 γένοιτο
837 1397 970 1468 πρὸς
997 1398 1228 1469 θεωρίαν
1260 1399 1582 1471 ἐπιτήδειος,
1613 1400 1728 1454 ἀλλ’
1754 1402 1785 1453 ὁ
1814 1404 1945 1457 κατ’

386 1490 521 1544 ίδίαν
556 1488 816 1559 γεγονὼς,
844 1488 940 1543 καὶ
960 1480 1077 1554 ’ἔξω
1103 1489 1398 1560 φροντίδων
1430 1489 1697 1561 βιωτικῶν
1725 1492 1783 1545 ἐν
1810 1493 1944 1563 ἡσυο

423 1581 499 1633 ία.

423 1597 499 1633 ια.

383 1597 417 1650 χ
452 1636 563 1723 Ital
593 1669 1013 1742 μετεμορφώθη
1047 1673 1389 1742 ἔμπροσθεν
1416 1676 1634 1731 αὐτῶν.

451 1762 775 1835 Πεπράχθαι
819 1765 878 1819 δέ
918 1782 1100 1835 φαμεν
1126 1765 1221 1836 τὴν
1253 1768 1692 1840 μεταμόρφωσιν,
1720 1769 1840 1839 οὐχὶ
1862 1769 1953 1841 δή·

2118 1215 2278 1287 XVII,
2307 1222 2360 1277 1.
2390 1219 2459 1276 In
2483 1231 2708 1276 montem
2730 1224 3013 1279 excelsum.

2113 1311 2173 1366 In
2201 1319 2434 1367 montem
2458 1314 2721 1379 ascendit,
2747 1316 3038 1371 ostendens
3067 1324 3338 1375 terrenam
3368 1332 3601 1379 mentem

2043 1401 2109 1457 ad
2158 1400 2667 1472 contemplationem
2719 1404 2941 1460 minime
2998 1406 3246 1463 idoneam
3294 1424 3454 1477 esse,
3507 1417 3602 1468 sed

2041 1490 2364 1556 solitariam,
2391 1498 2447 1546 et
2463 1496 2617 1546 extra
2640 1493 2962 1562 temporales
2988 1508 3152 1551 curas
3181 1497 3233 1551 in
3260 1498 3443 1567 quiete
3470 1515 3600 1554 con-

2039 1585 2305 1641 stitutam.

2124 1678 2292 1745 XVII,
2320 1680 2375 1736 2.
2416 1679 2488 1735 Et
2513 1679 2920 1750 transﬁguratus
2950 1688 3026 1733 est
3059 1688 3183 1734 ante
3204 1696 3312 1736 eos.

2128 1768 2347 1824 Factam
2393 1779 2570 1824 autem
2617 1769 3147 1840 transﬂgurationem
3191 1785 3313 1825 esse
3352 1769 3618 1835 dicimus,

382 1865 487 1903 που
517 1854 579 1906 τὸ
615 1855 774 1925 σῶμα
815 1855 877 1909 τὸ
921 1856 1259 1929 ἀνθρώπινον
1291 1858 1685 1929 μεταϐαλόντος
1712 1860 1807 1915 τοῦ
1839 1862 1946 1915 σώ-

2055 1876 2160 1917 non
2197 1862 2340 1933 quod
2380 1876 2583 1933 corpus
2626 1861 2917 1916 humanum
2966 1861 3072 1916 alio
3101 1876 3327 1932 corpore
3372 1866 3615 1927 mutarit,

387 1956 576 2010 ματος,
611 1945 751 2000 ἀλλὰ
777 1945 939 2018 δόξης
970 1946 1113 2011 τινὸς
1143 1948 1466 2016 φωτπιδοῦς
1493 1951 1949 2025 περιστελλούσης

382 2034 514 2089 αὐτό
530 2052 544 2066 ·
583 2038 861 2107 μείναντος
881 2038 991 2111 γὰρ
1011 2039 1105 2093 τοῦ
1128 2038 1380 2110 σώματος
1407 2042 1500 2096 ἐπὶ
1526 2041 1621 2096 τοῦ
1650 2045 1948 2115 σχήματος,

383 2127 477 2180 ἐπὶ
519 2128 580 2182 τὸ
628 2129 965 2202 ἐνδοξότερον
1006 2133 1056 2184 οἱ
1109 2134 1455 2205 χαρακτῆρες
1505 2134 1591 2188 διὰ
1631 2136 1953 2204 φωτοειδοῦς

383 2215 674 2288 χρώματος
700 2219 1105 2293 διεχρὼννυντο.

471 2326 832 2395 Ἀποκριθεὶς
861 2324 930 2379 δὲ
957 2328 991 2379 ὁ
1019 2325 1237 2393 Πέτρος
1265 2321 1394 2379 εἷπε
1437 2323 1518 2390 τῷ
1554 2324 1747 2393 Ἰησοῦ
1772 2341 1787 2356 ο
1832 2325 1948 2380 Κύ-

382 2434 496 2484 ριε,
526 2418 719 2471 καλόν
741 2417 913 2470 ἐστιν
941 2413 1093 2485 ἡμᾶς
1106 2410 1221 2469 ὦδε
1236 2412 1388 2469 εἷναι
1407 2432 1420 2446 ·
1453 2418 1504 2470 εί
1536 2416 1751 2479 θέλεις,
1777 2413 1949 2481 ποιή-

374 2523 589 2579 σωμεν
618 2503 735 2563 ὦδε
771 2511 926 2577 τρεῖς
950 2510 1206 2578 σκηνὰς,
1250 2510 1349 2562 σοι
1376 2508 1545 2577 μίαν,
1580 2509 1679 2561 καὶ
1723 2506 1949 2577 Μωῦσῇ

372 2601 547 2669 μίαν,
576 2601 672 2654 καί
705 2602 848 2670 μίαν
883 2601 1075 2669 Ἠλίᾳ.

457 2694 573 2746 Οὐκ
604 2694 722 2764 ⁴εῖδει
749 2692 804 2745 τί
833 2692 1029 2747 ἐλάλει.
1063 2691 1175 2763 Πρὸ
1202 2691 1311 2763 γάρ
1346 2689 1439 2745 τοῦ
1474 2691 1676 2755 πάθους
1723 2692 1815 2745 καὶ
1850 2692 1948 2762 τῆς

374 2784 732 2847 ἀναστάσεως
774 2783 868 2837 τοῦ
912 2784 1185 2854 Σωτῆρος,
1220 2784 1317 2837 καὶ
1340 2782 1441 2855 τῆς
1465 2782 1816 2847 καταλύσεως
1852 2784 1948 2837 τοῦ

387 2873 644 2938 θανάτου,
665 2876 760 2928 καὶ
787 2876 886 2945 τῆς
912 2876 1115 2946 φθορᾶς
1138 2873 1247 2927 τῶν
1266 2874 1533 2944 σωμάτων
1558 2874 1735 2944 ἡμῶν,
1759 2874 1951 2928 ἀδύνα-

385 2980 477 3017 τον
507 2960 577 3037 ἦν
602 2965 695 3020 τὸν
728 2966 934 3036 Πέτρον
970 2968 1206 3019 συνεῖναι
1248 2964 1489 3035 Χριστῷ,
1519 2965 1613 3017 καὶ
1657 2964 1765 3017 τῶν
1816 2982 1950 3035 σκη-

387 3054 493 3108 νῶν
533 3056 780 3125 ὲφίεσθαι
812 3057 889 3131 (I)
917 3058 1025 3111 τῶν
1055 3059 1112 3111 ὲν
1145 3058 1380 3128 οὐρανῷ.
1408 3056 1593 3111 Ταῦτα
1618 3057 1729 3130 γὰρ
1757 3057 1838 3111 δεῖ
1863 3075 1949 3126 γε-

388 3141 573 3196 νέσθαι
628 3144 768 3214 μετὰ
818 3146 917 3216 τὴν
964 3145 1058 3199 τοῦ
1097 3146 1345 3217 Σωτῆρος
1374 3148 1674 3204 ἀνάστασιν
1725 3148 1821 3202 καὶ
1869 3151 2019 3221 sica

385 3233 611 3306 οὐρανὸν
637 3235 923 3291 ἀνάϐασιν.

455 3326 570 3380 Καὶ
606 3328 977 3396 ἀκούσαντες
1016 3332 1070 3384 οἱ
1097 3331 1353 3401 μαθηταί
1382 3331 1607 3386 ἔπεσον
1632 3332 1731 3387 ἐπὶ
1766 3334 1953 3402 πρόσ-

387 3434 551 3471 ωπον
575 3419 772 3473 αὐτῶν
807 3422 904 3474 καὶ
927 3421 1311 3491 ἐφοϐήθησαν
1335 3424 1588 3494 σφόδρα.

471 3510 537 3563 Ἦ
571 3511 669 3580 μὲν
700 3512 796 3564 τοῦ
839 3512 974 3565 Θεοῦ
1022 3515 1115 3567 καὶ
1149 3514 1361 3586 Πατρὸς
1390 3515 1540 3588 φωνὴ
1577 3516 1715 3587 καλή
1756 3534 1815 3569 τε
1858 3518 1954 3570 καὶ

390 3600 737 3669 άξιάγαστος,
774 3601 996 3671 ἀκράτῳ
1026 3604 1083 3657 δὲ
1115 3605 1216 3675 ήδη
1247 3606 1597 3676 κατεχόμενοι
1630 3608 1843 3678 δείματι
1869 3607 1955 3660 πί-

390 3707 617 3747 πτουσιν
665 3696 715 3747 οἱ
766 3697 1022 3768 μαθηταὶ,
1053 3697 1138 3749 ἵνα
1170 3696 1234 3769 δὴ
1275 3697 1439 3751 πάλιν
1486 3697 1581 3752 καὶ
1631 3698 1718 3752 διὰ
1764 3698 1952 3752 τούτου

393 3783 673 3855 μάθωμεν,
708 3786 784 3849 ὡς
813 3787 1214 3858 ἀναγκαιοτάτη
1252 3792 1365 3852 τοῖς
1393 3790 1485 3843 ἐπὶ
1508 3791 1613 3860 γῆς
1640 3793 1674 3862 ἡ
1703 3790 1798 3844 τοῦ
1842 3792 1953 3844 Σω-

388 3876 551 3945 τῆρος
577 3875 733 3945 ἡμῶν
759 3877 1132 3947 ἀναπέφανται
1162 3877 1427 3949 μεσιτεία,
1459 3879 1723 3951 νοουμένη
1753 3878 1953 3950 δηλαδὴ

390 3967 531 4019 κατά
574 3967 666 4019 τὸν
703 3967 809 4043 τῆς
858 3968 1323 4040 ὲνανθρωπήσεως
1352 3969 1587 4038 τρόπον·
1634 3972 1684 4022 εί
1736 3969 1809 4040 μὴ
1847 3970 1954 4043 γὰρ

389 4055 579 4123 γέγονε
628 4057 751 4110 καθ’
778 4059 945 4128 ἡμᾶς,
984 4058 1066 4122 τίς
1100 4058 1165 4112 ἂν
1195 4058 1353 4129 ἡμῶν
1385 4060 1617 4130 ἤνεγκεν
1650 4059 1761 4113 ἅνω
1788 4076 1957 4130 προσ-

389 4142 651 4197 ϐάλλοντα
677 4145 828 4210 Θεὸν,
864 4147 958 4200 καὶ
1002 4147 1100 4218 τὴν
1148 4149 1354 4216 ἄφατον
1386 4148 1555 4202 αὑτοῦ
1594 4146 1753 4213 δόξαν
1780 4148 1956 4202 οὐδενὶ

386 4236 527 4306 τάχα
568 4236 678 4289 τῶν
710 4239 984 4309 γεννητῶν
1035 4240 1278 4311 φορητὴν
1308 4241 1663 4311 ἐμφαίνοντα;
1699 4240 1818 4303 Φῶς
1848 4241 1957 4309 γὰρ

386 4328 557 4380 οίκεῖν
583 4328 743 4381 αὑτὸν
770 4329 1063 4401 ἀπρόσιτον
1097 4334 1189 4384 καὶ
1219 4333 1247 4385 ό
1296 4332 1564 4404 μακάριος
1607 4332 1775 4404 ἔφησε
1806 4331 1955 4386 Παῦ-

386 4419 497 4483 λος.

2053 1952 2148 2008 sed
2180 1953 2351 2024 gloria
2390 1955 2623 2024 quadam
2658 1956 2833 2011 instar
2852 1953 2996 2011 lucis
3023 1954 3152 2010 illud
3190 1954 3360 2009 fuerit
3386 1955 3620 2009 circum-

2055 2046 2261 2102 datum.
2309 2043 2567 2114 Corporis
2604 2046 2747 2101 enim
2773 2056 3129 2115 permanente
3162 2045 3355 2118 ﬁgura,
3402 2046 3521 2116 ejus
3552 2046 3620 2099 li-

2055 2142 2343 2189 neamenta
2361 2135 2650 2206 gloriosius
2667 2134 2941 2191 iucil‘ormi
2957 2137 3191 2206 quodam
3213 2137 3392 2190 colore
3414 2137 3616 2190 imbuta

2059 2223 2299 2279 fuerunt.

2119 2322 2228 2394 58
2258 2322 2421 2393 XVII,
2462 2325 2518 2381 4.
2558 2323 2895 2394 Respondeas
2927 2334 3099 2379 autem
3140 2322 3333 2378 Petrus
3366 2326 3499 2379 dixit
3541 2328 3608 2378 ad

2047 2414 2226 2469 Jesum
2254 2432 2272 2469 :
2311 2415 2552 2482 Domine,
2584 2418 2771 2471 bonum
2805 2428 2880 2471 est
2907 2434 3001 2473 nos
3032 2418 3117 2479 hic
3140 2436 3250 2473 esse
3280 2434 3298 2473 :
3326 2422 3374 2474 si
3401 2420 3493 2482 vis,
3526 2420 3611 2487 [a-

2048 2506 2246 2560 ciamus
2300 2507 2383 2560 hic
2412 2508 2515 2561 tria
2558 2508 2918 2575 tabernacula,
2971 2510 3067 2563 tibi
3120 2525 3303 2576 unum,
3338 2519 3390 2565 et
3439 2510 3610 2583 Moysi

2050 2612 2233 2661 unum,
2256 2608 2302 2651 et
2331 2597 2467 2652 Elia:
2496 2614 2677 2652 unum.

2121 2685 2407 2742 Nesciebat
2435 2686 2565 2757 quid
2600 2688 2823 2743 diceret.
2874 2688 3014 2744 Ante
3047 2689 3351 2759 passionem
3381 2688 3523 2744 enim
3561 2700 3613 2740 et

2053 2779 2505 2834 resurrectionem
2535 2778 2833 2836 Salvatoris
2859 2780 3389 2852 destructionemque
3415 2783 3605 2838 mortis

2050 2878 2107 2923 et
2150 2871 2557 2940 corruptionem
2637 2886 2923 2941 corporum
2978 2883 3282 2928 nostrorum
3343 2874 3457 2929 ﬁeri
3508 2890 3612 2929 nun

2050 2965 2263 3025 poterat
2283 2968 2340 3011 ut
2369 2958 2556 3013 Petrus
2581 2970 2725 3015 esset
2752 2976 2873 3015 cum
2899 2960 3115 3016 Christo
3147 2972 3202 3017 et
3257 2964 3613 3019 tabernaculi,-

2050 3047 2362 3103 cmlestibus
2389 3048 2680 3106 frueretur.
2736 3050 2861 3107 Haec
2890 3054 3033 3107 enim
3070 3054 3333 3109 duntaxat
3374 3055 3489 3108 ﬁeri
3534 3054 3615 3111 fa.

2050 3146 2135 3191 est
2170 3147 2291 3207 post
2322 3140 2775 3196 resurreCtionem
2820 3139 3121 3199 Salvatoris
3160 3153 3214 3198 et
3243 3144 3613 3199 ascensionem

2052 3226 2107 3281 in
2133 3228 2348 3283 cmlum.

2123 3318 2233 3390 59
2266 3318 2427 3386 XVII,
2464 3320 2517 3375 6.
2557 3320 2627 3374 Et
2650 3323 2917 3377 audientes
2948 3324 3191 3392 discipuli
3221 3327 3514 3379 ceciderunt
3563 3329 3615 3378 in

2053 3409 2242 3478 [aciem
2273 3428 2424 3466 suam
2447 3421 2496 3466 et
2526 3414 2814 3466 timuerunt
2836 3412 3005 3469 valde.

2124 3502 2219 3560 Dei
2252 3504 2464 3573 quidem
2489 3513 2541 3558 et
2562 3503 2741 3559 Patris
2765 3520 2874 3559 vox
2917 3505 3054 3560 bona
3091 3515 3145 3560 et
3177 3521 3360 3562 amore
3412 3508 3570 3578 digna
3598 3528 3610 3566 ;

2054 3595 2148 3651 sed
2186 3610 2337 3650 mero
2372 3605 2517 3649 metu
2553 3594 2664 3663 jam
2716 3594 2950 3666 perculsi
2998 3596 3199 3651 cadunt
3249 3597 3517 3667 discipuli,
3563 3609 3622 3650 ut

2056 3698 2248 3740 rursus
2275 3699 2376 3755 per
2408 3687 2511 3741 hoc
2552 3687 2716 3741 etiam
2756 3687 3051 3755 discamus,
3076 3704 3238 3758 quam
3265 3691 3499 3744 maxime
3526 3706 3621 3745 ne-

2055 3775 2346 3829 cessarium
2387 3789 2526 3840 esse,
2574 3784 2631 3829 ut
2664 3776 2730 3832 iis
2770 3776 2862 3847 qui
2911 3777 2965 3830 in
2998 3786 3141 3838 terra
3175 3787 3321 3845 sunt,
3370 3780 3621 3834 mediatio

2055 3865 2366 3934 apparuerit
2394 3864 2714 3931 Salvatoris,
2762 3867 3034 3923 intellecta
3069 3869 3280 3924 scilicet
3312 3885 3407 3939 per
3436 3872 3616 3926 incar-

2058 3956 2293 4011 nationis
2349 3957 2587 4011 modum.
2619 3957 2733 4012 Nisi
2789 3958 2934 4013 enim
2978 3961 3133 4013 nobis
3197 3961 3389 4016 similis
3444 3960 3618 4016 factus

2057 4048 2273 4114 fuisset,
2304 4050 2427 4119 quis
2469 4051 2653 4118 utique
2694 4066 2927 4120 superne
2969 4052 3381 4108 descendentem
3427 4068 3623 4124 capere

2057 4142 2340 4210 potuisset,
2369 4157 2434 4196 ac
2468 4141 2792 4197 inelfabiiem
2824 4143 2967 4198 illius
3003 4144 3228 4214 gloriam
3258 4160 3419 4214 quam
3462 4162 3625 4200 nemo

2059 4233 2286 4289 fortasse
2313 4249 2500 4289 eorum
2534 4236 2624 4305 qui
2653 4235 2762 4290 nati
2793 4245 2919 4291 sunt
2957 4235 3098 4291 l‘erre
3126 4246 3322 4306 potest,
3362 4251 3623 4308 apparen-

2057 4324 2213 4378 tem?
2272 4324 2468 4380 Lucem
2498 4326 2641 4380 enim
2673 4340 2795 4380 eum
2844 4327 3145 4382 inhabitare
3193 4327 3623 4385 inaccessibilem

2060 4416 2250 4471 beatus
2278 4415 2475 4471 Paulus
2506 4417 2640 4471 dixit
2663 4416 2729 4471 “.

462 4513 598 4565 Τότε
644 4512 928 4583 συνῆκαν
962 4517 1017 4568 οἵ
1058 4516 1313 4584 μαθηταί
1362 4515 1452 4570 ὅτι
1497 4519 1629 4587 περὶ
1670 4519 1952 4575 Ἰωάννου

2133 4506 2294 4573 XVII,
2337 4509 2424 4562 I5.
2491 4507 2635 4561 Tunc
2676 4508 3044 4563 intellexerunt
3089 4509 3339 4579 discipuli
3388 4514 3514 4580 quia
3563 4514 3627 4565 de

385 4601 492 4656 τοῦ
518 4605 857 4659 Βαπτιστοῦ
888 4602 1058 4659 εἶπεν
1081 4607 1304 4673 αὐτοῖς.

456 4697 735 4752 Δδίκνυσιν
764 4699 792 4751 ὀ
815 4699 1046 4768 Χριστὸς
1074 4699 1200 4763 τοὺς
1237 4699 1524 4765 Ἰουδαίους
1551 4700 1670 4755 λίαν
1697 4703 1954 4772 ἀγνοοῦν-

384 4803 489 4849 τας
518 4786 615 4849 τὰς
656 4788 878 4866 Γραφὰς
896 4829 911 4850 ,
944 4788 1003 4855 ἐξ
1031 4783 1106 4845 ὧν
1135 4790 1226 4843 τὸν
1261 4791 1513 4863 Ἰωάννην
1538 4792 1637 4845 οὐκ
1666 4793 1909 4862 ἔγνωσαν
1933 4812 1946 4825 ·

384 4875 632 4928 τουτέστι
673 4877 765 4930 τὸν
811 4878 1027 4946 πρῶτον
1062 4878 1284 4942 Ἠλίαν,
1328 4879 1418 4931 τὸν
1454 4879 1552 4950 τὴν
1579 4880 1695 4932 ὁδὸν
1734 4882 1953 4951 ἑτοιμά-

386 4984 553 5021 σαντα
582 4969 675 5022 τοῦ
704 4970 910 5041 Κυρίου
931 4989 943 5002 ·
976 4970 1034 5023 ὃν
1062 4970 1381 5039 ἀγνοοῦντες
1412 4973 1507 5025 καὶ
1534 4973 1953 5037 ἀποκτείναντες

383 5059 473 5111 τὸν
498 5060 588 5112 τοῦ
630 5060 864 5131 Χριστοῦ
895 5062 1214 5134 πρόδρομον,
1248 5063 1341 5116 καὶ
1373 5063 1533 5117 αὑτὸν
1561 5064 1833 5135 ἠγνόησαν
1862 5065 1952 5118 τὸν

386 5152 591 5221 Κύριον
624 5153 717 5205 καὶ
750 5154 1073 5209 ἀπέκτειναν
1107 5155 1290 5209 αὐτόν.

454 5237 528 5298 Ὦ
563 5246 739 5312 γενεὰ
765 5244 1017 5313 ἄπιστος
1048 5247 1145 5300 καί
1176 5247 1633 5318 διεστραμμένη,
1673 5249 1783 5315 ἕως
1811 5250 1954 5303 πότε

382 5331 595 5403 ἔσομαι
616 5336 745 5404 μεθ’
767 5335 964 5404 ὑμῶν;
992 5336 1103 5400 ἕως
1134 5338 1278 5389 πότε
1304 5338 1587 5408 ἀνέξομαι
1625 5339 1827 5408 ὑμῶν;

458 5426 602 5490 Ἕως
652 5428 805 5494 πότε,
841 5428 997 5499 φησὶ.
1033 5428 1419 5500 συνδιαιτῶμαι
1446 5431 1574 5501 ὑμῖν
1608 5434 1720 5496 τοῖς
1773 5432 1950 5495 οὓτως

453 5605 494 5638 ³¹
527 5605 545 5660 I
576 5606 895 5672 Timothm,
928 5605 1015 5662 I6.

465 5767 540 5834 (ι)
564 5763 668 5819 Pro
701 5764 947 5832 ἐφίεσθαι
976 5765 1221 5832 suspicor
1254 5765 1536 5834 legendum
1565 5766 1873 5834 ἐφικέσθαι.

706 5854 975 5916 ΡΑτκοι..
1024 5856 1142 5917 Gn.
1191 5856 1443 5918 LXXII.

2058 4603 2264 4657 Joanne
2296 4601 2539 4670 Baptista
2560 4602 2778 4655 dixisset
2801 4603 2897 4655 eis.

2126 4690 2605 4752 Ostenditludmos
2629 4693 2683 4747 in
2698 4707 2887 4748 crassa
2918 4702 2974 4747 et
3003 4692 3194 4760 supina
3222 4691 3621 4764 Scripturarum

2061 4783 2400 4857 ignoratione
2432 4783 2638 4852 jacere,
2668 4800 2732 4840 ex
2761 4799 2827 4841 eo
2860 4788 3002 4856 quod
3038 4786 3249 4840 illarum
3296 4786 3493 4841 indicio
3522 4802 3625 4839 non

2065 4878 2381 4948 agnoverint
2425 4874 2705 4941 Joannem,
2735 4876 2838 4933 hoc
2874 4887 2957 4933 est
3005 4879 3238 4948 primum
3284 4879 3477 4941 Eliam,
3506 4894 3626 4931 eun:

2065 4969 2154 5037 qui
2185 4969 2321 5022 viam
2352 4967 2562 5022 Domini
2590 4968 2914 5038 praeparavit
2946 4984 2962 5020 :
2995 4983 3103 5037 quo
3147 4968 3257 5039 60
3300 4970 3548 5039 ignorata
3579 4981 3632 5020 et

2064 5058 2348 5113 interfecto
2395 5058 2598 5113 Christi
2651 5074 3019 5128 praecursore,
3076 5076 3142 5114 ne
3188 5062 3360 5127 ipsum
3410 5060 3626 5130 quidem

2061 5160 2392 5220 agnoverunt
2419 5150 2722 5215 Dominum,
2747 5166 2906 5222 quem
2938 5154 3150 5206 tandem
3174 5150 3508 5204 occiderunt.

2132 5240 2292 5308 XVII,
2326 5243 2411 5298 I7.
2437 5241 2481 5297 0
2506 5244 2768 5312 generalia
2792 5243 3065 5296 incredula
3084 5252 3131 5296 et
3151 5257 3410 5311 perversa,
3434 5258 3630 5310 quous-
3684 5236 3687 5237 ⁷

2058 5349 2157 5401 que
2183 5350 2272 5389 ero
2301 5335 2607 5388 vobiscum!
2635 5350 2897 5404 usquequo
2923 5334 3095 5400 patiar
3119 5334 3248 5388 vos?

2118 5424 2386 5492 Quamliu,
2404 5426 2595 5496 inquit,
2614 5424 2869 5481 versabar
2885 5424 3180 5488 vobiscum,
3199 5423 3268 5476 ita
3288 5422 3633 5487 contumelia,

3237 5856 3308 5915 14
