4134 6374
492 397 595 452 ιέει

1473 389 1529 445 S.
1579 386 1846 444 CYIIILLI
1887 378 2346 442 ALEXANDRINI
2383 376 2697 433 ARCHIEP.

3597 369 3704 423 628

493 521 634 573 sisct
656 515 986 573 incredulis?
1024 514 1311 569 ostendens
1341 511 1457 581 cogi
1496 525 1555 564 se
1583 523 1680 579 per
1714 504 2050 577 prmsentiam

2155 496 2427 567 ὑϐρισταῖς
2455 495 2549 548 καὶ
2568 491 2853 555 ἀπίστοις;
2884 487 3142 543 δεικνύων
3171 488 3252 542 ὅτι
3279 489 3313 560 ἠ
3340 487 3477 559 μετά
3502 489 3704 558 σαρκὸς

491 606 1075 664 ἰιιίοετιιοιοοιινετεετί
1107 619 1227 659 cum
1263 617 1368 658 non
1395 601 1567 666 bonis,
1608 611 1669 653 ut
1699 600 1841 668 ipsos
1878 595 2048 650 corri-

483 709 659 770 geret.

553 791 792 847 -InIidclis
815 788 1208 861 quodammodo
1233 787 1396 843 etiam
1428 797 1713 856 perversos
1737 789 1843 844 est,
1876 778 2050 834 nullo-

489 898 595 951 que
642 883 802 937 modo
845 891 992 937 recte
1039 894 1198 950 agere
1227 879 1397 934 novit.
1450 877 1583 934 Cum
1614 874 1882 930 similibus
1921 883 2050 925 vero

488 973 735 1028 Christus
762 986 884 1028 esse
923 972 1262 1042 dedignatur,
1306 979 1359 1024 et
1387 969 1430 1022 si
1460 965 1591 1038 quid
1638 967 1874 1020 humano
1903 975 2053 1016 more

490 1066 772 1121 dicendum
812 1075 917 1128 est,
949 1063 1280 1127 contemnit;
1332 1077 1438 1115 non
1467 1071 1645 1113 tamen
1679 1057 1781 1112 hoc
1805 1055 1873 1110 ad
1911 1054 2052 1110 illius

491 1171 778 1228 personam
811 1165 1018 1210 tantum
1049 1168 1108 1210 se
1131 1153 1390 1216 extendit,
1422 1161 1480 1204 ut
1508 1164 1574 1203 ne
1619 1148 1889 1202 hominem
1932 1158 2052 1200 esse

490 1250 723 1315 dubites,
773 1249 865 1304 sed
921 1247 987 1302 ad
1036 1261 1226 1301 omnes
1269 1245 1434 1300 etiam
1483 1240 1720 1295 Judreos.
1772 1236 2054 1293 Probabile

471 1341 633 1394 Aenim
663 1346 782 1393 erat
808 1337 1003 1391 multos
1025 1335 1366 1405 praesentium
1402 1330 1755 1388 scandalizari
1781 1344 1843 1383 ac
1863 1329 2052 1382 incon-

475 1431 757 1484 -venientia
786 1431 1024 1498 cogitare
1041 1430 1106 1482 de
1132 1429 1216 1483 iis.
1249 1427 1381 1482 Cum
1402 1438 1534 1479 vero
1551 1423 1708 1484 dixit,
1735 1422 2054 1488 «Quousque

490 1521 865 1575 commorabor
910 1518 1225 1574 vobiscum?
1266 1535 1284 1569 ι
1321 1516 1390 1572 ita
1423 1514 1651 1585 injurias
1699 1512 2056 1568 inferentibus

492 1620 546 1666 et
619 1611 924 1664 inﬁdelibus
978 1609 1212 1663 ostendit
1274 1619 1548 1675 corporeae
1593 1618 1707 1658 suae
1757 1598 2056 1672 praesentiae

494 1712 702 1770 tempus
731 1701 1005 1770 postulare
1034 1709 1092 1754 ut
1124 1715 1245 1754 cum
1269 1699 1349 1752 eis
1383 1704 1768 1759 commoretur,
1794 1709 1916 1748 cum
1934 1692 2052 1748 cle-

2147 585 2415 658 παρουσία
2445 581 2610 636 αὐτοῦ
2637 579 2944 651 ἠνάγκασεν
2989 577 3150 632 αὐτὸν
3179 575 3704 647 συναναστρέφεσθαι

2145 678 2258 738 τοῖς
2287 674 2388 727 οὐκ
2416 671 2658 742 ἀγαθοῖς,
2691 670 2779 723 ἴνα
2805 667 3170 740 διορθώσηται
3193 664 3412 728 αὐτούς.

2226 767 2286 820 '0
2311 765 2534 826 ἄπιστος
2557 761 2708 815 ἔσται
2737 777 2840 814 που
2865 759 2960 814 καὶ
2985 757 3434 829 διεστραμμένος,
3460 757 3554 811 καὶ
3573 756 3707 810 κατ’

2144 857 2335 912 οὐδένα
2361 854 2558 925 τρόπον
2579 851 2886 924 ὀρθοποδεῖν
2910 849 3084 914 εἰδώς.
3101 850 3226 913 Τοῖς
3246 849 3303 902 δὲ
3325 848 3586 912 τοιούτοις
3609 848 3709 902 οὐκ

2145 947 2290 1012 ἀξιοῖ
2314 945 2549 998 συνεῖναι
2577 943 2607 994 6
2638 940 2892 1013 Χριστὸς,
2923 939 3038 994 ἀλλ’
3068 939 3117 992 εί
3143 939 3248 1010 χρή
3277 956 3330 992 τι
3363 937 3471 991 τῶν
3497 937 3708 1008 ἀνθρω-

2149 1038 2319 1092 πίνων
2369 1037 2564 1099 είπείν,
2613 1033 2897 1103 ὀλιγωρεῖ·
2951 1030 3090 1101 πλὴν
3137 1031 3238 1084 οὑκ
3288 1031 3368 1092 είς
3411 1030 3472 1082 τὸ
3520 1029 3711 1083 τούτου

2148 1119 2439 1200 πρόσωπον
2472 1119 2612 1180 εἶναι
2653 1125 2814 1194 μόνον
2849 1122 3209 1184 ἀποτείνεται,
3242 1121 3327 1174 ἵνα
3358 1120 3433 1190 μὴ
3461 1121 3713 1191 ἀπορήσῃ

2144 1219 2238 1273 τὸν
2277 1217 2582 1288 ἄνθρωπον,
2616 1211 2731 1268 ἀλλ’
2757 1215 2836 1276 εἰς
2869 1211 3079 1276 πάντας
3114 1211 3421 1274 Ἰουδαίους.
3465 1212 3570 1264 Καὶ
3598 1213 3706 1280 γάρ

2145 1311 2292 1373 είκὸς
2317 1307 2543 1370 πολλοὺς
2569 1304 2677 1358 τῶν
2707 1304 2988 1374 παρόντων
3016 1303 3489 1372 σκανδαλισθῆναι,
3517 1305 3610 1355 καὶ
3639 1303 3708 1355 τά

2151 1401 2227 1473 μὴ
2253 1400 2595 1472 προσήκοντα
2619 1395 2869 1464 ἐννοῆσαι
2905 1394 3036 1464 περὶ
3071 1394 3449 1448 αὒτῶν.”οταν
3473 1394 3530 1446 δὲ
3561 1396 3710 1465 είπῃ,

2146 1493 2230 1546 ὅτι
2279 1490 2451 1554 «Ἕως
2499 1489 2628 1542 πότε
2674 1486 3061 1556 ωνδιαιτῶμαι
3105 1487 3272 1556 ὑμῖν;
3317 1505 3336 1538 ι
3386 1488 3498 1549 τοῖς
3544 1485 3714 1548 οὕτως

2149 1583 2428 1655 ὑϐρίζουσι
2456 1581 2548 1636 καὶ
2580 1581 2827 1642 ἀπίστοις
2849 1579 3119 1632 δείκνυσιν
3150 1579 3233 1632 ὅτι
3259 1580 3287 1632 6
3319 1577 3421 1648 τῆς
3450 1579 3715 1648 ἐνσάρκου

2149 1673 2450 1746 παρουσίας
2493 1671 2682 1742 καιρὸς
2717 1671 2914 1740 ἀπῄτει
2943 1669 3106 1722 αὑτὸν
3136 1668 3542 1722 συνδιαιτᾶσθαι
3579 1669 3715 1739 μετὰ

493 1791 691 1846 utentia
722 1759 885 1844 beum
913 1789 1125 1844 decenti
1155 1801 1279 1858 erga
1304 1801 1398 1840 eos
1420 1785 1512 1855 qui
1541 1784 1664 1839 boni
1699 1797 1802 1836 non
1825 1790 1973 1844 sunt,
1998 1786 2056 1831 ut

2155 1761 2484 1834 θεοπρεποῦς
2511 1761 2846 1830 ἡμερότητος
2868 1762 2981 1823 τοῖς
3008 1760 3106 1812 οὐκ
3128 1759 3377 1828 ἀγαθοῖς,
3405 1761 3491 1813 ἵνα
3516 1760 3716 1822 αὐτοὺς

493 1898 590 1938 eos
610 1896 802 1952 per-ea
831 1896 951 1950 qua:
991 1879 1118 1934 facit
1156 1842 1395 1947 corrigat
1421 1895 1439 1932 :
1471 1875 1706 1930 ostendit
1730 1874 1836 1943 61
1874 1881 2052 1925 autem

2155 1855 2219 1910 δι’
2245 1848 2320 1910 ὧν
2351 1855 2494 1906 ποιεῖ
2529 1851 2885 1924 διορθώσηται
2907 1867 2922 1884 ο
2953 1851 3191 1905 δείκνυσι
3219 1852 3277 1904 δὲ
3317 1853 3411 1904 καὶ
3443 1852 3717 1905 ἀσπαστὸν

491 1983 766 2044 acceptam
789 1973 890 2028 sibi
915 1973 1078 2028 etiam
1101 1984 1222 2026 esse
1246 1978 1498 2034 mortem,
1521 1976 1576 2023 et
1595 1982 1654 2024 se
1674 1967 1814 2022 hanc
1834 1979 2054 2034 cupere,

491 2066 901 2135 discessumque
950 2062 1295 2128 desiderare;
1335 2074 1508 2129 neque
1552 2067 1661 2112 tam
1708 2056 1856 2112 cruci
1889 2053 2054 2126 afﬁgi,

489 2169 650 2220 quam
671 2167 792 2208 cum
822 2153 903 2206 eis
926 2149 1132 2206 versari
1159 2148 1262 2204 sibi
1298 2161 1420 2202 esse
1444 2159 1607 2216 grave
1628 2158 1644 2197 :
1663 2157 1767 2198 non
1798 2151 1972 2196 tamen
2003 2141 2054 2194 in

489 2244 639 2298 hisce
655 2241 974 2298 criminibus
991 2239 1134 2298 stitit
1146 2251 1470 2296 sermonem.
1495 2236 1564 2290 At
1579 2233 1707 2306 quid
1723 2230 1834 2286 ait?
1855 2249 1874 2282 ι
1898 2229 2058 2285 Ferte

487 2333 620 2388 mihi
649 2333 826 2403 ipsum
855 2331 981 2387 huc.
1013 2349 1035 2385 ι
1475 2337 1485 2346 ·

561 2420 726 2490 XVII,
762 2421 849 2478 18.
888 2420 955 2476 Et
979 2419 1274 2490 increpavit
1327 2417 1481 2472 illum
1527 2413 1706 2476 Iesus,
1729 2423 1779 2467 et
1815 2411 1945 2466 exiit
1987 2411 2054 2464 ab

486 2534 548 2570 ro
577 2519 924 2579 dmmouium,
952 2527 1000 2570 et
1029 2524 1245 2569 curatus
1267 2522 1351 2568 est
1380 2525 1510 2581 puer
1535 2523 1601 2563 ea:
1630 2505 1725 2560 illa
1752 2505 1906 2558 liora.

574 2662 684 2716 Etsi
723 2669 995 2730 oporteret
1044 2662 1355 2719 daemoniaci
1381 2671 1588 2733 patrem
1630 2663 1838 2718 tristem
1877 2665 2054 2727 abire,

508 2767 604 2805 nec
621 2749 730 2805 voti
753 2761 1053 2821 compotem
1074 2761 1132 2806 ut
1158 2751 1247 2821 qui
1279 2767 1382 2806 non
1405 2750 1523 2806 sine
1546 2749 1700 2820 culpa
1729 2760 2055 2817 accesserat,

498 2844 600 2897 sed
629 2843 853 2899 chorum
885 2843 1247 2913 apostolorum
1281 2841 1576 2904 incusarat,
1602 2842 1922 2896 criminatus
1953 2856 2056 2896 non

499 2935 748 3002 potuisse
773 2949 865 2988 eos
899 2935 1180 3003 increpare
1206 2932 1521 2997 daemonem,
1553 2932 1681 3002 quin
1714 2933 1886 3002 ipsum
1915 2948 2058 3003 quo-

499 3041 609 3096 que
657 3028 1017 3081 calunmiatus
1073 3035 1188 3080 erat
1230 3035 1555 3096 potestatum
1607 3024 1912 3080 Dominum.
1955 3025 2056 3093 Qui

502 3119 646 3173 enim
682 3119 890 3174 dicebat
919 3135 1017 3172 eos
1061 3119 1302 3173 inﬁrmos
1328 3133 1453 3173 esse
1475 3126 1530 3174 et
1557 3118 1880 3188 impotentes
1923 3134 2056 3174 con-

504 3217 586 3259 tra
617 3206 926 3261 immundos
983 3206 1244 3277 spiritus,
1285 3207 1375 3276 qui
1430 3223 1460 3260 a
1512 3206 1730 3262 Christo
1779 3207 1923 3277 ipsos
1963 3209 2062 3278 eji-

501 3299 677 3353 ciendi
733 3308 1056 3367 acceperant
1099 3305 1419 3366 potestatem
1451 3338 1466 3360 ,
1512 3299 1559 3353 is
1605 3299 1781 3366 potius
1833 3300 2060 3370 gratiam

502 3399 737 3456 accusat,
769 3406 927 3458 quam
957 3405 1050 3444 eos
1085 3391 1173 3458 qui
1201 3390 1346 3442 illam
1374 3390 1482 3460 62
1512 3402 1836 3458 acceperunt
1869 3409 1882 3444 :
1917 3407 2052 3460 qua-

503 3488 722 3548 propter
748 3477 1016 3532 Inlldelem
1044 3478 1190 3531 illum
1210 3485 1439 3547 patrem,
1471 3479 1701 3548 ideoque
1722 3495 2059 3548 perversum,

503 3584 728 3624 vacuum
761 3569 1088 3638 oportuisset
1117 3568 1340 3622 dimitti.
1399 3567 1503 3622 Sed
1532 3583 1598 3622 ne
1629 3571 1750 3639 quis
1785 3580 1934 3640 putet
1983 3573 2063 3639 ip-

503 3668 735 3715 summet
757 3661 917 3714 etiam
949 3660 1220 3715 Christum
1251 3660 1316 3715 ad
1358 3661 1660 3715 mirabilem
1715 3663 1854 3716 hanc
1898 3677 2061 3718 cura-

505 3753 703 3806 tionem
735 3752 1003 3804 inlirmum
1044 3766 1166 3806 esse
1193 3793 1208 3818 ,
1255 3752 1552 3821 increpavit
1586 3752 1919 3808 immundum
1955 3755 2062 3823 spi-

504 3844 686 3908 titum,
721 3852 775 3898 et
801 3842 1085 3898 confestim
1133 3843 1272 3898 filius
1329 3859 1358 3898 a
1409 3845 1596 3900 morbo
1651 3845 1907 3901 liberatus
1935 3856 2059 3910 est,

501 3945 558 3991 ct
589 3936 819 3992 reddidit
874 3951 996 3991 eum
1037 3936 1178 4004 patri
1226 3949 1358 4004 suo;
1392 3947 1678 4006 antequam
1709 3939 1853 3992 enim
1898 3953 2061 3991 cura-

502 4035 672 4093 retur,
707 4039 810 4082 non
839 4026 1010 4096 patris
1055 4033 1200 4089 erat,
1251 4025 1346 4080 sed
1380 4025 1605 4096 spiritus
1657 4025 1734 4080 illi
1773 4025 2058 4082 dominan-

500 4116 590 4172 tis.

899 4293 1006 4366 63
1037 4294 1190 4368 (CAP.
1216 4294 1379 4364 XVII,
1405 4296 1645 4366 passim.)

566 4387 756 4460 Itaque
796 4387 1020 4442 deduxit
1074 4387 1290 4457 quidem
1351 4403 1535 4444 secum
1561 4390 1629 4456 'jn
1675 4399 1913 4446 montem
1949 4390 2062 4461 pri-

2153 1944 2281 1998 ὅντα
2306 1944 2397 1997 τὸν
2425 1943 2650 1998 θάνατον
2678 1942 2846 2013 αὐτῷ,
2879 1943 2974 1995 καὶ
3017 1942 3302 2012 ἐπιθυμεῖν
3344 1941 3405 1994 τὸ
3456 1944 3713 2013 πρᾶγμα,

2152 2039 2250 2091 καὶ
2276 2036 2458 2090 ποθεῖν
2490 2037 2590 2106 τὴν
2629 2035 2956 2104 ἀποδημίαν,
2993 2035 3086 2088 καὶ
3106 2035 3187 2087 ὅτι
3217 2034 3278 2087 οὐ
3318 2035 3381 2086 τὸ
3404 2035 3714 2105 σταυρωθῆ-

2153 2145 2264 2193 ναι,
2294 2126 2430 2181 ἀλλά
2471 2125 2532 2179 τὸ
2575 2121 2713 2178 εἶναι
2748 2123 2865 2194 μετ’
2899 2125 3077 2179 αὐτῶν
3117 2125 3254 2196 βαρύ
3279 2141 3293 2156 ·
3329 2126 3390 2178 οῦ
3440 2127 3548 2198 μὴν
3586 2127 3714 2198 ἔστη

2158 2219 2317 2289 μέχρι
2343 2218 2451 2270 τῶν
2483 2216 2862 2288 ἐγκλημάτων.
2881 2217 3042 2272 Ἀλλά
3065 2216 3117 2272 τί
3149 2234 3315 2288 φησι;
3353 2237 3371 2268 ι
3400 2219 3593 2290 Φέρετέ
3626 2237 3716 2291 μοι

2151 2309 2318 2363 αὑτὸν
2345 2300 2470 2362 ὧδε.
2502 2325 2521 2358 ι

2225 2398 2336 2453 Καὶ
2369 2398 2729 2467 ἐπετίμησεν
2772 2395 2931 2462 αὺτῷ
2967 2399 3001 2452 ὁ
3037 2398 3295 2466 Ἰησοῦς,
3327 2399 3424 2452 καὶ
3461 2399 3717 2466 ἐξῆλθεν

2155 2492 2256 2546 ἀπ’
2288 2490 2472 2545 αὑτοῦ
2514 2491 2580 2543 τὸ
2617 2489 2945 2558 δαιμόνιον,
2977 2491 3073 2544 καὶ
3112 2491 3473 2558 ἐθεραπεύθη
3517 2495 3548 2545 ὀ
3579 2491 3718 2557 παῖς

2158 2583 2275 2637 ἀπὸ
2301 2581 2414 2652 τῆς
2439 2581 2593 2651 ὥρας
2619 2582 2876 2648 ἐκείνης.

2229 2673 2293 2727 Εἰ
2317 2674 2411 2726 καὶ
2443 2673 2549 2725 ἔδει
2577 2673 2667 2726 τὸν
2701 2671 2796 2724 τοῦ
2824 2672 3187 2741 δαιμονῶντος
3221 2674 3433 2744 πατέρα
3451 2672 3721 2744 λυπούμε-

2158 2781 2248 2818 νον
2279 2764 2551 2830 ἀπελθεῖν,
2583 2766 2642 2818 οὐ
2675 2765 3009 2835 τετυχηκότα
3033 2765 3130 2834 τῆς
3157 2763 3484 2834 φιλοτιμίας,
3507 2767 3599 2819 ἆτε
3620 2769 3720 2819 οὐκ

2157 2854 2456 2926 ἀμώμητον
2479 2857 2842 2927 ποιησάμενον
2867 2855 2962 2925 τὴν
2985 2855 3264 2926 πρόσοδον,
3283 2855 3419 2910 ἀλλά
3439 2857 3532 2912 τοῦ
3561 2858 3720 2928 χοροῦ

2157 2947 2266 3000 τῶν
2305 2947 2616 3002 ἀποστόλων
2656 2947 3088 3018 μεταϐοήσαντα,
3116 2949 3358 3013 εἰπόντα,
3396 2949 3472 3019 μὴ
3506 2950 3724 3019 ἰσχύσαι

2158 3036 2354 3099 αὐτοὺς
2378 3035 2698 3106 ἐπιτιμῆσαι
2723 3035 2801 3106 τῷ
2830 3035 3078 3105 δαίμονι·
3114 3033 3312 3105 μᾶλλον
3341 3035 3400 3088 δὲ
3425 3034 3587 3089 αὑτὸν
3610 3034 3723 3087 δια-

2087 3165 2126 3220 C
2160 3127 2422 3182 ϐάλλοντα
2452 3126 2542 3180 τὸν
2584 3126 2691 3180 τῶν
2726 3126 3008 3197 δυνάμεων
3058 3125 3356 3197 Κύριον.⁹0
3400 3125 3509 3196 γὰρ
3549 3125 3721 3193 λέγων

2162 3217 2455 3287 ἀσθενῆσαι
2484 3217 2617 3287 πρὸς
2646 3216 2922 3285 ἐνέργειαν
2950 3215 3048 3286 τὴν
3070 3214 3210 3268 κατά
3239 3215 3562 3285 πνευμάτων
3587 3216 3722 3268 ἀκα-

2162 3307 2375 3378 θάρτων
2402 3309 2529 3372 τοὺς
2558 3307 2708 3378 παρά
2745 3306 2980 3377 Χριστοῦ
3025 3306 3273 3373 ἐξουσίαν
3318 3305 3602 3370 λαϐόντας,
3633 3308 3722 3359 ἐκ·

2161 3400 2377 3455 ϐάλλειν
2408 3401 2568 3464 αὐτὰ,
2607 3399 2704 3470 τῆς
2748 3401 2970 3470 χάριτος
3017 3398 3214 3470 μᾶλλον
3257 3401 3573 3470 κατηγορεῖ,
3604 3399 3724 3469 οὐχὶ

2159 3493 2268 3548 τῶν
2294 3493 2564 3546 λαϐόντων
2597 3493 2795 3561 αὐτήνο
2823 3491 2911 3546 διὰ
2946 3491 3119 3545 ταῦτα
3163 3489 3342 3544 τοίνυν
3378 3489 3467 3543 τὸν
3495 3489 3723 3543 ἄπιστον

2161 3585 2366 3638 ἐκεῖνον
2398 3583 2742 3652 πατέρα,1καὶ
2773 3583 2862 3636 διὰ
2891 3582 3049 3635 τοῦτο
3077 3581 3525 3654 διεστραμμένον,
3557 3581 3720 3651 ἐχρῆν

2161 3676 2316 3729 κενὸν
2365 3674 2806 3744 ἀποπεμφθῆναι.
2837 3673 2976 3726 Ἀλλ’
3011 3673 3098 3726 ἵνα
3151 3674 3224 3743 μή
3274 3689 3357 3735 τις
3400 3672 3576 3740 οἴηται
3627 3669 3724 3723 καὶ

2161 3767 2322 3822 αὐτὸν
2350 3765 2606 3836 ἀτονῆσαι
2635 3765 2724 3818 τὸν
2752 3763 2982 3834 Χριστὸν
3007 3762 3142 3834 πρὸς
3163 3763 3260 3835 τὴν
3291 3761 3385 3816 τοῦ
3419 3761 3720 3833 παραδόξου

2163 3857 2521 3930 κατόρθωσιν,
2551 3855 2848 3926 ἐπετίμησε
2875 3854 2950 3926 τῷ
2983 3854 3279 3925 ἀκαθάρτῳ
3312 3854 3599 3925 πνεύματι,
3629 3853 3723 3906 καὶ

2162 3950 2504 4020 παραχρῆμα
2532 3947 2626 4000 τοῦ
2658 3949 2831 4000 νοσεῖν
2858 3948 2887 3998 6
2913 3949 3038 4010 παῖς
3071 3945 3461 4016 ἀπηλλάττετο,
3497 3945 3593 3998 καὶ
3621 3945 3724 3998 ἀπ-

2161 4039 2362 4092 έδωκεν
2389 4037 2552 4092 αὐτὸν
2593 4036 2672 4106 τῷ
2714 4039 2881 4106 πατρὶ
2921 4035 3120 4089 αὐτοῦ’
3169 4035 3276 4105 πρὸ
3300 4037 3407 4107 γὰρ
3431 4035 3526 4088 τοῦ
3565 4035 3722 4109 θερα-

2162 4129 2456 4203 πευθῆναι,-
2484 4128 2585 4180 οὐκ
2625 4121 2694 4197 ἧν
2727 4124 2821 4178 τοῦ
2862 4125 3086 4196 πατρὸς,
3117 4123 3252 4178 ἀλλά
3279 4123 3370 4176 τοῦ
3401 4121 3724 4195 κρατοῦντος

2161 4234 2259 4272 πνε
2269 4217 2296 4270 ύ
2305 4233 2490 4288 ματος.

2231 4307 2436 4361 Οὐκοῦν
2455 4305 2745 4376 ἀνεκόμισε
2777 4305 2875 4374 μὲν
2903 4306 2982 4369 εἰς
3002 4304 3061 4357 τὸ
3082 4303 3206 4376 ὅρος
3226 4304 3349 4364 τοὺς
3372 4300 3722 4374 κορυφαίους,

2162 4399 2267 4455 τιια¹ίι
2284 4398 2482 4465 ἔδειξεν
2510 4397 2696 4460 αὐτοῖς
2739 4397 2836 4466 τὴν
2884 4396 3040 4460 δόξαν
3074 4396 3191 4466 μεθ’
3217 4391 3284 4468 ἧς
3329 4391 3620 4462 ἐπιλάμψει
3648 4390 3724 4461 τῷ

502 4484 725 4548 marios,
753 4479 1099 4550 ostenditque
1134 4479 1238 4534 illis
1267 4480 1494 4552 gloriam
1521 4523 1536 4546 ,
1575 4496 1679 4552 qua
1707 4481 1821 4535 suis
1848 4490 2057 4551 tempo-

2158 4490 2350 4561 κόσμῳ
2373 4487 2516 4542 κατά
2546 4486 2791 4558 καιρούς.
2829 4482 2981 4551 Εἶτα,
3010 4485 3285 4539 κατελθὼν
3327 4486 3390 4537 ἐκ
3417 4483 3510 4536 τοῦ
3539 4483 3722 4552 ὅρους,

500 4573 651 4628 ribus
683 4571 780 4625 toti
806 4571 1005 4625 mundo
1041 4569 1393 4640 prmlnlgebit.
1426 4569 1974 4628 Deindedescendens
1998 4574 2065 4628 de

498 4673 701 4728 monte,
729 4677 988 4735 perverso
1022 4673 1076 4717 et
1114 4663 1320 4717 crudeli
1348 4663 1542 4731 spiritu
1589 4669 1876 4732 quemdam
1927 4665 2060 4722 libe-

503 4756 661 4810 ravit.
693 4755 798 4810 Sed
836 4755 1125 4824 oportebat
1183 4769 1304 4809 eum
1342 4757 1566 4812 omnino
1617 4759 1909 4812 salutarem
1963 4771 2061 4827 pro

497 4848 657 4902 nobis
688 4847 958 4902 sustinere
984 4845 1312 4916 passionem,
1371 4861 1435 4901 ac
1488 4846 1792 4904 Iudaeorum
1821 4848 2064 4918 perferre

497 4937 907 5006 perversitatem
943 4953 957 4990 :
988 4951 1097 5004 quo
1129 4934 1271 4988 facto
1301 4973 1318 5000 ,
1377 4952 1553 5010 neque
1587 4939 1940 5008 improbabile
1980 4947 2064 4994 est

498 5027 794 5082 turbandos
822 5026 991 5080 fuisse
1020 5025 1333 5098 discipulos,
1371 5029 1611 5100 illudque
1644 5029 1784 5084 forte
1827 5030 1966 5084 intra
2004 5043 2064 5084 se

494 5122 830 5191 cogitaturos
873 5118 1223 5189 dicturosque
1261 5138 1274 5176 :
1307 5120 1408 5189 Qui
1463 5129 1541 5176 tot
1583 5132 1828 5176 mortuos
1878 5137 2061 5176 resus-

496 5213 631 5268 citat
657 5226 779 5266 cum
829 5211 1008 5267 dit'lua
1032 5215 1261 5284 quadam
1296 5220 1597 5282 potestate,
1645 5212 1737 5281 qui
1779 5227 1927 5266 mare
1976 5213 2064 5265 iu-

494 5311 687 5372 crepat
742 5321 807 5360 ac
851 5315 1071 5368 ventos,
1124 5303 1229 5374 qui'
1275 5305 1440 5358 verbo
1492 5304 1728 5358 cottterit
1777 5303 2062 5365 Satanam,

495 5400 766 5471 quomodo
800 5411 942 5451 ntmc
969 5396 1182 5465 capitur
1213 5402 1267 5448 et
1312 5395 1364 5449 in
1411 5395 1633 5466 laqueos
1667 5395 1857 5449 incidit
1888 5395 2064 5449 homi-

495 5489 786 5546 cidarum?
814 5488 1025 5558 decepti
1073 5501 1263 5542 sumus
1317 5486 1481 5556 igitur
1519 5487 1685 5542 Deum
1721 5487 1897 5558 ipsum
1944 5502 2064 5543 esse

495 5591 769 5653 putantes.
808 5580 879 5635 Ut
914 5581 1076 5649 igitur
1099 5587 1430 5650 cognoscant
1466 5594 1688 5650 prorsus
1741 5589 1796 5634 et
1838 5581 2062 5638 omnino

494 5677 757 5738 futurum,
796 5673 1032 5728 insinuat
1059 5674 1139 5727 eis
1171 5673 1486 5744 mysterium
1519 5671 1813 5742 passionis.

567 5763 730 5828 XVII,
754 5764 845 5817 2i.
882 5762 1219 5817 Venieutibus
1247 5775 1416 5818 autem
1441 5763 1550 5818 illis
1579 5765 1630 5818 in
1653 5761 2058 5835 Capharnnum,

2165 4579 2402 4651 πονηροῦ
2427 4598 2487 4634 τε
2513 4579 2609 4634 καὶ
2634 4579 2874 4650 ἀπηνοῦς
2897 4579 3206 4649 πνεύματος
3225 4575 3562 4647 ὴλευθέρωσέ
3581 4591 3720 4627 τινα.

2176 4671 2312 4726 Ἀλλ’
2337 4671 2446 4726 ἔδει
2493 4671 2709 4734 πάντως
2760 4669 2922 4724 αὐτὸν
2968 4669 3028 4722 τὸ
3073 4671 3335 4739 σωτήριον
3383 4666 3521 4737 ὑπὲρ
3567 4665 3722 4736 ἡμῶν

2163 4765 2450 4836 ὑπομεῖναι
2509 4763 2680 4827 πάθος
2706 4803 2720 4826 ,
2791 4763 2886 4815 καὶ
2944 4762 3042 4832 τῆς
3086 4761 3349 4814 Ἰουδαίων
3397 4757 3724 4828 ἀνασχέσθαι

2163 4855 2480 4925 σκαιότητος
2502 4870 2516 4884 ·
2546 4846 2606 4907 οῦ
2633 4853 2698 4925 δὴ
2726 4853 3030 4922 γεγονότος,
3063 4851 3181 4904 οὐδὲ
3211 4849 3434 4914 ἀπεικὸς
3480 4851 3535 4902 ἐν
3568 4847 3725 4919 θορύ-

2161 4943 2279 5008 ϐοις
2309 4943 2524 4996 ἔσεσθαι
2555 4945 2680 5006 τοὺς
2716 4941 2984 5014 μαθητὰς,
3034 4941 3251 4994 κάκεῖνό
3287 4957 3388 4993 που
3415 4939 3554 5009 τάχα
3596 4937 3728 4991 καθ’

2162 5039 2385 5101 ἐαυτοὺς
2431 5039 2632 5091 ἐννοεῖν
2689 5035 2784 5089 καὶ
2833 5035 3030 5103 λέγειν.
3067 5035 3126 5088 Ὀ
3170 5033 3454 5095 τοσούτους
3502 5031 3727 5100 νεκροὺς

2162 5130 2493 5200 ἀναστήσας,
2521 5130 2576 5182 ἐν
2609 5126 2825 5197 ἐξουσίᾳ
2851 5126 3142 5198 θεοπρεπεϊ
3165 5125 3260 5178 καὶ
3285 5123 3578 5185 θαλάσσαις
3605 5125 3727 5174 ἐπι-

2161 5221 2336 5290 τιμῶν
2362 5221 2456 5274 καὶ
2483 5219 2846 5291 πνεύμασιν,ὁ
2867 5219 3008 5289 λόγῳ
3030 5216 3326 5288 συντρίϐων
3354 5214 3444 5268 τὸν
3463 5216 3725 5270 Σατανᾶν.

2162 5308 2280 5372 πῶς
2326 5307 2441 5379 ἥλω
2486 5309 2623 5374 νυνὶ,
2651 5309 2746 5362 καὶ
2778 5311 2891 5372 τοῖς
2940 5310 3048 5361 τῶν
3080 5306 3364 5376 φονώντων
3399 5304 3730 5375 ἐμπέπτωκε

2164 5390 2416 5474 βρόχοιςς
2464 5402 2606 5471 Ἀρα
2635 5401 2993 5470 ἠπατήθημεν
3045 5399 3177 5452 Θεὸν
3229 5394 3369 5452 εἶναι
3420 5395 3731 5468 νομίζοντες

2161 5492 2465 5546 αὐτόν.’Ίνα
2496 5490 2675 5543 τοίνυν
2704 5489 2892 5544 εἰδεῖεν
2941 5489 3003 5542 τὸ
3050 5490 3328 5557 πάντητε
3383 5488 3476 5541 καὶ
3515 5488 3730 5548 πάντως

2160 5585 2437 5654 ἐσόμενον,
2466 5581 2769 5654 προμηνύει
2797 5582 2982 5646 αὐτοῖς
3026 5579 3120 5634 τοῦ
3169 5579 3373 5644 πάθους
3414 5580 3475 5633 τὸ
3524 5579 3729 5649 μυστή-

2163 5693 2298 5749 ριον.

2243 5766 2572 5822 Ἐλθόντων
2618 5764 2685 5818 δὲ
2727 5764 2925 5820 αὐτῶν
2967 5765 3054 5830 είς
3099 5761 3509 5831 Καπερναοὺμ,
3543 5773 3727 5832 προσ-
