4134 6374
430 407 535 461 τεο

1576 414 1934 471 COMMENT.
1972 416 2038 471 IN
2076 416 2507 474 MA'ITIlA-JUM.

3539 431 3644 487 630

430 514 618 582 ἦλθον
654 516 709 569 oi
753 515 824 570 τὰ
872 516 1163 590 δίδραχμα
1210 524 1613 590 ,ιαμσανοντες
1659 524 1740 589 τῷ
1789 525 1959 592 Πέτρε

2058 578 2059 585 η
2096 538 2424 581 accesserunt
2451 529 2540 598 qui
2564 526 2871 580 didracltma
2918 528 3236 600 accipiebant
3276 536 3350 588 ad
3396 534 3638 601 Petrum.

427 604 523 656 καί
551 604 756 658 εἷπον·
793 605 855 658 '0
881 605 1244 676 διδάσκαλος
1268 608 1433 679 ὑμῶν
1475 612 1546 665 οὐ
1592 613 1755 677 τελεῖ
1792 615 1864 667 τὰ
1899 613 1984 666 δί-

424 691 692 762 δραχμα;
720 693 888 764 Λέγει
908 711 921 726 ·
947 697 1061 750 Ναί
1066 738 1079 752 .

507 784 659 855 Ἐμοὶ
695 785 860 850 δοκεῖ,
891 786 973 840 ὅτι
1006 788 1146 842 κατά
1182 788 1341 843 πόλιν
1370 790 1607 862 εκάστην
1647 792 1888 864 ἀπῄτουν
1916 793 1984 847 τὰ

421 875 712 949 δίδραχμα,
747 880 827 934 διδ
873 883 967 935 καὶ
998 884 1057 935 ὲν
1086 885 1458 958 Καπερναοὺμ
1487 889 1753 960 εἰσῆλθον,
1797 892 1984 963 ἐπειδὴ

420 970 620 1039 πατρὶς
647 971 879 1041 Χριστοῦ
913 974 1189 1044 ἐνομίζετο
1208 990 1220 1003 ·
1254 979 1350 1032 καὶ
1388 979 1709 1051 πανούργως
1735 983 1983 1054 ἐρωτῶσι

419 1060 510 1113 τὸν
536 1060 740 1133 Πέτρον
763 1079 777 1093 ·
806 1064 1048 1135 Ἐπειδὴ,
1073 1065 1258 1135 φησὶν,
1288 1066 1409 1132 ἔθος
1443 1069 1557 1139 ἔχει
1586 1074 1699 1135 τοῖς
1734 1071 1827 1126 τοῦ
1857 1074 1984 1127 Mte-

419 1153 557 1216 σέως
579 1154 1034 1227 ἀντιπράττεσθαι
1052 1158 1257 1229 νόμοις,
1275 1161 1393 1214 ούδὲ
1416 1161 1474 1214 τὺ
1492 1162 1786 1232 δίδραχμον
1806 1164 1977 1234 τελεζ·

410 1244 571 1310 εἰδὼς
598 1247 678 1299 ὅτι
706 1246 799 1299 καὶ
827 1247 856 1300 6
881 1248 1115 1319 Χριστὸς
1138 1246 1205 1321 ἦν
1230 1252 1401 1305 είπὼν
1420 1270 1434 1284 ο
1485 1270 1503 1304 ι
1536 1253 1648 1306 Οὐκ
1685 1250 1848 1324 ἦλθον
1893 1273 1983 1311 κα-

412 1340 643 1393 ταλῦσαι
676 1340 768 1396 τὸν
813 1340 995 1412 νόμον,
1030 1342 1165 1397 ἀλλὰ
1212 1344 1519 1415 πληρῶσαι,
1548 1365 1566 1398 ι
1618 1348 1711 1399 καὶ
1758 1350 1840 1402 ὅτι
1882 1350 1982 1420 τῆς

406 1431 723 1502 οἰκονομίας
756 1434 784 1486 6
811 1432 1009 1504 τρόπος
1039 1435 1194 1488 τοῦτο
1218 1436 1456 1489 ἀπαιτεῖ.
1492 1438 1715 1502 Τούτοις
1743 1440 1840 1508 μὲν
1886 1437 1979 1495 οῦν

411 1518 563 1574 εἶπεν
595 1524 624 1576 6
653 1522 877 1595 Πέτρος,
901 1525 983 1579 ὅτι
1011 1526 1181 1579 nisi.”
1231 1526 1306 1598 τῷ
1334 1526 1390 1580 δὲ
1414 1528 1636 1601 Χριστῷ
1664 1530 1764 1584 οὐκ
1795 1527 1971 1598 εἶπεν,

412 1611 539 1676 ἴσως
568 1613 836 1686 ἐρυθριῶν
862 1616 1001 1688 ὑπὲρ
1026 1619 1229 1673 τούτων
1260 1618 1622 1690 διαλεχθῆναι.

478 1704 611 1758 Ἵνα
638 1704 706 1758 δὲ
726 1705 823 1782 Δμὴ
860 1707 1361 1779 σκανδαλίσωμεν
1387 1710 1628 1778 αὐτοὺς,
1667 1714 1977 1782 πορευθεὶς

402 1794 494 1857 είς
520 1791 636 1860 τὴν
656 1776 993 1861 θὰίλασσαν,
1015 1796 1174 1862 ,βάλε
1209 1776 1550 1868 ἄγκιστρον,
1699 1776 1805 1857 τὸν
1828 1776 1975 1859 ἄναξ

2087 624 2135 666 et
2168 616 2457 673 dixerunt:
2484 616 2735 686 Magister
2770 626 2937 670 vester
2964 635 3066 673 non
3094 620 3246 678 soluit
3293 623 3623 682 didraclmta'

2086 704 2172 756 Ait
2205 720 2223 757 :
2252 704 2450 760 Etiam.

2151 793 2263 864 64
2286 795 2413 851 Mihi
2441 795 2692 851 videntur
2727 811 2824 865 per
2847 796 3090 866 singulas
3123 801 3367 859 civitates
3394 805 3640 863 didrach-

2084 900 2168 939 ma
2193 887 2456 953 exegisse,
2479 887 2706 958 ideoque
2737 892 2789 945 in
2822 892 3200 963 Capharnaum
3233 894 3461 965 ingressi
3486 909 3633 965 sunt,

2081 974 2208 1041 quia
2238 976 2410 1042 patria
2440 975 2641 1031 Christi
2665 980 2988 1049 putabatur;
3013 988 3069 1037 et
3093 992 3271 1038 astute
3302 987 3637 1059 interrogant

2080 1062 2300 1120 Petrum
2326 1084 2340 1121 :
2362 1067 2519 1135 Quia,
2539 1070 2731 1140 inquit,
2756 1071 2893 1128 solet
2913 1073 3119 1145 legibus
3146 1074 3311 1133 Mosis
3336 1079 3633 1148 adversari,

2080 1167 2255 1222 neque
2310 1156 2626 1213 didrachma
2683 1158 2885 1216 solvit?
2930 1178 3035 1217 non
3092 1165 3309 1221 nescius
3359 1168 3633 1224 Christum

2080 1244 2322 1300 dixisse:
2353 1265 2373 1298 ι
2406 1242 2525 1302 Νοη
2555 1249 2677 1303 veni
2704 1250 2915 1307 solvere
2938 1253 3131 1325 legem,
3165 1256 3258 1310 sed
3283 1257 3631 1329 adimplere,»

2078 1344 2135 1389 et
2179 1336 2600 1408 dispensationis
2656 1343 2873 1399 modum
2932 1346 3038 1402 hoc
3086 1348 3391 1417 postulare;
3434 1352 3637 1407 idcirco

2078 1428 2355 1495 respondit
2389 1428 2454 1483 iis
2499 1428 2712 1496 Petrus,
2763 1448 2886 1489 eum
2931 1436 3144 1492 solvere
3171 1478 3187 1503 ,
3240 1438 3460 1494 Christo
3504 1457 3635 1498 vero

2079 1532 2183 1576 non
2215 1518 2371 1587 dixit,
2402 1522 2733 1582 erubescens
2764 1527 2996 1583 fortasse
3021 1529 3088 1585 de
3122 1531 3270 1587 hisce
3291 1532 3458 1602 loqui.

2146 1709 2312 1778 XVII,
2344 1713 2438 1771 27.
2470 1715 2542 1770 Ut
2570 1729 2747 1775 autem
2773 1738 2876 1777 non
2906 1724 3329 1783 scandalizemus
3356 1746 3464 1796 eos,
3504 1734 3635 1789 unde

2074 1803 2145 1856 ad
2173 1820 2339 1870 mare,
2372 1814 2422 1859 et
2457 1807 2603 1862 mitte
2627 1809 2864 1879 hamum,
2886 1824 2939 1868 et
2969 1817 3297 1883 eumpisrem
3316 1822 3408 1889 qui
3431 1822 3631 1891 primus

403 1880 589 1935 ϐάντα
618 1882 851 1952 πρῶτον
875 1886 1048 1954 Ιχθὺν
1079 1881 1251 1956 ἆρον·
1279 1889 1376 1942 καί
1405 1890 1652 1958 ἀνοίξας
1681 1896 1745 1947 τὸ
1776 1897 1959 1963 στόμα

2072 1896 2386 1963 ascenderit,
2417 1898 2542 1954 tolle
2573 1915 2592 1955 :
2622 1910 2671 1955 et
2698 1916 2874 1970 aperto
2907 1920 2994 1964 are
3017 1907 3152 1979 ejus,
3194 1908 3429 1971 invenies
3462 1930 3600 1974 state

402 1972 588 2026 αὑτοῦ
620 1973 899 2044 εὑρήσεις
920 1977 1205 2046 στατῆρα.
1224 1979 1490 2035 Ἐκεῖνον
1507 1981 1705 2038 λαϐὼν
1724 1983 1830 2051 δὸς
1857 1989 1964 2040 αὺ-

400 2063 526 2129 τοῖς
551 2065 684 2118 ἀντὶ
711 2066 856 2136 ἐμοῦ
891 2068 988 2123 καί
1024 2070 1163 2125 σοῦ.

481 2155 739 2210 Ἦδύνατο
766 2161 795 2212 6
827 2160 1018 2232 Σωτὴρ
1043 2160 1136 2214 καὶ
1159 2162 1222 2215 ἐκ
1253 2163 1351 2234 τῆς
1378 2164 1481 2235 γῆς
1507 2169 1849 2237 παραγαγεῖν
1876 2168 1964 2222 τὸν

401 2247 644 2318 στατῆρα
663 2264 678 2279 ο
725 2250 826 2303 οὐκ
868 2252 1088 2321 ἐποίησε
1117 2252 1173 2305 δὲ
1200 2254 1375 2321 τοῦτο,
1402 2256 1518 2329 ἀλλ’
1545 2259 1609 2313 ὲκ
1639 2259 1738 2329 τῆς
1768 2260 1965 2314 θαλάσ-

398 2354 497 2406 σης
521 2339 581 2391 τὸ
615 2344 838 2411 σημεῖον
864 2343 1176 2414 εἰργάσατο,
1207 2346 1293 2401 ἵνα
1323 2348 1472 2420 δείξῃ
1503 2351 1799 2422 μυστήριον
1830 2355 1963 2423 ἡμῖν

396 2426 631 2498 θεωρίας
658 2430 1142 2505 ἔμπλεων.Ἦμείς
1168 2438 1277 2509 γάρ
1303 2440 1470 2510 ἐσμεν
1489 2442 1538 2494 οἱ
1565 2442 1744 2512 ἰχθύες
1768 2443 1964 2515 θηρευ-

396 2516 579 2583 θέντες
594 2522 665 2574 ὲκ
685 2523 793 2577 τῶν
819 2522 913 2577 τοῦ
937 2524 1050 2596 βίου
1070 2529 1324 2599 ταραχῶν
1350 2530 1437 2584 διὰ
1457 2532 1565 2585 τῶν
1590 2534 1961 2590 ἀποστολικῶν

393 2611 1002 2690 διδαγμάτων.Ἔχομεν
1051 2620 1109 2675 δὲ
1155 2623 1214 2675 ὲν
1263 2626 1375 2688 τοῖς
1405 2627 1662 2698 στόμασιν
1690 2630 1844 2701 ἡμῶν
1868 2632 1959 2685 τὸν

395 2704 656 2778 στατῆρα,
684 2708 932 2761 τουτέστι
958 2710 1049 2764 τὸν
1076 2711 1331 2783 Χριστόν,

398 2815 507 2870 Τοῦ
536 2818 707 2896 ἀξίου
724 2822 1392 2901 βυρζλλουὲἐίτισκοφξου
1429 2829 1872 2901 Ἀλεξανδρείας
1889 2851 1957 2889 εκ

548 2886 667 2941 τῶν
685 2891 774 2956 εὶς
811 2886 880 2943 τὸ
913 2893 1064 2947 κατὰ
1088 2897 1389 2951 Ματθαῖον
1416 2886 1798 2970 Εὑαγίγέλιον.

483 2995 540 3048 Ὅ
567 2998 771 3071 στατὴρ
800 2999 876 3071 (Ι)
902 3002 930 3055 6
948 3003 1198 3073 ἀληθινός
1222 3023 1280 3059 τε
1306 3011 1396 3061 καὶ
1440 3012 1648 3082 νοητὸς,
1684 3014 1776 3067 καὶ
1799 3014 1875 3078 ὠς
1897 3017 1956 3069 ὲν

387 3084 543 3156 τύπῳ
573 3088 651 3159 τῷ
692 3090 749 3156 ἐξ
788 3090 918 3163 ὕλης
945 3092 1291 3166 δηλούμενος,
1327 3101 1488 3164 αὐτός
1517 3104 1661 3156 ἐστιν
1690 3105 1720 3157 6
1752 3106 1954 3176 Κύριος

385 3178 544 3248 ἡμῶν
596 3181 798 3251 Ἰησοῦς
831 3184 1084 3256 Χριστὸς,
1114 3190 1143 3242 6
1177 3189 1395 3255 διπλοῦς
1422 3194 1728 3266 χαρακτήρ.

454 3270 615 3325 ’Ὅσα
636 3272 744 3326 ἐὰν
770 3273 996 3343 δήσητε
1024 3277 1121 3331 ἐπὶ
1153 3276 1261 3348 τῆς
1287 3281 1420 3352 γῆς,
1448 3300 1503 3337 κ.
1533 3301 1586 3341 τ.
1615 3283 1668 3342 λ.

456 3453 858 3529 Ἐπειδὴδίδωσι
887 3461 998 3523 τοῖς
1032 3460 1091 3514 τὸ
1113 3462 1381 3518 διδάσκειν
1402 3464 1678 3536 λαχοῦσιν,
1701 3469 1948 3537 ἰξουσίαν

385 3544 478 3597 τοῦ
501 3544 648 3598 λύειν
676 3547 772 3600 καὶ
793 3547 1030 3619 δεσμεῖν,
1060 3553 1088 3605 6
1110 3553 1361 3625 Χριστὸς,
1392 3556 1466 3629 μὴ
1500 3560 1946 3630 μεταφοιτώντων

383 3636 492 3690 τῶν
521 3635 668 3702 ἅπαξ
695 3638 1058 3694 ἐκκλινάντων
1089 3645 1226 3715 πρὸς
1255 3644 1439 3715 ἔφεσιν
1467 3650 1687 3721 ἀρετῆς,
1722 3652 1826 3725 χρὴ
1859 3654 1948 3706 δε-

383 3727 551 3781 διέναι
584 3728 683 3791 τὰς
717 3729 824 3783 τῶν
851 3731 1020 3800 ἁγίων
1049 3735 1252 3803 φωνὰς,
1300 3738 1403 3792 κᾶν
1455 3739 1528 3811 μὴ
1580 3742 1762 3796 πολλοί
1808 3762 1949 3810 τινες

386 3816 494 3873 εἷεν
529 3821 579 3873 oi
606 3820 948 3892 διορίζοντες.
984 3826 1445 3901 Πεπληροφόρηκε
1491 3831 1599 3905 γὰρ
1648 3834 1741 3887 καὶ
1789 3836 1948 3890 τοῦτο

383 3911 531 3980 ἡμᾶς
554 3913 582 3964 6
608 3913 858 3983 Χριστὸς,
892 3916 1013 3986 οὐχὶ
1040 3917 1212 3989 δήπου
1242 3921 1480 3988 πάντως,
1522 3925 1604 3977 ὅτι
1645 3927 1711 3980 ἐκ
1736 3927 1946 3982 πολλῶν

385 4002 537 4055 ἔσται
578 4002 792 4072 βέϐαιον
830 4004 1021 4071 εἰπὼν,
1061 4009 1175 4063 ἀλλ’
1214 4012 1262 4064 εί
1308 4014 1402 4067 καὶ
1445 4014 1537 4069 δύο
1577 4016 1669 4071 τὸν
1717 4019 1946 4090 ἀριθμὸν

385 4093 687 4164 συμφώνως
723 4095 815 4150 καὶ
849 4102 1342 4183 περιεσκεμμένως
1365 4105 1627 4177 ὁρίσειαν,
1656 4112 1736 4175 εἰς
1774 4111 1946 4183 πέρας

379 4186 531 4256 ἥξειν
573 4188 1053 4258 ἐπαγγειλάμενος.
1108 4180 1405 4265 Συνὲσομαι
1452 4198 1583 4270 γὰρ,
1634 4202 1805 4273 φησι,
1850 4180 1946 4257 ita},

381 4278 631 4348 συνοριῶ,
645 4280 706 4344 εἰ,
719 4279 870 4349 μόνοι
891 4280 984 4334 δύο
1014 4284 1324 4355 συναχθεῖεν
1346 4288 1414 4341 δι’
1432 4290 1531 4360 tua
1549 4308 1563 4321 ·
1591 4293 1651 4345 ού
1672 4293 1780 4365 γὰρ
1802 4293 1943 4368 [τὸν]

378 4369 485 4421 τῶν
507 4370 794 4424 συνιόντων
824 4372 1078 4443 ἀριθμὸν,
1107 4375 1242 4430 ἀλλὰ
1273 4377 1370 4449 τὴν
1401 4380 1501 4450 τῆς
1533 4383 1816 4450 εὐσεϐείας
1850 4388 1943 4442 καὶ

377 4459 648 4527 φιλοθεΐας
678 4461 905 4534 δύναμιν
940 4466 1159 4537 ἐνεργὸν
1186 4470 1518 4541 γενήσεσθαί
1556 4492 1706 4544 φησι.

1966 4590 2009 4645 D

456 4632 773 4690 Ἐκέλευσε
816 4638 1112 4708 πραθῆναι
1149 4642 1354 4710 αὐτὸν,
1399 4646 1497 4700 καί
1544 4648 1658 4719 τὴν
1682 4654 1933 4721 γυναῖκα

369 4724 575 4789 αὐτοῦ,
605 4725 702 4778 καὶ
731 4726 803 4779 τὰ
826 4729 1026 4784 τέκνα.

438 4813 537 4867 Διὰ
568 4815 665 4885 τῆς
711 4818 966 4887 πράσεως
994 4820 1095 4891 τῆς
1125 4823 1399 4890 γυναικὸς,
1435 4828 1527 4880 καὶ
1560 4829 1666 4883 τῶν
1708 4832 1929 4900 λοιπῶν,

370 4905 689 4975 σημαίνεται
731 4907 839 4961 τῶν
868 4912 1018 4982 παρὰ
1050 4912 1183 4967 Θεοῦ
1206 4916 1453 4985 τερπνῶν
1478 4920 1509 4989 ἡ
1536 4921 1616 4985 είς
1644 4921 1788 4976 ἅπαν
1828 4927 1932 4996 ἁφ-

366 4997 594 5067 αίρεσις,
619 4999 711 5052 καὶ
734 5001 1053 5066 ἀπόπτωσις
1087 5007 1375 5078 παντελής.
1392 5010 1456 5063 Ἦ
1480 5011 1589 5085 γὰρ
1612 5017 1812 5086 πρᾶσις
1832 5019 1929 5089 τὴν

365 5087 472 5139 ἀπὸ
499 5086 633 5140 Θεοῦ
664 5089 816 5161 δηλοί
837 5092 1209 5165 ἀλλοτρίωσιν.

434 5178 859 5248 Εὐκοπώτερον
907 5183 1038 5237 ἐστι
1082 5186 1357 5256 κάμηλον
1404 5190 1501 5245 διὰ
1549 5196 1918 5266 τρυπήματος

355 5267 608 5335 ῥαφίδος
634 5268 907 5327 διελθεῖν.

434 5358 691 5430 Κάμηλον
714 5362 945 5417 ἐνταῦθά
977 5382 1164 5452 φησιν,
1188 5368 1248 5420 ού
1274 5368 1334 5424 τὸ
1356 5370 1492 5435 ζῶον
1516 5373 1577 5427 τὸ
1603 5376 1922 5452 ἀχθοφόρον,

2072 2002 2179 2040 rem
2204 2004 2226 2053 ;
2255 1988 2644 2062 illumsumens,
2669 1994 2740 2052 da
2765 1986 2840 2055 eis
2853 2017 2949 2069 pro
2978 2016 3123 2059 meet
3147 2017 3214 2061 te.

2140 2162 2411 2223 Potuisset
2452 2171 2634 2242 utique
2681 2170 2931 2232 Salvator
2972 2179 3133 2236 etiam
3193 2198 3261 2239 ex
3312 2194 3452 2241 terra
3513 2198 3622 2243 sta-

2072 2263 2238 2309 terem
2281 2257 2538 2326 effodere,
2587 2263 2758 2320 noluit
2806 2279 3012 2335 autem,
3047 2273 3141 2327 sed
3170 2278 3366 2331 e'mari
3411 2279 3627 2349 signum

2069 2348 2376 2416 arcessivit,
2438 2361 2497 2405 ut
2546 2360 2860 2425 mysterium
2919 2360 3077 2417 nobis
3127 2363 3376 2423 innueret
3428 2348 3628 2428 arcana

2070 2435 2421 2508 intelligentia
2451 2442 2844 2511 plenissimum.
2894 2448 3001 2506 Nos
3039 2454 3182 2509 enim
3230 2459 3408 2527 pisces
3436 2475 3626 2518 Sumus

2066 2539 2133 2581 ex
2162 2529 2289 2584 vita:
2324 2544 2388 2585 ac
2440 2535 2622 2590 saeculi
2669 2543 3082 2608 tempestatibus
3141 2550 3448 2616 apostolicae
3490 2569 3628 2623 prae-

2068 2617 2363 2675 dicationis
2391 2622 2598 2690 piscatu
2643 2627 2876 2697 quodam
2909 2637 3163 2689 extracti.
3224 2617 3625 2698 Habemus-au-

2066 2714 2172 2761 tem
2201 2708 2254 2763 in
2283 2725 2378 2767 ore
2400 2710 2508 2783 65
2531 2723 2806 2786 staterem,
2835 2720 3039 2778 scilicet
3064 2724 3368 2783 Christum.

2063 2824 2248 2883 Sancti
2285 2828 2485 2907 Cyrilli
2512 2834 2740 2907 episcopi
2767 2835 3104 2907 Alexandria
3145 2858 3210 2895 ex
3253 2851 3623 2907 commentario

2467 2902 2523 2955 in
2540 2896 2795 2960 ’Ποιητιὲὶ
2822 2902 3183 2978 Euangelium.

2132 3009 2312 3069 Stater
2334 3029 2497 3071 verus
2523 3032 2587 3072 ac
2618 3017 3017 3087 intellectualis,
3066 3022 3117 3077 in
3154 3033 3279 3095 typo
3308 3027 3472 3083 veluti
3505 3047 3623 3086 ma-

2061 3103 2235 3159 teriali
2298 3106 2590 3173 exhibitus,
2637 3110 2749 3180 ipse
2802 3122 2884 3166 est
2937 3112 3192 3170 Dominus
3241 3127 3423 3174 noster
3463 3119 3623 3179 Jesus

2057 3190 2327 3260 Christus,
2358 3197 2550 3265 duplex
2580 3200 2877 3257 character.

2126 3282 2239 3354 66
2289 3280 2493 3354 XVIII,
2552 3290 2638 3346 18.
2695 3290 3031 3365 Quwcunque
3084 3296 3430 3367 aiiigaveritis
3466 3318 3624 3372 super

2049 3383 2261 3441 terram,
2290 3386 2394 3432 etc.

2124 3464 2257 3531 Quia
2283 3466 2432 3522 dedit
2464 3468 2553 3534 iis,
2583 3471 2673 3540 qui
2718 3471 2946 3529 docendi
3000 3493 3196 3533 munus
3240 3482 3420 3539 sortiti
3448 3495 3573 3539 sunt
3598 3524 3616 3549 ,

2051 3563 2375 3624 petes‘utem
2431 3557 2629 3629 ligandi
2685 3571 2847 3632 atque
2883 3566 3128 3623 solvendi
3165 3570 3413 3629 Christus
3444 3615 3460 3640 ,
3507 3593 3611 3632 non

2048 3660 2338 3703 conversos
2370 3662 2486 3713 eos,
2534 3652 2623 3720 qui
2652 3656 2818 3708 semel
2873 3658 2940 3711 ad
2994 3662 3305 3716 sectandam
3360 3665 3613 3721 virtutem

2047 3734 2198 3791 fuere
2245 3738 2499 3807 propensi
2553 3751 2866 3799 sanctorum
2923 3761 3084 3803 voces
3138 3750 3331 3807 timere
3377 3764 3611 3823 oportet,

2049 3826 2151 3879 etsi
2183 3840 2287 3881 non
2317 3828 2466 3882 multi
2499 3831 2606 3886 sint
2627 3834 2715 3901 qui
2747 3835 2972 3891 deﬁnire
2993 3838 3044 3891 id
3072 3846 3613 3907 possuntzcertiores

2046 3916 2191 3970 enim
2224 3917 2290 3970 de
2322 3917 2426 3972 hoc
2452 3933 2548 3975 nos
2582 3920 2831 3979 Christus
2857 3924 3006 3992 fecit,
3031 3944 3136 3984 non
3173 3932 3361 4002 utique
3386 3938 3609 3994 omnino

2047 4020 2110 4059 ex
2146 4006 2330 4062 multis
2355 4010 2824 4069 confirmationem
2858 4016 2976 4073 fore
2998 4019 3204 4085 dicens,
3238 4025 3332 4078 sed
3366 4029 3468 4083 etsi
3493 4031 3602 4086 duo

2046 4112 2294 4163 numero,
2352 4103 2743 4159 consentiendo
2776 4115 2830 4161 et
2862 4108 3253 4180 circumspecte
3276 4115 3607 4189 deiinierint,

2047 4183 2204 4238 linem
2229 4188 2498 4253 promittit
2523 4202 2891 4250 assecuturos.
2937 4196 3110 4252 Simul
3155 4203 3299 4257 enim
3326 4244 3344 4269 ,
3384 4183 3613 4281 inquit,

2043 4289 2160 4338 cro,
2215 4277 2486 4349 simulque
2535 4281 2812 4351 deﬁniam,
2848 4288 2950 4342 etsi
2980 4289 3089 4344 duo
3137 4292 3237 4346 soli
3288 4304 3599 4369 congregati

2044 4365 2242 4421 fuerint
2268 4380 2489 4440 propter
2518 4387 2641 4442 me;
2699 4391 2803 4431 non
2839 4381 2983 4433 enim
3028 4382 3189 4438 simul
3227 4365 3602 4447 exsistentium

2046 4472 2352 4522 numerum.
2380 4463 2474 4517 sed
2522 4465 2775 4534 pietatem
2823 4468 3029 4541 Deique
3055 4489 3292 4530 amorem
3330 4479 3602 4540 emcacem

2044 4546 2157 4603 fore
2181 4551 2276 4606 ait.

2105 4662 2213 4732 67
2253 4662 2435 4729 XVIII,
2459 4665 2548 4721 25.
2579 4668 2745 4724 Jussit
2784 4689 2899 4727 cum
2944 4678 3238 4730 uenundari
3257 4717 3272 4745 ,
3309 4691 3358 4734 et
3383 4699 3600 4739 uxorem

2035 4750 2168 4819 ejus,
2193 4762 2239 4805 et
2271 4752 2431 4821 ﬁlios.

2106 4842 2211 4898 Per
2277 4846 2641 4905 venditionem
2676 4856 2863 4910 uxoris
2895 4872 2957 4913 ac
2987 4862 3320 4933 reliquorum
3358 4866 3602 4922 innuitur

2035 4933 2432 4992 delectabilium
2467 4944 2707 4998 omnium
2758 4961 2788 5001 a
2847 4948 2955 5004 Deo
2994 4952 3149 5022 plena
3196 4955 3462 5023 sublatio,
3527 4971 3594 5012 ac

2035 5025 2340 5081 omnimoda
2377 5030 2627 5099 privatio.
2662 5031 2788 5091 Hec
2837 5039 2981 5094 enim
3037 5045 3275 5100 venditio
3319 5046 3593 5105 alienatio-

2033 5130 2156 5170 nem
2188 5133 2217 5171 a
2245 5118 2357 5174 Deo
2386 5121 2647 5181 declarat.

2101 5204 2247 5273 XIX,
2279 5208 2372 5262 24.
2413 5210 2657 5270 Facilius
2683 5227 2757 5272 est
2790 5221 3049 5277 camelum
3084 5242 3177 5293 per
3204 5226 3444 5296 foramen
3463 5249 3590 5291 acus

2029 5301 2367 5365 pet-transire.

2100 5388 2377 5446 Camelum
2406 5393 2493 5448 hic
2515 5396 2672 5465 dicit,
2695 5414 2798 5455 non
2827 5404 3026 5459 animal
3056 5409 3315 5467 oneribus
3354 5413 3596 5474 ferendis

359 5443 497 5499 ἀλλὰ
520 5448 589 5501 τὸ
612 5453 758 5520 παχὺ
782 5454 1013 5522 σχοινίον
1042 5458 1101 5510 ὲν
1131 5449 1175 5526 ᾧ
1201 5459 1522 5531 δεσμεύουσι
1555 5443 1924 5541 τὰς-ἁγνύρας

359 5537 405 5577 ιι
442 5538 625 5577 υηῧιγη.
662 5541 799 5577 rus.
835 5561 952 5577 ,ιι-...ρ
985 5548 1153 5577 suum-
1178 5551 1270 5577 ..-ι
1306 5553 1598 5577 ι-.--ω-.--..
1654 5559 1743 5577 _,-
1807 5562 1859 5577 ..ι

2202 5443 2224 5444 η
2245 5443 2257 5445 ν
2295 5443 2375 5446 ___-
2406 5443 2492 5448 η--
2519 5443 2672 5465 _.-.-,
2695 5443 2798 5455 ..νη
2827 5443 3026 5459 -..ηπ-ι
3056 5443 3315 5467 vum-uua
3354 5443 3596 5474 seramus

2061 5479 2371 5545 estinatnm,
2392 5484 2485 5539 sed
2499 5500 2738 5542 crassum
2759 5490 2959 5560 funem,
2984 5496 3068 5549 cui
3098 5501 3362 5558 anchoras
3374 5505 3598 5577 alligant

356 5537 407 5589 ei
442 5538 801 5612 ναῦται.Ἤδη
835 5561 952 5609 πως
984 5548 1153 5616 ἐγγὺς
1178 5551 1275 5605 καὶ
1302 5553 1599 5627 ἀγχίθυρον
1648 5559 1745 5612 τοῦ
1795 5537 1922 5616 ἀδυσ-

358 5626 518 5682 νάτοτυ
536 5630 598 5683 τὸ
623 5631 810 5704 χρῆμα
830 5636 1021 5702 τιθεὶς,
1049 5639 1323 5697 δείκνυται
1347 5646 1445 5715 οὐχ

427 5807 505 5877 (1)
551 5806 605 5860 '0
644 5813 867 5882 στατὴρ
899 5844 966 5855 -
997 5818 1318 5888 χαρακτήρ.
1348 5821 1450 5878 Mai
1489 5823 1552 5880 Β.
1585 5826 1656 5882 Ν.
1693 5827 1756 5895 Il,
1793 5831 1914 5889 481.

2026 5581 2221 5625 nautae.
2248 5570 2366 5628 iam
2384 5577 2784 5644 quodammodo
2806 5597 2917 5638 rem
2945 5585 3329 5656 impossibilem
3364 5570 3499 5653 esse
3514 5599 3599 5653 di-

1471 5649 1499 5699 6
1523 5648 1705 5720 τυχὼν
1734 5654 1922 5723 μισθὸς

2058 5674 2153 5716 ens
2172 5664 2408 5721 ostendit
2431 5681 2535 5723 non
2576 5671 2873 5739 quamlibet
2905 5648 3208 5737 mercedem
3251 5685 3507 5744 divitibus
3539 5699 3594 5747 et
