4134 6374
490 413 588 466 831

1519 401 1578 458 S.
1617 399 1889 454 (ινιιιιιι
1932 396 2396 453 ΑἰΕΧΑΝυΙίΙΝἰ
2437 394 2757 450 AHCHIEI'.

493 528 797 603 potentibus
826 521 1377 590 convenire.ldeoque
1409 521 1498 574 Dei
1512 519 1898 590 opusidipsnm
1929 532 2045 572 esse

2149 518 2262 578 τοῖς
2296 514 2571 576 πλουσίοις
2622 513 2718 566 καὶ
2767 510 3080 581 δυναμένοις
3134 511 3472 579 φιλοσοφεῖν
3506 509 3586 565 διὸ
3633 517 3725 568 καὶ

493 629 590 691 ait,
628 634 684 678 ut
711 621 962 677 ostendat
1011 632 1202 688 magna
1236 614 1412 686 gratia
1450 629 1587 684 opus
1635 627 1784 680 esse,
1825 621 1885 666 ut
1923 611 2046 681 quis

490 721 542 773 in
575 717 810 770 futurum
835 711 934 767 hoc
960 719 1108 765 recte
1138 707 1323 763 faciat.

555 909 697 978 XIX,
730 908 820 964 29.
850 905 1164 975 Centuplum
1206 903 1442 973 accipiet.

567 1020 1088 1090 Subintelligendum
1115 1025 1236 1084 est,
1262 1016 1391 1072 licet
1423 1029 1532 1069 non
1560 1013 1748 1068 eadem
1781 1027 1906 1068 cum
1937 1011 2047 1070 dis-

485 1113 682 1183 cipulis
713 1111 804 1166 alii
832 1109 1019 1165 ﬁdeles
1065 1114 1502 1175 consequantur,
1551 1104 1831 1159 habituros
1862 1113 2040 1160 tamen

484 1220 584 1275 pro
619 1201 929 1257 carnalibus
960 1199 1178 1268 quidem
1226 1197 1472 1266 cognatis
1507 1209 1632 1250 cum
1665 1192 1775 1248 Deo
1814 1193 2044 1248 familia-

487 1297 726 1359 ritatem,
755 1291 1257 1358 fraternitatemque
1293 1297 1482 1343 sancta
1523 1286 1744 1341 civitate
1777 1284 2046 1354 primoge-

485 1388 718 1442 nitorum
746 1393 936 1448 matre,
979 1382 1046 1437 ad
1093 1381 1256 1439 vitam
1299 1379 1418 1436 sine
1473 1377 1581 1433 ﬁne
1630 1376 1998 1444 accipiendam
2027 1414 2043 1440 ,

479 1495 604 1547 qua:
630 1487 714 1533 est
742 1477 794 1532 in
849 1475 1104 1535 frtiitione
1146 1471 1498 1540 sempiterna,
1531 1477 1588 1524 et
1627 1469 1681 1522 in
1731 1467 1940 1524 deliciis
1983 1481 2045 1523 ac

479 1569 628 1624 nulla
661 1581 894 1637 unquam
920 1566 1185 1620 bonorum
1220 1563 1568 1632 privatione;
1605 1560 1709 1614 hoc
1738 1560 1881 1614 enim
1915 1575 2042 1614 vera

478 1663 590 1715 vita
623 1671 724 1725 est,
760 1673 885 1713 nam
919 1656 1122 1727 alioqui
1171 1667 1230 1710 et
1276 1665 1590 1725 peccatores
1633 1653 1831 1708 victuri
1890 1663 2038 1708 sunt.

483 1750 692 1807 Omnes
723 1749 866 1804 enim
903 1760 1266 1816 resurgemus,
1297 1745 1391 1799 sed
1439 1759 1560 1798 eum
1621 1742 1671 1796 in
1702 1743 1876 1812 ptenis
1926 1742 2045 1798 sine

481 1837 784 1894 cessatione
827 1834 992 1889 futuri
1035 1836 1180 1900 sint,
1248 1834 1300 1887 in
1353 1842 1526 1887 morte
1571 1845 1694 1888 esse
1739 1832 2040 1886 dicuntur:

2151 605 2287 658 Θεοῦ
2326 605 2486 673 ἔργον
2513 603 2648 658 αὐτὸ
2687 605 2888 674 ἔφησεν
2915 599 3076 668 εἶναι,
3111 603 3199 656 ἵνα
3223 601 3372 672 δείξῃ
3405 603 3486 656 ὃτι
3517 603 3598 656 δεῖ
3627 605 3726 670 τῆς

2151 695 2374 766 χάριτος
2405 693 2486 763 τῷ
2522 694 2768 764 μέλλοντι
2798 693 2957 746 τοῦτο
2984 692 3305 762 κατορθοῦν.

2244 895 2867 950 Ἑκατονταπ.ἓασίονα
2901 893 3179 963 λήψεται.

2233 1008 2681 1078 Ἐπισημαντέον,
2713 1009 2794 1062 ὅτι
2821 1006 2922 1062 κᾶν
2949 1007 3025 1078 μὴ
3049 1005 3157 1059 τῶν
3183 1005 3365 1060 αὐτῶν
3389 1009 3504 1072 τοῖς
3543 1009 3722 1081 μαθη-

2149 1104 2270 1166 ταῖς
2300 1102 2352 1155 οἱ
2382 1102 2560 1156 λοιποὶ
2605 1103 2959 1174 ἐπιτύχωσιν,
3003 1100 3118 1154 ἀλλ’
3151 1101 3302 1170 ὅμως
3345 1101 3558 1168 ἕξουσιν
3602 1106 3725 1159 ἀντὶ

2152 1193 2254 1264 μὲν
2277 1193 2384 1246 τῶν
2406 1193 2549 1248 κατὰ
2571 1195 2748 1266 σάρκα
2767 1191 3065 1262 συγγενῶν,
3085 1190 3220 1263 πρὸς
3240 1191 3373 1244 Θεὸν
3395 1195 3722 1266 οἰκειότητα,

2149 1285 2245 1338 καὶ
2285 1283 2384 1355 τὴν
2430 1284 2768 1356 ἀδελφότητα
2797 1285 2897 1356 τὴν
2943 1283 3081 1355 πρὸς
3107 1281 3270 1350 ἁγίαν
3304 1284 3457 1338 πόλιν
3488 1286 3586 1358 τὴν
3616 1287 3725 1339 τῶν

2149 1377 2512 1449 πρωτοτόκων
2563 1376 2798 1447 μητέρα,
2847 1377 2984 1448 πρὸς
3027 1381 3088 1435 τὸ
3135 1381 3489 1452 ἀτελεύτητο.
3543 1378 3725 1433 λαϐεῖν

2150 1467 2316 1538 ζωὴν,
2346 1469 2373 1522 ὅ
2399 1470 2547 1522 ἐστιν
2575 1471 2633 1521 ὲν
2659 1467 2956 1523 ἀπολαύσει
2985 1465 3124 1528 εἶναι
3153 1473 3260 1538 ἀεὶ,
3287 1473 3382 1527 καὶ
3421 1472 3479 1524 ἐν
3518 1473 3719 1541 τρυφῇ,

2149 1561 2244 1613 καὶ
2291 1559 2399 1613 τῶν
2441 1559 2663 1628 ἀγαθῶν
2715 1561 2982 1631 μηδέποτε
3009 1565 3319 1637 στέρεσθαι.
3349 1563 3519 1618 Τοῦτο
3549 1564 3655 1634 γὰρ
3689 1566 3723 1633 ἡ

2145 1648 2354 1721 ἀληθὴς
2376 1648 2512 1720 ζωὴ,
2538 1649 2658 1702 ἐπεὶ
2681 1649 2775 1704 καὶ
2801 1652 2849 1702 oi
2871 1652 3186 1723 ἁμαρτω).οὶ
3217 1653 3373 1717 ζῶσι.
3390 1654 3596 1715 Πάντες
3616 1651 3722 1723 γάρ

2148 1740 2502 1813 ἀνιστάμεθα,
2533 1741 2647 1794 ἀλλ’
2681 1743 2868 1813 ἐπειδὴ
2895 1745 2954 1797 ὲν
2982 1744 3240 1816 ἀλήκτοις
3281 1745 3533 1816 βασάνοις
3568 1745 3721 1797 ἔσον-

2147 1849 2259 1895 ται,
2292 1833 2349 1886 ἐν
2381 1832 2636 1897 θανάτοις
2663 1832 2912 1903 λέγονται
2943 1831 3080 1891 εἶναι
3101 1853 3115 1866 ⁸
3165 1833 3246 1902 οἷς
3291 1837 3470 1908 πολλῷ
3499 1837 3721 1907 βελτίων

475 1931 674 2000 quibus
723 1927 892 1982 multo
934 1925 1126 1980 melior
1188 1940 1335 1980 mors
1371 1924 1473 1978 hoc
1503 1933 1646 1978 statu
1695 1933 1796 1977 est.
1849 1924 2042 1978 Verum

2147 1924 2173 1975 ὁ
2202 1922 2431 1987 θάνατος
2458 1926 2557 1995 τῆς
2579 1925 2835 1998 τοιαύτης
2876 1928 3284 1993 καταστάσεως.
3317 1929 3462 2000 Πλὴν
3492 1930 3721 1998 ἐπείπερ

475 2039 602 2078 cum
657 2021 867 2076 Marcus
914 2019 958 2052 ⁸³
987 2019 1134 2074 dicat
1177 2017 1343 2074 multo
1387 2017 1537 2086 plura
1595 2019 1646 2072 in
1694 2017 1795 2070 hoc
1848 2015 2045 2071 saeculo

481 2123 824 2184 accepturos,
856 2127 1045 2166 rursus
1076 2113 1143 2166 de
1174 2111 1545 2181 spiritualibus
1586 2109 1777 2181 gratiis
1819 2108 2043 2166 multum

477 2207 634 2260 hisce
696 2204 926 2259 terrenis
969 2201 1404 2272 praecedentibus
1453 2215 1466 2250 :
1529 2214 1651 2270 quae
1696 2208 1823 2254 sunt
1869 2198 2045 2252 arrbae

481 2299 723 2364 quaedam
772 2294 1078 2349 futurorum
1114 2293 1374 2348 bonorum
1402 2306 1538 2361 quas
1587 2291 1678 2360 qui
1738 2290 1939 2348 habent
1987 2289 2042 2344 in

479 2386 729 2440 maximis
757 2394 881 2439 sunt
916 2383 1273 2454 dignitatibus
1297 2422 1312 2444 ,
1356 2382 1607 2436 omnibus
1649 2380 2044 2451 quodammodo

477 2476 787 2531 hominibus
812 2475 878 2530 ad
910 2485 1128 2530 sanctos
1149 2473 1575 2540 accurrentibus,
1617 2484 1674 2528 ut
1705 2487 1798 2540 per
1830 2487 1924 2528 eos
1964 2473 2044 2528 tli-

481 2571 603 2624 vina
631 2569 799 2639 gratia
835 2567 1106 2622 fruantur.
1166 2565 1280 2620 Non
1335 2567 1532 2624 multos
1583 2565 1749 2636 igitur
1793 2579 1890 2635 pro
1935 2579 2042 2618 uno

479 2671 654 2730 patre,
699 2669 791 2714 aut
830 2661 1028 2716 multas
1061 2672 1159 2727 pro
1187 2671 1292 2712 una
1340 2666 1535 2724 matre,
1586 2667 1679 2712 aut
1732 2672 1892 2727 agros
1945 2671 2042 2726 pro

477 2755 667 2822 paucis
693 2753 888 2808 multos
912 2753 1200 2822 accipient,
1223 2750 1526 2821 inquit,sed
1551 2750 1834 2804 terrestria
1862 2750 2041 2802 omnia

483 2845 601 2898 sine
634 2844 1012 2899 controversia
1057 2843 1374 2898 excedentia
1427 2841 1666 2897 caelestia
1700 2855 2041 2908 consequen-

480 2947 589 3002 tur,
618 2937 729 3008 69
752 2937 826 2990 ita
855 2944 910 2990 ut
936 2937 1003 2990 iis
1030 2950 1152 3004 qua:
1182 2932 1567 3004 impenduntur
1592 2931 1749 3001 longe
1785 2939 2043 2999 prastan-

481 3030 616 3083 tiora
653 3044 772 3098 qua:
803 3028 1104 3082 restabant.

547 3139 670 3196 XXI
691 3140 826 3207 ,‘12.
869 3139 938 3194 Et
982 3138 1200 3194 intravit
1237 3137 1392 3191 Jesus
1426 3137 1481 3190 in
1530 3135 1776 3204 templum
1817 3133 1944 3196 Dei,
1993 3143 2042 3187 et

479 3236 632 3306 ejecit
682 3251 861 3292 omnes
914 3233 1223 3295 uendentes,
1272 3239 1318 3282 et
1362 3239 1587 3283 ementes
1639 3229 1692 3280 in
1726 3226 1935 3292 tentplo,
1987 3235 2036 3279 et
2066 3263 2109 3320 ε

475 3345 684 3383 mensas
759 3325 1238 3379 nummulariorum
1263 3324 1480 3385 evertit,
1538 3331 1584 3373 et
1611 3320 1896 3372 cathedras
1923 3334 2040 3372 ven-

472 3419 709 3473 dentium
738 3415 1025 3470 columbas.

546 3611 680 3667 Erat
721 3607 940 3680 quidem
987 3607 1040 3661 in
1096 3604 1292 3675 templo
1336 3603 1622 3658 multitudo
1655 3603 2041 3666 vendentium,

473 3702 741 3775 pecunias
773 3709 1139 3761 commutans,
1175 3713 1267 3752 seu
1299 3694 1666 3760 nummularii.
1697 3704 1896 3750 etcum
1964 3695 2044 3750 eis

478 3797 642 3852 boum
673 3794 964 3860 oviumque
1001 3777 1342 3854 venditores,
1375 3795 1722 3856 turturesque
1749 3789 2045 3841 vendentcs

479 3902 544 3942 ac
588 3884 887 3940 columbas.
945 3881 1070 3936 Haec
1112 3890 1292 3934 autem
1344 3876 1496 3933 utilia
1537 3875 1822 3932 sacriﬁciis
1868 3875 2046 3930 cultus

481 3978 698 4046 legalis;
731 3977 826 4032 sed
851 3975 964 4044 jam
1001 3983 1212 4043 tempus
1239 3981 1358 4026 erat
1390 3969 1609 4026 dissolvi
1645 3969 1892 4024 umbram
1921 4009 1936 4036 ,
1981 3983 2045 4023 ac

483 4071 830 4141 resplendere
864 4070 919 4122 in
953 4067 1170 4125 Christo
1196 4065 1478 4120 veritatem
1506 4079 1521 4118 :
1549 4063 1803 4117 videlicet
1833 4069 1891 4116 ut
1919 4076 2044 4117 cum

479 4161 644 4218 Patre
703 4176 799 4220 suo
833 4159 886 4214 in
918 4173 1047 4214 vero
1083 4156 1281 4226 templo
1310 4157 1691 4210 honoraretur.
1737 4152 1844 4222 70
1876 4151 2046 4220 Rejici

483 4253 701 4325 quidem
735 4251 926 4321 lcgalia
961 4249 1233 4308 sacriﬁcia
1283 4246 1567 4315 [annosque
1607 4245 1890 4313 praecepit,
1950 4246 2046 4297 do-

481 4359 628 4398 mum
655 4351 833 4398 autem
864 4339 1126 4398 omtionis
1159 4336 1413 4404 templum
1444 4333 1657 4389 OStendi
1692 4353 1706 4387 :
1741 4333 2044 4402 [percutere

478 4435 626 4489 enim
671 4432 998 4496 vendentes,
1051 4445 1113 4485 ac
1160 4428 1335 4483 sacris
1364 4425 1658 4480 ambitibus
1686 4439 1780 4479 eos
1819 4438 2046 4490 arcere,

477 4527 572 4596 qui
609 4525 675 4580 ad
705 4523 1032 4581 sacriﬁcium
1063 4521 1214 4575 utilia
1233 4519 1506 4589 aliquibus
1529 4515 1914 4579 divendebant,
1947 4514 2049 4569 hoc

2145 2017 2173 2068 ό
2199 2015 2428 2086 Μάρκος
2475 2016 2626 2085 λέγει
2674 2018 2754 2071 ὅτι
2797 2021 2855 2073 ἐν
2901 2020 3057 2074 αίῶνι
3081 2022 3254 2094 τούτῳ
3283 2021 3719 2078 πολλαπλασίονα

2145 2106 2425 2179 λήψονται,
2463 2107 2681 2164 λεκτέον
2707 2109 2869 2164 πάλιν
2900 2112 3028 2182 περὶ
3057 2112 3165 2166 τῶν
3194 2114 3579 2184 πνευματικῶν
3618 2133 3718 2184 χα-

2147 2201 2428 2271 ρισμάτων
2481 2201 2614 2255 πολὺ
2664 2203 2733 2256 τά
2780 2203 2999 2271 ἐπίγεια
3043 2197 3523 2277 παρατρεχόντων
3577 2207 3718 2276 ἆπερ

2143 2293 2279 2346 εἰσὶν
2299 2293 2616 2364 ἀρῤαϐῶνές
2643 2311 2786 2359 τινες
2805 2295 2912 2348 τῶν
2936 2295 3237 2366 μελλόντων
3257 2295 3474 2366 ἀγαθῶν
3495 2314 3512 2328 ⁸
3532 2297 3678 2351 ὥσπε
3685 2317 3719 2370 ρ

2141 2383 2190 2437 οἱ
2225 2382 2440 2456 ἔχοντες
2484 2387 2541 2438 ὲν
2582 2386 2867 2455 μεγίσταις
2900 2386 3008 2439 εἰσὶ
3036 2388 3242 2456 τιμαῖς,
3275 2387 3494 2440 πάντων
3537 2389 3718 2457 σχεδὸν

2143 2474 2444 2547 ἀνθρώπων
2473 2478 2918 2548 προστρεχόντων
2947 2481 3059 2544 τοῖς
3099 2479 3294 2548 ἁγίοις,
3327 2480 3412 2532 ἵνα
3442 2479 3510 2532 δι’
3539 2479 3717 2532 αὐτῶν

2144 2565 2496 2621 ἀπολαύσωσι
2526 2568 2621 2633 τῆς
2655 2568 2804 2632 θείας
2835 2569 3077 2641 χάριτος.
3104 2571 3177 2623 Οὐ
3209 2570 3435 2634 πολλοὺς
3463 2567 3556 2624 οὖν
3589 2569 3718 2623 ἀνθ’

2142 2657 2259 2719 ἑνὸς
2281 2656 2542 2727 πατέρας,
2568 2657 2600 2727 ἢ
2627 2658 2826 2720 πολλὰς
2846 2659 2967 2713 ἀντὶ
2995 2661 3125 2730 μιᾶς
3149 2659 3412 2731 μητέρας,
3436 2660 3468 2731 ἧ
3492 2661 3714 2730 ἀγροὺς.

2143 2748 2265 2802 ἀντὶ
2285 2748 2481 2816 ὀλίγων
2507 2749 2734 2812 πολλοὺς
2758 2750 3132 2821 ἀπολήψεσθαι
3163 2769 3348 2822 φησιν,
3370 2751 3484 2805 ἀλλ’
3507 2751 3589 2804 ὅτι
3609 2752 3716 2803 τῶν

2143 2840 2400 2908 ἐπιγείων
2434 2839 2688 2895 ἁπάντων
2723 2841 3075 2913 ἀσυγκρίτοις
3121 2843 3416 2914 ὑπεροχαῖς
3456 2843 3718 2913 ὑπερκεί-

2144 2948 2295 2984 σεται
2322 2930 2392 2984 τά
2423 2932 2670 3002 οὐράνια,
2693 2933 2786 2986 καὶ
2803 2932 2909 2985 τῶν
2932 2934 3323 3005 ἀπολλυμένων
3351 2935 3718 3007 προτιμότερα

2141 3019 2295 3073 ἔσται
2323 3018 2394 3072 τά
2425 3021 2728 3091 σωζόμενα.

2211 3131 2320 3185 Καὶ
2350 3132 2635 3202 εἰσῆλθεν
2661 3137 2694 3187 o'
2725 3135 2958 3203 Ἰησοῦς
3000 3138 3087 3203 εὶς
3115 3136 3179 3189 τὸ
3209 3136 3370 3204 ἱερὸν
3399 3135 3506 3190 τοῦ
3543 3136 3714 3201 Θεοῦ,

2143 3221 2239 3275 καὶ
2272 3221 2519 3286 ἐξέϐαλε
2555 3223 2785 3291 πάντας
2819 3229 2960 3293 τοὺς
2986 3227 3340 3294 πωλοῦντας
3372 3229 3472 3282 καὶ
3500 3229 3718 3298 ἀγορά-

2144 3313 2349 3379 ζοντας
2386 3315 2458 3368 ἐν
2489 3313 2568 3380 τῷ
2599 3315 2751 3384 ἱερῷ,
2775 3316 2874 3370 καὶ
2907 3318 3013 3384 τὰς
3037 3319 3322 3387 τραπέζας
3347 3321 3465 3376 τῶν
3497 3327 3719 3376 κολλυ-

2144 3405 2364 3458 ϐιστῶν
2393 3406 2789 3476 κατέστρεψε,
2833 3409 2932 3462 καὶ
2969 3410 3076 3476 τὰς
3115 3413 3406 3481 καθέδρας
3443 3413 3563 3468 τῶν
3598 3431 3718 3466 πω-

2100 3540 2106 3546 .
2143 3497 2416 3550 λούντων
2443 3499 2550 3564 τὰς
2585 3500 2955 3570 περιστεράς.

2211 3603 2320 3664 Ἦν
2351 3610 2450 3680 μὲν
2475 3611 2531 3662 ὲν
2561 3609 2637 3680 τῷ
2667 3611 2799 3684 ἱερῷ
2825 3611 3033 3682 πληθὺς
3059 3615 3338 3686 ἐμπόρων,
3378 3617 3719 3689 ἀργυραμει-

2145 3701 2250 3768 ϐοὶ,
2285 3702 2402 3772 ἤτοι
2432 3701 2810 3770 κολλυϐισταὶ,
2834 3705 2930 3758 καὶ
2967 3707 3084 3776 μετ’
3115 3707 3339 3761 ἐκείνων
3371 3707 3509 3779 βοῶν
3539 3727 3599 3763 τε
3627 3714 3719 3763 καὶ⁹

2147 3793 2432 3866 προϐάτων
2484 3795 2735 3865 ἔμποροι,
2763 3797 3028 3869 τρυγόνας
3068 3815 3128 3852 τε
3170 3798 3573 3871 πιπράσκοντες
3625 3805 3718 3856 καὶ

2147 3887 2494 3958 περιστεράς.
2518 3887 2702 3942 Ταῦτα
2725 3889 2783 3942 δὲ
2817 3893 3061 3961 χρήσιμα
3085 3893 3205 3954 ταῖς
3226 3893 3438 3956 θυσίαις
3456 3893 3557 3961 τῆς
3582 3898 3718 3946 κατα

2146 3978 2308 4048 νόμον
2333 3979 2601 4058 ,λατρείας
2624 3996 2636 4008 ·
2673 3980 2789 4034 ἀλλ’
2826 3977 2893 4051 ἦν
2933 3983 3033 4052 ἤδη
3065 3984 3092 4035 ὁ
3127 3984 3317 4054 καιρὸς
3357 3984 3450 4038 τοῦ
3482 3987 3718 4055 καταλῆ-

2148 4068 2234 4133 ξαι
2284 4069 2382 4140 τὴν
2431 4071 2612 4137 σκιάν,
2645 4073 2738 4124 καὶ
2773 4072 3089 4142 ἀναλάμψαι
3121 4074 3219 4145 τὴν
3250 4076 3309 4128 ὲν
3339 4076 3557 4147 Χριστῷ
3584 4077 3718 4146 ἀλή-

2147 4159 2315 4224 θειαν,
2352 4161 2446 4214 διτε
2474 4160 2538 4230 δὴ
2572 4161 2710 4231 μετὰ
2733 4162 2827 4216 τοῦ
2861 4163 2990 4216 ἰδίου
3024 4165 3236 4235 Πατρὸς
3263 4167 3320 4218 ὲν
3349 4165 3425 4236 τῷ
3452 4168 3583 4238 παρ’
3615 4169 3681 4221 αὑ
3699 4201 3718 4208 -

2146 4249 2240 4303 τοῦ
2287 4250 2399 4304 ὄντι
2437 4250 2549 4321 ναῷ
2586 4250 2911 4324 τιμώμενος.
2955 4254 3345 4309 Συστέλλεσθαι
3381 4257 3478 4326 μὲν
3517 4257 3616 4320 τάς
3660 4259 3718 4307 ὲν

2148 4341 2298 4413 νόμῳ
2329 4343 2663 4414 προστέταχε
2691 4343 2899 4413 θυσίας,
2925 4346 3019 4398 καὶ
3046 4347 3174 4410 τοὺς
3201 4347 3468 4410 καπνούς·
3491 4343 3637 4400 οἶκον
3663 4349 3718 4400 δὲ

2149 4435 2456 4504 προσευχῆς
2485 4435 2902 4490 ἀναδείκνυσθαι
2925 4437 3017 4492 τὸν
3051 4439 3195 4492 ναόν.
3226 4439 3298 4491 Τὸ
3321 4439 3428 4509 γὰρ
3459 4439 3720 4510 ἐπιπλήτ-

2149 4543 2261 4579 τειν
2286 4529 2397 4590 τοῖς
2426 4529 2692 4599 ἐμπόροις
2725 4531 2819 4583 καὶ
2848 4529 2957 4583 τῶν
2994 4531 3155 4601 ἱερῶν
3185 4532 3489 4600 περιϐόλων
3525 4533 3720 4586 ἀποσο-

479 4615 702 4671 omnino
733 4621 854 4678 est,
881 4611 1124 4680 nihilque
1157 4609 1324 4663 aliud.
1354 4607 1506 4661 Alius
1536 4621 1662 4660 vero
1690 4604 2043 4675 evangelista-

2148 4618 2261 4671 ϐεἶν
2289 4619 2483 4682 αὐτοὺς
2523 4619 2591 4672 τά
2616 4620 2698 4682 εἰς
2727 4619 2917 4674 θυσίαν
2945 4623 3187 4693 χρήσιμα
3220 4623 3720 4694 διαπιπράσκοντάς

481 4720 600 4759 rum
629 4705 793 4758 etiam
827 4701 1094 4772 ﬂagellum
1128 4716 1194 4755 ex
1229 4699 1486 4753 funiculis
1543 4698 1741 4753 fecisse
1783 4697 1914 4752 dicit
1954 4695 2044 4752 Je-

481 4810 627 4860 sum,
662 4794 956 4863 plagasque
976 4794 1056 4846 eis
1085 4792 1383 4846 intentasse
1413 4789 1479 4842 ³³.
1533 4788 1685 4843 Scire
1713 4789 1856 4843 enim
1885 4802 2047 4856 opor-

484 4889 629 4942 tebat
683 4884 906 4954 legalem
957 4883 1158 4938 cultum
1218 4882 1578 4945 honorantes,
1635 4889 1757 4950 post
1803 4879 2048 4934 veritatis

481 4977 851 5046 ostensioncm
892 4974 1137 5043 spiritum
1174 4973 1454 5025 servitutis
1489 4971 1784 5034 habentes,
1825 4984 1888 5023 ac
1915 4968 2041 5023 libe-

485 5069 592 5123 rari
626 5067 1002 5138 postulantes,
1053 5064 1154 5118 sub
1209 5063 1434 5134 ﬂagellis
1483 5062 1712 5130 futuros,
1754 5060 2045 5130 subjicien-

478 5164 687 5230 dosque
732 5157 994 5228 supplicio
1038 5171 1224 5211 servos
1270 5154 1501 5210 decenti.
1551 5153 2045 5208 Conﬁrmatetinm

480 5266 668 5306 eorum
699 5249 1102 5304 accusationem
1143 5262 1209 5301 ex
1255 5246 1390 5300 Isaia
1427 5247 1659 5300 dicens:
1708 5263 1727 5296 ι
1768 5246 2041 5315 Scriptum

427 5364 429 5367 τ
480 5353 597 5409 est,
653 5341 854 5395 Domus
910 5354 1027 5394 mea
1094 5339 1284 5392 domus
1357 5337 1620 5394 orationis
1662 5338 1988 5403 vocabitur;
2023 5355 2040 5387 ι

481 5433 788 5487 adorandus
843 5433 1006 5500 igitur
1053 5441 1172 5485 erat
1218 5431 1365 5486 velut
1409 5429 1592 5498 templi
1649 5429 1957 5484 Dominus:
1992 5429 2049 5484 lii

483 5541 609 5580 vero
659 5541 764 5579 non
821 5535 1028 5580 tantum
1086 5525 1188 5578 hoc
1249 5537 1354 5577 non
1395 5521 1666 5588 fecerunt,
1714 5521 1810 5576 sed
1877 5521 2042 5576 etiam

473 5616 750 5687 indignati
789 5628 936 5670 sunt.
975 5615 1088 5671 Non
1127 5623 1333 5669 tantum
1363 5624 1545 5668 autem
1577 5614 1679 5670 hoc
1722 5613 1868 5669 illius
1897 5625 2050 5685 pote-

554 5791 598 5821 "
624 5790 788 5844 Marc.
819 5807 874 5856 κ,
911 5793 1000 5845 50.
1079 5791 1122 5823 ³³
1156 5789 1311 5844 Jnan.
1355 5806 1414 5857 tt,
1446 5790 1529 5843 l8.

2152 4724 2282 4773 τισι,
2313 4706 2469 4760 τοῦτο
2518 4709 2734 4774 πάντως
2785 4711 2923 4774 ἐστὶ,
2953 4714 3048 4765 καὶ
3089 4714 3275 4783 ἓτερον
3308 4715 3718 4785 οὐδέν.Ἕτερος

2152 4796 2208 4849 δὲ
2249 4797 2360 4850 τῶν
2406 4799 2808 4868 εύαγγελιστῶν
2854 4804 2946 4860 καὶ
2996 4805 3321 4874 φραγέλλιον
3358 4807 3423 4859 ἐκ
3472 4807 3719 4877 σχοινίων

2149 4891 2372 4960 ποιῆσαι
2403 4891 2550 4960 λέγει
2590 4894 2680 4948 τὸν
2713 4894 2943 4963 Ἰησοῦν,
2977 4898 3069 4950 καὶ
3105 4897 3318 4967 πληγὰς
3348 4898 3719 4951 ὲπανατείνειν

2147 4980 2359 5042 αὐτοῖς·
2395 4980 2502 5035 ἔδει
2532 4982 2641 5053 γὰρ
2673 4983 2872 5037 εἰδέναι
2904 4985 3031 5049 τοὺς
3060 4988 3288 5058 νομικὴν
3319 4989 3597 5058 τιμῶντας
3622 4989 3721 5043 λα-

2147 5069 2354 5139 τρείαν,
2387 5073 2524 5141 μετά
2548 5075 2646 5144 τὴν
2671 5074 2771 5144 τῆς
2793 5075 3052 5144 ἀληθείας
3075 5077 3364 5144 ἀνάδειξιν,
3393 5081 3476 5134 ὅτι
3503 5080 3722 5150 πνεῦμα

2146 5161 2393 5226 δουλείας
2423 5163 2661 5234 ἔχοντες,
2693 5169 2789 5220 καὶ
2815 5168 2876 5222 τὸ
2903 5169 3319 5241 ὲλευθεροῦσθαι
3352 5175 3724 5245 παραιτούμε-

2149 5270 2254 5337 νοι,
2287 5255 2392 5308 ὑπὸ
2420 5258 2688 5326 μάστιγας
2709 5260 2944 5327 ἔσονται,
2972 5263 3068 5316 καὶ
3093 5265 3472 5320 ὑποκείσονται
3503 5268 3722 5320 κολάσει

2149 5344 2522 5417 δουλοπρεπεῖ.
2573 5350 2920 5421 Ἐπιτειχίζει
2978 5354 3162 5419 αὐτοῖς
3207 5357 3300 5409 καὶ
3364 5357 3453 5410 τὸν
3499 5357 3725 5410 Ἡσαΐαν

2151 5439 2474 5508 κατήγορον,
2509 5438 2700 5506 λέγων’
2732 5460 2750 5491 ι
2781 5443 3128 5513 Γέγραπται·
3172 5445 3230 5498 '0
3255 5442 3404 5510 οἶκός
3430 5464 3554 5516 μου,
3578 5443 3725 5510 οἶκος

2153 5529 2456 5598 προσευχῆς
2499 5531 2871 5602 κληθήσεται·
2902 5553 2922 5587 ι
2965 5535 3072 5589 ἔδει
3104 5531 3198 5591 οὖν
3229 5537 3378 5607 αύτῷ
3411 5538 3726 5608 προσκυνῆ-

2153 5637 2242 5674 σαι
2273 5620 2348 5684 ὡς
2379 5621 2693 5686 δεσπόζοντι
2733 5625 2827 5680 τοῦ
2864 5627 3013 5681 ναοῦ.
3043 5629 3108 5681 Οἱ
3144 5628 3198 5682 δὲ
3226 5628 3382 5682 τοῦτο
3409 5630 3508 5699 μὲν
3533 5631 3593 5682 οὐ
3629 5645 3728 5679 πε-

3619 395 3726 452 432
3816 375 3821 382 ’
