4134 6374
477 408 579 461 453

1635 405 1987 461 COMMENT.
2032 403 2099 458 IN
2138 400 2566 458 MATTIIIEUM.

3599 392 3708 453 ιω

472 522 767 592 πράχασιν,
812 520 1182 590 ἀγανακτοῦσι
1232 521 1287 574 δὲ
1338 521 1536 591 μᾶλλον
1581 522 1701 574 κατ’
1727 521 1916 575 αὐτοῦ.
1961 525 2015 573 Οε

2141 528 2335 573 statem
2382 518 2648 582 ostendit,
2683 533 2868 572 verum
2904 520 3064 573 etiam
3098 517 3240 587 quod
3272 515 3457 570 varios
3484 519 3703 572 morbos

470 612 629 665 τοῦτο
654 611 710 665 δὲ
742 613 900 683 μόνον
930 613 1200 665 δείκνυσιν
1245 612 1408 667 αὐτοῦ
1452 612 1552 683 τὴν
1594 611 1869 679 ἐξουσίαν,
1900 611 2037 665 ἀλλὰ

471 707 565 757 καὶ
612 704 674 757 τὸ
718 703 1053 775 θεραπεῦσαι
1087 705 1306 759 ποικίλα
1351 708 1654 777 νοσήματα.
1684 706 1824 776 Φησὶ
1870 706 1981 776 γὰρ
2007 706 2036 757 6

472 796 888 866 εὐαγγελιστής’

540 913 650 967 Καὶ
679 912 1031 981 προσῆλθον
1052 909 1210 978 αὑτῷ
1236 910 1450 980 τυφλοὶ
1475 911 1575 965 καὶ
1610 910 1791 980 χωλοὶ
1839 911 1909 963 ἐν
1954 907 2035 974 τῷ

468 1002 621 1070 ἱερῷ,
650 1001 749 1055 καὶ
776 1000 1183 1070 ἐθεράπευσεν
1215 1002 1457 1066 αὐτούς.

541 1117 776 1187 Αἴνιγμα
822 1112 889 1185 ἦν
928 1116 991 1169 τὸ
1032 1116 1274 1184 γεγονὸς,
1303 1116 1384 1167 ὅτι
1411 1113 1518 1168 τῶν
1551 1112 1816 1167 Ἰουδαίων
1839 1111 2036 1181 ἐκϐλη-

470 1208 670 1260 θέντων
704 1208 769 1260 ἐκ
799 1205 892 1258 τοῦ
926 1205 1056 1259 ναοῦ
1110 1207 1207 1259 σὺν
1249 1204 1371 1268 ταῖς
1413 1207 1668 1267 τυπικαῖς
1718 1202 1950 1267 θυσίαις,
1983 1205 2034 1255 οί

467 1292 658 1359 τυφλοὶ
684 1295 779 1345 καὶ
800 1293 966 1363 χωλοὶ
988 1292 1402 1364 θεραπεύονται,
1421 1296 1470 1346 οἱ
1496 1294 1665 1347 τύπον
1690 1293 1904 1362 ἔχοντες
1923 1292 2032 1345 τῶν

467 1382 653 1437 ἐθνῶν.
684 1383 1025 1438 Μαθέτωσαν
1060 1387 1241 1454 μέντοι
1274 1384 1370 1438 καὶ
1398 1386 1446 1438 οί
1478 1382 1779 1446 πωλοῦντες
1821 1383 1915 1436 καὶ
1964 1382 2034 1435 τὰ

465 1473 559 1526 τοῦ
609 1474 925 1545 Πνεύματος
959 1476 1276 1547 χαρίσματα
1322 1477 1415 1529 καὶ
1457 1475 1556 1547 τὴν
1601 1473 1919 1544 ἱερωσύνην,
1950 1474 2031 1526 ὅτι

463 1564 589 1626 τοὺς
639 1564 952 1630 πωλοῦντας
992 1567 1089 1631 τὰς
1136 1567 1464 1638 περιστερὰς
1500 1565 1752 1631 ἐξέϐαλεν
1799 1564 1907 1618 ἀπὸ
1934 1563 2029 1616 τοῦ

464 1655 592 1709 ναοῦ
642 1657 905 1727 μαστίξας
944 1660 974 1711 6
1016 1658 1239 1728 Κύριος,
1280 1659 1372 1713 καὶ
1402 1658 1804 1712 παυσάσθωσαν
1830 1657 2032 1730 πόρους

463 1748 673 1811 ἑαυτοῖς
700 1748 808 1802 ἀπὸ
838 1750 1182 1821 χειροτονιῶν
1208 1750 1573 1822 ἀθροίζοντες.

2139 618 2309 663 curet.
2340 610 2428 662 Ait
2453 609 2595 661 enim
2625 608 2973 677 evangelista:

2219 913 2355 979 XXI,
2396 914 2482 967 17.
2518 913 2586 966 Et
2610 923 2933 967 accesserunt
2964 914 3030 965 ad
3061 928 3174 967 eum
3202 912 3326 966 cctcl
3351 922 3397 966 et
3424 912 3598 964 claudi
3636 913 3693 964 in

2134 1007 2321 1075 tempto
2343 1051 2356 1074 ,
2389 1019 2433 1062 et
2467 1008 2672 1061 curavit
2698 1022 2805 1061 eos.

2206 1118 2456 1189 iEnigma
2494 1129 2611 1174 erat
2633 1121 2773 1187 quod
2806 1117 3001 1173 factum
3034 1126 3117 1173 est
3155 1136 3168 1171 :
3204 1116 3402 1171 ludatis
3438 1133 3468 1167 e
3502 1115 3699 1184 templo

2135 1225 2256 1263 cum
2287 1211 2480 1281 typicis
2509 1211 2789 1265 sacrillciis
2809 1208 3029 1278 ejectis,
3066 1210 3195 1264 caeci
3218 1218 3273 1263 et
3300 1207 3477 1262 claudi
3502 1223 3699 1261 curan-

2138 1312 2259 1367 tur,
2314 1302 2406 1371 qui
2455 1301 2681 1370 ﬁguram
2738 1302 2936 1356 habent
2986 1301 3247 1368 gentium.
3299 1297 3516 1354 Discant
3550 1309 3701 1353 certe

2136 1394 2428 1447 vendentes
2469 1394 2629 1448 etiam
2660 1392 2896 1462 Spiritus
2946 1392 3273 1449 charismata
3330 1406 3392 1445 ae
3443 1392 3697 1444 sacerdo-

2136 1484 2263 1536 tium
2287 1522 2303 1546 ,
2334 1483 2625 1537 Dominum
2677 1481 2905 1554 ﬂagellis
2936 1484 3212 1538 columbas
3245 1483 3296 1536 in
3335 1483 3534 1552 templo
3568 1495 3696 1534 ven-

2140 1575 2329 1631 dentes
2365 1576 2626 1645 ejecisse,
2668 1588 2987 1647 cessentque
3040 1592 3239 1632 census
3281 1576 3381 1631 sibi
3420 1591 3449 1630 a
3505 1588 3694 1631 conse-

2132 1666 2471 1723 crationibus
2493 1683 2829 1739 comparare.

536 1860 605 1914 Τὸ
632 1861 702 1914 δὲ
726 1862 967 1918 καθίσαι
997 1864 1067 1916 ἐκ
1090 1862 1303 1926 δεξιῶν
1330 1880 1450 1931 μου
1488 1859 1587 1914 καί
1616 1859 1685 1924 ἑξ
1709 1861 2015 1931 εὐωνύμων

2205 1863 2308 1932 71
2341 1863 2437 1916 XX
2457 1903 2472 1929 ,
2505 1864 2597 1921 25.
2629 1865 2821 1919 Sedere
2851 1875 3021 1919 autem
3042 1867 3112 1918 ad
3139 1866 3407 1919 dexteram
3444 1881 3612 1918 meum
3640 1873 3693 1918 et

455 1970 595 2019 μου,
619 1954 728 2007 οὐκ
761 1953 933 2007 ἐστιν
967 1954 1115 2023 ἐμὸν
1140 1954 1371 2008 δοῦναι.

545 2065 783 2135 Ἐρωτᾷς
812 2068 893 2119 ὅτι
938 2065 1124 2119 λοιπὸν
1166 2065 1313 2129 τίνες
1365 2066 1618 2135 μέλλουσι
1668 2067 2023 2137 καθεσθῆναι.

459 2154 613 2207 Μὰθε
665 2155 746 2208 ὃτι
793 2156 986 2220 οὐδείς.
1028 2157 1197 2228 μόνης
1225 2158 1335 2229 γὰρ
1359 2159 1458 2229 τῆς
1488 2158 1715 2230 πρώτης
1746 2158 1933 2223 οὐσίας
1961 2158 2023 2211 τὸ

461 2247 701 2300 τοιοῦτόν
730 2249 870 2311 ἐστι,
902 2250 997 2303 καὶ
1041 2250 1143 2303 οὐκ
1187 2250 1537 2320 ἀνθρωπίνης
1558 2269 1573 2282 ο
1606 2251 1699 2320 Μὴ
1730 2253 2021 2322 νοήσαντες

460 2332 567 2402 γὰρ
591 2334 638 2385 οἱ
661 2334 946 2389 ἀπόστολοι
974 2336 1026 2390 τί
1043 2338 1162 2390 ἐστι
1180 2338 1260 2403 τὸ,
1297 2358 1316 2389 ο
1340 2339 1684 2410 Καθεσθῆναι
1706 2340 2024 2407 ἐπὶηδώδεκα

460 2422 700 2493 θρόνους·
731 2428 856 2480 »καὶ
884 2428 968 2481 ὅτι
994 2428 1055 2482 τὸ
1076 2428 1400 2501 δοξασθῆναι
1425 2432 1547 2485 τότε
1566 2432 1735 2501 δηλοῖ’
1767 2432 2023 2505 τοιαύτην

455 2513 682 2585 ἐζήτουν
715 2516 1007 2591 καθέδραν.

539 2713 639 2764 Ἐν
664 2713 808 2780 ποίᾳ
837 2711 1093 2782 ἐξουσίᾳ
1120 2713 1310 2769 ταῦτα
1336 2716 1561 2783 ποιεῒς;

527 2825 587 2877 Et
640 2826 740 2889 τὰς
785 2825 1175 2892 θεοπνεύστους
1226 2829 1372 2900 ᾕδεις
1425 2830 1667 2899 Γραφὰς,
1712 2823 1759 2883 ὦ
1796 2829 2021 2884 ἀσύνετε

452 2917 731 2987 Φαρισαῖε,
754 2918 849 2973 καὶ
873 2918 971 2982 τὰς
993 2920 1103 2973 τῶν
1126 2920 1297 2989 ἁγίων
1320 2922 1615 2992 προφητῶν
1636 2923 1839 2991 φωνὰς,
1856 2924 2021 2994 ἐμνή-

455 3010 587 3079 σθης
624 3011 690 3064 ἂν
736 3010 987 3080 λέγοντος
1012 3013 1106 3066 τοῦ
1141 3013 1411 3084 μακαρίου
1436 3012 1599 3066 Δαὸὶδ
1632 3014 1768 3084 πρὸς
1794 3014 1886 3068 τὸν
1912 3012 2022 3067 τῶν

436 3100 585 3153 ’ὅλων
614 3100 843 3172 Σωτῆρα
870 3102 1105 3173 Χριστόν
1127 3120 1142 3134 ·
1178 3122 1197 3156 ι
1233 3104 1433 3174 Ὤμοσε
1466 3104 1688 3175 Κύριος,
1723 3106 1814 3157 καὶ
1846 3105 1907 3158 οὐ
1928 3121 2021 3175 με·

2127 1959 2400 2013 sim'strant
2420 1996 2440 2023 ,
2471 1972 2575 2011 non
2601 1968 2675 2010 est
2712 1974 2883 2011 incum
2910 1958 3037 2010 dare
3068 1958 3229 2013 vobis.

2199 2068 2408 2135 Quaeris
2432 2069 2712 2136 ecquinam
2740 2070 2958 2125 tandem
2990 2071 3193 2126 sessuri
3230 2070 3359 2124 sint.
3389 2070 3479 2126 Sic
3511 2072 3684 2126 habe:

2130 2159 2400 2213 neminem
2428 2172 2722 2213 sessurum.
2756 2158 2935 2214 Solius
2993 2160 3136 2215 enim
3188 2161 3448 2229 principis
3486 2169 3692 2217 natura

2130 2249 2252 2304 talis
2274 2249 2567 2303 auctoritas
2592 2258 2699 2315 est,
2728 2264 2832 2304 non
2855 2258 3031 2304 autem
3062 2250 3331 2305 humanae.
3359 2247 3524 2305 Istam
3542 2252 3685 2305 enim

2126 2341 2424 2397 sessionem
2477 2339 2783 2395 ambierunt
2836 2340 3099 2411 apostoli,
3152 2341 3354 2397 ideirco
3394 2342 3537 2410 quod
3577 2357 3689 2395 non

2126 2433 2520 2503 intelligerent,
2566 2432 2696 2502 quid
2727 2433 2906 2502 {esset,
2959 2448 2979 2484 ι
3018 2430 3221 2488 Sedere
3263 2442 3424 2502 super
3459 2433 3693 2488 thronos

2124 2522 2429 2590 duodecim,
2458 2543 2479 2577 ι
2511 2532 2567 2579 et
2598 2527 2909 2594 ignorarent
2928 2525 3012 2580 his
3036 2525 3221 2580 verbis
3254 2525 3549 2595 signiﬁcari
3572 2526 3693 2596 glo-

2124 2614 2483 2668 riﬁeationem
2509 2628 2670 2682 quam
2706 2622 2834 2668 tunc
2862 2621 3279 2682 consequentur.

2359 2722 2516 2793 XXI,
2546 2726 2634 2782 25.
2663 2725 2730 2780 In
2767 2742 2869 2797 qua
2890 2736 3144 2797 potestate
3168 2728 3279 2780 lucc
3306 2726 3484 2796 facit?

2194 2842 2252 2897 Si
2282 2844 2448 2898 Deum
2486 2843 2756 2912 spirantes
2786 2841 3094 2910 Scripturas
3125 2856 3397 2906 nosses,o
3426 2839 3689 2911 insipiens

2124 2932 2427 3002 Pharisme,
2452 2950 2517 2989 ae
2542 2944 2851 2988 sanctorum
2894 2935 3286 3003 prophetarum
3331 2948 3527 2997 voces,
3567 2950 3683 2989 tne-

2125 3043 2244 3082 mor
2266 3042 2417 3082 esses
2446 3026 2675 3081 dicentis
2703 3022 2920 3080 Davidis
2954 3026 3019 3080 de
3070 3026 3444 3080 universorum
3487 3024 3656 3080 Serva

2123 3129 2240 3174 tore
2266 3119 2485 3174 Christo
2519 3137 2534 3174 :
2568 3138 2586 3171 ι
2627 3117 2835 3173 .luravit
2862 3118 3141 3184 Dominus,
3174 3129 3229 3174 et
3260 3134 3367 3175 non
3401 3120 3691 3189 pmnitebit-

449 3193 907 3266 ταμεληθήσεται,
941 3197 1007 3249 σὺ
1036 3190 1087 3247 εἴ
1115 3197 1292 3266 ἱερεὺς
1324 3196 1403 3259 είς
1433 3195 1525 3249 τὸν
1554 3194 1724 3249 αἰῶνα
1751 3197 1892 3250 κατὰ
1921 3196 2015 3264 τήν

2120 3224 2241 3264 eum
2264 3250 2278 3275 ,
2310 3218 2363 3262 tu
2395 3224 2455 3265 es
2496 3209 2751 3265 sacerdos
2793 3208 2845 3262 in
2879 3214 3141 3263 aeternum
3162 3247 3177 3273 ,
3204 3210 3497 3264 secundum
3530 3211 3681 3264 ordi-

450 3286 601 3350 τὰξιν
626 3286 980 3356 Μελχισεδέκ.
1012 3306 1032 3338 ι
1070 3286 1247 3358 Φράζε
1276 3286 1340 3358 δὴ
1372 3282 1467 3341 οὖν
1502 3288 1586 3350 τίς
1616 3289 1681 3340 ἐκ
1702 3288 1811 3341 τῶν
1838 3288 2021 3360 Γραμα

453 3380 668 3446 ματὲων
718 3381 750 3451 ἥ
799 3379 1106 3451 Φαρισαίων
1154 3380 1569 3451 λελειτούργηκε
1612 3379 1690 3451 τῷ
1732 3380 1850 3452 Θεῷ
1879 3380 2019 3435 κατὰ

448 3469 545 3539 τὴν
573 3470 725 3534 τάξιν
759 3470 1112 3539 Μελχισεδέκ.
1129 3464 1208 3523 Ἦ
1236 3470 1452 3533 πάντως
1484 3470 1678 3534 οὐδείς’
1712 3470 1849 3524 ἀλλά
1872 3474 1968 3524 καὶ
1989 3474 2017 3525 6

448 3562 748 3633 προπάτωρ
785 3560 1117 3632 Ἀϐραὰμ,ή
1169 3562 1296 3632 ῥίζα
1344 3562 1444 3629 τῆς
1497 3560 1763 3631 γενέσεως
1817 3562 1926 3618 τῶν
1958 3564 2017 3629 ἐξ

460 3652 695 3722 Ἰσραὴλ,
736 3652 842 3705 ὑπὸ
864 3654 961 3723 τῆς
995 3653 1329 3723 Μελχισεδὲκ
1362 3654 1662 3726 ἱερωσύνης
1690 3655 2011 3727 ηὐλόγηται.

446 3744 630 3808 Τύπος
674 3746 730 3798 δὲ
759 3742 828 3816 ἦν
868 3748 897 3797 6
927 3746 1282 3817 Μελχισεδὲκ,
1307 3747 1402 3800 καὶ
1446 3748 1480 3817 ή
1515 3750 1638 3801 κατ’
1666 3747 1828 3801 αὐτὸν
1860 3749 2015 3819 ίερω-

446 3837 581 3907 σύνη
611 3837 705 3891 τοῦ
734 3838 952 3891 πάντων
981 3839 1230 3909 Σωτῆρος
1259 3837 1494 3908 Χριστοῦ
1523 3838 1581 3902 ὃς
1603 3839 1830 3909 γέγονεν
1857 3840 2014 3911 ήμῶν

442 3929 732 4001 ἀρχιερεὺς
756 3929 1047 4002 προσάγων
1067 3930 1143 4001 τῷ
1174 3929 1295 4000 Θεῷ
1325 3930 1421 3984 καὶ
1446 3930 1620 4001 Πατρὶ
1648 3930 1857 3995 πάντας
1888 3933 2014 3997 τοὺς

443 4020 875 4083 πεπιστευκὰτας
898 4021 977 4085 είς
998 4020 1160 4073 αὐτὸν
1181 4021 1273 4074 διὰ
1290 4021 1390 4090 τῆς
1410 4021 1549 4093 ὑπὲρ
1571 4020 1735 4092 νόμον
1758 4022 2012 4093 λατρείας

442 4111 662 4164 τελειῶν
690 4114 771 4176 είς
805 4113 1092 4184 ἁγιασμόν.
1115 4114 1180 4166 Τί
1204 4109 1296 4168 οὖν
1322 4114 1633 4185 ἀσχάλλεις,
1649 4109 1694 4168 ὦ
1713 4116 2008 4185 Φαρισαῖες

441 4205 713 4272 ἐγκαλεῖς,
748 4208 871 4259 είπὲ
904 4224 1018 4277 μοι,
1046 4207 1123 4277 τῷ
1151 4206 1418 4280 νομοθέτῃ
1448 4206 1544 4261 τοῦ
1581 4207 1748 4279 νόμου
1776 4208 1877 4281 τὴν
1914 4208 2010 4262 λύ-

444 4312 546 4359 σιν,
575 4298 673 4351 καὶ
715 4299 796 4352 ὅτι
844 4299 921 4369 μὴ
948 4301 1068 4362 ταῖς
1115 4298 1275 4362 ίδίαις
1323 4299 1691 4370 ἠκολούθησεν
1728 4299 2006 4367 ὲντολαῖςς

452 4389 613 4442 Ἀλλά
637 4389 802 4460 νόμου
835 4391 1052 4444 πάντων
1090 4391 1345 4443 ἐπέκεινα
1376 4390 1540 4454 Θεός·
1572 4393 1603 4444 6
1627 4391 1739 4462 γὰρ
1762 4392 1890 4456 τοὺς
1917 4392 2008 4447 νό-

442 4497 576 4551 μους
601 4481 698 4551 οὑχ
724 4479 902 4551 ἑαυτῷ
937 4481 1157 4551 μᾶλλον,
1187 4480 1302 4533 ἀλλ’
1327 4484 1458 4552 ήμῖν
1487 4483 1832 4554 ὁρισάμενος,
1868 4484 2001 4555 μεθο

441 4573 622 4644 ίστησι
657 4568 797 4626 κατά
825 4572 1014 4643 καιρὸν
1054 4574 1137 4641 ἐφ’
1167 4572 1305 4644 ὅπερ
1352 4573 1416 4626 ἂν
1457 4573 1633 4628 ’ἐλοιτο
1662 4575 1733 4628 τὰ
1756 4576 2004 4630 διατετα-

435 4664 633 4733 γμένα,
659 4664 752 4717 καὶ
782 4664 1043 4734 ἀναφέρει
1072 4664 1151 4726 είς
1179 4659 1558 4733 βελτίοναΪΗν
1576 4660 1669 4720 οὗν
1691 4667 1883 4739 καιρὸς
1903 4667 1999 4721 τοῦ

434 4754 746 4808 παύσασθαι
775 4754 868 4808 τὸν
900 4755 957 4807 ἐν
984 4755 1197 4819 τύποις,
1232 4755 1613 4826 ἀναδειχθῆναι
1637 4758 1695 4811 δὲ
1719 4759 1785 4811 τὰ
1815 4760 2001 4830 κρείτ-

432 4864 577 4899 τονα.
609 4846 699 4898 Διὸ
731 4845 833 4914 ἔφη
866 4861 969 4898 που
1000 4845 1091 4899 διὰ
1124 4846 1307 4915 φωνῆς
1345 4845 1595 4900 Ἡσατου’
1628 4865 1650 4898 t
1671 4848 2000 4922 ’Δφανισθή-

434 4955 583 4992 σεται
606 4937 811 5008 νόμιμα
842 4936 1330 5008 λαοῦ.›Ἦργησαν
1357 4937 1465 5009 γὰρ
1494 4938 1596 5009 τῆς
1624 4941 1753 5003 νέας
1778 4940 2000 5012 ἐντολῆς

429 5029 888 5101 ἀναδεδειγμένης
940 5030 1008 5101 ἢν
1069 5030 1135 5083 δι’
1178 5030 1374 5085 ἐαυτοῦ
1428 5030 1727 5102 λελάληκεν
1782 5034 1918 5104 ἡμῖν
1970 5036 2003 5088 6

428 5120 575 5185 Υἱός.

503 5234 578 5289 Τὸ
600 5236 917 5305 βάπτισμα
948 5234 1229 5291 Ἰωάννου
1256 5235 1443 5289 πόθεν
1464 5232 1573 5306 ἦν;

462 5350 664 5418 Ἤρετο
709 5350 739 5401 6
782 5349 1019 5420 Χριστὸς
1057 5350 1250 5403 ὁποίαν
1280 5349 1408 5421 περὶ
1431 5349 1526 5403 τοῦ
1556 5348 1861 5403 Βαπτιστοῦ
1899 5348 1998 5419 τήν

420 5440 578 5505 δόξαν
607 5441 926 5511 ἐσχήκασιν,
949 5439 1136 5510 ἐπειδὴ
1157 5438 1273 5504 ἔθος
1304 5435 1372 5510 ἧν
1399 5442 1512 5504 τοῖς
1545 5440 1816 5503 Ἰουδαίοις
1835 5439 1998 5511 ψευδ-

420 5534 653 5603 ηγόρους
683 5532 977 5586 ἀποκαλεῖν
1007 5533 1133 5594 τοὺς
1160 5532 1372 5599 ἁγίους,
1405 5532 1501 5585 καὶ
1528 5530 1732 5599 λέγειν,
1768 5532 1851 5585 ὅτι
1883 5530 1992 5584 ἀπὸ

421 5623 646 5694 γνώμης
698 5623 837 5688 ἰδίας
885 5623 985 5695 τήν
1033 5622 1370 5694 προφητείαν
1406 5621 1864 5691 ὁποπλάττονται,
1896 5622 1996 5677 οὐκ

495 5802 540 5832 ⁸³
567 5801 709 5858 Psal.
742 5816 852 5869 tux,
886 5802 936 5856 5.
1018 5802 1060 5833 ³⁸
1097 5800 1200 5857 lsa.
1234 5818 1308 5869 vr,
1343 5802 1427 5857 l0.

2119 3316 2238 3355 nem
2261 3300 2653 3356 Melchisedech
2676 3301 2741 3355 ³⁸.
2761 3320 2781 3354 ι
2802 3299 2898 3355 Dic
2918 3302 3285 3372 mihi,quazsn,
3307 3302 3427 3371 quis
3444 3317 3510 3356 ex
3529 3302 3647 3357 Scri

2118 3392 2202 3446 bis
2229 3401 2321 3445 aut
2348 3392 2637 3446 Pharisaﬂs
2680 3392 3007 3447 sacriﬁcavit
3043 3392 3151 3446 Deo
3192 3392 3487 3449 secundum
3524 3393 3662 3448 ordia

2118 3497 2237 3536 nem
2269 3479 2700 3535 Melchisedech?
2729 3480 2962 3537 Omnino
2990 3482 3207 3549 nullus;
3258 3492 3312 3535 at
3356 3484 3520 3538 etiam
3553 3499 3677 3552 pro-

2119 3572 2331 3640 genitor
2364 3572 2634 3626 Abraham
2657 3614 2671 3639 ,
2709 3581 2763 3628 et
2805 3572 2961 3628 radix
2999 3575 3361 3645 generationis
3397 3573 3600 3641 Israel,
3648 3591 3689 3630 a.

2120 3662 2537 3718 Melchisedechi
2580 3665 2890 3720 sacerdotio
2957 3665 3162 3735 recepit
3219 3666 3673 3723 benedictionem.

2115 3757 2295 3829 Typus
2318 3767 2498 3813 autem
2530 3770 2649 3813 erat
2685 3758 3105 3825 Melchisedech,
3134 3756 3382 3829 illiusque
3420 3762 3675 3816 sac‘erdoo

2113 3850 2251 3903 tium
2274 3848 2512 3903 omnium
2541 3848 2837 3903 Saluatoris
2860 3847 3099 3913 Christi,
3140 3850 3233 3918 qui
3262 3848 3438 3906 factus
3468 3861 3550 3905 εει
3577 3860 3679 3906 no-

2113 3941 2199 3996 bis
2243 3940 2501 4011 Princeps
2557 3941 2936 4004 sacerdotum,
2992 3941 3260 3995 adducens
3290 3932 3399 3996 Deo
3427 3952 3497 3998 ac
3532 3942 3684 3997 Patri.

2111 4048 2301 4088 omnes
2352 4035 2405 4087 in
2459 4048 2518 4089 se
2562 4034 2845 4088 credentes
2895 4048 2991 4102 per
3040 4032 3247 4086 cultum
3304 4044 3471 4103 διηπε-
3505 4037 3684 4104 legem.

2111 4125 2401 4194 perﬂeiens
2425 4125 2493 4179 ad
2523 4124 3023 4181 sanctiﬁcationem.
3058 4122 3268 4194 Ecquid
3288 4125 3448 4196 igitur
3470 4121 3676 4181 enimb-

2112 4217 2299 4284 niaris,
2319 4232 2352 4271 o
2372 4216 2684 4271 Pharisaei?
2701 4216 2812 4280 Die,
2837 4230 3043 4287 quaso,
3066 4218 3386 4287 inerepasne
3415 4217 3684 4289 legislatu-

2109 4316 2225 4360 rem
2255 4307 2403 4377 quod
2429 4306 2596 4376 legem
2627 4304 2800 4359 solvat
2831 4345 2844 4369 ,
2892 4308 3102 4375 etQuod
3126 4307 3241 4361 suis
3269 4321 3372 4360 non
3401 4308 3675 4362 adhareat

2110 4396 2405 4451 mandatis?
2423 4397 2491 4449 At
2520 4396 2687 4464 legem
2722 4409 2937 4450 onmem
2964 4404 3183 4466 superat
3208 4396 3372 4453 Deus.
3408 4396 3507 4452 ﬂi'c
3528 4398 3676 4453 enim

2108 4484 2254 4555 leges
2292 4500 2398 4540 non
2426 4494 2537 4540 tam
2565 4485 2670 4540 sibi
2698 4484 2831 4555 ipsi,
2859 4500 3017 4555 quam
3052 4487 3209 4542 nobis
3240 4487 3525 4554 deﬁniens,
3561 4500 3672 4544 sta-

2039 4556 2089 4611 D
2115 4576 2217 4630 tuit
2246 4577 2545 4631 secundum
2576 4585 2822 4646 tempus,
2850 4577 2902 4629 in
2929 4588 3039 4646 quo
3066 4577 3249 4646 utique
3270 4618 3286 4637 .
3315 4579 3681 4648 quacordina-

2106 4668 2217 4733 vit,
2268 4667 2451 4735 elegit,
2499 4668 2865 4737 transfertqne
2910 4668 2976 4721 ad
3023 4669 3266 4724 meliora.
3324 4670 3457 4725 Erat
3512 4673 3679 4740 igitur

2112 4768 2325 4828 tempus
2354 4767 2412 4812 ut
2447 4766 2688 4813 cessaret
2718 4757 2805 4812 lex
2828 4797 2844 4823 ,
2872 4770 2991 4827 quae
3024 4758 3079 4812 in
3110 4758 3295 4830 ﬁguris
3344 4760 3552 4828 fuerat,
3581 4776 3674 4817 os-

2110 4851 2567 4917 tenderenturque
2620 4848 2865 4902 meliora.
2910 4847 3141 4919 Ideoque
3181 4853 3307 4906 alibi
3358 4864 3670 4921 permeent

2106 4942 2260 4997 Isaiae
2279 4940 2387 5011 73
2400 4938 2534 4993 dixit
2561 4958 2575 4992 :
2598 4956 2619 4990 ι
2643 4940 3105 4996 Exterminabitur
3134 4957 3325 4998 sensus
3343 4945 3581 5013 populi”
3603 4961 3618 5010 ;
3643 4964 3661 4997 ι

2103 5044 2332 5088 νοευυιιιι
2359 5029 2505 5086 enim
2528 5028 2769 5085 fecerunt
2795 5043 2989 5087 norum
3024 5033 3335 5087 mandatum
3354 5075 3370 5101 ,
3396 5032 3545 5105 quod
3576 5051 3672 5105 per

2104 5125 2451 5194 semetipsum
2478 5124 2638 5180 nobis
2670 5123 2885 5179 locutus
2900 5132 2984 5179 est
3010 5122 3196 5179 Filius.

2172 5236 2292 5291 XXI
2313 5278 2330 5304 ,
2363 5238 2455 5296 9.5.
2495 5239 2801 5308 Baptismus
2832 5236 3058 5293 Joannis
3087 5240 3223 5292 unde
3252 5240 3405 5294 erat?

2172 5348 2530 5421 Interrogavit
2559 5350 2809 5406 Christus
2833 5364 3123 5420 quamnam
3157 5350 3224 5403 de
3256 5346 3464 5404 Joanne
3491 5346 3663 5403 habe-

2100 5451 2222 5496 rent
2261 5443 2607 5511 Opinionem,
2652 5442 2778 5512 quia
2828 5457 2943 5496 mos
2977 5449 3097 5496 erat
3132 5440 3333 5496 Iudaeis
3377 5441 3665 5496 mendaces

2100 5547 2232 5587 voca
2244 5548 2301 5588 re
2331 5544 2548 5589 sanctos
2568 5574 2584 5599 ,
2614 5548 2679 5587 ac
2709 5534 2893 5587 dicere
2921 5547 3018 5588 eos
3042 5546 3147 5585 non
3172 5532 3367 5586 missos
3396 5545 3427 5585 a
3460 5532 3566 5585 Deo
3591 5544 3659 5585 ex

2102 5641 2197 5682 sua
2233 5636 2416 5684 mente
2447 5625 2787 5697 prophetiam
2811 5626 3038 5698 lingere.
3070 5626 3327 5683 Pharisaei
3361 5636 3543 5683 autem
3573 5639 3665 5681 νει·
3687 5644 3695 5698 λ
