4134 6374
481 387 589 445 1.35

1454 386 1515 442 S.
1553 383 1822 442 CYRILLI
1864 382 2324 439 ALEXANDRINI
2361 381 2666 440 ARCIIIEP.

3604 372 3712 427 e36

483 517 676 563 rentur
703 505 917 576 quidem
945 517 1128 559 verum
1164 502 1366 568 dicere,
1406 519 1474 559 ne
1518 504 1772 559 audiam:
1808 502 2036 573 Propter

2153 500 2539 569 Ξπεσταλμένοι
2585 495 2735 569 παρὰ
2780 494 2938 548 Θεοῦ.
2968 494 3030 548 Οἱ
3077 492 3141 547 δὲ’
3183 492 3469 563 Φαρισαῖοι
3500 488 3705 543 δεδίασι

483 600 612 671 quid
644 614 747 655 non
769 596 1113 653 credidistis?

552 773 661 846 74
695 772 847 839 XXI,
880 772 971 827 28.
1015 770 1323 841 Operarein
1347 773 1492 829 vinea
1523 790 1659 828 mea.

550 867 629 921 Ac
658 865 814 919 vinea
859 864 1073 935 quidem
1118 873 1201 920 est
1236 863 1435 930 Israel,
1495 874 1554 918 ut
1601 865 1676 921 ait
1715 865 2039 922 Psalmista:

489 979 509 1011 ι
547 958 772 1013 Vineam
817 973 882 1012 ex
926 955 1161 1026 Egypto
1214 956 1533 1011 transtulisti
1571 956 1638 1009 ".
1669 975 1687 1007 ι
1728 958 1806 1011 Ac
1838 957 2040 1013 Isaias:

491 1070 510 1102 ι
552 1047 757 1113 Vinea,
811 1046 1015 1115 inquit,
1066 1045 1204 1101 facta
1254 1055 1336 1102 est
1379 1046 1572 1102 dilecta
1606 1047 1675 1103 ³⁷.
1708 1066 1729 1100 s
1775 1047 2046 1103 Plantavit

485 1149 663 1193 autem
733 1153 851 1191 eam
892 1136 1071 1202 Deus,
1109 1151 1173 1191 ac
1197 1138 1358 1209 longo
1388 1147 1628 1208 tempore
1652 1152 1877 1209 peregre
1915 1155 2043 1208 pro-

484 1223 661 1278 fectus
698 1231 811 1285 est,
842 1223 957 1276 sive
996 1223 1457 1294 longanimitatem
1504 1228 1787 1282 exercuit:
1835 1227 2047 1283 videtur

488 1323 664 1368 tamen
692 1329 877 1367 curam
909 1314 1142 1383 gessisse
1171 1316 1438 1383 regionis,
1472 1326 1527 1371 et
1558 1332 1675 1371 eam
1708 1318 1961 1373 habuisse
1992 1319 2043 1373 in

487 1416 687 1459 mente.
714 1403 925 1458 Nullum
960 1404 1104 1459 enim
1138 1416 1347 1475 tempus
1393 1407 1770 1463 intermedium
1805 1407 1905 1463 fuit
1938 1425 2046 1479 quo

498 1510 602 1549 non
638 1512 665 1550 a
692 1496 802 1552 Deo
833 1496 979 1551 missi
1014 1496 1503 1566 fuerintpropheta:
1530 1498 1769 1568 justique
1813 1500 2046 1556 instruc-

487 1598 651 1643 tores.
683 1585 745 1640 Ili
771 1601 898 1642 vero
928 1586 1184 1642 increduli
1215 1587 1454 1653 fuerunt,
1484 1603 1717 1658 eosque,
1769 1590 1860 1660 qui
1898 1591 2047 1646 missi

485 1685 641 1731 erant
662 1719 677 1744 ,
705 1677 925 1733 allectos
957 1678 1250 1748 ignominia
1276 1694 1477 1734 vacuos
1500 1680 1843 1745 dimiserunt,
1868 1681 1920 1735 id
1941 1690 2044 1747 est,

488 1767 620 1822 nihil
667 1767 929 1824 habentes
974 1767 1099 1824 boni
1144 1772 1289 1840 quod
1330 1770 1397 1825 de
1438 1769 1505 1825 iis
1533 1771 1777 1827 dicerent
1814 1771 2046 1827 mittenti

489 1860 616 1915 Deo.

559 1949 707 2017 XXI,
740 1950 832 2008 38.
860 1949 962 2006 Hie
989 1960 1064 2007 est
1093 1952 1279 2008 laceres.
1329 1950 1545 2022 Venite,
1573 1954 1874 2010 occidamus
1900 1972 2041 2011 eum.

559 2125 701 2195 Ergo
742 2125 903 2180 etiam
958 2139 1054 2181 vos
1088 2125 1179 2180 lilii
1208 2125 1300 2181 Dei
1331 2140 1395 2180 ac
1424 2124 1637 2181 Patris?
1667 2141 1796 2197 ergo
1822 2139 2047 2183 natura-

489 2215 555 2271 lis
583 2216 869 2273 haereditas
920 2218 1074 2273 vobis
1114 2218 1383 2286 obtingit,
1424 2218 1467 2273 si
1503 2233 1534 2272 e
1571 2217 1747 2273 medio
1779 2219 2047 2275 han-edem

490 2308 853 2364 sustuleritis?
901 2309 1169 2378 quomodo
1238 2308 1380 2364 fletis
1432 2309 1632 2363 domini
1687 2326 1873 2366 eorum
1930 2326 2051 2381 quae

489 2400 725 2455 amatis?
756 2415 819 2454 ac
848 2400 974 2454 illud
1007 2401 1276 2470 quomodo
1301 2415 1407 2454 non
1438 2402 1549 2456 risu
1580 2401 1844 2470 dignum?
1891 2404 2052 2458 Chri-

489 2500 605 2545 stus
655 2490 919 2560 siquidem
967 2499 1026 2544 ut
1066 2489 1232 2545 Filius
1279 2489 1375 2545 Dei
1420 2506 1485 2546 ac
1530 2490 1708 2546 Patris
1732 2492 2048 2563 dignitatum

490 2579 1023 2637 consubstantialiter
1050 2581 1222 2635 haeres
1257 2581 1524 2637 exsistens
1553 2582 1714 2637 homo
1738 2581 1915 2638 factus
1937 2621 1955 2648 ,
1995 2584 2047 2638 in

491 2673 919 2727 communionem
955 2673 1103 2740 regni
1166 2672 1247 2727 sui
1271 2674 1482 2727 vocavit
1510 2674 1792 2729 credentes
1816 2674 1873 2729 in
1904 2688 2047 2730 eum.

488 2759 658 2818 Judaei
708 2778 836 2818 vero
890 2762 990 2818 soli
1043 2778 1264 2834 regnum
1313 2764 1513 2819 habere
1562 2764 1857 2831 volebant,
1898 2769 2045 2836 quod

407 2911 426 2930 ,
491 2852 610 2909 ﬁeri
655 2867 760 2907 non
795 2861 1038 2923 poterat,
1074 2869 1138 2909 ac
1164 2854 1384 2908 omnino
1410 2862 1529 2909 erat
1560 2868 1591 2908 a
1619 2855 1901 2927 disciplina
1926 2857 2054 2914 alie-

491 2960 641 3000 num.
691 2942 931 3001 Observa
987 2955 1166 3000 autem
1218 2945 1272 2999 in
1319 2946 1467 3001 hisce
1523 2945 1689 3001 lilium
1717 2958 1840 3018 post
1866 2963 2053 3005 servos

493 3035 669 3102 mitti,
711 3044 770 3090 ut
811 3051 933 3092 eum
958 3036 1047 3105 qui
1080 3036 1222 3090 inter
1249 3051 1436 3092 servos
1460 3052 1566 3091 non
1602 3037 1702 3103 sit,
1740 3040 1834 3093 sed
1864 3045 1922 3093 ut
1954 3054 2048 3095 ve-

493 3142 611 3182 rum
644 3126 810 3182 lilium
845 3141 910 3183 ac
944 3137 1219 3197 propterea
1251 3127 1567 3195 Dominum;
1596 3129 1697 3185 etsi
1726 3130 1885 3185 ,enim
1910 3131 2053 3187 servi

494 3216 722 3273 formam
762 3232 858 3287 per
896 3217 1348 3287 dispensationem
1381 3220 1751 3291 assutnpserlt,
1782 3219 1945 3274 etiam
1974 3222 2054 3276 sic

491 3314 653 3363 verus
686 3308 777 3387 ῡεί
806 3307 1092 3378 Patrisque
1112 3308 1282 3365 Filius
1308 3320 1411 3373 est,
1439 3324 1504 3365 ac
1524 3309 1822 3365 naturalem
1850 3311 2056 3367 habens

492 3408 836 3468 potestatem.

565 3510 671 3584 75
700 3509 854 3574 XXI,
879 3509 972 3565 42.
1006 3508 1263 3578 Lapidem
1290 3527 1441 3580 quem
1468 3515 1871 3581 reprobavcrunt
1921 3517 2055 3571 cedi-

494 3602 715 3671 ﬁcantes
736 3639 753 3667 ,
781 3601 865 3655 hic
890 3602 1065 3669 factus
1094 3611 1169 3655 est
1206 3602 1262 3656 in
1288 3616 1439 3672 caput
1463 3607 1668 3676 anguli.

565 3716 878 3771 Admiratus
910 3726 995 3771 est
1027 3716 1282 3785 angulum
1318 3718 1470 3774 illum
1495 3758 1513 3784 ,
1543 3722 1660 3775 sive
1690 3723 1917 3778 duorum
1958 3740 2056 3791 μου

495 3807 746 3877 pulorum
768 3807 821 3861 in
849 3806 1181 3862 identitatem
1211 3824 1540 3865 concursum
1559 3850 1575 3877 ,
1622 3812 1812 3867 beatus
1848 3814 2016 3868 David
2038 3852 2054 3879 ,

493 3899 719 3955 dicens:
755 3914 775 3950 ι
806 3897 854 3952 Α
886 3896 1114 3954 Domino
1141 3897 1344 3954 factum
1371 3911 1455 3955 est
1483 3900 1625 3957 istud
1647 3943 1663 3969 ,
1699 3914 1754 3957 et
1781 3914 1864 3959 est
1894 3906 2059 3959 mira-

495 3990 609 4046 bile
635 3989 691 4045 in
725 3989 902 4046 oculis
932 3990 1135 4045 nostris
1154 3990 1220 4046 ³⁸.
1260 4009 1280 4044 ι
1329 3990 1516 4061 Itaque
1548 3995 1802 4049 salutaris
1843 3997 2057 4065 quidem

497 4082 587 4138 hic
614 4083 753 4153 lapis
778 4082 972 4155 angulo
999 4084 1068 4138 ab
1094 4098 1161 4139 eo
1187 4083 1329 4139 facto
1349 4102 1365 4152 ;
1388 4087 1654 4140 contritus
1691 4097 1773 4141 est
1794 4097 1972 4142 autem
1991 4091 2059 4145 ab

499 4174 566 4228 iis
598 4173 689 4243 qui
715 4182 871 4228 extra
906 4173 1325 4229 intellectualem
1362 4189 1427 4228 ac
1460 4175 1797 4244 spiritualem
1846 4193 2060 4233 manse-

498 4272 625 4317 runt
652 4277 973 4318 concursum
1004 4280 1017 4317 :
1053 4262 1185 4333 ipsis
1222 4263 1369 4316 enim
1410 4260 1658 4319 Christus
1691 4273 1841 4334 petra
1888 4263 2061 4321 oﬂ‘en-

499 4352 667 4407 sionis
696 4363 810 4417 est,
841 4363 897 4406 et
917 4352 1053 4422 lapis
1079 4352 1343 4408 scandali.

568 4441 732 4510 XXII,
762 4444 818 4499 8.
861 4440 1079 4511 Nuptia:
1103 4443 1309 4514 quidem
1342 4456 1541 4513 paratae
1564 4454 1705 4499 sunt.

2145 592 2242 661 μὲν
2267 592 2443 644 εἰπεῖν
2469 590 2529 643 τὺ
2570 589 2767 659 ἀληθὲς
2788 627 2804 653 ,
2845 586 2933 639 ἶνα
2965 584 3045 657 μὴ
3067 584 3379 639 ἀκούσωσι·
3415 581 3517 636 Διά
3541 582 3595 635 τί
3628 581 3704 653 μὴ

2141 680 2493 734 ἐπιστεύσατε
2514 695 2530 746 ;

2224 770 2503 841 Ἐρνάζου
2532 770 2602 824 ἐν
2625 767 2706 835 τῷ
2730 765 3036 838 ἀμπελῶνί
3055 783 3197 836 μου.

2214 863 2326 917 Καὶ
2376 861 2524 915 ἔστιν
2576 858 2837 929 ἀμπελὼν
2884 857 2984 927 μὲν
3037 859 3064 910 6
3104 856 3346 926 Ἰσραὴλ,
3375 856 3451 917 ὣς
3489 870 3651 924 φησιν
3676 854 3707 908 6

2142 953 2465 1025 Ψαλμῳδός·
2503 972 2521 1003 ι
2544 949 2866 1021 Ἀμπελῶνα
2893 948 3239 1018 ὲξΑἰγύπτου
3269 946 3530 1018 μετῆρας.
3559 964 3577 997 ι
3600 944 3708 997 Kal

2155 1048 2380 1109 Ἡσαΐας
2401 1068 2417 1086 ο
2459 1064 2477 1097 ι
2501 1041 2806 1114 Ἀμπελὼν,
2838 1040 3025 1111 φησὶν,
3053 1038 3287 1110 ἐγενήθη
3317 1037 3394 1108 τῷ
3416 1037 3707 1107 ἠγαπημέ-

2143 1156 2239 1210 νῳ.
2266 1136 2634 1206 »Ἐφύτευσεν
2684 1132 2742 1186 δὲ
2787 1132 2949 1187 αὐτὸν
2996 1132 3026 1185 6
3067 1128 3219 1194 Θεὸς,
3252 1128 3345 1183 καὶ
3387 1128 3707 1197 ἀπεδήμησε

2144 1231 2334 1303 χρόνον
2380 1227 2609 1298 μακρὸν,
2643 1226 2820 1279 εἴτουν
2864 1220 3311 1294 ὲμακροθύμησε.
3343 1218 3489 1289 Πλὴν
3517 1220 3707 1288 ὁρᾶται

2147 1318 2518 1392 πεφροντικὼς
2569 1317 2661 1371 τοῦ
2712 1313 2935 1386 χωρίου,
2970 1314 3065 1366 καὶ
3098 1315 3177 1377 εἰς
3217 1310 3342 1365 νοῦν
3384 1312 3521 1380 ἔχων
3554 1310 3704 1364 αὑτό.

2146 1412 2335 1474 Οὐδεὶς
2356 1410 2465 1483 γὰρ
2493 1409 2681 1478 γέγονε
2706 1406 2793 1460 διὰ
2821 1405 2984 1475 μέσου
3017 1404 3227 1478 καιρὸς,
3258 1403 3379 1457 καθ’
3406 1403 3464 1456 ὃν
3488 1403 3589 1456 οὐκ
3610 1404 3711 1455 ἀπ-

2145 1501 2454 1554 εστέλλοντο
2479 1498 2630 1570 παρὰ
2657 1495 2749 1551 τοῦ
2780 1494 2917 1548 Θεοῦ
2944 1494 3220 1565 προφῆται
3259 1495 3353 1547 καὶ
3377 1494 3572 1547 δίκαιοι
3596 1511 3710 1546 νουο

2148 1590 2447 1655 θετοῦντες.
2464 1592 2527 1645 Ol
2548 1590 2605 1644 δὲ
2632 1590 2915 1659 γεγόνασιν
2936 1586 3203 1650 ἀπειθεῖς,
3222 1584 3317 1638 καὶ
3343 1583 3710 1655 ἀτιμάσαντες

2145 1684 2268 1747 τοὺς
2305 1681 2745 1752 ἀπεσταλμένους
2787 1678 3111 1734 ἀπέστειλαν
3155 1675 3376 1740 κενούςο
3430 1674 3711 1729 τουτέστιν

2147 1775 2301 1829 οὐδὲν
2332 1772 2552 1844 ἔχοντας
2578 1773 2751 1826 εἰπεῖν
2782 1772 2910 1842 περὶ
2938 1769 3116 1824 αὐτῶν
3146 1768 3351 1838 ἀγαθὸν
3381 1767 3460 1838 τῷ
3495 1784 3709 1838 πεπομ-

2078 1846 2122 1902 B
2151 1867 2273 1937 φότι
2300 1865 2441 1935 Θεῷ.

2220 1953 2408 2024 Οὗτός
2445 1957 2616 2011 ἐστιν
2648 1958 2681 2010 ὁ
2715 1953 3105 2023 κληρονόμος.
3131 1952 3326 2017 Δεῦτε,
3358 1951 3710 2006 ἀποκτείνω-

2142 2065 2259 2118 μεν
2282 2049 2488 2101 αὐτόν.

2222 2140 2366 2210 Ἀρα
2406 2138 2501 2191 καὶ
2540 2138 2696 2209 ὑμεῖς
2736 2136 2842 2190 υἰοὶ
2885 2134 2979 2189 τοῦ
3011 2132 3152 2188 Θεοῦ
3181 2135 3274 2189 καὶ
3304 2134 3554 2206 Πατρός;
3601 2135 3712 2204 ἄρα

2148 2230 2391 2300 φυσικῶς
2416 2231 2445 2283 6
2470 2230 2669 2300 κλῆρος
2695 2230 2776 2293 εἰς
2805 2229 2948 2299 ὑμᾶς
2978 2226 3316 2291 καταϐαίνει,
3335 2227 3412 2279 -ἃν
3443 2227 3509 2279 ὲκ
3542 2225 3711 2296 μέσου

2149 2322 2410 2393 ποιήσητε
2437 2322 2528 2374 τὸν
2558 2320 2932 2390 κληρονόμον;
2964 2319 3080 2383 πῶς
3102 2317 3395 2388 γενήσεσθε
3425 2317 3601 2386 κύριοι
3636 2310 3713 2370 ὧν

2148 2413 2343 2483 ὲρᾶτες
2379 2412 2602 2464 κάκεῖνο
2647 2410 2763 2474 πῶς
2796 2411 2855 2463 οὐ
2885 2409 3121 2479 γέλωτος
3160 2408 3342 2474 ἄξιον;
3389 2409 3448 2462 '0
3481 2408 3581 2478 μὲν
3604 2408 3713 2479 γὰρ

2149 2499 2403 2571 Χριστὸς,
2432 2498 2507 2562 ὼς
2554 2498 2681 2561 Υἰδς
2737 2498 2832 2551 καὶ
2883 2496 2992 2551 τῶν
3025 2495 3120 2549 τοῦ
3171 2495 3306 2549 Θεοῦ
3361 2496 3453 2549 καὶ
3501 2496 3714 2566 Πατρὸς

2152 2588 2475 2660 ἀξιωμάτων
2486 2588 2546 2641 ού
2554 2586 2759 2651 σιωδῶς
2771 2586 3121 2658 κληρονόμος.
3130 2586 3493 2656 γεγενημένος
3505 2586 3714 2656 ἄνθρω-

2152 2698 2273 2747 πος,
2308 2682 2388 2743 εἰς
2419 2678 2703 2733 κοινωνίαν
2727 2678 2827 2745 τῆς
2855 2677 3047 2732 ἑαυτοῦ
3073 2676 3354 2748 βασιλείας
3385 2678 3714 2740 ὲκάλειτοὺς

2152 2769 2507 2833 πιστεύοντας
2535 2770 2614 2833 εἰς
2639 2767 2823 2822 αὐτόν.
2854 2770 2916 2821 Οἰ
2949 2767 3008 2821 δὲ
3049 2767 3287 2839 Ἑϐραῖοι
3315 2767 3464 2837 μόνοι
3494 2767 3592 2837 τὴν
3618 2766 3713 2837 βα-

2154 2860 2358 2914 σιλείαν
2383 2859 2527 2930 ἔχειν
2553 2858 2765 2930 ἧθελον,
2792 2858 2929 2927 ὅπερ
2959 2853 3028 2928 ἦν
3062 2857 3343 2928 ἀμήχανόν
3363 2874 3422 2910 τε
3446 2857 3538 2910 καὶ
3567 2857 3710 2927 ἀμα-

2154 2952 2265 3016 θές.
2281 2950 2646 3021 Ἐπιτήρησον
2666 2949 2724 3002 δὲ
2752 2949 2810 3003 ὲν
2835 2949 3044 3012 τούτοις
3075 2948 3155 3002 ὅτι
3187 2948 3325 3019 μετὰ
3350 2949 3475 3010 τοὺς
3498 2947 3715 3011 οἰκέτας

2152 3031 2182 3096 6
2213 3041 2341 3103 Υἰὺς
2386 3041 2686 3110 πέμπεται,
2716 3037 2793 3102 ὡς
2821 3038 2883 3092 οὐ
2914 3037 3086 3092 τελῶν
3118 3040 3178 3092 ἐν
3218 3038 3473 3102 οἰκέταις,
3502 3037 3615 3090 ἀλλ’
3640 3037 3716 3100 ὡς

2155 3131 2281 3195 Υἱὸς
2308 3130 2582 3201 ἀληθινὸς,
2602 3131 2694 3183 καί
2720 3128 2809 3183 διὰ
2832 3127 2989 3181 τοῦτο
3026 3127 3228 3198 Κύριος
3246 3146 3262 3162 ο
3290 3130 3339 3182 εἰ
3372 3129 3466 3181 καὶ
3490 3128 3716 3198 ὲφόρεσε

2155 3221 2264 3292 γὰρ
2306 3220 2492 3274 δούλου
2538 3219 2752 3292 μορφὴν
2778 3218 3157 3290 οἰκονομικῶς,
3191 3218 3307 3271 ἀλλ’
3338 3215 3405 3291 ἦν
3449 3219 3543 3272 καὶ
3576 3216 3717 3270 οὕτω

2156 3313 2309 3375 Θεὸς,
2338 3313 2432 3366 καὶ
2461 3312 2587 3375 Υἰὸς
2619 3310 2872 3383 ἀληθινὸς
2914 3308 3006 3364 τοῦ
3053 3308 3188 3363 Θεοῦ
3228 3310 3324 3365 καὶ
3364 3307 3595 3381 Πατρδς,
3623 3307 3717 3362 καὶ

2157 3404 2390 3474 φυσικὴν
2423 3403 2561 3474 ἔχων
2590 3401 2687 3473 τὴν
2719 3401 3032 3473 κυριότητα.

2229 3515 2411 3569 Λίθον
2475 3514 2548 3568 ὃν
2603 3513 3057 3582 ἀπεδοκίμασαν
3116 3515 3172 3567 οἰ
3228 3511 3717 3583 οἰκοδομοῦντες,

2164 3601 2345 3669 οὗτος
2369 3602 2621 3674 ἐγενήθη
2654 3606 2742 3669 εἰς
2772 3602 3049 3672 κεφαλὴν
3077 3603 3314 3673 γωνίας.

2228 3715 2442 3785 Ταύτην
2470 3715 2632 3769 τεθαύ
2642 3733 2783 3786 μακε
2811 3716 2909 3787 τὴν
2941 3714 3166 3784 γωνίαν,
3201 3715 3319 3785 ἦτοι
3341 3714 3448 3767 τῶν
3468 3712 3559 3766 δύο
3576 3712 3719 3766 λαῶν

2158 3808 2257 3879 τὴν
2278 3809 2356 3871 εἰς
2376 3808 2679 3877 ταύτότητα
2707 3807 2923 3862 σύνοδον
2949 3809 2977 3860 6
3010 3808 3278 3877 μακάριος
3302 3805 3486 3868 Δαόὶδ,
3514 3804 3715 3873 λέγων’

2166 3918 2185 3950 ι
2215 3899 2372 3970 [Ιαρά
2398 3900 2601 3970 Κυρίου
2635 3899 2850 3968 ἐγένετο
2882 3897 3041 3968 αῦτη,
3075 3897 3171 3950 καὶ
3205 3896 3321 3951 ἔστι
3352 3895 3638 3966 θαυμαστὴ
3663 3897 3720 3948 ὲν

2159 3993 2455 4063 ὀφθαλμοῖς
2493 3991 2667 4063 ἡμῶν.
2699 4010 2719 4044 ι
2759 3991 2969 4045 Οὐκοῦν
3006 3991 3270 4061 σωτήριον
3302 3988 3404 4058 μὲν
3432 3990 3461 4041 6
3487 3986 3630 4050 λίθος
3654 3989 3718 4057 τῇ

2159 4085 2332 4155 γωνίᾳ
2360 4087 2425 4155 τῇ
2453 4084 2582 4153 παρ’
2608 4081 2773 4136 αὑτοῦ
2798 4081 3085 4152 γενομένῃ,
3112 4079 3373 4151 συπριὸὴ
3400 4078 3457 4132 δὲ
3477 4080 3589 4141 τοῖς
3612 4076 3718 4143 ἐξω

2165 4173 2497 4247 μεμενηκόσι
2516 4175 2613 4243 τῆς
2632 4175 2827 4241 νοητῆς
2851 4172 2944 4224 καὶ
2970 4169 3345 4242 πνευματικῆς
3364 4168 3571 4237 ταύτης
3598 4183 3723 4220 συν·-

2160 4266 2367 4337 δρομῆς
2386 4282 2399 4294 ·
2429 4265 2610 4327 αὐτοῖς
2632 4264 2741 4335 γάρ
2763 4264 2910 4317 ἐστιν
2935 4265 2962 4316 6
2991 4262 3223 4335 Χριστὸς
3257 4260 3430 4332 πέτρα
3448 4256 3722 4331 προσκόμ-

2164 4374 2355 4428 ματος,
2390 4357 2485 4409 καὶ
2517 4355 2664 4420 λίθος
2694 4354 3016 4411 σκανδάλου.

2246 4448 2307 4501 '0
2336 4446 2452 4517 μὲν
2481 4446 2665 4516 νόμος
2691 4445 2925 4514 ἕτοιμός
2946 4444 3140 4499 ἐστιν.

563 4532 791 4605 Nuptias
834 4535 965 4589 dicit
1012 4537 1264 4592 unionem
1313 4534 1550 4590 ﬁdelium
1599 4552 1719 4591 cum
1766 4536 1943 4602 Filio;
1992 4536 2051 4592 ad

2233 4514 2414 4605 Γάειον
2441 4514 2520 4605 (It)
2543 4514 2690 4602 λέγει
2722 4533 2822 4604 τὴν
2870 4532 3004 4603 πρὸς
3053 4533 3145 4587 τὸν
3184 4531 3310 4587 Υἰδν
3357 4532 3468 4586 τῶν
3517 4529 3726 4584 πιστῶν

501 4625 728 4693 illasque
770 4626 983 4696 nuptias
1016 4626 1229 4682 vocavit
1264 4625 1502 4691 Iudaeos,
1542 4627 1672 4682 olim
1703 4629 1919 4698 quidem
1964 4643 2058 4697 per

498 4715 815 4787 prophetas,
873 4715 1163 4771 novissime
1211 4727 1387 4771 autem
1434 4732 1529 4787 per
1582 4718 1892 4788 discipulos,
1935 4727 2062 4773 ante

500 4808 808 4881 passionem
830 4817 886 4861 et
918 4808 1394 4863 resurrectionem.

570 4898 716 4953 XXII
743 4939 758 4963 ,
787 4898 874 4953 15.
915 4897 1116 4968 Ligatt's
1146 4897 1385 4953 manibus
1416 4909 1464 4954 et
1497 4899 1713 4969 pedibus
1741 4900 1878 4970 ejus.

570 4987 692 5043 Alio
716 5003 929 5058 quoque
955 4990 1113 5045 modo
1162 5005 1352 5046 manus
1410 4990 1679 5060 pedesque
1718 4991 1872 5061 ligari
1923 4991 2059 5045 dici-

500 5084 624 5140 tur,
658 5077 813 5146 qnasi
874 5076 1075 5131 nullum
1136 5077 1388 5148 deinceps
1446 5080 1518 5135 ibi
1544 5080 1888 5149 opusbonum
1920 5098 2060 5153 prm-

508 5178 654 5225 stare
673 5168 918 5237 valeant;
954 5171 1076 5225 boni
1104 5171 1247 5225 enim
1267 5171 1508 5242 operatio
1548 5188 1653 5227 non
1680 5173 1781 5228 nisi
1829 5176 1896 5230 ad
1923 5190 2060 5245 pra:-

499 5274 625 5316 sens
652 5270 864 5332 tempus
896 5264 1218 5318 extenditur.

570 5352 747 5417 XXII,
783 5354 870 5407 I7.
903 5353 1046 5409 Licet
1073 5372 1281 5409 censum
1320 5358 1450 5413 dare
1478 5357 1714 5422 (ἔωσαν-ἱ,
1752 5376 1819 5412 an
1854 5360 1995 5413 non?

574 5442 753 5498 Voluit
795 5444 1009 5514 quidem
1056 5447 1432 5502 universorum
1484 5448 1624 5504 Deus
1680 5450 1748 5504 ab
1781 5450 2058 5504 hominum

572 5622 618 5654 ³⁸
646 5621 789 5678 Psal.
825 5612 1013 5695 usus,
1042 5627 1090 5684 9.
1171 5627 1215 5659 ³⁷
1242 5627 1344 5683 Isa.
1385 5628 1515 5694 v.1.
1589 5630 1634 5662 ³⁸
1660 5627 1805 5685 Psal.
1836 5645 2005 5700 cxvn,
2030 5629 2121 5686 25.

573 5778 652 5849 (I)
684 5780 890 5850 Γάμον
927 5813 993 5824 -
1017 5784 1428 5853 ἀναστάσεως.
1466 5788 1707 5846 Cramer.
1748 5806 1798 5861 p.
1841 5788 1955 5843 I79.

939 5864 977 5876 ’θ

2164 4628 2485 4697 συνάφειαν,
2516 4625 2697 4680 καλῶν
2727 4626 2809 4689 εἰς
2842 4624 3028 4679 τοῦτον
3067 4626 3193 4688 τοὺς
3235 4625 3537 4689 Ἰουδαίους,
3564 4622 3727 4676 πάλαι

2168 4720 2266 4790 μὲν
2296 4719 2383 4773 διὰ
2440 4718 2550 4772 τῶν
2586 4717 2899 4789 προφητῶν,
2929 4716 3155 4788 ὕστερον
3200 4716 3258 4769 δὲ
3303 4716 3390 4769 διὰ
3418 4715 3524 4769 τῶν
3554 4716 3727 4785 μαθη-

2164 4813 2292 4875 τῶν,
2314 4811 2423 4882 πρὸ
2442 4810 2536 4865 τοῦ
2569 4811 2772 4873 πάθους
2808 4811 2901 4863 καὶ
2927 4810 3027 4881 τῆς
3047 4809 3412 4873 ἀναστάσεως.

2236 4904 2539 4973 Δήσαντες
2561 4902 2749 4957 αὑτοῦ
2777 4902 2966 4967 πόδας
2996 4901 3095 4955 καί
3124 4900 3343 4970 χεῖρας.

2237 4997 2347 5049 Καὶ
2370 4995 2544 5058 ἄλλως
2571 4993 2813 5047 δεδέσθαι
2843 4996 3031 5063 χεῖρας
3058 4992 3152 5046 καὶ
3186 4992 3350 5055 πόδας
3378 4990 3627 5060 λέγεται,
3654 4989 3729 5051 ὡς

2169 5086 2397 5157 μηδενὸς
2428 5085 2612 5138 λοιπὸν
2652 5088 2886 5156 χρηστὸν
2914 5084 3137 5154 ποιῆσαι
3176 5084 3356 5136 ὲκεῖσε
3393 5079 3723 5151 δυναμένων

2165 5180 2199 5249 ἡ
2232 5178 2340 5249 γὰρ
2366 5178 2459 5231 τοῦ
2493 5175 2661 5231 καλοῦ
2691 5174 2924 5247 ἐργασία
2956 5175 3119 5246 μέχρι
3147 5172 3239 5227 τοῦ
3270 5171 3534 5244 παρόντος
3558 5168 3730 5225 ἐκτεί-

2166 5285 2336 5323 νεται.

2236 5358 2480 5422 Ἔξεστι
2509 5357 2719 5411 δοῦναι
2748 5355 2983 5424 κῆνσον
3012 5355 3282 5423 Καίσαρι,
3318 5355 3356 5423 ἣ
3386 5355 3489 5419 οὔ;

2240 5448 2437 5503 Ἤθελε
2461 5450 2559 5520 μὲν
2579 5449 2608 5502 6
2622 5448 2729 5503 τῶν
2750 5447 2886 5501 ὅλων
2908 5447 3039 5511 Θεὸς
3058 5446 3402 5518 ἀνθρωπίνης
3417 5446 3732 5509 δυναστείας
