4134 6374
424 376 526 431 457

1586 378 1942 436 (ΖΟΜΜΕΝΤ.
1984 379 2049 433 IN
2093 377 2529 436 {\lATTll/EUM.

3552 378 3657 435 L38

424 489 707 561 ἐλεύθερον
735 486 872 545 εἶναι
899 492 988 547 τὸν
1021 494 1262 566 ’1σραήλ’
1306 496 1492 567 ἐπειδὴ
1537 497 1595 549 δὲ
1643 500 1769 561 τοὺς
1819 498 1991 561 θείους

2102 497 2368 551 dominatu
2400 497 2639 553 liberum
2659 509 2778 551 csse
2808 494 3053 550 tsraelem
3086 514 3099 549 :
3135 509 3257 549 cum
3290 507 3417 547 vero
3451 494 3659 548 divinas

426 585 774 654 πεπατήκασι
812 585 1029 654 νόμους,
1060 587 1348 654 γεγόνασιν
1374 587 1477 639 ὑπὸ
1510 590 1667 657 χεῖρα
1700 588 1806 640 τῶν
1843 606 1993 657 τηνιο

427 674 555 727 κάδε
589 676 1028 746 κεκρατηκότων,
1067 677 1162 730 καὶ
1197 678 1437 749 δασμοὺς
1482 680 1756 750 ἐπέθηκαν
1785 681 1989 745 αὐτοῖς,

426 766 520 817 καὶ
567 767 733 835 φόρου
779 765 963 818 λοιπὸν
1006 762 1148 837 ἦσαν
1187 767 1485 834 ὑποτελεῖς,
1511 767 1619 821 τῶν
1649 770 1991 840 πραγμάτων

423 858 609 921 αὐτοῖς
638 859 719 921 είς
746 861 843 929 τὴν
877 860 1165 929 Ῥωμαίων
1202 861 1617 931 μεταπεσόντων
1651 863 1841 934 ἀρχήν.

499 948 604 1001 Καὶ
648 950 843 1013 οὐδεὶς
883 950 1137 1005 ἐδύνατο
1165 951 1324 1018 αρτῷ
1362 952 1757 1021 ἀποκριθῆναι
1784 954 1989 1022 λόγον,

424 1037 569 1091 οὐδὲ
606 1038 904 1107 ἐτόλμησέ
952 1057 1042 1106 τις
1086 1040 1185 1095 ἀπ’
1205 1041 1446 1112 ἐκείνης
1488 1042 1594 1112 τῆς
1630 1044 1848 1113 ἡμέρας
1890 1045 1992 1098 ἐπ-

420 1128 717 1197 ερωτῆσαι
748 1130 935 1184 αὑτὸν
960 1131 1181 1188 οὐκέτι.

510 1220 730 1292 Ἐπειδὴ
778 1223 1283 1293 καταισχυνθέντων
1329 1225 1435 1278 τῶν
1479 1206 1848 1279 Σαδδουκαίων
1897 1229 1991 1281 καὶ

424 1312 902 1384 ἀποχωρησάντων
932 1316 1184 1385 ἐπῃνεῖτο
1216 1318 1244 1369 ὁ
1281 1316 1506 1387 Κύριος,
1549 1316 1991 1388 διαξθονούμενοι

423 1406 473 1458 oi
516 1404 799 1477 Φαρισαῖοι
846 1401 1010 1476 ἦλθον
1064 1408 1145 1470 εἰς
1198 1408 1381 1479 μέσον,
1415 1409 1509 1462 καί
1554 1427 1636 1472 τις
1682 1410 1993 1479 νομομαθὴς

424 1494 564 1562 ἄγαν
593 1496 724 1566 παρ’
750 1495 933 1558 αὐτοῖς
958 1494 1331 1566 νομιζόμενος,
1364 1497 1613 1568 ἠρώτησε
1641 1498 1770 1550 ποία
1807 1498 1992 1569 ἐντολὴ

426 1585 637 1657 μεγάλη
667 1587 725 1639 ἐν
758 1586 835 1658 τῷ
860 1587 1011 1657 νόμῳ
1034 1603 1049 1617 ·
1077 1589 1280 1658 οἰηθεὶς
1310 1590 1391 1643 ὅτι
1418 1590 1600 1661 μέλλει
1632 1591 1730 1661 μὲν
1767 1591 1834 1645 τὰ
1859 1592 1991 1645 Μω-

426 1676 564 1739 σέως
595 1678 1058 1748 παραγράφεσθαι
1088 1681 1116 1731 ὁ
1143 1680 1396 1749 Χριστὸς,
1428 1682 1789 1750 παρατιθέναι
1815 1681 1872 1735 δὲ
1895 1682 1993 1752 τὴν

422 1766 587 1820 αὑτοῦ
616 1767 984 1833 διδασκαλίαν,
1018 1769 1049 1839 ἢ
1079 1771 1285 1822 εἰπεῖν’
1323 1772 1654 1840 Ἀγαπήσεις
1682 1771 1883 1842 Κύριον
1902 1774 1993 1825 τὸν

2100 588 2241 657 leges
2269 587 2673 643 conculcassent
2697 628 2713 652 ,
2750 597 2859 640 tum
2893 596 3052 640 etiam
3089 584 3496 654 prmvaleutium
3531 602 3647 637 nta-

2096 694 2198 733 nus
2227 694 2291 733 ac
2322 678 2535 734 vincula
2561 678 2642 733 eis
2669 679 2957 747 imposuit,
3003 692 3066 729 ac
3108 676 3236 729 facti
3276 688 3403 731 sunt
3440 678 3655 732 obnoxii

2096 769 2377 839 pendendo
2405 770 2627 836 tributo,
2672 769 2832 823 rebus
2858 784 3044 825 eorum
3064 774 3138 839 ad
3170 771 3532 825 Romanorum
3560 770 3658 822 im-

2094 860 2299 930 perium
2360 860 2646 915 devolutis.

2165 951 2273 1021 76
2298 948 2469 1011 XXII,
2501 950 2589 1005 46.
2632 950 2701 1004 Et
2727 967 2874 1005 nemo
2894 960 3096 1018 poterat
3127 953 3438 1019 respondere
3463 953 3507 1003 ci
3541 966 3653 1003 ver-

2094 1040 2252 1103 bum,
2312 1056 2473 1109 neque
2522 1056 2684 1093 ausus
2731 1025 2831 1108 fuit
2878 1042 3150 1111 quisquam
3201 1058 3265 1095 ex
3290 1042 3382 1093 illa
3413 1042 3495 1094 die
3539 1056 3656 1093 eum

2032 1178 2035 1181 .
2092 1131 2317 1197 amplius
2350 1132 2697 1201 interrogare.

2163 1221 2295 1275 Cum
2316 1220 2526 1275 confusi
2547 1233 2727 1277 essent
2748 1238 2812 1276 ac
2826 1232 3179 1279 secessissent
3204 1224 3482 1277 Sadduczci
3502 1265 3518 1289 ,
3546 1222 3658 1276 lau-

2092 1312 2427 1381 dabaturque
2456 1313 2733 1378 Dominus,
2766 1315 3085 1383 inomedium
3144 1316 3453 1384 prodierunt
3495 1312 3659 1367 invidi

2094 1402 2347 1457 Pharisati
2366 1446 2380 1469 ,
2404 1418 2466 1458 ac
2494 1402 2828 1474 legisperitus
2855 1406 3070 1474 quidam
3103 1421 3292 1474 magna
3323 1405 3459 1475 apud
3486 1420 3580 1458 eos
3604 1405 3659 1459 in

2092 1494 2447 1548 mstimatione
2488 1493 2813 1563 interrogat,
2856 1496 3127 1564 quodnam
3176 1496 3468 1549 maximum
3515 1504 3660 1549 esset

2095 1585 2402 1638 mandatum
2434 1584 2485 1638 in
2514 1585 2660 1655 lege,
2688 1586 2981 1640 arbitratus
3006 1587 3141 1649 fore,
3162 1598 3217 1639 ut
3240 1602 3300 1639 ea
3320 1602 3438 1656 qua:
3460 1584 3658 1655 Moysi:

2092 1682 2247 1728 erant
2272 1675 2519 1729 Christus
2546 1677 2948 1746 proscriberet,
2973 1692 3124 1732 suam
3149 1686 3327 1731 autem
3358 1678 3660 1731 doctrinam

2094 1777 2462 1835 praeponeret,
2516 1776 2608 1819 aut
2639 1767 2843 1823 diceret
2879 1787 2891 1823 :
2950 1769 3149 1837 Diliges
3180 1767 3460 1821 Dominum
3493 1766 3677 1820 Deum

424 1860 558 1914 Θεόν
591 1878 684 1915 σου
709 1862 804 1916 καὶ
829 1862 929 1932 ἐμέ
949 1877 963 1893 ·
996 1863 1381 1931 παραζευγνὺς
1410 1863 1604 1915 ἐαυτοῦ
1625 1863 1723 1934 τὴν
1749 1864 1905 1928 δόξαν
1926 1868 1991 1936 τῇ

2102 1866 2244 1910 tuum
2275 1868 2329 1911 et
2357 1874 2471 1922 me,
2500 1857 2873 1928 coniungendo
2902 1860 3125 1929 gloriam
3148 1876 3300 1915 suam
3329 1875 3453 1914 cum
3489 1859 3659 1926 gloria

422 1950 549 2023 δόξῃ
584 1952 675 2005 τοῦ
722 1954 959 2024 Πατρός·
1006 1954 1099 2007 καὶ
1131 1953 1303 2017 οὕτως
1335 1954 1559 2025 εὑρήσει
1599 1955 1871 2024 πρόφασιν
1896 1956 1992 2008 τοῦ

423 2044 683 2115 ἐμϐαλεῖν
712 2046 874 2099 αὑτὸν
906 2047 984 2109 εἰς
1012 2045 1275 2107 κίνδυνον,
1308 2046 1384 2109 ὡς
1408 2047 1597 2099 ἑαυτὸν
1624 2046 1989 2101 θεοποιοῦντα·

423 2139 481 2209 ἢ,
507 2140 555 2192 εἰ
581 2138 743 2193 τοῦτο
767 2141 1213 2210 παρασιωπήσει,
1238 2138 1415 2207 λέγειν
1439 2156 1453 2171 ·
1487 2140 1696 2193 Οὐκοῦν
1728 2140 1790 2193 οὐ
1826 2158 1995 2211 προσ-

424 2230 651 2300 δέχομαι
704 2247 764 2282 σε
811 2230 885 2294 ὡς
934 2231 1066 2283 Θεόν
1110 2229 1285 2300 (I).'0
1311 2230 1369 2283 δὲ
1396 2230 1597 2301 Κύριος
1630 2231 1781 2283 οὐδὲν
1806 2232 1993 2284 καινὸν

425 2320 616 2387 εἰπὼν,
666 2321 800 2375 ἀλλά
840 2323 906 2375 τά
932 2322 1024 2376 τοῦ
1056 2323 1243 2391 νόμου.
1290 2322 1382 2376 καὶ
1416 2322 1587 2394 ταύτῃ
1638 2324 1995 2393 ἐπιστομίσας

424 2414 550 2478 τοὺς
571 2415 922 2485 Φαρισαίους.

494 2511 663 2578 Μηδὲ
688 2511 948 2581 κληθῆτε
978 2514 1325 2583 καθηγηταί.

512 2602 735 2674 Ἐπειδὴ
762 2605 884 2667 τοὺς
920 2606 1085 2660 καινὰ
1111 2605 1361 2677 δόγματα
1393 2605 1746 2671 διδάσκοντας
1774 2607 1850 2671 ὡς
1878 2608 1998 2660 ἐπί-

429 2710 536 2747 παν
563 2694 693 2748 ἰδεῖν
732 2694 849 2749 ἐστι
883 2697 1191 2763 κενοδοξίας
1223 2699 1319 2752 καὶ
1364 2698 1683 2762 ἀλαζονείας
1723 2698 1886 2770 ἔρωτι
1915 2701 1995 2763 εἰς

428 2783 489 2837 τὸ
514 2783 615 2854 τῆς
640 2785 991 2850 διδασκαλίας
1019 2787 1235 2859 ἀξίωμα
1257 2790 1757 2859 παραγενομένους,
1784 2791 1999 2860 ἀναιρεῖ

426 2879 455 2930 ὀ
481 2877 683 2947 Κύριος
701 2877 905 2949 ταύτην
922 2878 1020 2949 τὴν
1042 2879 1319 2944 ὑπόνοιαν,
1342 2881 1436 2932 καὶ
1465 2879 1563 2951 τὴν
1593 2880 1713 2933 όδδν
1738 2881 1995 2936 ἐκκόπτει

427 2968 504 3033 ὡς
536 2969 625 3021 ἐπ’
654 2969 875 3041 ὄλεθρον
907 2970 1171 3038 ἄγουσαν.
1200 2972 1264 3024 Ei
1303 2971 1502 3035 τοίνυν,
1552 2973 1707 3041 φησὶ,
1737 2971 1895 3041 δόξης
1935 2988 1995 3024 τε

429 3061 521 3113 καὶ
546 3061 830 3132 πρωτείων
858 3062 1010 3133 ἐρᾷς,
1039 3061 1138 3133 τὴν
1173 3062 1281 3116 τῶν
1318 3062 1581 3115 διακόνων
1623 3063 1719 3115 καὶ
1756 3061 1998 3133 ὑστέρων

429 3150 586 3218 τάξιν
615 3151 865 3223 ἐπιζήτει
894 3154 987 3206 καὶ⁵
1015 3152 1521 3225 ταπεινοφροσύνην
1541 3151 1718 3205 ἄσκει.

2099 1947 2305 2013 Patris,
2346 1960 2507 2018 atque
2537 1950 2605 2002 ita
2640 1951 2983 2005 inventurum
3014 1966 3134 2006 sese
3162 1954 3526 2015 occasionem,
3554 1966 3683 2017 qua.

2098 2040 2149 2094 iu
2184 2041 2476 2109 periculunt
2508 2058 2628 2094 eum
2661 2043 2984 2109 adduceret,
3037 2051 3291 2110 tanquam
3344 2057 3461 2095 sese
3493 2040 3685 2093 Deum!

2100 2132 2384 2185 facientem
2406 2174 2421 2197 ,
2458 2142 2550 2185 aut
2583 2132 2630 2185 si
2659 2134 2726 2186 ab
2764 2133 2863 2187 hoc
2892 2133 3121 2187 dicendo
3145 2132 3473 2195 abstineret,
3516 2130 3663 2184 inse-

2100 2231 2241 2275 reret
2281 2240 2294 2275 :
2335 2222 2499 2291 Igitur
2546 2236 2651 2274 non
2712 2222 3036 2291 suscipimus
3091 2230 3142 2276 te
3187 2230 3436 2289 tanquam
3467 2218 3657 2273 Deum.

2100 2311 2354 2366 Dominus
2402 2326 2530 2365 vero
2575 2312 2649 2365 nil
2693 2311 2813 2365 novi
2846 2311 3108 2375 dicendo,
3169 2311 3263 2363 sed
3295 2325 3357 2362 ea
3380 2324 3498 2377 qua:
3529 2306 3663 2378 legis

2097 2403 2203 2473 77
2242 2412 2398 2468 sunt,
2431 2402 2594 2456 etiam
2625 2403 2725 2457 hac
2758 2401 2969 2455 ratione
2994 2416 3055 2454 os
3085 2399 3318 2454 obstruit
3350 2398 3662 2453 Pharisaeis.

2170 2492 2356 2559 XXIII,
2399 2493 2480 2547 l0.
2529 2491 2639 2547 Nec
2671 2494 2917 2547 vocemini
2944 2493 3203 2564 magistri.

2166 2606 2429 2674 Quoniam
2456 2610 2547 2676 qui
2571 2622 2704 2661 nova
2721 2610 2968 2676 dogmata
2992 2604 3354 2675 promulgant,
3372 2618 3469 2662 eos
3496 2606 3667 2657 l'erme

2095 2698 2277 2752 videre
2319 2708 2402 2751 est
2441 2698 2618 2751 studio
2662 2697 2834 2751 inanis
2869 2696 3052 2763 gloria:
3091 2708 3145 2750 et
3187 2695 3494 2763 arrogantia
3547 2708 3668 2747 sese

2097 2790 2237 2843 ultro
2287 2790 2586 2858 provehere
2630 2788 2683 2842 in
2732 2790 3110 2855 magistrorum
3170 2789 3502 2856 dignitatem,
3547 2800 3665 2838 eam

2096 2879 2478 2948 suspicionem,
2531 2894 2598 2933 ne
2644 2881 2710 2933 ad
2750 2894 2808 2932 se
2853 2892 3069 2947 quoque
3112 2879 3440 2946 perveniiet,
3487 2886 3668 2944 utpote

2098 2972 2504 3039 prmdicatorem
2563 2985 2715 3025 novae
2765 2970 3043 3033 doctrinae,
3069 2969 3221 3023 elidit
3265 2969 3668 3035 exstinguitque

2098 3063 2376 3117 Dominus.
2404 3061 2573 3116 Simul
2602 3061 2907 3117 auditorum
2939 3076 3100 3116 causa
3137 3062 3383 3114 Iniutanu:
3438 3059 3667 3112 inﬁrmi-

2100 3153 2195 3207 tati
2228 3169 2449 3224 prouam
2481 3154 2621 3208 viam
2652 3155 2717 3206 ad
2756 3153 2986 3207 honores
3020 3152 3482 3223 perambitionem
3519 3151 3665 3217 aspi-

430 3245 581 3299 randi
639 3246 910 3315 abrumpit
957 3245 1365 3316 exscinditque,
1403 3245 1601 3314 quippe
1632 3244 1699 3298 ad
1759 3243 2033 3298 interitum
2074 3242 2377 3312 ferentem;
2422 3246 2502 3299 sic
2548 3244 2866 3314 praecipiens
2904 3263 2917 3299 :
2955 3244 3011 3299 Si
3046 3245 3169 3313 quis
3226 3243 3403 3315 gloria:
3462 3242 3663 3312 prima-

429 3345 583 3392 tusve
618 3336 911 3407 cupiditate
943 3346 1211 3404 teneatur,
1249 3337 1295 3392 is
1333 3337 1387 3391 in
1434 3335 1859 3391 ministrantium
1897 3344 1951 3390 et
1992 3345 2386 3405 postremorum
2438 3337 2578 3393 ultro
2620 3337 2863 3393 ordinem
2915 3337 3225 3405 descendat,
3273 3334 3670 3405 humilitatique

431 3431 695 3499 imprimis
724 3432 956 3487 studeat.

503 3523 649 3575 οὐαὶ
684 3522 753 3577 δὲ
776 3523 939 3594 ὑμῖν.

489 3616 639 3670 μούαὶ
671 3615 850 3670 τοίνυν
878 3618 1027 3688 ὑμῖν,
1061 3635 1106 3671 ω
1132 3618 1369 3689 νομικοὶ,
1404 3614 1484 3673 δτι
1524 3616 1778 3689 φορτικὸν
1805 3618 1998 3686 ὁμολο-

430 3708 715 3777 γουμένως
733 3708 863 3762 ὄντα
891 3708 983 3762 τὸν
1002 3710 1187 3780 νόμον,
1206 3712 1319 3772 τοῖς
1351 3710 1449 3780 μὲν
1476 3708 1656 3772 ἄλλοις
1678 3708 1999 3762 ἀπαιτοῦσιν

431 3799 615 3863 αὑτὸν,
657 3798 892 3854 θανάτου
923 3800 1079 3873 δίκην
1134 3802 1390 3871 ἐπάγετε,
1429 3801 1582 3853 αὐτοὶ
1624 3800 1679 3853 δὲ
1711 3799 1803 3852 τοῦ
1834 3800 1999 3869 νόμου

431 3891 553 3945 οὐδὲ
585 3892 954 3962 προσψαύετε.

511 3984 617 4037 Kal
643 3984 872 4054 ὀμόσας
890 3985 959 4038 ἐν
985 3983 1065 4050 τῷ
1088 3982 1339 4053 οὐραγῷ,
1369 3984 1575 4053 ὀμνύει
1602 3982 1672 4034 ἐν
1703 3980 1783 4046 τῷ
1815 3982 2005 4049 θρόνῳ

434 4078 541 4133 τοῦ
564 4078 733 4141 Θεοῦ,
761 4079 861 4133 καὶ
887 4079 956 4132 ἐν
972 4077 1052 4144 τῷ
1076 4078 1393 4148 καθημένῳ
1419 4077 1619 4131 ἐπάνω
1649 4075 1859 4130 αὐτοῦ.

506 4170 605 4224 Διὰ
633 4170 794 4225 τοῦτο
814 4170 871 4225 δὲ
897 4170 1087 4242 θρόνον
1119 4170 1255 4224 Θεοῦ
1277 4170 1369 4223 τὸν
1390 4168 1619 4239 οὐρανὸν
1647 4166 2003 4238 ὀνομάζουσιν

436 4262 749 4334 αίΓραφαὶ,
772 4262 855 4315 ὅτι
897 4264 1015 4324 ταῖς
1050 4260 1163 4314 άνω
1204 4260 1468 4330 δυνάμεσι
1496 4258 1629 4320 Θεὸς
1663 4256 2004 4310 ἐναναπαύε-

436 4370 547 4408 ται.
592 4355 680 4407 Ἑν
719 4351 936 4423 οὐρανῷ
967 4353 1077 4421 γάρ
1118 4352 1255 4404 εἰσιν
1293 4352 1343 4404 οἱ
1386 4351 1664 4413 ποιοῦντες
1698 4349 1757 4401 τὸ
1792 4348 2005 4418 θέλημα

434 4443 601 4498 αὑτοῦ
625 4443 870 4512 ἄγγελοι,
897 4442 992 4497 καὶ
1031 4444 1119 4496 διε)⁸
1143 4441 1459 4506 δοξάζοντες
1490 4440 1653 4493 αὐτόν
1675 4455 1689 4469 ⁸
1721 4438 1861 4508 αῦτη
1894 4436 2004 4508 γάρ

437 4535 589 4607 αὑτῷ
619 4537 944 4598 ἀνάπαυσις.
982 4534 1050 4586 Ἦ
1093 4533 1151 4587 δὲ
1201 4532 1276 4602 γῆ
1330 4531 1623 4585 ὑποπόδιον
1674 4529 1781 4582 τῶν
1830 4528 2007 4580 ποδῶν

438 4627 607 4684 αὐτοῦ
628 4642 643 4659 ο
679 4630 737 4681 ἐν
762 4628 902 4698 αὐτῇ
928 4625 1037 4696 γάρ
1062 4624 1151 4678 διά
1179 4623 1383 4695 σαρκὸς
1406 4625 1517 4687 τοῖς
1539 4618 1848 4691 ἀνθρώποις
1885 4636 2008 4672 συν-

439 4720 773 4789 ανεστράφη.
807 4717 947 4781 [Ιοῦς
988 4716 1044 4770 δὲ
1076 4715 1214 4770 Θεοῦ
1272 4717 1306 4787 ἡ
1346 4714 1477 4783 ἁγία
1530 4711 1693 4766 αὑτοῦ
1734 4710 1873 4782 σὰρξ
1912 4710 2009 4764 καὶ

439 4809 708 4881 διαφόρως
732 4806 1079 4879 ὀνομάζεται.

2029 3535 2070 3593 C
2176 3528 2376 3596 XXIII,
2406 3529 2490 3585 I3.
2521 3529 2604 3585 Va:
2629 3540 2807 3583 autem
2830 3529 2994 3584 vobis.

2174 3622 2265 3677 Va:
2299 3622 2459 3693 igitur
2483 3624 2632 3677 vobis
2657 3622 2965 3692 legisperiti,
2996 3621 3252 3690 eo.quod,
3292 3634 3412 3675 cunt
3450 3634 3665 3690 gravem

2103 3731 2228 3772 esse
2278 3716 2551 3770 fateamini
2588 3715 2785 3785 legem,
2827 3714 2946 3769 aliis
2984 3714 3201 3782 quidem
3231 3729 3350 3767 cam
3399 3712 3671 3781 postulan-

2104 3808 2246 3862 tibus
2289 3808 2479 3863 mortis
2506 3808 2826 3876 supplicium
2857 3806 3146 3860 inducitis:
3181 3804 3280 3873 ipsi
3320 3819 3445 3857 vero
3480 3819 3546 3857 ne
3591 3802 3670 3856 le-

2106 3915 2224 3969 gem
2256 3901 2468 3966 quidem
2504 3898 2795 3968 attingilis.

2176 3990 2368 4052 XXIII.
2400 3991 2488 4045 22.
2534 3989 2603 4042 Et
2645 3990 2735 4061 qui
2754 3990 2910 4059 'j_urat
2948 3989 3003 4042 in
3046 3988 3198 4052 cazia,
3221 3986 3371 4056 jurat
3401 3987 3455 4039 in
3485 3986 3671 4038 throno

2106 4082 2223 4147 Dei,
2252 4091 2302 4136 et
2328 4082 2381 4134 in
2405 4098 2463 4136 eo
2490 4082 2578 4152 qui
2602 4082 2743 4135 sedet
2776 4096 2933 4143 super
2952 4096 3089 4132 eum.

2177 4174 2286 4245 78
2318 4173 2606 4241 Propterea
2650 4182 2828 4226 autent
2873 4172 3054 4225 sedem
3104 4169 3191 4223 Dei
3232 4168 3427 4223 coelum
3478 4176 3701 4221 vocant

2107 4264 2419 4334 Scriptum,
2450 4276 2514 4318 eo
2545 4261 2699 4333 quod
2742 4261 2794 4314 in
2833 4261 3081 4329 supernis
3124 4258 3481 4329 potestatibus
3532 4256 3700 4311 Deus-

2109 4356 2428 4426 requiescat.
2482 4353 2537 4408 In
2562 4352 2700 4409 ctelo
2722 4352 3040 4416 enimsunt,
3070 4350 3163 4420 qui
3191 4348 3395 4403 faciunt
3425 4348 3674 4401 volunta-

2108 4460 2214 4503 tem
2252 4448 2390 4517 ejus,
2422 4445 2623 4517 angeli,
2656 4458 2976 4514 semperque
3020 4456 3141 4496 eum
3189 4440 3509 4510 gloriﬁcant,
3562 4440 3678 4491 Itzee

2107 4540 2249 4595 enim
2275 4539 2324 4594 ei
2350 4538 2583 4608 requies.
2606 4534 2771 4590 Terra
2795 4544 2974 4588 autent
2995 4532 3287 4588 scabellunt
3312 4532 3503 4599 pedum
3525 4528 3671 4597 ejus:

2110 4631 2162 4683 in
2197 4644 2259 4684 ea
2292 4629 2592 4685 eninicutn
2620 4627 2929 4682 hominibus
2959 4637 3206 4680 versatus
3234 4631 3339 4677 est.
3373 4621 3473 4675 Pes
3499 4632 3697 4675 autem.

2110 4721 2204 4777 Dei
2232 4731 2421 4775 sancta
2437 4720 2586 4775 illius
2620 4734 2750 4775 caro
2784 4719 3055 4789 praecipue
3091 4723 3459 4784 nuncupatur.

503 4872 650 4956 όὺὰι
684 4872 840 4971 ὑμῖν.
868 4902 1241 4970 Γραμιιατεῖς
1269 4898 1368 4952 καὶ
1412 4896 1725 4966 Φαρισαῖοι
1762 4897 2003 4963 ὐποκρι-

2187 4881 2377 4949 ΧΧΙΙΙ,
2406 4882 2498 4937 ‘23.
2563 4880 2655 4934 Vt?
2688 4880 2851 4943 vobis,
2886 4876 3086 4933 Scriba:
3123 4883 3172 4929 et
3225 4872 3482 4927 Phariswi
3516 4873 3680 4943 byyov-

441 4996 559 5062 ταὶ,
591 4995 681 5048 ὅτι
708 4994 1149 5049 ἀποδεκατοῦτε
1181 4991 1247 5045 τὸ
1272 4990 1585 5059 ἡδύοσμον
1611 4986 1710 5041 καὶ
1750 4986 1817 5040 τὸ
1858 4985 2007 5053 ἄγητ-

444 5090 573 5152 9ον,
604 5084 702 5140 καὶ
730 5084 998 5154 ἀφήκατε
1037 5084 1107 5137 τὰ
1135 5082 1330 5151 ,βαρέα
1366 5081 1471 5135 τοῦ
1500 5080 1709 5149 γόμου,
1733 5078 1848 5146 τὴν
1884 5077 2009 5144 κρί-

441 5193 567 5240 σιν,
586 5176 684 5230 καὶ
710 5179 817 5230 τὸν
847 5175 1042 5237 ἔλεον,
1084 5174 1183 5227 καὶ
1223 5173 1329 5239 τὴν
1381 5171 1622 5250 πίστιν·
1656 5168 1843 5222 ταῦτα
1886 5166 2008 5221 ἔδει

444 5266 716 5335 ποιῆσαι,
749 5266 999 5321 κάκεῖνα
1018 5264 1104 5335 μὴ
1134 5264 1394 5334 ἀφιέναι.

518 5362 662 5431 Ὅρα
693 5361 793 5433 τὴν
832 5358 1127 5430 ἐπίπληξιν
1148 5373 1160 5386 ·
1194 5376 1213 5410 t
1248 5358 1563 5412 Ἀπαιτεῖτε
1598 5352 1795 5423 φησὶν,
1822 5344 1868 5405 ὦ
1904 5350 2004 5402 Φα-

448 5457 672 5526 ρισαῖοι,
697 5460 798 5516 τάς
826 5452 1059 5512 δεκάτας
1089 5449 1225 5519 τάχα
1250 5466 1352 5515 που
1383 5447 1477 5499 καὶ
1499 5446 1746 5516 λαχάνων
1777 5441 2012 5507 λεπτῶν,

447 5547 715 5618 παρέντες
739 5545 838 5608 τάς
884 5544 1122 5606 ἐντολάς,
1145 5542 1228 5612 ἐφ’
1267 5532 1356 5604 αἷς
1395 5543 1510 5593 ἐστι
1542 5538 1744 5609 μείζων
1775 5536 1808 5606 ἡ
1838 5534 2014 5604 παρά-

449 5640 627 5701 ϐασις.
663 5638 819 5691 Ποῖαι
844 5632 1003 5691 αῦται
1034 5638 1090 5689 αἱ
1138 5632 1381 5698 sumini;
1423 5632 1487 5686 'H
1533 5631 1735 5701 κρίσις,
1774 5627 2014 5680 τουτέστι

2113 4978 2261 5032 crita:
2292 4976 2381 5047 qui
2410 4974 2681 5029 decimatis
2709 4972 2975 5026 uteutham
3013 4978 3057 5021 et
3093 4968 3359 5029 anethum,
3394 4974 3444 5017 et
3472 4964 3682 5031 reliqui.-

2114 5068 2208 5121 stis
2256 5082 2372 5137 qua:
2418 5066 2660 5135 graviora
2706 5071 2826 5116 sunt
2875 5058 3040 5129 legis,
3078 5057 3353 5125 judicium.
3379 5063 3426 5107 et
3475 5054 3682 5106 miseri-

2114 5157 2347 5212 cordium
2375 5164 2424 5210 et
2463 5154 2618 5222 ﬁdem
2637 5170 2655 5219 ;
2685 5152 2796 5207 lucc
2825 5149 3094 5219 oportebat
3142 5147 3333 5214 facere,
3364 5153 3410 5197 et
3446 5142 3538 5195 illa
3583 5158 3688 5196 nou

2114 5252 2372 5305 omittere.

2187 5341 2323 5397 Vide
2350 5341 2620 5412 quomodo
2653 5352 2749 5391 eos
2779 5333 3092 5406 percellatu
3127 5330 3375 5397 Exigitis,
3419 5327 3625 5397 inquit,
3654 5342 3690 5381 ο

2118 5434 2399 5498 Pharisaei,
2426 5431 2664 5487 decimas
2699 5423 3095 5498 quodammodo
3125 5424 3289 5477 etiam
3328 5420 3534 5473 olcrunt
3584 5419 3692 5471 nti-

2121 5527 2421 5589 uimorum,
2455 5528 2841 5591 praetereuntes
2884 5525 3150 5587 praecepta
3192 5511 3471 5582 inquibus
3517 5508 3690 5578 major

2122 5618 2278 5687 culpa
2306 5624 2403 5671 est.
2438 5614 2623 5682 Qualia
2668 5621 2843 5667 autem
2873 5610 2985 5664 haec
3029 5614 3153 5663 sunt
3199 5599 3509 5674 prtecepta?
3541 5596 3695 5657 iudi-

526 5790 733 5865 (I)Huc
789 5806 953 5863 usque
1009 5791 1370 5861 fragmentum
1428 5784 1853 5857 ap.Cramcrum
1918 5797 1963 5850 ρ.
2037 5778 2149 5831 I85.
