4134 6374
502 364 609 422 439

1487 363 1546 420 S.
1584 364 1861 423 CYRILLI
1896 364 2367 424 ALEXANDRINI
2403 369 2724 425 ARCHIEP.

3614 366 3723 422 “li

507 483 672 546 cium,
709 480 761 536 id
793 488 877 537 est
900 480 1143 551 judicare
1170 494 1290 550 qua
1318 491 1462 539 recta
1492 497 1638 553 sunt,
1675 498 1732 544 et
1761 489 2071 545 misericor-

2171 482 2222 535 ιδ
2258 484 2463 554 κρίνειν
2484 484 2641 556 ὀρθὰ,
2665 486 2759 539 καὶ
2788 488 2816 539 ὀ
2852 484 3022 549 ἕλεος,
3052 484 3149 540 καὶ
3177 485 3212 555 ὴ
3248 484 3430 549 πίστις
3460 483 3540 544 εἰς
3566 481 3717 536 Θεόν.

510 577 618 643 dia,
648 583 702 629 et
731 574 863 628 Ildes
890 574 941 627 in
974 573 1160 631 Deum.
1216 575 1338 631 Haec
1369 576 1511 631 enim
1544 579 1767 635 decimis
1800 595 1864 634 ac
1883 581 2070 651 primi-

513 665 601 718 tiis
632 663 852 718 meliora
896 672 1043 718 sunt.
1087 661 1319 734 Indeque
1351 682 1446 733 per
1478 669 1789 737 prophetam
1836 670 1911 723 ait
1952 670 2070 724 uni-

511 767 787 808 versorum
809 750 1096 807 Dominus:
1126 752 1220 808 «Et
1244 770 1406 819 nunc,
1432 757 1617 825 Israel,
1651 759 1779 827 quid
1813 759 2072 817 Dominus

510 843 651 897 Deus
688 843 916 912 requirit
942 859 972 896 a
1000 852 1072 909 te,
1106 845 1207 899 nisi
1249 846 1426 901 facere
1453 847 1734 917 judicium,
1770 859 1824 904 et
1852 850 2073 920 diligere

511 948 575 987 ac
630 947 870 1001 quaerere
923 934 1382 1003 misericordiam,
1434 947 1785 1010 paratumque
1831 953 1953 996 esse
2010 949 2074 996 ut

511 1021 752 1076 ambules
778 1037 899 1077 cum
936 1023 1045 1078 Deo
1075 1031 1167 1080 tuo
1193 1024 1282 1079 "‘f
1317 1043 1337 1078 ι

582 1110 769 1175 XXIII,
806 1111 898 1166 9.6.
929 1112 1198 1167 Phariswe
1226 1131 1379 1180 cwce,
1411 1118 1606 1171 munda
1637 1119 1782 1184 prius
1822 1121 1960 1191 quod
1988 1121 2075 1173 in-

511 1215 595 1257 tus
633 1215 708 1258 est
742 1205 921 1258 calicis
953 1216 1001 1258 et
1037 1206 1349 1275 paropsidis,
1386 1218 1441 1261 ut
1482 1208 1575 1277 fiat
1619 1209 1674 1262 id
1705 1212 1842 1280 quod
1878 1211 2074 1280 deforis

509 1302 582 1346 est
607 1294 880 1347 "cundum.
1270 1362 1273 1367 _

584 1385 694 1456 79
720 1383 834 1440 Non
878 1386 942 1440 de
973 1384 1137 1441 calice
1173 1399 1238 1441 ac
1272 1388 1559 1457 paropside
1590 1389 1740 1457 dicit,
1776 1407 1868 1448 seu
1898 1393 2074 1463 lance,

514 1482 607 1536 sed
638 1482 704 1537 de
751 1482 931 1536 anima
964 1497 1028 1536 ac
1055 1497 1282 1553 corpore
1321 1485 1559 1551 disserit,
1622 1501 1816 1556 corpus
1857 1490 2075 1559 quidem

516 1586 713 1627 vocans
751 1573 891 1641 quod
921 1571 1117 1629 deforis
1148 1582 1254 1640 est,
1282 1578 1422 1646 quod
1463 1592 1594 1632 vero
1627 1579 1791 1644 intus,
1814 1581 2071 1636 animam.

513 1664 569 1719 Si
589 1680 714 1719 vero
740 1664 865 1719 illud
889 1666 1035 1733 quod
1056 1665 1105 1719 in
1134 1667 1416 1736 paropside
1433 1668 1578 1725 intus
1603 1679 1707 1736 est,
1730 1673 2076 1730 mundatione

509 1768 642 1819 opus
675 1752 854 1817 habet,
888 1753 1054 1807 multo
1083 1754 1250 1825 magis
1276 1755 1416 1825 quod
1438 1757 1491 1811 in
1525 1767 1576 1813 te
1594 1769 1677 1813 est
1708 1778 1724 1815 :
1764 1775 1858 1816 vos
1888 1770 2065 1816 autem

511 1842 871 1907 contrarium,
937 1840 1140 1911 inquit,
1176 1820 1381 1900 vfaeitis
1447 1846 1638 1915 exigua
1692 1856 1748 1902 et
1797 1848 2065 1904 exteriora
2096 1820 2141 1876 Β

509 1934 893 1997 observantes;
927 1932 1129 2000 majora
1179 1943 1235 1988 et
1277 1934 1533 1990 interiora
1591 1937 1878 2008 negligitis,
1928 1940 2072 1994 unde

509 2023 801 2077 maximum
828 2024 1004 2079 oritur
1027 2025 1428 2080 detrimentum.
1482 2026 1642 2082 Hisce
1673 2027 2068 2084 Pharisaaorum

509 2113 674 2169 vitam
703 2116 959 2186 depingit,
992 2117 1283 2174 exhortans
1305 2132 1421 2184 eos,
1452 2126 1510 2172 ut
1537 2134 1643 2174 non
1671 2121 1924 2175 exteriori
1947 2136 2071 2191 spe-

510 2202 593 2257 cie
633 2212 836 2259 tantum
867 2206 975 2260 ﬁcti
1018 2206 1148 2273 sint,
1174 2206 1268 2261 sed
1298 2206 1554 2262 interiora
1581 2209 1780 2264 munda
1810 2209 2066 2278 habeant,

510 2305 741 2350 ruentem
771 2297 1131 2366 animumque.

582 2386 770 2452 XXIII,
799 2388 888 2442 '52.
926 2386 999 2442 Et
1027 2406 1115 2443 vos
1144 2389 1350 2459 implete
1389 2405 1691 2446 mensuram
1725 2398 1939 2463 patrum
1978 2410 2066 2450 ue-

510 2488 757 2531 atrorum.

582 2569 844 2636 Quidnam
877 2584 1005 2639 ergo
1048 2570 1187 2625 dicat
1236 2571 1500 2637 Salvator,
1530 2572 1814 2643 diligenter
1845 2574 2071 2647 indage-

514 2675 650 2714 mus.
689 2658 876 2714 Patres
901 2659 1114 2730 quidem
1142 2659 1453 2715 ‘Judazorum
1486 2662 1711 2719 diversis
1742 2666 2069 2733 temporibus

511 2757 726 2803 sanctos
755 2751 1039 2817 prophetas
1061 2750 1293 2805 divinam
1326 2750 1495 2822 legem
1520 2753 1897 2809 annuntiantes
1919 2755 2066 2809 occi-

509 2837 736 2904 derunt;
773 2839 862 2906 qui
889 2848 1066 2894 tamen
1092 2854 1156 2895 es
1186 2841 1252 2895 iis
1280 2844 1387 2894 nati
1417 2852 1561 2908 sunt,
1588 2843 1908 2901 conﬁtentes
1945 2860 2068 2914 pro-

508 2928 698 2997 phetas
726 2929 1058 2985 venerandos
1088 2930 1251 2986 fuisse
1277 2946 1340 2986 ac
1366 2932 1729 3000 honorandos,
1754 2949 1983 2990 coronas
2004 2936 2069 2991 iis

510 3020 865 3087 adaptarunt,
932 3036 1029 3076 seu
1102 3032 1479 3089 monumenta,
1539 3025 1797 3080 honorem
1862 3027 2065 3081 sanctis

2165 575 2349 628 Ταῦτα
2375 576 2482 647 γὰρ
2525 576 2734 646 ἀμείνω
2764 577 2997 648 δεκάτης
3036 577 3129 631 καὶ
3172 575 3455 648 ἀπαρχῶν.
3503 572 3595 627 Διδ
3624 570 3721 626 καὶ

2163 665 2253 718 διὰ
2280 667 2374 718 τοῦ
2395 670 2674 740 προφήτου
2705 669 2870 740 φησιν
2897 670 2926 720 ὁ
2948 667 3055 721 τῶν
3078 668 3216 722 ὅλων
3238 667 3394 730 Θεός·
3432 684 3450 715 ι
3472 665 3580 717 Καὶ
3602 663 3717 727 νῦν,

2177 756 2410 828 Ἰσραὴλ,
2448 758 2504 810 τί
2532 759 2734 831 Κύριος
2761 759 2790 811 ὁ
2839 759 2968 822 Θεὸς
2997 758 3153 829 ζητεῖ
3192 757 3346 828 παρὰ
3379 755 3496 818 σοῦ,
3544 754 3659 809 ἀλλ’
3683 755 3718 824 ἢ

2165 845 2260 898 τοῦ
2294 850 2466 901 ποιεῖν
2495 850 2690 920 κρῖμα,
2724 849 2817 903 καὶ
2844 850 3065 920 ἀγαπᾷν
3097 848 3193 902 καὶ
3222 847 3405 917 ζητεῖν
3427 846 3595 913 ἔλεον,
3623 846 3720 899 καὶ

2165 936 2381 1009 ἕτοιμον
2412 937 2549 993 εἶναι
2581 940 2675 994 τοῦ
2707 941 3032 1013 πορεύεσθαι
3065 938 3204 1008 μετὰ
3230 938 3325 991 τοῦ
3358 937 3493 991 Θεοῦ
3522 953 3647 997 σονς
3696 956 3716 987 s

2245 1114 2527 1182 Φαρισαῖε
2558 1113 2768 1182 τυφλέ,
2807 1111 3133 1181 καθάρισον
3180 1107 3412 1177 πρῶτον
3441 1108 3507 1161 τὸ
3561 1106 3730 1169 ἐντὸς

2172 1204 2282 1257 τοῦ
2328 1202 2637 1272 ποτηρίου,
2681 1200 2917 1268 καὶτῆς
2955 1199 3310 1268 παροψίδος,
3343 1200 3443 1252 ἵνα
3491 1197 3728 1263 γένηται

2174 1295 2275 1348 καὶ
2305 1295 2371 1348 τὸ
2392 1294 2565 1359 ἐκτὸς
2590 1292 2786 1347 αὐτῶν
2810 1293 3091 1358 καθαρόν.

2245 1387 2320 1440 Οὐ
2353 1388 2481 1457 περὶ⁸
2530 1385 2791 1455 ποτηρίου
2833 1384 2928 1437 καὶ
2965 1380 3260 1453 παροψίδος
3294 1379 3462 1447 λέγει,
3495 1378 3612 1448 ἦτοι
3638 1376 3728 1429 πί.

2175 1495 2360 1542 νακος,
2398 1478 2533 1532 ἀλλὰ
2572 1477 2701 1548 περὶ
2741 1476 2917 1545 ψυχῆς
2962 1475 3057 1527 καὶ
3107 1471 3356 1544 σώματος
3385 1468 3687 1538 διαλέγεται
3712 1484 3728 1499 ο

2173 1572 2235 1623 τὸ
2264 1571 2361 1640 μὲν
2384 1568 2488 1635 ἔξω
2522 1568 2702 1622 καλῶν
2733 1566 2794 1620 τὸ
2827 1565 3005 1637 σῶμα,
3044 1564 3104 1617 τὸ
3142 1563 3200 1616 δὲ
3245 1562 3391 1616 ἔνδον
3410 1560 3510 1632 τὴν
3536 1559 3732 1630 ψυχήν.

2176 1665 2237 1717 Εἰ
2282 1662 2339 1715 δὲ
2387 1661 2478 1713 ἐπὶ
2528 1660 2625 1728 τῆς
2660 1658 2954 1729 παροψίδος
2996 1655 3090 1708 τοῦ
3128 1654 3274 1708 ἔνδον
3327 1651 3505 1723 χρεία,
3557 1648 3735 1720 πολλῷ

2178 1753 2378 1824 μᾶλλον
2404 1752 2496 1803 ἐπὶ
2520 1750 2635 1804 σοῦ.
2676 1750 2863 1818 Ὑμεῖς
2885 1748 2942 1802 δὲ
2969 1747 3279 1801 τούναντίον
3325 1745 3546 1807 ποιεῖτε,
3579 1742 3734 1814 φησὶ,

2177 1845 2245 1898 τὰ
2276 1843 2449 1913 μικρὰ
2491 1842 2586 1896 καὶ
2617 1842 2721 1907 ἔξω
2769 1839 3145 1909 φυλάττοντες,
3188 1836 3298 1891 τῶν
3346 1835 3594 1908 μεγάλων
3640 1832 3736 1886 καὶ

2177 1935 2327 1988 ἔνδον
2373 1932 2658 2003 ἀμελεῖτεο
2704 1931 2827 1985 ὅθεν
2882 1929 3114 2001 μεγίστη
3179 1927 3388 1997 γίνεται
3430 1925 3600 1997 βλάϐη
3632 1924 3733 1995 (ι).

2177 2024 2276 2078 Διὰ
2297 2023 2499 2076 τούτων
2530 2022 2621 2075 τὸν
2647 2022 2756 2075 τῶν
2786 2020 3097 2092 Φαρισαίων
3128 2017 3419 2087 διαγράφει
3438 2016 3569 2085 βίον,
3593 2031 3735 2084 παρο

2176 2114 2341 2169 αινῶν
2369 2113 2442 2183 μὴ
2471 2114 2582 2174 τοῖς
2614 2111 2811 2175 ἔξωθεν
2846 2110 3246 2180 σχηματισμοῖς
3274 2106 3603 2159 πλάττεσθαι
3633 2103 3736 2174 μό-

2175 2223 2285 2269 νον,
2311 2203 2449 2257 ἀλλὰ
2478 2202 2623 2273 ἐχειν
2657 2202 2750 2255 καὶ
2782 2202 2848 2254 τὰ
2879 2199 3083 2253 ἔσωθεν
3122 2195 3361 2268 καθαρὰ,
3390 2194 3462 2249 τὰ
3504 2195 3584 2258 είς
3610 2190 3739 2247 νοῦν

2174 2296 2269 2349 καὶ
2302 2294 2546 2366 καρδίαν.

2244 2384 2355 2437 Καὶ
2383 2384 2553 2453 ὑμεῖς
2582 2381 2940 2451 πληρώσατε
2968 2380 3035 2434 τὸ
3068 2380 3290 2450 μέτρον
3317 2376 3436 2430 τῶν
3466 2374 3738 2444 πατέρων

2173 2472 2358 2543 ὑμῶν.

2244 2564 2309 2616 Τί
2334 2564 2400 2633 δὴ
2429 2563 2537 2632 ἄρα
2559 2560 2723 2632 φησὶν
2752 2561 2782 2614 ὁ
2821 2561 3034 2631 Σωτὴρ,
3067 2557 3311 2631 ἀκριὸὦς
3335 2557 3733 2628 ἑρευνήσωμεν.

2173 2653 2238 2707 Οἱ
2276 2653 2373 2721 μὲν
2394 2652 2504 2704 τῶν
2532 2652 2797 2705 Ἰουδαίων
2826 2651 3066 2722 πατέρες
3091 2650 3418 2704 ἀπέκτειναν
3455 2647 3594 2701 κατὰ
3614 2663 3735 2698 και-

2177 2744 2302 2813 ροὺς
2330 2743 2456 2805 τοὺς
2489 2742 2675 2809 ἁγίους
2726 2743 3009 2810 προφήτας
3029 2781 3045 2806 ,
3078 2739 3169 2793 τὸν
3202 2739 3345 2792 θεῖον
3386 2738 3568 2799 αὐτοῖς
3621 2735 3737 2788 δια-

2173 2832 2585 2903 πορθμεύοντας
2616 2831 2773 2899 λόγον
2800 2848 2813 2861 ·
2853 2832 2969 2900 οἵγε
3001 2831 3108 2900 μὴν
3146 2830 3204 2895 ἐξ
3230 2827 3410 2881 αὐτῶν
3433 2824 3736 2897 γεγονότες,

2172 2924 2562 2995 ὁμολογοῦντες
2600 2924 2681 2977 ὅτι
2709 2924 2759 2976 οί
2811 2922 3091 2993 προφῆται
3138 2921 3393 2989 γεγόνασι
3429 2917 3615 2972 σεπτοὶ
3642 2917 3737 2969 καὶ

2172 3016 2365 3086 τίμιοι,
2393 3015 2771 3085 περιήρμοσαν
2801 3014 2986 3076 αὐτοῖς
3013 3014 3141 3077 τοὺς
3175 3011 3492 3080 στεφάνους,
3521 3010 3641 3080 ἦτοι
3666 3008 3736 3060 τὰ

510 3111 743 3166 maxime
793 3112 1196 3168 convenientem
1239 3114 1319 3170 eis
1371 3116 1689 3181 tribuentes,
1739 3114 1837 3184 ipsi
1887 3126 2064 3171 autem

2178 3107 2439 3174 μνημεῖα,
2467 3102 2631 3173 τιμὴν
2672 3102 3070 3173 ἀπονείμαντες
3116 3101 3214 3171 τὴν
3247 3103 3357 3163 τοῖς
3384 3100 3559 3167 ἁγίοις
3602 3114 3737 3169 πρε-

508 3199 799 3267 prOphetas
835 3215 954 3256 esse
986 3202 1266 3258 credentes
1306 3219 1370 3258 ac
1402 3206 1546 3260 viros
1577 3214 1816 3271 sanctos,
1860 3206 2071 3275 iudices

2175 3168 2545 3264 πωδεστάτην,
2568 3168 2722 3245 αὐτοὶ
2752 3191 2809 3244 δὲ
2848 3168 3133 3262 προφήτας
3172 3168 3317 3244 -είναι
3350 3168 3736 3251 πιστεύσαντες

511 3289 633 3346 facti
660 3301 785 3346 sunt
815 3307 996 3347 eorum
1024 3294 1114 3363 qui
1142 3310 1235 3350 eos
1263 3296 1578 3351 occiderunt
1612 3312 1625 3348 :
1654 3311 1750 3367 per
1778 3313 1898 3362 qua:
1919 3298 2063 3353 enim

508 3381 772 3436 honorare
795 3382 1173 3437 existimarunt
1192 3398 1307 3449 eos,
1354 3385 1443 3454 qui
1472 3387 1643 3440 necati
1671 3385 1904 3451 fuerant,
1925 3387 2071 3442 hisce

506 3471 776 3525 occisores
795 3481 1044 3540 tanquam
1073 3474 1163 3542 qui
1188 3474 1349 3544 impie
1381 3477 1606 3544 egerint,
1637 3487 1913 3533 accusant.
1967 3478 2069 3533 Sed

506 3559 601 3627 qui
634 3561 747 3613 suis
768 3561 1007 3630 patribus
1037 3563 1087 3615 in
1126 3564 1271 3619 hisce
1298 3568 1430 3620 adeo
1450 3565 1695 3622 nefandis
1711 3570 1943 3624 caedibus
1958 3570 2071 3624 suf-

512 3648 812 3719 fragantur,
861 3651 1157 3720 aequalibus
1207 3654 1360 3709 malis
1408 3656 1625 3711 obnoxii
1675 3667 1829 3712 erant
1876 3658 2067 3726 futuri,

510 3744 618 3797 imo
664 3742 777 3813 80
822 3759 950 3799 vero
998 3745 1157 3799 etiam
1203 3746 1495 3816 peioribus.
1549 3747 1874 3805 Deciderunt
1926 3752 2069 3806 enim

505 3833 629 3887 vita:
676 3836 1371 3906 auctorem;adjunxerunt
1417 3851 1594 3895 autem
1642 3844 1984 3899 exsecrandis
2015 3845 2067 3899 in

505 3935 626 3973 eum
654 3923 948 3979 sceleribus
974 3925 1078 3978 alia
1112 3941 1328 3996 quoque
1365 3940 1553 3984 contra
1587 3930 1798 3987 divinos
1835 3933 1953 4003 ejus
1986 3935 2069 3989 di-

505 4012 737 4080 scipulos
770 4032 784 4069 :
818 4016 1081 4084 siquidem
1137 4032 1415 4089 quousque
1444 4021 1638 4091 aliquis
1682 4022 1912 4080 aliorum
1961 4026 2067 4080 ini-

503 4104 736 4171 quitates
783 4108 1018 4162 naturali
1066 4111 1277 4164 ratione
1311 4110 1580 4179 iudicans,
1635 4114 1874 4184 inquirit,
1923 4117 2068 4172 videt

502 4198 643 4263 quod
698 4196 893 4251 malum
944 4209 1046 4265 est,
1083 4210 1137 4255 et
1177 4202 1386 4272 arguit;
1426 4204 1540 4272 ipse
1573 4219 1702 4260 vero
1746 4207 1814 4261 ad
1850 4208 2065 4264 eosdem

502 4286 759 4340 adductus
789 4285 1030 4353 allectus,
1062 4290 1215 4359 quasi
1242 4307 1419 4347 caecus
1444 4293 1512 4347 ad
1544 4293 1645 4349 ista
1675 4294 1864 4352 fertur.

571 4459 762 4527 XXIII,
796 4462 884 4574 5:1.
914 4462 1381 4574 'Quemadmodum
1410 4467 1613 4537 galliam
1635 4482 1909 4541 congregat
1938 4472 2058 4540 put-
2094 4518 2139 4574 υ

500 4550 579 4604 los
605 4567 726 4606 suos
755 4553 848 4606 sub
873 4553 1007 4608 alas.

573 4640 684 4697 Hoc
712 4643 901 4698 dicens
924 4646 1291 4703 characterem
1344 4650 1642 4705 divinitatis
1677 4650 1728 4704 in
1776 4665 1836 4705 se
1881 4661 2063 4705 osten-

498 4736 596 4799 dit,
639 4736 886 4803 quamvis
926 4738 979 4790 in
1017 4739 1195 4793 lorma
1241 4741 1475 4794 humana
1521 4742 1611 4794 sit.
1661 4741 1735 4795 De
1765 4740 1874 4797 Deo
1919 4743 2067 4795 enim

495 4824 631 4878 dixit
649 4825 714 4857 ”‘
738 4826 957 4897 Moyses
999 4845 1012 4881 :
1051 4847 1069 4879 ι
1103 4828 1422 4898 Expandens
1443 4830 1555 4885 alas
1603 4846 1730 4885 suas
1773 4833 2065 4900 assumpsit

495 4930 619 4981 eos;
651 4933 670 4966 ι
694 4926 747 4969 et
774 4915 938 4971 David
956 4916 1080 4971 ""z
1114 4937 1131 4969 ι
1154 4916 1276 4973 Filii
1311 4921 1583 4975 hominum
1604 4921 1656 4975 in
1688 4922 1919 4991 tegmine
1954 4921 2063 4975 ala-

494 5020 614 5059 rum
647 5015 859 5060 tuarum
892 5010 1204 5077 sperabunt.
1239 5030 1258 5062 ι

563 5096 753 5168 XXIV,
784 5098 831 5152 5.
879 5097 1035 5153 Multi
1054 5103 1192 5155 enim
1223 5104 1418 5157 venient
1443 5104 1497 5158 in
1524 5106 1737 5159 nominer
1753 5120 1864 5159 meo
1886 5105 2062 5159 dicen-

494 5199 588 5254 tes,
618 5188 728 5257 Ego
755 5206 868 5242 sum
902 5189 1162 5257 Christus,
1188 5202 1238 5245 et
1271 5195 1460 5249 multos
1482 5196 1748 5249 sedarent.

562 5364 736 5434 Scopa
757 5365 1192 5439 interrogationis
1236 5370 1650 5439 praecedentium
1700 5373 1953 5428 Dominus
1974 5374 2058 5428 iu-

2174 3284 2268 3336 καὶ
2291 3282 2493 3353 ἄνδρας
2527 3283 2739 3351 ἁγίους,
2771 3284 2955 3353 κριταὶ
2972 3282 3230 3349 γεγόνασι
3250 3279 3360 3332 τῶν
3385 3280 3736 3332 ἀποκτεινάν-

2170 3394 2280 3430 των
2329 3376 2545 3441 αὐτούς.
2592 3378 2670 3430 Δι’
2705 3372 2780 3430 ὧν
2812 3375 2919 3448 γὰρ
2956 3376 3123 3446 τιμᾷν
3157 3373 3429 3443 ἐγνώκασι
3469 3373 3596 3434 τοὺς
3638 3372 3735 3424 ἀν-

2171 3486 2279 3540 ῃρη
2290 3468 2500 3539 μένους,
2539 3467 2627 3521 διὰ
2652 3466 2861 3520 τούτων
2885 3466 3065 3519 αὐτῶν
3093 3463 3491 3537 κατηγοροῦσιν
3514 3463 3590 3525 ὡς
3614 3462 3738 3530 ήσε-

2174 3559 2444 3629 6ηκότων.
2489 3558 2630 3611 Ἀλλ’
2650 3560 2698 3611 οί
2725 3557 2836 3611 τῶν
2861 3558 3008 3610 ἰδίων
3034 3557 3289 3628 πατέρων
3329 3556 3420 3608 ἐπὶ
3445 3556 3565 3617 ταῖς
3593 3553 3740 3606 οὕτω»

2170 3650 2369 3712 δειναῖς
2440 3648 2776 3720 μιαιφονίαις
2843 3646 3388 3716 καταψηφισάμενοι,
3436 3646 3550 3706 τοῖς
3600 3642 3737 3705 ί¹σοις

2171 3742 2397 3813 ἔμελλον
2418 3740 2619 3796 ἁλῶναι
2654 3742 2863 3804 κακοῖς,
2900 3738 3100 3809 μᾶλλον
3132 3736 3189 3790 δὲ
3219 3739 3335 3801 τοῖς
3364 3736 3444 3789 ἔτι
3473 3735 3731 3805 χείροσιν.

2184 3836 2533 3890 Ἀπέκτειναν
2561 3836 2661 3906 μὲν
2693 3835 2800 3904 γὰρ
2831 3833 2923 3887 τὸν
2961 3834 3060 3904 τῆς
3103 3833 3248 3902 ζωῆς
3277 3831 3541 3903 ἀρχηγόν.
3568 3831 3735 3901 Προσ-

2169 3926 2448 3980 τεθείκασι
2496 3926 2555 3979 δὲ
2594 3927 2710 3988 ταῖς
2743 3926 2864 3978 κατ’
2894 3922 3059 3976 αὐτοῦ
3110 3921 3469 3986 δυσσεϐείαις,
3514 3937 3733 3990 μιαιφο-

2168 4019 2289 4083 νίας
2324 4019 2517 4089 ὲτέρας
2563 4017 2706 4071 κατὰ
2744 4017 2853 4070 τῶν
2896 4015 3200 4070 θεσπεσίων
3240 4014 3407 4069 αὑτοῦ
3439 4013 3730 4084 μαθητῶν·

2168 4111 2274 4173 ἕως
2308 4110 2407 4180 μὲν
2437 4110 2546 4179 γάρ
2573 4126 2656 4172 τις
2692 4107 2793 4169 τὰς
2820 4106 3021 4177 ἐτέρων
3043 4104 3254 4169 ἀδικίας
3274 4104 3502 4175 ἐξετάζῃ
3522 4102 3734 4171 φυσικῷ

2167 4198 2411 4269 λογισμῷ
2439 4199 2660 4269 κρίνων,
2702 4197 2806 4267 ὁρᾷ
2836 4196 2895 4249 τὸ
2928 4194 3132 4264 φαῦλον
3160 4194 3256 4248 καὶ
3289 4192 3561 4264 μέμφεται
3585 4208 3602 4224 ο
3644 4191 3735 4243 αὑ-

2166 4288 2257 4350 τὸς
2285 4288 2343 4341 δὲ
2374 4289 2453 4351 είς
2490 4286 2558 4339 τὰ
2593 4285 2680 4339 ica
2731 4284 2880 4355 πάθη
2908 4285 3307 4355 προαγόμενος,
3341 4283 3503 4336 οἱονεὶ
3534 4280 3732 4352 τυφλὸς

2168 4378 2260 4432 ἐπὶ
2282 4379 2454 4432 ταῦτα
2487 4378 2728 4448 φέρεται.

2243 4472 2347 4523 Ὃν
2387 4468 2612 4537 τρόπον
2647 4467 2998 4537 ἐπισυνάγει
3027 4467 3189 4535 ὄρνις
3221 4466 3295 4525 τὰ
3332 4467 3555 4521 νοσσία
3592 4466 3732 4520 ἐαυ-

2168 4557 2277 4625 τῆς
2297 4558 2417 4612 ὑπὸ
2443 4555 2552 4619 τὰς
2578 4556 2894 4625 πτέρυγας.

2239 4648 2426 4701 Εἰπὼν
2458 4648 2535 4717 (2)
2569 4647 2726 4700 τοῦτο
2758 4647 3028 4699 δείκνυσιν
3064 4646 3259 4699 ἑαυτοῦ
3303 4648 3365 4699 τὸ
3408 4646 3726 4717 θεοπρεπὲς,

2173 4738 2264 4791 καὶ
2293 4740 2351 4791 ὲν
2378 4737 2687 4809 ἀνθρωπίνῃ
2722 4740 2901 4808 μορφῇ
2929 4737 3024 4792 ῶν.
3059 4737 3169 4791 Καὶ
3193 4737 3300 4809 γὰρ
3324 4737 3452 4810 περὶ
3478 4736 3572 4790 τοῦ
3596 4737 3730 4789 Θεοῦ

2163 4826 2317 4882 εἶπεν
2353 4830 2592 4899 Μωῦσῆς
2614 4846 2628 4859 '
2659 4849 2677 4882 ι
2705 4830 2846 4892 Διεὶς
2887 4829 2987 4893 τὰς
3016 4828 3293 4901 πτέρυγας
3328 4830 3492 4884 αὑτοῦ
3516 4829 3730 4895 ἐδέξατο

2163 4921 2359 4984 αὐτούς
2380 4939 2394 4951 ·
2427 4940 2444 4972 ι
2484 4921 2576 4975 καὶ
2607 4920 2769 4973 πάλιν
2815 4921 2976 4975 Δαὸίδ
2996 4935 3009 4949 '
3044 4941 3061 4973 ι
3092 4923 3154 4974 Ol
3176 4921 3232 4974 δὲ
3258 4922 3365 4974 υἱοὶ
3392 4920 3500 4975 τῶν
3521 4920 3727 4992 ἀνθρώ-

2163 5028 2281 5064 πων
2313 5014 2369 5064 ὲν
2395 5012 2572 5083 σκέπη
2600 5010 3005 5083 τῶνπτερύγων
3030 5030 3122 5064 σου
3156 5013 3452 5066 ἐλπιοῦσιν.
3503 5033 3524 5066 ι
3749 5057 3755 5061 .

2234 5103 2463 5157 Πολλοὶ
2502 5105 2610 5173 γὰρ
2646 5104 3004 5157 ἐλεύσονται
3050 5104 3151 5158 ἐπὶ
3193 5103 3272 5169 τῷ
3303 5106 3549 5174 ὀνόματί
3583 5123 3728 5174 μου,

2167 5196 2477 5264 λέγοντες·
2537 5194 2675 5262 Ἐγώ
2725 5196 2841 5263 εἰμι
2891 5198 2923 5249 ὀ
2974 5196 3402 5265 Χριστὸςικαί
3458 5196 3728 5262 πολλοὺς

2165 5285 2616 5354 πλανήσουσιν.

2239 5375 2471 5429 ’Έπεται
2500 5377 2575 5447 τῷ
2602 5375 2787 5445 σκοπῷ
2832 5377 2938 5429 τῶν
2974 5380 3355 5447 προσαγόντων
3399 5379 3497 5449 τὴν
3534 5376 3725 5433 πεῦσιν

560 5518 603 5550 ³⁸
645 5518 803 5575 Mich.
827 5537 902 5587 vt,
936 5521 990 5576 8.
1064 5522 1127 5553 ³⁹⁶
1164 5523 1317 5579 Deut.
1352 5540 1523 5589 xxx",
1562 5528 1645 5580 II.
1724 5523 1813 5559 π’*
1848 5523 1991 5582 Psal.
2034 5541 2195 5595 xxxv,
2228 5529 2280 5583 8.

488 5638 785 5811 Ριῖὲηιιίε
858 5676 1043 5745 incipit
1106 5680 1457 5751 fragmentum
1535 5684 1674 5749 apud
1744 5683 2053 5738 Cramerum

2233 5684 2310 5755 (2)
2340 5683 2539 5738 Εἰπὼν
2568 5715 2638 5723 --
2673 5684 3012 5739 ἐλπιοῦσιν.
3040 5685 3281 5741 Cramer.
3312 5700 3363 5755 p.
3410 5685 3529 5742 194.
