4134 6374
361 396 456 451 Ml

1514 391 1865 448 COMHENT.
1904 392 1971 448 IN
2015 395 2452 459 ΜΑΤΤΙΙιΕυΜ.

3478 408 3606 462 442⁵

360 514 390 565 6
419 510 639 581 Κύριος,
677 510 773 564 καὶ
805 510 933 582 περὶ
972 509 1279 571 συντελείας
1305 509 1441 573 τέως
1478 512 1612 580 φησὶ
1648 510 1741 563 τοῦ
1773 526 1915 579 παρ-

2027 514 2179 581 sistit,
2225 531 2291 573 ac
2329 519 2395 572 de
2426 523 2887 576 consummatione
2928 523 3100 577 adhuc
3148 521 3259 592 agit
3303 523 3581 590 praesentis

360 600 511 664 ὄντος
531 600 743 664 αίῶνος.
772 601 906 673 Πρὶν
929 600 1035 672 γὰρ
1064 600 1160 671 τὴν
1183 600 1243 665 ἐξ
1278 601 1523 671 οὐρανῶν
1538 602 1788 670 γενέσθαι
1818 602 1913 654 αὑ-

360 691 455 744 τοῦ
499 690 742 757 κάθοδον,
778 691 1078 762 πρόδρομοί
1107 707 1253 753 τινες
1280 690 1702 759 ἀναφανοῦνται,
1731 692 1916 762 ψευδόι

363 798 574 852 χριστοι
629 780 724 834 καὶ
766 778 1202 851 ψευδοπροφῆται
1227 818 1241 839 .
1297 779 1359 832 τὸ
1396 778 1561 833 αὐτοῦ
1623 781 1916 850 πρόσωπον

362 872 573 933 ἑαυτοῖς
645 870 1120 939 περιπλάττοντες.
1164 868 1327 922 Ἀλλὰ
1371 867 1447 939 μὴ
1491 870 1914 940 ἀκολουθήσητε,

363 962 547 1033 φησὶν,
573 963 775 1025 αὐτοῖς.

433 1054 849 1123 Προσεύχεσθε
872 1052 961 1117 δὲ,
991 1053 1088 1106 ἵνα
1104 1051 1190 1120 μὴ
1219 1049 1459 1121 γένηται
1488 1051 1526 1119 ἡ
1560 1052 1723 1122 φυγὴ
1752 1052 1921 1122 ὑμῶν

363 1142 666 1213 χειμῶνος,
683 1142 838 1212 μηδὲ
865 1144 936 1197 ἐν
958 1141 1253 1208 Σαϐϐάτῳ.

434 1235 603 1288 Τοῦτο
630 1235 922 1288 αἰνίττεται
951 1235 979 1286 6
1001 1232 1253 1301 Χριστόςο
1276 1230 1531 1301 εὔχεσθαι
1555 1232 1705 1302 ἡμᾶς
1732 1232 1807 1303 μὴ
1833 1251 1918 1301 γε·

364 1323 549 1378 νέσθαι
580 1326 639 1376 ὲν
669 1324 902 1393 ἑκδημίᾳ
918 1321 1010 1375 τοῦ
1032 1320 1303 1389 σώματος,
1336 1322 1472 1390 μήτε
1489 1323 1545 1375 ἐν
1570 1321 1737 1392 ἀργίᾳ
1758 1323 1918 1386 ὂντας

362 1414 472 1466 τῶν
508 1414 606 1483 τῆς
648 1413 849 1483 ἀρετῆς
902 1410 1110 1482 ἔργων,
1140 1410 1169 1462 ὃ
1214 1410 1578 1479 ὑποσημαίνει
1617 1411 1677 1464 τὸ
1714 1412 1920 1466 2666a-

364 1519 456 1554 τον
476 1518 489 1531 ⁸
526 1502 663 1572 μήτε
702 1489 1117 1569 ἐνοχλουμένους
1145 1500 1201 1550 ἐν
1229 1500 1346 1561 ταῖς
1381 1498 1660 1567 βιωτικαῖς
1690 1499 1919 1571 τύρὸαις

363 1611 425 1645 τε
458 1594 552 1645 καὶ
582 1594 880 1662 ταραχαῖς*
912 1590 1047 1661 ὅπερ
1070 1589 1221 1659 δηλοῖ
1250 1589 1280 1641 6
1304 1588 1532 1660 χειμών.

2021 610 2221 664 saculi.
2276 612 2591 681 Priusquam
2632 616 2775 668 enim
2806 617 3098 670 descensus
3129 615 3271 670 illius
3305 615 3417 679 tiat,
3445 628 3581 682 pne-

2021 714 2269 755 cursores
2323 703 2536 771 quidam
2599 705 2985 759 annuntiantur
3052 706 3463 776 pseudocbristi,
3515 720 3579 758 ac

2021 791 2493 862 pseudOprOphette
2535 811 2549 847 :
2586 794 2729 850 illius
2775 812 3057 865 personam
3094 798 3193 853 sibi
3247 797 3580 867 alﬁngentes,

2021 885 2115 938 sed
2144 898 2209 937 ne
2230 886 2551 954 sequamini,
2589 887 2783 955 inquit,
2819 903 2935 942 eos.

2090 1060 2196 1129 81
2223 1058 2410 1127 XXIV,
2428 1060 2518 1116 30.
2544 1060 2707 1116 Orate
2734 1071 2908 1115 autem
2935 1072 2992 1116 ut
3015 1077 3116 1117 non
3146 1062 3242 1133 fiat
3271 1062 3397 1132 fuga
3416 1072 3582 1116 uestra

2024 1149 2078 1203 in
2112 1152 2297 1216 hieme,
2325 1152 2402 1205 vel
2424 1150 2675 1208 Sabbata.

2093 1242 2207 1297 Hoc
2233 1242 2499 1312 signiﬁcat
2531 1244 2782 1299 Christus
2807 1246 2889 1299 his
2917 1244 3096 1299 verbis
3129 1260 3144 1298 :
3178 1245 3442 1301 orandum
3478 1259 3577 1297 no-

2026 1333 2109 1387 bis
2129 1348 2267 1397 esse,
2306 1348 2371 1387 ne
2398 1335 2664 1391 discessus
2696 1345 2881 1390 noster
2905 1351 2935 1390 e
2955 1351 3182 1406 corpore
3224 1337 3496 1405 contingat
3519 1349 3585 1389 eo

2027 1433 2265 1494 tempore
2290 1441 2397 1495 quo
2419 1428 2649 1481 cessatio
2686 1428 2826 1496 apud
2853 1443 2948 1481 nos
2972 1428 3076 1483 erit
3096 1442 3317 1497 operum
3348 1426 3581 1480 virtutis.

2025 1517 2176 1573 Hanc
2210 1518 2352 1571 enim
2398 1520 2749 1573 cessationem
2795 1520 2997 1574 indicat
3044 1518 3356 1573 Sabbatum.
3403 1515 3587 1585 Neque

2028 1623 2212 1662 rursus
2262 1618 2386 1662 tunc
2433 1624 2531 1663 nos
2569 1608 2834 1677 opprimat
2882 1622 3029 1661 mors
3068 1622 3189 1662 cum
3237 1604 3585 1660 saecularibus

2030 1696 2198 1751 turbis
2231 1705 2287 1751 et
2324 1696 2818 1766 perturbationibus
2858 1694 3202 1765 iactabimur,
3233 1709 3367 1765 quas
3410 1694 3586 1749 hiems

2030 1788 2289 1858 designat.

439 1870 596 1930 Ἴσως
648 1866 742 1920 καὶ
791 1866 1022 1936 αἴνιγμα
1068 1863 1181 1935 ἔχει
1223 1867 1251 1918 6
1282 1862 1458 1932 λόγος,
1490 1862 1629 1917 ὥστε
1670 1864 1922 1935 εὐχεσοαι

2092 1880 2201 1949 82
2237 1879 2487 1935 Fortasse
2522 1880 2684 1935 etiam
2714 1880 2937 1949 aenigma
2983 1878 3143 1933 habet
3172 1877 3258 1932 hic
3299 1890 3497 1939 sermo,
3528 1883 3586 1928 ut

364 1961 508 2027 ἡμᾶς
550 1957 625 2029 μὴ
671 1957 979 2027 ἐκδημῆσαι
1023 1954 1131 2010 ἀπὸ
1180 1953 1273 2008 τοῦ
1322 1952 1593 2024 σώματος,
1633 1957 1692 2008 ἐν
1754 1957 1922 2027 ἀργία

363 2051 523 2112 ὄντας
551 2048 714 2119 ἔργου
758 2048 985 2114 ἀγαθοῦ,
1029 2047 1058 2100 ὃ
1098 2046 1457 2117 ὑποσημαίνει
1509 2047 1571 2100 τὸ
1612 2048 1918 2102 Σάϐϐατον·

368 2142 504 2212 μήτε
536 2142 596 2195 ἐν
638 2139 908 2211 ἀκαρπία,
941 2139 970 2191 ὃ
1000 2140 1151 2209 δηλοῖ
1182 2139 1408 2209 χειμών.
1446 2138 1787 2209 Σημειωτέον
1815 2141 1924 2208 γὰρ

364 2237 446 2288 ὃτι
483 2233 729 2305 χειμῶνα
772 2232 1007 2286 κακῶνὸ
1046 2232 1179 2295 Θεὸς
1220 2231 1320 2284 οὐκ
1358 2232 1632 2301 ἐποίησεν.
1680 2231 1768 2282 Ἐν
1814 2246 1925 2299 χει-

367 2326 506 2395 μῶνι
527 2324 583 2378 δέ
609 2327 797 2395 ἐσμεν,
828 2325 954 2378 ὅταν
983 2323 1051 2377 τὰ
1082 2322 1233 2395 πάθη
1259 2323 1356 2393 τῆς
1396 2322 1595 2394 σαρκὸς
1629 2322 1927 2395 δυναστεύῃ

365 2420 423 2470 ὲν
449 2417 601 2488 ἡμῖν.

436 2508 671 2573 Εὐθέως
692 2506 762 2561 δὲ
790 2508 938 2578 μετὰ
968 2505 1085 2575 τὴν
1116 2506 1329 2576 θλῖψιν
1359 2509 1478 2564 τῶν
1510 2508 1746 2579 ἡμερῶν
1774 2508 1926 2562 ὲκεί-

364 2615 486 2653 νων
531 2602 564 2653 ό
601 2598 773 2667 ἣλιος
808 2597 1291 2665 σκοτισθήσεται,
1349 2600 1445 2654 καί
1497 2600 1535 2667 ή
1575 2600 1806 2667 σελήνη
1854 2601 1925 2653 οὐ

365 2691 545 2743 δώσει
571 2688 637 2742 τὸ
667 2687 883 2758 φέγγος
910 2687 1121 2757 αὐτῆς,
1165 2688 1263 2742 καί
1291 2692 1344 2742 οί
1382 2690 1631 2758 ἀστέρες
1667 2690 1926 2744 πεσοῦν-

366 2798 460 2835 ται
481 2781 600 2835 ἀπὸ
628 2780 735 2835 τοῦ
772 2779 1055 2850 οὐρανοῦ,
1083 2780 1179 2833 καὶ
1209 2783 1267 2835 αἱ
1297 2781 1580 2851 δυνάμεις
1612 2781 1730 2835 τῶν
1754 2783 1927 2851 obpa-

365 2872 487 2927 νῶν
508 2870 1012 2935 σαλευθήσονται.

437 2963 563 3025 Πῶς
593 2963 657 3016 οὐ
695 2962 975 3033 φρίξουσιν
1002 2961 1553 3032 ἀναστοιχειουμένων
1574 2961 1803 3032 οὐρανοῦ
1832 2962 1927 3015 καὶ

366 3055 469 3125 γῆς
492 3053 629 3124 πρὸς
652 3053 713 3106 τὸ
736 3051 927 3106 δοκοῦν
958 3052 1033 3122 τῷ
1065 3052 1220 3123 Θεῷ;
1260 3054 1508 3125 Ἀκριϐὲς
1536 3054 1641 3123 γάρ
1662 3070 1715 3106 τι
1746 3053 1925 3122 λέγειν

367 3147 425 3194 ὲν
450 3145 559 3206 τοῖς
586 3141 849 3205 τοιούτοις
876 3140 976 3194 οὐκ
1008 3140 1110 3195 ἔνι.
1149 3142 1209 3194 'O
1237 3142 1336 3211 μὲν
1357 3142 1508 3212 ἣλιος
1536 3144 1628 3196 καὶ
1657 3145 1689 3212 ἡ
1728 3144 1924 3215 σελήνη

368 3232 860 3304 ἁμαυρωθήσονται
884 3248 899 3262 ο
950 3229 1019 3284 τὰ
1049 3230 1107 3284 δὲ
1146 3229 1321 3302 ἄστρα
1359 3230 1437 3294 ὡς
1486 3231 1621 3303 ἄνθη
1658 3234 1924 3299 πεσεῖται,

369 3324 465 3378 τοῦ
491 3324 1006 3396 Δημιουργήσαντος
1025 3321 1166 3376 αὐτὰ
1186 3322 1347 3375 πάλιν
1380 3320 1929 3393 μεταστοιχειοῦντος,

371 3415 550 3478 καθὼς
577 3414 720 3469 θέλει
741 3431 756 3445 ⁸
787 3414 1255 3487 θορυϐηθήσονται
1286 3414 1380 3468 καὶ
1410 3413 1549 3467 αὐτὰ
1580 3413 1649 3466 τὰ
1672 3416 1929 3484 στοιχεῖα.

381 3505 894 3578 Ἀνακαινιζομένης
918 3506 1025 3577 γὰρ
1063 3507 1162 3577 τῆς
1197 3504 1633 3575 ἀνθρωπότητος,
1656 3505 1931 3573 ἀνακεφα-

371 3600 618 3653 λαιοῦται
644 3598 742 3653 καὶ
768 3596 1217 3662 συνανακτίζεται
1246 3597 1341 3654 καὶ
1369 3597 1403 3667 ἡ
1428 3595 1515 3648 διὰ
1533 3595 1625 3648 τὸν
1645 3593 1932 3665 ἄνθρωπον

370 3694 434 3763 δη
444 3709 564 3762 μιου
574 3692 837 3763 ργηθεῖσα
868 3690 1065 3753 κτίσις.

444 3783 581 3852 Περὶ
637 3781 706 3835 δὲ
753 3780 862 3849 τῆς
905 3780 1131 3852 ἡμέρας
1175 3781 1410 3849 ἐκείνης
1450 3779 1490 3850 ἣ
1527 3777 1683 3848 ὧρας
1734 3778 1935 3846 οὐδεὶς

372 3873 553 3927 οἶδεν.

453 3961 672 4031 Ἐπειδὴ
714 3960 784 4014 τὰ
835 3960 975 4032 ὑπὲρ
1028 3960 1257 4024 ἑαυτοὺς
1310 3960 1501 4033 ἤθελον
1543 3959 1832 4031 μανθάνειν
1882 3962 1933 4013 οί

374 4053 631 4123 μαθηταὶ,
655 4053 910 4124 ἀφορμὴν
942 4051 1185 4122 εὑρίσκει
1208 4050 1304 4104 τοῦ
1340 4050 1569 4104 κωλύειν
1594 4050 1791 4113 αὐτοὺς
1821 4050 1933 4103 τῶν

371 4146 625 4198 τοιούτων
644 4185 660 4211 ,
685 4144 748 4196 τὸ
777 4144 854 4214 μὴ
875 4143 1095 4208 εἰδέναι,
1121 4142 1257 4196 καθὸ
1282 4142 1585 4217 ἄνθρωπος.
1609 4142 1719 4196 Καί
1746 4160 1931 4213 φησιν,

376 4234 512 4305 μηδὲ
542 4236 668 4296 τοὺς
699 4235 819 4285 κατ’
872 4232 1101 4304 οὐρανὸν
1131 4233 1320 4301 ἁγίους
1367 4232 1635 4303 ἀγγέλους
1675 4232 1935 4287 δύνασθαι

369 4324 543 4379 ταῦτα
569 4324 790 4378 εἰδέναι.

371 4442 672 4509 Κυρίνίλου
708 4439 779 4492 ἐν
806 4438 1029 4509 Ὁμιλιᾳ,
1058 4437 1527 4509 ἐπιγεγραμμένη
1549 4441 1635 4506 είς
1661 4439 1751 4503 τὸ,
1783 4459 1803 4492 ι
1826 4440 1937 4494 Εὑ-

439 4507 582 4575 θέως
612 4509 681 4562 δὲ
714 4507 869 4578 μετὰί
894 4508 1007 4578 τὴν
1034 4507 1242 4576 θλῖψιν
1268 4507 1388 4562 τῶν
1418 4510 1654 4578 ἡμερῶν
1688 4510 1935 4563 ἐκείνων

439 4585 471 4633 ό
510 4580 679 4645 ἥλιος
706 4576 1205 4644 σκοτισθήσεται,
1246 4578 1344 4632 καί
1388 4576 1619 4647 σελήνη
1659 4580 1729 4633 οὐ
1755 4579 1933 4633 δώσει

438 4649 503 4703 τὸ
527 4649 745 4718 φέγγος
774 4647 978 4718 αὐτῆς,
1013 4648 1113 4718 καί
1138 4650 1193 4718 o_l_
1232 4648 1483 4715 ἀστέρες
1509 4649 1835 4703 πεσοῦνται
1864 4650 1933 4718 ex

437 4716 542 4774 τοῦ
568 4716 849 4786 οὐρανοῦ.
870 4718 1011 4787 Περὶ
1028 4717 1096 4770 δὲ
1121 4716 1230 4785 τῆς
1255 4718 1479 4787 ἡμέρας
1506 4720 1746 4787 ἐκείνης
1766 4718 1804 4787 ἢ
1827 4717 1935 4786 τῆς

437 4788 593 4857 ὥρας
616 4784 813 4854 οὐδεὶς
833 4784 997 4841 οἶδεν
1024 4787 1120 4859 (1).
1138 4806 1157 4838 ι

450 4892 598 4947 Ἀλλ’
622 4893 750 4946 ὅταν
779 4893 871 4944 καὶ
898 4890 1053 4945 τοῦτο
1091 4890 1249 4963 λέγῃ.
1279 4891 1340 4943 οὑ
1372 4889 1589 4954 πάντως
1614 4890 1807 4943 ἑαυτὸν
1838 4907 1937 4959 ση-

374 4983 569 5053 μαίνει.
604 4980 742 5035 Οῠτε
768 4982 874 5051 γὰρ
904 4979 1247 5051 προσέθηκεν
1276 4980 1539 5052 ἀκριϐῶς,
1573 4981 1706 5034 Οὐδὲ
1730 4984 1760 5034 6
1806 4982 1935 5046 Υίὸς

380 5076 474 5128 τοῦ
530 5074 663 5129 Θεοῦ
689 5114 704 5139 ,
744 5073 858 5127 ἀλλ’
915 5071 1369 5142 ἀπολελυμένως,
1424 5092 1444 5125 ι
1484 5071 1620 5127 Οὐδὲ
1662 5075 1692 5127 6
1739 5072 1931 5138 Υίδς,ι

372 5170 568 5240 φησίν
595 5171 683 5224 ἵνα
710 5167 949 5222 τοιοῦτόν
970 5185 1021 5221 τι
1044 5170 1169 5237 νοῇς
1185 5182 1199 5195 ⁸
1231 5165 1593 5231 Ἐσπούδαζον
1618 5167 1758 5220 κατὰ
1789 5165 1940 5238 ἀκρί-

369 5264 524 5315 ἣ;ιαν
555 5263 731 5316 πάντα
766 5258 1058 5331 μανθάνειν
1086 5260 1136 5311 οἱ
1172 5257 1433 5327 μαθηταὶ,
1465 5259 1559 5312 καὶ
1596 5257 1936 5329 ἐπεχείρουν,

374 5354 457 5405 ἵνα
497 5352 667 5415 οὑτως
688 5353 847 5413 εἴπω,
892 5349 986 5402 καὶ
1026 5347 1167 5400 αὐτὰ
1197 5348 1651 5420 περιεργάζεσθαι
1692 5348 1761 5402 τὰ
1798 5349 1937 5420 βάθη

368 5443 459 5496 τοῦ
498 5444 724 5513 Κυρίου.
765 5441 922 5494 Ἀλλὰ
955 5435 1023 5510 ἦν
1052 5438 1114 5491 τὸ
1143 5440 1373 5509 πρᾶγμα
1395 5439 1517 5493 λίαν
1543 5440 1682 5511 ὑπὲρ
1714 5440 1933 5504 αὐτούς·

372 5536 459 5587 ἵνα
514 5534 693 5585 τοίνυν
720 5532 793 5601 μὴ
827 5529 1210 5599 ἀπαγορεύσας
1249 5529 1349 5601 τὴν
1373 5530 1630 5603 ἐξήγησιν
1656 5532 1730 5595 ὡς
1769 5532 1935 5603 ﬁsa-3-

2023 1985 2238 2026 oremus
2258 1986 2288 2025 e
2314 1986 2540 2041 corpore
2562 1987 2665 2027 non
2688 1973 2947 2027 excedere
2979 1984 3009 2024 a
3030 1969 3168 2023 bono
3195 1982 3355 2035 opere
3378 1965 3582 2029 feriati,

2023 2062 2163 2131 quod
2204 2061 2495 2117 Sabbatum
2542 2063 2777 2127 indicat,
2803 2076 2976 2129 neque
3013 2061 3065 2114 in
3109 2058 3409 2119 sterilitate,
3442 2057 3584 2124 quod

2025 2154 2216 2209 hiems.
2243 2154 2542 2209 Notandum
2569 2163 2652 2209 est
2688 2154 2831 2209 enim
2864 2154 3095 2207 hiemem
3121 2149 3383 2203 malorum
3417 2148 3581 2201 Deum

2024 2262 2130 2299 non
2166 2245 2374 2301 fecisse.
2409 2245 2465 2300 In
2500 2247 2674 2301 hieme
2706 2256 2882 2299 autem
2899 2258 3110 2310 sumus,
3148 2256 3272 2297 cum
3307 2240 3587 2311 passiones

2023 2339 2203 2393 carnis
2232 2340 2577 2393 dominantur
2604 2339 2657 2393 in
2682 2337 2860 2393 nobis.

2092 2513 2281 2580 XXIV,
2300 2515 2389 2571 29.
2416 2510 2610 2568 Statim
2635 2524 2807 2566 autem
2825 2520 2939 2581 post
2965 2509 3353 2563 tribulationem
3375 2505 3583 2561 dierum

2023 2607 2257 2669 illorum,
2287 2607 2367 2660 sol
2404 2605 2790 2670 obscurabitnr,
2822 2615 2868 2659 et
2899 2603 3025 2657 luna
3071 2618 3178 2656 non
3217 2602 3361 2654 dabit
3408 2599 3585 2653 lumen

2023 2716 2199 2763 suum,
2217 2708 2265 2752 et
2295 2698 2458 2753 stellte
2506 2698 2690 2751 cadent
2733 2697 2798 2750 de
2827 2695 2977 2762 οοιΙο,
3011 2704 3059 2749 et
3089 2694 3300 2747 virtutes
3334 2690 3583 2747 calorum

2023 2792 2494 2846 commovebuntur.

2096 2969 2377 3036 Quomodo
2410 2985 2515 3025 non
2545 2971 2930 3025 exhorrescent
2958 2969 3230 3024 renovatis
3262 2970 3330 3023 ad
3361 2967 3452 3022 Dei
3487 2967 3590 3023 beo

2026 3061 2346 3131 neplacitum
2371 3062 2493 3118 coeli
2521 3072 2785 3131 terraeque
2807 3061 3123 3118 elementis?
3147 3059 3406 3113 Exactum
3435 3058 3586 3112 enim

2030 3154 2228 3222 aliquid
2267 3154 2334 3209 de
2365 3154 2513 3209 hisce
2543 3154 2724 3209 dicere
2752 3169 2857 3208 non
2891 3168 3197 3222 possumus.
3248 3151 3339 3207 Sol
3368 3150 3589 3219 quidem

2029 3252 2084 3297 et
2106 3244 2227 3297 luna
2242 3242 2712 3310 obscurabuntur;
2747 3241 2914 3297 stellre
2945 3251 3123 3297 autem
3150 3250 3401 3309 tauquam
3427 3240 3599 3295 ﬂores

2029 3336 2298 3401 decidant,
2328 3335 2582 3390 Creatore
2623 3350 2716 3391 eas
2747 3344 2905 3406 prout
2942 3335 3190 3400 voluerit,
3224 3334 3583 3388 immutante:

2032 3426 2391 3480 turbabuntur
2433 3427 2596 3481 etiam
2643 3427 2755 3482 hare
2800 3425 2912 3495 ipsa
2961 3424 3246 3480 elementa.
3303 3423 3593 3478 llominum

2034 3519 2174 3574 enim
2198 3534 2395 3589 genere
2418 3519 2689 3581 inuovato,
2711 3519 3015 3573 summatim
3054 3524 3387 3579 recensetur,
3404 3512 3595 3568 simul-

2034 3626 2139 3680 que
2195 3621 2526 3667 restanratur
2572 3612 2735 3666 etiam
2785 3619 3001 3680 propter
3048 3606 3320 3664 hominem
3373 3604 3598 3661 condita

2031 3714 2213 3758 creatu
2224 3720 2301 3757 ra.

2105 3792 2293 3861 XXIV,
2326 3794 2416 3850 56.
2456 3794 2532 3850 De
2561 3794 2644 3849 die
2672 3803 2847 3849 autem
2873 3792 2970 3849 illa
2993 3803 3041 3849 et
3072 3793 3201 3848 liora
3228 3807 3377 3847 nemo
3399 3791 3519 3846 scit.

2106 3959 2369 4026 Quoniam
2401 3974 2520 4028 quae
2552 3971 2715 4028 supra
2755 3958 2899 4028 ipsos
2927 3965 3089 4013 erant
3128 3956 3318 4012 audire
3344 3953 3603 4024 discipuli

2031 4049 2323 4115 volebant,
2378 4049 2624 4105 idoneam
2684 4050 2945 4105 rationem
3020 4048 3223 4104 invenit
3287 4046 3598 4103 coercendae

2034 4140 2273 4209 ipsorum
2320 4140 2672 4207 curiositatis,
2731 4140 2918 4195 dicens
2963 4154 3025 4194 se
3072 4139 3305 4202 nescire,
3332 4145 3599 4206 quatenus

2033 4234 2195 4289 homo
2238 4241 2357 4289 erat
2406 4232 2675 4288 videlicet.
2708 4232 2848 4300 Quin
2892 4231 3041 4286 addit
3078 4246 3147 4285 ne
3197 4230 3343 4299 ipsos
3380 4228 3597 4299 quidem

2034 4326 2125 4396 qui
2161 4326 2215 4380 in
2247 4324 2404 4381 ccelis
2436 4325 2635 4393 degunt
2659 4333 2873 4379 sanctos
2900 4320 3120 4391 angelos
3154 4334 3316 4391 posse
3344 4317 3397 4373 id
3429 4316 3598 4372 scire.

2035 4437 2222 4510 Cyriui
2245 4455 2308 4510 ea:
2335 4438 2576 4510 Homilia
2600 4439 2655 4491 in
2680 4435 2997 4510 haeserba:
3022 4452 3039 4485 ι
3068 4433 3261 4510 Statim
3293 4440 3468 4510 autent
3486 4437 3603 4510 post

2111 4509 2499 4563 tribulationem
2544 4509 2748 4562 dierum
2778 4507 2993 4560 illorum
3028 4503 3108 4559 sol
3138 4502 3517 4564 obscurabitur,
3552 4508 3601 4552 et

1969 4548 2015 4606 θ
2111 4548 3008 4639 12"55'72371'720ai'iltiii'éii"£1255;
3028 4548 3305 4628 ἓῖεἱὲῑῐεῖ
3323 4548 3517 4625 ῐᾶἇιῖιὶῑ
3540 4548 3604 4622 ἀὲ

2107 4649 2252 4703 coelo.
2275 4649 2352 4703 De
2370 4651 2453 4703 die
2478 4657 2652 4702 autem
2684 4647 2784 4701 illa
2804 4655 2853 4700 et
2884 4648 3015 4700 hora
3044 4660 3196 4698 nemo
3227 4643 3344 4696 scit.
3383 4659 3402 4693 ι

2109 4894 2496 4950 Verumtamen
2530 4893 2639 4964 83
2670 4909 2797 4949 cum
2815 4893 2921 4949 hoc
2935 4892 3090 4958 dicit,
3109 4890 3257 4946 haud
3277 4888 3502 4945 omnino
3518 4901 3605 4940 se-

2041 4984 2219 5053 ipsum
2235 4983 2478 5039 denotat.
2512 4984 2632 5039 Non
2647 4985 2795 5039 enim
2811 4984 3016 5040 diserte
3031 4982 3266 5047 addidit,
3296 4995 3473 5050 neque
3516 4978 3605 5032 Fi-

2039 5074 2147 5129 lius
2162 5075 2279 5141 Dei,
2302 5075 2397 5130 sed
2415 5077 2714 5146 generatim
2733 5094 2752 5128 ι
2781 5091 2960 5146 neque
2977 5076 3142 5141 ﬁlius,
3162 5093 3180 5125 ι
3210 5072 3367 5128 dixit.
3397 5071 3605 5139 Nempe

2042 5173 2103 5219 ut
2123 5166 2433 5236 hujusmodi
2454 5167 2660 5237 aliquid
2691 5168 2963 5239 intelligas
2984 5184 2998 5220 :
3019 5166 3319 5237 cupiebant
3342 5162 3609 5217 nimirum

2034 5257 2288 5328 discipuli
2309 5270 2507 5314 cuncta
2529 5268 2785 5315 accurate
2817 5259 3053 5325 rescire;
3081 5259 3419 5319 nitebantur,
3443 5263 3506 5308 ut
3526 5253 3608 5306 ita

2034 5349 2245 5414 dicam,
2290 5350 2561 5419 profunda
2601 5367 2819 5421 quoque
2853 5351 3069 5405 Domini
3100 5364 3299 5405 arcana
3344 5346 3599 5402 scrutari.

2036 5442 2235 5495 Verum
2276 5459 2340 5497 ca
2384 5459 2472 5498 res
2510 5444 2753 5512 ipsorum
2777 5444 3059 5498 modulum
3087 5442 3247 5497 valde
3279 5440 3599 5496 excedebat.

2032 5534 2109 5588 Ne
2148 5534 2311 5605 igitur
2342 5536 2422 5589 rei
2454 5536 2890 5605 explanationem
2925 5534 3276 5606 dcnegando,
3313 5548 3476 5604 quam
3521 5531 3602 5586 illi

442 5707 516 5777 (ί)
544 5707 731 5781 Exstat
765 5706 912 5781 inter
949 5705 1248 5781 fragmenta
1278 5705 1467 5777 Cyrilli
1504 5706 1557 5761 in
1600 5707 1911 5764 Mattheeum
1953 5726 2073 5781 quae
2111 5727 2175 5765 ex
2212 5709 2494 5765 Anastasio
2538 5710 2792 5767 Vaticano
2834 5711 3005 5767 edidit
3048 5712 3150 5768 Mai
3177 5712 3229 5767 in
3263 5710 3602 5779 Bibliotheca,

367 5774 474 5848 iam
501 5774 672 5833 'citato
699 5787 846 5831 tomo
872 5774 934 5840 ll,
970 5789 1023 5845 p.
1055 5776 1175 5830 481.
