4134 6374
499 391 605 447 443

1475 408 1529 464 S.
1571 409 1837 466 CYRILLI
1880 404 2342 466 ALEXANDle
2379 411 2695 472 AllClllEl’.

3627 415 3732 470 ιιι

500 527 831 583 cognoscere
862 518 1114 585 avebant,
1151 522 1348 578 charos
1385 542 1513 581 suos
1542 528 1824 584 videretur
1859 530 2065 585 contri-

2168 530 2319 585 λοντο
2348 532 2558 602 μαθεῖν,
2604 535 2731 606 δόξῃ
2764 554 2880 600 πως
2914 536 3103 590 λυπεῖν
3148 537 3270 599 τοὺς
3309 535 3693 605 γνησιεύοντας
3716 576 3732 595 .

501 611 665 669 stare,
692 608 925 664 obscure
956 611 1126 666 dicit:
1161 634 1180 664 ε
1227 615 1302 669 De
1329 615 1418 671 die
1457 628 1640 672 autem
1686 621 1776 676 illa
1821 631 1877 677 et
1932 623 2065 678 hora

501 710 663 750 nemo
703 700 827 763 scit,
859 718 1034 772 neque
1066 706 1272 775 angeli,
1313 723 1491 777 neque
1544 709 1735 775 Filius,
1774 714 1880 769 nisi
1916 716 2067 770 solus

502 784 681 841 Pater.
716 808 735 839 ι
788 790 859 845 Ut
910 793 1077 848 verba
1119 795 1200 851 sic
1261 795 1580 870 intelligas:
1636 803 1860 858 Etiamsi
1904 805 2068 862 homo

500 875 568 930 ad
593 879 943 949 adoptionem
986 897 1212 941 vocatus
1249 897 1354 953 est,
1398 890 1650 962 ﬁliusque
1685 909 1861 950 novus
1884 897 2065 952 decla-

504 976 675 1033 ratus,
709 971 854 1027 haud
878 975 1083 1031 idcirco
1107 995 1229 1049 qua:
1250 996 1414 1053 supra
1456 992 1705 1039 naturam
1731 996 1857 1041 sunt
1885 989 2067 1059 inqui-

504 1069 609 1125 rat,
639 1078 817 1134 neque
842 1082 901 1122 se
940 1068 1163 1139 dignum
1194 1087 1257 1127 ea
1301 1088 1628 1144 cognoscere
1663 1087 1817 1147 putet
1844 1095 1966 1149 qua:
1999 1097 2067 1136 ne

503 1154 709 1222 angelis
747 1157 971 1225 quidem
1036 1163 1299 1219 revelavit
1348 1166 1527 1220 Pater.
1570 1168 1688 1222 Jam
1750 1169 1795 1223 si
1843 1172 2070 1242 angelus

506 1246 696 1308 nescit,
725 1262 793 1301 ne
835 1248 1000 1305 homo
1027 1253 1249 1322 quidem
1291 1255 1451 1323 sciet,
1481 1257 1697 1313 etiamsi
1722 1260 1790 1315 ad
1816 1260 2068 1331 adoptio-

504 1349 629 1389 nem
654 1349 879 1394 vocatus
910 1340 1002 1394 sit.

572 1425 685 1497 84
708 1427 819 1483 Mos
852 1441 970 1485 erat
996 1431 1215 1490 Christo
1253 1436 1561 1513 Servatoril
1588 1438 1894 1505 hujusmodi
1941 1441 2070 1509 quid

504 1529 666 1583 agere
707 1518 941 1574 maxime
975 1521 1031 1575 in
1054 1524 1257 1578 sanctis
1297 1526 1411 1579 suis
1438 1526 1739 1596 discipulis,
1768 1529 1811 1583 si
1840 1531 2072 1585 interro-

500 1614 696 1671 garent
721 1608 923 1679 aliquid
949 1627 1162 1679 eorum,
1192 1631 1312 1685 quia:
1336 1617 1571 1685 speciem
1601 1619 1795 1675 habent
1830 1621 2067 1676 discendi

504 1698 834 1770 cupiditatis,
869 1702 1047 1759 altiori
1086 1715 1263 1761 tamen
1300 1711 1631 1766 scrutatione
1665 1721 1871 1777 carent,
1895 1714 2067 1784 espli-

506 1789 773 1844 cationem
828 1792 1107 1864 indulgere
1179 1807 1233 1851 et
1291 1809 1479 1854 exacte
1533 1802 1694 1855 etiam
1745 1804 1927 1858 conari
1985 1803 2068 1859 vel

506 1880 742 1938 niaxime
788 1883 989 1940 minuta
1033 1902 1349 1958 exponere;
1400 1892 1483 1946 sin
1529 1903 1705 1948 autem
1758 1895 1959 1964 aliquid
2003 1912 2068 1950 cx
2102 1867 2141 1921 Β

503 1972 875 2039 superioribus
939 1992 1340 2049 supervacanea
1395 1984 1601 2038 discere
1663 1987 1880 2054 cupiant
1930 1989 2082 2056 quod-

506 2061 722 2115 modum
771 2062 979 2119 illorum
1033 2070 1297 2134 excedat,
1344 2072 1900 2141 acquiescerejuhct,
1946 2091 2070 2142 per-

503 2155 805 2225 suadetque
838 2172 1031 2213 curare
1064 2160 1242 2230 potius
1261 2176 1325 2215 ea
1355 2177 1474 2231 qua:
1504 2164 1721 2219 utiliora
1761 2166 1891 2233 ipsis
1922 2180 2067 2221 sunt.

503 2245 638 2298 Cum
693 2248 872 2315 itaque
910 2264 1030 2318 quae
1069 2266 1228 2320 supra
1280 2268 1339 2308 se
1385 2264 1540 2307 erant
1577 2255 1789 2311 discere
1820 2256 2071 2313 volebant

502 2338 771 2406 discipuli,
818 2342 1023 2396 utiliter
1062 2344 1364 2399 dissimulat
1396 2362 1456 2401 se
1491 2356 1742 2417 tanquam
1795 2350 2068 2405 hominem

502 2427 662 2489 seire,
692 2444 758 2483 ac
785 2444 851 2483 ne
882 2430 1028 2499 ipsos
1069 2432 1285 2500 quidem
1315 2444 1531 2490 sanctos
1562 2436 1785 2507 angelos
1818 2438 1871 2493 in
1915 2440 2069 2497 cmlis

502 2518 644 2571 scire
682 2521 776 2585 ait,
812 2537 881 2575 ne
908 2524 1321 2590 contristentur,
1355 2537 1609 2596 tanquam
1643 2544 1803 2599 supra
1850 2532 2067 2586 modum

450 2652 451 2655 η
502 2609 826 2665 ditlidentes.
867 2613 946 2667 Ae
977 2614 1102 2669 vide
1132 2630 1292 2683 quam
1329 2619 1751 2674 accommodatis
1771 2621 2069 2677 rationibus

502 2702 728 2757 sitadeat
757 2704 838 2759 eis
868 2714 927 2759 ut
970 2706 1039 2761 ab
1068 2707 1170 2761 ista
1207 2709 1558 2778 inquisitione
1581 2711 1882 2781 quiescant,
1912 2727 2068 2769 vere-

500 2795 859 2864 cultdiamque
888 2797 955 2850 iis
992 2798 1176 2861 faciat,
1207 2801 1358 2867 quasi
1387 2801 1527 2855 scire
1558 2802 1812 2857 aﬂectent
1844 2803 1895 2858 id
1923 2804 2064 2874 quod

501 2901 569 2939 ne
596 2886 800 2956 angelis
835 2888 1050 2955 quidem
1098 2892 1357 2945 revelavit
1402 2891 1582 2959 Pater,
1640 2908 1739 2948 nec
1785 2894 1886 2964 ipsi
1928 2894 2067 2953 Filio

501 2986 684 3031 notum
712 2978 923 3033 fecerit.

715 3064 901 3137 Cyrilli
920 3083 985 3123 ea:
1010 3066 1394 3124 Commentario
1421 3070 1474 3124 in
1500 3069 1829 3128 Matthwum.

570 3244 858 3314 lgnorasse
906 3245 1005 3309 ait,
1039 3245 1184 3315 atqui
1227 3261 1331 3299 non
1374 3246 1639 3316 ignoravit
1670 3249 1830 3303 Deus.
1870 3247 1975 3305 Sed
2004 3261 2061 3305 et

499 3336 635 3406 ipse,
664 3352 973 3408 quanquam
1015 3346 1160 3392 esset
1200 3337 1338 3392 Deus
1390 3339 1642 3406 Verbum,
1677 3349 1852 3395 tamen
1888 3341 2060 3397 factus

498 3438 581 3483 est
612 3439 666 3482 et
714 3438 832 3483 erat
878 3429 1057 3490 homo,
1095 3429 1182 3496 qui
1231 3430 1443 3498 quidem
1497 3434 1563 3485 ad
1610 3447 1761 3486 suam
1815 3442 2061 3489 naturam

498 3519 641 3589 quod
672 3520 865 3573 attinet
900 3528 953 3573 et
987 3520 1333 3573 humanitatis
1364 3535 1691 3586 mensuram,
1731 3535 1817 3577 res
1852 3520 2064 3577 futuras

501 3611 751 3677 ignorat,
788 3609 879 3664 sed
922 3624 985 3663 ex
1044 3610 1136 3664 Dei
1194 3610 1517 3665 revelatione
1571 3626 1712 3679 sape
1767 3614 2062 3683 cognoscit.

497 3701 683 3771 Neque
716 3716 844 3756 vero
874 3702 1084 3756 mireris
1105 3741 1121 3765 ,
1150 3704 1194 3756 si
1223 3702 1537 3772 ignorantiae
1584 3703 1938 3757 humilitatem
1968 3705 2066 3759 ad-

499 3793 686 3848 mittit.
742 3791 875 3845 Nam
928 3794 972 3845 si
1023 3797 1182 3848 herus
1220 3808 1341 3847 cum
1400 3793 1475 3847 sit
1518 3802 1736 3863 propter
1794 3794 2062 3850 hominem

498 3898 686 3938 servus
736 3883 1071 3951 appellatur;
1123 3894 1179 3938 et
1233 3900 1353 3938 cum
1403 3884 1474 3937 sit
1526 3884 1709 3953 gloria:
1764 3884 2063 3949 Dominus,

497 3972 608 4044 85
629 3972 852 4043 gloriam
877 3988 972 4027 ceu
1003 3988 1105 4027 nou
1131 3973 1351 4028 haberet
1383 3990 1412 4027 a
1432 3974 1590 4029 Patre
1622 3975 1785 4043 petit;
1810 3988 2064 4044 praeterea

498 4067 544 4119 si
573 4079 696 4118 eum
736 4066 851 4134 ipse
878 4079 1004 4119 vere
1024 4065 1095 4119 sit
1125 4064 1233 4119 vita
1265 4073 1321 4119 et
1343 4065 1520 4120 omnia
1552 4065 1850 4131 viviﬁcans,
1886 4075 2065 4120 tamen

498 4157 731 4226 potentia
786 4155 1020 4224 Spiritus
1067 4157 1430 4211 resurrexisse
1482 4157 1716 4224 dicitur;
1752 4158 1796 4212 si
1834 4157 2068 4227 denique

497 4264 619 4303 cum
650 4249 719 4303 sit
745 4248 891 4303 Patri
948 4257 1280 4311 coaeternus,
1315 4248 1663 4302 nihilominus
1709 4250 1862 4319 quasi
1890 4253 2065 4319 primo

2168 624 2612 696 ὲπεσκιασμένως
2644 629 2797 697 φησὶ,
2834 649 2851 679 ι
2887 631 3020 699 Περὶ
3046 630 3100 683 δὲ
3135 636 3234 699 τῆς
3271 629 3481 700 ἡμέρας
3520 628 3733 697 ἐκείνης

2167 715 2200 786 ἢ
2225 716 2323 787 τῆς
2346 716 2492 791 ὧρας
2511 719 2686 783 οὐδεὶς
2713 715 2874 784 οἶδεν,
2904 721 3024 773 οὐδὲ
3045 723 3092 774 οἱ
3118 720 3359 788 ἄγγελοι,
3384 718 3505 771 οὐδὲ
3529 719 3557 771 6
3582 718 3729 779 Υἱὸς,

2167 808 2215 859 εί
2244 806 2318 877 μὴ
2344 809 2372 859 6
2396 810 2603 881 Πατήρ.
2639 830 2657 861 ι
2691 812 2806 864 Ἵνα
2831 812 3028 883 νοήσῃς
3050 812 3243 877 οὕτως’
3272 810 3333 865 ΕΞ
3356 812 3448 865 καὶ
3473 811 3732 880 κέκληται

2168 897 2306 967 πρὸς
2329 899 2599 953 υἱοθεσίαν
2626 902 2654 953 6
2692 900 2976 973 ἄνθρωπος
3001 904 3094 957 καὶ
3122 903 3235 967 υἱὸς
3263 902 3539 973 ἀνεδείχθη
3584 902 3699 964 νέος
3716 943 3730 963 ,

2167 986 2303 1041 ἀλλά
2340 988 2415 1060 μὴ
2447 990 2676 1062 ζητείτω
2714 991 2785 1046 τά
2814 993 2956 1065 ὑπὲρ
2997 994 3308 1066 τὴντφύσιν,
3342 993 3476 1064 μηδὲ
3499 991 3730 1056 ἀξιούτω

2170 1079 2361 1149 μαθεῖν
2392 1082 2534 1152 ειπερ
2565 1083 2699 1153 μηδὲ
2721 1086 2834 1148 τοῖς
2870 1085 3126 1154 ἀγγέλοις
3167 1084 3518 1154 ἀπεκάλυψεν
3558 1087 3586 1137 6
3627 1085 3732 1136 Πα-

2166 1173 2291 1242 τήρ.
2324 1173 2387 1225 Εἰ
2406 1173 2463 1226 δὲ
2485 1173 2711 1243 ἄγγελος
2732 1176 2829 1229 οὐκ
2854 1172 3014 1236 οἶδεν.
3045 1178 3164 1231 οὐδὲ
3192 1178 3472 1240 ἄνθρωπος
3504 1176 3728 1237 εῖσεται,

2169 1261 2274 1316 κᾶν
2304 1264 2353 1317 εί
2380 1264 2638 1334 κέκληται
2669 1266 2803 1337 πρὸς
2831 1268 3123 1321 υἱοθεσίαν.

2245 1437 2404 1503 Ἐθος
2430 1434 2497 1509 ἦν
2524 1440 2601 1510 τῷ
2636 1440 2849 1512 Σωτῆρι
2882 1441 3102 1513 Χριστῷ
3135 1440 3376 1494 τοιοῦτόν
3401 1457 3455 1494 τι
3485 1440 3616 1512 δρᾷν
3641 1442 3732 1494 ἐπὶ

2168 1530 2280 1592 τοῖς
2310 1529 2488 1597 ἁγίοις
2520 1530 2755 1601 μάλιστα
2787 1532 3076 1603 μαθηταῖς,
3106 1534 3155 1585 εί
3190 1532 3632 1586 διαπυνθάνοιντό
3674 1550 3728 1586 τι

2168 1618 2278 1670 τῶν
2308 1619 2410 1673 ὅσα
2435 1614 2504 1690 ἦν
2530 1619 2887 1690 φιλομαθείας
2918 1621 3014 1690 μὲν
3043 1620 3236 1692 ἔχοντα
3263 1621 3441 1686 δόξαν,
3473 1621 3733 1692 ὑψηλοτέ-

2172 1723 2273 1777 ρας
2295 1724 2359 1775 γε
2401 1706 2508 1778 μὴν
2542 1708 2771 1779 ἐρεύνης
2816 1709 3231 1780 ἀπηλλαγμένα,
3285 1710 3603 1781 χαρίζεσθαι
3634 1712 3735 1781 τὴν

2170 1796 2468 1867 ἀφήγησιν,
2532 1799 2626 1853 καὶ
2670 1798 2994 1871 ἐξακριϐοῦν
3040 1803 3121 1855 ὅτι
3167 1803 3401 1873 μάλιστα
3440 1804 3732 1875 πειρᾶσθαι

2173 1886 2384 1949 λεπτῶς
2407 1902 2421 1915 ο
2452 1888 2499 1940 εἰ
2528 1887 2585 1941 δὲ
2615 1889 2677 1959 δή
2710 1907 2761 1942 τι
2802 1889 3074 1960 βούλοιντο
3097 1892 3205 1945 τῶν
3235 1892 3489 1947 ἐπέκεινα
3528 1893 3732 1965 μέτρου

2172 1976 2266 2030 τοῦ
2322 1978 2459 2033 κατὰ
2493 1981 2632 2047 σφᾶς
2677 1980 2872 2043 αὐτοὺς
2926 1983 3192 2054 περιττῶς
3228 1984 3523 2054 ἀναμαθεῖν
3577 2000 3732 2053 περι-

2175 2067 2414 2120 στέλλειν
2442 2071 2639 2141 ήσυχῆ,
2671 2074 2767 2125 καὶ
2806 2072 3150 2141 μεταπείθειν
3181 2070 3239 2127 εὖ
3280 2074 3424 2144 μάλα
3453 2073 3732 2144 πολυπρα-

2172 2162 2392 2228 γμονεῖν
2440 2160 2655 2215 ἑλέσθαι
2697 2163 2766 2215 τὰ
2808 2163 3253 2234 πρεπωδέστερα.
3291 2164 3510 2235 Ἐπειδὴ
3543 2159 3635 2217 οὖν
3664 2164 3733 2216 τὰ

2172 2249 2309 2321 ὑπὲρ
2340 2250 2537 2313 αὐτοὺς
2572 2251 2763 2323 ἤθελον
2794 2253 3086 2323 μανθάνειν
3119 2256 3166 2309 οἱ
3198 2255 3461 2325 μαθηταὶ,
3490 2256 3731 2324 σκήπτε-

2169 2356 2259 2394 ται
2280 2340 2565 2411 χρησίμως
2596 2341 2658 2394 τὸ
2681 2340 2754 2412 μὴ
2782 2342 2981 2395 εἰδέναι
3004 2342 3139 2395 καθὸ
3161 2342 3466 2414 ἄνθρωπος,
3484 2342 3575 2396 καί
3599 2359 3730 2410 φησι

2173 2430 2308 2501 μηδὲ
2337 2430 2534 2493 αὐτοὺς
2569 2431 2765 2484 εἰδέναι
2799 2432 2926 2496 τοὺς
2964 2433 3105 2485 κατά
3140 2432 3231 2485 τὸν
3274 2433 3503 2503 οὐρανὸν
3541 2432 3730 2500 ἁγίους

2169 2522 2450 2590 ἀγγέλους,
2508 2522 2594 2575 ἵνα
2629 2522 2704 2594 μὴ
2738 2522 3015 2577 λυπῶνται
3048 2523 3124 2587 ὡς
3160 2525 3233 2595 μὴ
3271 2524 3633 2595 θαρρηθέντες
3669 2524 3733 2576 τὸ

2172 2611 2410 2682 μέτριον.
2446 2612 2557 2664 Καὶ
2582 2613 2683 2683 ὅρα
2716 2612 2832 2675 πῶς
2880 2613 3108 2683 ἠρεμεῖν
3138 2613 3422 2667 ἀναπείθει
3454 2614 3731 2685 λογισμοῖς

2166 2702 2419 2767 οἰκείοις,
2450 2704 2544 2756 καὶ
2576 2702 2898 2768 ὲκδυσωπεῖ,
2936 2705 3018 2757 ὅτι
3056 2704 3192 2776 μηδὲ
3232 2705 3484 2772 ἀγγέλοις
3522 2706 3731 2759 ἀπεκά-

2167 2790 2331 2862 λυψεν
2358 2793 2388 2844 ὁ
2419 2793 2633 2864 Πατὴρ,
2664 2793 2800 2865 μηδὲ
2841 2792 2992 2865 αὐτῷ
3020 2792 3097 2865 τῷ
3133 2793 3247 2866 Υίῷ
3271 2793 3561 2848 καθίστατο
3586 2793 3727 2863 γνώ-

2170 2899 2353 2955 ριμον.

2166 3061 2469 3131 Κυρίλλου
2506 3062 2575 3115 ἐκ
2618 3062 2724 3116 τοῦ
2788 3064 2877 3129 εἰς
2927 3062 2990 3116 τό
3058 3064 3209 3119 κατὰ
3244 3063 3542 3119 Ματθαῒον
3585 3065 3733 3120 ὑπο-

2780 3153 3108 3223 μνήματος.

2247 3245 2597 3316 Ἦγνοηκέναι
2616 3245 2692 3313 (l)
2712 3244 2767 3296 δέ
2793 3261 2955 3315 φησιν
2975 3261 2989 3273 ο
3013 3245 3113 3297 οὐκ
3139 3244 3372 3316 ἠγνόηκε
3402 3244 3552 3309 Θεός.
3594 3246 3735 3299 Ἀλλ’

2164 3338 2212 3390 εί
2268 3337 2362 3391 καὶ
2405 3336 2565 3399 αὐτὸς
2597 3334 2774 3388 καίτοι
2805 3335 2937 3397 Θεὸς
2968 3334 3044 3386 ὢν
3076 3335 3267 3404 Λόγος,
3298 3335 3487 3404 γέγονέ
3537 3354 3597 3390 τε
3640 3339 3735 3391 καὶ

2163 3428 2569 3498 κεχρημάτικεν
2602 3428 2907 3497 ἄνθρωπος,
2946 3426 3006 3488 ὃς
3042 3427 3225 3494 ἀγνοεί
3249 3427 3315 3480 τὰ
3340 3427 3573 3497 ἐσόμενα
3597 3430 3735 3482 κατά

2163 3534 2227 3586 γε
2258 3518 2357 3588 τὴν
2382 3516 2517 3570 ίδίαν
2542 3516 2703 3586 φύσιν
2733 3518 2826 3571 καὶ
2856 3516 2917 3569 τὸ
2945 3517 3044 3586 τῆς
3070 3517 3486 3589 ἀνθρωπότητος
3515 3520 3731 3590 μέτρον,

2163 3608 2373 3678 δέχεται
2411 3607 2467 3659 δὲ
2500 3608 2757 3671 πολλάκις
2790 3607 2848 3673 ἐξ
2892 3607 3285 3676 ἀποκαλύψεως
3320 3608 3476 3663 Θεοῦ.
3514 3611 3623 3663 Καὶ
3658 3611 3732 3680 μή

2163 3718 2243 3755 τοι
2283 3700 2565 3770 θαυμάσῃς
2598 3702 2645 3752 εἰ
2684 3702 2745 3752 τὸ
2770 3700 2868 3770 τῆς
2894 3700 3116 3768 ἀγνοίας
3151 3701 3509 3771 καταδέχεται
3542 3718 3735 3772 μικρο-

2166 3793 2373 3864 πρεπές
2414 3794 2489 3863 (2)
2515 3810 2528 3822 '
2569 3794 2617 3845 εί
2662 3792 2772 3862 γὰρ
2821 3793 3096 3862 Δεσπότης
3145 3792 3423 3863 ὑπάρχων,
3473 3792 3735 3863 κέκληται

2163 3886 2347 3949 δοῦλος
2377 3885 2464 3938 διὰ
2491 3884 2581 3938 τὸν
2604 3884 2908 3956 ἄνθρωπον,
2938 3884 3032 3937 καὶ
3063 3882 3265 3954 Κύριος
3297 3882 3372 3936 ὣν
3412 3883 3510 3954 τῆς
3548 3882 3732 3952 δόξης,

2164 3978 2319 4042 δόξαν
2342 3977 2416 4041 ὡς
2449 3976 2547 4029 οὐκ
2571 3975 2709 4046 ἔχων
2740 3976 2883 4029 αἰτεῖ
2914 3974 3065 4045 παρά
3093 3974 3328 4043 Πατρὸς,
3356 3974 3450 4026 καὶ
3473 3974 3632 4037 αὐτὸς
3657 3972 3738 4025 ὢν

2166 4067 2307 4121 κατά
2339 4066 2592 4135 ἀλήθειαν
2624 4067 2657 4136 ὴ
2706 4064 2819 4135 ζωὴ
2857 4064 2951 4118 καὶ
2996 4065 3173 4119 πάντα
3206 4064 3506 4132 ζωογονῶν,
3546 4064 3605 4117 ἐν
3641 4063 3734 4117 δυ-

2166 4159 2326 4229 νάμει
2352 4158 2445 4210 τοῦ
2474 4156 2785 4227 Πνεύματος
2816 4154 3117 4226 ὲγηγέρθαι
3148 4155 3385 4224 λέγεται,
3417 4157 3510 4209 καὶ
3546 4156 3730 4209 συναΐ-

2164 4248 2273 4313 διος
2309 4249 2383 4302 ὢν
2411 4247 2489 4319 τῷ
2516 4247 2805 4319 Πατρὶ,ὡς
2839 4249 2919 4311 είς
2951 4246 3125 4319 ἀρχὰς
3155 4247 3249 4301 τοῦ
3286 4241 3425 4301 εἶναι
3461 4247 3735 4318 κεκλημέ-

498 4340 565 4394 ad
603 4341 965 4397 exsistendum
989 4350 1293 4404 vocaretur,
1322 4355 1427 4409 quo
1464 4349 1705 4410 tempore
1750 4342 1929 4397 factus
1981 4352 2067 4399 est

2168 4358 2275 4405 νος,
2326 4341 2416 4393 ὅτε
2463 4339 2557 4392 καὶ
2603 4338 2725 4393 καθ’
2756 4338 2903 4407 ἡμᾶς
2938 4337 3160 4406 γέγονεν
3208 4337 3513 4409 ἄνθρωπος,
3571 4338 3738 4392 ἄκουε

498 4430 675 4491 homo.
704 4431 856 4485 audis
880 4430 1143 4485 dicentem
1168 4429 1381 4485 Patrem
1415 4447 1430 4485 :
1472 4450 1491 4483 ι
1530 4430 1700 4487 Filius
1724 4446 1874 4487 meus
1895 4446 1956 4488 es
1985 4440 2063 4499 tu,

2168 4431 2411 4500 λέγοντος
2450 4429 2614 4484 αὐτοῦ
2639 4446 2653 4461 ο
2693 4448 2712 4481 ι
2755 4430 2880 4493 Υἱός
2906 4447 3009 4500 μου
3031 4423 3082 4481 εἶ
3114 4429 3201 4492 σὺ,
3234 4428 3345 4497 ἐγὼ
3381 4429 3618 4500 σήμερον
3646 4446 3739 4497 γε·

496 4537 599 4592 ego
632 4521 791 4577 hodie
826 4522 986 4593 genui
1028 4532 1081 4577 te
1108 4522 1175 4587 “,
1216 4542 1235 4576 ι
1281 4524 1490 4578 etiamsi
1538 4523 1856 4578 vocabulum
1905 4524 2061 4579 hodie

2168 4522 2403 4594 γέννηκά
2435 4538 2517 4587 σε,
2557 4539 2577 4573 ι
2613 4519 2790 4574 καίτοι
2823 4518 2920 4572 τοῦ
2975 4518 3243 4588 σήμερον
3289 4519 3381 4572 τὸν
3411 4519 3739 4587 ἐνεστηκότα

498 4628 735 4682 praesens
773 4621 983 4681 tempus
1021 4612 1332 4682 signiﬁcat;
1367 4628 1465 4667 cur
1494 4613 1688 4668 mirum
1718 4614 1813 4679 sit,
1845 4614 1892 4670 si
1920 4614 2063 4685 quod

2168 4616 2358 4687 καιρὸν
2386 4613 2738 4685 σημαίνοντος
2764 4614 2865 4684 (5),
2893 4612 2947 4665 τί
2973 4610 3035 4665 τὸ
3058 4610 3446 4682 παράδοξον,εί
3477 4611 3571 4665 καὶ
3600 4612 3740 4682 ὅπερ

499 4716 690 4771 reapse
746 4702 947 4757 homini
1008 4703 1325 4759 naturaliter
1388 4706 1550 4772 inest,
1609 4720 1803 4776 nempe
1850 4715 1910 4761 ut
1963 4706 2064 4762 ali-

2169 4709 2427 4778 πρόσεστι
2460 4704 2601 4759 κατά
2630 4704 2811 4774 φύσιν,
2860 4702 3105 4757 τουτέστι
3137 4702 3199 4755 τὸ
3237 4701 3504 4771 ἀγνοῆσαι
3545 4718 3596 4754 τι
3629 4702 3740 4754 τῶν

496 4808 659 4862 quam
709 4793 1060 4850 exsistentem
1106 4811 1218 4851 rem
1269 4796 1495 4861 nesciat,
1543 4796 1683 4852 hanc
1730 4797 1896 4852 etiam
1938 4812 2060 4852 cum

2168 4798 2356 4859 ὅντων,
2387 4793 2548 4864 τυχὸν
2580 4794 2717 4864 μετά
2745 4794 2853 4847 τῶν
2890 4792 3063 4846 ἄλλων
3110 4792 3285 4861 αὐτῆς
3320 4791 3625 4861 ἰδιωμάτων
3658 4794 3739 4844 οἰ-

496 4884 709 4938 οιιιιθτίε
740 4886 1156 4954 proprietatibus
1186 4887 1289 4944 sibi
1321 4904 1538 4944 sumere
1580 4890 1836 4960 dignatus
1862 4889 2062 4947 fuerit?

2168 4886 2497 4942 κειώσασθαι
2542 4885 2911 4955 κατηξίωσεν;
2944 4884 3006 4936 Ei
3053 4882 3160 4954 γάρ
3195 4884 3278 4951 ἐφ’
3314 4882 3397 4935 ἑνὶ
3436 4882 3501 4953 δὴ
3536 4882 3742 4935 τούτων

497 4977 657 5031 Certe
686 4976 729 5030 si
766 4976 818 5030 in
844 4976 1034 5031 harum
1066 4994 1173 5032 una
1199 4979 1649 5046 scaudalizemur,
1690 4988 1897 5035 eceterae
1925 4996 2064 5050 quo-

2168 4978 2644 5050 σκανδαλιζόμεθα,
2667 4977 2909 5030 λελύσθω
2939 4975 3081 5045 μετά
3102 4976 3291 5029 τούτου
3324 4975 3418 5029 καὶ
3442 4974 3513 5028 τά
3538 4974 3702 5045 ἕτερα
3723 4990 3739 5005 ·

499 5084 604 5132 que
647 5067 761 5137 pari
816 5070 978 5123 modo
1022 5071 1290 5125 excident.
1347 5072 1486 5139 Quid
1540 5073 1697 5127 inde?
1748 5072 2066 5141 Destrueltur

2168 5074 2259 5128 καὶ
2308 5073 2361 5127 τί
2411 5071 2474 5124 τὸ
2518 5069 2807 5135 ὲντεῦθενς
2861 5068 3159 5139 Οίχήσεται
3205 5066 3395 5120 λοιπὸν
3447 5067 3549 5136 τῆς
3602 5065 3742 5135 μετά

499 5160 751 5229 deinceps
778 5154 1165 5217 incarnationis
1208 5162 1367 5230 ratio,
1387 5173 1441 5218 et
1467 5164 1775 5234 mysterium
1800 5178 1908 5234 quo
1932 5163 2067 5218 salvi

2168 5161 2365 5234 σαρκὸς
2412 5160 2721 5231 οἰκονομίας
2771 5161 2801 5213 6
2852 5159 3045 5227 λόγος,
3096 5158 3192 5213 καὶ
3235 5155 3627 5228 ἀνατετράφθω
3680 5155 3742 5209 τὸ

502 5266 691 5306 simius
709 5260 1002 5307 evertetur.
1032 5252 1244 5310 Etenim
1269 5270 1366 5310 nos
1395 5254 1521 5309 facti
1550 5269 1736 5309 sumus
1759 5255 1808 5309 ei
1833 5253 2064 5318 similes,

2168 5253 2465 5324 μυστήριον
2490 5250 2559 5305 δι’
2590 5242 2651 5304 οὗ
2671 5250 2766 5303 καὶ
2792 5247 3133 5320 σεσώσμεθα.
3151 5246 3462 5319 Γεγόναμεν
3487 5246 3601 5316 γὰρ
3618 5246 3737 5300 κατ’

577 5426 623 5458 ⁵⁸
650 5426 793 5484 Psal.
826 5442 889 5493 ιι,
909 5428 964 5483 7.

575 5582 651 5655 (³,)
688 5583 1073 5655 ᾘγνοηκέναι
1102 5617 1169 5628 -
1197 5586 1295 5641 καὶ
1331 5585 1510 5655 φύσει
1550 5586 1713 5652 Θεός.
1748 5582 1851 5639 Mai
1894 5582 1955 5637 Β.
1987 5582 2063 5637 Ν.

507 5651 842 5797 ν’(ἐῖἳίςδο
876 5726 1027 5797 apud
1073 5744 1169 5780 nos
1199 5726 1456 5797 Cyrillum
1494 5725 1983 5797 iuiconimentario
2006 5722 2072 5797 ad

513 5791 715 5848 Lucam
749 5791 815 5859 ll,
862 5791 935 5852 42
979 5794 1147 5865 (infra
1204 5791 1304 5851 r61.
1360 5796 1508 5865 (HS).
1544 5796 1675 5851 Tum
1739 5796 1807 5851 de
1850 5795 2071 5850 scientia

2172 5580 2368 5637 Christi
2415 5580 2500 5634 adi
2534 5579 2833 5647 theologos,
2862 5587 2918 5634 et
2943 5576 3218 5633 Petavium
3245 5577 3299 5632 in
3331 5576 3538 5647 primis.

2256 5653 2332 5721 (5)
2358 5650 2556 5721 Confer
2585 5646 2883 5715 fragmenta
2914 5664 2943 5702 ει
2981 5648 3307 5721 nobis__edita
3339 5646 3522 5721 Cyrilli
3550 5662 3614 5721 ex
3650 5662 3743 5721 co-_

2181 5715 2835 5789 dii-e'Mediolanenshin
2878 5735 2964 5789 ep.
3018 5719 3084 5775 ad
3124 5717 3284 5775 Hebr.
3338 5715 3495 5788 (Opp.
3550 5715 3745 5784 (ἐριτίιὶ

2180 5794 2306 5847 edit.
2340 5807 2485 5847 nom;
2520 5801 2645 5843 tam.
2689 5787 2840 5859 HI).
