4134 6374
386 414 490 471 H5

1560 386 1921 477 causam.
1956 422 2029 479 IN
2069 424 2499 485 nummum.

3520 439 3628 494 ΑΗιί

383 527 548 581 αὑτὸν
578 529 761 599 ἡμεῖς,
792 528 978 601 ἐπειδὴ
1007 531 1195 600 γέγονε
1227 532 1347 587 καθ’
1374 535 1522 605 ἡμᾶς
1550 536 1577 587 6
1603 535 1783 598 αὐτός.
1830 536 1941 606 Ὀρ-

2047 552 2112 591 ex
2142 554 2253 608 quo
2280 540 2400 610 ipe
2446 539 2607 595 nobis
2639 539 2835 594 similis
2890 540 3065 599 factus
3113 554 3217 600 est.
3255 546 3428 603 Recte
3466 551 3626 621 igitur

384 617 493 681 θὼς
529 618 815 688 τοιγαροῦν
849 621 1130 688 νοοῦντες,
1169 624 1367 677 εἰδέναι
1417 624 1527 695 γὰρ
1569 625 1813 695 φήσομεν
1858 625 1948 679 τὸν

389 708 510 763 Υἱὸν
539 711 661 763 καθ’
693 711 722 764 ὃ
752 714 846 765 καὶ
870 716 1071 767 νοεῖται
1104 715 1197 769 καὶ
1236 714 1351 769 ἔστι
1382 716 1513 779 Θεός
1531 733 1543 746 ’
1573 718 1695 770 ὅσον
1729 717 1785 771 δὲ
1816 712 1948 788 ἧκεν

382 800 461 864 εἰς
501 800 789 872 ἀνθρώπου
818 803 1002 872 φύσιν,
1040 805 1227 875 ἐπειδὴ
1266 807 1359 860 καὶ
1389 805 1611 874 γέγονεν
1644 806 1947 877 ἄνθρωπος,

381 889 776 963 ψευδομυθήσει
816 894 1063 966 οὐδαμῶς
1109 897 1238 949 ὅταν
1278 896 1409 967 λέγῃ
1450 898 1545 951 καὶ
1594 898 1668 970 μὴ
1718 898 1944 952 εἰδέναι·

381 982 471 1035 καὶ
501 983 619 1052 οὐχὶ
645 986 756 1048 τοῖς
781 988 880 1054 τῆς
900 986 1151 1057 θεότητος
1180 987 1451 1058 ἀξιώμασι
1471 988 1532 1042 τὸ
1564 989 1755 1059 χρῆμα
1781 1007 1949 1059 προσ-

379 1073 609 1144 ἀψομεν,
654 1076 790 1129 ἀλλά
830 1080 895 1148 τῇ
945 1077 1038 1131 τοῦ
1084 1079 1270 1133 δούλου
1308 1084 1510 1152 μορφῇ,
1564 1081 1658 1134 καὶ
1710 1083 1775 1152 τῇ
1826 1081 1947 1135 καθ’

379 1165 525 1235 ἡμᾶς
588 1167 849 1238 πτωχείᾳ.
897 1169 1214 1241 Περιτίθησι
1261 1172 1339 1243 τῷ
1380 1172 1500 1243 Θεῷ
1541 1172 1699 1243 Λόγῳ
1739 1174 1806 1225 τὰ
1851 1175 1948 1226 ἀν-

378 1254 659 1325 θρώπινα·
692 1258 882 1325 γέγονε
929 1259 1038 1329 γὰρ
1078 1262 1179 1315 οὐκ
1219 1264 1278 1315 ὲν
1322 1262 1592 1334 ἀνθρώπῳ
1626 1265 1754 1329 τινὶ,
1803 1264 1949 1318 κατὰ

377 1348 476 1416 τήν
504 1364 663 1400 τινων
685 1348 961 1415 ἀδουλίαν,
991 1352 1107 1405 ἀλλ’
1129 1354 1290 1419 αὐτὸς
1318 1357 1438 1410 κατ’
1461 1354 1718 1426 ἀλήθειαν
1738 1355 1949 1426 ἀνθρω-

379 1455 500 1502 πος,
534 1438 672 1508 μετά
701 1439 794 1493 τοῦ
823 1436 967 1496 εἷναι
990 1445 1085 1497 καὶ
1112 1444 1273 1513 φύσει
1300 1448 1452 1512 Θεός.

453 1532 592 1585 Τότε
614 1531 724 1587 δύο
750 1532 995 1590 ἔσονται
1031 1537 1103 1590 ἐν
1123 1536 1204 1603 τῷ
1233 1539 1393 1610 ἀτρῷ
1411 1555 1424 1569 ·
1461 1543 1493 1596 ό
1520 1534 1608 1608 εἷς
1638 1543 1948 1610 παραλαμ-

378 1618 639 1687 ϐάνεται,
675 1622 773 1676 καί
804 1626 837 1678 ό
865 1621 953 1692 εἷς
980 1626 1237 1695 ἀφίεται.

453 1714 594 1783 Ὅρα
635 1715 716 1768 ὅτι
757 1717 837 1780 εἰς
885 1717 981 1771 δύο
1015 1720 1275 1790 τάγματα
1320 1723 1519 1795 διαιρεῖ
1548 1726 1577 1777 6
1611 1724 1769 1796 λόγος
1820 1727 1946 1790 τοὺς

376 1804 721 1875 ἀνθρώπους,
749 1808 831 1873 ετς
855 1826 917 1863 τε
956 1810 1066 1865 τῶν
1101 1812 1420 1884 σωζομένων
1453 1818 1547 1869 καὶ
1578 1816 1686 1870 τῶν
1715 1818 1945 1872 ἀπολλυ-

380 1874 579 1967 μένων.
603 1899 715 1951 Καὶ
743 1900 871 1964 τοὺς
895 1901 995 1967 μὲν
1037 1874 1377 1974 σωζομένους
1404 1905 1553 1975 λέγει
1577 1909 1944 1979 Μραλαμδά-
1976 1874 2016 1929 Β

376 1987 585 2054 νεσθαι,
611 1990 739 2054 τοὺς
766 1991 825 2045 δὲ
852 1992 1259 2062 ἀπολλυμένους
1297 1997 1575 2066 ἀφίεσθαι,
1609 2000 1779 2069 ἤγουν
1807 2002 1948 2055 ἀπο-

373 2075 787 2149 δοκιμάζεσθαι.
840 2083 1036 2155 Ἀγρὸν
1066 2085 1124 2139 δὲ
1175 2088 1396 2159 νοητέον
1436 2082 1539 2144 ὧδε
1573 2091 1665 2144 τὸν
1704 2092 1941 2163 κόσμον·

374 2167 506 2223 ἔνθα
553 2173 582 2224 6
626 2172 727 2243 μὲν
782 2174 864 2238 είς
894 2175 957 2228 τὸ
1002 2176 1221 2247 πνεῦμα
1272 2180 1513 2251 σπείρων
1551 2183 1755 2254 θερίζει
1801 2186 1946 2257 ζωὴν

373 2260 592 2349 αἰώνιον
613 2278 626 2291 '
654 2266 683 2317 6
723 2264 780 2318 δὲ
807 2267 889 2329 είς
924 2267 1024 2337 τὴν
1048 2268 1246 2339 σάρκα,
1280 2270 1505 2343 φθοράν.
1558 2275 1690 2340 Ταῖς
1719 2276 1777 2331 δὲ
1811 2278 1947 2349 ἀλη-

374 2348 599 2415 θοὺσαις
641 2356 967 2425 παρεικάζει
1010 2360 1135 2426 τοὺς
1164 2360 1537 2432 διδασκάλους,
1572 2366 1768 2433 οἵτινες
1816 2348 1947 2442 τρο-

373 2459 475 2496 πον
502 2448 623 2498 τινά
649 2446 1111 2514 ἀπολεπτύνοντες
1139 2450 1237 2517 τὰς
1271 2456 1549 2524 γραφικάς
1581 2458 1812 2526 ἑννοίας,
1852 2461 1945 2515 εὑ-

373 2535 690 2605 παράδεκτα
737 2538 832 2593 καὶ
868 2541 1101 2613 εὐνόητα
1136 2546 1249 2608 τοῖς
1276 2544 1586 2617 ἀνθρώποις
1617 2548 1686 2603 τά
1715 2549 1833 2604 θεῖα
1858 2552 1947 2606 λό-

372 2640 469 2692 για
500 2628 873 2697 προστιθέασι.
904 2630 1015 2685 Καὶ
1039 2632 1148 2703 γὰρ
1170 2633 1334 2703 νόμος
1356 2635 1592 2690 κελεύων
1624 2638 1698 2709 μὴ
1730 2637 1941 2711 λαμϐά-

370 2716 676 2783 νεσθαι.εῐς
716 2721 970 2791 ἐνέχυρον
1002 2723 1189 2793 μύλον,
1227 2725 1261 2797 ἢ
1296 2726 1607 2797 ἐπιμύλιον,
1641 2730 1727 2782 ἵνα
1772 2731 1847 2803 μὴ
1875 2733 1947 2788 τά

370 2810 473 2879 τῆς
500 2811 709 2882 τροφῆς
746 2814 1005 2884 ἐργαλεῖα
1050 2814 1231 2870 λαϐών
1268 2835 1352 2882 τις
1381 2820 1646 2893 ὲμποδίσῃ
1675 2826 1787 2888 τοῖς
1821 2842 1947 2897 τρε-

369 2901 629 2971 φομένοις
665 2904 733 2957 δι’
767 2905 967 2974 αὐτῶν,
1002 2909 1413 2980 αἰνιγματωδῶς
1441 2912 1568 2977 τοὺς
1595 2913 1945 2982 διδασκάλους

372 2995 760 3066 ὑποσημαίνει.

439 3088 551 3143 Kal
578 3089 965 3160 διχοτομήσει
992 3094 1200 3149 αὐτόν.

2053 626 2376 697 cogitantes,
2428 628 2571 682 scire
2626 628 2863 685 dicemus
2918 630 3112 687 Fili-
3158 647 3440 704 ᾳιω
3481 640 3625 696 Dens

2048 731 2168 772 esse
2193 718 2510 789 intelligitur
2540 727 2595 774 et
2623 728 2705 774 est
2740 733 2757 773 :
2795 731 3060 790 quatenus
3090 735 3273 780 autem
3318 728 3384 780 ad
3434 729 3623 783 huma-

2049 825 2172 862 nam
2202 819 2446 864 naturam
2503 810 2753 876 accessit,
2792 825 2887 866 seu
2938 813 3096 869 homo
3130 815 3448 883 factus-est,
3479 818 3620 873 haud

2050 896 2183 952 falso
2210 898 2351 969 loqui
2388 897 2658 953 videbitur
2684 914 2805 953 cum
2841 900 2917 953 ait
2943 916 3002 955 se
3032 903 3263 957 nescire.
3315 902 3468 960 llattc
3494 920 3623 961 vero

2050 1005 2161 1045 rem
2187 991 2325 1045 haud
2354 992 2652 1047 divinitatis
2682 994 3053 1065 praerogativis
3073 998 3502 1062 accensebimus,
3526 1001 3620 1055 sed

2047 1082 2188 1137 servi
2223 1082 2408 1137 forma:
2452 1098 2515 1138 ac
2544 1095 2743 1139 nostra:
2772 1086 3097 1154 paupertati.
3133 1086 3285 1143 Nunc
3307 1087 3416 1144 lieo
3441 1089 3620 1147 Verbo

2051 1173 2280 1227 humana
2339 1174 2582 1229 attrihuit
2618 1192 2632 1229 :
2671 1175 2812 1243 quod
2872 1178 3083 1245 quidem
3136 1195 3244 1233 non
3298 1181 3349 1235 in
3401 1182 3616 1238 homine

2046 1267 2250 1334 aliquo,
2281 1268 2575 1322 secundum
2606 1269 2984 1324 nonnullorum
3021 1271 3245 1326 stultam
3269 1276 3617 1341 sententiam,

2049 1366 2315 1415 versatum
2348 1368 2469 1421 est,
2504 1361 2598 1415 sed
2643 1377 2803 1416 verus
2848 1362 2990 1417 idem
3023 1364 3185 1419 homo
3228 1367 3455 1433 exstitit,
3488 1367 3619 1424 dum

2046 1449 2204 1504 simul
2230 1460 2284 1505 et
2311 1458 2501 1520 suapte
2532 1463 2721 1506 natura
2745 1464 2891 1508 esset
2932 1456 3095 1511 Deus.

2118 1539 2308 1603 XXIV,
2339 1541 2430 1596 40.
2468 1540 2611 1595 Tum:
2634 1544 2741 1597 duo
2765 1553 2917 1598 erunt
2944 1545 2999 1599 in
3031 1563 3159 1614 agro
3180 1562 3199 1600 :
3226 1563 3362 1602 unus
3384 1565 3618 1604 assume-

2046 1641 2136 1686 ειη·
2168 1642 2215 1687 el
2245 1649 2381 1686 unus
2405 1633 2752 1704 relinquetur.

2116 1723 2353 1778 Attende
2386 1724 2530 1792 quod
2555 1725 2608 1779 in
2641 1728 2777 1781 duos
2806 1727 3027 1784 ordines
3051 1729 3296 1785 homines
3330 1732 3418 1788 hic
3440 1749 3618 1788 sermo

2047 1816 2373 1886 distinguat,
2406 1817 2458 1871 in
2491 1831 2585 1872 eos
2618 1818 2709 1887 qui
2752 1820 3003 1873 servandi
3047 1831 3192 1885 sunt,
3227 1834 3281 1877 et
3320 1824 3371 1877 in
3402 1841 3495 1880 eos
3523 1828 3613 1894 qui

2046 1909 2293 1978 perituri.
2333 1910 2413 1965 Ac
2457 1925 2552 1965 eos
2583 1911 2801 1981 quidem
2846 1913 2936 1981 qui
2987 1915 3240 1969 servandi
3288 1925 3434 1982 sunt,
3464 1933 3617 1972 assu-

2047 2002 2268 2056 mendos
2293 2002 2464 2067 dicit;
2499 2018 2595 2057 eos
2626 2017 2754 2056 vero
2790 2004 2881 2073 qui
2922 2005 3173 2075 perituri,
3208 2008 3613 2076 relinquendos,

2048 2092 2100 2147 id
2143 2101 2227 2147 est
2287 2094 2669 2163 reprobandos.
2750 2093 2894 2162 Ager
2966 2104 3147 2150 autem
3195 2098 3616 2168 intelligendus

2047 2192 2132 2237 est
2165 2183 2253 2237 hic
2282 2184 2535 2248 mundus,
2560 2184 2673 2255 86
2696 2185 2783 2238 ubi
2809 2184 2946 2240 alius
2975 2185 3190 2254 quidem
3217 2188 3306 2256 qui
3339 2188 3391 2241 itt
3420 2191 3613 2257 spiritu

2046 2276 2300 2343 seminat,
2344 2278 2499 2330 metit
2529 2276 2693 2331 vitam
2741 2287 3002 2331 aeternam
3034 2293 3049 2331 :
3079 2279 3220 2334 alius
3263 2295 3391 2334 vero
3434 2284 3522 2350 qui
3560 2284 3612 2337 is

2045 2381 2233 2430 carne,
2273 2368 2699 2437 corruptionem.
2741 2367 3071 2426 Moleutibus
3112 2381 3292 2425 autem
3331 2375 3617 2443 magistros

2047 2458 2328 2525 assimilat,
2360 2459 2451 2528 qui
2474 2460 2708 2528 quodam
2735 2461 2897 2514 modo
2923 2462 3260 2519 excutientes
3305 2467 3607 2533 scriptura.

2046 2546 2128 2603 les
2177 2549 2584 2619 intelligentias,
2634 2561 2861 2620 acceptu
2918 2551 3095 2607 facilia
3145 2570 3209 2610 ac
3257 2555 3614 2626 intelligibiliz

2044 2650 2351 2712 proponunt
2398 2642 2703 2697 hominibus
2751 2643 2931 2698 divina
2976 2655 3264 2714 prmcepta.
3313 2644 3423 2699 Lex
3467 2646 3611 2700 enim

2041 2731 2237 2801 jnbens
2268 2747 2378 2786 non
2407 2733 2658 2803 accipere
2698 2733 2895 2788 molam
2929 2736 2979 2789 itt
3013 2739 3226 2805 pignus,
3254 2746 3347 2790 aut
3375 2738 3520 2792 aliud
3543 2737 3613 2791 ad

2045 2823 2239 2878 molam
2264 2825 2562 2894 pertinens,
2595 2840 2662 2881 ne
2688 2827 2809 2896 quis
2833 2827 3077 2882 alimenti
3125 2829 3484 2884 instrumenta
3522 2847 3613 2883 au-

2044 2913 2245 2976 ferens.
2270 2914 2504 2971 offendat
2538 2931 2633 2972 eos
2666 2918 2758 2987 qui
2811 2918 2880 2973 iis
2903 2919 3239 2986 nutriuntur,
3271 2921 3613 2991 arnigmatico

2045 3007 2334 3074 magistros
2365 3007 2625 3066 insinuat.

2114 3094 2306 3163 XXIV,
2336 3096 2427 3152 51.
2468 3097 2535 3152 Et
2571 3099 2766 3154 dividet
2797 3116 2935 3155 eum.

438 3180 506 3233 Τί
535 3181 591 3233 δέ
621 3183 738 3236 ἐστι
774 3184 835 3237 τὸ
890 3184 1331 3258 διχοτομηθῆναι,
1377 3189 1745 3262 ἐξετάσωμεν.
1771 3193 1941 3247 Ὅταν

2116 3188 2382 3255 Quidnam
2437 3200 2614 3270 autem
2679 3192 2808 3247 illud
2858 3192 3026 3248 dividi
3079 3195 3192 3257 sit,
3251 3193 3606 3264 inquiratnus.

368 3275 591 3341 γέγονεν
619 3275 678 3328 ὲν
717 3277 915 3347 ἀρχαῖς
940 3281 967 3332 6
996 3278 1187 3350 Ἀδὰμ,
1223 3280 1285 3335 τὸ
1318 3281 1701 3338 ὲντελέστατον
1744 3287 1942 3350 κάλλος

367 3363 741 3438 ἀποδιδοῦςτῇ
772 3367 930 3435 φύσει
969 3371 998 3423 6
1028 3369 1181 3436 Θεὸς,
1218 3371 1442 3444 μέτοχον
1484 3375 1649 3430 αὐτὸν
1687 3377 1942 3431 ἀποτελεῖ

366 3454 465 3508 τοῦ
496 3456 629 3510 ἰδίου
659 3458 989 3529 πνεύματος.
1020 3482 1039 3514 ι
1069 3463 1400 3537 Ἑνεφύσησε
1429 3467 1539 3538 γὰρ
1577 3469 1658 3532 είς
1685 3468 1747 3523 τὸ
1775 3471 1942 3542 πρόσ-

368 3564 518 3601 ωπον
544 3550 711 3603 αὐτοῦ
738 3551 906 3623 πνοὴν
939 3554 1106 3624 ζωῆς.
1137 3574 1156 3607 ι
1203 3557 1277 3609 Τὸ
1312 3558 1424 3628 γὰρ
1456 3558 1673 3631 ἀληθῶς
1704 3560 1941 3625 ζωοποι-

367 3636 463 3690 οῦν
492 3639 554 3691 τὸ
593 3641 813 3712 πνεῦμά
862 3645 977 3698 ἐστι
1020 3645 1111 3715 τῆς
1166 3645 1347 3718 ζωῆς,
1384 3651 1628 3705 τουτέστι
1677 3653 1937 3724 Χριστοῦ.

380 3729 600 3804 Ἐπειδὴ
642 3734 702 3787 δὲ
744 3736 1086 3807 παρώλισθεν
1138 3739 1198 3805 ἐξ
1252 3742 1471 3812 ἀπάτης
1506 3744 1587 3807 είς
1643 3746 1937 3819 ἁμαρτίαν,

368 3822 749 3896 ἀπενοσφίσθη
781 3827 844 3880 τδ
878 3828 1126 3899 πνεῦμα’
1160 3832 1546 3905 εὐδοκήσαντος
1581 3833 1637 3887 δὲ
1664 3835 1760 3889 τοῦ
1801 3837 1936 3891 Θεοῦ

367 3914 463 3966 καὶ
506 3916 721 3989 Πατρὸς
766 3919 1357 3990 ἀνακεφαλαιώσασθαι
1405 3926 1473 3980 τά
1523 3926 1700 3980 πάντα
1744 3929 1803 3982 ὲν
1859 3929 1939 4000 τῷ

365 4006 609 4079 Χριστῷ,
639 4011 733 4063 καὶ
767 4012 847 4075 εἰς
872 4013 933 4066 τὸ
974 4015 1201 4085 ἀρχαῖον
1230 4017 1560 4089 ἀνακομίσαι
1602 4019 1797 4084 κάλλος
1826 4022 1927 4093 τὴν

364 4094 477 4148 τῶν
500 4096 805 4168 ἀνθρώπων
846 4101 1040 4171 φύσιν·
1069 4106 1419 4178 ἁπελάὸομεν
1450 4108 1537 4162 διὰ
1565 4111 1665 4181 τῆς
1688 4109 1934 4179 χάριτος,

362 4184 503 4256 ὅπερ
526 4187 561 4258 ἡ
582 4187 685 4258 τῆς
711 4189 986 4262 ἁμαρτίας
1011 4197 1384 4269 παρεισδρομὴ
1412 4200 1561 4269 ἡμᾶς
1591 4199 1896 4271 ἐζημίωσεν
1918 4217 1933 4232 ·

362 4276 665 4351 ἐνεφύσησε
705 4281 815 4354 γάρ
843 4285 873 4337 6
897 4285 1134 4356 Χριστὸς
1162 4289 1293 4359 ἡμῖν
1325 4290 1461 4361 μετὰ
1484 4292 1586 4363 τὴν
1612 4292 1931 4360 ἀνάστασιν,

364 4370 457 4422 καὶ
488 4371 569 4435 είς
598 4371 660 4424 τὸ
689 4374 918 4445 ἀρχαῖον
946 4377 1095 4447 ἡμᾶς
1120 4379 1484 4445 ἀνακαινίζων
1524 4383 1720 4449 κάλλος
1738 4424 1755 4451 ,
1782 4403 1801 4437 ι
1825 4386 1935 4439 Λά-

361 4459 525 4527 ϐετε,
574 4463 741 4535 φησὶ,
794 4466 1022 4539 Πνεῦμα
1067 4470 1242 4539 ἆγιον.
1282 4490 1302 4525 ι
1355 4474 1600 4530 Ἐνοῦται
1646 4477 1935 4549 τοιγαροῦν

2041 3280 2174 3336 Cum
2229 3281 2493 3351 principio
2543 3268 2824 3341 crearetur
2852 3288 3046 3352 Adam,
3079 3285 3525 3356 perfectissimam
3557 3287 3609 3341 ei

2041 3385 2246 3431 natura:
2286 3378 2741 3449 pulchritudinem
2781 3379 2923 3433 Deus
2956 3380 3162 3442 tribuit,
3193 3379 3507 3451 participem
3548 3380 3610 3433 ii.

2040 3465 2148 3519 lum
2181 3467 2263 3522 sui
2305 3470 2527 3537 spiritus
2555 3469 2809 3525 reddens.
2866 3487 2887 3523 ι
2916 3468 3208 3539 Inspiravit
3249 3471 3396 3526 enim
3442 3472 3495 3524 in
3526 3470 3608 3524 fa-

2039 3557 2179 3611 ciem
2203 3558 2319 3628 ejus
2351 3560 2682 3630 spiraculum
2714 3560 2839 3615 vita;
2861 3560 2929 3615 “.
2960 3580 2979 3613 ι
3013 3559 3153 3615 Vere
3181 3561 3325 3616 enim
3358 3561 3607 3616 vivifictts

2040 3649 2263 3719 spiritus
2290 3651 2414 3706 vita:
2442 3661 2548 3718 est,
2587 3651 2639 3706 id
2662 3660 2765 3715 est,
2798 3650 3026 3707 Christi.
3058 3651 3194 3708 Cum
3228 3659 3409 3708 autem
3444 3667 3607 3708 exor-

2039 3742 2234 3797 hitavit
2262 3756 2357 3812 per
2403 3745 2775 3814 deceptionem
2823 3747 2877 3800 in
2912 3757 3218 3815 peccatum,
3260 3748 3485 3817 spiritus
3517 3748 3608 3802 de-

2039 3831 2318 3886 fraudatus
2343 3840 2469 3898 est;
2524 3833 2923 3901 beneplacitum
2955 3843 3137 3887 autem
3186 3833 3281 3887 Dei
3326 3848 3391 3887 ac
3433 3832 3626 3887 Patris

2039 3921 2159 3989 fuit,
2205 3923 2518 3977 summatim
2549 3924 2731 3977 omnia
2780 3925 3052 3979 recenseri
3088 3924 3139 3978 in
3175 3924 3415 3990 Christo,
3447 3933 3502 3978 et
3540 3927 3608 3978 ad

2036 4015 2313 4083 antiquam
2343 4014 2799 4084 pulchritudinem
2846 4027 3094 4070 naturam
3127 4016 3403 4072 hominum
3450 4015 3608 4071 redu-

2036 4106 2105 4160 ci.
2164 4105 2269 4161 Per
2310 4107 2536 4176 gratiam
2581 4108 2761 4177 itaque
2800 4108 3137 4176 suscepimus
3200 4107 3274 4174 id,
3312 4122 3420 4177 quo
3470 4121 3601 4176 pec-

2034 4198 2141 4253 cati
2173 4198 2283 4268 87
2323 4199 2576 4254 incursus
2626 4214 2724 4254 nos
2781 4198 3072 4270 spoliavit;
3120 4197 3413 4253 insuﬂlavit
3461 4198 3605 4252 cuitu

2035 4288 2283 4344 Christus
2342 4289 2498 4344 nobis
2548 4298 2669 4358 post
2711 4291 3193 4357 resurrectionem,
3243 4299 3299 4345 et
3346 4288 3413 4343 ad
3460 4288 3596 4341 anti-

2034 4394 2197 4451 quam
2238 4380 2698 4450 pulchritudinem
2755 4397 3026 4438 renovans
3076 4397 3175 4438 nos
3217 4400 3232 4437 :
3271 4401 3291 4434 ι
3321 4382 3604 4452 Accipite,

2036 4471 2230 4541 inquit,
2270 4471 2529 4543 Spiritum
2568 4483 2815 4529 sanctum
2836 4473 2921 4542 “;
2954 4493 2973 4526 ι
3018 4475 3208 4529 unitur
3237 4475 3418 4544 itaque
3451 4476 3607 4530 nobis

363 4555 496 4625 ἡμῖν
522 4555 584 4609 τὸ
614 4556 841 4629 Πνεῦμα
861 4575 876 4589 ’
897 4560 927 4612 6
950 4560 1289 4633 κολλώμενος
1310 4565 1418 4636 γὰρ
1456 4566 1602 4638 αὐτῷ
1623 4568 1682 4622 ἓν
1713 4570 1933 4642 πνεῦμά

2041 4562 2260 4632 spiritus
2290 4580 2304 4618 :
2334 4563 2426 4633 qui
2472 4563 2619 4618 enim
2675 4563 2753 4618 illi
2808 4565 3131 4634 coniunctus
3189 4575 3297 4633 est,
3339 4580 3479 4619 unus
3523 4575 3608 4618 est

360 4643 533 4697 ἐστιν.
576 4644 788 4699 Οὐκοῦν
821 4647 880 4700 ὲν
925 4652 1039 4714 τοῖς
1071 4653 1193 4705 κατ’
1241 4654 1522 4710 εὐσέσειαν
1552 4659 1931 4729 σπουδάσμασι

362 4734 882 4826 κατειλη[φ]θέντες,
905 4740 1014 4795 ἀπὸ
1037 4743 1131 4797 τοῦ
1159 4744 1345 4810 τέλους
1364 4750 1426 4801 τὺ
1450 4749 1659 4822 πλῆρες
1685 4753 1933 4826 ἀπολαμο

359 4824 621 4896 ϐάνομεν,
652 4828 729 4893 ώς
785 4831 843 4883 ὲν
882 4833 1203 4906 ἀρῤασῶνος
1244 4838 1395 4905 τάξει
1444 4842 1504 4895 τὸ
1557 4843 1781 4915 Πνεῦμα
1835 4824 1931 4902 νῦν

360 4917 594 4988 ἔχοντες.
621 4923 1106 4996 Κατηγορούμενοι
1129 4929 1187 4984 δὲ
1215 4932 1272 4984 ὲν
1292 4934 1613 5005 ἁμαρτίαις,
1642 4938 1737 4992 καὶ
1766 4940 1931 4995 αὐτὸν

362 5008 708 5082 ζημιούμεθα
741 5015 832 5069 τὸν
867 5017 1166 5090 ἀρῤαὸὦνα
1190 5022 1286 5075 τοῦ
1324 5023 1659 5095 [Ινεύματος.
1708 5028 1931 5083 Ἀποτέ-

365 5119 562 5172 μνεται
591 5105 724 5178 γάρ,
771 5110 867 5163 καὶ
904 5112 1273 5168 ἀπανίσταται
1298 5114 1489 5189 ὥσπερ
1521 5118 1665 5172 κατά
1705 5120 1797 5173 τὸν
1830 5121 1930 5192 τῆς

365 5191 597 5264 κρίσεως
627 5200 819 5270 καιρόν
838 5219 851 5232 ·
886 5202 984 5256 καὶ
1004 5204 1207 5277 ταύτην
1229 5202 1369 5262 εἷναί
1402 5226 1607 5281 φαμεν,
1645 5211 1713 5283 ἢν
1737 5191 1926 5266 ἐνθάδε

360 5286 499 5355 φησὶ
526 5287 876 5363 διχοτόμησιν
900 5312 915 5327 ο
941 5297 1001 5350 οὐ
1031 5297 1140 5371 γὰρ
1173 5295 1285 5354 οἷόν
1316 5320 1377 5355 τε
1417 5304 1515 5357 σὺν
1539 5304 1617 5375 τῷ
1644 5304 1931 5375 Πνεύματι

360 5375 582 5448 δοθῆναί
612 5397 735 5434 τινα
761 5386 840 5447 εὶς
870 5387 1115 5441 κόλασιν.

428 5470 815 5537 Χρονίζοντος
831 5474 898 5528 δὲ
917 5478 1029 5533 τοῦ
1044 5482 1328 5551 νυμφίου,
1349 5484 1695 5551 ἐνύσταξαν
1715 5486 1927 5555 πᾶσαι,

357 5559 455 5614 καί
486 5562 662 5617 ἑκὰθε
670 5564 742 5618 υδ
744 5584 834 5620 ον.

431 5644 622 5718 Ὕπνῳ
660 5653 985 5721 παρεικάζει
1032 5657 1126 5711 καὶ
1171 5662 1483 5733 νυσταγμὺν
1518 5664 1789 5720 ἀποκαλεῖ
1832 5665 1923 5723 τὸν

427 5818 469 5849 ⁸³
496 5820 632 5877 Gen.
660 5838 720 5891 ll,
752 5826 807 5893 7,
882 5827 925 5861 ⁸³
956 5826 1109 5887 Joau.
1140 5849 1230 5901 xx,
1254 5837 1342 5891 22.

2035 4656 2279 4728 spiritus.
2315 4657 2498 4728 Itaque
2549 4660 2603 4713 in
2644 4660 2861 4729 pietatis
2896 4662 3092 4716 studiis
3130 4663 3336 4717 detenti
3384 4663 3598 4717 demum

2034 4749 2420 4819 plenitudinem
2458 4751 2778 4821 accipimus,
2815 4762 3071 4823 tanquam
3113 4753 3230 4808 loco
3258 4754 3436 4808 arrha:
3475 4753 3596 4821 Spi-

2037 4842 2199 4896 ritum
2244 4857 2388 4896 nunc
2429 4842 2710 4899 habentes.
2751 4844 3007 4900 Accusati
3051 4854 3231 4900 autem
3274 4845 3327 4899 in
3375 4858 3598 4914 peccato

2035 4933 2196 4987 etiam
2224 4932 2395 5002 ipsam
2429 4934 2668 5002 Spiritus
2689 4936 2913 4991 arrham
2942 4937 3239 5007 perdimus.
3263 4936 3607 4993 Exscinditnr

2034 5022 2200 5087 enim,
2229 5033 2283 5077 et
2316 5033 2375 5077 ut
2404 5034 2646 5094 tempore
2677 5023 2868 5094 iudicii
2917 5028 3315 5083 exterminatur
3360 5043 3391 5081 ιι
3428 5027 3601 5093 nobis,

2020 5124 2200 5184 atque
2232 5114 2369 5170 hanc
2398 5131 2519 5172 esse
2546 5118 2798 5183 dicimus,
2823 5120 2891 5175 de
2927 5136 3032 5190 qua
3077 5122 3166 5177 hic
3205 5120 3339 5189 agit,
3383 5122 3605 5176 divisio-

2038 5220 2195 5271 nem;
2247 5221 2350 5260 uou
2407 5208 2551 5263 enim
2597 5225 2721 5266 cum
2771 5211 2975 5283 Spiritu
3020 5214 3158 5268 tradi
3210 5228 3499 5283 possumus
3547 5215 3600 5269 itt

2035 5296 2375 5366 supplicium.

2102 5481 2270 5548 XXV,
2301 5484 2356 5540 5.
2398 5485 2605 5541 Moram
2636 5498 2813 5543 autem
2845 5489 3070 5560 faciente
3097 5506 3307 5559 sponso,
3340 5491 3599 5547 dormitu-

2016 5586 2207 5631 reruut
2242 5593 2438 5643 omnes,
2469 5590 2518 5633 et
2548 5580 2898 5636 dormierunt.

2014 5704 2021 5713 ι
2098 5666 2300 5723 Somno
2337 5680 2614 5740 comparat
2643 5680 2698 5729 et
2729 5672 3169 5733 dormitationetn
3213 5688 3370 5733 vocat
3403 5693 3593 5748 corpo-
