4134 6374
534 384 641 446 HT

1563 395 1622 450 S.
1666 392 1941 451 CYRILLI
1981 395 2448 453 ALEXANDRINI
2486 397 2803 454 ARCHIEP.

3670 400 3779 457 “8

538 516 685 556 ream
746 512 972 560 mortem
1016 523 1031 560 :
1080 522 1199 576 quae
1254 524 1319 587 ex
1372 514 1696 568 necessitate
1748 516 2099 583 prudentibus

2206 513 2304 582 τῆς
2333 515 2532 583 σαρκὸς
2566 514 2827 567 θάνατον’
2859 511 2919 577 ὃς
2951 513 3009 579 ἐξ
3039 511 3285 582 ἀνάγκης
3321 511 3605 584 συμϐαίνει
3634 529 3769 583 φρο-

540 594 685 662 iuxta
712 594 1002 666 stultisque
1026 598 1311 669 contingit.
1335 601 1411 657 Ac
1438 603 1703 658 malorum
1726 606 1940 674 quidem
1968 605 2101 659 nihil

538 700 722 738 secum
756 686 1041 743 ferentium
1074 690 1263 761 incipit
1289 693 1580 750 dormitare
1629 696 1828 762 anima,
1865 706 1919 750 et
1947 697 2101 765 quasi

537 775 830 846 exstingui,
867 789 1027 849 atque
1068 782 1119 836 in
1157 785 1446 839 amentiam
1489 785 1681 850 abire;
1726 796 1958 856 tuncque
1986 788 2103 841 exi-

539 866 764 922 stimare
814 883 933 926 sese
963 874 1332 943 suppleturam
1370 877 1647 947 proprium
1676 877 1779 932 olei
1830 878 2098 933 delectum

538 959 686 1012 velut
722 972 907 1016 mutuo
936 968 1196 1021 sumenda
1226 968 1426 1024 virtute
1455 969 1703 1023 aliorum.
1741 970 2099 1037 Quamobrem

538 1049 593 1101 bi
630 1051 847 1116 quidem
876 1057 1254 1125 reprobantur,
1288 1063 1641 1118 renuentibus
1691 1074 1933 1118 mutuum
1973 1064 2101 1118 dare

537 1140 715 1194 oleum
749 1145 1129 1214 prudentibus,
1178 1160 1233 1203 et
1264 1149 1570 1207 dicentibus
1600 1171 1613 1208 :
1642 1171 1661 1203 ι
1692 1153 1771 1208 Ne
1813 1153 1955 1207 forte
1995 1167 2101 1208 non

537 1227 766 1283 sulliciat
825 1233 978 1288 nobis
1032 1248 1086 1288 et
1129 1237 1302 1292 vobis.
1338 1257 1357 1290 ι
1414 1239 1516 1293 Vix
1564 1241 1709 1295 enim
1759 1242 1827 1296 ad
1873 1242 2100 1296 salutem

537 1320 731 1375 animae
780 1337 877 1375 sua
930 1326 1215 1397 unicuique
1263 1328 1491 1384 sulliciet
1547 1331 1751 1396 virtus,
1812 1340 2101 1399 propterea

535 1414 679 1478 quod
718 1414 799 1467 vel
828 1416 859 1468 ii
891 1417 1052 1470 etiam
1085 1402 1175 1486 qui
1210 1421 1362 1474 valde
1394 1423 1566 1476 sancti
1614 1432 1761 1486 sunt,
1793 1423 1989 1491 saepius
2015 1421 2100 1476 of-

2206 607 2384 677 νίμοις
2405 624 2466 659 τε
2494 606 2585 660 καὶ
2613 606 2897 668 ἀσυνέτοις
2916 620 2931 636 ⁸
2953 605 3062 657 τῶν
3088 604 3196 676 γὰρ
3219 604 3436 674 φαύλων
3461 605 3626 676 μηδὲν
3652 607 3772 657 ὲπι-

2206 698 2522 767 φερομένων
2578 695 2805 767 ἄρχεται
2837 694 3187 765 νυστάζεινή
3234 692 3416 762 ψυχὴ,
3464 692 3559 746 καὶ
3612 693 3772 745 οἱονεὶ

2207 785 2708 851 κατασϐέννυσθαι,
2746 786 2841 839 καὶ
2875 788 2955 848 είς
2983 785 3409 857 παραφροσύνην
3428 786 3646 854 χωρεῖν,
3681 784 3773 836 καὶ

2208 878 2456 948 οἰηθῆναι
2488 878 2667 931 ἔλαιον
2705 876 2890 931 λαϐεῖν
2938 876 3027 930 διὰ
3066 878 3166 945 τῆς
3195 877 3395 947 ἐτέρων
3427 876 3650 945 ἀρετῆς.
3681 874 3773 926 Διὸ

2207 968 2734 1039 ἀποδοκιμάζονται,
2769 967 3032 1034 λεγόντων
3066 967 3321 1022 ἐκείνωνο
3366 986 3384 1019 ι
3408 968 3633 1036 Μήποτε
3674 968 3776 1035 ἀρα

2209 1060 2345 1129 κέσῃ
2389 1061 2521 1130 ἡμῖν
2550 1076 2611 1112 τε
2653 1059 2745 1111 καὶ
2790 1059 2940 1128 ὑμῖν.
2977 1077 2996 1110 ι
3027 1057 3197 1119 Μόλις
3225 1057 3334 1127 γὰρ
3373 1057 3595 1127 ἀρκέσει
3637 1055 3772 1125 πρὸς

2209 1148 2489 1217 σωτηρίαν
2511 1148 2691 1220 ψυχῆς
2730 1150 2764 1220 η
2819 1148 3053 1202 ἑκάστου
3095 1149 3264 1220 ἀρετή
3292 1165 3305 1177 ·
3355 1148 3445 1201 διὰ
3495 1148 3556 1199 τὸ
3604 1145 3778 1198 πολλά

2206 1240 2422 1294 πταίειν
2447 1240 2542 1293 καὶ
2572 1242 2699 1303 τοὺς
2723 1239 2863 1307 ἄγαν
2884 1240 3167 1302 ἐπιεικεῖς.
3192 1242 3254 1293 Οί
3274 1240 3334 1293 δὲ
3372 1237 3678 1300 πωλοῦντες
3710 1237 3773 1290 τὸ

2206 1332 2388 1386 ἔλαιον
2414 1332 2522 1384 sict
2574 1331 2874 1401 προφῆται,
2901 1330 3209 1393 ἀπόστολοι,
3262 1327 3645 1396 εὐαγγελισταί
3666 1345 3678 1358 ·
3714 1326 3781 1391 ἐξ

2206 1416 2282 1477 ὧν
2306 1440 2389 1485 τις
2426 1421 2685 1492 μανθάνει
2716 1419 2811 1489 τὴν
2837 1418 3037 1489 ἀρετὴν
3067 1419 3420 1490 ἐργάζεσθαι.

536 1502 776 1558 tendant.
828 1504 996 1560 Porro
1048 1509 1138 1576 qui
1203 1512 1445 1565 vendunt
1490 1512 1689 1579 oleum,
1756 1513 1871 1583 88
1924 1522 2051 1568 sunt
2120 1514 2415 1583 prophetae,
2473 1511 2724 1581 apostoli,
2772 1510 3140 1580 evangelista,
3195 1524 3263 1565 ex
3309 1509 3505 1579 quibus
3555 1508 3775 1564 cuilibet

540 1595 759 1651 discere
796 1609 1100 1669 promptum
1147 1605 1414 1671 quomodo
1452 1605 1524 1660 sit
1570 1606 1743 1661 virtus
1776 1606 2104 1660 exercenda.

610 1686 741 1739 Cum
772 1686 1071 1758 Scriptum
1111 1706 1228 1746 mos
1266 1694 1337 1746 sit
1360 1694 1527 1747 vitam
1566 1703 1730 1749 totam
1775 1696 1828 1750 in
1864 1697 2102 1764 quinque

2292 1692 2510 1763 Ἐπειδὴ
2542 1690 2631 1745 τὸν
2662 1691 2877 1745 ἅπαντα
2906 1691 3019 1760 βίον
3046 1688 3166 1753 ἔθος
3189 1693 3256 1761 τῇ
3282 1690 3469 1760 Γραφῇ
3504 1689 3585 1751 εἰς
3612 1689 3779 1741 πέντε

445 1807 447 1811 ι
536 1784 779 1845 tempora
823 1781 1083 1845 dividere,
1131 1784 1419 1852 unicuique
1445 1787 1673 1856 tempori
1707 1797 1925 1843 sanctas
1974 1788 2102 1842 stul-

2206 1784 2455 1855 διαιρεῖν,
2491 1783 2707 1848 ἑκάστῳ
2732 1782 2908 1853 καιρῷ
2929 1782 3192 1851 ἀπονέμει
3221 1780 3317 1833 καὶ
3337 1780 3512 1842 ὁσίας,
3534 1780 3627 1832 καὶ
3658 1797 3772 1849 μωο

537 1875 727 1935 tasque
778 1871 985 1925 animas
1031 1874 1298 1941 assignat,
1355 1877 1406 1928 in
1457 1891 1565 1946 quo
1619 1892 1808 1934 omnes
1854 1879 2102 1934 exierunt

2212 1875 2313 1947 ρὰς
2330 1876 2508 1945 ψυχάς
2532 1888 2548 1903 '
2570 1877 2629 1927 ὲν
2650 1868 2693 1942 ᾧ
2715 1874 2771 1927 δὲ
2795 1876 2965 1927 πᾶσαι
2989 1873 3211 1943 ἐξῆλθον
3238 1873 3333 1925 σὺν
3358 1873 3476 1934 ταῖς
3504 1870 3780 1942 λαμπάσι,

534 1969 657 2006 cum
701 1955 1037 2025 lampadibus
1075 1970 1177 2014 :ut
1216 1965 1467 2019 ostendat
1517 1969 1757 2022 omnium
1813 1969 2024 2023 animas
2072 1986 2102 2024 a

2208 1966 2481 2020 δείκνυσιν
2512 1966 2595 2019 ὅτι
2644 1967 2816 2018 πᾶσαι
2850 1967 2905 2019 αί
2940 1964 3113 2034 ψυχαὶ
3150 1962 3635 2031 κατεφωτίσθησαν
3668 1963 3782 2016 ὑπὸ

536 2045 649 2097 Deo
707 2046 872 2102 fuisse
926 2049 1295 2117 illuminatas,
1341 2057 1569 2110 naturali
1613 2058 1921 2129 scriptaque
1964 2060 2100 2130 lege.

539 2136 767 2200 Quidam
807 2148 983 2194 tamen
1032 2142 1124 2197 Dei
1178 2143 1373 2211 lucem,
1425 2148 1668 2203 modeste
1709 2150 1942 2206 vivendo
1992 2166 2101 2206 non

536 2227 912 2295 admiserunt;
944 2232 1161 2300 quidam
1198 2248 1329 2291 vero
1365 2236 1521 2291 bonis
1547 2240 1805 2306 operibus
1832 2241 2104 2296 illumina-

539 2320 705 2372 tivam
750 2320 843 2374 Dei
902 2324 1132 2391 gratiam
1182 2327 1284 2381 sibi
1334 2343 1650 2385 concessam
1699 2333 1974 2386 cumulate
2024 2349 2104 2388 re-

536 2406 912 2473 Splendescere
942 2412 1164 2482 faciunt,
1192 2431 1255 2471 ac
1282 2432 1403 2474 sese
1435 2420 1602 2474 etiam
1625 2422 1835 2490 juvant,
1860 2423 2104 2494 aliosque

538 2500 605 2550 ad
647 2498 737 2554 Dei
782 2502 1027 2569 gloriam.
1078 2505 1267 2563 Oleum
1320 2520 1502 2567 autem
1545 2513 1950 2585 intelligendum
1997 2525 2100 2583 est,

538 2587 676 2641 bona
719 2592 922 2646 amoris
951 2598 1216 2662 operatio,
1250 2614 1356 2668 qua
1408 2617 1513 2657 non
1544 2608 1859 2670 exsistente,
1902 2607 1969 2660 ad
2001 2608 2105 2661 im-

539 2680 829 2746 puritatem
892 2686 1083 2741 transit
1121 2688 1303 2744 lumen
1341 2688 1459 2755 Dei,
1517 2694 1658 2762 quod
1700 2694 1751 2748 in
1804 2696 1960 2749 nobis
1996 2706 2100 2750 est.

543 2768 744 2825 Somno
761 2784 938 2827 autem
959 2790 1053 2830 seu
1076 2778 1443 2835 dormitationi
1468 2784 1733 2837 assimilat
1762 2786 1943 2839 carnis
1959 2800 2103 2841 mor-

544 2872 649 2916 tem
676 2879 797 2933 quaa
825 2880 891 2920 ex
918 2870 1503 2929 necessitateomnibus
1533 2874 1815 2940 incumbit,
1837 2876 2105 2947 89quos

540 2957 827 3013 resuscitat
882 2966 1196 3031 angelorum
1247 2965 1397 3030 tuba,
1458 2981 1489 3019 a
1550 2976 1723 3022 morte
1785 2970 2101 3035 exinanita,

539 3063 832 3119 omnesque
891 3055 956 3106 ad
1012 3068 1229 3109 causam
1271 3056 1554 3111 dicendam
1612 3062 2103 3130 praeparabuntur:

2206 2057 2342 2109 Θεοῦ
2374 2056 2455 2126 τῷ
2488 2056 2701 2125 φυσικῷ
2735 2056 2832 2108 καὶ
2857 2054 2934 2125 τῷ
2974 2053 3201 2125 γραπτῷ
3251 2053 3421 2123 νόμῳ,
3452 2053 3591 2124 πλήν
3631 2068 3780 2116 τινες

2206 2148 2298 2201 τὸν
2322 2150 2385 2200 ὲκ
2411 2146 2546 2200 Θεοῦ
2573 2146 2855 2216 φωτισμὸν
2883 2146 2984 2199 οὐκ
3011 2145 3297 2216 ἠνέσχοντο
3325 2144 3580 2207 ἐπιεικῶς
3605 2144 3773 2211 ζήσα-

2211 2252 2331 2288 σαι·
2366 2235 2509 2299 τινὲς
2547 2236 2604 2289 δὲ
2647 2236 2715 2289 δι’
2753 2235 2930 2306 ἔργων
2960 2234 3181 2302 ἀγαθῶν
3226 2233 3483 2287 ἐπιπλέον
3532 2232 3781 2287 ποιοῦσιν

2209 2326 2510 2397 ἐκλάμπειν
2544 2325 2640 2397 τὴν
2678 2328 2744 2378 ὲκ
2793 2325 2927 2378 Θεοῦ
2952 2324 3197 2378 δοθεῖσαν
3234 2324 3416 2387 αὐτοῖς
3440 2324 3779 2393 φωτιστικὴν

2209 2419 2391 2491 χάριν,
2417 2419 2511 2473 καὶ
2537 2417 2806 2487 ὠφελοῦσι
2844 2418 2939 2470 καὶ
2967 2416 3193 2479 ἑαυτοὺς
3223 2416 3317 2468 καὶ
3339 2414 3556 2485 ἐτέρους
3582 2415 3662 2476 είς
3692 2414 3778 2467 δό-

2209 2511 2479 2579 ξανθεοῦ.
2506 2511 2724 2564 Ἐλάιον
2746 2510 2803 2564 δὲ
2826 2510 3070 2581 νοητέον,
3097 2510 3196 2579 τὴν
3220 2507 3432 2578 ἀγαθὴν
3458 2505 3767 2577 φιλεργίαν,

2206 2596 2274 2673 ἧς
2323 2601 2396 2672 μὴ
2427 2599 2613 2671 οὔσης,
2636 2601 2728 2655 ἐπὶ
2761 2599 2823 2654 τὸ
2856 2599 3252 2670 ἀκαλλέστερον
3300 2597 3613 2668 μεταϐαίνει
3654 2597 3682 2648 ὁ
3718 2595 3779 2646 ἐν

2209 2695 2341 2765 ἡμῖν
2376 2694 2516 2759 θεῖος
2556 2693 2856 2763 φωτισμός.
2886 2691 3078 2761 Ὕπνῳ
3109 2690 3167 2744 δὲ
3199 2690 3232 2760 ἢ
3262 2688 3556 2759 νυσταγμῷ
3587 2703 3781 2757 παρει-

2209 2785 2366 2850 κάζει
2392 2784 2482 2838 τὸν
2508 2784 2604 2854 τῆς
2631 2787 2833 2854 σαρκὸς
2874 2781 3121 2844 θάνατον,
3145 2781 3204 2844 ὃς
3236 2780 3299 2844 ἐξ
3327 2779 3573 2849 ἀνάγκης
3609 2779 3779 2830 πᾶσιν

2211 2882 2441 2945 ἔπεισιν,
2464 2879 2555 2942 οὓς
2579 2880 2862 2948 ἀνίστησιν
2888 2878 2922 2947 ή
2951 2875 3059 2929 τῶν
3085 2874 3334 2943 ἀγγέλων
3364 2872 3620 2940 σάλπιγξ,
3646 2887 3777 2925 κατ-

2211 2973 2547 3045 αργηθέντος
2578 2970 2671 3024 τοῦ
2693 2968 2945 3032 θανάτου,
2982 2968 3077 3021 καὶ
3111 2966 3314 3029 πάντες
3350 2962 3671 3037 εὐτρεπίζον
3689 2980 3781 3017 ται

2211 3068 2290 3129 εἰς
2319 3063 2615 3131 ἀπολογίαν
2636 3078 2651 3095 ο
2688 3060 2848 3115 τοῦτο
2876 3060 2987 3131 γάρ
3015 3060 3131 3111 ἐστι
3161 3057 3221 3110 τὸ
3270 3054 3637 3125 διακοσμῆσαι
3684 3055 3775 3117 τὰς

545 3141 648 3194 hoc
680 3143 823 3196 enim
875 3155 956 3199 est
1004 3161 1200 3202 ornare
1241 3147 1534 3219 lampades,
1572 3167 1896 3221 unoquoque
1940 3155 2102 3209 vitam

2208 3156 2513 3227 λαμπάδας,
2559 3154 2789 3210 ἑκάστου
2838 3152 2931 3205 τὸν
2966 3150 3097 3204 ἴδιον
3147 3147 3599 3218 ἀναλογιζομένου
3640 3146 3774 3217 βίον.

540 3251 692 3288 suam
725 3247 1061 3293 recensente.
1093 3237 1465 3308 [inproborum
1495 3252 1676 3295 autem
1707 3243 1985 3298 hominum
2018 3260 2109 3315 ge-

542 3343 693 3382 mere
719 3328 908 3400 incipit
930 3331 1133 3397 anima,
1160 3342 1214 3386 et
1235 3335 1633 3403 quodammodo
1654 3335 1720 3389 ad
1745 3336 2106 3406 insipientiam

544 3432 785 3488 vergere,
829 3422 964 3475 adeo
1000 3431 1059 3475 ut
1094 3431 1286 3491 putent
1314 3436 1433 3477 sese
1462 3438 1557 3493 per
1583 3424 1821 3478 aliorum.
1852 3424 2108 3480 virtutem

546 3510 973 3565 misericordiam
1017 3516 1274 3583 consequi
1315 3530 1495 3585 posse,
1542 3516 1771 3587 ideoque
1807 3520 2108 3587 reprobano

546 3609 670 3665 tur;
726 3602 812 3655 vix
855 3604 999 3657 enim
1059 3604 1484 3677 uniuscujusque
1530 3610 1705 3664 virtus
1762 3608 1989 3665 suﬁlciet
2043 3610 2108 3665 ad

544 3691 795 3759 salutem,
834 3708 900 3748 eo
935 3697 1073 3765 quod
1126 3697 1180 3751 in
1232 3699 1412 3753 multis
1457 3700 1654 3754 cadant
1690 3700 1958 3770 nimisque
2000 3702 2110 3757 sint

547 3782 778 3837 remissi.
810 3782 1113 3842 Vendentes
1143 3797 1320 3843 autem
1344 3799 1471 3846 sunt
1493 3800 1766 3848 rectorum
1799 3796 2106 3866 dogmatum

517 3873 815 3941 'maigistri,
862 3889 959 3943 per
983 3891 1120 3945 quos
1153 3878 1348 3949 aliquis
1391 3881 1555 3936 discit
1596 3882 1882 3939 virtutem.
1916 3884 2109 3941 Emere

545 3974 747 4029 autem,
792 3967 907 4022 sive
952 3968 1134 4023 doceri
1180 3979 1389 4040 tempus
1437 3986 1540 4026 non
1586 3974 1857 4042 permisit,
1917 3990 2105 4030 eorum

542 4070 663 4123 quae
697 4058 750 4109 in
797 4059 904 4111 vita
953 4068 1074 4114 aeta
1116 4072 1242 4116 sunt
1272 4062 1475 4117 faciens
1520 4064 1945 4133 inquisitionem,
1998 4082 2105 4121 non

541 4151 677 4204 dans
703 4151 1026 4221 principium
1058 4155 1409 4223 operationis.
1438 4155 1781 4226 Operationis
1799 4159 1944 4213 enim
1974 4174 2108 4228 prte-

540 4255 666 4293 sens
698 4251 903 4310 tempus
935 4252 1036 4307 est,
1074 4243 1315 4299 futurum
1343 4254 1521 4300 autem
1562 4248 2035 4303 remunerationis.

615 4329 777 4395 XXV,
812 4333 891 4387 14.
938 4334 1084 4389 Sicut
1110 4336 1247 4390 enim
1269 4339 1421 4391 homo
1444 4352 1655 4407 peregre
1682 4338 2036 4407 proﬁciscens.

614 4418 783 4474 Homo
817 4423 1036 4491 quidem
1069 4426 1458 4495 paterfamilias
1485 4427 1643 4496 hujus
1671 4430 1909 4484 universi
1936 4427 2104 4484 Crea-

2211 3245 2331 3299 Τῶν
2364 3246 2421 3298 δὲ
2477 3244 2696 3313 φαύλων
2748 3242 2978 3315 ἄρχεται
3023 3232 3340 3307 στυγνὰζειν
3372 3240 3405 3308 ἡ
3452 3236 3632 3307 ψυχὴ,
3685 3235 3787 3288 καὶ

2209 3338 2379 3390 οἱονεὶ
2410 3337 2491 3398 είς
2525 3333 2957 3406 παραφροσύνην
2992 3334 3209 3402 χωρεῖν,
3245 3329 3383 3384 ὥστε
3409 3328 3656 3399 οἰηθῆναι
3683 3328 3776 3380 αύ-

2208 3430 2336 3492 τοὺς
2375 3428 2465 3481 διὰ
2493 3428 2591 3497 τῆς
2628 3426 2830 3495 ἐτέρων
2869 3424 3067 3495 ἀρετῆς
3118 3422 3437 3494 ἐλεηθῆναι’
3476 3421 3557 3474 διὸ
3589 3420 3780 3473 ἀποδο-

2210 3519 2573 3589 κιμάζονται·
2629 3517 2785 3587 μόλις
2829 3515 2939 3585 γάρ
2986 3514 3209 3585 ἀρκέσει
3257 3514 3394 3585 πρὸς
3445 3511 3718 3585 σωτηρίαν
3745 3512 3783 3581 ἡ

2208 3613 2440 3667 ἑκάστου
2466 3609 2658 3683 ἀρετὴ,
2688 3609 2776 3663 διὰ
2804 3609 2864 3661 τὸ
2894 3606 3065 3660 πολλά
3098 3605 3313 3657 πταίειν
3349 3604 3445 3658 καὶ
3489 3603 3612 3666 τοὺς
3637 3601 3778 3669 ἀγαν

2208 3694 2490 3767 ἐπιεικεῖς.
2525 3704 2589 3757 Οἱ
2628 3702 2685 3756 δὲ.
2714 3698 3022 3761 πωλοῦντες
3058 3696 3199 3750 εἰσὶν
3247 3697 3296 3749 οἱ
3331 3695 3440 3749 τῶν
3478 3694 3656 3765 ὀρθῶν
3689 3694 3785 3746 δο-

2207 3797 2434 3867 γμάτων
2456 3792 2787 3859 διδάσκαλοι,
2813 3791 2879 3843 δι’
2914 3806 2989 3844 ων
3021 3806 3104 3852 τις
3145 3786 3405 3858 μανθάνει
3431 3786 3529 3856 τὴν
3553 3786 3775 3857 ἀρετήν.

2221 3883 2545 3956 Ὠνήσασθαι
2572 3883 2649 3948 δὲ,
2680 3883 2797 3953 ῆτοι
2824 3878 3165 3949 διδαχθῆναι,
3189 3878 3217 3930 6
3252 3876 3446 3949 καιρὸς
3470 3877 3572 3930 οὐκ
3599 3876 3775 3939 εἴασε,

2206 3975 2316 4028 τῶν
2361 3972 2707 4043 βεϐιωμένων
2758 3968 3084 4037 ποιούμενος
3132 3965 3419 4033 ἐξέτασιν,
3458 3965 3558 4018 οὐκ
3601 3966 3777 4036 ἀρχὴν

2207 4064 2471 4136 ἐργασίας
2508 4062 2705 4125 διδούς.
2763 4057 3061 4130 Ἐργασίας
3111 4060 3140 4113 6
3182 4055 3373 4128 παρὼν
3406 4056 3621 4129 καιρὸς,
3658 4059 3687 4110 6
3720 4056 3783 4111 δὲ

2211 4157 2419 4228 μέλλων
2446 4152 2879 4215 ἁνταποδόσεως.

2280 4332 2509 4398 Ὠσπερ
2537 4329 2648 4399 τὰρ
2679 4328 2990 4396 ἅνθρωπος
3018 4325 3361 4394 ἀποδημῶν.

2280 4421 2605 4494 Ἀνθρωπος
2632 4419 2733 4491 μὲν
2757 4418 3143 4488 οἰκοδεσπότης
3178 4416 3209 4469 6
3240 4414 3393 4468 τοῦδε
3426 4413 3522 4468 τοῦ
3576 4415 3776 4480 παντὸς

546 4518 630 4562 tor
672 4524 736 4565 ac
778 4513 1035 4569 Dominus
1078 4526 1198 4582 est;
1257 4517 1526 4588 profectio
1570 4528 1750 4574 autem
1797 4520 1947 4575 illius
2004 4535 2101 4575 seu

2206 4511 2546 4583 Δημιουργός
2567 4528 2631 4565 τε
2653 4511 2746 4565 καὶ
2775 4508 2977 4582 Κύριος
2994 4523 3023 4583 ζ
3045 4505 3324 4576 ἀποδημία
3349 4505 3407 4559 δὲ
3432 4505 3626 4571 αὑτοῦ,
3651 4507 3778 4577 ἦτοι

540 4617 797 4660 ascensus
840 4605 896 4659 iu
941 4606 1163 4673 cmlum,
1204 4623 1303 4663 seu
1351 4610 1612 4665 securitas
1651 4625 1715 4664 ac
1759 4610 2102 4666 invisibilitas

539 4694 734 4750 divinae
782 4709 993 4753 natura:
1030 4710 1152 4765 est;
1199 4704 1512 4757 substantiae
1555 4710 1735 4755 autem
1788 4702 1933 4757 illius
1976 4711 2103 4757 sunt

539 4799 859 4855 unaquaque
915 4790 971 4843 in
1014 4792 1233 4859 regione
1275 4793 1327 4845 in
1372 4808 1493 4847 eum
1536 4793 1841 4848 credentes.
1900 4793 2101 4850 Servos

540 4887 719 4931 autem
754 4894 880 4933 suos
917 4891 1094 4945 vocat,
1136 4897 1273 4951 quos
1308 4883 1539 4939 diversis
1572 4885 1904 4954 ternporibus
1944 4884 2101 4939 Chri-

539 4978 658 5025 stus
684 4982 909 5027 coronat
949 4975 1241 5029 sacerdotii
1282 4976 1496 5039 decore,
1535 4977 1731 5045 quibus
1774 4977 1937 5031 etiam
1970 4977 2100 5031 sub-

539 5062 679 5117 ditos
710 5078 837 5118 suos
868 5064 1055 5129 tradit,
1079 5065 1190 5136 90
1214 5067 1506 5137 unicuique
1547 5067 1681 5122 dans
1717 5070 1947 5138 gratiam
1989 5073 2101 5138 spi-

542 5153 809 5218 ritualern,
837 5171 937 5222 pro
980 5158 1401 5230 uniuscujusque
1446 5172 1626 5216 mente
1668 5176 1731 5215 ac
1774 5161 2096 5230 capacitate.

543 5245 694 5300 lianc
722 5247 866 5301 enim
894 5262 1015 5303 esse
1042 5249 1270 5306 dicimus
1312 5253 1631 5306 talentorum
1664 5251 2098 5307 distributionem

541 5350 648 5388 non
693 5338 884 5405 aquali
933 5354 1183 5394 mensura
1226 5341 1397 5396 servis
1443 5342 1692 5396 omnibus
1733 5343 2100 5407 distributam,

539 5428 609 5477 ob
652 5427 817 5480 animi
849 5430 1201 5496 varietatem;
1245 5434 1431 5487 statim
1477 5443 1654 5487 autem
1683 5433 1945 5489 abeuntes
1972 5448 2101 5505 ope-

544 5517 644 5569 rati
681 5528 827 5581 sunt,
865 5520 1059 5589 inquit,
1097 5522 1188 5576 illo
1232 5525 1413 5577 statim
1448 5525 1604 5579 nobis
1647 5524 1735 5578 hic
1772 5524 2101 5593 insinuante,

539 5605 659 5658 sine
684 5606 787 5658 ulla
811 5610 1160 5666 cunctatione
1178 5614 1503 5681 perﬁcienda
1532 5630 1672 5676 esse.
1695 5631 1813 5683 quae
1832 5612 1924 5670 Dei
1952 5628 2098 5682 sunt,

541 5708 762 5752 veterno
808 5700 1072 5768 siquidem
1125 5719 1188 5757 ac
1236 5706 1467 5773 pigritia:
1517 5706 1677 5760 dediti
1743 5707 1796 5760 in
1843 5710 2101 5763 extremis

544 5797 702 5842 erunt
730 5791 907 5847 malis.
934 5792 1146 5848 Defodit
1178 5796 1342 5860 enim,
1372 5798 1467 5859 ait.
1500 5797 1679 5852 datum
1708 5799 1809 5854 sibi
1842 5800 2100 5855 talentum

2205 4603 2369 4677 [ἡ]είς
2406 4604 2667 4676 οὐρανοὺς
2713 4602 2978 4664 ἀνάϐασις
3022 4598 3116 4653 τοῦ
3166 4598 3440 4668 Χριστοῦ,
3490 4598 3659 4668 ἦγουν
3709 4597 3772 4650 τὸ

2202 4696 2443 4765 ἀσφαλές
2458 4712 2519 4748 τε
2539 4696 2638 4748 καὶ
2658 4693 2902 4748 ἄποπτον
2921 4695 3019 4763 τῆς
3036 4690 3183 4753 θείας
3200 4688 3434 4759 φύσεως·
3462 4689 3774 4759 ὑπάρχοντα

2203 4788 2260 4842 δὲ
2279 4787 2469 4853 αὐτοῦ,
2489 4788 2539 4840 οἱ
2563 4792 2622 4839 ὲν
2650 4785 2857 4857 ἑκάστῃ
2885 4783 3038 4855 χώρᾳ
3062 4779 3460 4843 πιστεύσαντες
3480 4780 3560 4843 είς
3588 4779 3769 4835 αὐτόν.

2201 4880 2432 4943 Δούλους
2458 4878 2515 4932 δὲ
2544 4877 2707 4932 αὐτοῦ
2743 4876 2897 4929 καλεῖ
2922 4873 3016 4937 οὓς
3043 4872 3187 4927 κατά
3226 4872 3455 4942 καιροὺς
3478 4872 3507 4924 6
3537 4872 3772 4941 Χριστὸς

2204 4975 2457 5041 στεφανοῖ
2477 4971 2555 5042 τῷ
2583 4971 2682 5039 τῆς
2706 4968 3008 5039 ἱερωσύνης
3030 4966 3332 5037 αὐχήματι,
3362 4957 3443 5027 οἷς
3474 4963 3569 5017 καὶ
3592 4980 3773 5033 παρα-

2200 5066 2386 5119 δίδωσι
2412 5065 2537 5125 τοὺς
2564 5062 2655 5116 ὑπ’
2690 5061 2852 5115 αὐτὸν
2885 5058 3203 5127 γεγονότας,
3234 5055 3487 5126 χάρισμα
3524 5071 3763 5124 πνευμα-

2201 5154 2351 5208 τικὸν
2389 5155 2603 5223 ἑκάστῳ
2635 5153 2833 5216 διδοὺς,
2866 5151 2942 5214 ὡς
2979 5148 3047 5203 ἂν
3092 5148 3189 5220 ἔχῃ
3224 5146 3475 5218 γνώμης,
3511 5147 3546 5217 ἢ
3577 5148 3770 5216 ἐπιτη-

2200 5246 2490 5317 δειότητος.
2515 5244 2731 5315 Ταύτην
2767 5242 2875 5314 γὰρ
2905 5236 3043 5295 είναί
3085 5256 3268 5311 φαμεν
3298 5238 3399 5309 τὴν
3432 5237 3545 5291 τῶν
3568 5238 3768 5291 ταλάν-

2201 5357 2308 5393 των
2348 5338 2609 5410 διανομὴν
2628 5376 2643 5400 ,
2667 5337 2767 5389 οὐκ
2793 5337 2850 5388 ὲν
2875 5335 2974 5405 ἴσῳ
3010 5333 3194 5405 μέτρῳ
3221 5332 3335 5394 τοῖς
3364 5329 3605 5393 οἰκέταις
3645 5346 3771 5400 χορ-

2200 5430 2515 5500 ηγουμένην
2545 5428 2633 5483 διὰ
2652 5428 2715 5481 τὸ
2737 5428 2835 5497 τῆς
2859 5426 3098 5489 διανοίας
3135 5424 3561 5496 ἐξηλλαγμένον.
3592 5423 3768 5485 Εὐθὺς

2200 5523 2257 5576 δὲ
2286 5519 2610 5583 ἀπελθόντες
2655 5518 3003 5590 εἰργάσαντ),
3044 5515 3220 5587 φησί’
3278 5515 3373 5568 τοῦ
3407 5514 3590 5580 εὐθὺς
3637 5515 3769 5585 ἡμῖν

2204 5613 2433 5667 ἐνταῦθα
2457 5612 2834 5683 σημαίνοντος,
2862 5611 2944 5664 ὅτι
2977 5607 3292 5680 μελλησμοῦ
3314 5625 3457 5672 τινος
3479 5608 3605 5676 δίχα
3630 5605 3765 5677 πρέ-

2208 5725 2294 5759 ποι
2318 5708 2385 5760 ἆν
2405 5704 2735 5777 ἐργάζεσθαι
2763 5704 2831 5757 τὰ
2854 5703 3017 5756 Θεοῦο
3047 5702 3165 5769 οἶγε
3189 5702 3297 5771 μὴν
3321 5700 3465 5771 ὄκνῳ
3488 5700 3581 5752 καὶ
3600 5696 3768 5767 ἀργίᾳ.

2206 5798 2588 5869 δεδουλωμένοι
2618 5799 2673 5851 ὲν
2698 5796 2947 5867 ἐσχάτοις
2978 5794 3189 5849 ἔσονται
3232 5795 3439 5856 κακοῖς.
3473 5790 3767 5861 Κατίχωσε
