4134 6374
423 329 523 383 ιιι

1574 328 1929 384 COMM'ENT.
1973 327 2035 381 IN
2076 327 2507 388 ΜΔΤΤΙΙᾹΞΠΜ.

3550 347 3579 398 4
3590 348 3649 399 κε

422 440 547 510 γὰρ,
581 439 734 509 φησὶ,
766 436 824 491 τὸ
860 436 1013 491 δοθὲν
1042 438 1192 510 αύτῷ
1225 439 1488 496 τάλαντον
1510 444 1566 496 ἐν
1598 448 1662 516 τῇ
1695 450 1794 517 γῇ·
1826 463 1982 499 τουτ-

2088 445 2141 499 in
2197 455 2417 516 terram,
2460 453 2511 505 id
2564 462 2645 508 est
2694 454 2942 521 otiosam,
2975 454 3200 527 aliisque
3249 460 3492 516 inutilem
3545 465 3646 517 sibi

422 533 603 596 ἐστιν,
648 530 927 601 ἄπρακτον
982 531 1075 583 καὶ
1130 530 1337 602 ἑτέροις
1390 535 1662 603 ἀνωφελὲς
1710 537 1772 591 τὺ
1829 538 1984 590 δοθὲν

420 621 566 690 αὐτῷ
597 622 844 690 χάρισμα
872 622 1163 692 ἐτήρησεν.
1200 623 1541 693 Ἀφαιρεῖται
1571 628 1860 699 τοιγαροῦν
1889 630 1983 681 ἀπ’

420 708 586 765 αὐτοῦ
621 709 680 762 τὸ
709 709 987 775 τάλαντον,
1031 711 1123 763 καὶ
1172 711 1252 781 τῷ
1292 713 1609 769 πλουτοῦντι
1656 717 1978 788 δοθήσεται·

420 801 520 854 οὐκ
548 801 996 873 ἀπαναστήσεται
1050 802 1158 872 7&9
1202 803 1311 856 τῶν
1358 806 1611 860 τοιούτων
1633 809 1693 861 τὸ
1743 809 1982 880 πνεῦμα,

421 896 516 947 καὶ⁵
548 894 656 947 τῶν
686 894 846 947 θείων
875 895 1234 965 χαρισμάτων
1268 898 1302 966 ἡ
1345 896 1491 962 δόσις
1516 917 1529 929 ·
1564 902 1677 962 τοῖς
1706 899 1763 952 δὲ
1796 902 1984 972 φιλερ-

422 986 624 1054 γήσασι
690 986 1069 1058 πλουσιωτέρα
1119 1004 1205 1050 τις
1258 988 1410 1043 ἔσται
1456 992 1809 1062 χαρισμάτων
1865 994 1985 1047 ὲπί-

375 1080 382 1087 ’
418 1075 586 1137 δοσις.

489 1165 677 1220 Ὅταν
732 1165 802 1218 δὲ
846 1166 998 1235 ἔλθῃ
1033 1168 1065 1220 ὁ
1113 1166 1239 1233 Υίὸς
1280 1167 1387 1222 τοῦ
1441 1168 1753 1238 ἀνθρώπου
1790 1172 1860 1225 ἐν
1910 1170 1985 1240 τῇ

418 1258 566 1325 δόξῃ
595 1258 804 1311 αὑτοῦ.

489 1348 613 1412 [Ιῶς
642 1349 698 1401 δὲ
737 1349 814 1419 (I)
856 1349 1170 1416 ἑλεύσεται;
1203 1350 1320 1413 πῶς
1356 1350 1505 1421 ἥξεις
1549 1352 1637 1416 Ὠς
1672 1352 1833 1417 αὐτὸς
1860 1354 1985 1424 ὲδή⁴

416 1438 586 1492 λωσεν
621 1438 855 1509 ἀλλαχοῦ
884 1439 1089 1509 λέγων·
1122 1461 1141 1492 t
1174 1443 1283 1493 Καὶ
1319 1443 1439 1494 τότε
1477 1441 1696 1511 ὄψονται
1732 1444 1821 1495 τὸν
1857 1444 1986 1498 Υίδν

415 1531 508 1584 τοῦ
530 1530 817 1602 ἀνθρώπου
843 1532 1135 1602 ἐρχόμενον
1159 1535 1217 1585 ἐν
1243 1533 1512 1601 νεφέλαις,
1547 1534 1685 1603 μετά
1705 1536 1986 1604 δυνάμεως

414 1624 515 1677 καὶ
540 1622 697 1692 δόξης
725 1623 945 1693 πολλῆς.
985 1642 1004 1674 ι
1043 1623 1353 1677 Ἐλεύσεται
1375 1627 1482 1695 7&9
1509 1625 1688 1679 οὐκέτι
1718 1629 1775 1679 ὲν
1796 1627 1985 1692 ὑφέσει

415 1714 535 1767 οὐδὲ
558 1715 614 1767 ὲν
647 1715 1048 1785 μικροπρεπείᾳ
1080 1719 1146 1786 τῇ
1172 1716 1292 1768 καθ’
1320 1718 1487 1786 ἡμᾶς,
1514 1717 1627 1770 ἀλλ’
1660 1719 1717 1769 ὲν
1744 1717 1868 1789 δόξῃ
1892 1720 1985 1771 καὶ

2092 538 2272 593 datam
2306 544 2535 611 gratiam
2568 548 2927 601 conservavit.
2972 548 3260 605 Auferetur
3298 552 3460 621 igitur
3493 555 3558 607 ab
3587 572 3653 609 eo

2090 630 2347 685 talentum
2373 642 2433 687 et
2468 634 2683 689 dabitur
2710 638 3005 693 abundanti
3042 658 3053 693 :
3096 641 3285 695 horum
3315 645 3458 697 enim
3500 648 3654 715 spiri-

2094 729 2178 773 tus
2201 737 2306 774 non
2341 725 2768 789 resuscitabitur,
2798 743 2861 780 ac
2886 728 3191 784 divinorum
3216 732 3476 787 donorum
3506 737 3648 789 elar-

2090 814 2219 879 gitio
2249 833 2260 867 :
2290 830 2424 882 opus
2453 831 2578 870 vero
2604 820 2907 874 amantibus
2953 822 3226 891 copiosior
3255 827 3500 896 quaedam
3548 832 3653 883 erit

2092 901 2347 957 donorum
2381 905 2685 962 retributio.

2160 1164 2337 1227 XXV,
2378 1166 2464 1220 5i.
2498 1166 2633 1221 Cum
2677 1180 2847 1225 autem
2890 1172 3077 1227 venerit
3111 1171 3286 1228 Filius
3328 1177 3552 1233 hominis
3595 1183 3650 1234 in

2092 1258 2365 1323 majestate
2394 1275 2513 1313 sua.

2162 1348 2440 1414 Quomodo
2470 1353 2686 1406 veniet?
2714 1369 2817 1424 qua
2842 1357 3022 1425 specie
3048 1359 3269 1413 aderit?
3294 1361 3494 1431 Nempe
3515 1382 3649 1433 quo-

2092 1442 2249 1493 modo
2275 1444 2495 1509 ipsemet
2522 1444 2646 1499 alibi
2681 1447 2813 1499 dixit
2842 1466 2856 1502 :
2889 1468 2906 1497 ι
2952 1449 3159 1505 Ettunc
3183 1454 3433 1509 videbunt
3454 1455 3645 1510 Filiunt

2092 1531 2326 1585 hominis
2364 1534 2663 1588 venientem
2696 1537 2746 1589 in
2780 1538 3030 1605 nubibus,
3063 1556 3185 1595 cum
3222 1545 3419 1599 virtute
3448 1557 3501 1600 et
3534 1549 3647 1618 glo-

2092 1625 2169 1675 ria
2215 1623 2378 1676 multa
2423 1625 2488 1679 “.
2520 1644 2538 1676 ι
2593 1625 2787 1681 Veniet
2832 1632 2974 1684 enim
3012 1646 3351 1702 nequaquam
3382 1640 3648 1693 del‘lliSSlIS

2091 1723 2144 1764 et
2176 1714 2394 1767 humilis
2432 1716 2664 1770 humano
2686 1734 2862 1782 more,
2895 1721 2987 1774 sed
3011 1736 3132 1775 cum
3167 1725 3331 1792 gloria
3359 1742 3420 1781 ac
3452 1729 3649 1783 virtute.

407 1803 639 1871 δυνάμει
686 1804 968 1876 θεότητοςο
1024 1807 1143 1859 κατ’
1188 1808 1514 1881 ἀμφοτέρων
1558 1808 1616 1861 δὲ
1670 1810 1879 1883 ἀκούσῃ
1928 1812 1982 1865 τὸ

2091 1801 2324 1857 deitalis.
2389 1802 2557 1859 Porro
2586 1807 2652 1860 de
2711 1819 2935 1878 utraque
3007 1814 3263 1880 qualitate
3325 1812 3643 1875 voeabulum

412 1895 687 1965 πολλῆςο
731 1898 867 1967 μετά
885 1898 1167 1969 δυνάμεως
1194 1900 1301 1970 7&9
1338 1900 1538 1970 πολλῆς
1571 1901 1662 1954 καὶ
1683 1899 1839 1971 δόξης
1863 1902 1990 1955 πολ-

415 1985 514 2054 λῆς
546 1985 645 2057 τὴν
673 1986 932 2058 δευτέραν
974 1987 1145 2041 αὑτοῦ
1181 1991 1465 2059 ποιήσεται
1502 1990 1839 2058 θεοφάνειαν,
1869 1994 1990 2045 ἐπεὶ

413 2079 513 2145 τὴν
536 2079 806 2147 προτέραν
837 2077 973 2147 μετά
990 2078 1277 2144 ἀσθενείας
1298 2081 1391 2133 καὶ
1419 2081 1645 2150 ἀτιμίας
1674 2084 1984 2151 ἐποιήσατο,

413 2168 538 2219 ὅσον
576 2168 636 2219 τὸ
682 2169 777 2220 καὶ
821 2171 933 2231 τοῖς
980 2169 1193 2234 πολλοῖς
1238 2169 1534 2241 ὁρώμενον.
1577 2172 1677 2225 Διά
1726 2173 1780 2226 τί
1827 2175 1884 2227 δὲ
1929 2174 1988 2227 ἐν

414 2258 651 2328 νεφέλῃ;
686 2259 808 2312 Ὀτι
836 2258 1011 2322 οὕτως
1053 2262 1140 2314 ἀεὶ
1173 2261 1422 2329 φαίνεται
1455 2265 1483 2316 ό
1524 2263 1686 2326 Θεόςο
1730 2283 1748 2314 ι
1772 2265 1987 2335 Νεφέλη

410 2352 523 2420 γάρ
559 2351 652 2403 καὶ
681 2351 877 2419 γνόφος
899 2351 1087 2423 κύκλῳ
1119 2352 1304 2408 αὐτοῦ.
1357 2373 1375 2404 ι
1409 2356 1549 2407 Καί·
1579 2374 1597 2406 t
1633 2356 1834 2426 Κύριος
1855 2358 1989 2411 κάθ-

413 2457 539 2510 ηται
566 2442 657 2494 ἐπὶ
686 2444 913 2514 νεφέλης
946 2444 1174 2515 κούφης.
1209 2464 1226 2496 ι
1284 2447 1394 2499 Καὶ
1429 2448 1622 2501 πάλιν·
1665 2467 1684 2500 ‹
1735 2451 1792 2501 '0
1818 2450 1987 2514 τιθεὶς

414 2532 574 2601 νέφος
608 2534 705 2605 τὴν
739 2534 991 2588 ἐπίϐασιν
1024 2537 1211 2590 αὑτοῦ.
1253 2556 1271 2587 ι
1305 2538 1444 2590 Καί·
1488 2558 1508 2591 ι
1548 2541 1761 2613 Νεφέλη
1791 2542 1987 2595 ὑπέλα-

408 2622 509 2674 ϐεν
533 2624 696 2676 αὐτὸν
725 2625 835 2677 ἀπὸ
880 2626 988 2679 τῶν
1018 2627 1311 2698 ὀφθαλμῶν
1338 2630 1537 2684 αὐτῶν.
1583 2650 1603 2683 ο
1636 2633 1780 2685 Καί·
1833 2653 1852 2685 ι
1900 2636 1987 2697 Ὠς

418 2714 543 2777 Υίδς
574 2715 862 2787 ἀνθρώπου
895 2718 1187 2788 ἐρχόμενος
1213 2723 1307 2774 ἐπὶ
1336 2721 1443 2773 τῶν
1482 2724 1739 2792 νεφελῶν.
1782 2744 1799 2775 ι
1831 2726 1986 2778 Οῦτω

410 2802 545 2871 γοῦν
571 2806 734 2858 αὐτὸν
763 2808 859 2859 καὶ
885 2808 1083 2874 Δανιὴλ
1114 2809 1343 2880 θεωρεῖ·
1387 2810 1528 2864 οὕτω
1562 2816 1654 2864 καὶ
1683 2814 1803 2867 τότε
1833 2816 1984 2867 ἐλεύ-

416 2912 565 2948 σεται
598 2898 658 2949 ού
689 2898 1012 2968 λεληθότως,
1046 2900 1159 2953 ἀλλ’
1187 2901 1262 2963 ὡς
1281 2900 1411 2962 Θεὸς
1432 2902 1528 2954 καὶ
1552 2904 1755 2974 Κύριος
1774 2906 1831 2956 ὲν
1860 2906 1985 2979 δόξῃ

408 2984 725 3056 θεοπρεπεῖ,
761 2990 855 3040 καὶ
898 2989 1077 3042 πάντα
1117 2996 1443 3062 μεταστήσει
1482 2994 1614 3060 πρὸς
1651 2995 1713 3044 τὸ
1741 2993 1981 3062 ἄμεινον.

427 3078 846 3133 Ἀναὸιὼσονται
883 3080 990 3151 7&9
1038 3081 1090 3133 οἱ
1148 3083 1351 3153 νεκροὶ,
1382 3082 1474 3135 καὶ
1517 3082 1844 3137 ἀποδύσεται
1886 3086 1983 3156 τὴν

415 3168 620 3239 φθοράν
644 3170 704 3221 τὸ
731 3172 796 3223 ἐκ
824 3171 927 3241 γῆς
957 3170 1114 3223 τοῦτο
1136 3173 1405 3225 εὐάλωτον
1428 3176 1542 3236 τοῖς
1574 3175 1766 3227 πάθεσι
1802 3176 1980 3245 σῶμα,

374 3312 377 3313 ,
410 3260 691 3317 ἐνδύσεται
718 3262 775 3315 δὲ
818 3264 917 3332 τὴν
950 3261 1259 3334 ἀφθαρσίαν
1282 3305 1296 3326 ,
1342 3266 1581 3337 Χριστοῦ
1610 3266 1864 3335 νέμοντος
1886 3269 1983 3321 αύ-

411 3353 530 3423 rhv,
574 3354 668 3406 καὶ
694 3355 1054 3425 συμμόρφους
1085 3355 1175 3407 τοῦ
1208 3355 1458 3426 σώματος
1489 3358 1588 3427 τῆς
1614 3359 1771 3429 δόξης
1815 3361 1979 3414 αὐτοῦ

412 3442 539 3505 τοὺς
568 3446 650 3506 εἰς
701 3444 862 3497 αὑτὸν
898 3445 1255 3509 πιστεύοντας
1298 3448 1708 3515 ἀποφαίνοντος.
1758 3450 1848 3502 Διὸ
1889 3453 1981 3504 καὶ

413 3533 789 3604 ἀπολύτρωσιν
816 3534 973 3605 ἡμῶν
1008 3537 1171 3599 αὐτὸς
1202 3538 1264 3590 τὸ
1302 3541 1536 3609 πρᾶγμα
1566 3541 1739 3602 καλεῖ,
1776 3542 1977 3608 λέγων·

416 3648 437 3680 ι
490 3628 831 3699 Ἀρχομένων
872 3628 930 3681 δὲ
968 3629 1174 3682 τούτων
1212 3631 1479 3698 γίνεσθαι,
1527 3632 1840 3703 ἀνακύψατε
1887 3635 1980 3686 καὶ

411 3721 651 3792 ἐπάρατε
680 3722 777 3782 τας
807 3721 1045 3789 κεφαλὰς
1081 3721 1264 3791 ὑμῶν,
1299 3722 1435 3775 διότι
1472 3724 1678 3791 ἐγγίζει
1715 3725 1749 3794 ἡ
1781 3725 1980 3777 ἀπολύ-

410 3831 613 3884 τρωσις
638 3812 811 3883 ὑμῶν.
854 3832 873 3862 ι

486 3909 693 3977 Ὥσπερ
721 3908 849 3977 7&9,
874 3908 921 3960 εί
950 3907 1095 3975 λέγοι
1129 3925 1211 3969 τις
1238 3908 1365 3977 περὶ
1387 3906 1696 3978 ἀνθρώπου,
1728 3908 1807 3961 ὅτι
1829 3909 1977 3979 παρά

410 3998 504 4051 τοῦ
534 4000 732 4069 πατρὸς
759 3998 917 4050 ἔλαϐε
937 3999 1000 4051 τὸ
1030 3999 1245 4067 λογικὸς
1267 3996 1422 4058 εἶναι,
1448 4000 1510 4051 ἐκ
1542 3998 1758 4067 λογικοῦ
1782 4001 1979 4070 σημαί-

412 4107 492 4141 νει
526 4090 619 4142 καὶ
646 4090 808 4142 αὑτὸν
847 4089 1061 4157 λογικὸν
1087 4090 1412 4160 γεννηθῆναι
1434 4104 1448 4118 ⁸
1471 4091 1611 4142 οὕτω
1640 4090 1734 4143 καὶ
1757 4093 1783 4143 6
1806 4093 1977 4144 Μονο-

2090 1894 2256 1949 multa
2281 1884 2580 1967 intelliges:
2621 1915 2743 1953 nam
2780 1911 2833 1955 et
2870 1904 3033 1958 multa
3061 1921 3180 1960 cum
3205 1908 3436 1975 virtute,
3474 1921 3528 1965 et
3574 1916 3649 1966 si—

2089 1988 2197 2041 mul
2224 1988 2386 2042 multa
2406 2005 2526 2043 cum
2555 1991 2721 2060 gloria
2743 1997 3031 2050 secundam
3062 1998 3220 2053 faciet
3243 2000 3645 2069 theOphaniam.

2088 2081 2527 2149 quandoquidem
2559 2085 2783 2152 primam
2814 2102 2934 2139 cum
2973 2089 3285 2146 inﬁrmitate
3314 2104 3367 2147 et
3404 2093 3648 2147 obscuri-

2089 2166 2221 2223 tate
2251 2169 2411 2235 fecit,
2465 2184 2724 2241 quantum
2757 2176 2973 2244 quidem
2999 2180 3159 2249 vulgo
3191 2183 3358 2235 visum
3394 2193 3492 2237 est.
3540 2183 3648 2239 Cur

2087 2271 2264 2316 autem
2323 2263 2374 2317 in
2427 2266 2601 2320 nuhe?
2642 2267 2774 2334 Quia
2829 2271 2907 2325 sic
2949 2287 3209 2341 apparere
3263 2276 3401 2330 solet
3459 2278 3642 2332 Deus:

2094 2372 2114 2404 ι
2158 2353 2335 2409 Nubes
2367 2359 2509 2411 enim
2540 2368 2594 2412 et
2626 2360 2799 2429 caligo
2840 2363 2980 2417 circa
3010 2379 3131 2418 eum
3166 2377 3292 2421 sunt
3322 2367 3386 2422 “.
3424 2387 3442 2420 ι
3475 2369 3603 2423 Item
3630 2385 3645 2423 :

2093 2460 2113 2494 ι
2149 2443 2409 2499 Dominus
2464 2448 2617 2503 sedet
2668 2450 2720 2503 in
2777 2450 2878 2504 levi
2930 2457 3068 2509 nube
3121 2456 3185 2508 η.
3218 2476 3236 2508 ι
3304 2456 3369 2511 Ει
3428 2474 3644 2514 rursus:

2092 2551 2111 2583 ι
2146 2533 2247 2599 Qui
2309 2538 2459 2604 ponit
2506 2539 2702 2593 nubem
2751 2556 3033 2597 ascensum
3088 2560 3245 2599 suum
3280 2546 3343 2601 “.
3384 2566 3402 2599 ι
3471 2547 3643 2602 Item:

2093 2643 2112 2675 ι
2152 2625 2331 2682 Nubes
2356 2630 2553 2699 eripuit
2584 2646 2706 2686 eum
2734 2633 2802 2687 ab
2829 2635 3002 2690 oculis
3041 2637 3277 2705 ipsorum
3310 2640 3377 2694 ".
3407 2659 3425 2691 ι
3464 2640 3592 2695 Item
3631 2662 3644 2695 :

2099 2733 2119 2765 ε
2164 2716 2336 2771 Sicuti
2361 2718 2777 2779 Filiushominis
2815 2726 3035 2781 veniens
3065 2729 3115 2782 in
3145 2730 3374 2785 nubibus
3406 2732 3471 2787 “.
3504 2751 3521 2783 ι
3556 2733 3648 2787 Sic

2088 2819 2209 2859 eum
2250 2808 2381 2861 vidit
2415 2810 2599 2866 Daniel
2620 2813 2686 2868 υ.
2722 2816 2814 2869 Sic
2841 2826 2897 2870 et
2925 2827 3033 2871 tum
3084 2820 3264 2874 veniet
3306 2821 3444 2873 haud
3476 2823 3647 2875 laten-

2088 2904 2200 2962 ter,
2234 2899 2325 2951 sed
2349 2900 2421 2953 uti
2450 2900 2589 2956 Deus
2610 2912 2667 2955 et
2694 2904 2951 2960 Dominus
2982 2922 3101 2961 cum
3127 2910 3293 2978 gloria
3331 2913 3435 2965 Deo
3460 2913 3647 2983 digna,

2087 3001 2249 3057 atque
2270 2992 2450 3045 omnia
2471 2992 2523 3045 in
2551 2994 2741 3048 melius
2770 2996 3100 3052 reformabit.
3130 3000 3470 3056 Revivisceut
3501 3007 3642 3058 enim

2089 3080 2327 3147 mortui,
2378 3094 2650 3153 exuetque
2701 3090 3101 3157 corruptionem
3147 3101 3417 3146 terrenum
3451 3111 3644 3164 corpus

2090 3171 2173 3225 his
2206 3174 2548 3240 passionihus
2572 3178 2699 3232 olim
2734 3180 3024 3235 obnoxium
3050 3227 3063 3246 ,
3100 3184 3392 3254 induetque
3424 3188 3644 3241 immor-

2090 3263 2376 3328 talitatem,
2422 3268 2638 3322 Christo
2668 3270 2905 3336 ejusdem
2938 3274 3157 3339 datore,
3202 3285 3255 3328 et
3286 3291 3379 3330 eos
3419 3280 3507 3347 qui
3544 3280 3644 3348 ipsi

2088 3357 2313 3409 credunt
2362 3359 2668 3414 confortnes
2718 3360 2984 3419 elliciente
3032 3367 3243 3434 corpori
3275 3367 3460 3437 gloria:
3511 3386 3644 3425 suae.

2087 3446 2264 3510 Quare
2300 3455 2355 3500 et
2398 3464 2509 3502 rem
2564 3450 2872 3519 huiusmodi
2931 3456 3353 3524 redemptionem
3405 3472 3643 3515 nostram

2062 3539 2324 3606 appellat
2370 3541 2597 3597 dicens:
2662 3563 2680 3595 ι
2724 3544 2817 3598 IIis
2850 3556 3028 3601 autem
3080 3548 3193 3602 ﬁeri
3234 3550 3642 3620 incipientibus,

2088 3630 2343 3698 respicite
2366 3641 2419 3686 et
2448 3633 2623 3690 levate
2651 3639 2824 3705 capita
2856 3639 2959 3709 91
3001 3651 3175 3695 vestra
3196 3682 3212 3709 ,
3262 3647 3512 3714 quoniam
3549 3662 3643 3716 ap-

2085 3722 2411 3792 propinquat
2447 3727 2745 3797 redemptio
2774 3741 2958 3784 vestra
2990 3732 3058 3785 ".
3086 3751 3104 3783 ι

2153 3899 2327 3955 Veluti
2354 3903 2496 3957 enim
2532 3903 2577 3957 si
2600 3904 2722 3973 quis
2750 3906 2894 3960 dicat
2930 3909 2997 3962 de
3033 3909 3269 3970 homine,
3302 3913 3447 3980 quod
3485 3926 3512 3965 a
3544 3929 3641 3981 pa-

2082 4000 2164 4045 tre
2193 3995 2464 4061 acceperit
2490 3996 2690 4049 animal
2716 4011 2837 4051 esse
2874 3999 3172 4066 rationale,
3210 4003 3311 4056 hoc
3345 4004 3460 4071 ipso
3493 4021 3640 4056 emn-

2082 4081 2201 4134 dem
2237 4083 2505 4150 signiﬁcat
2528 4086 2844 4141 rationalem
2883 4090 3122 4158 genitum
3157 4108 3184 4143 a
3223 4093 3511 4157 rationali,
3555 4097 3634 4149 sic

410 4181 574 4250 γενὴς
602 4182 667 4233 ὲκ
690 4180 825 4233 Θεοῦ
852 4181 1007 4245 Θεὸς,
1038 4183 1131 4235 καὶ
1160 4184 1223 4235 ἐκ
1254 4181 1348 4234 τοῦ
1374 4183 1651 4251 κρίνοντος
1677 4184 1857 4235 πᾶσαν
1877 4184 1976 4252 τὴν

2086 4174 2244 4227 etiam
2279 4174 2595 4245 Unigenitus
2620 4179 2687 4233 de
2715 4179 2823 4234 Deo
2840 4179 2999 4246 Deus,
3030 4196 3095 4235 ex
3122 4196 3186 4236 eo
3207 4184 3297 4252 qui
3329 4186 3636 4240 universum

412 4271 515 4338 τῆν
554 4272 788 4342 προῆλθε
811 4274 1004 4341 κριτής
1024 4289 1037 4302 ’
1077 4272 1171 4324 καὶ
1198 4274 1298 4325 οὑκ
1322 4273 1507 4342 ἐπειδὴ
1527 4274 1708 4326 πᾶσαν
1730 4274 1827 4344 τὴν
1857 4276 1976 4344 κρί-

2086 4265 2286 4334 iudicat
2329 4271 2585 4324 mundum
2630 4272 2795 4341 judex
2837 4277 3118 4357 processit.
3181 4276 3287 4332 Nec
3327 4279 3449 4349 quia
3479 4295 3639 4334 omne

412 4377 494 4414 σιν
531 4361 763 4414 δέδωκεν
791 4362 868 4432 τῷ
898 4362 1013 4429 Υίῷ
1049 4365 1077 4415 6
1106 4362 1316 4433 Πατὴρ,
1346 4364 1507 4426 αὐτὸς
1538 4364 1638 4434 τῆς
1661 4365 1974 4428 δεσποτείας

2086 4358 2334 4421 iudicium
2384 4363 2658 4417 commisit
2708 4364 2844 4419 Filio
2872 4364 3064 4431 Pater,
3114 4367 3313 4422 idcirco
3360 4370 3637 4425 dominatu

409 4451 665 4520 ὲψίλωται
687 4470 700 4482 ·
730 4454 1030 4524 ἀχώριστος
1059 4452 1167 4525 γάρ
1198 4455 1227 4505 6
1252 4454 1560 4524 Μονογενὴς
1594 4456 1687 4508 τοῦ
1709 4456 1866 4521 Θεοῦ,
1898 4457 1973 4519 ὡς

2086 4450 2318 4505 minutus
2344 4462 2465 4507 est:
2500 4454 2761 4510 indivisus
2794 4457 2939 4511 enim
2968 4473 2996 4511 a
3028 4460 3137 4513 Deo
3172 4461 3489 4529 Unigenittls
3518 4476 3635 4526 est.

408 4543 468 4594 τὸ
495 4541 609 4610 φῶς
637 4543 730 4596 τοῦ
766 4543 938 4610 ἡλίου.
979 4543 1136 4597 Ἔστι
1159 4544 1268 4612 γάρ
1303 4547 1360 4597 ὲν
1389 4545 1538 4614 αὐτῷ
1565 4547 1832 4613 φυσικῶς·
1879 4550 1973 4600 καὶ

2086 4542 2233 4595 sicuti
2268 4543 2352 4596 lux
2391 4560 2419 4597 a
2458 4546 2591 4599 sole.
2630 4550 2775 4601 Inest
2815 4550 2959 4601 enim
3009 4551 3108 4618 ipsi
3166 4554 3515 4621 naturaliter;
3563 4557 3636 4611 ita

408 4635 586 4687 πάντα
613 4636 713 4687 ὅσα
736 4633 848 4704 ἔχει
876 4638 905 4688 6
941 4634 1147 4705 Πατὴρ,
1176 4635 1267 4687 τοῦ
1305 4636 1433 4689 Υἱοῦ
1465 4640 1577 4688 ἐστι
1600 4677 1613 4699 ,
1647 4639 1738 4690 καὶ
1763 4640 1973 4692 ἀνάπα-

2086 4643 2138 4687 ut
2162 4636 2343 4689 omnia
2371 4652 2488 4706 qua:
2506 4636 2665 4691 Pater
2707 4640 2895 4703 habet,
2930 4640 3047 4696 Filii
3078 4642 3206 4708 sint,
3232 4653 3285 4697 et
3312 4646 3430 4700 vice
3457 4661 3629 4701 versa.

407 4744 487 4780 Αιν
496 4770 508 4781 .

488 4820 549 4871 ’0
582 4819 854 4888 ἐμϐάψας
879 4820 1008 4887 μετ’
1036 4818 1182 4886 ἐμοῦ
1214 4819 1284 4871 ἐν
1322 4816 1399 4881 τῷ
1430 4820 1685 4885 τρυϐλίῳ
1716 4820 1828 4888 τὴν
1846 4821 1967 4889 χεῖ-

398 4924 497 4976 ρα,
522 4904 700 4974 οὗτός
732 4926 809 4976 με
842 4906 1208 4975 παραδώσει.

475 5000 548 5051 Οὐ
575 5000 742 5069 δήπου
787 5002 1048 5069 νοήσομεν
1077 5000 1142 5052 ὲκ
1170 4998 1359 5052 τούτου
1391 4999 1501 5052 τῶν
1545 4999 1645 5069 μὲν
1677 5001 1850 5055 ἄλλων
1880 5004 1969 5055 οῦ-

405 5089 530 5143 δὲνα
560 5090 835 5160 μαθητῶν,
871 5091 1029 5160 μόνον
1056 5090 1114 5143 δὲ
1140 5090 1233 5143 τδν
1272 5090 1473 5143 Ἰούδαν
1505 5091 1747 5161 ἐμϐάψω
1772 5095 1830 5147 τὸ
1855 5095 1970 5163 ψω-

407 5181 528 5249 μίον
569 5182 625 5233 ἑν
656 5181 735 5250 τῷ
786 5181 1024 5251 τρυϐλίῳ
1082 5181 1199 5251 μετ’
1234 5182 1420 5235 αὐτοῦ.
1467 5178 1633 5252 Οἶμαι
1681 5184 1737 5237 δὲ
1793 5186 1967 5254 ἔγωγε

400 5271 655 5342 τοιαύτην
682 5273 824 5341 ἔχειν
856 5272 1095 5327 διάνοιαν
1125 5272 1184 5326 τὸ
1218 5274 1507 5345 εἰρημένον
1528 5290 1540 5303 ·
1575 5275 1820 5343 βούλεται
1857 5279 1966 5350 γάρ

398 5364 596 5427 εἰπεῖν,
622 5365 763 5417 κατά
787 5381 850 5431 γε
873 5365 932 5418 τὸ
966 5365 1131 5430 εἰκὸς,
1157 5365 1241 5418 ὅτι
1270 5363 1532 5436 προδότης
1556 5366 1705 5420 ἔσται
1734 5373 1762 5422 ό
1796 5370 1969 5442 ἐμϐά-

2070 4831 2249 4901 :92
2304 4831 2492 4897 XXVI,
2533 4834 2624 4890 25.
2680 4836 2785 4900 Qui
2830 4838 3044 4908 intingit
3089 4856 3283 4892 mecum
3325 4858 3535 4894 manum
3581 4844 3633 4895 in

2073 4924 2367 4991 paropside,
2404 4926 2486 4978 hic
2513 4943 2593 4979 me
2619 4928 2808 4981 tradet.

2145 5012 2260 5066 Non
2291 5014 2510 5082 quidem
2545 5032 2608 5071 ex
2639 5033 2702 5071 eo
2732 5019 3077 5088 intelligimus
3107 5021 3334 5075 aliorum
3365 5024 3633 5078 neminem

2076 5103 2482 5170 discipulorum,
2518 5109 2689 5161 solum
2737 5121 2915 5165 autem
2952 5112 3139 5167 Judam
3187 5131 3308 5168 cum
3357 5118 3472 5183 ipso
3500 5119 3632 5173 buv-

2071 5194 2259 5248 cellam
2304 5197 2355 5250 in
2405 5201 2692 5268 paropside
2737 5203 2997 5259 inﬁxisse.
3021 5206 3273 5261 Arbitror
3313 5220 3491 5265 autem
3532 5228 3632 5280 ego

2074 5288 2230 5343 talem
2264 5290 2461 5347 habere
2512 5309 2731 5351 sensum
2760 5300 2900 5366 quod
2942 5301 3142 5356 dictum
3171 5313 3254 5359 est
3289 5323 3301 5357 :
3340 5306 3449 5358 vult
3488 5310 3630 5360 enim

2073 5379 2272 5449 dicere,
2313 5395 2470 5452 prout
2511 5389 2801 5446 verisimile
2843 5400 2945 5459 est,
2999 5394 3325 5462 proditorem
3370 5398 3503 5461 fore,
3541 5416 3632 5470 qut

472 5514 515 5545 “
545 5515 733 5570 Matth.
769 5533 915 5583 xxnv,
945 5519 1037 5574 30.
1149 5518 1195 5549 “
1222 5516 1362 5574 Psal.
1391 5534 1531 5581 xcvt,
1566 5519 1619 5573 2.

1698 5523 1743 5556 ⁸⁵
1773 5522 1878 5581 Isa.
1908 5543 2025 5595 χιχ,
2073 5532 2124 5584 I.

399 5624 417 5651 ,
446 5584 534 5639 50.
613 5587 657 5618 ιν
697 5587 829 5642 Dan.
856 5605 953 5653 vn,
983 5589 1071 5643 I5.
1146 5589 1191 5619 ⁸⁸
1231 5586 1362 5644 Luc.
1399 5606 1510 5654 χχι,
1539 5590 1630 5644 ‘28.

2233 5534 2276 5565 ⁸⁸
2303 5535 2443 5593 Psal.
2470 5556 2584 5607 cm,
2615 5543 2667 5597 5.
2779 5547 2823 5579 ⁸⁷
2853 5549 2971 5604 Act.
3006 5566 3045 5615 ι,
3075 5552 3128 5607 9.
3201 5554 3248 5588 “
3286 5556 3472 5612 Matth.
3507 5572 3632 5614 xstv

466 5725 542 5795 (ι)
573 5726 704 5792 Πῶς
732 5728 799 5781 δὲ
822 5758 892 5769 -
922 5729 1015 5782 καὶ
1046 5726 1369 5783 ἀνάπαλιν.
1400 5727 1498 5782 Mai
1532 5728 1593 5783 Β.
1630 5728 1702 5786 Ν.
1741 5729 1803 5795 tt,
1834 5733 1957 5789 ιιι.
