4134 6374
527 365 598 420 4ῗὶ
608 365 626 420 l

1524 360 1583 415 S.
1624 358 1896 415 CYRILLI
1938 354 2402 414 ALEXANDRINI
2442 355 2765 414 ARCHIEP.

3688 360 3793 415 65%

526 499 710 541 secum
757 483 976 554 intingit
1012 497 1233 538 manum
1266 481 1320 537 in
1358 482 1562 545 catino,
1600 481 1653 535 id
1683 490 1768 536 est
1805 480 1967 535 simul
1998 496 2106 535 rm-

2209 479 2317 550 ψας
2350 480 2468 551 μετ’
2506 477 2644 549 ἐμοῦ
2679 476 2779 549 τὴν
2809 477 2971 548 χεῖρα
3007 477 3065 530 ὲν
3097 473 3178 547 τῷ
3198 475 3460 549 τρυϐλίῳ,
3492 477 3793 547 τουτέστιν,

527 588 623 634 nat
656 593 721 634 ac
744 578 905 633 simul
939 577 1196 642 comedit,
1227 585 1282 630 et
1304 590 1507 630 mcnsa'
1534 576 1775 645 solisque
1801 577 2103 630 communis

528 672 797 742 particeps
826 680 931 725 est.
962 669 1038 723 Ita
1073 670 1221 723 enim
1252 683 1374 721 ettm
1408 668 1573 722 etiam
1604 683 1738 722 voce
1759 668 1901 722 beati
1937 668 2102 720 David

528 763 895 833 reprehendit,
946 763 1133 817 dicens
1180 778 1195 815 :
1233 778 1252 812 ι
1279 758 1384 827 Tu,
1429 774 1560 815 vero
1594 761 1757 814 homo
1807 758 2101 823 unanimis,

526 856 618 926 qui
660 871 872 911 mecum
908 855 1098 911 dulces
1136 852 1391 923 capiebas
1418 852 1572 908 cibos
1594 853 1663 907 δι.
1695 869 1714 902 ι
1746 853 1823 907 Ac
1863 866 2052 906 rursus
2084 869 2100 906 :

533 968 551 1000 ι
582 949 682 1015 Qui
726 948 920 1003 edebat
954 960 1120 1017 panes
1164 961 1313 1001 meos
1338 985 1355 1010 ,
1405 944 1771 1016 magniﬁcavit
1802 958 1967 1013 super
2018 958 2104 998 me

525 1040 1013 1111 supplantationem
1034 1039 1103 1093 ⁵².
1130 1057 1148 1089 ι
1178 1038 1416 1107 ldipsum
1432 1038 1707 1091 enimvero
1723 1036 1921 1092 clarius
1933 1034 2102 1091 Joan-

526 1148 625 1187 nes
670 1131 865 1194 reddit,
913 1131 991 1184 ait
1036 1131 1181 1185 enim
1235 1129 1519 1185 Dominum
1559 1130 1811 1184 dixisse:
1846 1147 1864 1181 ι
1898 1128 1993 1184 Ille
2020 1136 2105 1183 est

525 1225 609 1278 cui
650 1239 748 1293 ego
786 1224 1076 1279 iutiuctum
1118 1238 1311 1294 panem
1341 1239 1634 1294 porrexero
1658 1223 1727 1279 ⁵³.
1762 1242 1781 1276 ι

593 1426 701 1497 93
735 1422 929 1489 XXVI,
980 1422 1072 1478 26.
1134 1420 1475 1476 Cmttantibus
1525 1431 1699 1474 autem
1753 1419 1863 1482 illis
1906 1422 2101 1490 accepit

524 1515 679 1569 Jesus
705 1530 919 1584 panem,
956 1521 1005 1566 et
1034 1510 1296 1565 benedixit
1337 1525 1400 1562 ac
1444 1508 1622 1578 fregit,
1658 1508 1903 1576 deditque
1935 1507 2100 1561 disci-

2210 574 2238 625 6
2281 569 2676 641 συνδειπνητῆς
2714 570 2813 625 καὶ
2867 568 3168 633 συνέστιος,
3208 569 3303 622 καὶ
3355 571 3636 643 τραπέζης
3696 573 3795 626 καὶ

2212 663 2358 716 ἁλῶν
2391 662 2650 725 κοινωνός
2683 679 2743 714 τε
2774 661 2868 715 καὶ
2896 662 3146 733 μέτοχος.
3175 660 3335 714 Οὕτω
3357 661 3465 734 γὰρ
3498 662 3661 716 αὐτὸν
3693 664 3792 717 καὶ

2209 752 2297 807 διὰ
2325 754 2510 824 φωνῆς
2547 752 2643 805 τοῦ
2686 752 2961 824 μακαρίου
2994 751 3162 807 Δαϐὶδ
3194 752 3385 824 ᾐτιᾶτο
3415 752 3627 822 λέγων·
3664 772 3684 807 ι
3719 755 3791 809 Σὺ

2209 845 2287 907 δὲ,
2324 844 2579 916 ἄνθρωπε
2616 845 2861 916 ίσόψυχε,
2889 845 2949 910 ὃς
2979 844 3073 899 ἐπὶ
3104 846 3168 899 τὸ
3189 845 3321 900 αὐτὸ
3354 844 3663 915 ἑγλύκανᾶς
3703 865 3795 919 μοι

2212 939 2509 1010 ἐδέσματα.
2551 958 2570 991 ι
2622 938 2738 993 Καὶ
2786 937 2989 993 πάλινο
3035 955 3054 989 ι
3094 935 3156 992 Ὀ
3199 938 3398 991 ἐσθίων
3428 940 3630 1009 ἄρτους
3664 957 3792 1009 μου,

2210 1030 2549 1103 ἐμεγάλυνεν
2597 1030 2688 1084 ἐπ’
2738 1029 2840 1100 ἐμὲ
2897 1029 3258 1102 πτερνισμόν.
3292 1049 3311 1083 ι
3349 1030 3490 1083 Αὐτὸ
3519 1030 3585 1102 δὴ
3635 1029 3797 1085 τοῦτο

2212 1123 2547 1195 σαφέστερον
2633 1122 2886 1193 Ἰωάννης
2911 1123 3171 1194 ἐποίησεν
3194 1139 3209 1154 ⁸
3240 1122 3346 1193 ἔφη
3370 1121 3484 1194 γὰρ
3511 1123 3795 1194 εἰρηκέναι

2206 1215 2300 1269 τὸν
2325 1214 2549 1287 Κύριον,
2582 1213 2666 1270 ὅτι
2698 1236 2717 1268 ι
2763 1215 3001 1281 Ἐκεῖνός
3029 1216 3199 1281 ἐστιν,
3227 1208 3271 1284 ᾧ
3292 1213 3401 1285 ἐγὼ
3433 1214 3608 1285 βάψας
3635 1214 3795 1269 δώσω

2209 1306 2271 1362 τὸ
2290 1308 2523 1379 ψωμίον.
2568 1327 2588 1360 ›

2294 1420 2659 1476 Ἐσθιόντων
2687 1417 2757 1472 δὲ
2813 1416 3035 1482 αὐτῶν,
3066 1416 3271 1472 λαϐὼν
3314 1419 3348 1472 ό
3396 1416 3638 1484 Ἰησοῦς
3686 1417 3795 1471 τὸν

2207 1507 2411 1575 ἄρτον,
2435 1507 2533 1561 καὶ
2556 1507 3009 1577 εὐχαριστήσας
3033 1507 3286 1571 ἔπλασε,
3312 1509 3411 1561 καὶ
3435 1507 3641 1562 ἐδίδου
3666 1507 3795 1574 τοῖς

524 1604 662 1674 pulis
713 1603 847 1667 suis,
906 1611 952 1655 et
1005 1603 1126 1654 ait:
1158 1599 1416 1668 Accipite,
1447 1608 1494 1652 et
1549 1597 1824 1662 romedite,
1879 1598 1977 1651 hoc
2024 1606 2099 1651 est

2209 1599 2517 1671 μαθηταῖς,
2544 1599 2642 1653 καὶ
2668 1595 2799 1653 εἷπε
2821 1616 2834 1631 ·
2856 1597 3101 1665 Λάϐετε,
3146 1598 3368 1670 φάγετε
3386 1616 3399 1630 ·
3448 1599 3629 1654 τοῦτό
3657 1600 3791 1656 ἐστι

524 1716 712 1768 corpus
740 1714 932 1753 meum.

595 1790 888 1858 Postquam
929 1800 1181 1857 egressus
1220 1794 1365 1840 esset
1406 1782 1594 1847 Judas,
1636 1782 1804 1837 tradit
1851 1780 2102 1835 Salvator

2207 1692 2276 1747 τὸ
2299 1689 2471 1761 σῶμά
2488 1708 2632 1759 μου.

2278 1784 2435 1837 Μετὰ
2461 1783 2522 1838 τὸ
2547 1783 2786 1849 ἐξελθεῖν
2817 1782 2908 1837 τὸν
2938 1782 3146 1838 Ἰούδαν
3173 1784 3509 1853 παραδίδωσι
3541 1786 3654 1849 τοῖς
3696 1783 3791 1839 ἒν-

525 1883 773 1937 undecim
806 1880 1089 1948 discipulis
1134 1879 1373 1935 salutare
1408 1877 1753 1948 mysterium.
1798 1874 1935 1930 Cum
1954 1874 2099 1928 enim

2210 1875 2344 1930 δεκα
2380 1878 2409 1930 6
2462 1875 2653 1947 Σωτὴρ
2706 1875 2767 1929 τὸ
2800 1875 3147 1947 σωτηριῶδες
3206 1877 3524 1947 μυστήριον.
3569 1876 3792 1948 Ἐπειδὴ

524 1975 685 2044 paulo
712 1984 836 2044 post
866 1976 919 2028 in
957 1974 1175 2044 propria
1216 1986 1384 2027 carne
1415 1980 1562 2025 esset
1608 1977 2015 2023 resurrecturus
2044 1980 2109 2021 ac

526 2067 796 2121 rediturus
829 2066 895 2119 ad
940 2064 1181 2128 Patrem,
1213 2072 1272 2118 ut
1320 2063 1491 2132 ipsius
1534 2059 1843 2117 Servatoris
1873 2074 2109 2129 praesen-

527 2159 657 2213 tiam
693 2158 1020 2215 haberemus
1074 2157 1217 2226 (sine
1254 2154 1539 2225 praesentia
1583 2152 1727 2208 enim
1757 2151 1959 2207 Christi
1992 2150 2106 2204 ﬁeri

530 2266 636 2304 non
679 2257 865 2320 potest
892 2257 951 2303 ut
998 2246 1240 2301 salvetur
1274 2246 1436 2300 homo
1468 2244 1834 2310 libereturque
1873 2255 1903 2294 a
1933 2250 2109 2294 morte

526 2350 581 2394 et
609 2349 850 2410 peccato,
884 2354 990 2393 non
1020 2336 1390 2392 coexsistente
1417 2334 1699 2389 nobiscum
1736 2343 1922 2387 nostra
1948 2330 2105 2401 vita),

528 2433 680 2487 dedit
713 2431 872 2486 nobis
912 2429 1189 2501 proprium
1235 2441 1434 2497 corpus
1467 2432 1523 2481 et
1566 2424 1911 2495 sanguinem,
1952 2432 2012 2478 ut
2039 2423 2108 2478 iis

526 2523 892 2593 corruptionis
935 2520 1018 2576 vis
1057 2518 1410 2581 dissolvatur,
1459 2515 1726 2571 inhabitet
1763 2525 1944 2571 autem
1988 2513 2106 2569 ani-

530 2618 723 2671 mabus
766 2614 969 2669 nostris
1022 2628 1121 2683 per
1171 2621 1417 2666 sanctum
1467 2609 1751 2679 Spiritum,
1806 2607 2107 2678 ﬁamusqne

528 2708 816 2777 participes
879 2703 1232 2767 sanctitatis,
1293 2703 1643 2771 hominesque
1693 2698 2105 2771 supercoslestes

526 2808 580 2853 et
614 2796 922 2867 spirituales
956 2796 1269 2851 reddamur.

594 2975 786 3042 XXVI,
827 2973 921 3032 27.
965 2970 1051 3027 ιΕι
1094 2971 1364 3041 accipiens
1413 2969 1629 3025 calicem
1669 2968 1871 3041 gratias
1915 2966 2017 3039 egit
2056 2974 2106 3022 et

524 3074 668 3127 dedit
695 3072 791 3136 eis,
824 3071 1004 3124 dicem
1038 3066 1262 3123 :Bibite
1297 3081 1365 3122 ex
1394 3068 1490 3119 hoc
1517 3080 1716 3119 omnes.

597 3165 814 3221 Gratias
850 3165 964 3234 agit
990 3162 1254 3218 Dominus
1298 3158 1522 3214 calicem
1570 3156 1863 3228 accipiens,
1905 3153 1958 3211 id
1994 3161 2102 3218 est,

2211 1966 2321 2039 γὰρ
2352 1965 2547 2037 μικρὸν
2575 1965 2803 2039 ὓστερον
2836 1966 3061 2036 ἔμελλεν
3092 1966 3330 2029 ἀναστὰς
3357 1968 3495 2037 μετὰ
3525 1968 3626 2039 τῆς
3653 1968 3792 2033 ίδίας

2212 2059 2415 2131 σαρκὸς
2453 2060 2817 2130 ἀναφοιτῆσαι
2850 2060 2988 2131 πρὸς
3028 2060 3119 2115 τὸν
3165 2060 3406 2132 Πατέρα,
3442 2061 3530 2116 ἵνα
3556 2062 3656 2134 τὴν
3692 2062 3790 2117 τοῦ

2213 2149 2477 2216 σώζοντος
2502 2149 2807 2220 παρουσίαν
2836 2148 3053 2221 ἔχωμεν
3092 2150 3268 2220 (ἄνευ
3297 2149 3406 2221 γὰρ
3436 2150 3538 2220 τῆς
3582 2168 3791 2221 παρου-

2210 2242 2334 2305 σίας
2387 2242 2628 2314 Χριστοῦ
2686 2241 2952 2296 ἀδύνατον
3007 2242 3246 2314 σωθῆναι
3312 2242 3642 2314 ἄνθρωπον,
3692 2243 3792 2296 καὶ

2209 2334 2597 2405 ἀπαλλαγῆναι
2646 2334 2876 2389 Θανάτου
2907 2334 3002 2387 καὶ
3051 2334 3351 2406 ἁμαρτίας,
3402 2336 3477 2407 μὴ
3520 2334 3792 2403 συνούσης

2210 2426 2366 2497 ἡμῶν
2395 2426 2496 2497 τῆς
2521 2426 2711 2497 ζωῆς),
2742 2426 2949 2481 ἔδωκεν
2984 2429 3117 2500 ἡμῖν
3143 2429 3203 2481 τὸ
3251 2428 3381 2481 ίδιον
3412 2427 3574 2497 σῶμά
3602 2444 3662 2481 τε
3694 2429 3791 2482 καὶ

2211 2513 2376 2588 αἷμα,
2410 2518 2499 2573 ἵνα
2525 2519 2595 2572 δι’
2621 2519 2805 2573 αὐτῶν
2827 2520 2887 2572 τὸ
2913 2520 3013 2590 τῆς
3040 2519 3251 2592 φθορᾶς
3280 2519 3619 2589 καταλύηται
3650 2521 3790 2591 κρα-

2210 2627 2332 2677 τος,
2376 2610 2711 2681 ὲνοικίζηται
2747 2610 2805 2664 δὲ
2844 2613 2968 2676 ταῖς
3004 2612 3303 2684 ἡμετέραις
3335 2612 3537 2683 ψυχαῖς
3569 2612 3661 2665 διὰ
3690 2610 3789 2665 τοῦ

2209 2701 2367 2769 ἁγίου
2418 2701 2759 2772 Πνεύματος,
2805 2703 2902 2756 καὶ
2926 2702 3216 2775 γενώμεθα
3248 2701 3522 2773 ἄγιασμοῦ
3550 2702 3790 2773 μέτοχοι,

2210 2793 2306 2846 καὶ
2341 2793 2586 2865 οὐράνιοι
2633 2793 2933 2866 ἄνθρωποι,
2970 2795 3063 2850 καὶ
3101 2800 3469 2868 πνευματικοὶ
3518 2794 3791 2867 χρηματί-

2213 2898 2419 2952 σωμεν.

2280 2974 2390 3028 Καὶ
2441 2973 2643 3029 λαϐὼν
2673 2975 2741 3031 τὸ
2800 2975 3108 3044 ποτήριον,
3167 2976 3267 3031 καὶ
3311 2976 3787 3047 εὐχαριστήσας,

2208 3062 2433 3117 ἔδωκεν
2462 3064 2689 3132 αὐτοῖς,
2724 3065 2924 3135 λέγων
2948 3080 2963 3095 ·
3001 3068 3173 3122 Πίετε
3197 3067 3268 3133 ἐξ
3290 3068 3478 3123 αὐτοῦ
3505 3066 3752 3133 πάντες.

2282 3153 2616 3228 Εὐχαριστεῖ
2637 3157 2666 3210 6
2687 3157 2893 3230 Κύριος
2918 3157 3099 3214 λαϐὼν
3126 3159 3185 3214 τὸ
3209 3161 3491 3231 ποτήριον,
3514 3160 3793 3215 τουτέστιν

526 3257 796 3312 orationis
826 3254 997 3311 forma
1034 3269 1157 3308 cum
1194 3252 1303 3306 Deo
1342 3250 1580 3321 loquitur
1609 3264 1672 3304 ac
1700 3247 1882 3311 Patre,
1930 3246 2103 3317 ipsum

2209 3247 2266 3301 ὲν
2292 3248 2535 3318 σχήματι
2558 3250 2872 3321 προσευχῆς
2898 3249 3303 3324 διαλέγεταιτῷ
3324 3253 3444 3325 Θεῷ
3470 3255 3566 3309 καὶ
3591 3256 3788 3327 Πατρὶ,

524 3346 926 3416 quodammodo
968 3352 1280 3398 consortem
1319 3356 1384 3395 ac
1414 3339 1894 3409 coapprohatorem
1925 3335 2105 3390 decla-

527 3450 654 3490 rans
702 3434 965 3489 donanda
1011 3432 1168 3488 nobis
1211 3430 1447 3486 viviﬁcaa
1485 3427 1901 3494 benedictionis,
1945 3424 2105 3481 simul

524 3543 657 3584 vero
689 3529 853 3584 etiam
885 3538 1075 3599 typum
1121 3525 1281 3581 nobis
1310 3525 1447 3579 dans
1474 3523 1625 3593 prius
1654 3521 1860 3592 gratias
1887 3518 2104 3589 agendi,

526 3629 690 3690 atque
731 3618 805 3674 ita
845 3618 1127 3690 frangendi
1172 3632 1237 3673 ac
1275 3614 1633 3672 distribuendi
1663 3614 1839 3685 panis.
1877 3612 2107 3681 Ideoque

528 3713 581 3766 in
620 3710 793 3765 oculis
840 3708 936 3765 Dei
974 3709 1229 3780 prmdicta
1285 3707 1607 3777 ponentibus
1659 3705 1815 3761 nobis
1854 3718 1988 3774 Opus
2025 3710 2108 3758 est

526 3803 593 3857 ad
627 3800 1063 3857 benedictionem
1098 3798 1439 3870 spiritualem
1474 3798 1683 3853 intense
1714 3812 1811 3852 nos
1844 3792 2109 3851 transfor~

526 3895 689 3961 mari,
740 3904 798 3949 ut
847 3894 1141 3963 participes
1183 3907 1371 3947 eorum
1415 3888 1612 3953 ell‘ecti,
1651 3888 2005 3958 corporaliter
2042 3902 2108 3944 ac

528 3986 894 4055 spiritualiter
946 3984 1371 4040 sanctiﬁcemur.
1437 3981 1867 4036 Dentonstrative
1922 3991 2105 4034 autem

526 4081 705 4135 dixit:
750 4098 767 4132 ι
806 4077 918 4134 Ηοο
960 4089 1045 4134 est
1073 4092 1270 4147 corpus
1310 4091 1512 4142 meum,
1549 4085 1604 4129 et
1647 4073 1735 4128 hic
1764 4083 1847 4129 est
1885 4073 2107 4142 sanguis

527 4188 701 4235 Illetls,
733 4190 751 4224 ι
806 4186 876 4226 ne
903 4172 1130 4241 ﬁguram
1176 4184 1297 4224 esse
1330 4166 1613 4221 arbitreris
1648 4179 1713 4220 ea
1760 4177 1881 4234 quae
1915 4163 2106 4217 viden-

525 4275 634 4331 tur,
667 4263 779 4337 94
811 4264 904 4319 sed
937 4277 1137 4317 arcana
1172 4261 1382 4315 ratione
1416 4259 1594 4329 aliqua
1628 4255 2008 4313 transformari
2039 4255 2107 4310 ab

523 4360 901 4427 omnipotente
952 4355 1059 4408 Deo
1094 4353 1148 4407 in
1188 4367 1387 4421 corpus
1436 4361 1493 4406 et
1542 4349 1860 4420 sanguinem
1900 4346 2107 4403 Christi

522 4463 649 4504 vere
679 4448 879 4509 oblata,
907 4460 1140 4517 quorum
1180 4444 1474 4514 participes
1508 4443 1687 4499 eﬂ‘ecti
1730 4442 2002 4497 vivilicam
2053 4450 2109 4497 et

529 4540 959 4594 sanctilicantem
1002 4534 1203 4592 Christi
1240 4534 1497 4589 virtutem
1539 4533 1891 4606 suscipimus.
1931 4531 2106 4603 Opor-

2207 3338 2465 3392 κοινωνὸν
2487 3338 2680 3411 ὥσπερ
2702 3341 2868 3395 αὐτὸν
2901 3343 2996 3395 καὶ
3034 3343 3434 3415 συνευδοκητὴν
3468 3346 3791 3415 ἀποφαίνων

2205 3430 2307 3501 τῆς
2329 3429 2701 3503 δοθησομένης
2743 3431 3012 3496 ζωοποιοῦ
3059 3434 3313 3504 εὐλογίας
3357 3438 3523 3507 ἡμῖν·
3574 3438 3691 3509 ἅμα
3729 3439 3789 3492 δὲ

2206 3521 2303 3574 καὶ
2326 3523 2462 3592 ἡμῖν
2484 3521 2657 3577 τύπον
2684 3522 2866 3588 διδοὺς
2895 3524 3110 3597 πρῶτον
3133 3526 3501 3597 εὐχαριστεῖν,
3526 3529 3622 3583 καὶ
3644 3528 3791 3583 οὕτω

2207 3613 2342 3685 κλᾷν
2378 3613 2469 3668 τὸν
2498 3615 2665 3687 ἄρτον
2723 3618 2821 3671 καὶ
2877 3617 3191 3673 διαδιδόναι.
3227 3620 3320 3673 Διὸ
3356 3621 3447 3674 καὶ
3490 3623 3653 3691 ἡμεῖς
3696 3621 3791 3675 ἐπ’

2206 3704 2364 3773 ὕψεσι
2413 3703 2550 3758 Θεοῦ
2583 3705 2653 3759 τὰ
2703 3707 3085 3779 προειρημένα
3111 3707 3389 3772 τιθέντες,
3422 3708 3655 3780 δεόμεθα
3694 3711 3791 3764 έκ-

2206 3797 2375 3861 τενῶς
2410 3798 2490 3861 εἰς
2541 3798 2795 3867 εὐλογίαν
2819 3801 2955 3870 ἡμῖν
2998 3800 3452 3871 μεταπλασθῆναι
3484 3801 3583 3873 τὴν
3627 3819 3792 3855 πνευο

2214 3889 2474 3961 ματικὴν,
2501 3890 2587 3944 ἵνα
2617 3891 2984 3962 μετασχόντες
3010 3890 3196 3943 αὐτῶν
3219 3893 3577 3964 ἁγιασθῶμεν
3605 3910 3791 3964 σωμα-

2206 3980 2377 4045 τικῶς
2401 3983 2496 4035 καὶ
2525 3984 2935 4053 πνευματικῶς.
2965 3985 3267 4049 Δεικτικῶς
3304 3986 3362 4039 δὲ
3397 3982 3517 4039 εἶπε
3540 4005 3552 4018 -
3575 4005 3592 4037 ι
3620 3985 3791 4040 Τοῦτό

2210 4072 2311 4143 μού
2335 4075 2451 4127 ἐστι
2472 4074 2533 4127 τὸ
2551 4074 2740 4145 σῶμα·
2769 4094 2788 4127 ι
2824 4077 2942 4140 καὶ,
2975 4096 2993 4128 ι
3021 4076 3195 4131 Τοῦτό
3228 4077 3330 4149 μού
3353 4079 3468 4132 ἐστι
3486 4078 3547 4132 τὸ
3568 4076 3733 4149 αἷμα·
3764 4099 3784 4131 ι

2208 4165 2296 4218 ἵνα
2329 4162 2405 4234 μὴ
2435 4163 2663 4238 νομίσῃς
2687 4165 2860 4220 τύπον
2885 4163 3026 4221 εἶναι
3063 4167 3134 4222 τὰ
3160 4167 3465 4239 φαινόμενα
3487 4209 3503 4233 ,
3538 4170 3674 4225 ἀλλᾶ
3701 4170 3793 4226 διά

2205 4271 2355 4317 τινος
2397 4254 2643 4326 ἀρρήτου
2705 4256 2803 4310 τοῦ
2867 4258 3050 4313 πάντα
3105 4259 3387 4331 ἰσχύοντος
3434 4259 3572 4314 Θεοῦ
3622 4278 3791 4332 μετα-

2211 4346 2482 4401 ποιεῖσθαι
2537 4349 2620 4412 είς
2679 4348 2840 4421 σῶμα
2896 4351 2995 4405 καλ⁵
3044 4346 3187 4423 αἷμα
3239 4352 3480 4424 Χριστοῦ
3532 4354 3675 4408 κατὰ
3722 4354 3785 4408 τὸ

2209 4437 2409 4507 ἀληθὲς
2459 4437 2529 4491 τὰ
2562 4442 3043 4511 παρενηνεγμένα,
3096 4436 3172 4496 ὧν
3231 4443 3630 4514 μετασχόντες,
3686 4445 3785 4516 τὴν

2210 4528 2474 4594 ζωοποιύν
2508 4531 2606 4585 καὶ
2641 4532 2969 4605 ἁγιαστικὴν
3001 4533 3233 4606 δύναμιν
3275 4535 3372 4589 τοῦ
3407 4536 3647 4608 Χριστοῦ
3682 4539 3794 4590 elc-

528 4634 675 4686 tehat
713 4631 858 4685 enim
906 4645 1030 4685 eum
1076 4643 1171 4700 per
1214 4625 1481 4696 Spiritum
1527 4635 1771 4682 sanctum
1823 4627 1878 4681 in
1927 4624 2106 4690 nobis,

2215 4620 2507 4692 δεχόμεθα.
2538 4622 2686 4677 Ἔδει
2716 4624 2826 4696 γὰρ
2855 4625 3019 4680 αὐτὸν
3040 4626 3129 4681 διὰ
3162 4627 3257 4681 τοῦ
3286 4628 3445 4695 ἁγίου
3478 4629 3792 4701 Πνεύματος

526 4733 685 4793 prout
712 4721 878 4776 Deum
925 4721 1100 4786 decet,
1138 4717 1500 4788 attemperari
1549 4716 1947 4786 quodammodo
1982 4730 2104 4771 cor-

524 4814 745 4885 poribus
789 4812 994 4867 nostris
1037 4826 1135 4881 per
1166 4820 1416 4867 sanctam
1456 4824 1676 4864 carnem
1710 4824 1862 4863 suam
1892 4816 1949 4862 et
1978 4822 2101 4876 pre-

526 4906 722 4958 tiosum
757 4902 1096 4971 sanguinem,
1123 4915 1245 4969 qtne
1277 4899 1465 4969 utique
1511 4897 1674 4953 etiam
1717 4896 2006 4952 habuimus
2037 4896 2106 4951 ad

526 4996 792 5050 viviﬁcatn
826 4992 1281 5058 benedictionem,
1314 5000 1572 5060 tanquam
1613 4989 1665 5047 in
1705 5004 1845 5058 pane
1879 4996 1935 5043 et
1955 4989 2101 5053 vino,

525 5104 593 5143 ne
642 5088 820 5156 ignavi
855 5088 1048 5141 ﬁamus
1099 5100 1320 5139 carnem
1372 5084 1517 5137 illius
1562 5081 1996 5150 sanguinemque
2047 5078 2101 5134 in

522 5181 875 5235 ecclesiarum
911 5178 1116 5233 mensis
1148 5178 1429 5247 proposita
1453 5181 1774 5238 cernentes;
1800 5185 2104 5227 accommo—

523 5276 660 5327 dans
682 5272 827 5327 enint
862 5285 981 5325 sese
1013 5272 1154 5325 Deus
1186 5268 1391 5323 nostris
1421 5265 1861 5332 inﬁrmitatibus,
1894 5263 2101 5319 immit-

524 5365 589 5417 tit
636 5360 928 5431 propositis
980 5359 1105 5413 vitae
1149 5358 1444 5421 virtutem,
1507 5355 1875 5426 transfertque
1922 5368 1987 5408 ea
2034 5353 2102 5408 ad

522 5454 646 5507 vita:
677 5467 786 5506 suae
824 5448 1148 5512 cﬁicaciatn,
1199 5462 1264 5501 ac
1300 5461 1369 5501 ne
1413 5445 1627 5502 dubites
1666 5461 1851 5501 verum
1890 5444 1941 5500 id
1981 5459 2106 5500 esse

524 5545 641 5615 ipso
671 5545 818 5598 clare
838 5543 1222 5614 pronuntiante
1250 5557 1277 5603 :_
1296 5558 1313 5590 ι
1345 5537 1460 5593 Hoc
1493 5547 1575 5594 est
1603 5554 1800 5609 corpus
1831 5553 2043 5605 meum;
2079 5556 2100 5590 ι

522 5647 619 5692 et:
655 5656 672 5688 ι
704 5634 801 5691 llic
841 5645 926 5690 est
975 5632 1203 5704 sanguis
1251 5648 1442 5697 tuens;
1474 5652 1493 5686 ι
1537 5633 1753 5702 suscipe
1787 5642 1964 5688 autem
2007 5647 2104 5701 po-

590 5814 634 5847 "
667 5815 807 5871 Psal.
834 5813 1056 5881 ι.1ν,14.
1135 5814 1180 5844 ⁵¹
1208 5811 1351 5870 Psal.
1388 5829 1475 5880 ιιι,
1504 5814 1589 5869 10.
1670 5813 1714 5845 ³³
1742 5812 1896 5869 Joan.
1934 5830 2053 5883 xm,
2076 5815 2167 5872 26.

2212 4716 2269 4769 ὲν
2298 4716 2433 4785 ἡμῖν
2468 4714 2793 4787 θεοπρεπῶς
2827 4718 3327 4791 συνανακίρνασθαι
3355 4721 3419 4793 δὴ
3455 4721 3644 4795 ὥσπερ
3678 4724 3792 4787 τοῖς

2210 4806 2506 4880 ἡμετέροις
2536 4806 2755 4880 σώμασι
2778 4808 2869 4863 διὰ
2899 4811 3000 4881 τῆς
3030 4811 3193 4881 ἁγίας
3238 4814 3442 4886 σαρκὸς
3471 4816 3637 4870 αὐτοῦ
3696 4816 3792 4870 καὶ

2206 4898 2301 4952 τοῦ
2338 4899 2522 4970 τιμίου
2557 4901 2789 4973 αἵματος
2812 4916 2826 4930 ·
2859 4900 2897 4956 ἃ
2930 4902 2995 4974 δὴ
3036 4906 3132 4958 καὶ
3162 4906 3479 4976 ἐσχήκαμεν
3515 4908 3598 4971 εἰς
3635 4907 3790 4961 εὐλοο

2206 4991 2332 5058 γίαν
2360 4990 2627 5057 ζωοποιδν
2657 4993 2734 5057 ὡς
2763 4995 2822 5046 ὲν
2855 4994 3006 5066 ἄρτῳ
3036 5013 3099 5050 τε
3131 4998 3227 5051 καὶ
3255 4998 3404 5069 οἴνῳ,
3435 4999 3521 5051 ἴνα
3547 4999 3623 5070 μὴ
3654 4999 3791 5052 ἀπο·-

2210 5085 2578 5155 ναρκήσωμεν
2610 5084 2793 5158 σάρκα
2823 5105 2883 5140 τε
2912 5090 3010 5143 καὶ
3035 5084 3175 5160 αἷμα
3198 5092 3538 5163 προκείμενα
3568 5090 3789 5162 βλέπον-

2208 5191 2302 5239 τες
2334 5177 2392 5230 ὲν
2428 5177 2612 5247 ἁγίαις
2657 5177 2961 5249 τραπέζαις
3015 5182 3359 5253 ἐκκλησιῶν·
3416 5186 3791 5252 συγκαθιπά-

2216 5284 2379 5339 μενος
2417 5268 2527 5342 γὰρ
2560 5272 2589 5325 6
2616 5270 2750 5336 Θεὸς
2778 5274 2900 5336 ταῖς
2929 5273 3230 5344 ἡμετέραις
3261 5276 3592 5341 ἀσθενείαις,
3619 5279 3792 5349 ἐνίησι

2212 5362 2327 5424 τοῖς
2362 5362 2747 5434 προκειμένοις
2803 5364 3036 5436 δύναμιν
3088 5367 3270 5439 ζωῆς,
3323 5370 3421 5423 καὶ
3475 5371 3793 5443 μεθίστησιν

2212 5451 2353 5506 αὐτὰ
2412 5455 2551 5526 πρὸς
2606 5455 2896 5527 ἐνέργειαν
2945 5458 3049 5531 τῆς
3094 5461 3289 5515 ἑαυτοῦ
3323 5461 3509 5533 ζωῆς·
3565 5465 3661 5519 καὶ
3713 5464 3791 5537 μὴ

2213 5546 2532 5618 ἀμφιϐάλῃς
2565 5548 2648 5602 ὅτι
2686 5548 2847 5603 τοῦτό
2880 5552 3029 5606 ἐστιν
3068 5553 3289 5626 ἀληθὲς,
3332 5554 3499 5609 αὐτοῦ
3543 5555 3795 5625 λέγοντος

2214 5640 2461 5712 ἐναργῶς
2481 5659 2495 5672 ·
2527 5661 2544 5695 ι
2573 5642 2744 5697 Τοῦτό
2779 5643 2881 5716 μού
2910 5646 3025 5700 ἐστι
3054 5646 3116 5700 τὸ
3150 5648 3342 5718 σῶμα,
3379 5667 3398 5702 ι
3448 5648 3541 5704 καὶ
3567 5668 3585 5702 ι
3621 5645 3796 5703 Τοῦτό
