4134 6374
408 348 515 402 4ἕῦ

1564 340 1915 398 COMMENT.
1954 340 2019 396 IN
2062 338 2496 397 MATTIIEUM.

3538 333 3642 390 65-1

411 462 515 535 μού
542 465 659 517 ἐστι
678 462 737 516 τδ
754 456 914 534 αἷμα·
947 480 965 513 ι
988 460 1144 533 δέχου
1172 460 1229 515 δὲ
1257 459 1459 533 μᾶλλον
1473 459 1655 514 πίστει
1678 460 1771 514 τοῦ
1798 460 1978 531 Σωτῆ-

2094 462 2189 515 lius
2218 476 2316 531 per
2343 460 2501 515 tidem
2534 455 2841 514 Servatoris
2879 472 3205 515 sermonem.
3248 457 3463 514 Veritas
3492 460 3639 512 enim

415 572 509 623 ρος
534 553 626 607 τὸν
653 553 828 623 λόγον.
880 553 1133 624 Ἀλήθεια
1165 555 1275 624 γὰρ
1310 553 1407 618 ὢν,
1433 553 1495 606 οὐ
1523 552 1795 621 ψεύδεται.

485 644 624 698 Τότε
651 642 814 713 λέγει
865 643 1072 710 αὐτοῖς
1113 647 1146 697 ὀ
1201 642 1471 711 Ἰησοῦς·
1522 641 1753 708 Πάντες
1812 643 1980 712 ὑμεῖς

408 731 1023 798 σκανδαλισθήσεσθε
1054 733 1129 786 ἐν
1166 731 1296 802 ἐμοὶ
1337 733 1407 785 ἐν
1440 730 1514 801 τῇ
1551 734 1723 786 νυκτὶ
1759 734 1977 801 ταύτῃ·

409 822 730 892 γέγραπται
768 824 877 892 γάρ
904 840 919 855 ο
973 824 1221 888 Πατάξω
1259 824 1369 877 τὸν
1402 824 1680 893 ποιμένα,
1722 824 1821 877 καὶ
1856 824 1981 878 δια-

410 915 927 982 σκορπισθήσεται
958 916 1030 969 τὰ
1058 917 1324 985 πρόϐατα
1350 915 1462 983 τῆς
1484 917 1766 986 ποίμνης.

485 1006 655 1060 Πόθεν
681 1009 775 1060 καὶ
802 1007 881 1078 τῷ
907 1008 1097 1079 Πέτρῳ
1127 1008 1221 1061 καῖ⁵
1251 1011 1365 1072 τοῖς
1394 1009 1576 1073 ἄλλοις
1601 1011 1850 1074 τοσοῦτος
1871 1010 1981 1078 ὲγί-

416 1116 537 1153 νετο
566 1100 763 1169 φόϐος;
806 1102 1219 1174 Ἐταράχθησαν
1250 1104 1298 1155 οἱ
1332 1103 1578 1173 μαθηταὶ
1605 1104 1702 1173 οὐχ
1748 1104 1824 1167 ὡς
1858 1102 1981 1156 ὲλα-

415 1192 541 1262 φροί
593 1209 774 1257 τινες,
830 1193 946 1247 ἀλλ’
997 1195 1079 1248 ὃτι
1127 1193 1330 1263 πολλῆς
1385 1194 1584 1265 ἔγεμεν
1634 1196 1869 1267 ἀπορίας
1919 1194 1981 1248 τὸ

417 1285 671 1353 πρᾶγμα,
711 1284 805 1336 καὶ
838 1284 1284 1354 δυσκατάληπτος
1311 1281 1381 1356 ἦν
1430 1288 1463 1356 ή
1508 1287 1708 1355 γνῶσις
1738 1286 1834 1339 τοῦ
1876 1303 1982 1354 μυ-

361 1439 367 1445 _
417 1374 641 1446 στηρίου
668 1376 879 1440 τούτου,
908 1377 1025 1440 πῶς
1051 1379 1079 1429 6
1112 1377 1240 1441 τοὺς
1269 1379 1497 1448 νεκροὺς
1528 1379 1860 1448 ἀναστήσας,
1888 1378 1982 1431 καὶ

419 1467 587 1538 μυρία
633 1468 867 1538 ποιήσας
920 1470 1121 1538 σημεῖα
1176 1468 1315 1539 ὑπὲρ
1361 1468 1668 1539 ἄνθρωπον,
1698 1469 1779 1532 εἰς
1809 1469 1983 1533 οὕτως

413 1558 607 1628 ἄτιμον
639 1558 916 1629 παρεδόθη
971 1560 1221 1615 θάνατον.
1255 1553 1426 1624 Οὗτος
1470 1560 1526 1613 δὲ
1574 1556 1643 1632 ἦν
1675 1560 1705 1612 6
1745 1560 1833 1614 διὰ
1885 1560 1980 1613 τοῦ

414 1649 691 1719 προφήτου
715 1648 955 1720 εἰρηκώς
974 1667 987 1682 ο
1018 1670 1036 1702 ι
1062 1650 1293 1718 Πατάξω
1320 1651 1412 1704 τὸν
1442 1651 1696 1722 ποιμένα.
1722 1670 1741 1702 ι
1769 1650 1860 1703 Διὺ
1889 1651 1983 1704 καὶ

415 1743 443 1792 6
472 1740 635 1793 Δαϐίδ
658 1758 792 1810 φησι
831 1740 968 1813 πρὸς
1010 1742 1101 1795 τὸν
1135 1744 1373 1814 Πατέρα,
1398 1744 1481 1796 ὅτι
1513 1762 1531 1795 ι
1569 1744 1665 1797 ’⁸ον
1693 1744 1757 1797 σὺ
1783 1742 1982 1796 ἐπάτα-

2080 567 2202 606 cmn
2233 553 2323 616 sit,
2363 564 2468 604 non
2499 550 2779 604 mentitur.

2151 641 2350 707 XXVI,
2398 641 2487 696 5i.
2552 640 2696 695 Tum:
2746 641 2871 694 dicit
2915 640 3023 695 illis
3074 641 3233 695 .lesus
3261 655 3277 693 :
3308 639 3503 695 Omnes
3554 658 3643 695 vos

2078 734 2388 790 scandalum
2410 732 2682 800 patiemini
2704 733 2757 786 in
2789 748 2903 795 me,
2930 733 2984 785 in
3015 744 3161 788 nocte
3187 734 3329 797 ista;
3388 734 3642 802 scriptum

2078 838 2152 883 est
2179 828 2315 881 enim
2338 842 2354 879 :
2381 825 2687 880 Percutiam
2725 836 2988 895 pastorem
3008 865 3024 890 ,
3048 837 3097 881 et
3123 827 3490 897 dispergentur
3524 841 3643 879 oves

2078 916 2267 986 gregis.

2149 1006 2258 1077 95
2294 1004 2572 1062 Undenam
2638 1005 2832 1062 Petrus
2878 1022 3094 1079 quoque
3138 1008 3340 1078 aliique
3380 1017 3529 1064 tanto
3583 1008 3646 1062 ti-

2082 1113 2232 1153 more
2284 1098 2433 1154 fuere
2461 1099 2736 1168 perculsi?
2783 1099 3013 1155 Turbati
3056 1110 3185 1156 sunt
3206 1101 3493 1169 discipuli,
3535 1114 3644 1155 non

2083 1198 2340 1258 tanquam
2368 1189 2562 1244 molles
2588 1190 2805 1259 quidem
2822 1229 2840 1258 ,
2896 1190 2991 1246 sed
3016 1205 3083 1245 eo
3118 1192 3263 1259 quod
3289 1190 3647 1260 pereulsionis

2081 1279 2296 1349 plenum
2331 1292 2475 1338 esset
2504 1284 2809 1354 negotium,
2839 1293 3107 1355 captuque
3138 1285 3427 1339 admodum
3458 1283 3646 1339 didici—

2085 1370 2151 1427 lis
2182 1372 2343 1441 huius
2378 1375 2624 1445 mysterii
2653 1375 2926 1446 cognitio,
2961 1376 3233 1444 quomodo
3273 1378 3366 1447 qui
3405 1384 3645 1430 mortuos

2083 1465 2431 1520 resuscitarat
2455 1481 2519 1521 ac
2553 1466 2835 1521 innumera
2868 1476 2924 1521 et
2947 1481 3109 1537 supra
3154 1467 3428 1522 hominem
3463 1477 3647 1535 patra-

2083 1564 2169 1611 rat
2198 1558 2373 1626 signa,
2401 1567 2509 1612 tam
2545 1558 2913 1628 ignominiosa:
2945 1560 3105 1615 morti
3129 1568 3273 1614 esset
3293 1558 3645 1613 addicendus.

2086 1647 2183 1702 llic
2215 1657 2397 1702 autem
2430 1658 2582 1715 erat,
2613 1649 2681 1703 de
2705 1664 2814 1719 quo
2839 1663 2933 1718 per
2960 1650 3275 1720 prophetam
3298 1650 3499 1703 dictum
3525 1657 3643 1703 est:

2088 1759 2108 1792 ι
2141 1739 2443 1795 Percutiam
2474 1750 2742 1811 pastorem
2774 1742 2931 1809 ⁸⁸-⁸⁸;
2964 1760 2983 1794 ι
3020 1742 3243 1810 ideoque
3257 1740 3423 1795 David
3459 1740 3524 1793 ad
3543 1738 3648 1794 Pa-

416 1830 538 1896 ξας,
570 1831 725 1884 αὐτοὶ
763 1832 1113 1899 κατεδίωξαν.
1138 1853 1157 1886 ι
1208 1834 1356 1905 Πλὴν
1395 1834 1456 1887 οὐ
1484 1832 1661 1905 πάντη
1695 1835 1853 1888 τοῦτο
1884 1835 1980 1887 καὶ

2094 1846 2215 1886 irem
2256 1831 2371 1887 ait:
2414 1850 2432 1884 ι
2490 1832 2661 1899 Quem
2695 1843 2750 1889 tu
2800 1834 3152 1904 percussisti,
3215 1833 3317 1902 ipsi
3370 1832 3642 1903 persecuti

418 1922 633 1985 πάντως
658 1922 851 1990 γέγονε
882 1922 1135 1994 βουλήσει
1162 1924 1256 1978 τοῦ
1288 1927 1523 1997 Πατρὸς,
1555 1926 1669 1979 ἀλλ’
1696 1925 1855 1996 ήθελε
1885 1926 1982 1996 μὲν

418 2010 495 2081 μὴ
538 2011 734 2064 παθεῖν
768 2012 962 2079 αὑτὸν,
1012 2016 1127 2085 εἴγε
1178 2016 1574 2088 προσεδέξαντο
1605 2017 1656 2069 ol
1705 2017 1980 2070 Ἰουδαῖοι·

416 2102 601 2172 ἐπειδὴ
642 2103 737 2155 καὶ
759 2104 817 2157 οὺ
843 2107 1213 2177 προσήκαντο,
1246 2107 1360 2160 ἀλλ’
1383 2107 1655 2179 ἠθέλησαν
1701 2107 1979 2177 φονεῦσαι,

417 2196 781 2264 συγκατέθετο
812 2198 840 2250 6
881 2197 1069 2267 Πατὴρ
1116 2195 1194 2267 τῷ
1229 2196 1345 2266 Υἱῷ
1377 2195 1536 2249 τοῦτο
1571 2195 1783 2251 παθεῖν.
1828 2195 1985 2249 Οὕτω

417 2286 477 2339 δὲ
511 2288 729 2357 νοητέον
756 2288 851 2341 καὶ
895 2288 955 2339 τὸ
983 2286 1273 2357 εἰρημένον
1300 2286 1436 2356 πρὸς
1464 2286 1695 2340 Πιλᾶτον
1728 2286 1832 2338 ὑπὸ
1861 2287 1984 2357 X9:-

418 2377 566 2440 στοῦ,
598 2379 679 2431 ὅτι
719 2397 737 2431 ι
773 2379 885 2431 Οὐκ
914 2374 1057 2447 εἶχες
1087 2377 1334 2444 ἐξουσίαν
1369 2377 1625 2448 οὐδεμίαν
1670 2379 1790 2430 κατ’
1819 2378 1981 2445 ἐμοῦ,

416 2471 465 2521 εἰ
499 2469 573 2540 μὴ
602 2464 672 2539 ἦν
704 2486 787 2522 σοι
826 2469 1107 2539 δεδομένον
1142 2468 1381 2523 ἄνωθεν·
1429 2487 1447 2518 ι
1473 2470 1595 2523 ἀντὶ
1632 2469 1757 2534 τοῦ,
1793 2469 1983 2542 [Εῑ]μὴ

420 2560 707 2631 συνῄνεσεν
732 2561 761 2612 6
790 2560 978 2632 Πατὴρ
1010 2560 1250 2631 ἑλομένῳ
1283 2577 1373 2631 μοι
1408 2559 1625 2615 παθεῖν.

486 2733 647 2788 Μετὰ
677 2734 746 2787 δὲ
774 2734 841 2788 τὸ
861 2734 1178 2805 ἐγερθῆναί
1193 2751 1291 2804 με,
1318 2734 1556 2804 προάξω
1585 2736 1742 2806 ὑμᾶς
1762 2739 1850 2804 εἰς
1871 2736 1977 2807 τὴν

414 2826 769 2881 Γαλιλαίαν.

488 2916 601 2969 Οὐκ
627 2916 805 2986 ἀφῆκε
842 2915 970 2978 τοὺς
1008 2912 1258 2985 μαθητάς
1299 2914 1461 2986 μέχρι
1504 2917 1612 2970 τῶν
1648 2916 1986 2990 σκυθρωπῶν

420 3010 623 3076 μεῖναι,
669 3006 1099 3079 προαναγγέλλει
1131 3006 1188 3059 δὲ
1231 3005 1328 3077 τὴν
1361 3007 1682 3072 ἀνάστασιν,
1714 3007 1856 3061 λύων
1889 3008 1984 3061 αύ-

2083 1930 2207 1975 sunt
2236 1921 2303 1976 “.
2329 1939 2348 1972 ι
2392 1921 2513 1978 Non
2546 1932 2724 1978 tamen
2760 1924 2861 1979 hoc
2904 1923 3126 1978 omnino
3164 1920 3340 1976 Patris
3369 1920 3649 1975 voluntate

2085 2010 2284 2066 factum
2322 2020 2439 2079 est;
2476 2014 2572 2069 sed
2606 2004 2753 2068 illum
2785 2014 3001 2083 quidem
3030 2028 3134 2069 non
3175 2013 3281 2083 pati
3310 2011 3500 2072 voluit,
3532 2026 3648 2064 mo-

2083 2102 2152 2156 do
2203 2104 2568 2173 suscepissent
2613 2105 2762 2159 illum
2801 2103 2993 2159 Judaei.
3035 2104 3168 2160 Cum
3217 2120 3344 2158 vero
3378 2105 3526 2159 illum
3558 2119 3648 2159 se-

2085 2194 2191 2246 cuti
2225 2210 2328 2248 non
2360 2196 2468 2249 sint
2488 2236 2504 2262 ,
2538 2197 2631 2250 sed
2664 2197 2969 2252 interﬁcere
2990 2196 3294 2262 voluerint,
3321 2198 3650 2251 condescen-

2085 2286 2165 2338 dit
2196 2284 2396 2350 Pater,
2434 2297 2491 2339 ut
2527 2286 2695 2341 Filius
2752 2288 2855 2342 hoc
2889 2297 3185 2356 pateretur.
3230 2289 3304 2341 Ita
3343 2299 3522 2343 autem
3560 2289 3645 2342 iii-

2088 2378 2429 2445 telligendum
2462 2386 2539 2432 est
2560 2419 2577 2443 ,
2606 2379 2749 2448 quod
2780 2378 2955 2433 Pilato
2978 2378 3182 2433 dictum
3227 2390 3310 2433 est
3336 2395 3364 2431 a
3392 2379 3610 2433 Christo
3630 2417 3647 2440 ,

2086 2469 2209 2537 quia
2244 2486 2263 2519 ι
2299 2466 2412 2522 Non
2442 2470 2669 2526 haberes
2712 2480 3033 2540 potestatem
3069 2471 3332 2526 adversus
3367 2487 3449 2524 me
3479 2470 3642 2524 ullam

2087 2557 2187 2610 nisi
2234 2556 2327 2610 tibi
2370 2558 2550 2611 datum
2593 2569 2739 2613 esset
2782 2559 3012 2630 desuper
3038 2560 3115 2626 ⁸⁷,
3168 2578 3187 2613 ι
3222 2560 3275 2614 id
3300 2569 3417 2616 est:
3454 2559 3511 2615 Si
3542 2576 3650 2617 non

2086 2649 2421 2718 permisisset
2452 2651 2719 2704 volentem
2754 2650 2915 2706 Pater
2938 2667 3024 2707 me
3052 2653 3182 2721 pati.

2158 2738 2325 2793 XXVI
2346 2784 2359 2804 ,
2396 2741 2486 2795 52.
2522 2740 2811 2812 Postquam
2834 2752 3012 2797 autem
3056 2759 3390 2799 resurrexero
3410 2785 3427 2811 ,
3451 2759 3652 2813 precs-

2087 2832 2209 2883 dam
2233 2849 2317 2884 vos
2348 2832 2401 2884 in
2436 2829 2737 2886 Galila'am.

2161 2921 2274 2975 Non
2301 2922 2412 2994 96
2443 2924 2567 2977 sivit
2595 2923 2891 2993 discipulos
2920 2938 3138 2993 semper
3159 2926 3364 2981 haerere
3398 2927 3450 2981 in
3486 2927 3649 2981 tristi-
3720 2944 3727 2951 ’

2090 3012 2197 3079 tia;
2262 3014 2590 3081 praenuntiat
2647 3025 2825 3069 autem
2886 3015 3371 3079 resurrectionem,
3436 3016 3653 3072 illorum

415 3098 526 3151 τῶν
572 3100 673 3169 τὴν
714 3098 927 3169 λύπην,
979 3099 1075 3151 καὶ
1136 3097 1535 3167 ἐπαγγέλλεται
1586 3098 1987 3170 προλαμϐάνειν

2094 3102 2361 3156 tristitiam
2410 3104 2740 3168 dissolvens,
2818 3105 3205 3175 denuntiatque
3258 3120 3653 3176 praecessurum

419 3192 617 3255 αὐτοὺς
662 3192 742 3254 εἰς
775 3190 873 3262 τὴν
908 3190 1218 3255 Γαλιλαίαν,
1253 3192 1321 3246 δι’
1350 3183 1411 3245 οὗ
1440 3193 1715 3262 σημαίνει,
1741 3192 1822 3244 ὅτι
1853 3191 1983 3261 μέλι

2094 3209 2204 3247 sese
2222 3211 2315 3248 eos
2346 3195 2395 3246 iit
2425 3193 2725 3257 Galilaeam,
2751 3210 2860 3264 quo
2884 3195 3151 3264 signiﬁcat
3167 3210 3288 3252 sese
3311 3212 3654 3252 recessurum

421 3286 501 3337 λει
529 3284 831 3355 ἀποφοιτᾷν
860 3284 970 3337 τῶν
1009 3284 1298 3351 Ἰουδαίων,
1330 3284 1426 3338 καὶ
1455 3286 1533 3348 είς
1556 3284 1624 3338 τὰ
1654 3284 1782 3354 ἔθνη
1824 3300 1988 3352 μεταο

420 3378 644 3446 χωρεῖν.
677 3375 791 3428 Οὐκ
820 3375 916 3429 ἀπ’
944 3374 1171 3445 ούρανοῦ
1203 3375 1451 3445 φαίνεται
1494 3373 1716 3437 εὐθέως,
1760 3373 1878 3426 οὐδὲ
1910 3374 1989 3435 εἰς

426 3468 642 3538 μακράν
676 3484 799 3521 τινα
829 3466 1014 3539 χώραν
1045 3466 1286 3530 ἄπεισιν,
1317 3467 1431 3520 ἀλλ’
1458 3469 1516 3520 ὲν
1539 3466 1687 3536 αὐτῷ
1718 3465 1796 3536 τῷ
1822 3466 1987 3529 ἔθνει,

420 3561 481 3610 ὲν
510 3554 555 3627 ᾧ
578 3558 675 3611 καὶ⁸
698 3558 1041 3629 ἐσταυρώθη,
1068 3559 1125 3610 ἐν
1171 3559 1356 3622 αὐτοῖς
1387 3558 1572 3629 σχεδὸν
1600 3561 1710 3621 τοῖς
1748 3557 1988 3627 χωρίοις.

424 3652 590 3703 Ὥστε
634 3648 931 3702 κάντεῦθεν
969 3649 1168 3711 αὐτοὺς
1211 3648 1607 3711 πιστώσασθαι,
1635 3649 1715 3700 ὅτι
1754 3649 1782 3700 6
1830 3664 1989 3701 σταυ-

422 3740 643 3811 ρωθεὶς,
668 3739 831 3802 αὐτὸς
864 3736 930 3809 ἧν
957 3741 1050 3792 καὶ
1078 3741 1104 3792 6
1133 3738 1393 3803 ἀναστὰς,
1422 3740 1517 3791 καὶ
1541 3738 1712 3809 ταύτῃ
1742 3738 1992 3808 σκυθρω-

423 3831 696 3895 πάζοντας
727 3830 988 3899 μειζόνως
1015 3829 1542 3901 παραμυθήσασθαι.
1572 3830 1670 3883 Διὰ
1698 3828 1857 3882 τοῦτο
1898 3831 1993 3883 καὶ

424 3924 485 3974 ἐν
519 3924 586 3991 τῇ
614 3920 875 3992 Γαλιλαίᾳ
904 3916 1076 3982 εἷπεν,
1113 3921 1200 3972 ἵνα
1239 3919 1335 3973 τοῦ
1380 3919 1545 3989 φόϐου
1582 3919 1692 3973 τῶν
1726 3918 1993 3972 Ἰουδαίων

424 4013 825 4082 ἀπαλλαγέντες
873 4011 1207 4066 πιστεύσωσι
1258 4011 1336 4082 τῷ
1386 4011 1695 4082 λεγομένων
1774 4009 1855 4064 διδ
1900 4010 1994 4065 καὶ

426 4106 543 4156 ἐκεῖ
570 4103 767 4173 ἐφάνη.
1306 4100 1313 4106 ’

501 4198 636 4250 Τότε
673 4194 1106 4262 λέγειαὺτοῖςο
1144 4194 1486 4263 Περίλυπός
1534 4193 1707 4246 ἐστιν
1748 4193 1786 4261 ἡ
1821 4190 1992 4261 ψυχή

422 4307 539 4360 μου
570 4288 681 4355 ἕως
726 4287 988 4342 θανάτου
1016 4303 1032 4319 °
1079 4287 1324 4357 μείνατε
1347 4279 1485 4349 ὧδε,
1515 4285 1615 4338 καὶ
1660 4283 1996 4355 γρηγορεῖτε

423 4382 547 4450 μετ’
574 4380 743 4448 ἐμοῦ.

496 4475 762 4527 Λυπεῖται
789 4472 866 4535 ὡς
898 4470 1207 4542 ἄνθρωπος,
1241 4467 1339 4522 καὶ
1376 4467 1443 4521 τὰ
1475 4465 1570 4520 τοῦ
1598 4465 1847 4538 σώματος
1891 4466 1995 4519 ἴδια

428 4568 663 4620 ποιεῖται
709 4567 740 4619 6
782 4563 1034 4632 ἀπαθὴς,
1072 4560 1261 4631 ἐπειδὴ
1319 4560 1388 4613 τὰ
1420 4559 1520 4630 τῆς
1580 4558 1996 4631 ἀνθρωπότητος

428 4659 584 4712 κοινά
604 4658 754 4711 ὲστιν
799 4654 979 4726 αὐτῷ·
1014 4653 1204 4723 ὥσπερ
1235 4652 1332 4705 καὶ
1371 4650 1441 4705 τὰ
1488 4650 1623 4721 μόνῃ
1660 4652 1728 4720 τῇ
1781 4649 1994 4720 θεότητι

429 4749 730 4819 πρέποντα,
778 4746 937 4800 κοινά
992 4761 1110 4807 πως
1162 4742 1355 4812 γέγονε
1404 4742 1472 4811 τῇ
1524 4739 1709 4811 σαρκὶ,
1757 4738 1848 4793 διὰ
1895 4740 1994 4809 τὴν

427 4841 666 4912 ἄρρητον
698 4838 796 4893 καὶ
821 4838 1203 4910 άνέκφραστον
1242 4837 1458 4889 ἕνωσιν.
1496 4835 1607 4888 Καὶ
1645 4832 1722 4905 μὴ
1766 4833 1997 4888 σκανδαο

430 4930 623 4993 λιζέτω
656 4929 778 4983 τινὰ
810 4927 873 4981 τὸ
908 4927 1125 4997 συμϐάν
1146 4941 1161 4955 ο
1188 4927 1223 4996 ἡ
1252 4923 1363 4994 γὰρ
1402 4921 1541 4994 πρὸς
1574 4920 1750 4991 σάρκα
1784 4918 2001 4982 σύνοδος

428 5020 523 5073 106
561 5021 757 5089 λόγου,
785 5018 1033 5074 παθοῦσα
1060 5016 1131 5070 τὰ
1156 5014 1381 5085 ἑαυτῆς,
1417 5011 1705 5084 βεϐαιώσει
1729 5009 1909 5073 καλῶς
1942 5010 2001 5061 ὲν

433 5114 562 5182 ἡμῖν
585 5111 687 5181 τῆς
719 5109 1188 5182 ὲνανθρωπήσεως
1214 5106 1276 5159 τὸ
1306 5107 1627 5176 μυστήριον.

503 5202 692 5270 Πάτερ
735 5218 876 5271 μου,
906 5202 958 5253 εὶ
1006 5198 1269 5253 δυνατόν
1317 5196 1472 5255 ἐστι,
1522 5191 1862 5261 παρελθέτω
1896 5190 2002 5244 ἀπ’

430 5295 579 5365 ἐμοῦ
627 5293 695 5347 τὸ
757 5292 1044 5359 ποτήριον
1117 5288 1332 5343 τοῦτο·
1392 5284 1560 5353 πλὴν
1589 5286 1700 5352 οὺχ
1754 5283 1836 5347 ὡς
1886 5280 2002 5350 ἐγὼ

431 5388 607 5447 θέλω,
636 5384 771 5439 ἀλλ’
797 5384 877 5449 ὠς
910 5384 1013 5437 σύ.

504 5480 770 5547 Πθτήριον
792 5477 849 5528 ὲν
872 5474 1082 5537 τούτοις
1114 5471 1214 5544 τὴν
1251 5470 1340 5525 διὰ
1369 5468 1461 5523 τοῦ
1493 5467 1725 5521 θανάτου
1757 5461 2003 5518 κατακά-

435 5586 602 5641 ρωσιν
633 5568 922 5631 ἀποκαλεῖ,
964 5567 1057 5619 καὶ
1097 5565 1198 5637 τὴν
1242 5561 1409 5617 οἱονεὶ
1455 5559 1591 5631 πρὸς
1618 5557 1786 5611 ὕπνον
1842 5572 2003 5609 κατα-

2088 3301 2117 3337 a
2155 3285 2353 3340 Iudaeis
2377 3326 2392 3349 ,
2445 3298 2498 3340 et
2527 3288 2592 3340 ad
2620 3298 2805 3354 gentes
2856 3290 3230 3343 transiturum.
3284 3288 3398 3343 Non
3446 3305 3476 3343 a
3515 3290 3657 3345 caelo

2091 3379 2271 3432 Statim
2327 3380 2538 3446 prodit,
2586 3395 2761 3449 neque
2793 3382 2844 3434 in
2898 3381 3241 3451 longinquam
3275 3382 3508 3451 aliquam
3544 3383 3658 3439 abit

2092 3470 2402 3537 regionem,
2434 3468 2528 3521 sed
2580 3470 2631 3521 in
2687 3470 2787 3523 hac
2817 3468 2929 3537 ipsa
2957 3479 3115 3538 gente
3140 3481 3421 3537 versatur,
3465 3472 3517 3526 in
3550 3487 3655 3542 qua

2090 3570 2144 3613 et
2175 3560 2319 3612 cruci
2357 3559 2457 3612 fuit
2485 3558 2676 3613 aﬂixus
2696 3601 2712 3625 ,
2741 3570 2795 3613 et
2845 3560 2897 3613 in
2934 3560 3122 3615 iisdem
3155 3561 3267 3616 fere
3298 3563 3609 3633 regionibus
3639 3581 3653 3617 :

2094 3659 2151 3701 ut
2199 3649 2281 3704 vel
2315 3650 2437 3704 inde
2481 3650 2644 3704 etiam
2694 3650 2793 3719 ipsi
2837 3655 3121 3707 crederent
3161 3669 3318 3719 eum,
3373 3656 3462 3724 qui
3508 3656 3658 3710 cruci

2093 3741 2283 3794 allixus
2329 3740 2534 3805 fuerat,
2591 3743 2840 3796 eumdem
2888 3757 3010 3798 esse
3040 3760 3161 3798 cum
3192 3759 3285 3809 eo,
3332 3745 3423 3815 qui
3472 3761 3660 3801 resur-

2093 3837 2337 3892 rexerat,
2392 3838 2553 3897 atque
2579 3830 2679 3883 bac
2714 3831 2922 3885 ratione
2951 3833 3170 3887 tristitia
3212 3832 3435 3890 allectos
3484 3836 3659 3904 magis

2094 3919 2492 3975 consolaretur.
2546 3920 2845 3990 Propterea
2892 3922 2944 3976 in
2994 3922 3212 3979 Galilaza
3245 3942 3459 3997 quoque
3485 3927 3657 3993 dixit,

2095 4023 2152 4065 ut
2197 4023 2340 4066 metu
2400 4012 2706 4067 Judazorum
2760 4013 3014 4082 liberati,
3071 4018 3297 4072 credant
3350 4018 3423 4072 illi
3479 4020 3657 4088 dicto,

2096 4101 2323 4169 ideoque
2349 4102 2514 4156 etiam
2548 4101 2619 4155 ibi
2654 4104 2921 4172 apparuit.

2171 4193 2370 4258 XXVI,
2402 4194 2491 4249 58.
2540 4193 2683 4248 Tunc
2714 4195 2790 4249 ait
2812 4196 2920 4249 illis
2951 4196 3177 4252 :Tristis
3203 4209 3277 4251 est
3308 4201 3484 4254 animo
3520 4217 3659 4268 mea,

2097 4303 2258 4356 usque
2282 4289 2354 4341 ad
2377 4296 2595 4341 mortem
2623 4303 2641 4352 ;
2673 4286 2926 4342 sustinete
2956 4287 3039 4342 hic
3064 4300 3111 4344 et
3138 4290 3351 4360 vigilate
3373 4308 3596 4346 mecum.

2174 4459 2243 4515 Ut
2264 4462 2457 4527 homo,
2491 4462 2847 4520 contristatur
2870 4505 2883 4531 ,
2936 4479 3000 4519 ac
3027 4464 3274 4534 corporis
3318 4466 3532 4536 propria
3567 4482 3660 4537 pa-

2104 4551 2262 4617 titur,
2299 4551 2390 4621 qui
2415 4551 2765 4617 impassibilis
2789 4564 2903 4619 est,
2941 4568 3006 4608 eo
3030 4554 3172 4624 quod
3205 4554 3281 4608 illi
3314 4570 3437 4609 cum
3473 4556 3665 4611 buma-

2102 4647 2272 4700 nitate
2323 4646 2384 4699 lit
2432 4646 2742 4700 communio
2774 4663 2787 4700 :
2820 4654 2878 4701 ut
2903 4647 3067 4701 etiam
3103 4661 3198 4710 ea,
3224 4662 3342 4717 quae
3366 4647 3536 4703 solam
3566 4648 3664 4703 de-

2101 4746 2225 4792 cent
2275 4736 2648 4800 divinitatem,
2716 4738 3025 4791 communia
3077 4739 3474 4808 quodammodo
3521 4739 3666 4795 facta

2102 4838 2227 4883 sunt
2256 4826 2409 4882 carni
2430 4867 2446 4893 ,
2480 4828 2551 4883 ob
2596 4826 2923 4883 ineﬂabilem
2962 4837 3018 4884 et
3047 4828 3483 4900 inexplicabilem
3518 4831 3670 4886 unio-

2103 4935 2264 4986 nem,
2317 4933 2381 4974 ac
2426 4935 2493 4973 ne
2536 4934 2866 4990 quemquam
2894 4960 2909 4986 ,
2940 4921 3082 4989 quod
3128 4922 3359 4987 accidit,
3414 4923 3671 4977 seandalo

2102 5010 2338 5077 alliciat;
2378 5009 2535 5065 Verbi
2581 5013 2727 5066 enim
2785 5027 2907 5065 cum
2945 5026 3108 5065 carne
3145 5012 3455 5080 coniunctio
3524 5024 3672 5071 recte

2106 5104 2159 5158 in
2194 5103 2350 5157 nobis
2388 5102 2709 5172 mysterium
2734 5101 3089 5157 humanitatis
3118 5101 3424 5160 confirmat.

2172 5194 2280 5264 97
2311 5191 2516 5258 XXVI,
2545 5193 2634 5247 59.
2682 5190 2841 5245 Pater
2883 5192 2978 5256 mi,
3017 5193 3062 5245 si
3086 5193 3332 5261 possibile
3365 5202 3462 5256 est,
3493 5203 3677 5248 trans-
3717 5239 3729 5251 .

2107 5298 2190 5340 eat
2240 5304 2272 5338 a
2292 5302 2378 5341 me
2397 5284 2538 5338 ca'lia:
2562 5284 2661 5337 iste
2684 5300 2704 5337 :
2737 5292 3091 5337 verumtamen
3122 5300 3225 5338 non
3249 5286 3384 5338 sicut
3414 5300 3506 5354 ego
3536 5284 3674 5352 voto,

2106 5375 2195 5426 sed
2227 5374 2360 5426 sicut
2397 5381 2476 5427 tu.

2179 5461 2415 5515 Calicem
2453 5461 2505 5515 in
2560 5459 2709 5515 hisce
2760 5461 2949 5516 mortis
2978 5459 3333 5532 fgravedinem
3382 5471 3581 5529 vocat,
3624 5471 3679 5517 et

2111 5553 2506 5623 quodammodo
2535 5567 2787 5609 somnum
2810 5557 3193 5624 subrepentem
3223 5553 3497 5612 ebrietati.
3524 5554 3678 5622 Quod

504 5752 627 5792 “"'
655 5751 887 5809 lat-har.
920 5765 1040 5814 xm,
1071 5748 1121 5803 7.
1202 5747 1248 5780 ⁵⁸
1283 5744 1426 5800 l'sal.
1459 5758 1648 5805 uri",
1679 5739 1769 5795 27.
1848 5738 1890 5769 ⁵⁷
1916 5734 2067 5791 Joan.
2104 5748 2213 5797 xiv,
2246 5733 2332 5789 li.
