4134 6374
508 354 628 410 ,υιῖὶὲ

1498 351 1574 406 8.
1611 348 1883 406 ογιιιιιι
1914 351 2389 408 'ALEXANDRINI
2427 353 2749 412 ARCHIEP.

3663 366 3764 420 ιιὲὶϐ

525 483 705 528 autem
740 471 1071 539 deprecatur‘
1093 469 1250 538 hujus
1277 469 1467 526 calicis
1501 474 1773 542 potionem
1795 516 1811 540 ,
1855 476 2094 530 ostendit

2198 478 2548 548 κοιμίζουσαν
2606 478 2797 550 μέθην.
2834 478 2908 532 Τό
2930 496 2995 548 γε
3033 482 3141 552 μὴν
3179 481 3565 553 παραιτεῖσθαι
3621 488 3767 538 πιεῖν

528 583 585 620 sc
622 576 962 632 nequaquam
997 561 1340 614 antecedenti
1372 562 1649 619 voluntate
1678 565 1790 633 pati
1840 576 2092 636 optasse,

506 659 621 714 -scd
674 672 737 711 ea
788 670 910 723 qua:
956 654 1197 710 furorem
1248 655 1690 721 cruciligentium
1742 667 2093 727 sequeretur,

525 749 726 819 quibus
759 749 885 803 hoc
929 749 1075 802 dicto
1111 748 1521 802 excusationem
1572 750 1733 819 eripit
1762 769 1776 804 :
1816 765 1920 804 non
1950 752 2094 805 enim

517 842 633 911 jam
687 841 867 896 dicere
910 848 1166 909 possunt,
1214 841 1334 910 Ipse
1363 855 1486 895 cum
1540 841 1648 910 pati
1678 841 1965 912 elegisset,
2000 858 2097 896 nos

525 935 706 1004 potius
736 935 880 990 illius
908 933 1208 989 voluntatis
1253 932 1491 986 ministri
1545 933 1673 989 facti
1715 950 1923 990 sumus.
1972 932 2097 990 Haec

522 1025 672 1081 enim
707 1024 1019 1093 deprecatio
1051 1030 1245 1093 arguet
1275 1037 1372 1078 eos
1399 1024 1660 1080 mentitas
1688 1023 1905 1083 fabulas
1940 1026 2101 1082 ador-

523 1130 707 1171 nasse.

594 1206 797 1272 XXVI,
820 1206 921 1261 42.
957 1203 1160 1260 lterum
1196 1206 1425 1261 secundo
1463 1206 1630 1269 abiit,
1677 1215 1725 1259 et
1765 1207 1931 1261 orarit
1958 1244 1974 1272 ,
2016 1206 2099 1258 di-

2196 571 2347 634 αὑτὺ,
2389 570 2549 624 τοῦτό
2581 571 2719 634 ἐστι,
2750 570 2812 624 rb
2854 574 2929 643 μὴ
2960 573 3166 644 σφόδρα
3196 573 3320 626 καθ’
3366 574 3561 646 ἡδονὴν
3594 581 3765 630 ποιεῖ-

2198 660 2321 713 σθαι
2352 660 2412 714 rb
2434 659 2653 725 παθεῖν,
2688 661 2787 731 τῆς
2834 660 2946 714 τῶν
2981 663 3412 735 σταυρωσάντων
3448 663 3768 729 δυσσεϐείας

2196 754 2518 824 κατηγορεῖο
2554 753 2616 805 οὑ
2648 752 2755 824 γὰρ
2786 752 2957 823 δήπου
2975 757 3154 821 φαῖεν,
3189 754 3263 818 ὡς
3304 754 3563 828 Ἐπείπερ
3597 756 3769 811 είλετο

2200 843 2414 910 παθεῖν,
2458 844 2725 916 ὑπουργοὶ
2763 846 2963 916 μᾶλλον
2984 847 3146 917 ἡμεῖς
3178 846 3274 901 τοῦ
3309 848 3616 919 θελήματος
3636 867 3650 881 ο
3687 850 3765 903 δι-

2196 936 2405 1005 ελέγξει
2440 936 2550 1010 γὰρ
2582 938 2783 1004 αὐτοὺς
2822 939 3181 1011 ψευδομυθεῖν
3223 940 3515 1013 ἑλομένους
3544 943 3579 1013 ή
3627 961 3769 1016 παρ-

2196 1028 2438 1100 αίτησις.

2269 1203 2461 1259 Πάλιν
2493 1204 2563 1258 ἐκ
2602 1203 2885 1274 δευτέρου
2928 1205 3212 1260 ἀπελθὼν
3250 1206 3637 1275 προσηύξατο
3672 1208 3769 1264 ,Ζέ-

522 1316 647 1354 caus
681 1315 697 1352 :
730 1296 889 1351 Pater
906 1298 982 1351 uti
1002 1339 1015 1361 ,
1042 1300 1089 1350 si
1112 1313 1218 1352 non
1250 1306 1415 1366 potest
1441 1297 1524 1351 hic
1550 1297 1693 1351 calix
1726 1298 1977 1363 transire,
1995 1297 2094 1351 nisi

2200 1314 2349 1366 των·
2398 1297 2609 1365 Πάτερ,
2658 1300 2711 1351 εὶ
2740 1300 2811 1351 οὐ
2840 1296 3091 1352 δύναται
3142 1299 3320 1353 τοῦτο
3370 1300 3435 1353 τὸ
3483 1300 3769 1368 ποτήριον

526 1393 701 1445 bibam
729 1392 880 1443 illuni
901 1428 917 1452 ,
939 1389 1033 1457 ﬁat
1057 1391 1304 1444 voluntas
1336 1398 1451 1443 tua.

2203 1386 2526 1453 παρελθεῖν
2554 1388 2652 1440 ἀπ’
2683 1388 2851 1457 ἐμοῦ,
2872 1388 2982 1442 ἐὰν
3011 1388 3097 1458 μὴ
3127 1389 3272 1443 αὐτὸ
3303 1391 3436 1455 πίω,
3468 1391 3769 1461 γενηθήτω

2200 1477 2268 1531 τὸ
2295 1477 2528 1547 θέλημά
2558 1495 2694 1533 σου.

596 1572 831 1629 lntendit
880 1570 1223 1635 orationem,
1280 1577 1334 1623 et
1384 1578 1613 1639 propter
1666 1568 1816 1638 ipsos
1866 1568 2094 1639 pertein

2287 1570 2581 1624 Ἐπιτείνει
2607 1570 2708 1641 τὴν
2738 1570 3069 1642 προσευχὴν,
3098 1572 3196 1626 καί¹
3222 1572 3309 1626 διὰ
3342 1572 3452 1626 τῶν
3480 1573 3660 1628 αὐτῶν
3687 1574 3771 1639 ἑξ-

520 1679 837 1721 sermonum
873 1660 1250 1732 liypotyposim
1277 1701 1293 1725 ,
1322 1676 1387 1716 ac
1416 1663 1469 1715 in
1500 1661 1780 1731 exemplar
1815 1676 1873 1716 se
1901 1677 1966 1716 ac
2002 1677 2094 1716 sua

2202 1657 2416 1727 υφαίνει
2446 1659 2620 1727 λόγων
2648 1658 2998 1715 ὑποτύπωσιν
3028 1666 3125 1717 καὶ
3148 1663 3512 1734 ὑπογραμμὸν
3546 1664 3615 1717 τὰ
3646 1663 3768 1719 καθ’

526 1757 687 1812 nobis
726 1754 908 1811 oll'ert.
962 1755 1222 1809 Arbitror
1269 1762 1449 1807 autem
1484 1766 1585 1807 nos
1606 1768 1712 1807 non
1739 1752 1937 1807 debere
1980 1768 2094 1808 esse

2205 1750 2394 1805 ἑαυτὸν
2422 1754 2552 1822 ἡμῖν
2583 1753 2920 1825 παρατιθείς.
2951 1752 3117 1826 Οἶμαι
3149 1754 3259 1826 γὰρ
3281 1755 3391 1808 δεῖν
3419 1754 3492 1826 μὴ
3516 1756 3771 1811 ὲκκακεῖν

526 1849 831 1918 segniores,
866 1847 1126 1901 accedere
1149 1853 1330 1897 autem
1363 1844 1543 1915 potius
1571 1844 1903 1913 frequenter,
1930 1845 2094 1900 idem-

2202 1842 2377 1912 ἡμᾶς,
2399 1841 2681 1914 προσιέναι
2704 1842 2762 1896 δὲ
2789 1844 2987 1915 μᾶλλον
3014 1846 3245 1917 συχνῶς,
3270 1847 3364 1899 καὶ
3391 1848 3775 1916 ταυτολογοῠν-

480 1973 484 1975 Α
520 1957 634 2011 que
657 1948 962 2010 repetentes
987 1939 1311 1993 erubescere
1342 1952 1448 1991 non
1480 1937 1678 1992 debere
1699 1960 1725 2000 ,η
1769 1938 1895 1990 dum
1944 1935 2099 1991 nobis

527 2033 743 2087 tandem
780 2032 1062 2102 obtingant
1085 2016 1385 2099 postulata:
1420 2029 1715 2098 Propterea
1747 2029 1892 2082 enim
1923 2030 2087 2082 etiam

528 2125 745 2180 tertiam
776 2125 841 2179 de
871 2125 1061 2178 iisdem
1096 2125 1352 2178 Christus
1381 2121 1617 2175 instituit
1639 2122 1940 2175 orationem
1968 2161 1983 2186 ,
2034 2119 2098 2172 li-

526 2228 613 2273 cet
669 2217 971 2271 clarissime
1013 2215 1104 2270 Dei
1151 2213 1443 2283 Patrisque
1502 2212 1826 2283 98nosset
1855 2212 2102 2266 volunta-

529 2318 673 2373 tem,
725 2308 834 2361 iiuo
882 2320 1011 2361 vero
1040 2305 1197 2358 tertia
1234 2304 1335 2357 hac
1362 2303 1481 2357 vice
1548 2316 1670 2357 sese
1710 2302 1986 2356 hominem
2021 2298 2103 2353 la-

522 2407 671 2451 etum
702 2411 826 2451 esse
854 2396 1159 2450 conﬁrmat.

599 2487 787 2557 Cyrilli
837 2503 901 2540 ea:
931 2496 1077 2541 sexto
1118 2486 1249 2539 libro
1281 2484 1641 2539 commentarii
1678 2483 1732 2536 in
1764 2482 2098 2536 Matthwum.

598 2668 661 2722 Et
693 2668 829 2723 inest
855 2668 903 2721 ei
935 2667 1150 2736 quidem
1188 2666 1424 2736 patiendi
1462 2663 1689 2718 facultas
1733 2671 1955 2731 propter
1997 2661 2097 2715 hu-

526 2762 839 2817 manitatem
864 2776 879 2824 ;
904 2768 1272 2812 verumtamen
1294 2774 1358 2813 ea
1382 2758 1561 2828 passio
1590 2756 1772 2811 statim
1798 2755 2016 2810 sedatur
2037 2753 2104 2807 ab

530 2852 878 2907 inliabitautis
913 2851 1065 2904 Verbi
1099 2851 1282 2920 vigore
1328 2864 1391 2902 ac
1437 2848 1777 2903 fortitudine.
1842 2846 2098 2900 Animad-

527 2954 680 3000 verte
723 2943 865 2997 enim
906 2942 1177 3011 quomodo
1217 2941 1511 3009 postulatio
1543 2940 1935 2993 humanitatem
1986 2936 2103 3005 ejus

491 3089 493 3091 ,
524 3039 861 3092 demonstret.
891 3053 905 3097 ;
948 3035 1041 3088 sed
1073 3034 1289 3087 deitatis
1318 3032 1545 3086 ﬁrmitas
1582 3031 1725 3085 illico
1756 3027 2026 3100 effulgeat.

598 3126 763 3180 XXVI
788 3168 804 3193 ,
847 3126 937 3179 50.
960 3126 1115 3180 lenis
1146 3134 1322 3178 autem
1350 3124 1480 3176 dixit
1505 3122 1622 3177 illi:
1649 3122 1849 3188 Amice,
1875 3120 1944 3174 ad
1969 3120 2096 3190 quid

2201 1949 2300 1995 τας
2328 1932 2403 2002 μὴ
2418 1932 2680 2003 ὲρυθριᾷν
2695 1932 2800 1997 ἕως
2817 1932 2883 1986 ἂν
2906 1936 3036 2006 ἡμῖν
3048 1937 3128 1998 είς
3146 1935 3319 2006 πέρας
3336 1934 3692 2008 ὲξέρχοίῴτο
3705 1937 3774 1989 τὰ

2201 2023 2497 2091 αἰτήματα.
2522 2022 2620 2074 Διά
2651 2024 2761 2094 γὰρ
2793 2023 2951 2077 τοῦτο
2979 2027 3073 2079 καὶ
3102 2025 3295 2097 τρίτην
3318 2026 3484 2097 εὐχὴν
3513 2028 3641 2097 περ)⁸
3666 2028 3775 2080 τῶν

2200 2111 2382 2165 αὑτῶν
2402 2113 2661 2176 ἐποιεῖτο,
2685 2113 2920 2185 Χριστὸς
2943 2114 3120 2167 καίτοι
3150 2114 3295 2185 μάλα
3331 2116 3517 2185 σαφῶς
3545 2117 3644 2185 τὴν
3679 2118 3769 2170 τοῦ

2200 2200 2335 2254 Θεοῦ
2361 2203 2455 2256 καὶ
2506 2204 2723 2274 Πατρὸς
2766 2204 3127 2275 ἐπιστάμενος
3168 2206 3451 2277 βούλησινο
3490 2207 3689 2275 μᾶλλον
3717 2208 3775 2262 δὲ

2200 2294 2291 2347 διὰ
2322 2293 2416 2347 τοῦ
2454 2295 2638 2365 τρίτου
2671 2294 2923 2349 ἐϐεϐαίου
2949 2296 3031 2349 ὄτι
3062 2297 3351 2369 ἄνθρωπος
3379 2300 3593 2368 γέγονε.

2198 2475 2502 2544 Κυριλλου
2532 2475 2601 2527 ἐκ
2631 2474 2737 2529 τοῦ
2771 2477 2857 2540 εἰς
2892 2476 2957 2529 τὸ
3022 2477 3109 2541 εἰς
3145 2475 3448 2530 Ματθαῖον
3505 2476 3773 2545 ὑπομνή-

2694 2582 2880 2636 ματος
2895 2568 3138 2631 ,ϐιϐλίου
3174 2574 3251 2634 ς’.

2274 2658 2385 2711 Καὶ
2404 2658 2479 2729 (1)
2511 2659 2794 2712 ὑπόκειται
2821 2659 2919 2728 μὲν
2942 2657 3003 2711 τὸ
3031 2658 3176 2711 δεῖνα
3204 2658 3296 2712 τοῦ
3326 2660 3518 2713 παθεῖν
3542 2660 3599 2713 ὲν
3628 2660 3775 2731 αὐτῷ

2204 2748 2297 2803 διὰ
2323 2750 2385 2803 rb
2414 2749 2753 2820 ἀνθρώπινον
2771 2767 2785 2781 ·
2816 2751 3205 2815 κατευνάζεται
3235 2752 3291 2805 δὲ
3338 2752 3680 2823 παραχρῆμα
3708 2755 3771 2822 τῇ

2201 2840 2297 2894 τοῦ
2323 2840 2656 2905 ἐνοικοῦντος
2672 2841 2846 2910 Λόγου
2870 2841 3027 2913 ῥώμῃ
3045 2860 3103 2895 τε
3126 2845 3220 2897 καὶ
3240 2842 3539 2914 εὑσθενείᾳ·
3558 2843 3654 2897 θέα
3669 2844 3773 2913 γὰρ

2203 2937 2353 2999 ὅπως
2386 2936 2773 3007 παραδεικνύει
2822 2938 2919 3007 μὲν
2961 2938 3137 3010 ἑαυτῷ
3166 2939 3227 2992 rb
3254 2937 3591 3010 ἀνθρώπινον
3616 2941 3648 3010 ἡ
3676 2957 3771 2991 πα-

2206 3028 2475 3099 ραίτησις,
2490 3028 2549 3080 τὸ
2562 3028 2617 3080 δὲ
2632 3030 2730 3099 τῆς
2745 3027 2994 3100 θεότητος
3008 3030 3111 3083 ἁκα
3122 3030 3261 3100 μπὲς
3273 3030 3582 3099 ἀνέλαμψεν
3593 3031 3717 3083 εὐθύ
3731 3051 3771 3091 ς.

2286 3121 2350 3173 '0
2379 3119 2449 3172 δὲ
2479 3118 2720 3188 Ἰησοῦς
2752 3118 2923 3174 εἶπεν
2943 3120 3131 3186 αὐτῷ’
3160 3122 3403 3191 Ἑταῖρε,
3436 3122 3529 3191 ἐφ’
3550 3114 3598 3188 ᾧ
3630 3122 3773 3189 πάρ-

524 3221 748 3275 misti?
800 3219 945 3273 Tunc
994 3226 1363 3282 accesserunt,
1408 3227 1455 3269 et
1496 3231 1685 3267 manus
1720 3214 2011 3282 injecerunt
2037 3213 2094 3266 in

2203 3227 2300 3275 ei;
2336 3212 2475 3265 Τότε
2512 3214 2949 3280 προσελθόντες
2986 3211 3282 3267 ἐπέϐαλον
3310 3189 3416 3279 τὰς
3443 3189 3644 3282 έεῖρας
3675 3214 3771 3266 sui

487 3349 492 3355 -
518 3312 741 3375 Jesum,
770 3321 819 3365 et
848 3319 1125 3364 tenuerunt
1151 3325 1289 3362 eum.

597 3406 785 3476 Cyr-illi
846 3421 913 3459 ea:
950 3401 1323 3458 commentaria
1371 3401 1424 3452 in
1483 3397 1815 3453 Matthwum.
1876 3396 2097 3451 Etiamsi

525 3500 671 3552 enim
695 3496 837 3566 quod
868 3506 980 3550 tum
1012 3494 1315 3557 eveniebat,
1349 3491 1489 3545 haud
1515 3491 1563 3543 ei
1591 3505 1974 3559 usquequaque
2007 3504 2099 3542 voc

528 3589 651 3657 lupe
680 3595 821 3649 erat,
868 3598 1086 3655 propter
1131 3597 1470 3640 communem
1518 3591 1695 3635 tamen
1749 3579 1977 3633 salutem
2036 3591 2099 3632 ac

521 3683 715 3746 vitam,
736 3679 1092 3733 voluntariam
1117 3676 1220 3732 sibi
1238 3675 1366 3730 fecit
1386 3674 1568 3729 crucis
1591 3672 1915 3742 passionem.
1945 3668 2100 3723 Nam-

528 3785 633 3840 que
652 3768 896 3838 apprime
915 3767 1119 3822 sciebat
1141 3775 1340 3836 quanta
1367 3765 1492 3819 hinc
1515 3765 1648 3817 bona
1674 3762 1870 3827 forent,
1887 3772 1941 3814 et
1957 3761 2098 3829 quod

529 3856 764 3911 hominis
798 3864 1043 3908 naturam
1077 3861 1433 3908 renovaturus
1461 3860 1623 3913 esset,
1650 3860 1704 3906 et
1731 3851 1946 3920 proprio
1974 3864 2100 3902 san-

526 3948 687 4017 guine
710 3946 821 4002 Deo
845 3946 989 3999 Patri
1021 3946 1408 4014 acquisiturus.
1458 3944 1589 3997 Nam
1614 3943 1715 3997 nisi
1743 3942 2097 3997 voluntariam

520 4040 631 4094 sibi
662 4039 897 4102 fecisset,
924 4054 1228 4107 quanquam
1265 4052 1360 4106 per
1392 4052 1451 4091 se
1484 4036 1735 4101 invisam,
1763 4035 2095 4104 passionem,

525 4148 647 4201 qua:
685 4147 845 4186 causa
878 4139 997 4185 erat
1033 4145 1130 4183 cur
1155 4141 1339 4184 oraret
1362 4130 1548 4183 dicens
1580 4146 1594 4182 :
1633 4146 1654 4177 ι
1686 4126 1864 4191 Pater,
1902 4127 1945 4179 si
1976 4141 2099 4193 pos-

496 4223 683 4279 .sibile
709 4233 824 4284 est,
855 4228 1092 4273 transeat
1126 4233 1155 4271 s
1192 4232 1277 4270 me
1310 4217 1445 4272 calix
1476 4216 1617 4271 iste?
1662 4235 1679 4265 ›
1721 4213 1786 4266 Et
1814 4222 1929 4282 post
1964 4212 2094 4265 alia.

521 4310 805 4376 Observa,
861 4309 1133 4377 quomodo
1198 4305 1505 4360 Servatoris
1552 4304 1816 4359 voluntati
1873 4304 2097 4356 adversa

523 4402 704 4473 passio
724 4400 919 4466 fuerit;
950 4399 1042 4453 sed
1068 4397 1192 4467 quia
1220 4398 1492 4451 cruciatus
1513 4396 1790 4451 exantlare
1812 4395 2099 4462 oportebat

498 4502 743 4565 propter
787 4490 1055 4561 passionis
1101 4488 1379 4552 utilitates,
1413 4489 1553 4542 hanc
1601 4488 1703 4541 sibi
1737 4486 2095 4541 voluntariam

522 4584 691 4639 nostri
723 4596 884 4637 causa
904 4580 1102 4635 eﬂ'ecit.
1137 4578 1320 4648 Neque
1339 4581 1479 4632 enim
1509 4594 1650 4634 nuuc
1670 4580 1997 4649 proditorem
2019 4580 2101 4632 in-

518 4675 749 4743 crepuit,
791 4672 932 4741 quod
974 4670 1148 4725 scelus
1188 4670 1428 4723 omnium
1484 4670 1774 4723 maximum
1830 4680 2091 4739 patraret,

522 4781 700 4835 neque
725 4765 863 4818 dixit
888 4762 1078 4817 melius
1110 4762 1159 4816 ei
1184 4760 1352 4814 fuisse
1380 4761 1424 4815 si
1453 4776 1724 4827 nunquam
1768 4771 1926 4816 natus
1958 4759 2094 4815 fuis-

520 4867 633 4921 set;
671 4855 761 4912 sed
798 4870 866 4909 ne
900 4854 1119 4923 dignum
1160 4851 1377 4921 quidem
1410 4862 1538 4906 tunc
1576 4854 1859 4921 punitione
1886 4854 2097 4907 censuit

520 4950 751 5019 propria:
781 4945 1070 5002 voluntatis
1114 4944 1443 5001 ministrum.
1501 4946 1647 4999 Adeo
1680 4945 1752 4999 illi
1789 4945 2091 4999 voluntaria

519 5044 695 5114 passio
719 5043 872 5097 erat!

587 5307 665 5377 (l)
696 5305 805 5361 Καὶ
825 5337 893 5348 -
918 5306 1118 5370 εὐθύς.
1152 5304 1252 5357 Mai
1280 5303 1349 5377 β.
1382 5301 1459 5377 N.
1484 5301 1548 5377 ll,

590 5374 755 5448 (2)121
787 5378 896 5448 γὰρ
925 5406 995 5417 --
1028 5377 1092 5428 τὸ
1124 5374 1354 5448 παθεῖν.
1391 5376 1522 5428 Ibid.

494 5502 497 5505 γ
588 5444 665 5519 (5)
693 5444 955 5519 Hocloco
994 5444 1433 5519 praetereundum
1467 5459 1579 5519 n_o_n_
1621 5445 1976 5519 arbitramur,
2010 5450 2089 5501 le-

513 5512 658 5589 gisse
680 5532 778 5591 nos
808 5512 1077 5591 incodice
1108 5525 1217 5568 vat.
1248 5513 1374 5591 ᾖξε,
1408 5512 1448 5591 ί.
1488 5515 1543 5591 υ
1564 5514 1611 5566 l.
1632 5517 1702 5591 _b.
1726 5518 2090 5591 fragmentum

514 5584 829 5644 historicum
858 5590 923 5641 de
962 5589 1194 5640 humana
1246 5584 1451 5637 Christi
1490 5584 1703 5658 Domini
1754 5584 2087 5658 geiiealogia,

504 5658 696 5729 Cyrilli
723 5659 963 5729 nomine
996 5667 1250 5729 tanquam
1274 5655 1532 5729 aucturis
1573 5655 1911 5729 insigni—tum.
1961 5655 2075 5729 Uti-

507 5723 619 5796 que
669 5729 918 5781 Canisius
952 5728 1008 5779 in
1043 5727 1219 5793 Autiq.
1267 5724 1385 5778 lect.
1430 5726 1558 5797 edit.
1591 5723 1843 5797 _Bti$tlag.
1890 5740 1928 5781 t.
1990 5728 2076 5790 Ill,

508 5793 650 5863 part.
679 5797 718 5849 l.
748 5813 801 5867 p.
834 5796 903 5851 56
931 5797 1023 5860 '57,
1057 5805 1111 5851 et
1147 5809 1269 5849 niox
1301 5805 1483 5851 noster
1514 5793 1900 5855 Sclielstratius
1933 5796 2070 5867 Opp.

1581 5320 1635 5375 p.
1660 5305 1782 5359 485.

2199 3306 2307 3358 τὸν
2337 3304 2608 3372 Ἰησοῦν,
2642 3303 2741 3357 καὶ
2764 3303 3111 3372 ἐκράτησαν
3139 3307 3347 3359 αὐτόν.

2271 3397 2580 3463 Κυρίλλου
2618 3394 2688 3448 ἐκ
2737 3395 2843 3449 τοῦ
2893 3397 3043 3450 κατὰ
3076 3396 3376 3452 Ματθαῖον
3427 3396 3773 3467 ὑπομνήμαε

2201 3504 2320 3553 τος.
2363 3488 2425 3540 Εἰ
2450 3487 2567 3559 ,γὰρ
2617 3485 2694 3557 (2)
2729 3488 2824 3541 καὶ
2869 3488 2953 3541 ὅτι
3007 3487 3242 3558 μάλιστα
3291 3488 3351 3541 τὸ
3398 3488 3612 3558 συμϐὰν
3653 3491 3773 3558 οὐχὶ

2200 3575 2377 3647 πάντη
2406 3593 2467 3629 τε
2497 3578 2593 3629 καὶ
2631 3575 2847 3639 πάντως
2878 3576 3101 3647 θελητὸν
3122 3574 3189 3648 ἦν
3217 3577 3386 3649 αὐτῷ,
3413 3578 3527 3631 ἀλλ’
3551 3573 3645 3632 οὖν
3674 3580 3773 3649 τῆς

2201 3666 2417 3720 πάντων
2452 3666 2614 3719 ἕνεκα
2660 3669 2933 3738 σωτηρίας
2972 3669 3066 3722 καὶ
3105 3668 3269 3741 ζωῆς,
3306 3670 3549 3723 ἑκούσιον
3587 3671 3774 3741 ἐποιή-

2202 3773 2332 3810 σατο
2359 3756 2423 3809 rb
2465 3757 2556 3810 ὲπὶ
2600 3756 2694 3810 τοῦ
2740 3757 2975 3827 σταυροῦ
3018 3758 3207 3823 πάθος.
3233 3759 3387 3831 ᾝδει
3428 3760 3494 3812 τὰ
3526 3760 3772 3813 ἐντεῦθεν

2201 3850 2436 3918 ἐσόμενα
2472 3851 2894 3921 κατορθώματα,
2929 3852 3023 3905 καὶ
3055 3852 3136 3905 ὅτι
3164 3852 3262 3923 τὴν
3294 3852 3578 3922 ἀνθρώπου
3612 3850 3772 3919 φύσιν

2199 3941 2521 4007 ἀνακαινιεῖ,
2557 3946 2651 3997 καὶ
2691 3946 2884 4016 αἵματι
2918 3944 2996 4015 τῷ
3039 3946 3225 4017 οἰκείῳ
3257 3949 3661 4018 κατακτήσεται
3693 3946 3771 4016 τῷ

2200 4032 2317 4104 Θεῷ
2348 4034 2442 4086 καὶ
2476 4034 2670 4105 Πατρί.
2691 4036 2756 4090 El
2785 4037 2891 4108 γὰρ
2937 4037 3012 4109 μὴ
3048 4038 3343 4108 ἐποιήσατο
3365 4038 3607 4110 θελητὸν,
3645 4040 3771 4092 καί-

2199 4139 2283 4175 τοι
2315 4123 2611 4195 ἀϐούλητον
2641 4128 2703 4179 ὃν
2736 4127 2798 4179 τὸ
2829 4128 3043 4193 παθεῖν,
3082 4129 3167 4195 τίς
3199 4130 3264 4183 ἂν
3302 4133 3472 4183 νοοῖτο
3509 4131 3688 4183 λοιπὸν
3737 4133 3771 4200 ἡ

2202 4214 2472 4284 πρόφασις
2496 4216 2590 4269 τοῦ
2622 4218 3018 4288 προσεύχεσθαι
3047 4220 3141 4273 καὶ
3164 4220 3341 4289 λέγειν
3373 4222 3570 4286 αὑτὸν,
3608 4242 3627 4273 ι
3662 4222 3771 4274 Πά-

2198 4321 2315 4375 τερ,
2365 4306 2414 4357 εί
2463 4305 2706 4373 δυνατὸν,
2749 4308 3062 4377 παρελθέτω
3108 4310 3203 4363 ἀπ’
3248 4311 3383 4381 ἐμοῦ
3424 4312 3486 4364 rb
3517 4314 3771 4383 ποτήριον

2198 4395 2391 4463 τοῦτο;
2433 4419 2449 4448 i
2489 4399 2597 4452 Καὶ
2642 4399 2772 4469 μεθ’
2805 4400 2997 4469 ἕτερα.
3048 4401 3156 4455 Θέα
3202 4402 3258 4456 δὲ
3298 4403 3416 4466 πῶς
3454 4404 3771 4475 ἀνεθέλητον

2206 4490 2304 4559 μὲν
2330 4490 2408 4561 τῷ
2439 4491 2654 4562 Σωτῆρι
2682 4492 2743 4546 τὸ
2782 4494 2986 4558 πάθοςο
3041 4496 3227 4567 ἐπειδὴ
3263 4497 3319 4550 δὲ
3352 4498 3528 4568 πάντη
3569 4514 3629 4550 τε
3680 4500 3771 4551 καὶ

2206 4581 2420 4644 πάντως
2447 4583 2735 4652 ὑπομεῖναι
2756 4586 2924 4657 ἐχρῆν
2947 4586 3033 4640 διὰ
3055 4588 3121 4641 τὰ
3147 4590 3211 4642 ὲκ
3237 4588 3331 4641 τοῦ
3354 4589 3543 4643 παθεῖν
3571 4590 3769 4658 ἀγαθὰ,

2201 4669 2423 4743 θελητὸν
2473 4674 2767 4745 ἐποιήσατο
2814 4677 2880 4731 δι’
2913 4680 3079 4751 ἡμᾶς.
3118 4680 3191 4733 Οὑ
3232 4679 3342 4753 γὰρ
3387 4682 3653 4752 ἠπείλησε
3694 4682 3772 4751 τῷ

2201 4763 2435 4837 προδότῃ
2466 4765 2528 4818 rb
2560 4767 2762 4830 παντὸς
2796 4768 3053 4825 ἐπέκεινα
3071 4771 3313 4826 διελᾶσαι
3347 4773 3539 4838 κακοῦ,
3568 4778 3661 4826 καὶ
3687 4775 3770 4826 ὅτι

2198 4856 2444 4923 κρεῖττον
2474 4852 2541 4928 ἦν
2572 4858 2722 4929 αὐτῷ
2755 4860 2817 4913 rb
2858 4862 2933 4933 μὴ
2982 4862 3238 4931 γενέσθαι
3283 4864 3384 4936 τὴν
3428 4865 3619 4936 ἀρχὴν,
3654 4866 3770 4920 ἀλλ’

2195 4947 2303 5000 οὐδ’
2328 4948 2393 5000 ἂν
2423 4948 2559 5014 ὅλως
2584 4951 2858 5017 κολάσεως
2886 4954 3033 5019 ἄξιον
3055 4957 3300 5027 ἡγήσατὸ
3331 4974 3458 5011 ποτε
3491 4958 3599 5011 τῶν
3624 4958 3768 5010 ἰδίων

2195 5040 2320 5111 θελη
2332 5043 2515 5112 μάτων
2542 5046 2634 5099 τὸν
2666 5048 2958 5120 ὑπουργὸν,
3000 5052 3157 5123 εἴπερ
3187 5049 3256 5124 ἦν
3288 5054 3431 5125 αὐτῷ
3460 5054 3682 5125 θελητὸν
3709 5055 3770 5108 τὰ

2194 5136 2388 5187 παθεῖν
2417 5136 2515 5206 (5).

2200 5322 2239 5365 ι.
2271 5311 2311 5374 1,
2335 5329 2397 5397 _p.
2432 5314 2558 5397 5l2,
2589 5317 3047 5397 iii-ipsumprope
3081 5325 3151 5397 ad
3196 5326 3429 5383 litteram
3465 5328 3765 5384 retulerunt

2193 5386 2575 5469 e‘xicli‘ronicq
2597 5386 3154 5469 Hip’polyti'Tliebani
3190 5397 3381 5469 (quem
3426 5397 3762 5469 Nicephorus

2190 5453 2444 5510 Callistus
2466 5457 2546 5536 de
2562 5453 2809 5527 hoc—ipso
2834 5476 3153 5531 argumento
3188 5453 3416 5536 lbituens
3452 5453 3589 5522 Hist'.
3619 5469 3679 5531 II,
3707 5469 3762 5532 3,

2197 5539 2480 5607 perperam
2502 5526 2971 5607 .Portueiisemfut
3011 5548 3153 5607 stupe
3198 5526 3306 5591 vidi
3340 5540 3395 5592 in
3425 5539 3546 5593 aliis
3573 5526 3752 5601 codd,

2198 5595 2378 5674 iturum
2430 5597 2765 5674 episcopum,
2806 5601 3037 5674 dixerat)
3085 5595 3245 5661 nemo
3278 5619 3455 5663 tamen
3503 5595 3763 5662 hactenus

2183 5665 2363 5745 Cyrilli
2392 5680 2511 5720 esse
2537 5665 2845 5745 suspicatus
2894 5665 3113 5728 fuerat:
3165 5693 3287 5745 qua:
3331 5694 3418 5733 res
3463 5677 3755 5745 cmteroqui

2192 5737 2344 5790 valde
2395 5746 2479 5791 est
2533 5739 2869 5807 verisimilis,
2916 5751 3055 5799 teste
3089 5737 3231 5803 nunc
3266 5749 3453 5804 codice
3500 5737 3762 5805 Vaticano
