  <div class='ocr_page' id='page_1' title='image "/cluster/home/n/w/nwhite01/storage/ocr_20150623/72/nnc1.0046980300/235.png"; bbox 0 0 4134 6374; ppageno 0'>
   <div class='ocr_carea' id='block_1_1' title="bbox 568 316 668 372">
    <p class='ocr_par' dir='ltr' id='par_1_1' title="bbox 568 316 668 372">
     <span class='ocr_line' id='line_1_1' title="bbox 568 316 668 372; baseline 0.02 -2"><span class='ocrx_word' id='word_1_1' title='bbox 568 316 668 372; x_wconf 65' lang='grc' dir='ltr'>ωε)</span> 
     </span>
    </p>
   </div>
   <div class='ocr_carea' id='block_1_2' title="bbox 1552 298 2790 365">
    <p class='ocr_par' dir='ltr' id='par_1_2' title="bbox 1552 298 2790 365">
     <span class='ocr_line' id='line_1_2' title="bbox 1552 298 2790 365; baseline -0.007 -3"><span class='ocrx_word' id='word_1_2' title='bbox 1552 308 1608 365; x_wconf 91' lang='lat' dir='ltr'><strong>S.</strong></span> <span class='ocrx_word' id='word_1_3' title='bbox 1652 305 1924 362; x_wconf 76' lang='lat' dir='ltr'><strong>CYRILLI</strong></span> <span class='ocrx_word' id='word_1_4' title='bbox 1963 301 2438 360; x_wconf 72' lang='lat' dir='ltr'><strong>ALEXANDRINI</strong></span> <span class='ocrx_word' id='word_1_5' title='bbox 2472 298 2790 356; x_wconf 80' lang='lat' dir='ltr'><strong>ARCHIEP.</strong></span> 
     </span>
    </p>
   </div>
   <div class='ocr_carea' id='block_1_3' title="bbox 3709 297 3813 346">
    <p class='ocr_par' dir='ltr' id='par_1_3' title="bbox 3709 297 3813 346">
     <span class='ocr_line' id='line_1_3' title="bbox 3709 297 3813 346; baseline 0.01 -2"><span class='ocrx_word' id='word_1_6' title='bbox 3709 297 3813 346; x_wconf 79' lang='lat' dir='ltr'><strong>M0</strong></span> 
     </span>
    </p>
   </div>
   <div class='ocr_carea' id='block_1_4' title="bbox 567 388 2137 474">
    <p class='ocr_par' dir='ltr' id='par_1_4' title="bbox 567 406 2124 474">
     <span class='ocr_line' id='line_1_4' title="bbox 567 406 2124 474; baseline -0.006 -12"><span class='ocrx_word' id='word_1_7' title='bbox 567 417 811 463; x_wconf 74' lang='lat' dir='ltr'><strong>naturam</strong></span> <span class='ocrx_word' id='word_1_8' title='bbox 865 406 1176 461; x_wconf 83' lang='lat' dir='ltr'><strong>restitutnra</strong></span> <span class='ocrx_word' id='word_1_9' title='bbox 1235 415 1416 461; x_wconf 86' lang='lat' dir='ltr'><strong>essent</strong></span> <span class='ocrx_word' id='word_1_10' title='bbox 1458 407 1509 458; x_wconf 92' lang='lat' dir='ltr'><strong>in</strong></span> <span class='ocrx_word' id='word_1_11' title='bbox 1560 406 1844 474; x_wconf 84' lang='lat' dir='ltr'><strong>pristinum</strong></span> <span class='ocrx_word' id='word_1_12' title='bbox 1881 411 2124 455; x_wconf 87' lang='lat' dir='ltr'><strong>statum:</strong></span> 
     </span>
    </p>
   </div>
   <div class='ocr_carea' id='block_1_5' title="bbox 2240 388 3812 474">
    <p class='ocr_par' dir='ltr' id='par_1_5' title="bbox 2240 388 3812 467">
     <span class='ocr_line' id='line_1_5' title="bbox 2240 388 3812 467; baseline -0.01 -14"><span class='ocrx_word' id='word_1_13' title='bbox 2240 400 2320 452; x_wconf 74' lang='grc' dir='ltr'><strong>λεν</strong></span> <span class='ocrx_word' id='word_1_14' title='bbox 2357 401 2435 462; x_wconf 82' lang='grc' dir='ltr'><strong>είς</strong></span> <span class='ocrx_word' id='word_1_15' title='bbox 2467 399 2528 451; x_wconf 81' lang='grc' dir='ltr'>τὸ</span> <span class='ocrx_word' id='word_1_16' title='bbox 2560 397 2652 451; x_wconf 80' lang='grc' dir='ltr'><strong>ἀπ’</strong></span> <span class='ocrx_word' id='word_1_17' title='bbox 2683 396 2878 467; x_wconf 80' lang='grc' dir='ltr'>ἀρχῆς,</span> <span class='ocrx_word' id='word_1_18' title='bbox 2910 395 3125 456; x_wconf 64' lang='grc' dir='ltr'>δεικνὺς</span> <span class='ocrx_word' id='word_1_19' title='bbox 3159 394 3238 446; x_wconf 78' lang='grc' dir='ltr'><strong>ὅτι</strong></span> <span class='ocrx_word' id='word_1_20' title='bbox 3267 391 3368 462; x_wconf 82' lang='grc' dir='ltr'>τῆς</span> <span class='ocrx_word' id='word_1_21' title='bbox 3404 388 3570 443; x_wconf 68' lang='grc' dir='ltr'>αὑτοῦ</span> <span class='ocrx_word' id='word_1_22' title='bbox 3609 407 3812 456; x_wconf 62' lang='grc' dir='ltr'>συγχω-</span> 
     </span>
    </p>
   </div>
   <div class='ocr_carea' id='block_1_6' title="bbox 563 494 2131 568">
    <p class='ocr_par' dir='ltr' id='par_1_6' title="bbox 563 494 2131 568">
     <span class='ocr_line' id='line_1_6' title="bbox 563 494 2131 568; baseline -0.007 -12"><span class='ocrx_word' id='word_1_23' title='bbox 563 503 854 556; x_wconf 81' lang='lat' dir='ltr'><strong>ustendens</strong></span> <span class='ocrx_word' id='word_1_24' title='bbox 885 514 995 553; x_wconf 69' lang='lat' dir='ltr'><strong>suae</strong></span> <span class='ocrx_word' id='word_1_25' title='bbox 1027 499 1400 568; x_wconf 85' lang='lat' dir='ltr'><strong>permissionis</strong></span> <span class='ocrx_word' id='word_1_26' title='bbox 1431 515 1566 565; x_wconf 87' lang='lat' dir='ltr'><strong>opus</strong></span> <span class='ocrx_word' id='word_1_27' title='bbox 1609 513 1730 551; x_wconf 87' lang='lat' dir='ltr'><strong>esse</strong></span> <span class='ocrx_word' id='word_1_28' title='bbox 1772 497 1910 549; x_wconf 90' lang='lat' dir='ltr'><strong>hanc</strong></span> <span class='ocrx_word' id='word_1_29' title='bbox 1959 494 2131 562; x_wconf 80' lang='lat' dir='ltr'><strong>capti-</strong></span> 
     </span>
    </p>
   </div>
   <div class='ocr_carea' id='block_1_7' title="bbox 566 605 803 646">
    <p class='ocr_par' dir='ltr' id='par_1_7' title="bbox 566 605 803 646">
     <span class='ocr_line' id='line_1_7' title="bbox 566 605 803 646; baseline -0.004 -2"><span class='ocrx_word' id='word_1_30' title='bbox 566 605 803 646; x_wconf 84' lang='lat' dir='ltr'><strong>vitalem.</strong></span> 
     </span>
    </p>
   </div>
   <div class='ocr_carea' id='block_1_8' title="bbox 638 679 2134 746">
    <p class='ocr_par' dir='ltr' id='par_1_8' title="bbox 638 679 2134 746">
     <span class='ocr_line' id='line_1_8' title="bbox 638 679 2134 746; baseline -0.007 -9"><span class='ocrx_word' id='word_1_31' title='bbox 638 681 839 744; x_wconf 77' lang='lat' dir='ltr'><strong>XXVI,</strong></span> <span class='ocrx_word' id='word_1_32' title='bbox 873 680 961 734; x_wconf 87' lang='grc'><strong>67.</strong></span> <span class='ocrx_word' id='word_1_33' title='bbox 1009 680 1149 746; x_wconf 82' lang='lat' dir='ltr'><strong>Quid</strong></span> <span class='ocrx_word' id='word_1_34' title='bbox 1193 681 1334 734; x_wconf 74' lang='lat' dir='ltr'><strong>vobis</strong></span> <span class='ocrx_word' id='word_1_35' title='bbox 1384 680 1635 734; x_wconf 79' lang='lat' dir='ltr'><strong>videtur?</strong></span> <span class='ocrx_word' id='word_1_36' title='bbox 1677 680 1740 730; x_wconf 82' lang='lat' dir='ltr'><strong>At</strong></span> <span class='ocrx_word' id='word_1_37' title='bbox 1789 679 1869 730; x_wconf 81' lang='lat' dir='ltr'><strong>illi</strong></span> <span class='ocrx_word' id='word_1_38' title='bbox 1924 692 2134 744; x_wconf 73' lang='lat' dir='ltr'><strong>respon-</strong></span> 
     </span>
    </p>
   </div>
   <div class='ocr_carea' id='block_1_9' title="bbox 566 770 1606 838">
    <p class='ocr_par' dir='ltr' id='par_1_9' title="bbox 566 770 1606 838">
     <span class='ocr_line' id='line_1_9' title="bbox 566 770 1606 838; baseline -0.004 -12"><span class='ocrx_word' id='word_1_39' title='bbox 566 777 768 838; x_wconf 82' lang='lat' dir='ltr'><strong>dentes,</strong></span> <span class='ocrx_word' id='word_1_40' title='bbox 802 772 1052 826; x_wconf 75' lang='lat' dir='ltr'><strong>dixerunt</strong></span> <span class='ocrx_word' id='word_1_41' title='bbox 1087 788 1106 826; x_wconf 91' lang='lat'><strong><em>:</em></strong></span> <span class='ocrx_word' id='word_1_42' title='bbox 1136 770 1273 826; x_wconf 79' lang='lat' dir='ltr'><strong>Reus</strong></span> <span class='ocrx_word' id='word_1_43' title='bbox 1298 781 1370 825; x_wconf 81' lang='lat' dir='ltr'><strong>est</strong></span> <span class='ocrx_word' id='word_1_44' title='bbox 1404 771 1606 824; x_wconf 77' lang='lat' dir='ltr'><strong>mortis.</strong></span> 
     </span>
    </p>
   </div>
   <div class='ocr_carea' id='block_1_10' title="bbox 637 878 2128 952">
    <p class='ocr_par' dir='ltr' id='par_1_10' title="bbox 637 878 2128 952">
     <span class='ocr_line' id='line_1_10' title="bbox 637 878 2128 952; baseline -0.002 -17"><span class='ocrx_word' id='word_1_45' title='bbox 637 881 784 937; x_wconf 85' lang='lat' dir='ltr'><strong>Dixit</strong></span> <span class='ocrx_word' id='word_1_46' title='bbox 836 881 1033 937; x_wconf 85' lang='lat' dir='ltr'><strong>alicubi</strong></span> <span class='ocrx_word' id='word_1_47' title='bbox 1089 896 1187 952; x_wconf 90' lang='lat' dir='ltr'><strong>per</strong></span> <span class='ocrx_word' id='word_1_48' title='bbox 1240 881 1461 951; x_wconf 83' lang='lat' dir='ltr'><strong>Moysen</strong></span> <span class='ocrx_word' id='word_1_49' title='bbox 1516 882 1892 934; x_wconf 87' lang='lat' dir='ltr'><strong>universorum</strong></span> <span class='ocrx_word' id='word_1_50' title='bbox 1949 878 2128 934; x_wconf 81' lang='lat' dir='ltr'><strong>Dens:</strong></span> 
     </span>
    </p>
   </div>
   <div class='ocr_carea' id='block_1_11' title="bbox 571 969 2133 1043">
    <p class='ocr_par' dir='ltr' id='par_1_11' title="bbox 571 969 2133 1043">
     <span class='ocr_line' id='line_1_11' title="bbox 571 969 2133 1043; baseline -0.004 -18"><span class='ocrx_word' id='word_1_51' title='bbox 571 993 588 1025; x_wconf 78' lang='grc' dir='ltr'>ι</span> <span class='ocrx_word' id='word_1_52' title='bbox 631 973 687 1029; x_wconf 87' lang='lat' dir='ltr'><strong>Si</strong></span> <span class='ocrx_word' id='word_1_53' title='bbox 730 975 907 1028; x_wconf 86' lang='lat' dir='ltr'><strong>anima</strong></span> <span class='ocrx_word' id='word_1_54' title='bbox 939 974 1221 1043; x_wconf 88' lang='lat' dir='ltr'><strong>peccarit,</strong></span> <span class='ocrx_word' id='word_1_55' title='bbox 1251 982 1305 1026; x_wconf 90' lang='lat' dir='ltr'><strong>et</strong></span> <span class='ocrx_word' id='word_1_56' title='bbox 1331 970 1563 1026; x_wconf 91' lang='lat' dir='ltr'><strong>audierit</strong></span> <span class='ocrx_word' id='word_1_57' title='bbox 1607 985 1793 1026; x_wconf 89' lang='lat' dir='ltr'><strong>vocem</strong></span> <span class='ocrx_word' id='word_1_58' title='bbox 1821 969 2133 1040; x_wconf 85' lang='lat' dir='ltr'><strong>juramenti,</strong></span> 
     </span>
    </p>
   </div>
   <div class='ocr_carea' id='block_1_12' title="bbox 563 1060 2138 1128">
    <p class='ocr_par' dir='ltr' id='par_1_12' title="bbox 563 1060 2138 1128">
     <span class='ocr_line' id='line_1_12' title="bbox 563 1060 2138 1128; baseline -0.004 -9"><span class='ocrx_word' id='word_1_59' title='bbox 563 1075 618 1119; x_wconf 89' lang='lat' dir='ltr'><strong>et</strong></span> <span class='ocrx_word' id='word_1_60' title='bbox 653 1068 807 1120; x_wconf 88' lang='lat' dir='ltr'><strong>testis</strong></span> <span class='ocrx_word' id='word_1_61' title='bbox 828 1065 916 1118; x_wconf 91' lang='lat' dir='ltr'><strong>hic</strong></span> <span class='ocrx_word' id='word_1_62' title='bbox 945 1073 1040 1118; x_wconf 83' lang='lat' dir='ltr'><strong>aut</strong></span> <span class='ocrx_word' id='word_1_63' title='bbox 1069 1063 1267 1117; x_wconf 84' lang='lat' dir='ltr'><strong>viderit</strong></span> <span class='ocrx_word' id='word_1_64' title='bbox 1293 1072 1388 1115; x_wconf 91' lang='lat' dir='ltr'><strong>aut</strong></span> <span class='ocrx_word' id='word_1_65' title='bbox 1421 1062 1767 1128; x_wconf 81' lang='lat' dir='ltr'><strong>intellexerit,</strong></span> <span class='ocrx_word' id='word_1_66' title='bbox 1799 1060 1903 1114; x_wconf 83' lang='lat' dir='ltr'><strong>nisi</strong></span> <span class='ocrx_word' id='word_1_67' title='bbox 1935 1075 2138 1114; x_wconf 88' lang='lat' dir='ltr'><strong>annun-</strong></span> 
     </span>
    </p>
   </div>
   <div class='ocr_carea' id='block_1_13' title="bbox 565 1150 2138 1224">
    <p class='ocr_par' dir='ltr' id='par_1_13' title="bbox 565 1150 2138 1224">
     <span class='ocr_line' id='line_1_13' title="bbox 565 1150 2138 1224; baseline -0.003 -16"><span class='ocrx_word' id='word_1_68' title='bbox 565 1158 695 1222; x_wconf 85' lang='lat' dir='ltr'><strong>tiet,</strong></span> <span class='ocrx_word' id='word_1_69' title='bbox 755 1156 967 1224; x_wconf 90' lang='lat' dir='ltr'><strong>inquit,</strong></span> <span class='ocrx_word' id='word_1_70' title='bbox 1013 1155 1262 1208; x_wconf 87' lang='lat' dir='ltr'><strong>admittet</strong></span> <span class='ocrx_word' id='word_1_71' title='bbox 1309 1164 1593 1221; x_wconf 89' lang='lat' dir='ltr'><strong>peccatum</strong></span> <span class='ocrx_word' id='word_1_72' title='bbox 1627 1150 1696 1204; x_wconf 82' lang='grc'><strong>⁸⁸.</strong></span> <span class='ocrx_word' id='word_1_73' title='bbox 1731 1171 1750 1202; x_wconf 72' lang='grc' dir='ltr'><strong>ι</strong></span> <span class='ocrx_word' id='word_1_74' title='bbox 1784 1151 2023 1205; x_wconf 86' lang='lat' dir='ltr'><strong>lnustum</strong></span> <span class='ocrx_word' id='word_1_75' title='bbox 2053 1159 2138 1204; x_wconf 89' lang='lat' dir='ltr'><strong>est</strong></span> 
     </span>
    </p>
   </div>
   <div class='ocr_carea' id='block_1_14' title="bbox 565 1241 2136 1316">
    <p class='ocr_par' dir='ltr' id='par_1_14' title="bbox 565 1241 2136 1316">
     <span class='ocr_line' id='line_1_14' title="bbox 565 1241 2136 1316; baseline -0.004 -16"><span class='ocrx_word' id='word_1_76' title='bbox 565 1249 730 1315; x_wconf 77' lang='lat' dir='ltr'><strong>igitur</strong></span> <span class='ocrx_word' id='word_1_77' title='bbox 763 1247 1082 1316; x_wconf 84' lang='lat' dir='ltr'><strong>quibusdam</strong></span> <span class='ocrx_word' id='word_1_78' title='bbox 1119 1244 1325 1298; x_wconf 90' lang='lat' dir='ltr'><strong>crimen</strong></span> <span class='ocrx_word' id='word_1_79' title='bbox 1365 1244 1701 1312; x_wconf 76' lang='lat' dir='ltr'><strong>iniquitatis,</strong></span> <span class='ocrx_word' id='word_1_80' title='bbox 1743 1243 1789 1297; x_wconf 89' lang='lat' dir='ltr'><strong>si</strong></span> <span class='ocrx_word' id='word_1_81' title='bbox 1833 1243 1965 1296; x_wconf 90' lang='lat' dir='ltr'><strong>nihil</strong></span> <span class='ocrx_word' id='word_1_82' title='bbox 2003 1241 2136 1295; x_wconf 72' lang='grc' dir='ltr'><strong>οπε-</strong></span> 
     </span>
    </p>
   </div>
   <div class='ocr_carea' id='block_1_15' title="bbox 567 1335 2134 1402">
    <p class='ocr_par' dir='ltr' id='par_1_15' title="bbox 567 1335 2134 1402">
     <span class='ocr_line' id='line_1_15' title="bbox 567 1335 2134 1402; baseline -0.002 -13"><span class='ocrx_word' id='word_1_83' title='bbox 567 1347 686 1389; x_wconf 86' lang='lat' dir='ltr'><strong>rant</strong></span> <span class='ocrx_word' id='word_1_84' title='bbox 751 1338 1155 1397; x_wconf 79' lang='lat' dir='ltr'><strong>excusationis,</strong></span> <span class='ocrx_word' id='word_1_85' title='bbox 1221 1350 1404 1389; x_wconf 88' lang='lat' dir='ltr'><strong>vocem</strong></span> <span class='ocrx_word' id='word_1_86' title='bbox 1479 1335 1772 1402; x_wconf 84' lang='lat' dir='ltr'><strong>juramenti</strong></span> <span class='ocrx_word' id='word_1_87' title='bbox 1832 1336 2134 1388; x_wconf 84' lang='lat' dir='ltr'><strong>audientes.</strong></span> 
     </span>
    </p>
   </div>
   <div class='ocr_carea' id='block_1_16' title="bbox 565 1425 2139 1500">
    <p class='ocr_par' dir='ltr' id='par_1_16' title="bbox 565 1425 2139 1500">
     <span class='ocr_line' id='line_1_16' title="bbox 565 1425 2139 1500; baseline -0.003 -18"><span class='ocrx_word' id='word_1_88' title='bbox 565 1429 854 1500; x_wconf 86' lang='lat' dir='ltr'><strong>Propterea</strong></span> <span class='ocrx_word' id='word_1_89' title='bbox 886 1428 1111 1482; x_wconf 79' lang='lat' dir='ltr'><strong>subdole</strong></span> <span class='ocrx_word' id='word_1_90' title='bbox 1153 1427 1364 1495; x_wconf 84' lang='lat' dir='ltr'><strong>adjnrat</strong></span> <span class='ocrx_word' id='word_1_91' title='bbox 1417 1428 1701 1480; x_wconf 91' lang='lat' dir='ltr'><strong>Dominum</strong></span> <span class='ocrx_word' id='word_1_92' title='bbox 1759 1425 2022 1494; x_wconf 79' lang='lat' dir='ltr'><strong>Caiphas,</strong></span> <span class='ocrx_word' id='word_1_93' title='bbox 2081 1435 2139 1478; x_wconf 90' lang='lat' dir='ltr'><strong>ut</strong></span> 
     </span>
    </p>
   </div>
   <div class='ocr_carea' id='block_1_17' title="bbox 566 1515 2136 1586">
    <p class='ocr_par' dir='ltr' id='par_1_17' title="bbox 566 1515 2136 1586">
     <span class='ocr_line' id='line_1_17' title="bbox 566 1515 2136 1586; baseline -0.004 -14"><span class='ocrx_word' id='word_1_94' title='bbox 566 1520 610 1572; x_wconf 86' lang='lat' dir='ltr'><strong>si</strong></span> <span class='ocrx_word' id='word_1_95' title='bbox 682 1520 733 1572; x_wconf 90' lang='lat' dir='ltr'><strong>in</strong></span> <span class='ocrx_word' id='word_1_96' title='bbox 788 1529 1058 1586; x_wconf 81' lang='lat' dir='ltr'><strong>posterum</strong></span> <span class='ocrx_word' id='word_1_97' title='bbox 1112 1530 1330 1586; x_wconf 91' lang='lat' dir='ltr'><strong>quoque</strong></span> <span class='ocrx_word' id='word_1_98' title='bbox 1386 1527 1563 1569; x_wconf 83' lang='lat' dir='ltr'><strong>tacere</strong></span> <span class='ocrx_word' id='word_1_99' title='bbox 1617 1515 1820 1581; x_wconf 77' lang='lat' dir='ltr'><strong>vellet,</strong></span> <span class='ocrx_word' id='word_1_100' title='bbox 1879 1524 2136 1582; x_wconf 87' lang='lat' dir='ltr'><strong>tanquam</strong></span> 
     </span>
    </p>
   </div>
   <div class='ocr_carea' id='block_1_18' title="bbox 568 1605 2136 1676">
    <p class='ocr_par' dir='ltr' id='par_1_18' title="bbox 568 1605 2136 1676">
     <span class='ocr_line' id='line_1_18' title="bbox 568 1605 2136 1676; baseline -0.003 -15"><span class='ocrx_word' id='word_1_101' title='bbox 568 1623 1023 1676; x_wconf 80' lang='lat' dir='ltr'><strong>transgressorem</strong></span> <span class='ocrx_word' id='word_1_102' title='bbox 1059 1608 1416 1670; x_wconf 88' lang='lat' dir='ltr'><strong>condemnet,</strong></span> <span class='ocrx_word' id='word_1_103' title='bbox 1449 1607 1638 1660; x_wconf 87' lang='lat' dir='ltr'><strong>videns</strong></span> <span class='ocrx_word' id='word_1_104' title='bbox 1669 1605 1974 1672; x_wconf 86' lang='lat' dir='ltr'><strong>adjuratum</strong></span> <span class='ocrx_word' id='word_1_105' title='bbox 2013 1620 2136 1658; x_wconf 92' lang='lat' dir='ltr'><strong>eum</strong></span> 
     </span>
    </p>
   </div>
   <div class='ocr_carea' id='block_1_19' title="bbox 565 1696 2135 1768">
    <p class='ocr_par' dir='ltr' id='par_1_19' title="bbox 565 1696 2135 1768">
     <span class='ocr_line' id='line_1_19' title="bbox 565 1696 2135 1768; baseline -0.001 -17"><span class='ocrx_word' id='word_1_106' title='bbox 565 1713 630 1753; x_wconf 83' lang='lat' dir='ltr'><strong>ac</strong></span> <span class='ocrx_word' id='word_1_107' title='bbox 665 1711 929 1754; x_wconf 87' lang='lat' dir='ltr'><strong>tacenlem</strong></span> <span class='ocrx_word' id='word_1_108' title='bbox 960 1698 1094 1766; x_wconf 80' lang='lat' dir='ltr'><strong>legis</strong></span> <span class='ocrx_word' id='word_1_109' title='bbox 1121 1698 1385 1768; x_wconf 78' lang='lat' dir='ltr'><strong>supplicio</strong></span> <span class='ocrx_word' id='word_1_110' title='bbox 1409 1699 1699 1751; x_wconf 81' lang='lat' dir='ltr'><strong>obnoxium</strong></span> <span class='ocrx_word' id='word_1_111' title='bbox 1749 1711 1868 1751; x_wconf 90' lang='lat' dir='ltr'><strong>esse</strong></span> <span class='ocrx_word' id='word_1_112' title='bbox 1909 1696 2135 1751; x_wconf 82' lang='lat' dir='ltr'><strong>factum.</strong></span> 
     </span>
    </p>
   </div>
   <div class='ocr_carea' id='block_1_20' title="bbox 568 1789 2136 1858">
    <p class='ocr_par' dir='ltr' id='par_1_20' title="bbox 568 1789 2136 1858">
     <span class='ocr_line' id='line_1_20' title="bbox 568 1789 2136 1858; baseline -0.004 -12"><span class='ocrx_word' id='word_1_113' title='bbox 568 1790 660 1846; x_wconf 87' lang='lat' dir='ltr'><strong>Sin</strong></span> <span class='ocrx_word' id='word_1_114' title='bbox 714 1801 890 1845; x_wconf 87' lang='lat' dir='ltr'><strong>autem</strong></span> <span class='ocrx_word' id='word_1_115' title='bbox 955 1793 1239 1845; x_wconf 84' lang='lat' dir='ltr'><strong>veritatem</strong></span> <span class='ocrx_word' id='word_1_116' title='bbox 1293 1792 1536 1852; x_wconf 90' lang='lat' dir='ltr'><strong>dixerit,</strong></span> <span class='ocrx_word' id='word_1_117' title='bbox 1591 1800 1848 1858; x_wconf 74' lang='lat' dir='ltr'><strong>tanquam</strong></span> <span class='ocrx_word' id='word_1_118' title='bbox 1904 1789 2136 1858; x_wconf 88' lang='lat' dir='ltr'><strong>pseudo-</strong></span> 
     </span>
    </p>
   </div>
   <div class='ocr_carea' id='block_1_21' title="bbox 566 1882 2134 1952">
    <p class='ocr_par' dir='ltr' id='par_1_21' title="bbox 566 1882 2134 1952">
     <span class='ocr_line' id='line_1_21' title="bbox 566 1882 2134 1952; baseline -0.002 -16"><span class='ocrx_word' id='word_1_119' title='bbox 566 1885 830 1938; x_wconf 89' lang='lat' dir='ltr'><strong>christnm</strong></span> <span class='ocrx_word' id='word_1_120' title='bbox 890 1884 1064 1952; x_wconf 88' lang='lat' dir='ltr'><strong>ipsum</strong></span> <span class='ocrx_word' id='word_1_121' title='bbox 1118 1883 1405 1945; x_wconf 90' lang='lat' dir='ltr'><strong>occidant,</strong></span> <span class='ocrx_word' id='word_1_122' title='bbox 1468 1893 1650 1948; x_wconf 92' lang='lat' dir='ltr'><strong>utpote</strong></span> <span class='ocrx_word' id='word_1_123' title='bbox 1696 1896 1817 1935; x_wconf 90' lang='lat' dir='ltr'><strong>sese</strong></span> <span class='ocrx_word' id='word_1_124' title='bbox 1868 1882 2134 1934; x_wconf 86' lang='lat' dir='ltr'><strong>dicentem</strong></span> 
     </span>
    </p>
   </div>
   <div class='ocr_carea' id='block_1_22' title="bbox 568 1973 2137 2043">
    <p class='ocr_par' dir='ltr' id='par_1_22' title="bbox 568 1973 2137 2043">
     <span class='ocr_line' id='line_1_22' title="bbox 568 1973 2137 2043; baseline -0.003 -15"><span class='ocrx_word' id='word_1_125' title='bbox 568 1977 756 2042; x_wconf 90' lang='lat' dir='ltr'><strong>Deum,</strong></span> <span class='ocrx_word' id='word_1_126' title='bbox 799 1975 1045 2043; x_wconf 84' lang='lat' dir='ltr'><strong>nihilque</strong></span> <span class='ocrx_word' id='word_1_127' title='bbox 1079 1974 1370 2028; x_wconf 79' lang='lat' dir='ltr'><strong>habentem</strong></span> <span class='ocrx_word' id='word_1_128' title='bbox 1397 1974 1668 2042; x_wconf 77' lang='lat' dir='ltr'><strong>peculiare</strong></span> <span class='ocrx_word' id='word_1_129' title='bbox 1700 1973 1994 2025; x_wconf 88' lang='lat' dir='ltr'><strong>secundum</strong></span> <span class='ocrx_word' id='word_1_130' title='bbox 2020 1986 2137 2024; x_wconf 87' lang='lat' dir='ltr'><strong>car-</strong></span> 
     </span>
    </p>
   </div>
   <div class='ocr_carea' id='block_1_23' title="bbox 566 2061 2131 2132">
    <p class='ocr_par' dir='ltr' id='par_1_23' title="bbox 566 2061 2131 2132">
     <span class='ocr_line' id='line_1_23' title="bbox 566 2061 2131 2132; baseline -0.003 -14"><span class='ocrx_word' id='word_1_131' title='bbox 566 2064 919 2132; x_wconf 89' lang='lat' dir='ltr'><strong>nem,idque,</strong></span> <span class='ocrx_word' id='word_1_132' title='bbox 968 2063 1108 2130; x_wconf 88' lang='lat' dir='ltr'><strong>quod</strong></span> <span class='ocrx_word' id='word_1_133' title='bbox 1160 2063 1392 2128; x_wconf 84' lang='lat' dir='ltr'><strong>videtur;</strong></span> <span class='ocrx_word' id='word_1_134' title='bbox 1451 2063 1676 2130; x_wconf 87' lang='lat' dir='ltr'><strong>ideoque</strong></span> <span class='ocrx_word' id='word_1_135' title='bbox 1700 2062 1948 2115; x_wconf 85' lang='lat' dir='ltr'><strong>Christus</strong></span> <span class='ocrx_word' id='word_1_136' title='bbox 1970 2061 2131 2114; x_wconf 81' lang='lat' dir='ltr'><strong>dixit:</strong></span> 
     </span>
    </p>
   </div>
   <div class='ocr_carea' id='block_1_24' title="bbox 572 2149 2132 2219">
    <p class='ocr_par' dir='ltr' id='par_1_24' title="bbox 572 2149 2132 2219">
     <span class='ocr_line' id='line_1_24' title="bbox 572 2149 2132 2219; baseline -0.004 -11"><span class='ocrx_word' id='word_1_137' title='bbox 572 2177 590 2208; x_wconf 71' lang='grc' dir='ltr'><strong>ε</strong></span> <span class='ocrx_word' id='word_1_138' title='bbox 611 2153 690 2208; x_wconf 88' lang='lat' dir='ltr'><strong>Tu</strong></span> <span class='ocrx_word' id='word_1_139' title='bbox 721 2153 926 2208; x_wconf 81' lang='lat' dir='ltr'><strong>dixiSIi.</strong></span> <span class='ocrx_word' id='word_1_140' title='bbox 972 2172 988 2204; x_wconf 75' lang='grc' dir='ltr'>ι</span> <span class='ocrx_word' id='word_1_141' title='bbox 1022 2151 1076 2206; x_wconf 85' lang='lat' dir='ltr'><strong>Id</strong></span> <span class='ocrx_word' id='word_1_142' title='bbox 1119 2162 1226 2212; x_wconf 86' lang='lat' dir='ltr'><strong>est,</strong></span> <span class='ocrx_word' id='word_1_143' title='bbox 1255 2150 1327 2206; x_wconf 93' lang='lat' dir='ltr'><strong>Os</strong></span> <span class='ocrx_word' id='word_1_144' title='bbox 1363 2161 1509 2204; x_wconf 89' lang='lat' dir='ltr'><strong>tuum</strong></span> <span class='ocrx_word' id='word_1_145' title='bbox 1541 2152 1796 2219; x_wconf 79' lang='lat' dir='ltr'><strong>deinceps</strong></span> <span class='ocrx_word' id='word_1_146' title='bbox 1827 2149 2132 2203; x_wconf 79' lang='lat' dir='ltr'><strong>confessum</strong></span> 
     </span>
    </p>
   </div>
   <div class='ocr_carea' id='block_1_25' title="bbox 566 2241 2136 2312">
    <p class='ocr_par' dir='ltr' id='par_1_25' title="bbox 566 2241 2136 2312">
     <span class='ocr_line' id='line_1_25' title="bbox 566 2241 2136 2312; baseline -0.003 -12"><span class='ocrx_word' id='word_1_147' title='bbox 566 2259 668 2302; x_wconf 85' lang='lat' dir='ltr'><strong>est.</strong></span> <span class='ocrx_word' id='word_1_148' title='bbox 737 2245 805 2301; x_wconf 88' lang='lat' dir='ltr'><strong>Ut</strong></span> <span class='ocrx_word' id='word_1_149' title='bbox 855 2261 983 2300; x_wconf 83' lang='lat' dir='ltr'><strong>vero</strong></span> <span class='ocrx_word' id='word_1_150' title='bbox 1017 2247 1320 2312; x_wconf 75' lang='lat' dir='ltr'><strong>graviorem</strong></span> <span class='ocrx_word' id='word_1_151' title='bbox 1359 2243 1440 2296; x_wconf 90' lang='lat' dir='ltr'><strong>eis</strong></span> <span class='ocrx_word' id='word_1_152' title='bbox 1479 2241 1736 2294; x_wconf 88' lang='lat' dir='ltr'><strong>ultionem</strong></span> <span class='ocrx_word' id='word_1_153' title='bbox 1786 2241 2015 2303; x_wconf 74' lang='lat' dir='ltr'><strong>efﬁciat,</strong></span> <span class='ocrx_word' id='word_1_154' title='bbox 2071 2256 2136 2296; x_wconf 89' lang='lat' dir='ltr'><strong>eo</strong></span> 
     </span>
    </p>
   </div>
   <div class='ocr_carea' id='block_1_26' title="bbox 567 2333 2132 2408">
    <p class='ocr_par' dir='ltr' id='par_1_26' title="bbox 567 2333 2132 2408">
     <span class='ocr_line' id='line_1_26' title="bbox 567 2333 2132 2408; baseline -0.001 -20"><span class='ocrx_word' id='word_1_155' title='bbox 567 2339 707 2407; x_wconf 88' lang='lat' dir='ltr'><strong>quod</strong></span> <span class='ocrx_word' id='word_1_156' title='bbox 740 2341 957 2408; x_wconf 84' lang='lat' dir='ltr'><strong>inquam</strong></span> <span class='ocrx_word' id='word_1_157' title='bbox 984 2378 999 2403; x_wconf 94' lang='lat'><strong>,</strong></span> <span class='ocrx_word' id='word_1_158' title='bbox 1030 2338 1080 2389; x_wconf 92' lang='lat' dir='ltr'><strong>in</strong></span> <span class='ocrx_word' id='word_1_159' title='bbox 1117 2351 1239 2390; x_wconf 91' lang='lat' dir='ltr'><strong>eum</strong></span> <span class='ocrx_word' id='word_1_160' title='bbox 1274 2335 1496 2388; x_wconf 84' lang='lat' dir='ltr'><strong>credere</strong></span> <span class='ocrx_word' id='word_1_161' title='bbox 1541 2333 1746 2394; x_wconf 90' lang='lat' dir='ltr'><strong>nolint,</strong></span> <span class='ocrx_word' id='word_1_162' title='bbox 1809 2348 1995 2386; x_wconf 84' lang='lat' dir='ltr'><strong>rursus</strong></span> <span class='ocrx_word' id='word_1_163' title='bbox 2020 2333 2132 2386; x_wconf 89' lang='lat' dir='ltr'><strong>cla-</strong></span> 
     </span>
    </p>
   </div>
   <div class='ocr_carea' id='block_1_27' title="bbox 576 2421 2136 2492">
    <p class='ocr_par' dir='ltr' id='par_1_27' title="bbox 576 2421 2136 2492">
     <span class='ocr_line' id='line_1_27' title="bbox 576 2421 2136 2492; baseline -0.001 -14"><span class='ocrx_word' id='word_1_164' title='bbox 576 2443 770 2480; x_wconf 83' lang='lat' dir='ltr'><strong>riorem</strong></span> <span class='ocrx_word' id='word_1_165' title='bbox 804 2428 883 2481; x_wconf 89' lang='lat' dir='ltr'><strong>eis</strong></span> <span class='ocrx_word' id='word_1_166' title='bbox 919 2442 1070 2478; x_wconf 87' lang='lat' dir='ltr'><strong>suam</strong></span> <span class='ocrx_word' id='word_1_167' title='bbox 1111 2426 1278 2476; x_wconf 70' lang='lat' dir='ltr'><strong>reddit</strong></span> <span class='ocrx_word' id='word_1_168' title='bbox 1319 2423 1544 2492; x_wconf 81' lang='lat' dir='ltr'><strong>gloriam</strong></span> <span class='ocrx_word' id='word_1_169' title='bbox 1590 2421 1808 2476; x_wconf 89' lang='lat' dir='ltr'><strong>dicens:</strong></span> <span class='ocrx_word' id='word_1_170' title='bbox 1844 2441 1862 2472; x_wconf 73' lang='grc' dir='ltr'><strong>ι</strong></span> <span class='ocrx_word' id='word_1_171' title='bbox 1927 2423 2136 2476; x_wconf 84' lang='lat' dir='ltr'><strong>Amodo</strong></span> 
     </span>
    </p>
   </div>
   <div class='ocr_carea' id='block_1_28' title="bbox 568 2515 2135 2572">
    <p class='ocr_par' dir='ltr' id='par_1_28' title="bbox 568 2515 2135 2572">
     <span class='ocr_line' id='line_1_28' title="bbox 568 2515 2135 2572; baseline -0.003 -2"><span class='ocrx_word' id='word_1_172' title='bbox 568 2521 820 2571; x_wconf 83' lang='lat' dir='ltr'><strong>videbitis</strong></span> <span class='ocrx_word' id='word_1_173' title='bbox 849 2519 1044 2572; x_wconf 85' lang='lat' dir='ltr'><strong>Filium</strong></span> <span class='ocrx_word' id='word_1_174' title='bbox 1075 2517 1308 2572; x_wconf 81' lang='lat' dir='ltr'><strong>Imminis</strong></span> <span class='ocrx_word' id='word_1_175' title='bbox 1333 2516 1612 2570; x_wconf 89' lang='lat' dir='ltr'><strong>sedentem</strong></span> <span class='ocrx_word' id='word_1_176' title='bbox 1639 2532 1666 2566; x_wconf 85' lang='lat' dir='ltr'><strong>a</strong></span> <span class='ocrx_word' id='word_1_177' title='bbox 1699 2515 1936 2569; x_wconf 86' lang='lat' dir='ltr'><strong>dexteris</strong></span> <span class='ocrx_word' id='word_1_178' title='bbox 1963 2515 2135 2567; x_wconf 75' lang='lat' dir='ltr'><strong>virtu-</strong></span> 
     </span>
    </p>
   </div>
   <div class='ocr_carea' id='block_1_29' title="bbox 569 2608 2138 2678">
    <p class='ocr_par' dir='ltr' id='par_1_29' title="bbox 569 2608 2138 2678">
     <span class='ocr_line' id='line_1_29' title="bbox 569 2608 2138 2678; baseline -0.004 -14"><span class='ocrx_word' id='word_1_179' title='bbox 569 2613 639 2664; x_wconf 87' lang='lat' dir='ltr'><strong>tis</strong></span> <span class='ocrx_word' id='word_1_180' title='bbox 673 2611 786 2666; x_wconf 90' lang='lat' dir='ltr'><strong>Dei.</strong></span> <span class='ocrx_word' id='word_1_181' title='bbox 829 2629 847 2660; x_wconf 74' lang='grc' dir='ltr'>ι</span> <span class='ocrx_word' id='word_1_182' title='bbox 885 2610 1105 2678; x_wconf 88' lang='lat' dir='ltr'><strong>Specie,</strong></span> <span class='ocrx_word' id='word_1_183' title='bbox 1148 2609 1351 2677; x_wconf 87' lang='lat' dir='ltr'><strong>inquit,</strong></span> <span class='ocrx_word' id='word_1_184' title='bbox 1386 2617 1568 2660; x_wconf 89' lang='lat' dir='ltr'><strong>natum</strong></span> <span class='ocrx_word' id='word_1_185' title='bbox 1618 2608 1886 2671; x_wconf 86' lang='lat' dir='ltr'><strong>humana,</strong></span> <span class='ocrx_word' id='word_1_186' title='bbox 1929 2622 2014 2660; x_wconf 92' lang='lat' dir='ltr'><strong>me</strong></span> <span class='ocrx_word' id='word_1_187' title='bbox 2043 2622 2138 2659; x_wconf 89' lang='lat' dir='ltr'><strong>na-</strong></span> 
     </span>
    </p>
   </div>
   <div class='ocr_carea' id='block_1_30' title="bbox 573 2696 2139 2766">
    <p class='ocr_par' dir='ltr' id='par_1_30' title="bbox 573 2696 2139 2766">
     <span class='ocr_line' id='line_1_30' title="bbox 573 2696 2139 2766; baseline -0.003 -11"><span class='ocrx_word' id='word_1_188' title='bbox 573 2716 690 2757; x_wconf 87' lang='lat' dir='ltr'><strong>tura</strong></span> <span class='ocrx_word' id='word_1_189' title='bbox 720 2717 845 2757; x_wconf 68' lang='lat' dir='ltr'><strong>vere</strong></span> <span class='ocrx_word' id='word_1_190' title='bbox 892 2701 982 2754; x_wconf 89' lang='lat' dir='ltr'><strong>Dei</strong></span> <span class='ocrx_word' id='word_1_191' title='bbox 1017 2710 1068 2754; x_wconf 90' lang='lat' dir='ltr'><strong>et</strong></span> <span class='ocrx_word' id='word_1_192' title='bbox 1100 2699 1277 2752; x_wconf 84' lang='lat' dir='ltr'><strong>Patris</strong></span> <span class='ocrx_word' id='word_1_193' title='bbox 1313 2696 1670 2751; x_wconf 87' lang='lat' dir='ltr'><strong>Filinmuullo</strong></span> <span class='ocrx_word' id='word_1_194' title='bbox 1702 2697 1819 2750; x_wconf 92' lang='lat' dir='ltr'><strong>loco</strong></span> <span class='ocrx_word' id='word_1_195' title='bbox 1854 2698 2006 2766; x_wconf 79' lang='lat'><strong>101</strong></span> <span class='ocrx_word' id='word_1_196' title='bbox 2044 2698 2139 2750; x_wconf 88' lang='lat' dir='ltr'><strong>ha-</strong></span> 
     </span>
    </p>
   </div>
   <div class='ocr_carea' id='block_1_31' title="bbox 570 2789 2138 2863">
    <p class='ocr_par' dir='ltr' id='par_1_31' title="bbox 570 2789 2138 2863">
     <span class='ocr_line' id='line_1_31' title="bbox 570 2789 2138 2863; baseline -0.004 -13"><span class='ocrx_word' id='word_1_197' title='bbox 570 2797 764 2850; x_wconf 77' lang='lat' dir='ltr'><strong>buistis</strong></span> <span class='ocrx_word' id='word_1_198' title='bbox 786 2836 799 2857; x_wconf 92' lang='lat'><strong>,</strong></span> <span class='ocrx_word' id='word_1_199' title='bbox 833 2809 1064 2863; x_wconf 89' lang='lat' dir='ltr'><strong>cumque</strong></span> <span class='ocrx_word' id='word_1_200' title='bbox 1093 2807 1158 2846; x_wconf 87' lang='lat' dir='ltr'><strong>eo</strong></span> <span class='ocrx_word' id='word_1_201' title='bbox 1193 2791 1579 2860; x_wconf 82' lang='lat' dir='ltr'><strong>pervenissctis</strong></span> <span class='ocrx_word' id='word_1_202' title='bbox 1613 2789 1842 2843; x_wconf 74' lang='lat' dir='ltr'><strong>inscitia:</strong></span> <span class='ocrx_word' id='word_1_203' title='bbox 1865 2830 1880 2854; x_wconf 95' lang='lat'><strong>,</strong></span> <span class='ocrx_word' id='word_1_204' title='bbox 1915 2801 1972 2842; x_wconf 93' lang='lat' dir='ltr'><strong>ut</strong></span> <span class='ocrx_word' id='word_1_205' title='bbox 1997 2791 2138 2844; x_wconf 91' lang='lat' dir='ltr'><strong>illius</strong></span> 
     </span>
    </p>
   </div>
   <div class='ocr_carea' id='block_1_32' title="bbox 573 2879 2141 2956">
    <p class='ocr_par' dir='ltr' id='par_1_32' title="bbox 573 2879 2141 2956">
     <span class='ocr_line' id='line_1_32' title="bbox 573 2879 2141 2956; baseline -0.002 -17"><span class='ocrx_word' id='word_1_206' title='bbox 573 2887 782 2956; x_wconf 84' lang='lat' dir='ltr'><strong>meique</strong></span> <span class='ocrx_word' id='word_1_207' title='bbox 837 2884 1160 2956; x_wconf 80' lang='lat' dir='ltr'><strong>ignoraretis</strong></span> <span class='ocrx_word' id='word_1_208' title='bbox 1210 2881 1560 2954; x_wconf 83' lang='lat' dir='ltr'><strong>mysterium,</strong></span> <span class='ocrx_word' id='word_1_209' title='bbox 1606 2880 1732 2934; x_wconf 91' lang='lat' dir='ltr'><strong>licet</strong></span> <span class='ocrx_word' id='word_1_210' title='bbox 1767 2879 1898 2951; x_wconf 86' lang='lat' dir='ltr'><strong>legis</strong></span> <span class='ocrx_word' id='word_1_211' title='bbox 1945 2882 2141 2936; x_wconf 84' lang='lat' dir='ltr'><strong>essetis</strong></span> 
     </span>
    </p>
   </div>
   <div class='ocr_carea' id='block_1_33' title="bbox 571 2973 2136 3038">
    <p class='ocr_par' dir='ltr' id='par_1_33' title="bbox 571 2973 2136 3038">
     <span class='ocr_line' id='line_1_33' title="bbox 571 2973 2136 3038; baseline -0.004 -7"><span class='ocrx_word' id='word_1_212' title='bbox 571 2980 819 3032; x_wconf 85' lang='lat' dir='ltr'><strong>doctores</strong></span> <span class='ocrx_word' id='word_1_213' title='bbox 842 3017 857 3038; x_wconf 93' lang='lat'><strong>,</strong></span> <span class='ocrx_word' id='word_1_214' title='bbox 914 2975 1223 3028; x_wconf 87' lang='lat' dir='ltr'><strong>necessario</strong></span> <span class='ocrx_word' id='word_1_215' title='bbox 1258 2973 1386 3027; x_wconf 92' lang='lat' dir='ltr'><strong>illud</strong></span> <span class='ocrx_word' id='word_1_216' title='bbox 1424 2974 1550 3026; x_wconf 90' lang='lat' dir='ltr'><strong>dico</strong></span> <span class='ocrx_word' id='word_1_217' title='bbox 1581 2991 1592 3026; x_wconf 90' lang='lat'>:</span> <span class='ocrx_word' id='word_1_218' title='bbox 1624 2982 1818 3026; x_wconf 65' lang='lat' dir='ltr'><strong>vestrae</strong></span> <span class='ocrx_word' id='word_1_219' title='bbox 1851 2973 2136 3026; x_wconf 82' lang='lat' dir='ltr'><strong>adversum</strong></span> 
     </span>
    </p>
   </div>
   <div class='ocr_carea' id='block_1_34' title="bbox 574 3063 2209 3160">
    <p class='ocr_par' dir='ltr' id='par_1_34' title="bbox 574 3063 2209 3160">
     <span class='ocr_line' id='line_1_34' title="bbox 574 3063 2209 3160; baseline -0.004 -39"><span class='ocrx_word' id='word_1_220' title='bbox 574 3085 656 3123; x_wconf 86' lang='lat' dir='ltr'><strong>me</strong></span> <span class='ocrx_word' id='word_1_221' title='bbox 715 3067 1008 3135; x_wconf 86' lang='lat' dir='ltr'><strong>impietatis</strong></span> <span class='ocrx_word' id='word_1_222' title='bbox 1056 3067 1216 3118; x_wconf 84' lang='lat' dir='ltr'><strong>breve</strong></span> <span class='ocrx_word' id='word_1_223' title='bbox 1259 3064 1408 3117; x_wconf 81' lang='lat' dir='ltr'><strong>vobis</strong></span> <span class='ocrx_word' id='word_1_224' title='bbox 1455 3076 1616 3122; x_wconf 89' lang='lat' dir='ltr'><strong>esse,</strong></span> <span class='ocrx_word' id='word_1_225' title='bbox 1669 3077 1731 3116; x_wconf 91' lang='lat' dir='ltr'><strong>ac</strong></span> <span class='ocrx_word' id='word_1_226' title='bbox 1780 3063 2136 3130; x_wconf 70' lang='lat' dir='ltr'><strong>praestitutum</strong></span> <span class='ocrx_word' id='word_1_227' title='bbox 2166 3102 2209 3160; x_wconf 63' lang='grc' dir='ltr'>ο</span> 
     </span>
    </p>
   </div>
   <div class='ocr_carea' id='block_1_35' title="bbox 572 3153 2138 3229">
    <p class='ocr_par' dir='ltr' id='par_1_35' title="bbox 572 3153 2138 3229">
     <span class='ocr_line' id='line_1_35' title="bbox 572 3153 2138 3229; baseline -0.003 -16"><span class='ocrx_word' id='word_1_228' title='bbox 572 3172 816 3229; x_wconf 81' lang='lat' dir='ltr'><strong>tempus,</strong></span> <span class='ocrx_word' id='word_1_229' title='bbox 871 3173 1040 3224; x_wconf 83' lang='lat' dir='ltr'><strong>usque</strong></span> <span class='ocrx_word' id='word_1_230' title='bbox 1089 3157 1154 3210; x_wconf 89' lang='lat' dir='ltr'><strong>ad</strong></span> <span class='ocrx_word' id='word_1_231' title='bbox 1205 3157 1493 3224; x_wconf 87' lang='lat' dir='ltr'><strong>pretiosam</strong></span> <span class='ocrx_word' id='word_1_232' title='bbox 1539 3169 1776 3208; x_wconf 75' lang='lat' dir='ltr'><strong>crucem.</strong></span> <span class='ocrx_word' id='word_1_233' title='bbox 1842 3153 2138 3208; x_wconf 77' lang='lat' dir='ltr'><strong>Postmodo</strong></span> 
     </span>
    </p>
   </div>
   <div class='ocr_carea' id='block_1_36' title="bbox 569 3245 2137 3313">
    <p class='ocr_par' dir='ltr' id='par_1_36' title="bbox 569 3245 2137 3313">
     <span class='ocr_line' id='line_1_36' title="bbox 569 3245 2137 3313; baseline -0.003 -12"><span class='ocrx_word' id='word_1_234' title='bbox 569 3251 714 3303; x_wconf 83' lang='lat' dir='ltr'><strong>enim</strong></span> <span class='ocrx_word' id='word_1_235' title='bbox 769 3249 949 3301; x_wconf 87' lang='lat' dir='ltr'><strong>statim</strong></span> <span class='ocrx_word' id='word_1_236' title='bbox 1001 3247 1065 3298; x_wconf 89' lang='lat' dir='ltr'><strong>ad</strong></span> <span class='ocrx_word' id='word_1_237' title='bbox 1119 3247 1407 3313; x_wconf 79' lang='lat' dir='ltr'><strong>pristinum</strong></span> <span class='ocrx_word' id='word_1_238' title='bbox 1441 3260 1616 3298; x_wconf 89' lang='lat' dir='ltr'><strong>meum</strong></span> <span class='ocrx_word' id='word_1_239' title='bbox 1653 3259 1923 3298; x_wconf 90' lang='lat' dir='ltr'><strong>recurram</strong></span> <span class='ocrx_word' id='word_1_240' title='bbox 1966 3245 2137 3297; x_wconf 85' lang='lat' dir='ltr'><strong>hono-</strong></span> 
     </span>
    </p>
   </div>
   <div class='ocr_carea' id='block_1_37' title="bbox 573 3333 2135 3401">
    <p class='ocr_par' dir='ltr' id='par_1_37' title="bbox 573 3333 2135 3401">
     <span class='ocr_line' id='line_1_37' title="bbox 573 3333 2135 3401; baseline -0.003 -10"><span class='ocrx_word' id='word_1_241' title='bbox 573 3352 725 3401; x_wconf 81' lang='lat' dir='ltr'><strong>rem,</strong></span> <span class='ocrx_word' id='word_1_242' title='bbox 761 3336 1050 3391; x_wconf 85' lang='lat' dir='ltr'><strong>ascendam</strong></span> <span class='ocrx_word' id='word_1_243' title='bbox 1086 3335 1152 3387; x_wconf 88' lang='lat' dir='ltr'><strong>ad</strong></span> <span class='ocrx_word' id='word_1_244' title='bbox 1186 3333 1450 3401; x_wconf 82' lang='lat' dir='ltr'><strong>gloriam,</strong></span> <span class='ocrx_word' id='word_1_245' title='bbox 1484 3349 1646 3400; x_wconf 86' lang='lat' dir='ltr'><strong>quam</strong></span> <span class='ocrx_word' id='word_1_246' title='bbox 1674 3333 1834 3386; x_wconf 83' lang='lat' dir='ltr'><strong>habui</strong></span> <span class='ocrx_word' id='word_1_247' title='bbox 1865 3334 1932 3387; x_wconf 83' lang='lat' dir='ltr'><strong>ab</strong></span> <span class='ocrx_word' id='word_1_248' title='bbox 1962 3333 2135 3398; x_wconf 89' lang='lat' dir='ltr'><strong>initio,</strong></span> 
     </span>
    </p>
   </div>
   <div class='ocr_carea' id='block_1_38' title="bbox 569 3420 2134 3479">
    <p class='ocr_par' dir='ltr' id='par_1_38' title="bbox 569 3420 2134 3479">
     <span class='ocr_line' id='line_1_38' title="bbox 569 3420 2134 3479; baseline -0.001 -2"><span class='ocrx_word' id='word_1_249' title='bbox 569 3440 796 3479; x_wconf 81' lang='lat' dir='ltr'><strong>consors</strong></span> <span class='ocrx_word' id='word_1_250' title='bbox 833 3424 1009 3478; x_wconf 85' lang='lat' dir='ltr'><strong>throni</strong></span> <span class='ocrx_word' id='word_1_251' title='bbox 1043 3438 1137 3478; x_wconf 91' lang='lat' dir='ltr'><strong>ero</strong></span> <span class='ocrx_word' id='word_1_252' title='bbox 1172 3422 1262 3476; x_wconf 87' lang='lat' dir='ltr'><strong>Dei</strong></span> <span class='ocrx_word' id='word_1_253' title='bbox 1301 3438 1362 3475; x_wconf 87' lang='lat' dir='ltr'><strong>ac</strong></span> <span class='ocrx_word' id='word_1_254' title='bbox 1396 3420 1574 3475; x_wconf 85' lang='lat' dir='ltr'><strong>Patris</strong></span> <span class='ocrx_word' id='word_1_255' title='bbox 1607 3423 1768 3476; x_wconf 88' lang='lat' dir='ltr'><strong>etiam</strong></span> <span class='ocrx_word' id='word_1_256' title='bbox 1799 3438 1918 3478; x_wconf 91' lang='lat' dir='ltr'><strong>cum</strong></span> <span class='ocrx_word' id='word_1_257' title='bbox 1947 3439 2134 3478; x_wconf 87' lang='lat' dir='ltr'><strong>carne.</strong></span> 
     </span>
    </p>
   </div>
   <div class='ocr_carea' id='block_1_39' title="bbox 569 3513 2136 3582">
    <p class='ocr_par' dir='ltr' id='par_1_39' title="bbox 569 3513 2136 3582">
     <span class='ocr_line' id='line_1_39' title="bbox 569 3513 2136 3582; baseline -0.001 -11"><span class='ocrx_word' id='word_1_258' title='bbox 569 3515 698 3571; x_wconf 67' lang='lat' dir='ltr'><strong>Haac</strong></span> <span class='ocrx_word' id='word_1_259' title='bbox 723 3516 940 3571; x_wconf 88' lang='lat' dir='ltr'><strong>Cltristo</strong></span> <span class='ocrx_word' id='word_1_260' title='bbox 970 3515 1184 3568; x_wconf 90' lang='lat' dir='ltr'><strong>dicente</strong></span> <span class='ocrx_word' id='word_1_261' title='bbox 1201 3554 1215 3578; x_wconf 94' lang='lat'><strong>,</strong></span> <span class='ocrx_word' id='word_1_262' title='bbox 1239 3513 1474 3582; x_wconf 84' lang='lat' dir='ltr'><strong>Caiphas</strong></span> <span class='ocrx_word' id='word_1_263' title='bbox 1493 3514 1652 3567; x_wconf 90' lang='lat' dir='ltr'><strong>scidit</strong></span> <span class='ocrx_word' id='word_1_264' title='bbox 1677 3514 1993 3569; x_wconf 82' lang='lat' dir='ltr'><strong>vestimenta</strong></span> <span class='ocrx_word' id='word_1_265' title='bbox 2019 3531 2136 3581; x_wconf 85' lang='lat' dir='ltr'><strong>sua,</strong></span> 
     </span>
    </p>
   </div>
   <div class='ocr_carea' id='block_1_40' title="bbox 569 3602 2140 3672">
    <p class='ocr_par' dir='ltr' id='par_1_40' title="bbox 569 3602 2140 3672">
     <span class='ocr_line' id='line_1_40' title="bbox 569 3602 2140 3672; baseline 0 -14"><span class='ocrx_word' id='word_1_266' title='bbox 569 3609 780 3671; x_wconf 84' lang='lat' dir='ltr'><strong>dicens,</strong></span> <span class='ocrx_word' id='word_1_267' title='bbox 811 3603 1237 3672; x_wconf 88' lang='lat' dir='ltr'><strong>Blasphemavit;</strong></span> <span class='ocrx_word' id='word_1_268' title='bbox 1273 3606 1374 3656; x_wconf 91' lang='lat' dir='ltr'><strong>hoc</strong></span> <span class='ocrx_word' id='word_1_269' title='bbox 1403 3614 1583 3656; x_wconf 90' lang='lat' dir='ltr'><strong>autem</strong></span> <span class='ocrx_word' id='word_1_270' title='bbox 1611 3602 1734 3656; x_wconf 81' lang='lat' dir='ltr'><strong>fecit</strong></span> <span class='ocrx_word' id='word_1_271' title='bbox 1760 3613 1818 3657; x_wconf 95' lang='lat' dir='ltr'><strong>ut</strong></span> <span class='ocrx_word' id='word_1_272' title='bbox 1851 3606 2140 3658; x_wconf 88' lang='lat' dir='ltr'><strong>vehemen-</strong></span> 
     </span>
    </p>
   </div>
   <div class='ocr_carea' id='block_1_41' title="bbox 571 3693 2139 3763">
    <p class='ocr_par' dir='ltr' id='par_1_41' title="bbox 571 3693 2139 3763">
     <span class='ocr_line' id='line_1_41' title="bbox 571 3693 2139 3763; baseline 0.001 -17"><span class='ocrx_word' id='word_1_273' title='bbox 571 3695 677 3746; x_wconf 89' lang='lat' dir='ltr'><strong>tius</strong></span> <span class='ocrx_word' id='word_1_274' title='bbox 700 3709 820 3747; x_wconf 86' lang='lat' dir='ltr'><strong>cum</strong></span> <span class='ocrx_word' id='word_1_275' title='bbox 852 3700 1162 3757; x_wconf 84' lang='lat' dir='ltr'><strong>accusaret,</strong></span> <span class='ocrx_word' id='word_1_276' title='bbox 1196 3701 1250 3745; x_wconf 88' lang='lat' dir='ltr'><strong>et</strong></span> <span class='ocrx_word' id='word_1_277' title='bbox 1283 3693 1483 3746; x_wconf 90' lang='lat' dir='ltr'><strong>dictum</strong></span> <span class='ocrx_word' id='word_1_278' title='bbox 1527 3693 1671 3746; x_wconf 79' lang='lat' dir='ltr'><strong>facto</strong></span> <span class='ocrx_word' id='word_1_279' title='bbox 1714 3694 1977 3763; x_wconf 83' lang='lat' dir='ltr'><strong>insignius</strong></span> <span class='ocrx_word' id='word_1_280' title='bbox 2017 3697 2139 3748; x_wconf 91' lang='lat' dir='ltr'><strong>red-</strong></span> 
     </span>
    </p>
   </div>
   <div class='ocr_carea' id='block_1_42' title="bbox 570 3785 2139 3854">
    <p class='ocr_par' dir='ltr' id='par_1_42' title="bbox 570 3785 2139 3854">
     <span class='ocr_line' id='line_1_42' title="bbox 570 3785 2139 3854; baseline 0 -16"><span class='ocrx_word' id='word_1_281' title='bbox 570 3786 743 3840; x_wconf 86' lang='lat' dir='ltr'><strong>deret.</strong></span> <span class='ocrx_word' id='word_1_282' title='bbox 774 3785 1160 3840; x_wconf 75' lang='lat' dir='ltr'><strong>Verumtamen</strong></span> <span class='ocrx_word' id='word_1_283' title='bbox 1197 3799 1442 3851; x_wconf 74' lang='lat' dir='ltr'><strong>qutenatn</strong></span> <span class='ocrx_word' id='word_1_284' title='bbox 1482 3786 1593 3837; x_wconf 66' lang='lat' dir='ltr'><strong>hinc</strong></span> <span class='ocrx_word' id='word_1_285' title='bbox 1624 3795 1706 3837; x_wconf 82' lang='lat' dir='ltr'><strong>est</strong></span> <span class='ocrx_word' id='word_1_286' title='bbox 1759 3786 2139 3854; x_wconf 80' lang='lat' dir='ltr'><strong>blasphemia?</strong></span> 
     </span>
    </p>
   </div>
   <div class='ocr_carea' id='block_1_43' title="bbox 571 3876 2139 3946">
    <p class='ocr_par' dir='ltr' id='par_1_43' title="bbox 571 3876 2139 3946">
     <span class='ocr_line' id='line_1_43' title="bbox 571 3876 2139 3946; baseline 0.001 -16"><span class='ocrx_word' id='word_1_287' title='bbox 571 3877 779 3932; x_wconf 75' lang='lat' dir='ltr'><strong>dixerat</strong></span> <span class='ocrx_word' id='word_1_288' title='bbox 815 3878 957 3931; x_wconf 91' lang='lat' dir='ltr'><strong>enim</strong></span> <span class='ocrx_word' id='word_1_289' title='bbox 991 3885 1114 3930; x_wconf 88' lang='lat' dir='ltr'><strong>ante</strong></span> <span class='ocrx_word' id='word_1_290' title='bbox 1144 3876 1248 3930; x_wconf 91' lang='lat' dir='ltr'><strong>illis</strong></span> <span class='ocrx_word' id='word_1_291' title='bbox 1277 3879 1654 3946; x_wconf 80' lang='lat' dir='ltr'><strong>congregatis:</strong></span> <span class='ocrx_word' id='word_1_292' title='bbox 1699 3895 1718 3926; x_wconf 77' lang='grc' dir='ltr'>ι</span> <span class='ocrx_word' id='word_1_293' title='bbox 1762 3877 1908 3931; x_wconf 82' lang='lat' dir='ltr'><strong>Dixit</strong></span> <span class='ocrx_word' id='word_1_294' title='bbox 1953 3877 2139 3932; x_wconf 80' lang='lat' dir='ltr'><strong>Domi-</strong></span> 
     </span>
    </p>
   </div>
   <div class='ocr_carea' id='block_1_44' title="bbox 570 3967 2138 4038">
    <p class='ocr_par' dir='ltr' id='par_1_44' title="bbox 570 3967 2138 4038">
     <span class='ocr_line' id='line_1_44' title="bbox 570 3967 2138 4038; baseline 0.001 -16"><span class='ocrx_word' id='word_1_295' title='bbox 570 3983 671 4023; x_wconf 92' lang='lat' dir='ltr'><strong>nus</strong></span> <span class='ocrx_word' id='word_1_296' title='bbox 716 3968 943 4024; x_wconf 91' lang='lat' dir='ltr'><strong>Domino</strong></span> <span class='ocrx_word' id='word_1_297' title='bbox 973 3982 1092 4021; x_wconf 90' lang='lat' dir='ltr'><strong>meo</strong></span> <span class='ocrx_word' id='word_1_298' title='bbox 1112 4005 1127 4030; x_wconf 93' lang='lat'><strong>,</strong></span> <span class='ocrx_word' id='word_1_299' title='bbox 1159 3969 1286 4021; x_wconf 89' lang='lat' dir='ltr'><strong>sede</strong></span> <span class='ocrx_word' id='word_1_300' title='bbox 1306 3982 1333 4020; x_wconf 88' lang='lat' dir='ltr'><strong>a</strong></span> <span class='ocrx_word' id='word_1_301' title='bbox 1364 3967 1566 4020; x_wconf 87' lang='lat' dir='ltr'><strong>dextris</strong></span> <span class='ocrx_word' id='word_1_302' title='bbox 1597 3967 1730 4021; x_wconf 90' lang='lat' dir='ltr'><strong>meis</strong></span> <span class='ocrx_word' id='word_1_303' title='bbox 1763 3967 1837 4032; x_wconf 70' lang='lat'><strong>‘9,</strong></span> <span class='ocrx_word' id='word_1_304' title='bbox 1873 3988 1890 4019; x_wconf 76' lang='grc' dir='ltr'>ι</span> <span class='ocrx_word' id='word_1_305' title='bbox 1917 3980 1969 4022; x_wconf 86' lang='lat' dir='ltr'><strong>et</strong></span> <span class='ocrx_word' id='word_1_306' title='bbox 1996 3969 2138 4038; x_wconf 90' lang='lat' dir='ltr'><strong>quod</strong></span> 
     </span>
    </p>
   </div>
   <div class='ocr_carea' id='block_1_45' title="bbox 567 4058 2138 4128">
    <p class='ocr_par' dir='ltr' id='par_1_45' title="bbox 567 4058 2138 4128">
     <span class='ocr_line' id='line_1_45' title="bbox 567 4058 2138 4128; baseline 0.002 -17"><span class='ocrx_word' id='word_1_307' title='bbox 567 4060 772 4114; x_wconf 90' lang='lat' dir='ltr'><strong>dictum</strong></span> <span class='ocrx_word' id='word_1_308' title='bbox 805 4069 922 4113; x_wconf 89' lang='lat' dir='ltr'><strong>erat</strong></span> <span class='ocrx_word' id='word_1_309' title='bbox 971 4059 1360 4128; x_wconf 89' lang='lat' dir='ltr'><strong>interpretatus</strong></span> <span class='ocrx_word' id='word_1_310' title='bbox 1393 4067 1508 4123; x_wconf 89' lang='lat' dir='ltr'><strong>est,</strong></span> <span class='ocrx_word' id='word_1_311' title='bbox 1563 4058 1804 4127; x_wconf 90' lang='lat' dir='ltr'><strong>nihilque</strong></span> <span class='ocrx_word' id='word_1_312' title='bbox 1849 4061 1964 4114; x_wconf 90' lang='lat' dir='ltr'><strong>ausi</strong></span> <span class='ocrx_word' id='word_1_313' title='bbox 2012 4069 2138 4114; x_wconf 89' lang='lat' dir='ltr'><strong>sunt</strong></span> 
     </span>
    </p>
   </div>
   <div class='ocr_carea' id='block_1_46' title="bbox 566 4148 2138 4218">
    <p class='ocr_par' dir='ltr' id='par_1_46' title="bbox 566 4148 2138 4218">
     <span class='ocr_line' id='line_1_46' title="bbox 566 4148 2138 4218; baseline 0.001 -14"><span class='ocrx_word' id='word_1_314' title='bbox 566 4152 786 4215; x_wconf 87' lang='lat' dir='ltr'><strong>dicere,</strong></span> <span class='ocrx_word' id='word_1_315' title='bbox 822 4151 915 4204; x_wconf 89' lang='lat' dir='ltr'><strong>sed</strong></span> <span class='ocrx_word' id='word_1_316' title='bbox 942 4159 1244 4204; x_wconf 88' lang='lat' dir='ltr'><strong>tacuerunt.</strong></span> <span class='ocrx_word' id='word_1_317' title='bbox 1278 4148 1558 4213; x_wconf 88' lang='lat' dir='ltr'><strong>Quomodo</strong></span> <span class='ocrx_word' id='word_1_318' title='bbox 1594 4150 1761 4218; x_wconf 81' lang='lat' dir='ltr'><strong>igitur</strong></span> <span class='ocrx_word' id='word_1_319' title='bbox 1792 4166 1955 4214; x_wconf 91' lang='lat' dir='ltr'><strong>nunc,</strong></span> <span class='ocrx_word' id='word_1_320' title='bbox 1991 4150 2138 4205; x_wconf 90' lang='lat' dir='ltr'><strong>blas-</strong></span> 
     </span>
    </p>
   </div>
   <div class='ocr_carea' id='block_1_47' title="bbox 565 4239 2138 4312">
    <p class='ocr_par' dir='ltr' id='par_1_47' title="bbox 565 4239 2138 4312">
     <span class='ocr_line' id='line_1_47' title="bbox 565 4239 2138 4312; baseline 0.001 -16"><span class='ocrx_word' id='word_1_321' title='bbox 565 4242 867 4312; x_wconf 78' lang='lat' dir='ltr'><strong>phemiam,</strong></span> <span class='ocrx_word' id='word_1_322' title='bbox 905 4242 1046 4308; x_wconf 89' lang='lat' dir='ltr'><strong>quod</strong></span> <span class='ocrx_word' id='word_1_323' title='bbox 1083 4239 1284 4293; x_wconf 91' lang='lat' dir='ltr'><strong>dictum</strong></span> <span class='ocrx_word' id='word_1_324' title='bbox 1311 4249 1428 4292; x_wconf 86' lang='lat' dir='ltr'><strong>erat</strong></span> <span class='ocrx_word' id='word_1_325' title='bbox 1452 4280 1467 4304; x_wconf 94' lang='lat'><strong>,</strong></span> <span class='ocrx_word' id='word_1_326' title='bbox 1506 4240 1811 4294; x_wconf 85' lang='lat' dir='ltr'><strong>vocabant?</strong></span> <span class='ocrx_word' id='word_1_327' title='bbox 1864 4240 1974 4296; x_wconf 89' lang='lat' dir='ltr'><strong>Cur</strong></span> <span class='ocrx_word' id='word_1_328' title='bbox 2007 4258 2138 4297; x_wconf 89' lang='lat' dir='ltr'><strong>vero</strong></span> 
     </span>
    </p>
   </div>
   <div class='ocr_carea' id='block_1_48' title="bbox 567 4330 2137 4400">
    <p class='ocr_par' dir='ltr' id='par_1_48' title="bbox 567 4330 2137 4400">
     <span class='ocr_line' id='line_1_48' title="bbox 567 4330 2137 4400; baseline 0.003 -13"><span class='ocrx_word' id='word_1_329' title='bbox 567 4333 820 4387; x_wconf 88' lang='lat' dir='ltr'><strong>Christus</strong></span> <span class='ocrx_word' id='word_1_330' title='bbox 867 4332 938 4384; x_wconf 92' lang='lat' dir='ltr'><strong>ita</strong></span> <span class='ocrx_word' id='word_1_331' title='bbox 985 4331 1299 4400; x_wconf 83' lang='lat' dir='ltr'><strong>respoadit?</strong></span> <span class='ocrx_word' id='word_1_332' title='bbox 1347 4330 1416 4386; x_wconf 90' lang='lat' dir='ltr'><strong>Ut</strong></span> <span class='ocrx_word' id='word_1_333' title='bbox 1445 4348 1659 4386; x_wconf 91' lang='lat' dir='ltr'><strong>omnem</strong></span> <span class='ocrx_word' id='word_1_334' title='bbox 1706 4334 1916 4388; x_wconf 92' lang='lat' dir='ltr'><strong>illorum</strong></span> <span class='ocrx_word' id='word_1_335' title='bbox 1948 4337 2137 4391; x_wconf 81' lang='lat' dir='ltr'><strong>defen-</strong></span> 
     </span>
    </p>
   </div>
   <div class='ocr_carea' id='block_1_49' title="bbox 2239 484 3004 562">
    <p class='ocr_par' dir='ltr' id='par_1_49' title="bbox 2239 484 3004 562">
     <span class='ocr_line' id='line_1_49' title="bbox 2239 484 3004 562; baseline -0.01 -17"><span class='ocrx_word' id='word_1_336' title='bbox 2239 494 2448 562; x_wconf 81' lang='grc' dir='ltr'>ρήσεως</span> <span class='ocrx_word' id='word_1_337' title='bbox 2473 489 2632 561; x_wconf 77' lang='grc' dir='ltr'>ἔργον</span> <span class='ocrx_word' id='word_1_338' title='bbox 2660 484 2727 559; x_wconf 74' lang='grc' dir='ltr'><strong>ἦν</strong></span> <span class='ocrx_word' id='word_1_339' title='bbox 2759 488 2817 540; x_wconf 71' lang='grc' dir='ltr'><strong>τὸ</strong></span> <span class='ocrx_word' id='word_1_340' title='bbox 2845 487 3004 539; x_wconf 78' lang='grc' dir='ltr'>ἑλεῖν.</span> 
     </span>
    </p>
   </div>
   <div class='ocr_carea' id='block_1_50' title="bbox 2315 651 3804 731">
    <p class='ocr_par' dir='ltr' id='par_1_50' title="bbox 2315 651 3804 731">
     <span class='ocr_line' id='line_1_50' title="bbox 2315 651 3804 731; baseline -0.007 -17"><span class='ocrx_word' id='word_1_341' title='bbox 2315 664 2370 714; x_wconf 81' lang='grc' dir='ltr'>Τί</span> <span class='ocrx_word' id='word_1_342' title='bbox 2417 661 2559 731; x_wconf 79' lang='grc' dir='ltr'><strong>ὑμῖν</strong></span> <span class='ocrx_word' id='word_1_343' title='bbox 2615 661 2815 724; x_wconf 83' lang='grc' dir='ltr'>δοκεῖ;</span> <span class='ocrx_word' id='word_1_344' title='bbox 2877 663 2944 712; x_wconf 82' lang='lat' dir='ltr'><strong>Ol</strong></span> <span class='ocrx_word' id='word_1_345' title='bbox 2996 659 3065 712; x_wconf 77' lang='grc' dir='ltr'>δὲ</span> <span class='ocrx_word' id='word_1_346' title='bbox 3114 657 3540 725; x_wconf 71' lang='grc' dir='ltr'><strong>ἀποκριθέντες</strong></span> <span class='ocrx_word' id='word_1_347' title='bbox 3603 651 3804 707; x_wconf 75' lang='grc' dir='ltr'>εἶπον·</span> 
     </span>
    </p>
   </div>
   <div class='ocr_carea' id='block_1_51' title="bbox 2241 752 2958 822">
    <p class='ocr_par' dir='ltr' id='par_1_51' title="bbox 2241 752 2958 822">
     <span class='ocr_line' id='line_1_51' title="bbox 2241 752 2958 822; baseline 0.001 -18"><span class='ocrx_word' id='word_1_348' title='bbox 2241 755 2490 822; x_wconf 75' lang='grc' dir='ltr'><strong>Ἔνοχος</strong></span> <span class='ocrx_word' id='word_1_349' title='bbox 2523 752 2782 806; x_wconf 82' lang='grc' dir='ltr'>θανάτου</span> <span class='ocrx_word' id='word_1_350' title='bbox 2804 752 2958 805; x_wconf 83' lang='grc' dir='ltr'>ἐστί.</span> 
     </span>
    </p>
   </div>
   <div class='ocr_carea' id='block_1_52' title="bbox 2313 861 3810 936">
    <p class='ocr_par' dir='ltr' id='par_1_52' title="bbox 2313 861 3810 936">
     <span class='ocr_line' id='line_1_52' title="bbox 2313 861 3810 936; baseline -0.003 -16"><span class='ocrx_word' id='word_1_351' title='bbox 2313 869 2455 936; x_wconf 78' lang='grc' dir='ltr'>Ἔφη</span> <span class='ocrx_word' id='word_1_352' title='bbox 2497 885 2599 922; x_wconf 89' lang='grc' dir='ltr'><strong>που</strong></span> <span class='ocrx_word' id='word_1_353' title='bbox 2645 868 2732 921; x_wconf 83' lang='grc' dir='ltr'>διὰ</span> <span class='ocrx_word' id='word_1_354' title='bbox 2762 869 3006 929; x_wconf 80' lang='grc' dir='ltr'>Μωσέως</span> <span class='ocrx_word' id='word_1_355' title='bbox 3044 869 3072 920; x_wconf 84' lang='grc' dir='ltr'>ὁ</span> <span class='ocrx_word' id='word_1_356' title='bbox 3118 867 3227 919; x_wconf 88' lang='grc' dir='ltr'><strong>τῶν</strong></span> <span class='ocrx_word' id='word_1_357' title='bbox 3259 866 3396 920; x_wconf 84' lang='grc' dir='ltr'>ὅλων</span> <span class='ocrx_word' id='word_1_358' title='bbox 3425 866 3590 929; x_wconf 84' lang='grc' dir='ltr'>Θεός·</span> <span class='ocrx_word' id='word_1_359' title='bbox 3629 883 3647 915; x_wconf 80' lang='grc' dir='ltr'>ι</span> <span class='ocrx_word' id='word_1_360' title='bbox 3685 861 3810 918; x_wconf 79' lang='grc' dir='ltr'><strong>Ἐὰν</strong></span> 
     </span>
    </p>
   </div>
   <div class='ocr_carea' id='block_1_53' title="bbox 2235 949 3810 1028">
    <p class='ocr_par' dir='ltr' id='par_1_53' title="bbox 2235 949 3810 1028">
     <span class='ocr_line' id='line_1_53' title="bbox 2235 949 3810 1028; baseline -0.005 -12"><span class='ocrx_word' id='word_1_361' title='bbox 2235 957 2380 1026; x_wconf 70' lang='grc' dir='ltr'>ψυχὴ</span> <span class='ocrx_word' id='word_1_362' title='bbox 2415 957 2639 1028; x_wconf 81' lang='grc' dir='ltr'>ἁμάρτῃ</span> <span class='ocrx_word' id='word_1_363' title='bbox 2667 959 2761 1010; x_wconf 74' lang='grc' dir='ltr'>καὶ</span> <span class='ocrx_word' id='word_1_364' title='bbox 2793 957 3001 1028; x_wconf 77' lang='grc' dir='ltr'>ἀκούσῃ</span> <span class='ocrx_word' id='word_1_365' title='bbox 3049 956 3230 1027; x_wconf 82' lang='grc' dir='ltr'>φωνὴν</span> <span class='ocrx_word' id='word_1_366' title='bbox 3261 954 3548 1026; x_wconf 80' lang='grc' dir='ltr'>ὁρκισμοῦ,</span> <span class='ocrx_word' id='word_1_367' title='bbox 3591 955 3687 1008; x_wconf 73' lang='grc' dir='ltr'>καὶ</span> <span class='ocrx_word' id='word_1_368' title='bbox 3721 949 3810 1009; x_wconf 76' lang='grc' dir='ltr'><strong>οὗ·</strong></span> 
     </span>
    </p>
   </div>
   <div class='ocr_carea' id='block_1_54' title="bbox 2237 1045 3808 1118">
    <p class='ocr_par' dir='ltr' id='par_1_54' title="bbox 2237 1045 3808 1118">
     <span class='ocr_line' id='line_1_54' title="bbox 2237 1045 3808 1118; baseline -0.001 -21"><span class='ocrx_word' id='word_1_369' title='bbox 2237 1062 2327 1110; x_wconf 83' lang='grc' dir='ltr'><strong>τος</strong></span> <span class='ocrx_word' id='word_1_370' title='bbox 2355 1046 2618 1116; x_wconf 83' lang='grc' dir='ltr'>μάρτυςῆ</span> <span class='ocrx_word' id='word_1_371' title='bbox 2644 1047 2908 1118; x_wconf 81' lang='grc' dir='ltr'>ἑώρακεν,</span> <span class='ocrx_word' id='word_1_372' title='bbox 2928 1046 2962 1113; x_wconf 77' lang='grc' dir='ltr'>ἢ</span> <span class='ocrx_word' id='word_1_373' title='bbox 2983 1047 3239 1109; x_wconf 84' lang='grc' dir='ltr'>συνεῖδεν,</span> <span class='ocrx_word' id='word_1_374' title='bbox 3267 1045 3360 1098; x_wconf 82' lang='grc' dir='ltr'><strong>ἐὰν</strong></span> <span class='ocrx_word' id='word_1_375' title='bbox 3388 1045 3463 1116; x_wconf 87' lang='grc' dir='ltr'>μὴ</span> <span class='ocrx_word' id='word_1_376' title='bbox 3490 1045 3808 1118; x_wconf 79' lang='grc' dir='ltr'>ἀναγγείλῃ,</span> 
     </span>
    </p>
   </div>
   <div class='ocr_carea' id='block_1_55' title="bbox 2239 1135 3813 1208">
    <p class='ocr_par' dir='ltr' id='par_1_55' title="bbox 2239 1135 3813 1208">
     <span class='ocr_line' id='line_1_55' title="bbox 2239 1135 3813 1208; baseline 0 -21"><span class='ocrx_word' id='word_1_377' title='bbox 2239 1139 2395 1206; x_wconf 68' lang='grc' dir='ltr'>φησι,</span> <span class='ocrx_word' id='word_1_378' title='bbox 2444 1136 2677 1207; x_wconf 83' lang='grc' dir='ltr'>λήψεται</span> <span class='ocrx_word' id='word_1_379' title='bbox 2715 1137 2814 1204; x_wconf 83' lang='grc' dir='ltr'>τὴν</span> <span class='ocrx_word' id='word_1_380' title='bbox 2845 1136 3141 1208; x_wconf 82' lang='grc' dir='ltr'>ἁμαρτίαν.</span> <span class='ocrx_word' id='word_1_381' title='bbox 3171 1157 3189 1188; x_wconf 75' lang='grc' dir='ltr'>ι</span> <span class='ocrx_word' id='word_1_382' title='bbox 3230 1136 3609 1208; x_wconf 82' lang='grc' dir='ltr'>Ἐπεγράφετο</span> <span class='ocrx_word' id='word_1_383' title='bbox 3635 1135 3813 1190; x_wconf 77' lang='grc' dir='ltr'><strong>τοίνυν</strong></span> 
     </span>
    </p>
   </div>
   <div class='ocr_carea' id='block_1_56' title="bbox 2239 1227 3809 1298">
    <p class='ocr_par' dir='ltr' id='par_1_56' title="bbox 2239 1227 3809 1298">
     <span class='ocr_line' id='line_1_56' title="bbox 2239 1227 3809 1298; baseline 0.002 -19"><span class='ocrx_word' id='word_1_384' title='bbox 2239 1227 2590 1298; x_wconf 77' lang='grc' dir='ltr'><strong>παρανομίας</strong></span> <span class='ocrx_word' id='word_1_385' title='bbox 2631 1227 2885 1298; x_wconf 77' lang='grc' dir='ltr'>ἔγκλημά</span> <span class='ocrx_word' id='word_1_386' title='bbox 2937 1245 3078 1281; x_wconf 91' lang='grc' dir='ltr'>τισιν</span> <span class='ocrx_word' id='word_1_387' title='bbox 3113 1230 3161 1280; x_wconf 84' lang='grc' dir='ltr'><strong>εί</strong></span> <span class='ocrx_word' id='word_1_388' title='bbox 3214 1227 3380 1298; x_wconf 82' lang='grc' dir='ltr'>μηδὲν</span> <span class='ocrx_word' id='word_1_389' title='bbox 3439 1227 3809 1295; x_wconf 78' lang='grc' dir='ltr'>ἀπολογοίντο.</span> 
     </span>
    </p>
   </div>
   <div class='ocr_carea' id='block_1_57' title="bbox 2240 1316 3813 1390">
    <p class='ocr_par' dir='ltr' id='par_1_57' title="bbox 2240 1316 3813 1390">
     <span class='ocr_line' id='line_1_57' title="bbox 2240 1316 3813 1390; baseline -0.001 -19"><span class='ocrx_word' id='word_1_390' title='bbox 2240 1319 2423 1388; x_wconf 80' lang='grc' dir='ltr'>φωνὴν</span> <span class='ocrx_word' id='word_1_391' title='bbox 2471 1320 2760 1382; x_wconf 78' lang='grc' dir='ltr'>ἀκούοντες</span> <span class='ocrx_word' id='word_1_392' title='bbox 2794 1317 3083 1390; x_wconf 83' lang='grc' dir='ltr'>ὁρκισμοῦ.</span> <span class='ocrx_word' id='word_1_393' title='bbox 3148 1319 3248 1373; x_wconf 85' lang='grc' dir='ltr'><strong>Διὰ</strong></span> <span class='ocrx_word' id='word_1_394' title='bbox 3299 1317 3456 1372; x_wconf 81' lang='grc' dir='ltr'>τοῦτο</span> <span class='ocrx_word' id='word_1_395' title='bbox 3490 1316 3813 1388; x_wconf 82' lang='grc' dir='ltr'>πανούργως</span> 
     </span>
    </p>
   </div>
   <div class='ocr_carea' id='block_1_58' title="bbox 2237 1409 3813 1481">
    <p class='ocr_par' dir='ltr' id='par_1_58' title="bbox 2237 1409 3813 1481">
     <span class='ocr_line' id='line_1_58' title="bbox 2237 1409 3813 1481; baseline 0.001 -20"><span class='ocrx_word' id='word_1_396' title='bbox 2237 1409 2446 1479; x_wconf 75' lang='grc' dir='ltr'>ὀρκίζει</span> <span class='ocrx_word' id='word_1_397' title='bbox 2476 1409 2566 1462; x_wconf 75' lang='grc' dir='ltr'>τὸν</span> <span class='ocrx_word' id='word_1_398' title='bbox 2608 1410 2812 1481; x_wconf 80' lang='grc' dir='ltr'><strong>Κύριον</strong></span> <span class='ocrx_word' id='word_1_399' title='bbox 2833 1413 2861 1462; x_wconf 87' lang='grc' dir='ltr'>ὁ</span> <span class='ocrx_word' id='word_1_400' title='bbox 2903 1411 3178 1480; x_wconf 78' lang='grc' dir='ltr'>Καιάφας,</span> <span class='ocrx_word' id='word_1_401' title='bbox 3214 1410 3321 1476; x_wconf 79' lang='grc' dir='ltr'>ἵνα,</span> <span class='ocrx_word' id='word_1_402' title='bbox 3346 1413 3396 1464; x_wconf 82' lang='grc' dir='ltr'><strong>εί</strong></span> <span class='ocrx_word' id='word_1_403' title='bbox 3430 1409 3669 1480; x_wconf 78' lang='grc' dir='ltr'>βούλοιτο</span> <span class='ocrx_word' id='word_1_404' title='bbox 3717 1411 3813 1464; x_wconf 81' lang='grc' dir='ltr'><strong>καὶ</strong></span> 
     </span>
    </p>
   </div>
   <div class='ocr_carea' id='block_1_59' title="bbox 2243 1501 3806 1574">
    <p class='ocr_par' dir='ltr' id='par_1_59' title="bbox 2243 1501 3806 1574">
     <span class='ocr_line' id='line_1_59' title="bbox 2243 1501 3806 1574; baseline 0.002 -22"><span class='ocrx_word' id='word_1_405' title='bbox 2243 1501 2380 1570; x_wconf 78' lang='grc' dir='ltr'>μετὰ</span> <span class='ocrx_word' id='word_1_406' title='bbox 2404 1501 2563 1555; x_wconf 81' lang='grc' dir='ltr'>τοῦτο</span> <span class='ocrx_word' id='word_1_407' title='bbox 2601 1504 2832 1574; x_wconf 85' lang='grc' dir='ltr'>σιωπᾷν,</span> <span class='ocrx_word' id='word_1_408' title='bbox 2859 1503 2934 1564; x_wconf 81' lang='grc' dir='ltr'><strong>ὡς</strong></span> <span class='ocrx_word' id='word_1_409' title='bbox 2965 1505 3428 1574; x_wconf 83' lang='grc' dir='ltr'>παρανομήσαντα</span> <span class='ocrx_word' id='word_1_410' title='bbox 3462 1503 3806 1572; x_wconf 86' lang='grc' dir='ltr'>κατακρίνοι,</span> 
     </span>
    </p>
   </div>
   <div class='ocr_carea' id='block_1_60' title="bbox 2239 1591 3812 1666">
    <p class='ocr_par' dir='ltr' id='par_1_60' title="bbox 2239 1591 3812 1666">
     <span class='ocr_line' id='line_1_60' title="bbox 2239 1591 3812 1666; baseline 0.001 -24"><span class='ocrx_word' id='word_1_411' title='bbox 2239 1591 2392 1656; x_wconf 80' lang='grc' dir='ltr'>εἰδὼς</span> <span class='ocrx_word' id='word_1_412' title='bbox 2426 1594 2506 1646; x_wconf 82' lang='grc' dir='ltr'>ὅτι</span> <span class='ocrx_word' id='word_1_413' title='bbox 2543 1594 2812 1665; x_wconf 76' lang='grc' dir='ltr'>ὁρκωθεὶς</span> <span class='ocrx_word' id='word_1_414' title='bbox 2862 1596 2956 1648; x_wconf 79' lang='grc' dir='ltr'><strong>καὶ</strong></span> <span class='ocrx_word' id='word_1_415' title='bbox 3028 1597 3313 1665; x_wconf 75' lang='grc' dir='ltr'><strong>σιωπήσας</strong></span> <span class='ocrx_word' id='word_1_416' title='bbox 3371 1595 3551 1666; x_wconf 75' lang='grc' dir='ltr'>ἔνοχος</span> <span class='ocrx_word' id='word_1_417' title='bbox 3600 1597 3812 1662; x_wconf 79' lang='grc' dir='ltr'>ἐγένετο</span> 
     </span>
    </p>
   </div>
   <div class='ocr_carea' id='block_1_61' title="bbox 2239 1685 3813 1760">
    <p class='ocr_par' dir='ltr' id='par_1_61' title="bbox 2239 1685 3813 1760">
     <span class='ocr_line' id='line_1_61' title="bbox 2239 1685 3813 1760; baseline 0.002 -25"><span class='ocrx_word' id='word_1_418' title='bbox 2239 1685 2481 1756; x_wconf 78' lang='grc' dir='ltr'>τιμωρίᾳ</span> <span class='ocrx_word' id='word_1_419' title='bbox 2513 1689 2578 1756; x_wconf 81' lang='grc' dir='ltr'>τῇ</span> <span class='ocrx_word' id='word_1_420' title='bbox 2602 1687 2710 1740; x_wconf 85' lang='grc' dir='ltr'><strong>ἀπὸ</strong></span> <span class='ocrx_word' id='word_1_421' title='bbox 2735 1687 2828 1739; x_wconf 77' lang='grc' dir='ltr'>τοῦ</span> <span class='ocrx_word' id='word_1_422' title='bbox 2860 1687 3046 1757; x_wconf 81' lang='grc' dir='ltr'>νόμου·</span> <span class='ocrx_word' id='word_1_423' title='bbox 3082 1689 3130 1740; x_wconf 88' lang='grc' dir='ltr'><strong>εί</strong></span> <span class='ocrx_word' id='word_1_424' title='bbox 3159 1687 3213 1739; x_wconf 83' lang='grc' dir='ltr'>δὲ</span> <span class='ocrx_word' id='word_1_425' title='bbox 3246 1687 3376 1760; x_wconf 72' lang='grc' dir='ltr'>εἴπῃ</span> <span class='ocrx_word' id='word_1_426' title='bbox 3405 1687 3464 1740; x_wconf 81' lang='grc' dir='ltr'>τὸ</span> <span class='ocrx_word' id='word_1_427' title='bbox 3489 1685 3706 1759; x_wconf 81' lang='grc' dir='ltr'>ἀληθὲς,</span> <span class='ocrx_word' id='word_1_428' title='bbox 3738 1687 3813 1747; x_wconf 80' lang='grc' dir='ltr'>ὡς</span> 
     </span>
    </p>
   </div>
   <div class='ocr_carea' id='block_1_62' title="bbox 2239 1773 3812 1845">
    <p class='ocr_par' dir='ltr' id='par_1_62' title="bbox 2239 1773 3812 1845">
     <span class='ocr_line' id='line_1_62' title="bbox 2239 1773 3812 1845; baseline 0.003 -21"><span class='ocrx_word' id='word_1_429' title='bbox 2239 1773 2624 1844; x_wconf 63' lang='grc' dir='ltr'>ψευδόχριστον</span> <span class='ocrx_word' id='word_1_430' title='bbox 2659 1776 2821 1828; x_wconf 82' lang='grc' dir='ltr'>αὑτὸν</span> <span class='ocrx_word' id='word_1_431' title='bbox 2868 1777 3202 1845; x_wconf 77' lang='grc' dir='ltr'>φονεύσωσιν</span> <span class='ocrx_word' id='word_1_432' title='bbox 3234 1777 3310 1841; x_wconf 76' lang='grc' dir='ltr'>ὡς</span> <span class='ocrx_word' id='word_1_433' title='bbox 3355 1778 3584 1845; x_wconf 84' lang='grc' dir='ltr'>λέγοντα</span> <span class='ocrx_word' id='word_1_434' title='bbox 3620 1777 3812 1830; x_wconf 78' lang='grc' dir='ltr'>ἑαυτὸν</span> 
     </span>
    </p>
   </div>
   <div class='ocr_carea' id='block_1_63' title="bbox 2238 1864 3812 1942">
    <p class='ocr_par' dir='ltr' id='par_1_63' title="bbox 2238 1864 3812 1942">
     <span class='ocr_line' id='line_1_63' title="bbox 2238 1864 3812 1942; baseline 0.004 -27"><span class='ocrx_word' id='word_1_435' title='bbox 2238 1864 2556 1927; x_wconf 73' lang='grc' dir='ltr'>Θεὸν,οὐδὲν</span> <span class='ocrx_word' id='word_1_436' title='bbox 2586 1867 2746 1920; x_wconf 83' lang='grc' dir='ltr'>πλέον</span> <span class='ocrx_word' id='word_1_437' title='bbox 2772 1868 2962 1939; x_wconf 77' lang='grc' dir='ltr'>ἔχοντα</span> <span class='ocrx_word' id='word_1_438' title='bbox 2983 1869 3090 1921; x_wconf 86' lang='grc' dir='ltr'><strong>τῶν</strong></span> <span class='ocrx_word' id='word_1_439' title='bbox 3119 1869 3320 1923; x_wconf 79' lang='grc' dir='ltr'>λοιπῶν</span> <span class='ocrx_word' id='word_1_440' title='bbox 3344 1870 3646 1942; x_wconf 78' lang='grc' dir='ltr'>ἀνθρώπων</span> <span class='ocrx_word' id='word_1_441' title='bbox 3671 1871 3812 1924; x_wconf 62' lang='grc' dir='ltr'>κατα</span> 
     </span>
    </p>
   </div>
   <div class='ocr_carea' id='block_1_64' title="bbox 2237 1955 3810 2032">
    <p class='ocr_par' dir='ltr' id='par_1_64' title="bbox 2237 1955 3810 2032">
     <span class='ocr_line' id='line_1_64' title="bbox 2237 1955 3810 2032; baseline 0.002 -26"><span class='ocrx_word' id='word_1_442' title='bbox 2237 1957 2336 2023; x_wconf 84' lang='grc' dir='ltr'>τὴν</span> <span class='ocrx_word' id='word_1_443' title='bbox 2365 1958 2543 2026; x_wconf 78' lang='grc' dir='ltr'>σάρκα</span> <span class='ocrx_word' id='word_1_444' title='bbox 2577 1958 2672 2010; x_wconf 71' lang='grc' dir='ltr'><strong>καὶ</strong></span> <span class='ocrx_word' id='word_1_445' title='bbox 2707 1958 2769 2010; x_wconf 82' lang='grc' dir='ltr'>τὸ</span> <span class='ocrx_word' id='word_1_446' title='bbox 2790 1958 3086 2029; x_wconf 84' lang='grc' dir='ltr'>ὁρώμενον.</span> <span class='ocrx_word' id='word_1_447' title='bbox 3115 1959 3206 2012; x_wconf 84' lang='grc' dir='ltr'>Διὸ</span> <span class='ocrx_word' id='word_1_448' title='bbox 3228 1961 3256 2011; x_wconf 84' lang='grc' dir='ltr'>ὁ</span> <span class='ocrx_word' id='word_1_449' title='bbox 3275 1961 3508 2032; x_wconf 76' lang='grc' dir='ltr'>Χριστὸς</span> <span class='ocrx_word' id='word_1_450' title='bbox 3534 1955 3674 2014; x_wconf 85' lang='grc' dir='ltr'>εἷπε·</span> <span class='ocrx_word' id='word_1_451' title='bbox 3697 1979 3716 2009; x_wconf 73' lang='grc' dir='ltr'><strong>ι</strong></span> <span class='ocrx_word' id='word_1_452' title='bbox 3740 1960 3810 2010; x_wconf 77' lang='grc' dir='ltr'>Σὺ</span> 
     </span>
    </p>
   </div>
   <div class='ocr_carea' id='block_1_65' title="bbox 2239 2039 3808 2119">
    <p class='ocr_par' dir='ltr' id='par_1_65' title="bbox 2239 2039 3808 2119">
     <span class='ocr_line' id='line_1_65' title="bbox 2239 2039 3808 2119; baseline 0.002 -24"><span class='ocrx_word' id='word_1_453' title='bbox 2239 2039 2430 2107; x_wconf 74' lang='grc' dir='ltr'>εἶπας·</span> <span class='ocrx_word' id='word_1_454' title='bbox 2466 2064 2482 2094; x_wconf 76' lang='lat' dir='ltr'><strong>i</strong></span> <span class='ocrx_word' id='word_1_455' title='bbox 2519 2047 2662 2097; x_wconf 77' lang='grc' dir='ltr'>Ἀντὶ</span> <span class='ocrx_word' id='word_1_456' title='bbox 2689 2046 2804 2110; x_wconf 78' lang='grc' dir='ltr'>τοῦ,</span> <span class='ocrx_word' id='word_1_457' title='bbox 2834 2047 2906 2100; x_wconf 86' lang='grc' dir='ltr'>Τὸ</span> <span class='ocrx_word' id='word_1_458' title='bbox 2935 2047 3024 2100; x_wconf 82' lang='grc' dir='ltr'><strong>σὸν</strong></span> <span class='ocrx_word' id='word_1_459' title='bbox 3049 2048 3366 2118; x_wconf 82' lang='grc' dir='ltr'>ὡμολόγησε</span> <span class='ocrx_word' id='word_1_460' title='bbox 3401 2050 3574 2119; x_wconf 83' lang='grc' dir='ltr'>στόμα</span> <span class='ocrx_word' id='word_1_461' title='bbox 3605 2048 3808 2101; x_wconf 74' lang='grc' dir='ltr'>λοιπόν.</span> 
     </span>
    </p>
   </div>
   <div class='ocr_carea' id='block_1_66' title="bbox 2241 2134 3812 2210">
    <p class='ocr_par' dir='ltr' id='par_1_66' title="bbox 2241 2134 3812 2210">
     <span class='ocr_line' id='line_1_66' title="bbox 2241 2134 3812 2210; baseline 0.003 -25"><span class='ocrx_word' id='word_1_462' title='bbox 2241 2134 2360 2188; x_wconf 82' lang='grc' dir='ltr'><strong>Ἵνα</strong></span> <span class='ocrx_word' id='word_1_463' title='bbox 2396 2134 2452 2186; x_wconf 80' lang='grc' dir='ltr'>δὲ</span> <span class='ocrx_word' id='word_1_464' title='bbox 2499 2138 2909 2206; x_wconf 80' lang='grc' dir='ltr'><strong>φορτικωτέραν</strong></span> <span class='ocrx_word' id='word_1_465' title='bbox 2940 2139 3121 2202; x_wconf 81' lang='grc' dir='ltr'>αὐτοῖς</span> <span class='ocrx_word' id='word_1_466' title='bbox 3157 2141 3257 2209; x_wconf 85' lang='grc' dir='ltr'>τὴν</span> <span class='ocrx_word' id='word_1_467' title='bbox 3296 2139 3454 2210; x_wconf 85' lang='grc' dir='ltr'>δίκην</span> <span class='ocrx_word' id='word_1_468' title='bbox 3488 2139 3812 2210; x_wconf 81' lang='grc' dir='ltr'>ἐργάσηται,</span> 
     </span>
    </p>
   </div>
   <div class='ocr_carea' id='block_1_67' title="bbox 2238 2224 3813 2298">
    <p class='ocr_par' dir='ltr' id='par_1_67' title="bbox 2238 2224 3813 2298">
     <span class='ocr_line' id='line_1_67' title="bbox 2238 2224 3813 2298; baseline -0.001 -21"><span class='ocrx_word' id='word_1_469' title='bbox 2238 2225 2336 2292; x_wconf 75' lang='grc' dir='ltr'><strong>τὴν</strong></span> <span class='ocrx_word' id='word_1_470' title='bbox 2373 2227 2464 2277; x_wconf 82' lang='grc' dir='ltr'><strong>ἐπί</strong></span> <span class='ocrx_word' id='word_1_471' title='bbox 2494 2225 2558 2293; x_wconf 87' lang='grc' dir='ltr'><strong>γέ</strong></span> <span class='ocrx_word' id='word_1_472' title='bbox 2592 2243 2734 2296; x_wconf 84' lang='grc' dir='ltr'>φημι</span> <span class='ocrx_word' id='word_1_473' title='bbox 2918 2226 2991 2297; x_wconf 86' lang='grc' dir='ltr'>μὴ</span> <span class='ocrx_word' id='word_1_474' title='bbox 3023 2227 3302 2280; x_wconf 78' lang='grc' dir='ltr'>πιστεύειν</span> <span class='ocrx_word' id='word_1_475' title='bbox 3334 2231 3412 2292; x_wconf 74' lang='grc' dir='ltr'><strong>εἰς</strong></span> <span class='ocrx_word' id='word_1_476' title='bbox 3441 2228 3603 2280; x_wconf 76' lang='grc' dir='ltr'>αὑτὸν</span> <span class='ocrx_word' id='word_1_477' title='bbox 3629 2227 3813 2298; x_wconf 63' lang='grc' dir='ltr'>βούλε-</span> 
     </span>
    </p>
   </div>
   <div class='ocr_carea' id='block_1_68' title="bbox 2241 2314 3809 2388">
    <p class='ocr_par' dir='ltr' id='par_1_68' title="bbox 2241 2314 3809 2388">
     <span class='ocr_line' id='line_1_68' title="bbox 2241 2314 3809 2388; baseline 0.001 -21"><span class='ocrx_word' id='word_1_478' title='bbox 2241 2314 2387 2376; x_wconf 84' lang='grc' dir='ltr'>σθαι,</span> <span class='ocrx_word' id='word_1_479' title='bbox 2406 2317 2570 2369; x_wconf 82' lang='grc' dir='ltr'>πάλιν</span> <span class='ocrx_word' id='word_1_480' title='bbox 2593 2317 2772 2379; x_wconf 82' lang='grc' dir='ltr'>αὐτοῖς</span> <span class='ocrx_word' id='word_1_481' title='bbox 2798 2319 3001 2387; x_wconf 78' lang='grc' dir='ltr'><strong>ἐναργῆ</strong></span> <span class='ocrx_word' id='word_1_482' title='bbox 3021 2318 3118 2388; x_wconf 77' lang='grc' dir='ltr'>τὴν</span> <span class='ocrx_word' id='word_1_483' title='bbox 3138 2318 3301 2370; x_wconf 81' lang='grc' dir='ltr'>αὐτοῦ</span> <span class='ocrx_word' id='word_1_484' title='bbox 3326 2318 3612 2386; x_wconf 73' lang='grc' dir='ltr'>καθίστησι</span> <span class='ocrx_word' id='word_1_485' title='bbox 3632 2317 3809 2380; x_wconf 76' lang='grc' dir='ltr'>δόξαν,</span> 
     </span>
    </p>
   </div>
   <div class='ocr_carea' id='block_1_69' title="bbox 2241 2407 3810 2481">
    <p class='ocr_par' dir='ltr' id='par_1_69' title="bbox 2241 2407 3810 2481">
     <span class='ocr_line' id='line_1_69' title="bbox 2241 2407 3810 2481; baseline 0 -21"><span class='ocrx_word' id='word_1_486' title='bbox 2241 2407 2438 2460; x_wconf 78' lang='grc' dir='ltr'>εἰπών·</span> <span class='ocrx_word' id='word_1_487' title='bbox 2477 2427 2494 2459; x_wconf 76' lang='grc' dir='ltr'>ι</span> <span class='ocrx_word' id='word_1_488' title='bbox 2529 2408 2766 2478; x_wconf 72' lang='grc' dir='ltr'>Ὄψεσθε</span> <span class='ocrx_word' id='word_1_489' title='bbox 2808 2411 2901 2463; x_wconf 85' lang='grc' dir='ltr'><strong>ἀπ’</strong></span> <span class='ocrx_word' id='word_1_490' title='bbox 2939 2410 3062 2481; x_wconf 85' lang='grc' dir='ltr'><strong>ἄρτι</strong></span> <span class='ocrx_word' id='word_1_491' title='bbox 3092 2409 3180 2462; x_wconf 78' lang='grc' dir='ltr'>τὸν</span> <span class='ocrx_word' id='word_1_492' title='bbox 3210 2411 3337 2462; x_wconf 80' lang='grc' dir='ltr'><strong>Υἱὸν</strong></span> <span class='ocrx_word' id='word_1_493' title='bbox 3382 2410 3476 2462; x_wconf 80' lang='grc' dir='ltr'>τοῦ</span> <span class='ocrx_word' id='word_1_494' title='bbox 3524 2409 3810 2480; x_wconf 82' lang='grc' dir='ltr'>ἀνθρώπου</span> 
     </span>
    </p>
   </div>
   <div class='ocr_carea' id='block_1_70' title="bbox 2241 2498 3810 2570">
    <p class='ocr_par' dir='ltr' id='par_1_70' title="bbox 2241 2498 3810 2570">
     <span class='ocr_line' id='line_1_70' title="bbox 2241 2498 3810 2570; baseline -0.003 -19"><span class='ocrx_word' id='word_1_495' title='bbox 2241 2499 2552 2570; x_wconf 80' lang='grc' dir='ltr'>καθήμενον</span> <span class='ocrx_word' id='word_1_496' title='bbox 2582 2502 2644 2552; x_wconf 80' lang='grc' dir='ltr'><strong>ἐκ</strong></span> <span class='ocrx_word' id='word_1_497' title='bbox 2689 2500 2879 2564; x_wconf 79' lang='grc' dir='ltr'>δεξιῶν</span> <span class='ocrx_word' id='word_1_498' title='bbox 2909 2501 3007 2570; x_wconf 76' lang='grc' dir='ltr'>τῆς</span> <span class='ocrx_word' id='word_1_499' title='bbox 3036 2502 3318 2570; x_wconf 86' lang='grc' dir='ltr'>δυνάμεως</span> <span class='ocrx_word' id='word_1_500' title='bbox 3358 2499 3451 2553; x_wconf 75' lang='grc' dir='ltr'>τοῦ</span> <span class='ocrx_word' id='word_1_501' title='bbox 3474 2498 3628 2552; x_wconf 81' lang='grc' dir='ltr'>Θεοῦ.</span> <span class='ocrx_word' id='word_1_502' title='bbox 3672 2519 3688 2550; x_wconf 68' lang='grc' dir='ltr'><strong><em>υ</em></strong></span> <span class='ocrx_word' id='word_1_503' title='bbox 3716 2499 3810 2550; x_wconf 79' lang='grc' dir='ltr'>Ἐν</span> 
     </span>
    </p>
   </div>
   <div class='ocr_carea' id='block_1_71' title="bbox 2240 2588 3810 2660">
    <p class='ocr_par' dir='ltr' id='par_1_71' title="bbox 2240 2588 3810 2660">
     <span class='ocr_line' id='line_1_71' title="bbox 2240 2588 3810 2660; baseline -0.003 -20"><span class='ocrx_word' id='word_1_504' title='bbox 2240 2588 2390 2653; x_wconf 74' lang='grc' dir='ltr'>εἴδει,</span> <span class='ocrx_word' id='word_1_505' title='bbox 2426 2590 2578 2659; x_wconf 79' lang='grc' dir='ltr'>φησὶ,</span> <span class='ocrx_word' id='word_1_506' title='bbox 2633 2589 2715 2660; x_wconf 80' lang='grc' dir='ltr'>τῷ</span> <span class='ocrx_word' id='word_1_507' title='bbox 2763 2590 2886 2643; x_wconf 88' lang='grc' dir='ltr'>καθ’</span> <span class='ocrx_word' id='word_1_508' title='bbox 2917 2590 3065 2660; x_wconf 82' lang='grc' dir='ltr'>ἡμᾶς</span> <span class='ocrx_word' id='word_1_509' title='bbox 3097 2590 3378 2658; x_wconf 79' lang='grc' dir='ltr'><strong>γεγονότα,</strong></span> <span class='ocrx_word' id='word_1_510' title='bbox 3413 2591 3512 2659; x_wconf 77' lang='grc' dir='ltr'>ἐμὲ</span> <span class='ocrx_word' id='word_1_511' title='bbox 3561 2589 3651 2642; x_wconf 76' lang='grc' dir='ltr'><strong>τὸν</strong></span> <span class='ocrx_word' id='word_1_512' title='bbox 3682 2588 3810 2641; x_wconf 68' lang='grc' dir='ltr'>Υίδν</span> 
     </span>
    </p>
   </div>
   <div class='ocr_carea' id='block_1_72' title="bbox 2239 2681 3812 2752">
    <p class='ocr_par' dir='ltr' id='par_1_72' title="bbox 2239 2681 3812 2752">
     <span class='ocr_line' id='line_1_72' title="bbox 2239 2681 3812 2752; baseline -0.001 -18"><span class='ocrx_word' id='word_1_513' title='bbox 2239 2683 2305 2752; x_wconf 84' lang='grc' dir='ltr'><strong>τῇ</strong></span> <span class='ocrx_word' id='word_1_514' title='bbox 2340 2681 2501 2751; x_wconf 82' lang='grc' dir='ltr'>φύσει</span> <span class='ocrx_word' id='word_1_515' title='bbox 2531 2682 2625 2736; x_wconf 74' lang='grc' dir='ltr'>καὶ</span> <span class='ocrx_word' id='word_1_516' title='bbox 2677 2682 2891 2752; x_wconf 87' lang='grc' dir='ltr'>ἀληθῶς</span> <span class='ocrx_word' id='word_1_517' title='bbox 2923 2683 3018 2735; x_wconf 83' lang='grc' dir='ltr'>τοῦ</span> <span class='ocrx_word' id='word_1_518' title='bbox 3067 2681 3202 2735; x_wconf 77' lang='grc' dir='ltr'>Θεοῦ</span> <span class='ocrx_word' id='word_1_519' title='bbox 3257 2683 3348 2736; x_wconf 78' lang='grc' dir='ltr'>καὶ</span> <span class='ocrx_word' id='word_1_520' title='bbox 3376 2681 3604 2752; x_wconf 74' lang='grc' dir='ltr'>Ιιατρὸς,</span> <span class='ocrx_word' id='word_1_521' title='bbox 3646 2684 3702 2734; x_wconf 76' lang='grc' dir='ltr'><strong>ἐν</strong></span> <span class='ocrx_word' id='word_1_522' title='bbox 3733 2682 3812 2750; x_wconf 84' lang='grc' dir='ltr'>τῷ</span> 
     </span>
    </p>
   </div>
   <div class='ocr_carea' id='block_1_73' title="bbox 2243 2772 3813 2845">
    <p class='ocr_par' dir='ltr' id='par_1_73' title="bbox 2243 2772 3813 2845">
     <span class='ocr_line' id='line_1_73' title="bbox 2243 2772 3813 2845; baseline -0.001 -21"><span class='ocrx_word' id='word_1_523' title='bbox 2243 2774 2431 2844; x_wconf 75' lang='grc' dir='ltr'>μηδενὶ</span> <span class='ocrx_word' id='word_1_524' title='bbox 2454 2775 2754 2845; x_wconf 85' lang='grc' dir='ltr'>πεποίησθε</span> <span class='ocrx_word' id='word_1_525' title='bbox 2783 2775 2945 2845; x_wconf 81' lang='grc' dir='ltr'>λόγῳ,</span> <span class='ocrx_word' id='word_1_526' title='bbox 2971 2777 3063 2827; x_wconf 69' lang='grc' dir='ltr'><strong>καὶ</strong></span> <span class='ocrx_word' id='word_1_527' title='bbox 3082 2775 3267 2844; x_wconf 80' lang='grc' dir='ltr'>ἐπειδὴ</span> <span class='ocrx_word' id='word_1_528' title='bbox 3295 2773 3532 2844; x_wconf 77' lang='grc' dir='ltr'>ἀμαθίας</span> <span class='ocrx_word' id='word_1_529' title='bbox 3556 2776 3634 2837; x_wconf 82' lang='grc' dir='ltr'><strong>εἰς</strong></span> <span class='ocrx_word' id='word_1_530' title='bbox 3657 2772 3813 2826; x_wconf 76' lang='grc' dir='ltr'>τοῦτο</span> 
     </span>
    </p>
   </div>
   <div class='ocr_carea' id='block_1_74' title="bbox 2241 2865 3811 2936">
    <p class='ocr_par' dir='ltr' id='par_1_74' title="bbox 2241 2865 3811 2936">
     <span class='ocr_line' id='line_1_74' title="bbox 2241 2865 3811 2936; baseline -0.003 -17"><span class='ocrx_word' id='word_1_531' title='bbox 2241 2865 2680 2936; x_wconf 74' lang='grc' dir='ltr'>καταϐεϐήκατε,</span> <span class='ocrx_word' id='word_1_532' title='bbox 2709 2867 2848 2920; x_wconf 83' lang='grc' dir='ltr'>ὥστε</span> <span class='ocrx_word' id='word_1_533' title='bbox 2891 2869 2952 2920; x_wconf 73' lang='grc' dir='ltr'>τὸ</span> <span class='ocrx_word' id='word_1_534' title='bbox 3000 2866 3167 2919; x_wconf 78' lang='grc' dir='ltr'>αὑτοῦ</span> <span class='ocrx_word' id='word_1_535' title='bbox 3194 2883 3253 2918; x_wconf 91' lang='grc' dir='ltr'><strong>τε</strong></span> <span class='ocrx_word' id='word_1_536' title='bbox 3303 2867 3394 2918; x_wconf 75' lang='grc' dir='ltr'>καὶ</span> <span class='ocrx_word' id='word_1_537' title='bbox 3425 2865 3485 2919; x_wconf 74' lang='grc' dir='ltr'><strong>τὸ</strong></span> <span class='ocrx_word' id='word_1_538' title='bbox 3533 2865 3663 2934; x_wconf 82' lang='grc' dir='ltr'>ἐμὸν</span> <span class='ocrx_word' id='word_1_539' title='bbox 3711 2866 3811 2916; x_wconf 70' lang='grc' dir='ltr'><strong>οὐκ</strong></span> 
     </span>
    </p>
   </div>
   <div class='ocr_carea' id='block_1_75' title="bbox 2243 2955 3811 3026">
    <p class='ocr_par' dir='ltr' id='par_1_75' title="bbox 2243 2955 3811 3026">
     <span class='ocr_line' id='line_1_75' title="bbox 2243 2955 3811 3026; baseline -0.003 -17"><span class='ocrx_word' id='word_1_540' title='bbox 2243 2957 2354 3010; x_wconf 84' lang='grc' dir='ltr'>ῐστε</span> <span class='ocrx_word' id='word_1_541' title='bbox 2393 2957 2710 3026; x_wconf 72' lang='grc' dir='ltr'>μυστήριον,</span> <span class='ocrx_word' id='word_1_542' title='bbox 2750 2958 2926 3009; x_wconf 84' lang='grc' dir='ltr'>καίτοι</span> <span class='ocrx_word' id='word_1_543' title='bbox 2958 2955 3286 3025; x_wconf 87' lang='grc' dir='ltr'>νομομαθεῖς</span> <span class='ocrx_word' id='word_1_544' title='bbox 3309 2955 3811 3022; x_wconf 79' lang='grc' dir='ltr'>δντες,ἁναγκαίως</span> 
     </span>
    </p>
   </div>
   <div class='ocr_carea' id='block_1_76' title="bbox 2243 3043 3810 3115">
    <p class='ocr_par' dir='ltr' id='par_1_76' title="bbox 2243 3043 3810 3115">
     <span class='ocr_line' id='line_1_76' title="bbox 2243 3043 3810 3115; baseline -0.001 -18"><span class='ocrx_word' id='word_1_545' title='bbox 2243 3046 2418 3098; x_wconf 88' lang='grc' dir='ltr'>ἐκεῖνό</span> <span class='ocrx_word' id='word_1_546' title='bbox 2449 3061 2612 3115; x_wconf 86' lang='grc' dir='ltr'>φημι,</span> <span class='ocrx_word' id='word_1_547' title='bbox 2644 3047 2726 3098; x_wconf 83' lang='grc' dir='ltr'><strong>ὃτι</strong></span> <span class='ocrx_word' id='word_1_548' title='bbox 2782 3045 2880 3113; x_wconf 84' lang='grc' dir='ltr'>τῆς</span> <span class='ocrx_word' id='word_1_549' title='bbox 2916 3045 3035 3097; x_wconf 85' lang='grc' dir='ltr'>κατ’</span> <span class='ocrx_word' id='word_1_550' title='bbox 3075 3043 3211 3114; x_wconf 76' lang='grc' dir='ltr'>ἐμοῦ</span> <span class='ocrx_word' id='word_1_551' title='bbox 3255 3043 3572 3105; x_wconf 77' lang='grc' dir='ltr'>δυσσεϐείας</span> <span class='ocrx_word' id='word_1_552' title='bbox 3607 3043 3810 3113; x_wconf 70' lang='grc' dir='ltr'>βραχὺς</span> 
     </span>
    </p>
   </div>
   <div class='ocr_carea' id='block_1_77' title="bbox 2240 3134 3811 3209">
    <p class='ocr_par' dir='ltr' id='par_1_77' title="bbox 2240 3134 3811 3209">
     <span class='ocr_line' id='line_1_77' title="bbox 2240 3134 3811 3209; baseline -0.002 -20"><span class='ocrx_word' id='word_1_553' title='bbox 2240 3139 2373 3209; x_wconf 74' lang='grc' dir='ltr'>ἡμῖν</span> <span class='ocrx_word' id='word_1_554' title='bbox 2413 3138 2506 3189; x_wconf 76' lang='grc' dir='ltr'>καὶ</span> <span class='ocrx_word' id='word_1_555' title='bbox 2547 3137 2926 3206; x_wconf 84' lang='grc' dir='ltr'>διεσταλμὲνος</span> <span class='ocrx_word' id='word_1_556' title='bbox 2959 3136 3113 3206; x_wconf 80' lang='grc' dir='ltr'>ἐδόθη</span> <span class='ocrx_word' id='word_1_557' title='bbox 3155 3136 3363 3207; x_wconf 78' lang='grc' dir='ltr'>καιρὸς,</span> <span class='ocrx_word' id='word_1_558' title='bbox 3411 3137 3572 3206; x_wconf 86' lang='grc' dir='ltr'>μέχρι</span> <span class='ocrx_word' id='word_1_559' title='bbox 3608 3134 3699 3188; x_wconf 78' lang='grc' dir='ltr'><strong>τοῦ</strong></span> <span class='ocrx_word' id='word_1_560' title='bbox 3728 3153 3811 3186; x_wconf 78' lang='grc' dir='ltr'><strong>τι·-</strong></span> 
     </span>
    </p>
   </div>
   <div class='ocr_carea' id='block_1_78' title="bbox 2244 3227 3809 3300">
    <p class='ocr_par' dir='ltr' id='par_1_78' title="bbox 2244 3227 3809 3300">
     <span class='ocr_line' id='line_1_78' title="bbox 2244 3227 3809 3300; baseline -0.001 -21"><span class='ocrx_word' id='word_1_561' title='bbox 2244 3227 2366 3298; x_wconf 81' lang='grc' dir='ltr'>μίου</span> <span class='ocrx_word' id='word_1_562' title='bbox 2403 3227 2661 3299; x_wconf 80' lang='grc' dir='ltr'>σταυροῦ.</span> <span class='ocrx_word' id='word_1_563' title='bbox 2695 3229 2849 3282; x_wconf 81' lang='grc' dir='ltr'>Μετὰ</span> <span class='ocrx_word' id='word_1_564' title='bbox 2881 3227 3038 3280; x_wconf 76' lang='grc' dir='ltr'>τοῦτο</span> <span class='ocrx_word' id='word_1_565' title='bbox 3063 3229 3172 3300; x_wconf 81' lang='grc' dir='ltr'><strong>γὰρ</strong></span> <span class='ocrx_word' id='word_1_566' title='bbox 3202 3230 3363 3293; x_wconf 81' lang='grc' dir='ltr'>εὐθὺς</span> <span class='ocrx_word' id='word_1_567' title='bbox 3387 3231 3467 3291; x_wconf 87' lang='grc' dir='ltr'><strong>είς</strong></span> <span class='ocrx_word' id='word_1_568' title='bbox 3497 3227 3597 3298; x_wconf 83' lang='grc' dir='ltr'>τὴν</span> <span class='ocrx_word' id='word_1_569' title='bbox 3623 3228 3809 3282; x_wconf 72' lang='grc' dir='ltr'>ἐαυτοῦ</span> 
     </span>
    </p>
   </div>
   <div class='ocr_carea' id='block_1_79' title="bbox 2241 3318 3813 3392">
    <p class='ocr_par' dir='ltr' id='par_1_79' title="bbox 2241 3318 3813 3392">
     <span class='ocr_line' id='line_1_79' title="bbox 2241 3318 3813 3392; baseline -0.003 -18"><span class='ocrx_word' id='word_1_570' title='bbox 2241 3321 2666 3392; x_wconf 86' lang='grc' dir='ltr'>παλινδρομήσω</span> <span class='ocrx_word' id='word_1_571' title='bbox 2715 3321 2904 3391; x_wconf 78' lang='grc' dir='ltr'>τιμὴν,</span> <span class='ocrx_word' id='word_1_572' title='bbox 2948 3320 3293 3392; x_wconf 76' lang='grc' dir='ltr'>ἀναϐήσομαι</span> <span class='ocrx_word' id='word_1_573' title='bbox 3343 3320 3478 3391; x_wconf 80' lang='grc' dir='ltr'>πρὸς</span> <span class='ocrx_word' id='word_1_574' title='bbox 3525 3320 3681 3385; x_wconf 77' lang='grc' dir='ltr'>δόξαν</span> <span class='ocrx_word' id='word_1_575' title='bbox 3713 3318 3813 3391; x_wconf 74' lang='grc' dir='ltr'>τὴν</span> 
     </span>
    </p>
   </div>
   <div class='ocr_carea' id='block_1_80' title="bbox 2241 3411 3812 3484">
    <p class='ocr_par' dir='ltr' id='par_1_80' title="bbox 2241 3411 3812 3484">
     <span class='ocr_line' id='line_1_80' title="bbox 2241 3411 3812 3484; baseline -0.002 -18"><span class='ocrx_word' id='word_1_576' title='bbox 2241 3415 2298 3466; x_wconf 84' lang='grc' dir='ltr'><strong>ἐν</strong></span> <span class='ocrx_word' id='word_1_577' title='bbox 2329 3415 2543 3484; x_wconf 83' lang='grc' dir='ltr'><strong>ἀρχαῖς,</strong></span> <span class='ocrx_word' id='word_1_578' title='bbox 2575 3413 2828 3482; x_wconf 80' lang='grc' dir='ltr'>σύνεδρος</span> <span class='ocrx_word' id='word_1_579' title='bbox 2858 3411 3053 3480; x_wconf 78' lang='grc' dir='ltr'>ἔσομαι</span> <span class='ocrx_word' id='word_1_580' title='bbox 3097 3411 3175 3481; x_wconf 79' lang='grc' dir='ltr'>τῷ</span> <span class='ocrx_word' id='word_1_581' title='bbox 3207 3411 3325 3482; x_wconf 79' lang='grc' dir='ltr'><strong>Θεῷ</strong></span> <span class='ocrx_word' id='word_1_582' title='bbox 3363 3413 3454 3465; x_wconf 72' lang='grc' dir='ltr'><strong>καὶ</strong></span> <span class='ocrx_word' id='word_1_583' title='bbox 3489 3412 3683 3483; x_wconf 76' lang='grc' dir='ltr'>Πατρὶ,</span> <span class='ocrx_word' id='word_1_584' title='bbox 3720 3414 3812 3464; x_wconf 77' lang='grc' dir='ltr'><strong>καὶ</strong></span> 
     </span>
    </p>
   </div>
   <div class='ocr_carea' id='block_1_81' title="bbox 2245 3500 3812 3573">
    <p class='ocr_par' dir='ltr' id='par_1_81' title="bbox 2245 3500 3812 3573">
     <span class='ocr_line' id='line_1_81' title="bbox 2245 3500 3812 3573; baseline -0.001 -18"><span class='ocrx_word' id='word_1_585' title='bbox 2245 3503 2386 3570; x_wconf 86' lang='grc' dir='ltr'>μετὰ</span> <span class='ocrx_word' id='word_1_586' title='bbox 2426 3503 2526 3572; x_wconf 83' lang='grc' dir='ltr'>τῆς</span> <span class='ocrx_word' id='word_1_587' title='bbox 2573 3503 2796 3571; x_wconf 84' lang='grc' dir='ltr'>σαρκός.</span> <span class='ocrx_word' id='word_1_588' title='bbox 2852 3500 3038 3553; x_wconf 77' lang='grc' dir='ltr'>Ταῦτα</span> <span class='ocrx_word' id='word_1_589' title='bbox 3074 3502 3322 3567; x_wconf 77' lang='grc' dir='ltr'>λέγοντος</span> <span class='ocrx_word' id='word_1_590' title='bbox 3364 3501 3457 3555; x_wconf 79' lang='grc' dir='ltr'>τοῦ</span> <span class='ocrx_word' id='word_1_591' title='bbox 3497 3501 3752 3573; x_wconf 78' lang='grc' dir='ltr'>Χριστοῦ,</span> <span class='ocrx_word' id='word_1_592' title='bbox 3782 3503 3812 3553; x_wconf 82' lang='grc' dir='ltr'>ὁ</span> 
     </span>
    </p>
   </div>
   <div class='ocr_carea' id='block_1_82' title="bbox 2241 3592 3808 3664">
    <p class='ocr_par' dir='ltr' id='par_1_82' title="bbox 2241 3592 3808 3664">
     <span class='ocr_line' id='line_1_82' title="bbox 2241 3592 3808 3664; baseline -0.001 -18"><span class='ocrx_word' id='word_1_593' title='bbox 2241 3594 2496 3664; x_wconf 79' lang='grc' dir='ltr'>Καϊάφας</span> <span class='ocrx_word' id='word_1_594' title='bbox 2523 3593 2770 3664; x_wconf 77' lang='grc' dir='ltr'>διέρρηξε</span> <span class='ocrx_word' id='word_1_595' title='bbox 2799 3593 2865 3644; x_wconf 80' lang='grc' dir='ltr'>τὰ</span> <span class='ocrx_word' id='word_1_596' title='bbox 2892 3593 3080 3662; x_wconf 72' lang='grc' dir='ltr'>ἱμάτια</span> <span class='ocrx_word' id='word_1_597' title='bbox 3100 3592 3286 3655; x_wconf 77' lang='grc' dir='ltr'>αὑτοῦ,</span> <span class='ocrx_word' id='word_1_598' title='bbox 3309 3593 3508 3662; x_wconf 84' lang='grc' dir='ltr'>λέγων·</span> <span class='ocrx_word' id='word_1_599' title='bbox 3535 3612 3552 3644; x_wconf 80' lang='grc' dir='ltr'><strong>ι</strong></span> <span class='ocrx_word' id='word_1_600' title='bbox 3578 3593 3808 3646; x_wconf 73' lang='grc' dir='ltr'>Ἐὃλασ-</span> 
     </span>
    </p>
   </div>
   <div class='ocr_carea' id='block_1_83' title="bbox 2241 3683 3813 3755">
    <p class='ocr_par' dir='ltr' id='par_1_83' title="bbox 2241 3683 3813 3755">
     <span class='ocr_line' id='line_1_83' title="bbox 2241 3683 3813 3755; baseline 0 -19"><span class='ocrx_word' id='word_1_601' title='bbox 2241 3687 2517 3755; x_wconf 83' lang='grc' dir='ltr'>φήμησεν.</span> <span class='ocrx_word' id='word_1_602' title='bbox 2565 3702 2582 3734; x_wconf 75' lang='grc' dir='ltr'><strong>ι</strong></span> <span class='ocrx_word' id='word_1_603' title='bbox 2618 3683 2787 3736; x_wconf 77' lang='grc' dir='ltr'>Τοῦτο</span> <span class='ocrx_word' id='word_1_604' title='bbox 2811 3683 2866 3735; x_wconf 81' lang='grc' dir='ltr'>δὲ</span> <span class='ocrx_word' id='word_1_605' title='bbox 2895 3685 3138 3754; x_wconf 77' lang='grc' dir='ltr'>ἐποίησε,</span> <span class='ocrx_word' id='word_1_606' title='bbox 3173 3685 3535 3755; x_wconf 77' lang='grc' dir='ltr'>σφοδροτέραν</span> <span class='ocrx_word' id='word_1_607' title='bbox 3554 3684 3650 3754; x_wconf 78' lang='grc' dir='ltr'>τὴν</span> <span class='ocrx_word' id='word_1_608' title='bbox 3681 3702 3813 3738; x_wconf 81' lang='grc' dir='ltr'>κατ-</span> 
     </span>
    </p>
   </div>
   <div class='ocr_carea' id='block_1_84' title="bbox 2239 3774 3810 3849">
    <p class='ocr_par' dir='ltr' id='par_1_84' title="bbox 2239 3774 3810 3849">
     <span class='ocr_line' id='line_1_84' title="bbox 2239 3774 3810 3849; baseline -0.001 -19"><span class='ocrx_word' id='word_1_609' title='bbox 2239 3778 2470 3849; x_wconf 85' lang='grc' dir='ltr'>ηγορίαν</span> <span class='ocrx_word' id='word_1_610' title='bbox 2499 3774 2665 3828; x_wconf 88' lang='grc' dir='ltr'>ποιῶν</span> <span class='ocrx_word' id='word_1_611' title='bbox 2696 3775 2790 3826; x_wconf 71' lang='grc' dir='ltr'><strong>καὶ</strong></span> <span class='ocrx_word' id='word_1_612' title='bbox 2811 3776 2869 3826; x_wconf 81' lang='grc' dir='ltr'>τὸ</span> <span class='ocrx_word' id='word_1_613' title='bbox 2908 3775 3101 3844; x_wconf 79' lang='grc' dir='ltr'>λεχθὲν</span> <span class='ocrx_word' id='word_1_614' title='bbox 3129 3776 3370 3845; x_wconf 78' lang='grc' dir='ltr'><strong>ἐπαίρων</strong></span> <span class='ocrx_word' id='word_1_615' title='bbox 3396 3777 3483 3828; x_wconf 72' lang='grc' dir='ltr'>διὰ</span> <span class='ocrx_word' id='word_1_616' title='bbox 3509 3775 3600 3828; x_wconf 81' lang='grc' dir='ltr'>τοῦ</span> <span class='ocrx_word' id='word_1_617' title='bbox 3631 3777 3810 3846; x_wconf 81' lang='grc' dir='ltr'>πράγ-</span> 
     </span>
    </p>
   </div>
   <div class='ocr_carea' id='block_1_85' title="bbox 2243 3866 3807 3940">
    <p class='ocr_par' dir='ltr' id='par_1_85' title="bbox 2243 3866 3807 3940">
     <span class='ocr_line' id='line_1_85' title="bbox 2243 3866 3807 3940; baseline -0.002 -17"><span class='ocrx_word' id='word_1_618' title='bbox 2243 3886 2432 3940; x_wconf 88' lang='grc' dir='ltr'>ματος.</span> <span class='ocrx_word' id='word_1_619' title='bbox 2479 3868 2672 3920; x_wconf 82' lang='grc' dir='ltr'>Καίτοι</span> <span class='ocrx_word' id='word_1_620' title='bbox 2705 3867 2833 3919; x_wconf 86' lang='grc' dir='ltr'>ποία</span> <span class='ocrx_word' id='word_1_621' title='bbox 2868 3866 3184 3936; x_wconf 77' lang='grc' dir='ltr'>βλασφημία</span> <span class='ocrx_word' id='word_1_622' title='bbox 3215 3867 3388 3935; x_wconf 66' lang='lat' dir='ltr'><strong>aiam;</strong></span> <span class='ocrx_word' id='word_1_623' title='bbox 3420 3868 3528 3920; x_wconf 81' lang='grc' dir='ltr'><strong>Καὶ</strong></span> <span class='ocrx_word' id='word_1_624' title='bbox 3561 3867 3668 3940; x_wconf 85' lang='grc' dir='ltr'>γὰρ</span> <span class='ocrx_word' id='word_1_625' title='bbox 3705 3867 3807 3936; x_wconf 76' lang='grc' dir='ltr'><strong>εμ-</strong></span> 
     </span>
    </p>
   </div>
   <div class='ocr_carea' id='block_1_86' title="bbox 2240 3954 3810 4032">
    <p class='ocr_par' dir='ltr' id='par_1_86' title="bbox 2240 3954 3810 4032">
     <span class='ocr_line' id='line_1_86' title="bbox 2240 3954 3810 4032; baseline -0.002 -18"><span class='ocrx_word' id='word_1_626' title='bbox 2240 3959 2478 4032; x_wconf 87' lang='grc' dir='ltr'>προσθεν</span> <span class='ocrx_word' id='word_1_627' title='bbox 2510 3955 2577 4030; x_wconf 80' lang='grc' dir='ltr'><strong>ἦν</strong></span> <span class='ocrx_word' id='word_1_628' title='bbox 2621 3957 2856 4028; x_wconf 78' lang='grc' dir='ltr'>εἰρηκὼς</span> <span class='ocrx_word' id='word_1_629' title='bbox 2898 3959 3250 4028; x_wconf 78' lang='grc' dir='ltr'>συνηγμένων</span> <span class='ocrx_word' id='word_1_630' title='bbox 3295 3959 3492 4011; x_wconf 80' lang='grc' dir='ltr'>αὐτῶν·</span> <span class='ocrx_word' id='word_1_631' title='bbox 3531 3976 3550 4008; x_wconf 75' lang='grc' dir='ltr'>ι</span> <span class='ocrx_word' id='word_1_632' title='bbox 3584 3954 3748 4012; x_wconf 80' lang='grc' dir='ltr'>Εἶπεν</span> <span class='ocrx_word' id='word_1_633' title='bbox 3780 3961 3810 4011; x_wconf 71' lang='grc' dir='ltr'><strong><em>ὁ</em></strong></span> 
     </span>
    </p>
   </div>
   <div class='ocr_carea' id='block_1_87' title="bbox 2238 4048 3812 4128">
    <p class='ocr_par' dir='ltr' id='par_1_87' title="bbox 2238 4048 3812 4128">
     <span class='ocr_line' id='line_1_87' title="bbox 2238 4048 3812 4128; baseline -0.006 -18"><span class='ocrx_word' id='word_1_634' title='bbox 2238 4057 2442 4128; x_wconf 82' lang='grc' dir='ltr'>Κύριος</span> <span class='ocrx_word' id='word_1_635' title='bbox 2470 4055 2546 4126; x_wconf 81' lang='grc' dir='ltr'>τῷ</span> <span class='ocrx_word' id='word_1_636' title='bbox 2576 4055 2763 4125; x_wconf 83' lang='grc' dir='ltr'>Κυρίῳ</span> <span class='ocrx_word' id='word_1_637' title='bbox 2797 4069 2928 4123; x_wconf 88' lang='grc' dir='ltr'>μου·</span> <span class='ocrx_word' id='word_1_638' title='bbox 2964 4050 3146 4106; x_wconf 81' lang='grc' dir='ltr'>Κάθου</span> <span class='ocrx_word' id='word_1_639' title='bbox 3172 4054 3235 4104; x_wconf 88' lang='grc' dir='ltr'><strong>ἐκ</strong></span> <span class='ocrx_word' id='word_1_640' title='bbox 3268 4050 3456 4118; x_wconf 82' lang='grc' dir='ltr'>δεξιῶν</span> <span class='ocrx_word' id='word_1_641' title='bbox 3480 4067 3580 4122; x_wconf 91' lang='grc' dir='ltr'><strong>μου</strong></span> <span class='ocrx_word' id='word_1_642' title='bbox 3603 4067 3615 4078; x_wconf 86' lang='grc'><strong>·</strong></span> <span class='ocrx_word' id='word_1_643' title='bbox 3658 4069 3677 4100; x_wconf 71' lang='grc' dir='ltr'>ι</span> <span class='ocrx_word' id='word_1_644' title='bbox 3714 4048 3812 4102; x_wconf 72' lang='grc' dir='ltr'><strong>καὶ</strong></span> 
     </span>
    </p>
   </div>
   <div class='ocr_carea' id='block_1_88' title="bbox 2236 4144 3805 4219">
    <p class='ocr_par' dir='ltr' id='par_1_88' title="bbox 2236 4144 3805 4219">
     <span class='ocr_line' id='line_1_88' title="bbox 2236 4144 3805 4219; baseline -0.005 -18"><span class='ocrx_word' id='word_1_645' title='bbox 2236 4150 2553 4219; x_wconf 79' lang='grc' dir='ltr'>ἡρμήνευσε</span> <span class='ocrx_word' id='word_1_646' title='bbox 2576 4146 2637 4198; x_wconf 83' lang='grc' dir='ltr'>τὸ</span> <span class='ocrx_word' id='word_1_647' title='bbox 2660 4145 2969 4216; x_wconf 83' lang='grc' dir='ltr'>εἰρημένον,</span> <span class='ocrx_word' id='word_1_648' title='bbox 2994 4144 3088 4196; x_wconf 75' lang='grc' dir='ltr'><strong>καὶ</strong></span> <span class='ocrx_word' id='word_1_649' title='bbox 3110 4145 3259 4196; x_wconf 77' lang='grc' dir='ltr'>οὐδὲν</span> <span class='ocrx_word' id='word_1_650' title='bbox 3281 4144 3585 4214; x_wconf 84' lang='grc' dir='ltr'>ἐτόλμησαν</span> <span class='ocrx_word' id='word_1_651' title='bbox 3611 4145 3805 4204; x_wconf 80' lang='grc' dir='ltr'>εἰπεῖν,</span> 
     </span>
    </p>
   </div>
   <div class='ocr_carea' id='block_1_89' title="bbox 2238 4233 3807 4308">
    <p class='ocr_par' dir='ltr' id='par_1_89' title="bbox 2238 4233 3807 4308">
     <span class='ocr_line' id='line_1_89' title="bbox 2238 4233 3807 4308; baseline -0.004 -15"><span class='ocrx_word' id='word_1_652' title='bbox 2238 4239 2352 4293; x_wconf 84' lang='grc' dir='ltr'>ἀλλ’</span> <span class='ocrx_word' id='word_1_653' title='bbox 2385 4239 2668 4308; x_wconf 82' lang='grc' dir='ltr'>ἐσίγησαν.</span> <span class='ocrx_word' id='word_1_654' title='bbox 2702 4239 2826 4300; x_wconf 86' lang='grc' dir='ltr'><strong>Πῶς</strong></span> <span class='ocrx_word' id='word_1_655' title='bbox 2870 4233 2961 4289; x_wconf 76' lang='grc' dir='ltr'>οὖν</span> <span class='ocrx_word' id='word_1_656' title='bbox 2991 4234 3086 4288; x_wconf 82' lang='grc' dir='ltr'><strong>νῦν</strong></span> <span class='ocrx_word' id='word_1_657' title='bbox 3116 4236 3462 4306; x_wconf 77' lang='grc' dir='ltr'>βλασφημίαν</span> <span class='ocrx_word' id='word_1_658' title='bbox 3491 4239 3549 4288; x_wconf 72' lang='grc' dir='ltr'>τὸ</span> <span class='ocrx_word' id='word_1_659' title='bbox 3581 4239 3807 4306; x_wconf 75' lang='grc' dir='ltr'>εἰρημέ-</span> 
     </span>
    </p>
   </div>
   <div class='ocr_carea' id='block_1_90' title="bbox 2239 4325 3807 4396">
    <p class='ocr_par' dir='ltr' id='par_1_90' title="bbox 2239 4325 3807 4396">
     <span class='ocr_line' id='line_1_90' title="bbox 2239 4325 3807 4396; baseline -0.003 -14"><span class='ocrx_word' id='word_1_660' title='bbox 2239 4347 2328 4382; x_wconf 87' lang='grc' dir='ltr'>νον</span> <span class='ocrx_word' id='word_1_661' title='bbox 2358 4329 2618 4393; x_wconf 85' lang='grc' dir='ltr'>ἐκάλουν;</span> <span class='ocrx_word' id='word_1_662' title='bbox 2650 4327 2807 4389; x_wconf 81' lang='grc' dir='ltr'>Τίνος</span> <span class='ocrx_word' id='word_1_663' title='bbox 2854 4326 2910 4378; x_wconf 79' lang='grc' dir='ltr'>δὲ</span> <span class='ocrx_word' id='word_1_664' title='bbox 2945 4326 3130 4378; x_wconf 80' lang='grc' dir='ltr'>ἕνεκεν</span> <span class='ocrx_word' id='word_1_665' title='bbox 3174 4329 3201 4379; x_wconf 81' lang='grc' dir='ltr'><strong>ὀ</strong></span> <span class='ocrx_word' id='word_1_666' title='bbox 3229 4325 3460 4396; x_wconf 82' lang='grc' dir='ltr'>Χριστὸς</span> <span class='ocrx_word' id='word_1_667' title='bbox 3487 4326 3659 4388; x_wconf 76' lang='grc' dir='ltr'>οὕτως</span> <span class='ocrx_word' id='word_1_668' title='bbox 3699 4327 3807 4377; x_wconf 84' lang='grc' dir='ltr'><strong>ἀπ-</strong></span> 
     </span>
    </p>
   </div>
   <div class='ocr_carea' id='block_1_91' title="bbox 566 4417 2137 4492">
    <p class='ocr_par' dir='ltr' id='par_1_91' title="bbox 566 4421 2137 4492">
     <span class='ocr_line' id='line_1_91' title="bbox 566 4421 2137 4492; baseline 0.001 -16"><span class='ocrx_word' id='word_1_669' title='bbox 566 4425 774 4476; x_wconf 88' lang='lat' dir='ltr'><strong>sionem</strong></span> <span class='ocrx_word' id='word_1_670' title='bbox 809 4421 1049 4486; x_wconf 90' lang='lat' dir='ltr'><strong>tolleret,</strong></span> <span class='ocrx_word' id='word_1_671' title='bbox 1085 4435 1150 4474; x_wconf 89' lang='lat' dir='ltr'><strong>eo</strong></span> <span class='ocrx_word' id='word_1_672' title='bbox 1183 4421 1328 4488; x_wconf 89' lang='lat' dir='ltr'><strong>quod</strong></span> <span class='ocrx_word' id='word_1_673' title='bbox 1356 4421 1422 4474; x_wconf 88' lang='lat' dir='ltr'><strong>ad</strong></span> <span class='ocrx_word' id='word_1_674' title='bbox 1451 4423 1805 4476; x_wconf 87' lang='lat' dir='ltr'><strong>novissimam</strong></span> <span class='ocrx_word' id='word_1_675' title='bbox 1837 4439 2007 4492; x_wconf 86' lang='lat' dir='ltr'><strong>usque</strong></span> <span class='ocrx_word' id='word_1_676' title='bbox 2038 4425 2137 4478; x_wconf 93' lang='lat' dir='ltr'><strong>ho-</strong></span> 
     </span>
    </p>
   </div>
   <div class='ocr_carea' id='block_1_92' title="bbox 2240 4417 3807 4492">
    <p class='ocr_par' dir='ltr' id='par_1_92' title="bbox 2241 4417 3807 4491">
     <span class='ocr_line' id='line_1_92' title="bbox 2241 4417 3807 4491; baseline -0.002 -19"><span class='ocrx_word' id='word_1_677' title='bbox 2241 4421 2498 4491; x_wconf 86' lang='grc' dir='ltr'>εκρίνατο</span> <span class='ocrx_word' id='word_1_678' title='bbox 2523 4436 2537 4485; x_wconf 88' lang='grc'>;</span> <span class='ocrx_word' id='word_1_679' title='bbox 2568 4421 2754 4472; x_wconf 81' lang='grc' dir='ltr'>Πᾶσαν</span> <span class='ocrx_word' id='word_1_680' title='bbox 2784 4420 2964 4472; x_wconf 84' lang='grc' dir='ltr'>αὐτῶν</span> <span class='ocrx_word' id='word_1_681' title='bbox 2995 4417 3232 4487; x_wconf 80' lang='grc' dir='ltr'>ἀναιρῶν</span> <span class='ocrx_word' id='word_1_682' title='bbox 3265 4417 3578 4484; x_wconf 83' lang='grc' dir='ltr'>ἀπολογίαν.</span> <span class='ocrx_word' id='word_1_683' title='bbox 3602 4419 3680 4470; x_wconf 82' lang='grc' dir='ltr'><strong>ὃτι</strong></span> <span class='ocrx_word' id='word_1_684' title='bbox 3715 4417 3807 4486; x_wconf 73' lang='grc' dir='ltr'>μέο</span> 
     </span>
    </p>
   </div>
   <div class='ocr_carea' id='block_1_93' title="bbox 569 4509 2137 4572">
    <p class='ocr_par' dir='ltr' id='par_1_93' title="bbox 569 4509 2137 4572">
     <span class='ocr_line' id='line_1_93' title="bbox 569 4509 2137 4572; baseline 0.004 -11"><span class='ocrx_word' id='word_1_685' title='bbox 569 4527 680 4562; x_wconf 85' lang='lat' dir='ltr'><strong>rant</strong></span> <span class='ocrx_word' id='word_1_686' title='bbox 716 4510 1021 4572; x_wconf 90' lang='lat' dir='ltr'><strong>docuisset,</strong></span> <span class='ocrx_word' id='word_1_687' title='bbox 1054 4524 1174 4564; x_wconf 90' lang='lat' dir='ltr'><strong>sese</strong></span> <span class='ocrx_word' id='word_1_688' title='bbox 1199 4524 1320 4563; x_wconf 87' lang='lat' dir='ltr'><strong>esse</strong></span> <span class='ocrx_word' id='word_1_689' title='bbox 1342 4509 1617 4565; x_wconf 88' lang='lat' dir='ltr'><strong>Christum</strong></span> <span class='ocrx_word' id='word_1_690' title='bbox 1648 4521 1702 4566; x_wconf 92' lang='lat' dir='ltr'><strong>et</strong></span> <span class='ocrx_word' id='word_1_691' title='bbox 1727 4514 1916 4566; x_wconf 88' lang='lat' dir='ltr'><strong>sedere</strong></span> <span class='ocrx_word' id='word_1_692' title='bbox 1947 4530 1976 4568; x_wconf 89' lang='lat' dir='ltr'><strong>a</strong></span> <span class='ocrx_word' id='word_1_693' title='bbox 2003 4514 2137 4570; x_wconf 80' lang='lat' dir='ltr'><strong>dex-</strong></span> 
     </span>
    </p>
   </div>
   <div class='ocr_carea' id='block_1_94' title="bbox 567 4600 2138 4672">
    <p class='ocr_par' dir='ltr' id='par_1_94' title="bbox 567 4600 2138 4672">
     <span class='ocr_line' id='line_1_94' title="bbox 567 4600 2138 4672; baseline 0.005 -19"><span class='ocrx_word' id='word_1_694' title='bbox 567 4602 697 4654; x_wconf 90' lang='lat' dir='ltr'><strong>teris</strong></span> <span class='ocrx_word' id='word_1_695' title='bbox 753 4600 1384 4670; x_wconf 83' lang='lat' dir='ltr'><strong>Patris,ventnrumque</strong></span> <span class='ocrx_word' id='word_1_696' title='bbox 1423 4619 1611 4658; x_wconf 88' lang='lat' dir='ltr'><strong>rursus</strong></span> <span class='ocrx_word' id='word_1_697' title='bbox 1648 4603 1894 4672; x_wconf 86' lang='lat' dir='ltr'><strong>judicare</strong></span> <span class='ocrx_word' id='word_1_698' title='bbox 1947 4605 2138 4661; x_wconf 78' lang='lat' dir='ltr'><strong>orbem</strong></span> 
     </span>
    </p>
   </div>
   <div class='ocr_carea' id='block_1_95' title="bbox 572 4692 2135 4762">
    <p class='ocr_par' dir='ltr' id='par_1_95' title="bbox 572 4692 2135 4762">
     <span class='ocr_line' id='line_1_95' title="bbox 572 4692 2135 4762; baseline 0.006 -19"><span class='ocrx_word' id='word_1_699' title='bbox 572 4700 860 4746; x_wconf 79' lang='lat' dir='ltr'><strong>terrarum.</strong></span> <span class='ocrx_word' id='word_1_700' title='bbox 926 4692 1079 4757; x_wconf 85' lang='lat' dir='ltr'><strong>Quod</strong></span> <span class='ocrx_word' id='word_1_701' title='bbox 1131 4708 1382 4762; x_wconf 77' lang='lat' dir='ltr'><strong>magnum</strong></span> <span class='ocrx_word' id='word_1_702' title='bbox 1434 4696 1537 4749; x_wconf 90' lang='lat' dir='ltr'><strong>sibi</strong></span> <span class='ocrx_word' id='word_1_703' title='bbox 1563 4711 1684 4750; x_wconf 92' lang='lat' dir='ltr'><strong>cum</strong></span> <span class='ocrx_word' id='word_1_704' title='bbox 1713 4710 1779 4750; x_wconf 90' lang='lat' dir='ltr'><strong>eo</strong></span> <span class='ocrx_word' id='word_1_705' title='bbox 1815 4712 2135 4753; x_wconf 76' lang='lat' dir='ltr'><strong>consensum</strong></span> 
     </span>
    </p>
   </div>
   <div class='ocr_carea' id='block_1_96' title="bbox 569 4783 2136 4854">
    <p class='ocr_par' dir='ltr' id='par_1_96' title="bbox 569 4783 2136 4854">
     <span class='ocr_line' id='line_1_96' title="bbox 569 4783 2136 4854; baseline 0.003 -19"><span class='ocrx_word' id='word_1_706' title='bbox 569 4797 688 4836; x_wconf 85' lang='lat' dir='ltr'><strong>esse</strong></span> <span class='ocrx_word' id='word_1_707' title='bbox 722 4784 1148 4837; x_wconf 88' lang='lat' dir='ltr'><strong>demonstrantis</strong></span> <span class='ocrx_word' id='word_1_708' title='bbox 1177 4793 1281 4836; x_wconf 91' lang='lat' dir='ltr'><strong>est.</strong></span> <span class='ocrx_word' id='word_1_709' title='bbox 1314 4783 1581 4838; x_wconf 86' lang='lat' dir='ltr'><strong>Scindens</strong></span> <span class='ocrx_word' id='word_1_710' title='bbox 1617 4785 1781 4854; x_wconf 83' lang='lat' dir='ltr'><strong>igitur</strong></span> <span class='ocrx_word' id='word_1_711' title='bbox 1809 4787 2136 4842; x_wconf 86' lang='lat' dir='ltr'><strong>vestimenta</strong></span> 
     </span>
    </p>
   </div>
   <div class='ocr_carea' id='block_1_97' title="bbox 568 4871 2140 4944">
    <p class='ocr_par' dir='ltr' id='par_1_97' title="bbox 568 4871 2140 4944">
     <span class='ocr_line' id='line_1_97' title="bbox 568 4871 2140 4944; baseline 0.004 -20"><span class='ocrx_word' id='word_1_712' title='bbox 568 4888 700 4937; x_wconf 87' lang='lat' dir='ltr'><strong>sua,</strong></span> <span class='ocrx_word' id='word_1_713' title='bbox 755 4874 866 4926; x_wconf 90' lang='lat' dir='ltr'><strong>ait:</strong></span> <span class='ocrx_word' id='word_1_714' title='bbox 904 4891 921 4922; x_wconf 75' lang='grc' dir='ltr'>ι</span> <span class='ocrx_word' id='word_1_715' title='bbox 968 4871 1106 4939; x_wconf 86' lang='lat' dir='ltr'><strong>Quid</strong></span> <span class='ocrx_word' id='word_1_716' title='bbox 1156 4875 1308 4926; x_wconf 86' lang='lat' dir='ltr'><strong>vobis</strong></span> <span class='ocrx_word' id='word_1_717' title='bbox 1357 4874 1614 4928; x_wconf 88' lang='lat' dir='ltr'><strong>videtur?</strong></span> <span class='ocrx_word' id='word_1_718' title='bbox 1651 4893 1669 4926; x_wconf 72' lang='grc' dir='ltr'>ι</span> <span class='ocrx_word' id='word_1_719' title='bbox 1704 4874 1821 4928; x_wconf 87' lang='lat' dir='ltr'><strong>Non</strong></span> <span class='ocrx_word' id='word_1_720' title='bbox 1870 4891 1966 4944; x_wconf 91' lang='lat' dir='ltr'><strong>per</strong></span> <span class='ocrx_word' id='word_1_721' title='bbox 2020 4891 2140 4930; x_wconf 89' lang='lat' dir='ltr'><strong>sese</strong></span> 
     </span>
    </p>
   </div>
   <div class='ocr_carea' id='block_1_98' title="bbox 571 4964 2140 5036">
    <p class='ocr_par' dir='ltr' id='par_1_98' title="bbox 571 4964 2140 5036">
     <span class='ocr_line' id='line_1_98' title="bbox 571 4964 2140 5036; baseline 0.001 -18"><span class='ocrx_word' id='word_1_722' title='bbox 571 4967 673 5020; x_wconf 81' lang='lat' dir='ltr'><strong>fert</strong></span> <span class='ocrx_word' id='word_1_723' title='bbox 721 4965 985 5018; x_wconf 83' lang='lat' dir='ltr'><strong>calculum</strong></span> <span class='ocrx_word' id='word_1_724' title='bbox 1033 4964 1431 5028; x_wconf 87' lang='lat' dir='ltr'><strong>damnationis,</strong></span> <span class='ocrx_word' id='word_1_725' title='bbox 1484 4966 1577 5020; x_wconf 90' lang='lat' dir='ltr'><strong>sed</strong></span> <span class='ocrx_word' id='word_1_726' title='bbox 1623 4967 1691 5021; x_wconf 91' lang='lat' dir='ltr'><strong>ab</strong></span> <span class='ocrx_word' id='word_1_727' title='bbox 1738 4967 1844 5021; x_wconf 89' lang='lat' dir='ltr'><strong>illis</strong></span> <span class='ocrx_word' id='word_1_728' title='bbox 1884 4968 2140 5036; x_wconf 78' lang='lat' dir='ltr'><strong>exprimit</strong></span> 
     </span>
    </p>
   </div>
   <div class='ocr_carea' id='block_1_99' title="bbox 572 5053 2138 5126">
    <p class='ocr_par' dir='ltr' id='par_1_99' title="bbox 572 5053 2138 5126">
     <span class='ocr_line' id='line_1_99' title="bbox 572 5053 2138 5126; baseline 0.001 -18"><span class='ocrx_word' id='word_1_729' title='bbox 572 5068 826 5124; x_wconf 83' lang='lat' dir='ltr'><strong>tanquam</strong></span> <span class='ocrx_word' id='word_1_730' title='bbox 859 5054 909 5106; x_wconf 90' lang='lat' dir='ltr'><strong>in</strong></span> <span class='ocrx_word' id='word_1_731' title='bbox 939 5053 1188 5108; x_wconf 76' lang='lat' dir='ltr'><strong>confesso</strong></span> <span class='ocrx_word' id='word_1_732' title='bbox 1238 5055 1626 5108; x_wconf 89' lang='lat' dir='ltr'><strong>exsistentibus</strong></span> <span class='ocrx_word' id='word_1_733' title='bbox 1655 5056 1922 5126; x_wconf 84' lang='lat' dir='ltr'><strong>peccatis,</strong></span> <span class='ocrx_word' id='word_1_734' title='bbox 1962 5059 2138 5109; x_wconf 83' lang='lat' dir='ltr'><strong>mani-</strong></span> 
     </span>
    </p>
   </div>
   <div class='ocr_carea' id='block_1_100' title="bbox 570 5139 2137 5216">
    <p class='ocr_par' dir='ltr' id='par_1_100' title="bbox 570 5139 2137 5216">
     <span class='ocr_line' id='line_1_100' title="bbox 570 5139 2137 5216; baseline 0.001 -15"><span class='ocrx_word' id='word_1_735' title='bbox 570 5145 816 5216; x_wconf 78' lang='lat' dir='ltr'><strong>festaque</strong></span> <span class='ocrx_word' id='word_1_736' title='bbox 851 5145 1210 5210; x_wconf 83' lang='lat' dir='ltr'><strong>blasphemia.</strong></span> <span class='ocrx_word' id='word_1_737' title='bbox 1253 5145 1386 5200; x_wconf 91' lang='lat' dir='ltr'><strong>Cum</strong></span> <span class='ocrx_word' id='word_1_738' title='bbox 1418 5148 1563 5202; x_wconf 89' lang='lat' dir='ltr'><strong>enim</strong></span> <span class='ocrx_word' id='word_1_739' title='bbox 1589 5139 1809 5202; x_wconf 76' lang='lat' dir='ltr'><strong>nosSent</strong></span> <span class='ocrx_word' id='word_1_740' title='bbox 1831 5188 1846 5213; x_wconf 91' lang='lat'><strong>,</strong></span> <span class='ocrx_word' id='word_1_741' title='bbox 1880 5148 1924 5203; x_wconf 92' lang='lat' dir='ltr'><strong>si</strong></span> <span class='ocrx_word' id='word_1_742' title='bbox 1956 5165 2044 5203; x_wconf 89' lang='lat' dir='ltr'><strong>res</strong></span> <span class='ocrx_word' id='word_1_743' title='bbox 2071 5149 2137 5202; x_wconf 92' lang='lat' dir='ltr'><strong>ad</strong></span> 
     </span>
    </p>
   </div>
   <div class='ocr_carea' id='block_1_101' title="bbox 571 5237 2128 5308">
    <p class='ocr_par' dir='ltr' id='par_1_101' title="bbox 571 5237 2128 5308">
     <span class='ocr_line' id='line_1_101' title="bbox 571 5237 2128 5308; baseline 0 -16"><span class='ocrx_word' id='word_1_744' title='bbox 571 5237 976 5307; x_wconf 90' lang='lat' dir='ltr'><strong>inquisitionem</strong></span> <span class='ocrx_word' id='word_1_745' title='bbox 1004 5238 1237 5301; x_wconf 84' lang='lat' dir='ltr'><strong>venerit,</strong></span> <span class='ocrx_word' id='word_1_746' title='bbox 1265 5238 1682 5308; x_wconf 83' lang='lat' dir='ltr'><strong>diligentemque</strong></span> <span class='ocrx_word' id='word_1_747' title='bbox 1710 5241 2128 5303; x_wconf 90' lang='lat' dir='ltr'><strong>discussionem,</strong></span> 
     </span>
    </p>
   </div>
   <div class='ocr_carea' id='block_1_102' title="bbox 569 5329 2138 5392">
    <p class='ocr_par' dir='ltr' id='par_1_102' title="bbox 569 5329 2138 5392">
     <span class='ocr_line' id='line_1_102' title="bbox 569 5329 2138 5392; baseline 0.001 -10"><span class='ocrx_word' id='word_1_748' title='bbox 569 5330 716 5383; x_wconf 89' lang='lat' dir='ltr'><strong>omni</strong></span> <span class='ocrx_word' id='word_1_749' title='bbox 779 5343 900 5383; x_wconf 90' lang='lat' dir='ltr'><strong>eum</strong></span> <span class='ocrx_word' id='word_1_750' title='bbox 956 5329 1187 5383; x_wconf 89' lang='lat' dir='ltr'><strong>crimine</strong></span> <span class='ocrx_word' id='word_1_751' title='bbox 1244 5329 1528 5382; x_wconf 87' lang='lat' dir='ltr'><strong>liberatum</strong></span> <span class='ocrx_word' id='word_1_752' title='bbox 1581 5330 1679 5392; x_wconf 91' lang='lat' dir='ltr'><strong>iri,</strong></span> <span class='ocrx_word' id='word_1_753' title='bbox 1739 5345 1803 5383; x_wconf 82' lang='lat' dir='ltr'><strong>ex</strong></span> <span class='ocrx_word' id='word_1_754' title='bbox 1861 5346 1982 5385; x_wconf 90' lang='lat' dir='ltr'><strong>sese</strong></span> <span class='ocrx_word' id='word_1_755' title='bbox 2015 5346 2138 5385; x_wconf 91' lang='lat' dir='ltr'><strong>eum</strong></span> 
     </span>
    </p>
   </div>
   <div class='ocr_carea' id='block_1_103' title="bbox 571 5421 2134 5489">
    <p class='ocr_par' dir='ltr' id='par_1_103' title="bbox 571 5421 2134 5489">
     <span class='ocr_line' id='line_1_103' title="bbox 571 5421 2134 5489; baseline 0.003 -17"><span class='ocrx_word' id='word_1_756' title='bbox 571 5422 969 5487; x_wconf 87' lang='lat' dir='ltr'><strong>condemnant,</strong></span> <span class='ocrx_word' id='word_1_757' title='bbox 1010 5422 1455 5489; x_wconf 74' lang='lat' dir='ltr'><strong>przeveniuntque</strong></span> <span class='ocrx_word' id='word_1_758' title='bbox 1496 5421 1809 5486; x_wconf 85' lang='lat' dir='ltr'><strong>auditores,</strong></span> <span class='ocrx_word' id='word_1_759' title='bbox 1848 5425 2088 5478; x_wconf 90' lang='lat' dir='ltr'><strong>dicentes</strong></span> <span class='ocrx_word' id='word_1_760' title='bbox 2123 5443 2134 5477; x_wconf 91' lang='lat'>:</span> 
     </span>
    </p>
   </div>
   <div class='ocr_carea' id='block_1_104' title="bbox 572 5510 2136 5581">
    <p class='ocr_par' dir='ltr' id='par_1_104' title="bbox 572 5510 2136 5581">
     <span class='ocr_line' id='line_1_104' title="bbox 572 5510 2136 5581; baseline 0.003 -20"><span class='ocrx_word' id='word_1_761' title='bbox 572 5527 593 5561; x_wconf 70' lang='grc' dir='ltr'>ι</span> <span class='ocrx_word' id='word_1_762' title='bbox 635 5510 740 5565; x_wconf 80' lang='lat' dir='ltr'><strong>Vos</strong></span> <span class='ocrx_word' id='word_1_763' title='bbox 761 5511 986 5566; x_wconf 87' lang='lat' dir='ltr'><strong>audistis</strong></span> <span class='ocrx_word' id='word_1_764' title='bbox 1029 5511 1451 5579; x_wconf 85' lang='lat' dir='ltr'><strong>blasphemiam,</strong></span> <span class='ocrx_word' id='word_1_765' title='bbox 1494 5530 1510 5561; x_wconf 83' lang='grc'>›</span> <span class='ocrx_word' id='word_1_766' title='bbox 1571 5524 1824 5580; x_wconf 73' lang='lat' dir='ltr'><strong>cogentes</strong></span> <span class='ocrx_word' id='word_1_767' title='bbox 1872 5515 2136 5581; x_wconf 87' lang='lat' dir='ltr'><strong>quodam-</strong></span> 
     </span>
    </p>
   </div>
   <div class='ocr_carea' id='block_1_105' title="bbox 634 5682 1047 5748">
    <p class='ocr_par' dir='ltr' id='par_1_105' title="bbox 634 5682 1047 5748">
     <span class='ocr_line' id='line_1_105' title="bbox 634 5682 1047 5748; baseline 0.007 -11"><span class='ocrx_word' id='word_1_768' title='bbox 634 5684 678 5716; x_wconf 84' lang='grc'><strong><em>⁸³</em></strong></span> <span class='ocrx_word' id='word_1_769' title='bbox 705 5683 876 5737; x_wconf 85' lang='lat' dir='ltr'><strong>Levit.</strong></span> <span class='ocrx_word' id='word_1_770' title='bbox 910 5698 963 5748; x_wconf 74' lang='grc' dir='ltr'>ν,</span> <span class='ocrx_word' id='word_1_771' title='bbox 999 5682 1047 5740; x_wconf 77' lang='grc'>1.</span> 
     </span>
    </p>
   </div>
   <div class='ocr_carea' id='block_1_106' title="bbox 1123 5684 2208 5752">
    <p class='ocr_par' dir='ltr' id='par_1_106' title="bbox 1123 5684 2208 5752">
     <span class='ocr_line' id='line_1_106' title="bbox 1123 5684 2208 5752; baseline 0.004 -14"><span class='ocrx_word' id='word_1_772' title='bbox 1123 5686 1169 5718; x_wconf 79' lang='grc'><strong>⁸³</strong></span> <span class='ocrx_word' id='word_1_773' title='bbox 1199 5684 1387 5740; x_wconf 81' lang='lat' dir='ltr'><strong>Matth.</strong></span> <span class='ocrx_word' id='word_1_774' title='bbox 1429 5701 1562 5752; x_wconf 73' lang='lat' dir='ltr'><strong>uti,</strong></span> <span class='ocrx_word' id='word_1_775' title='bbox 1595 5685 1688 5750; x_wconf 60' lang='lat' dir='ltr'><strong>li;</strong></span> <span class='ocrx_word' id='word_1_776' title='bbox 1728 5686 1798 5738; x_wconf 75' lang='lat' dir='ltr'><strong>ei.</strong></span> <span class='ocrx_word' id='word_1_777' title='bbox 1827 5687 1964 5740; x_wconf 69' lang='lat' dir='ltr'><strong>Psal.</strong></span> <span class='ocrx_word' id='word_1_778' title='bbox 2005 5705 2115 5752; x_wconf 67' lang='lat' dir='ltr'><strong>eis,</strong></span> <span class='ocrx_word' id='word_1_779' title='bbox 2163 5688 2208 5742; x_wconf 89' lang='lat' dir='ltr'><strong>l.</strong></span> 
     </span>
    </p>
   </div>
   <div class='ocr_carea' id='block_1_107' title="bbox 2239 4508 3808 4582">
    <p class='ocr_par' dir='ltr' id='par_1_107' title="bbox 2239 4508 3808 4582">
     <span class='ocr_line' id='line_1_107' title="bbox 2239 4508 3808 4582; baseline -0.001 -20"><span class='ocrx_word' id='word_1_780' title='bbox 2239 4528 2361 4582; x_wconf 77' lang='grc' dir='ltr'>χρις</span> <span class='ocrx_word' id='word_1_781' title='bbox 2409 4511 2644 4579; x_wconf 78' lang='grc' dir='ltr'>ἐσχάτης</span> <span class='ocrx_word' id='word_1_782' title='bbox 2671 4509 2821 4580; x_wconf 82' lang='grc' dir='ltr'>ὥρας</span> <span class='ocrx_word' id='word_1_783' title='bbox 2864 4511 3162 4571; x_wconf 84' lang='grc' dir='ltr'>ἐδίδασκεν,</span> <span class='ocrx_word' id='word_1_784' title='bbox 3195 4509 3276 4560; x_wconf 87' lang='grc' dir='ltr'><strong>ὃτι</strong></span> <span class='ocrx_word' id='word_1_785' title='bbox 3314 4509 3474 4571; x_wconf 74' lang='grc' dir='ltr'>αὐτὸς</span> <span class='ocrx_word' id='word_1_786' title='bbox 3499 4508 3584 4577; x_wconf 79' lang='grc' dir='ltr'>εἴη</span> <span class='ocrx_word' id='word_1_787' title='bbox 3619 4509 3646 4560; x_wconf 82' lang='grc' dir='ltr'>ὁ</span> <span class='ocrx_word' id='word_1_788' title='bbox 3676 4509 3808 4578; x_wconf 81' lang='grc' dir='ltr'><strong>Χρι-</strong></span> 
     </span>
    </p>
   </div>
   <div class='ocr_carea' id='block_1_108' title="bbox 2242 4598 3808 4668">
    <p class='ocr_par' dir='ltr' id='par_1_108' title="bbox 2242 4598 3808 4668">
     <span class='ocr_line' id='line_1_108' title="bbox 2242 4598 3808 4668; baseline -0.003 -15"><span class='ocrx_word' id='word_1_789' title='bbox 2242 4601 2384 4662; x_wconf 80' lang='grc' dir='ltr'>στὸς,</span> <span class='ocrx_word' id='word_1_790' title='bbox 2411 4600 2507 4651; x_wconf 72' lang='grc' dir='ltr'><strong>καὶ</strong></span> <span class='ocrx_word' id='word_1_791' title='bbox 2538 4600 2619 4652; x_wconf 80' lang='grc' dir='ltr'>ὅτι</span> <span class='ocrx_word' id='word_1_792' title='bbox 2668 4601 2731 4651; x_wconf 82' lang='grc' dir='ltr'>ἐκ</span> <span class='ocrx_word' id='word_1_793' title='bbox 2756 4599 2948 4666; x_wconf 79' lang='grc' dir='ltr'>δεξιῶν</span> <span class='ocrx_word' id='word_1_794' title='bbox 2982 4599 3282 4653; x_wconf 82' lang='grc' dir='ltr'>καθεδεῖται</span> <span class='ocrx_word' id='word_1_795' title='bbox 3314 4598 3408 4650; x_wconf 76' lang='grc' dir='ltr'>τοῦ</span> <span class='ocrx_word' id='word_1_796' title='bbox 3443 4598 3674 4668; x_wconf 81' lang='grc' dir='ltr'>Πατρὺς,</span> <span class='ocrx_word' id='word_1_797' title='bbox 3717 4601 3808 4654; x_wconf 74' lang='grc' dir='ltr'><strong>καὶ</strong></span> 
     </span>
    </p>
   </div>
   <div class='ocr_carea' id='block_1_109' title="bbox 2243 4690 3811 4761">
    <p class='ocr_par' dir='ltr' id='par_1_109' title="bbox 2243 4690 3811 4761">
     <span class='ocr_line' id='line_1_109' title="bbox 2243 4690 3811 4761; baseline -0.003 -16"><span class='ocrx_word' id='word_1_798' title='bbox 2243 4692 2324 4745; x_wconf 83' lang='grc' dir='ltr'><strong>ὅτι</strong></span> <span class='ocrx_word' id='word_1_799' title='bbox 2350 4690 2468 4760; x_wconf 74' lang='grc' dir='ltr'>ἥξει</span> <span class='ocrx_word' id='word_1_800' title='bbox 2509 4690 2669 4744; x_wconf 85' lang='grc' dir='ltr'>πάλιν</span> <span class='ocrx_word' id='word_1_801' title='bbox 2699 4690 2900 4761; x_wconf 85' lang='grc' dir='ltr'>κρίνων</span> <span class='ocrx_word' id='word_1_802' title='bbox 2926 4690 3022 4761; x_wconf 81' lang='grc' dir='ltr'><strong>τὴν</strong></span> <span class='ocrx_word' id='word_1_803' title='bbox 3052 4691 3376 4760; x_wconf 82' lang='grc' dir='ltr'>οἰκουμένην</span> <span class='ocrx_word' id='word_1_804' title='bbox 3396 4706 3409 4720; x_wconf 83' lang='lat'>&#39;</span> <span class='ocrx_word' id='word_1_805' title='bbox 3441 4691 3469 4742; x_wconf 84' lang='grc' dir='ltr'>ὃ</span> <span class='ocrx_word' id='word_1_806' title='bbox 3493 4691 3691 4761; x_wconf 81' lang='grc' dir='ltr'>πολλὴν</span> <span class='ocrx_word' id='word_1_807' title='bbox 3713 4694 3811 4758; x_wconf 80' lang='grc' dir='ltr'>τὴν</span> 
     </span>
    </p>
   </div>
   <div class='ocr_carea' id='block_1_110' title="bbox 2240 4780 3811 4853">
    <p class='ocr_par' dir='ltr' id='par_1_110' title="bbox 2240 4780 3811 4853">
     <span class='ocr_line' id='line_1_110' title="bbox 2240 4780 3811 4853; baseline -0.001 -19"><span class='ocrx_word' id='word_1_808' title='bbox 2240 4783 2380 4853; x_wconf 82' lang='grc' dir='ltr'>πρὸς</span> <span class='ocrx_word' id='word_1_809' title='bbox 2419 4782 2581 4835; x_wconf 74' lang='grc' dir='ltr'>αὑτὸν</span> <span class='ocrx_word' id='word_1_810' title='bbox 2620 4783 2938 4852; x_wconf 87' lang='grc' dir='ltr'>συμφωνίαν</span> <span class='ocrx_word' id='word_1_811' title='bbox 2985 4780 3269 4850; x_wconf 84' lang='grc' dir='ltr'>δηλοῦντός</span> <span class='ocrx_word' id='word_1_812' title='bbox 3313 4783 3449 4833; x_wconf 88' lang='grc' dir='ltr'>ἐστι.</span> <span class='ocrx_word' id='word_1_813' title='bbox 3505 4782 3811 4853; x_wconf 78' lang='grc' dir='ltr'><strong>Διαρρήξας</strong></span> 
     </span>
    </p>
   </div>
   <div class='ocr_carea' id='block_1_111' title="bbox 2243 4871 3813 4943">
    <p class='ocr_par' dir='ltr' id='par_1_111' title="bbox 2243 4871 3813 4943">
     <span class='ocr_line' id='line_1_111' title="bbox 2243 4871 3813 4943; baseline 0.001 -20"><span class='ocrx_word' id='word_1_814' title='bbox 2243 4872 2422 4924; x_wconf 87' lang='grc' dir='ltr'>τοίνυν</span> <span class='ocrx_word' id='word_1_815' title='bbox 2459 4872 2530 4926; x_wconf 85' lang='grc' dir='ltr'>τὰ</span> <span class='ocrx_word' id='word_1_816' title='bbox 2565 4872 2753 4943; x_wconf 78' lang='grc' dir='ltr'>ἱμάτιά</span> <span class='ocrx_word' id='word_1_817' title='bbox 2781 4889 2913 4942; x_wconf 85' lang='grc' dir='ltr'>φησι</span> <span class='ocrx_word' id='word_1_818' title='bbox 2936 4889 2950 4902; x_wconf 76' lang='grc' dir='ltr'><strong>ο</strong></span> <span class='ocrx_word' id='word_1_819' title='bbox 2993 4889 3009 4921; x_wconf 87' lang='grc' dir='ltr'><strong>ι</strong></span> <span class='ocrx_word' id='word_1_820' title='bbox 3040 4871 3105 4923; x_wconf 90' lang='grc' dir='ltr'><strong>Τί</strong></span> <span class='ocrx_word' id='word_1_821' title='bbox 3131 4872 3260 4941; x_wconf 83' lang='grc' dir='ltr'>ὑμῖν</span> <span class='ocrx_word' id='word_1_822' title='bbox 3285 4871 3466 4936; x_wconf 85' lang='grc' dir='ltr'>δοκεῖ;</span> <span class='ocrx_word' id='word_1_823' title='bbox 3499 4890 3516 4921; x_wconf 73' lang='grc' dir='ltr'>ι</span> <span class='ocrx_word' id='word_1_824' title='bbox 3555 4872 3629 4924; x_wconf 80' lang='grc' dir='ltr'><strong>Οὑ</strong></span> <span class='ocrx_word' id='word_1_825' title='bbox 3662 4872 3813 4943; x_wconf 80' lang='grc' dir='ltr'>φέρει</span> 
     </span>
    </p>
   </div>
   <div class='ocr_carea' id='block_1_112' title="bbox 2244 4961 3813 5034">
    <p class='ocr_par' dir='ltr' id='par_1_112' title="bbox 2244 4961 3813 5034">
     <span class='ocr_line' id='line_1_112' title="bbox 2244 4961 3813 5034; baseline 0.001 -20"><span class='ocrx_word' id='word_1_826' title='bbox 2244 4961 2344 5033; x_wconf 82' lang='grc' dir='ltr'>τὴν</span> <span class='ocrx_word' id='word_1_827' title='bbox 2369 4963 2549 5032; x_wconf 70' lang='grc' dir='ltr'>ψῆφον</span> <span class='ocrx_word' id='word_1_828' title='bbox 2583 4962 2815 5025; x_wconf 79' lang='grc' dir='ltr'>οἴκοθεν,</span> <span class='ocrx_word' id='word_1_829' title='bbox 2853 4963 2990 5016; x_wconf 74' lang='grc' dir='ltr'>ἀλλὰ</span> <span class='ocrx_word' id='word_1_830' title='bbox 3019 4965 3150 5033; x_wconf 80' lang='grc' dir='ltr'>παρ’</span> <span class='ocrx_word' id='word_1_831' title='bbox 3177 4963 3400 5016; x_wconf 82' lang='grc' dir='ltr'>ἐκείνων</span> <span class='ocrx_word' id='word_1_832' title='bbox 3423 4963 3591 5034; x_wconf 78' lang='grc' dir='ltr'>αὐτὴν</span> <span class='ocrx_word' id='word_1_833' title='bbox 3615 4964 3691 5026; x_wconf 87' lang='grc' dir='ltr'><strong>ῶς</strong></span> <span class='ocrx_word' id='word_1_834' title='bbox 3723 4965 3813 5015; x_wconf 71' lang='grc' dir='ltr'><strong>ἐπι</strong></span> 
     </span>
    </p>
   </div>
   <div class='ocr_carea' id='block_1_113' title="bbox 2243 5053 3814 5124">
    <p class='ocr_par' dir='ltr' id='par_1_113' title="bbox 2243 5053 3814 5124">
     <span class='ocr_line' id='line_1_113' title="bbox 2243 5053 3814 5124; baseline 0 -18"><span class='ocrx_word' id='word_1_835' title='bbox 2243 5053 2686 5123; x_wconf 81' lang='grc' dir='ltr'>ὁμολογουμένων</span> <span class='ocrx_word' id='word_1_836' title='bbox 2709 5053 3144 5124; x_wconf 84' lang='grc' dir='ltr'>ἁμαρτημάτων,</span> <span class='ocrx_word' id='word_1_837' title='bbox 3167 5054 3261 5108; x_wconf 77' lang='grc' dir='ltr'>καὶ</span> <span class='ocrx_word' id='word_1_838' title='bbox 3286 5053 3629 5124; x_wconf 85' lang='grc' dir='ltr'>βλασφημίας</span> <span class='ocrx_word' id='word_1_839' title='bbox 3649 5054 3814 5124; x_wconf 80' lang='grc' dir='ltr'>δήλης</span> 
     </span>
    </p>
   </div>
   <div class='ocr_carea' id='block_1_114' title="bbox 2246 5145 3815 5218">
    <p class='ocr_par' dir='ltr' id='par_1_114' title="bbox 2246 5145 3815 5218">
     <span class='ocr_line' id='line_1_114' title="bbox 2246 5145 3815 5218; baseline 0.003 -20"><span class='ocrx_word' id='word_1_840' title='bbox 2246 5145 2581 5198; x_wconf 85' lang='grc' dir='ltr'>ἐκκαλεῖται.</span> <span class='ocrx_word' id='word_1_841' title='bbox 2623 5146 2840 5216; x_wconf 82' lang='grc' dir='ltr'>Ἐπειδὴ</span> <span class='ocrx_word' id='word_1_842' title='bbox 2883 5147 2990 5214; x_wconf 86' lang='grc' dir='ltr'>γὰρ</span> <span class='ocrx_word' id='word_1_843' title='bbox 3036 5147 3256 5218; x_wconf 74' lang='grc' dir='ltr'>ᾔδεσαν,</span> <span class='ocrx_word' id='word_1_844' title='bbox 3287 5149 3368 5201; x_wconf 82' lang='grc' dir='ltr'>ὅτι</span> <span class='ocrx_word' id='word_1_845' title='bbox 3401 5149 3540 5202; x_wconf 78' lang='grc' dir='ltr'>εἰτὸ</span> <span class='ocrx_word' id='word_1_846' title='bbox 3581 5151 3815 5218; x_wconf 70' lang='grc' dir='ltr'>πρᾶγμα</span> 
     </span>
    </p>
   </div>
   <div class='ocr_carea' id='block_1_115' title="bbox 2245 5237 3814 5308">
    <p class='ocr_par' dir='ltr' id='par_1_115' title="bbox 2245 5237 3814 5308">
     <span class='ocr_line' id='line_1_115' title="bbox 2245 5237 3814 5308; baseline 0.001 -19"><span class='ocrx_word' id='word_1_847' title='bbox 2245 5240 2325 5300; x_wconf 82' lang='grc' dir='ltr'><strong>είς</strong></span> <span class='ocrx_word' id='word_1_848' title='bbox 2349 5237 2593 5302; x_wconf 79' lang='grc' dir='ltr'>ἐξέτασιν</span> <span class='ocrx_word' id='word_1_849' title='bbox 2623 5237 2785 5300; x_wconf 80' lang='grc' dir='ltr'>ἔλθοι,</span> <span class='ocrx_word' id='word_1_850' title='bbox 2810 5239 2903 5290; x_wconf 57' lang='grc' dir='ltr'><strong>καὶ¹</strong></span> <span class='ocrx_word' id='word_1_851' title='bbox 2917 5239 3207 5306; x_wconf 80' lang='grc' dir='ltr'>διάγνωσιν</span> <span class='ocrx_word' id='word_1_852' title='bbox 3235 5239 3457 5308; x_wconf 76' lang='grc' dir='ltr'>ἀκριϐῆ,</span> <span class='ocrx_word' id='word_1_853' title='bbox 3483 5240 3814 5293; x_wconf 77' lang='grc' dir='ltr'>ἀπαλλάττει</span> 
     </span>
    </p>
   </div>
   <div class='ocr_carea' id='block_1_116' title="bbox 2246 5325 3814 5397">
    <p class='ocr_par' dir='ltr' id='par_1_116' title="bbox 2246 5325 3814 5397">
     <span class='ocr_line' id='line_1_116' title="bbox 2246 5325 3814 5397; baseline 0.003 -20"><span class='ocrx_word' id='word_1_854' title='bbox 2246 5326 2428 5396; x_wconf 80' lang='grc' dir='ltr'>πάσης</span> <span class='ocrx_word' id='word_1_855' title='bbox 2467 5326 2631 5379; x_wconf 81' lang='grc' dir='ltr'>αὑτὸν</span> <span class='ocrx_word' id='word_1_856' title='bbox 2661 5325 2862 5388; x_wconf 77' lang='grc' dir='ltr'>αἰτίας,</span> <span class='ocrx_word' id='word_1_857' title='bbox 2900 5329 3031 5397; x_wconf 79' lang='grc' dir='ltr'>παρ’</span> <span class='ocrx_word' id='word_1_858' title='bbox 3069 5329 3281 5391; x_wconf 81' lang='grc' dir='ltr'>ἑαυτοῖς</span> <span class='ocrx_word' id='word_1_859' title='bbox 3314 5329 3476 5382; x_wconf 81' lang='grc' dir='ltr'>αὐτὸν</span> <span class='ocrx_word' id='word_1_860' title='bbox 3521 5329 3814 5384; x_wconf 79' lang='grc' dir='ltr'>καταδικά-</span> 
     </span>
    </p>
   </div>
   <div class='ocr_carea' id='block_1_117' title="bbox 2246 5416 3814 5494">
    <p class='ocr_par' dir='ltr' id='par_1_117' title="bbox 2246 5416 3814 5494">
     <span class='ocr_line' id='line_1_117' title="bbox 2246 5416 3814 5494; baseline 0.001 -26"><span class='ocrx_word' id='word_1_861' title='bbox 2246 5416 2419 5480; x_wconf 79' lang='grc' dir='ltr'>ζουσι,</span> <span class='ocrx_word' id='word_1_862' title='bbox 2456 5419 2548 5469; x_wconf 72' lang='grc' dir='ltr'>καὶ</span> <span class='ocrx_word' id='word_1_863' title='bbox 2577 5417 3160 5488; x_wconf 76' lang='grc' dir='ltr'>προκαταλαμϐάνουσι</span> <span class='ocrx_word' id='word_1_864' title='bbox 3189 5421 3316 5485; x_wconf 83' lang='grc' dir='ltr'>τοὺς</span> <span class='ocrx_word' id='word_1_865' title='bbox 3340 5421 3612 5494; x_wconf 86' lang='grc' dir='ltr'>ἀκροατὰς</span> <span class='ocrx_word' id='word_1_866' title='bbox 3643 5421 3814 5489; x_wconf 83' lang='grc' dir='ltr'>λέγον-</span> 
     </span>
    </p>
   </div>
   <div class='ocr_carea' id='block_1_118' title="bbox 2245 5509 3817 5586">
    <p class='ocr_par' dir='ltr' id='par_1_118' title="bbox 2245 5509 3817 5586">
     <span class='ocr_line' id='line_1_118' title="bbox 2245 5509 3817 5586; baseline 0.003 -25"><span class='ocrx_word' id='word_1_867' title='bbox 2245 5528 2363 5573; x_wconf 84' lang='grc' dir='ltr'>τες·</span> <span class='ocrx_word' id='word_1_868' title='bbox 2391 5529 2408 5563; x_wconf 81' lang='grc' dir='ltr'><strong>ι</strong></span> <span class='ocrx_word' id='word_1_869' title='bbox 2433 5511 2619 5579; x_wconf 80' lang='grc' dir='ltr'>Ὑμεῖς</span> <span class='ocrx_word' id='word_1_870' title='bbox 2648 5509 2914 5578; x_wconf 61' lang='grc' dir='ltr'><strong>⁴ἤκουσα·ιέ</strong></span> <span class='ocrx_word' id='word_1_871' title='bbox 2943 5511 3039 5580; x_wconf 76' lang='grc' dir='ltr'><strong>τῆς</strong></span> <span class='ocrx_word' id='word_1_872' title='bbox 3071 5512 3440 5585; x_wconf 71' lang='grc' dir='ltr'>βλασφημίας·</span> <span class='ocrx_word' id='word_1_873' title='bbox 3477 5535 3494 5567; x_wconf 75' lang='grc' dir='ltr'><strong>ι</strong></span> <span class='ocrx_word' id='word_1_874' title='bbox 3538 5510 3817 5586; x_wconf 79' lang='grc' dir='ltr'>μονονουχὶ</span> 
     </span>
    </p>
   </div>
  </div>
