4134 6374
347 317 446 371 Mil

1512 315 1865 372 COMMENT.
1905 318 1971 372 ΙΝ
2011 318 2322 374 ΜᾹΤΤΗᾹΞ
2335 320 2448 378 UM.

3483 331 3587 386 £62

349 427 858 496 καταναγκάζοντες
887 433 982 487 καὶ
1016 432 1326 502 βιαζόμενοι
1358 432 1456 501 τὴν
1492 433 1674 503 ψῆφον
1703 436 1913 501 ἐξενεγ-

2027 442 2201 500 ιιιοιιο,
2223 452 2287 490 ae
2321 440 2369 489 vi
2395 447 2777 507 extorquentes
2804 440 3042 511 suffragii
3073 442 3349 497 lationem.
3380 444 3585 515 Ecquid

349 523 484 572 κεῖν.
517 521 580 572 Τί
609 516 701 574 οὖν
733 524 966 588 ἐκεῖνοις
1001 544 1018 573 ι
1049 524 1271 594 Ἔνοχος
1300 521 1531 577 θανάτου
1558 525 1705 578 ἐστίν
1731 545 1743 556 ·
1777 546 1794 574 ι
1836 528 1919 578 ἶνα

347 613 423 675 ὡς
486 613 777 666 κατάδικον
824 614 1100 680 λαϐόντες,
1133 615 1278 668 οὕτω
1316 616 1501 670 λοιπὸν
1547 615 1642 670 τὸν
1690 618 1920 671 Πιλάτον

345 702 732 771 ἀποφήνασθαι
789 706 1307 775 παρασκευάσωσιν.
1360 708 1425 759 Ὃ
1477 708 1542 777 δὴ
1572 709 1667 761 καὶ
1724 711 1919 762 ἐκεῖνοι

349 792 670 856 συνειδότες,
706 794 902 862 φασίν·
934 814 953 847 ι
982 797 1203 867 Ἔνοχος
1240 796 1471 851 θανάτου
1506 800 1678 863 ἐστὶν,
1718 818 1734 848 ι
1766 799 1921 853 αὐτοὶ

348 882 801 954 κατηγοροῦντες,
852 887 1009 940 αὐτοὶ
1051 887 1383 955 δικάζοντες,
1418 889 1573 943 αὐτοὶ
1607 890 1918 961 ψηφιζόμε-

344 988 447 1034 νοι,
484 974 660 1026 πάντα
710 975 868 1028 αὑτοὶ
896 977 1171 1046 γινόμενοι
1223 976 1365 1032 τότε.
1419 979 1546 1041 Πῶς
1588 979 1644 1032 δέ
1675 982 1775 1033 οὐκ
1822 983 1918 1052 ῆν-

346 1078 518 1129 εγκαν
567 1063 820 1119 Σάϐϐατα
870 1067 948 1130 είς
1007 1068 1205 1138 μέσον;
1257 1068 1381 1123 Ὅτι
1415 1069 1677 1135 πολλάκις
1724 1074 1919 1135 αὐτοὺς

347 1155 725 1224 ἐπεστόμισεν.
755 1157 966 1222 ’Ἄλλως
1002 1176 1060 1212 τε
1097 1161 1192 1213 καὶ
1222 1162 1286 1215 ἐκ
1314 1163 1424 1217 τῶν
1458 1164 1581 1217 τότε
1610 1164 1918 1235 λεγομένοιν

347 1245 629 1303 ἔσούλοντο
668 1249 830 1302 αὐτὸν
868 1250 1009 1304 ἐλεῖν
1052 1254 1132 1317 εἰς
1182 1253 1245 1307 τὸ
1277 1256 1658 1313 καταδικάσαι.
1689 1257 1779 1310 Διὸ
1824 1259 1917 1311 καὶ

351 1337 657 1407 προλιιὺν,
684 1340 778 1393 καὶ
808 1341 907 1411 τὴν
940 1341 1120 1412 ψῆφον
1146 1344 1279 1412 παρ’
1322 1344 1503 1398 αὐτῶν
1537 1346 1794 1416 ἐνεγκὼν.
1824 1352 1917 1402 καὶ

350 1430 557 1492 πάντας
578 1433 1023 1504 ἐπισπασάμενος
1045 1434 1134 1489 διὰ
1155 1435 1249 1488 τοῦ
1272 1435 1433 1506 ῥῆξαι
1463 1438 1554 1491 τὸν
1578 1440 1912 1508 χιτωνίσκον,

346 1521 421 1584 ὼς
452 1522 743 1576 κατὰδικον
774 1523 962 1580 λοιπὸν
994 1525 1219 1595 ἀγαγὼν
1253 1527 1388 1598 πρὸς
1421 1528 1511 1580 τὸν
1545 1530 1797 1594 Πιλᾶτον,
1827 1529 1915 1583 οὖ-

345 1628 454 1674 τως
483 1611 696 1666 ἅπαντα
718 1613 1009 1686 ἔπραττεν.
1032 1617 1147 1671 Ἐπ’
1172 1619 1381 1672 ἐκείνου
1409 1619 1539 1687 γοῦν
1565 1621 1717 1673 οὐδὲν
1745 1620 1917 1675 τοιοῦ-

345 1705 439 1756 τόν
468 1722 629 1773 φασιν
651 1723 665 1736 ·
693 1706 829 1760 ἀλλά
857 1709 947 1774 τί;
976 1728 994 1758 ι
1020 1710 1082 1761 Et
1111 1710 1191 1781 μὴ
1209 1705 1277 1783 ἦν
1298 1704 1453 1775 οὗτος
1474 1714 1788 1776 κακοποιὸς,
1817 1714 1916 1767 οὑκ

346 1796 412 1849 ἄν
442 1813 523 1850 σοι
553 1797 952 1869 παρεδώκαμεν
980 1776 1139 1853 αὐτόν
1157 1776 1187 1831 ’ὴ
1208 1776 1373 1861 etiam
1401 1803 1674 1874 δημοσίων
1712 1806 1912 1875 ἐγκλη·
1949 1776 1988 1830 Β

348 1890 536 1958 μάτων
567 1891 777 1943 ἀνελεῖν
816 1892 980 1945 αὑτὸν
1011 1894 1441 1965 ἐπιχειροῦντας.
1477 1896 1586 1949 Καὶ
1632 1896 1720 1949 διὰ
1753 1898 1805 1951 τί
1840 1898 1914 1968 μὴ

347 1978 523 2047 λάθρα
551 1981 718 2034 αὑτὸν
758 1982 1001 2048 ἀνεῖλον;
1039 1983 1346 2038 Ἐϐούλοντο
1383 1987 1481 2041 καὶ
1507 1986 1603 2058 τὴν
1630 1987 1785 2055 δόξαν
1815 1991 1913 2042 αύ-

343 2070 438 2123 τοῦ
459 2071 721 2125 διανελεῖν
740 2088 752 2100 ·
785 2074 974 2145 ἐπειδὴ
1006 2074 1115 2146 γὰρ
1142 2076 1325 2129 πολλοὶ
1350 2073 1490 2147 ἦσαν
1512 2080 1915 2149 προακηκοότες

345 2162 532 2224 αὐτοῦ,
567 2164 662 2216 καὶ
704 2164 1076 2234 θαυμάζοντες
1110 2167 1293 2232 αὐτὸν,
1330 2167 1418 2220 διὰ
1445 2168 1604 2222 τοῦτο
1643 2169 1913 2225 ἔσπευσαν

343 2253 599 2325 δημοσίᾳ,
639 2258 735 2308 καὶ
784 2257 879 2308 ἐπὶ
938 2258 1154 2311 πάντων
1203 2260 1481 2328 σφαγῆναι
1532 2261 1713 2314 αὐτόν.
1758 2263 1817 2314 ’0
1858 2262 1917 2319 ὥ

344 2345 580 2414 Χριστὸς
606 2346 706 2398 οὐκ
737 2346 1029 2409 ἐκώλυσεν,
1058 2348 1191 2402 ἀλλά
1222 2352 1289 2420 τῇ
1326 2350 1548 2403 ἐκείνων
1570 2353 1805 2421 πονηρία
1833 2354 1915 2414 είς

343 2437 443 2505 τὴν
473 2436 570 2506 τῆς
601 2437 855 2506 ἀληθείας
891 2438 1148 2493 σύστασιν
1195 2441 1550 2511 ἀπεχρήσατο
1572 2458 1585 2470 ·
1636 2445 1729 2494 καὶ
1762 2442 1914 2495 τούν-

343 2527 524 2579 αντίον
560 2528 835 2594 ἐξέϐαινεν
886 2531 1032 2600 ἥπερ
1080 2530 1349 2585 ἐϐούλετο.
1388 2533 1539 2586 Ἐπεὶ
1580 2534 1729 2601 ὅτιγε
1765 2532 1913 2597 ἐξου-

347 2618 469 2670 σίαν
508 2613 654 2688 εἶχον
688 2621 806 2673 καθ’
841 2622 1069 2681 ἐαυτοὺς
1122 2623 1349 2688 ἀνελεῖν,
1386 2623 1619 2677 ἄκουσον
1657 2624 1710 2675 τί
1749 2641 1911 2695 φησιν

344 2712 374 2761 6
406 2709 635 2774 Πιλᾶτος
655 2728 668 2741 ·
704 2730 721 2761 ι
746 2711 953 2764 Λάϐετε
981 2712 1143 2766 αὐτὸν
1179 2715 1352 2783 ὑμεῖς,
1395 2714 1488 2767 καὶ
1529 2715 1671 2768 κατά
1702 2715 1792 2768 τὸν
1825 2717 1910 2769 νό-

349 2817 447 2869 μον
477 2800 628 2869 ὐμῶν
658 2802 878 2871 κρίνατε
907 2803 1087 2855 αὐτόν.
1125 2821 1143 2855 ι
1185 2804 1323 2856 Ἀλλ’
1350 2805 1450 2856 οὐκ
1477 2804 1689 2874 ἡθελον,
1721 2805 1807 2858 ἵνα
1836 2805 1910 2868 ὼς

343 2891 626 2961 τύραννος,
655 2893 731 2955 ὡς
761 2894 1092 2961 στασιαστὴς
1129 2894 1432 2965 ἀνῃρῆσθαι
1459 2894 1604 2968 δόξῃ.
1636 2896 1821 2948 Ταῦτα
1850 2896 1908 2950 δὲ

346 2983 523 3037 πάντα
558 2982 697 3052 ὑπὲρ
718 2983 819 3052 τῆς
852 2984 1107 3054 ἀληθείας
1137 2987 1347 3052 ἐγίνετο
1370 3002 1384 3016 ·
1419 2986 1556 3040 ὥστε
1589 2989 1723 3058 μηδὲ
1754 2988 1909 3041 σκιάν

2025 527 2186 592 igitur
2213 526 2325 580 illi?
2359 545 2377 577 ι
2420 527 2564 582 Reus
2611 540 2693 583 est
2729 533 2946 596 mortis;
2985 551 3003 585 ι
3066 544 3120 586 ιιι
3164 544 3413 603 tanquam
3448 551 3583 590 cuu-

2022 618 2331 671 detunatum
2365 619 2625 674 habentes
2646 621 2755 682 ,itn
2782 622 3036 692 deinceps
3070 624 3375 686 edicerent,
3408 637 3465 679 ιιι
3500 638 3585 680 ta-

2023 706 2089 760 iis
2123 723 2153 760 a
2187 709 2357 761 Pilato
2386 711 2868 775 pronuntiaretur:
2906 714 3033 767 illud
3065 716 3247 783 utique
3286 718 3439 787 cujus
3481 720 3587 773 sibi

2022 800 2223 854 conscii
2274 811 2451 867 erant,
2512 801 2692 862 aiunt,
2738 822 2756 854 ι
2814 803 2960 859 Reus
3010 814 3089 859 est
3124 808 3346 870 mortis,
3405 828 3424 861 ι
3465 826 3588 865 cum

2023 890 2096 943 illi
2152 890 2244 958 qui
2305 894 2670 954 accusabant,
2718 893 3088 962 jttdicittmqne
3154 912 3217 949 ac
3272 897 3587 969 suffragium

2025 980 2451 1050 lozferebant,
2476 983 2728 1036 omnibus
2748 983 2895 1039 hisce
2913 986 3127 1054 ipsimet
3139 987 3248 1055 jam
3273 997 3382 1042 tum
3404 1003 3589 1045 essent

2019 1072 2256 1127 obnoxii.
2307 1074 2377 1127 At
2407 1076 2678 1144 quomodo
2701 1076 2932 1130 Sahbata
2965 1078 3015 1130 in
3053 1081 3287 1132 medium
3321 1097 3424 1135 non
3454 1097 3583 1150 ιιι-ου

2018 1162 2292 1218 tulerunt?
2320 1165 2394 1220 Eo
2427 1167 2569 1239 quod
2597 1167 2677 1221 eis
2699 1167 2892 1224 crebro
2920 1184 2981 1223 os
3022 1171 3409 1230 obstruxisset.
3439 1174 3588 1227 Alias

2021 1270 2148 1308 vero
2181 1258 2344 1311 etiam
2373 1273 2439 1312 ex
2470 1259 2535 1313 iis
2570 1299 2585 1321 .
2612 1274 2733 1328 qune
2762 1268 2872 1314 tum
2900 1260 3042 1315 dicta
3073 1272 3197 1315 sunt
3234 1264 3299 1316 ad
3326 1266 3574 1317 condem-

2020 1351 2291 1401 nationem
2325 1364 2448 1401 eum
2467 1352 2780 1418 pertrahere
2797 1352 3067 1406 volebant.
3102 1352 3219 1419 Quo
3253 1355 3431 1407 animo
3454 1369 3585 1421 pon-

2022 1436 2149 1490 tifex
2175 1437 2551 1505 prmjtnlicans,
2574 1439 3080 1508 damnationetnque
3112 1442 3178 1493 ab
3209 1443 3576 1495 assessoribus
3626 1432 3636 1445 ’

2017 1527 2242 1582 eiiciens
2266 1567 2281 1591 ,
2312 1544 2373 1581 ac
2405 1533 2601 1584 tunica:
2630 1543 2850 1598 ruptura
2884 1532 3244 1585 multitudinis
3287 1534 3583 1586 concilians

2019 1635 2295 1674 assensum
2319 1660 2335 1683 ,
2370 1637 2630 1691 reutnque
2663 1632 2719 1675 ut
2744 1623 2855 1688 jam
2891 1625 3302 1677 coudeutnatum
3343 1627 3406 1678 ad
3441 1624 3585 1677 Pila-

2020 1718 2131 1762 tum
2168 1710 2391 1774 ducens,
2421 1712 2497 1765 sic
2528 1726 2590 1764 ex
2618 1714 2882 1766 sententia
2915 1714 3095 1767 omnia
3127 1715 3404 1781 transegit.
3440 1713 3583 1769 Sane

2016 1815 2198 1853 coram
2236 1801 2404 1855 Pilato
2445 1803 2577 1856 nihil
2610 1817 2675 1856 ex
2709 1804 2861 1873 prius
2893 1805 3076 1857 allatis
3108 1817 3383 1859 accusant.
3440 1806 3581 1871 Quid

2019 1890 2182 1959 igitur
2213 1892 2401 1943 aiunt:
2443 1909 2461 1941 ι
2525 1890 2634 1945 Nisi
2660 1901 2805 1945 esset
2835 1894 2919 1945 ltic
2970 1893 3274 1954 maleiicus,
3330 1910 3433 1946 non
3486 1895 3581 1947 tibi

2018 1982 2427 2035 tradidissemus
2467 1997 2589 2037 eum
2613 2023 2627 2043 ,
2675 2001 2695 2034 ι
2733 1999 2798 2037 ex
2835 1984 3065 2052 publicis
3108 1986 3426 2039 criminibus
3456 2002 3578 2039 eum

2017 2072 2326 2125 interticere
2355 2082 2648 2127 conantes.
2674 2074 2743 2126 At
2771 2089 2868 2127 cur
2890 2090 2994 2128 non
3026 2076 3235 2128 occulte
3257 2090 3378 2127 eum
3402 2086 3583 2129 sustu-

2016 2163 2229 2217 lerunt?
2257 2161 2495 2218 Gloriam
2517 2164 2681 2217 etiam
2711 2163 2851 2218 illius
2884 2167 2935 2217 in
2964 2166 3188 2218 nihilum
3219 2168 3460 2231 redigere
3485 2182 3581 2221 eu-

2016 2256 2235 2321 piebaut
2263 2273 2279 2309 :
2311 2270 2432 2310 cum
2456 2258 2598 2309 enim
2637 2255 2851 2323 plurimi
2893 2269 3072 2311 essent
3096 2296 3111 2320 ,
3145 2259 3235 2326 qui
3266 2274 3387 2311 eum
3429 2260 3580 2313 ntuli-

2016 2357 2132 2404 rent
2170 2362 2232 2402 ac
2270 2350 2635 2414 mirarentur,
2674 2357 2959 2417 prepterea
2997 2350 3326 2404 festinarunt
3369 2352 3580 2418 publica

2013 2448 2069 2492 et
2094 2453 2276 2495 coram
2301 2437 2557 2490 omnibus
2590 2450 2716 2490 eum
2767 2436 3092 2491 interficere.
3151 2437 3399 2490 Christus
3449 2452 3580 2489 vero

2021 2544 2128 2583 non
2165 2528 2470 2598 prohibuit,
2500 2528 2595 2583 sed
2654 2528 2866 2582 illorum
2917 2529 3153 2597 nequitia
3226 2528 3293 2581 ad
3338 2529 3581 2583 declara-

2011 2620 2213 2674 tionem
2252 2620 2498 2677 veritatis
2541 2634 2671 2673 usus
2715 2629 2828 2685 est;
2879 2633 2942 2672 ac
2974 2628 3162 2673 contra
3200 2634 3358 2686 quam
3392 2620 3575 2673 volue-

2012 2721 2135 2765 rant
2169 2725 2258 2763 res
2285 2711 2504 2770 accidit.
2569 2710 2701 2763 Cum
2747 2712 2890 2764 enim
2940 2712 2992 2764 itt
3046 2720 3310 2778 potestate
3366 2711 3575 2764 illorum

2010 2813 2156 2856 esset
2184 2817 2279 2870 per
2297 2817 2417 2856 sese
2452 2801 2786 2862 interﬁcere,
2843 2801 2966 2854 audi
2995 2802 3122 2869 quid
3148 2802 3291 2855 dicat
3323 2800 3527 2855 Pilatus
3558 2821 3572 2859 :

2017 2912 2036 2945 ι
2081 2893 2325 2961 Accipite
2359 2907 2481 2946 eum
2525 2909 2641 2957 vos,
2678 2902 2732 2946 et
2768 2892 3065 2946 secundum
3121 2892 3287 2962 legem
3339 2904 3575 2946 vestram

2008 3000 2129 3039 eum
2151 2986 2419 3054 judicate:
2452 3004 2472 3037 ι
2502 2994 2557 3038 at
2578 2984 2901 3049 noluerunt,
2931 2993 2988 3037 ut
3012 2993 3266 3052 tanquam
3293 2991 3571 3052 tyrannus,

343 3093 464 3128 τινα
525 3076 721 3140 αὐτοὺς
800 3076 942 3145 ἔχειν
999 3077 1356 3145 ἀναισχύντου
1411 3077 1540 3143 γοῦν
1589 3078 1901 3146 ἀπολογίας.

2015 3090 2265 3148 tauquam
2296 3078 2589 3133 seditiosus
2625 3077 2857 3131 interfici
2894 3076 3185 3130 videretur.
3239 3075 3362 3129 Haec
3392 3082 3572 3128 autem

342 3169 596 3222 Τοιοῦτον
628 3169 737 3238 γὰρ
772 3170 804 3235 ή
845 3166 1019 3238 πλάνη
1044 3182 1059 3196 ·
1101 3168 1168 3220 δι’
1206 3162 1280 3221 ὧν
1308 3168 1663 3230 ἐπιϐουλεύει,
1698 3168 1903 3224 λύεται.

343 3256 498 3310 Οὖτω
524 3257 654 3324 γοῦν
686 3258 778 3308 καὶ
804 3255 1037 3309 ἐνταῦθα
1069 3255 1289 3326 συνέϐη.
1321 3256 1383 3310 Οἳ
1429 3256 1527 3326 μὲν
1549 3257 1657 3328 γὰρ
1689 3258 1906 3312 ἐδόκουν

2011 3171 2194 3226 omnia
2227 3185 2324 3240 pro
2347 3170 2577 3225 veritate
2604 3168 2742 3222 facta
2771 3178 2930 3233 sunt,
2959 3177 3106 3222 utne
3125 3168 3313 3221 umbra
3356 3167 3571 3235 quidem

2012 3260 2337 3330 impudentis
2363 3260 2660 3329 cujuspiam
2700 3258 3070 3313 excusationis
3094 3258 3174 3312 eis
3221 3258 3424 3326 reliqua
3482 3273 3575 3311 θεά

342 3346 708 3414 νενικηκέναι,
768 3338 914 3401 οὗτοι
978 3343 1215 3415 μάλιστα
1248 3345 1344 3398 καὶ
1388 3345 1761 3417 ᾐσχύνθησαν,
1812 3349 1906 3400 καὶ

2015 3361 2106 3406 sct.
2139 3351 2285 3407 Talis
2316 3353 2458 3404 enim
2498 3361 2578 3404 est
2601 3349 2882 3418 deceptio:
2913 3364 3008 3418 per
3032 3365 3091 3403 ea
3132 3348 3326 3416 quibus
3351 3351 3418 3400 ad
3441 3348 3574 3401 insi-

341 3435 671 3506 ἡττήθησαν,
722 3435 816 3488 καὶ
861 3433 1172 3488 ἀπώλοντο·
1224 3437 1253 3488 6
1295 3434 1352 3487 δὲ
1393 3436 1656 3505 ἡττᾶσθαι
1710 3435 1901 3502 δοκῶν,

340 3521 494 3587 οὗτος
529 3524 760 3596 μάλιστα
799 3526 894 3578 καὶ
931 3523 1165 3595 ἔλαμψε,
1210 3526 1306 3579 καὶ
1344 3526 1559 3596 ἐνίκησε
1597 3527 1737 3580 κατὰ
1766 3530 1903 3599 κρά-

340 3634 453 3679 τος.

2010 3442 2127 3496 dias
2155 3443 2351 3505 utitur,
2380 3439 2728 3503 dissolvitur;
2760 3438 2835 3491 ita
2872 3438 3037 3508 igitur
3058 3439 3143 3493 bic
3159 3440 3322 3491 etiam
3347 3437 3570 3492 accidit:

2009 3534 2274 3601 siquidem
2309 3532 2379 3595 ii,
2440 3531 2531 3600 qui
2570 3545 2630 3583 se
2685 3529 2879 3583 vicisse
2916 3529 3359 3593 arbitrabantur,
3396 3528 3448 3581 hi
3493 3528 3574 3580 vel

2012 3625 2246 3677 minime
2283 3623 2447 3677 etiam
2480 3620 2695 3676 confusi
2727 3618 2945 3674 fuerunt
2975 3620 3324 3688 superatique
3357 3633 3421 3674 ac
3446 3634 3574 3688 per-

344 3710 439 3770 diti
466 3726 480 3783 ;
528 3709 620 3787 qui
659 3724 785 3769 vero
807 3717 1092 3772 εηβετειιηε
1123 3707 1425 3778 Videbatur,
1454 3711 1539 3769 hic
1570 3716 1649 3768 vel
1680 3717 1912 3770 maxime
1953 3716 2316 3786 respleuduit,
2349 3730 2413 3769 ac
2441 3714 2656 3782 plenam
2715 3711 3125 3781 confessamque
3172 3710 3329 3786 103
3400 3711 3577 3765 victo-

344 3810 478 3861 riam
507 3809 743 3862 abstulit.

417 3902 481 3953 οι
500 3898 568 3952 δὲ
583 3900 937 3967 ἐῤῥάπισαν,
956 3900 1239 3969 λέγοντες
1255 3917 1269 3930 ·
1292 3898 1721 3968 Προφήτευσον
1741 3900 1903 3968 ἡμῖν,

340 3990 574 4060 Χριστὲ,
609 3991 700 4056 τίς
726 3990 897 4044 ἐστιν
926 3993 958 4044 ό
991 3990 1220 4056 παίσας
1250 4006 1343 4045 σε.

412 4080 617 4151 Πρέποι
650 4079 716 4133 ἂν
764 4081 938 4134 εἰπεῖν
965 4081 1103 4151 ὅπερ
1133 4080 1237 4150 ἔφη
1265 4098 1352 4143 τις
1399 4080 1510 4135 τῶν
1556 4082 1728 4151 ἁγίων
1775 4099 1909 4153 προ-

342 4172 529 4241 φητῶν
547 4185 560 4197 ·
592 4190 610 4224 ι
642 4171 862 4240 Ἐξέστη
889 4174 917 4224 6
939 4172 1164 4243 οὐρανὸς
1194 4174 1287 4225 ἐπὶ
1335 4174 1527 4244 τούτῳ,
1556 4177 1650 4228 καὶ
1690 4175 1910 4245 ἔφριξεν

341 4264 434 4315 ἐπὶ
454 4263 635 4315 πλεῖον
659 4262 880 4334 σφόδρα,
899 4261 1045 4329 λέγει
1059 4265 1088 4316 6
1117 4262 1370 4333 Κύριος.»
1405 4265 1463 4317 ὐ
1481 4265 1585 4317 τῶν
1604 4264 1910 4335 βασιλευόν-

2087 3897 2287 3963 XXVI,
2317 3897 2407 3953 68.
2450 3897 2561 3950 Atii
2593 3907 2767 3950 autem
2805 3897 3007 3965 palmas
3038 3898 3094 3949 in
3122 3896 3312 3966 [aciem
3340 3897 3460 3965 ejus
3483 3898 3579 3948 de‘

2010 3993 2228 4056 derunt,
2277 3990 2548 4042 dicentes:
2596 3986 2914 4052 PrOphetiza
2945 3987 3124 4051 nobis,
3160 3986 3405 4050 Christe,
3455 3990 3575 4056 quis

2010 4092 2082 4134 est
2105 4082 2192 4149 qui
2225 4089 2272 4133 te
2301 4080 2582 4148 percussit.

2090 4173 2392 4227 Dicendum
2422 4173 2607 4238 utique
2641 4169 2768 4222 illud
2800 4177 2884 4221 est
2907 4207 2921 4232 ,
2955 4167 3097 4233 quod
3130 4166 3418 4218 nonnullus
3445 4167 3579 4218 dixit

2012 4273 2323 4319 sanctorum
2378 4262 2811 4331 prOphetarum:
2866 4276 2885 4308 ι
2944 4256 3235 4324 Obstupuit
3263 4256 3457 4309 cmlum
3489 4272 3577 4308 su-

342 4372 450 4407 των
474 4353 592 4424 (sic)
611 4355 704 4406 καὶ
725 4354 930 4423 Κύριος
950 4352 1058 4405 τῶν
1081 4354 1461 4424 κυριευόντων,
1492 4356 1566 4419 ὼς
1579 4351 1657 4419 εἷς
1674 4356 1734 4421 ἐξ
1755 4356 1908 4427 ἡμῶν

2015 4371 2108 4426 per
2140 4356 2275 4421 hoc,
2305 4354 2578 4409 inhorruit
2611 4352 2766 4406 valde
2795 4352 3179 4414 vehementer,
3227 4349 3357 4401 dicit
3392 4347 3576 4401 Domi-

344 4443 691 4513 ἀτιμάζεται,
720 4444 815 4495 καὶ
842 4442 1194 4513 διακαρτερεῖ
1217 4445 1572 4513 τυπτόμενος,
1603 4447 1697 4499 καὶ
1723 4448 1815 4499 τὸν
1840 4449 1906 4500 ἐκ

340 4535 446 4587 τῶν
494 4533 708 4590 ἀσεϐῶν
750 4533 1268 4603 ὑπομένειγὲλωτα,
1305 4533 1475 4587 τύπον
1517 4538 1650 4605 ἡμῖν
1691 4537 1790 4607 τῆς
1826 4540 1906 4601 είς

338 4628 507 4697 ἄκρον
532 4623 881 4689 ἀνεξικακίας
906 4624 1070 4677 αὐτοῦ
1102 4624 1444 4697 παρατιθείς
1464 4628 1493 4679 ό
1512 4628 1619 4696 γὰρ
1637 4625 1906 4691 ἐξετάζων

340 4717 565 4788 καρδίας
596 4716 692 4770 καὶ
732 4716 985 4786 νεφροὺς,
1013 4717 1042 4768 6
1088 4717 1423 4788 προφητείας
1457 4718 1677 4789 ἀπάσης
1719 4719 1903 4791 δοτὴρ,

341 4809 456 4871 πῶς
486 4808 552 4863 ἂν
576 4807 811 4879 ἠγνόησε
840 4807 922 4870 τίς
947 4809 1095 4860 ἐστιν
1115 4810 1144 4860 ὀ
1169 4808 1373 4872 παίσας
1403 4809 1567 4862 αὐτόν
1593 4828 1605 4875 ;

413 5074 552 5129 Τότε
596 5072 908 5129 ἀπέλυσεν
940 5074 1145 5140 αὐτοῖς
1183 5076 1290 5129 τὸν
1324 5074 1656 5143 Βαραϐϐᾶν,
1692 5078 1799 5129 τὸν
1834 5079 1903 5132 δὲ

350 5163 596 5232 Ἰησοῦν
662 5162 1090 5234 φραγελλώσας
1154 5164 1500 5234 παρέδωκεν
1557 5167 1658 5219 ἵνα
1712 5183 1899 5221 σταυ-

334 5257 601 5416 ρωξόῗὲγας
636 5346 857 5419 ἐλεγχος
878 5349 1053 5404 ταῦτα
1080 5348 1189 5403 τῶν
1239 5348 1530 5411 Ἰουδαίων,
1575 5349 1777 5421 λῃστὴν
1806 5352 1899 5404 καὶ

338 5438 503 5508 φονέα
525 5439 795 5510 ἑλομένων
829 5440 1028 5511 μᾶλλον
1056 5440 1089 5511 ἦ
1117 5440 1210 5495 τὸν
1233 5441 1487 5513 Χριστόν
1521 5440 1775 5495 τοσοῦτον
1799 5440 1898 5494 αὒ-

336 5531 448 5595 τοῖς
467 5530 625 5602 ἔμελε
647 5530 741 5585 τοῦ
772 5530 999 5599 δικαίου,
1062 5534 1156 5586 καὶ
1193 5531 1365 5596 οὕτως
1402 5532 1490 5588 διὰ
1524 5534 1623 5605 τὴν
1645 5533 1899 5604 ὁσιότητα

408 5706 453 5742 ⁸⁸⁵
481 5708 683 5766 let-cut.
716 5723 776 5774 tt,
812 5706 897 5765 η.

2013 4464 2115 4503 aus
2143 4448 2211 4504 ⁸⁸.
2254 4465 2272 4498 ι
2303 4444 2694 4503 Universorum
2731 4443 2901 4506 Deus,
2932 4441 3052 4495 Rex
3078 4454 3263 4509 regum
3308 4448 3365 4493 et
3394 4437 3576 4492 Domi-

2012 4553 2112 4592 nus
2139 4536 2529 4591 dominantium
2561 4544 2815 4603 tanquam
2869 4548 3007 4586 unus
3036 4547 3101 4586 ex
3143 4532 3301 4585 nobis
3347 4531 3577 4583 inhono-

2018 4642 2204 4693 ratur,
2235 4641 2290 4683 et
2323 4627 2513 4682 suffert
2548 4628 2866 4681 verberatus
2887 4668 2900 4690 ,
2929 4635 2984 4679 et
3017 4625 3182 4678 risum
3215 4622 3448 4678 sustinet
3476 4623 3573 4675 im-

2012 4721 2259 4791 piorum,
2315 4730 2473 4791 typus
2508 4717 2664 4772 nobis
2712 4732 2938 4771 summa:
2968 4716 3111 4770 illius
3140 4716 3409 4782 patientur
3452 4727 3576 4783 pro-

2008 4812 2235 4881 positus.
2294 4807 2395 4875 Qui
2430 4808 2573 4862 enim
2605 4814 2876 4861 scrutatur
2916 4806 3075 4859 corda
3128 4817 3194 4857 ac
3244 4817 3424 4865 rencs,
3455 4818 3574 4855 om-

2011 4903 2095 4956 nis
2122 4900 2706 4971 pmpbetitedonator,
2759 4898 3030 4968 quomodo
3091 4895 3340 4964 ignorare
3402 4893 3575 4960 pontit

2005 4994 2127 5062 quis
2158 4994 2331 5061 ipsum
2358 4989 2755 5060 percussisset?

2077 5083 2298 5147 XXVII,
2324 5082 2413 5155 26.
2457 5081 2603 5136 Tum:
2655 5081 2853 5135 dimisit
2884 5080 2989 5131 illis
3016 5075 3343 5139 Barabbam,
3386 5073 3570 5129 Iesum

2004 5184 2176 5227 autem
2205 5174 2533 5245 ﬂagellatam
2573 5172 2793 5225 tradidit
2814 5171 2887 5225 ei:
2922 5182 2977 5222 ut
3010 5169 3421 5239 cruciﬁgeretur.

2080 5347 2329 5419 Magnum
2360 5349 2566 5402 crimen
2598 5346 2701 5401 itoe
2725 5344 3036 5399 Iudaeorum
3064 5358 3145 5398 est
3166 5383 3182 5407 ,
3210 5342 3473 5398 latronem
3506 5356 3571 5396 ac

2006 5442 2407 5497 interfectorem
2438 5439 2615 5509 potius
2643 5438 2840 5505 eligere
2890 5450 3053 5506 quam
3102 5436 3411 5491 Christum:
3446 5444 3571 5488 tan-

2008 5541 2122 5586 tum
2161 5547 2190 5586 a
2221 5531 2430 5602 justiti:
2464 5533 2724 5593 aberant,
2754 5538 2919 5597 atque
2949 5528 3018 5582 ita
3065 5539 3285 5598 propter
3312 5528 3572 5581 sanctita-
