4134 6374
573 375 681 431 465

1564 355 1623 412 S.
1663 351 1934 415 CYRILLI
1972 348 2435 407 ALEXANDRINI
2469 349 2787 407 ARCHIEP.

3713 343 3817 398 ιω

575 499 682 543 tem
712 481 983 538 Christum
1017 477 1375 539 accusabant,
1427 471 1663 541 illoque,
1716 465 1869 536 cuius
1901 475 2023 521 erat
2047 466 2135 537 ju-

2249 466 2581 536 κατηγόρουν
2624 464 2887 535 Χριστοῦ,
2918 465 3010 518 καὶ
3031 463 3125 517 τοῦ
3160 462 3369 532 κρίνειν
3396 459 3651 531 λαχόντος
3672 456 3822 511 slsu-

572 578 756 633 dicare
778 614 794 637 ,
819 588 944 627 eum
978 571 1276 632 liberante,
1312 565 1504 621 mortis
1533 560 1850 632 suﬂ'ragium
1881 558 2013 614 ferri
2046 572 2138 614 ro-

574 676 703 737 gant
734 665 786 717 in
824 660 1043 732 pietatis
1071 658 1250 712 omnis
1281 656 1600 726 magistrum
1631 666 1692 705 ac
1716 652 1993 706 doctorem
2015 686 2030 709 .
2084 656 2142 701 ut

571 759 872 828 graviorem
906 753 1082 807 adhuc
1130 750 1429 806 sustineant
1473 757 1723 816 pmnam.
1769 741 2145 797 exclamarunt

573 849 846 905 dicentes:
879 862 898 898 ι
939 843 1091 898 Tulle
1119 843 1300 903 hunc,
1336 838 1550 892 dimitte
1577 834 1732 889 nobis
1764 831 2134 888 Barabbam.»

571 940 713 999 Ecce
747 938 892 993 clare
923 954 941 987 ι
977 936 1233 989 Sanctum
1266 929 1544 998 etjustum
1567 927 1935 997 abnegarunt,
1973 936 2031 977 ιιι
2066 925 2144 978 ait

573 1034 760 1086 beatus
819 1029 1010 1084 Petrus
1035 1027 1116 1089 ",
1168 1035 1223 1079 et
1251 1024 1523 1092 petierunt
1576 1020 1754 1074 virum
1800 1017 2139 1073 homicidam

573 1122 673 1177 sibi
706 1121 842 1175 tradi
872 1138 890 1170 ι
926 1131 984 1174 ut
1013 1116 1180 1188 partis
1218 1116 1360 1197 illius
1391 1112 1565 1167 forent
1607 1110 1924 1181 participes.

646 1295 805 1368 105
840 1292 987 1349 lianc
1017 1305 1330 1361 expressam
1369 1302 1559 1343 eorum
1609 1285 1943 1355 impietatem
1978 1297 2139 1337 accuo

574 1389 728 1445 subat
746 1387 932 1442 dicens
982 1382 1241 1439 Dominus
1278 1394 1373 1446 per
1419 1394 1604 1432 vocem
1652 1374 1900 1431 Ieremia:
1930 1394 1943 1428 :
1978 1391 1998 1425 ι
2036 1371 2140 1428 Deo

578 1479 764 1547 reliqui
818 1478 1032 1532 domum
1070 1488 1278 1536 meam,
1334 1471 1514 1526 dimisi
1557 1470 1924 1524 hzereditatem
1968 1478 2139 1519 meam

580 1567 710 1623 mihi
733 1608 746 1631 ,
777 1574 1035 1634 tanquam
1058 1562 1144 1619 leo
1199 1563 1252 1614 in
1282 1562 1423 1615 saltu
1475 1560 1623 1615 dedit
1648 1570 1813 1623 super
1838 1570 1925 1610 me
1949 1568 2137 1610 vocem

578 1675 752 1713 suam.
789 1658 1077 1726 Propterea
1109 1654 1232 1709 odio
1269 1651 1430 1708 habui
1459 1666 1580 1706 eam
1606 1651 1672 1704 ".
1711 1667 1730 1701 ι
1786 1647 1933 1701 Dixit
1960 1655 2138 1700 autem

579 1749 705 1804 alibi
765 1753 929 1803 etiam
986 1748 1049 1800 de
1095 1742 1402 1799 Iudaeorum
1480 1740 1824 1810 improbitate
1878 1738 2138 1808 propheta

579 1840 747 1894 Oseas
777 1855 792 1892 :
837 1854 855 1886 ι
894 1834 981 1889 ναι
1010 1833 1148 1899 illis,
1193 1833 1318 1901 quia
1369 1830 1678 1885 resilierunt
1704 1843 1735 1882 a
1767 1841 1884 1891 me,
1915 1825 2139 1879 meticu-

581 1933 679 1985 tusi
736 1939 862 1983 sunt
887 1926 1013 1996 quia
1047 1924 1211 1994 impie
1238 1932 1469 1990 egerunt
1495 1923 1549 1974 in
1579 1934 1685 1974 me.
1711 1918 1823 1988 Ego
1846 1929 2026 1971 autem
2056 1930 2138 1968 re-

579 2022 716 2076 demi
744 2034 839 2073 eos
868 2032 880 2070 :
933 2016 1031 2086 ipsi
1062 2026 1241 2070 autem
1272 2024 1464 2067 contra
1497 2026 1582 2066 me
1630 2008 1793 2063 locuti
1830 2017 1958 2062 sunt
1995 2021 2140 2059 men-

579 2114 753 2167 dacia.
792 2110 1004 2166 Cadent
1033 2108 1085 2160 in
1117 2105 1388 2174 romphaea
1418 2104 1690 2173 principes
1715 2114 1900 2155 eorum
1923 2109 2144 2168 propter

581 2204 848 2258 inscitiam
880 2200 1074 2268 lingua:
1103 2212 1290 2251 eorum
1329 2195 1396 2249 ⁸³.
1434 2215 1453 2246 ι

648 2290 839 2347 XXVII
861 2332 875 2353 ,
908 2289 997 2344 32.
1052 2287 1315 2342 Eaeuntes
1346 2296 1521 2339 autem
1544 2285 1851 2339 invenerunt
1884 2282 2143 2335 hominem

581 2384 889 2453 Cyremeum
933 2381 1146 2433 nomine
1195 2376 1500 2439 Simonem;
1549 2377 1693 2433 hunc
1740 2374 2143 2443 angariauerunl

582 2485 639 2530 ut
672 2475 875 2528 (altera;
900 2486 1106 2525 crucem
1137 2468 1270 2533 ejus.

657 2564 876 2618 Ducitur
894 2562 1111 2631 quidem
1137 2561 1397 2615 Servatur
1418 2558 1484 2611 ad
1497 2555 1671 2610 saluta
1682 2570 1794 2609 rem
1816 2552 2143 2624 passionem.

584 2656 788 2711 Simoni
818 2664 999 2708 autem
1034 2650 1299 2722 Cyrenaeo
1334 2650 1714 2719 imposuerunt
1754 2660 1974 2701 crucem
2007 2643 2143 2712 ejus.

583 2748 736 2803 Alius
764 2756 939 2801 autem
974 2754 1288 2799 sanctorum
1318 2740 1773 2807 evangelistarmn
1798 2776 1815 2802 ,
1869 2737 2032 2790 etiam
2063 2735 2146 2804 ip-

583 2856 702 2894 sum
730 2838 913 2894 Jesum
938 2837 1079 2892 dixit
1111 2847 1356 2907 portasse
1386 2846 1637 2896 crucem;
1688 2840 1918 2899 utraque
1968 2836 2148 2882 autem

584 2946 710 2986 sera
739 2941 901 2985 sunt:
932 2931 1051 2984 tulit
1094 2926 1364 2998 siquidem
1410 2937 1629 2979 crucem
1660 2919 1941 2977 Servatur.
1973 2917 2148 2974 Media

584 3034 764 3079 autem
790 3024 872 3075 via
897 3031 1250 3077 occurrentes
1292 3018 1548 3087 Cyrenaeo
1569 3053 1586 3077 ,
1623 3012 2150 3081 comprehenderunt

583 3127 704 3166 eum
767 3126 832 3164 ac
886 3109 1262 3179 imposuerunt
1304 3119 1517 3160 crucem
1573 3118 1736 3171 super
1757 3116 1901 3156 eum.
1946 3100 2218 3190 DiciturC

582 3203 725 3255 extim
748 3202 814 3254 de
842 3215 907 3254 eo
929 3215 1023 3266 per
1052 3214 1236 3253 vocem
1258 3196 1467 3252 isaiaz“
1492 3212 1507 3248 :
1545 3212 1563 3247 ι
1592 3192 1733 3247 Puer
1759 3201 1920 3247 natus
1941 3200 2024 3245 est
2054 3204 2149 3245 no-

585 3296 695 3355 bis.
758 3304 815 3347 et
875 3292 1016 3345 ﬁlius
1065 3290 1223 3344 datus
1254 3297 1340 3342 est
1372 3286 1549 3350 nobis,
1609 3287 1764 3353 cujus
1817 3284 2150 3352 principatus

583 3400 744 3455 super
805 3384 1085 3438 humerum
1148 3380 1285 3449 ejus.
1329 3398 1348 3431 ι
1402 3379 1740 3447 Principatus
1800 3379 1943 3430 enim
2005 3376 2149 3430 illius

583 3491 715 3533 trux
747 3475 889 3528 facta
937 3482 1061 3534 est,
1103 3487 1198 3539 per
1239 3485 1400 3541 quam
1432 3469 1672 3539 regnavit
1697 3468 1748 3521 in
1800 3483 1963 3522 omne
2007 3468 2149 3536 quod

586 3571 687 3625 sub
719 3567 858 3621 cmlo
892 3574 973 3618 est
1001 3585 1015 3619 :
1050 3562 1313 3630 slquidem
1340 3576 1524 3615 verum
1555 3571 1662 3623 est,
1697 3560 1841 3628 quod
1895 3577 1912 3611 ι
1953 3558 2152 3614 Factus

584 3661 655 3714 sit
681 3658 939 3714 obediens
965 3672 1135 3722 usque
1153 3654 1220 3708 ad
1244 3661 1469 3709 mortem
1488 3694 1503 3717 ,
1541 3662 1767 3707 mortem
1796 3662 1973 3705 autem
2027 3666 2151 3706 cru-

583 3749 690 3809 cis.
739 3748 957 3817 propter
995 3745 1140 3814 quod
1172 3754 1226 3798 et
1253 3742 1395 3796 Deus
1420 3741 1680 3795 exultavit
1705 3756 1829 3794 eum
1863 3740 1928 3794 “.
1969 3759 1987 3791 ι

652 3837 865 3898 XXVII,
893 3837 983 3892 58.
1020 3835 1163 3888 Tunc
1194 3833 1436 3902 cruciﬁxi
1468 3843 1590 3886 sunt
1620 3849 1738 3885 cum
1766 3848 1827 3885 eo
1859 3832 1963 3884 duo
1978 3832 2145 3885 latro-

584 3947 694 3996 nes,
720 3946 854 3984 unus
884 3947 916 3983 α
960 3929 1206 3986 dexteris.
1234 3937 1281 3979 et
1321 3927 1455 3979 alter
1488 3943 1520 3978 a
1545 3924 1797 3977 sinistris.

655 4020 886 4077 Videsne
914 4020 1185 4088 quomodo
1227 4019 1429 4070 Auctor
1475 4017 1849 4070 universorum
1876 4029 1939 4068 ac
1968 4015 2146 4067 Domi-

582 4127 684 4166 nus
741 4121 987 4166 naturam
1022 4124 1174 4162 suam
1203 4109 1456 4177 corrigat.
1487 4106 1637 4160 Hanc
1668 4108 1812 4159 enim
1837 4106 1904 4159 ad
1945 4105 2147 4174 princi-

583 4203 673 4272 pia
709 4217 805 4258 sua
852 4199 1112 4259 referens,
1137 4214 1235 4266 per
1280 4199 1408 4251 illud
1455 4198 1598 4266 quod
1654 4197 1819 4252 homo
1862 4194 2035 4250 factus
2077 4197 2150 4250 sit

584 4304 803 4364 propter
839 4306 955 4356 nos,
981 4299 1196 4343 nostras
1212 4304 1307 4358 pro
1332 4288 1489 4341 nobis
1531 4288 1793 4342 sustinuit
1835 4288 2146 4356 passiones;

581 4386 637 4441 in
670 4399 886 4449 crucem
922 4392 1101 4435 autem
1159 4378 1395 4441 sublato.
1437 4376 1598 4432 simul
1643 4393 1765 4432 cum
1802 4390 1866 4431 eo
1899 4379 2144 4447 suspensi

2245 554 2528 629 θεροὺντος
2553 555 2734 619 αὑτὸν,
2763 556 2997 609 Θανάτου
3029 555 3210 626 ψῆφον
3242 554 3543 623 ὑποστῆναι
3567 566 3716 615 παρα
3756 567 3819 601 α-

2243 645 2397 700 λοῦσι
2426 646 2515 701 τὸν
2541 648 2721 718 πάσης
2752 645 3033 708 εὐσεϐείας
3075 642 3392 717 καθηγητὴν
3433 641 3528 698 καὶ
3558 639 3818 693 διδάσκα-

2244 738 2356 802 λον,
2390 740 2478 791 ἵνα
2508 738 2589 792 ἔτι
2619 740 3035 811 φορτικωτέραν
3066 737 3400 807 ὑπομείνωσι
3429 734 3529 803 τὴν
3566 732 3816 791 κόλασιν,

2243 831 2551 902 ἀνέκραγον
2584 831 2835 899 λέγοντες
2854 845 2868 859 ⁶
2911 850 2931 883 ι
2957 827 3088 902 Αἶρε
3130 828 3340 892 τοῦτον,
3383 826 3653 880 ἀπόλυσον
3686 824 3818 892 ἡμῖν

2244 922 2333 975 τὸν
2377 921 2687 994 Βαραϐϐᾶν.
2719 941 2738 973 ι
2790 923 2921 976 ’1δοὺ
2952 922 3016 994 δὴ
3045 919 3231 991 σαφῶς
3264 937 3285 970 ι
3320 919 3423 972 Τὸν
3448 916 3602 987 ἅγιον
3630 915 3728 969 καὶ
3749 913 3819 967 δί-

2244 1027 2400 1065 καιον
2423 1012 2752 1082 ἠρνήσαντο,
2768 1010 2913 1066 καθά
2939 1027 3103 1081 φησιν
3121 1013 3151 1063 6
3182 1008 3449 1080 μακάριος
3473 1007 3696 1077 Πέτρος,
3724 1004 3820 1058 καὶ

2246 1103 2455 1174 ᾔτησαν
2504 1103 2674 1176 ἄνδρα
2706 1104 2872 1169 φονέα
2907 1101 3237 1173 χαρισθῆναι
3282 1101 3487 1165 αὑτοῖς,
3516 1116 3539 1148 ›
3594 1099 3684 1154 ἴνα
3717 1098 3816 1169 τῆς

2241 1193 2450 1249 ἐκείνου
2485 1194 2706 1266 μερίδος
2737 1194 2949 1249 ἔσονται
2971 1194 3239 1248 κοινωνοί.

2318 1285 2539 1357 Ταύτην
2566 1285 2749 1341 αὑτῶν
2769 1286 2868 1357 τὴν
2902 1286 3119 1340 ἀνοσίαν
3147 1283 3421 1355 καταϐοὴν
3441 1284 3629 1355 ᾐτιᾶτο
3645 1281 3816 1350 λέγων

2239 1378 2270 1429 6
2301 1378 2503 1449 Κύριος
2527 1377 2614 1431 διὰ
2635 1377 2824 1448 φωνῆς
2866 1377 3132 1448 Ἰερεμίου
3152 1392 3165 1405 ·
3199 1395 3216 1429 t
3239 1374 3703 1444 Ἐγκαταλέλοιπα
3724 1374 3816 1430 τὸν

2240 1466 2385 1524 οἶκόν
2418 1487 2540 1541 μου,
2593 1471 2781 1541 ἀφῆκα
2837 1470 2936 1541 τὴν
2983 1467 3349 1541 κληρονομίαν
3406 1485 3510 1538 μου
3560 1468 3706 1538 ἐμοὶ,
3739 1467 3817 1529 ὡς

2241 1560 2377 1615 λέων
2409 1563 2468 1614 ἑν
2501 1560 2694 1632 δρυμῷ
2742 1560 2942 1615 ἔδωκεν
2979 1559 3066 1613 ἐπ’
3112 1561 3212 1629 ἐμὲ
3262 1559 3360 1630 τὴν
3411 1558 3593 1630 φωνὴν
3624 1558 3813 1627 αὐτῆς.

2239 1652 2505 1709 Διάτοῦτο
2522 1653 2760 1724 ἐμίσησα
2784 1653 2975 1722 αὑτήν.
3005 1670 3024 1702 ι
3054 1652 3200 1720 Ἔφη
3228 1651 3285 1704 δέ
3307 1666 3410 1703 που
3428 1650 3560 1720 περὶ
3581 1648 3677 1719 τῆς
3707 1647 3816 1701 τῶν

2253 1744 2523 1799 Ἰουδαίων
2557 1745 2899 1815 ἀνοσιότητος
2925 1744 3019 1797 καὶ
3044 1745 3074 1796 6
3097 1744 3379 1814 προφήτης
3406 1740 3592 1811 Ὠσηέο
3631 1759 3650 1792 ι
3682 1741 3815 1795 Οὐαὶ

2240 1835 2421 1897 αὐτοῖς
2471 1835 2551 1888 ὅτι
2601 1836 2956 1906 ἀπεπήδησαν
2980 1834 3074 1887 ἀπ’
3128 1831 3287 1902 ἐμοῦ,
3322 1831 3545 1885 δείλαιοι
3571 1832 3707 1885 εἰσιν
3730 1831 3814 1884 ὃτι

2240 1922 2518 1992 ἠσέϐησαν
2559 1925 2639 1985 είς
2691 1923 2813 1992 ἐμὲ.
2874 1921 3018 1992 Ἐγὼ
3051 1922 3107 1975 δὲ
3156 1921 3548 1991 ἐλυτρωσάμην
3594 1919 3810 1981 αὐτούς’

2243 2013 2402 2067 αὐτοὶ
2429 2013 2486 2067 δὲ
2529 2013 2902 2083 κατελὰλησαν
2936 2015 3056 2068 κατ’
3098 2013 3234 2084 ἐμοῦ
3281 2014 3473 2083 ψευδῆ.
3514 2014 3811 2067 Πεσοῦνται

2243 2107 2299 2157 ἐν
2327 2106 2573 2178 ῥομφαίᾳ.
2605 2109 2653 2160 οἱ
2681 2108 2939 2179 ἄρχοντες
2962 2109 3147 2160 αὑτῶν
3175 2107 3241 2161 δι’
3266 2107 3621 2161 ἀπαιδευσίαν
3646 2107 3813 2174 γλὼτα⁸

2245 2213 2342 2266 της
2376 2196 2577 2253 αὐτῶν.
2616 2218 2633 2249 ι

2329 2289 2745 2360 Ἐξερχόμενοι
2788 2290 2876 2354 δὲ,
2915 2286 3099 2357 εὗρον
3128 2290 3441 2358 ἄνθρωπον
3478 2291 3814 2359 Κιψηναῐον

2246 2381 2487 2449 ὀνόματι
2533 2382 2798 2451 Σίμωνα·
2856 2381 3072 2435 τοῦτον
3115 2381 3501 2451 ἠγγάρευσαν
3548 2382 3651 2434 ἵνα
3699 2380 3812 2449 ἄρῃ

2247 2466 2356 2520 τὸν
2382 2469 2649 2535 σταυρὸν
2680 2469 2885 2522 αὐτοῦ.

2322 2559 2548 2627 ¹Ἀγεται
2585 2560 2684 2630 μὲν
2715 2563 2742 2611 ὁ
2773 2561 2960 2629 Σωτὴρ
2996 2561 3086 2615 ἐπὶ
3120 2562 3180 2613 τὸ
3202 2563 3466 2634 σωτήριον
3484 2564 3657 2627 πάθος
3682 2581 3696 2597 ·
3727 2563 3814 2615 Σί-

2251 2666 2388 2718 μωνι
2441 2652 2498 2703 δὲ
2537 2651 2834 2720 Κυρηναίῳ
2888 2650 3165 2721 ἐπέθηκαν
3198 2653 3291 2705 τὸν
3344 2654 3574 2726 σταυρὸν
3627 2653 3810 2708 αὑτοῦ.

2251 2743 2474 2815 Ἕτερος
2506 2743 2563 2797 δὲ
2603 2742 2711 2796 τῶν
2741 2742 2911 2810 ἁγίων
2945 2743 3353 2811 εὑαγγελιστῶν
3381 2746 3476 2799 καὶ
3516 2744 3678 2800 αὑτὸν
3709 2746 3815 2814 ἔφη

2247 2833 2340 2886 τὸν
2383 2832 2591 2904 Ἰησοῦν
2636 2833 2904 2902 βαστάσαι
2934 2834 2993 2887 τὸ
3040 2832 3214 2897 ξύλον.
3256 2834 3458 2905 Ἄληθῆ
3498 2835 3554 2889 δὲ
3599 2837 3814 2899 πάντως

2251 2926 2556 2996 ἀμφότερα.
2610 2926 2849 2993 Ἦνεγκε
2893 2925 2992 2993 μὲν
3038 2926 3146 2994 γὰρ
3174 2926 3265 2978 τὸν
3297 2926 3526 2997 σταυρὸν
3551 2929 3580 2980 6
3602 2927 3813 2999 Σωτὴρ,

2251 3016 2390 3068 κατὰ
2424 3015 2598 3085 μέσην
2654 3013 2710 3066 δὲ
2777 3014 2881 3076 ἕως
2939 3015 3036 3083 τὴν
3094 3013 3211 3066 όδὺν
3267 3015 3672 3085 ὑπαντήσαντες
3725 3014 3815 3067 τὸν

2251 3107 2557 3175 Κυρηναῖον
2613 3106 2983 3175 κατεσχήκασι
3003 3143 3019 3168 ,
3054 3105 3148 3158 καὶ
3187 3103 3487 3175 μετέθηκαν
3537 3106 3626 3158 ἐπ’
3656 3107 3815 3160 αὑτὸν

2255 3197 2507 3268 σταυρόν.
2529 3195 2759 3267 Εἴρηται
2782 3197 2889 3268 γὰρ
2912 3197 3040 3269 περὶ
3066 3195 3229 3250 αὑτοῦ
3249 3196 3337 3250 διὰ
3361 3198 3543 3268 φωνῆς
3569 3200 3812 3262 Ἡσαΐου,

2252 3287 2335 3340 ὅτι
2374 3307 2393 3338 ι
2423 3286 2640 3341 Παιδίον
2666 3287 2925 3357 δγεννήθη
2959 3287 3109 3356 ἡμῖν,
3132 3287 3245 3349 υίὸς
3276 3288 3366 3340 καὶ
3393 3288 3546 3359 ἐδόθη
3572 3292 3724 3361 ἡμῖν,
3754 3288 3817 3344 οὗ

2254 3381 2287 3447 ἡ
2314 3380 2455 3448 ἀρχὴ
2490 3379 2582 3431 ἐπὶ
2610 3376 2704 3431 τοῦ
2737 3377 2889 3447 ὤμου
2914 3377 3095 3432 αὑτοῦ.
3129 3397 3148 3430 ι
3187 3379 3352 3449 Ἀρχὴ
3391 3380 3500 3451 γὰρ
3529 3381 3695 3435 αὑτοῦ
3721 3383 3814 3448 γέ-

2252 3488 2407 3540 γονεν
2430 3474 2458 3524 6
2484 3470 2736 3540 σταυρὸς,
2760 3469 2826 3522 δι’
2849 3464 2915 3549 οὗ,
2940 3468 3293 3539 βεϐασίλευκε
3314 3473 3414 3540 τῆς
3438 3474 3531 3525 ὑπ’
3550 3474 3779 3544 οὐρανόν
3797 3493 3814 3505 ·

2253 3565 2411 3634 εἴπερ
2445 3564 2590 3616 ἐστὶν
2619 3562 2838 3632 ἀληθὲς,
2859 3563 2940 3614 ὅτι
2969 3580 2987 3613 t
3014 3562 3190 3633 Μέχρι
3217 3563 3446 3617 θανάτου
3463 3564 3685 3633 γέγονεν
3710 3568 3813 3622 ὑπ-

2254 3656 2435 3723 ήκοος,
2480 3652 2709 3705 θανάτου
2747 3652 2803 3703 δὲ
2853 3653 3113 3722 σταυροῦ,
3160 3653 3239 3705 διὸ
3289 3655 3381 3707 καὶ
3407 3657 3435 3707 6
3487 3655 3616 3720 Θεὸς
3653 3658 3816 3710 αὑτὸν

2255 3745 2630 3816 ὑπερύψωσεν.
2670 3762 2691 3793 ι

2332 3838 2468 3889 Τότε
2489 3833 2889 3902 σταυροῦνται
2946 3835 3066 3886 σὺν
3109 3834 3267 3901 αὐτῷ
3314 3836 3423 3890 δύο
3450 3840 3690 3904 λῃσταὶ,
3728 3835 3821 3905 εἷς

2252 3928 2321 3981 ἐκ
2347 3927 2579 3991 δεξιῶν,
2610 3927 2707 3980 καὶ
2733 3921 2819 3991 εἷς
2848 3926 2912 3989 ἐξ
2949 3929 3289 3996 εὐωνύμων.

2326 4015 2476 4082 Εἶδες
2508 4019 2627 4081 πῶς
2662 4021 2692 4071 6
2722 4018 2830 4070 τῶν
2873 4018 3010 4071 ὅλων
3047 4020 3429 4092 Γενεσιουργὸς
3476 4022 3566 4074 καὶ
3616 4022 3817 4090 Κύριος

2252 4113 2351 4183 τὴν
2375 4110 2538 4164 αὑτοῦ
2564 4110 2726 4180 φύσιν
2749 4112 3057 4180 ἐπανορθοῖ.
3090 4112 3306 4183 Ταύτην
3324 4114 3433 4183 γὰρ
3457 4115 3537 4177 είς
3557 4113 3619 4167 τὸ
3638 4116 3697 4168 έν
3719 4115 3820 4185 ἀρ-

2254 4205 2374 4273 χαῖς
2403 4202 2689 4272 ἀναφέρων
2717 4201 2803 4254 διὰ
2824 4201 2919 4253 τοῦ
2958 4203 3207 4270 γενέσθαι
3253 4203 3372 4257 καθ’
3394 4204 3538 4274 ἡμᾶς
3566 4205 3634 4258 δι’
3669 4207 3818 4277 ἡμᾶς

2251 4295 2321 4348 τὰ
2346 4294 2499 4364 ἡμῶν
2550 4292 2689 4363 ὑπὲρ
2725 4293 2883 4362 ἡμῶν
2914 4294 3176 4362 ὑπέμεινε
3228 4294 3376 4364 πάθη
3399 4311 3413 4325 ·
3448 4296 3821 4367 ἀπηρτημένῳ

2251 4385 2307 4439 δὲ
2329 4384 2424 4439 τοῦ
2455 4383 2684 4454 σταυροῦ
2727 4386 3130 4455 συνεκρέμαντο
3170 4387 3320 4456 αὐτῷ
3354 4386 3447 4439 δύο
3477 4387 3690 4457 λῃσταὶ,
3723 4389 3818 4440 καὶ

583 4482 711 4529 sunt
764 4474 869 4529 duo
900 4473 1155 4525 latrones.
1183 4473 1261 4523 Ac
1305 4467 1502 4537 injuria
1546 4469 1759 4538 quidem
1808 4467 1860 4521 in
1900 4467 2147 4523 confesso

2253 4476 2407 4548 ὕϐρις
2450 4477 2551 4546 μὲν
2576 4476 3019 4547 ὁμολογουμένως
3057 4479 3118 4530 τό
3150 4493 3217 4545 γε
3250 4472 3383 4547 ἧκον
3420 4480 3499 4542 εἰς
3528 4478 3639 4531 τῶν
3686 4481 3816 4533 ’1ου-

581 4577 722 4631 erat,
747 4581 854 4634 quo
876 4562 1147 4630 spectabat
1175 4560 1483 4615 .ludazorum
1517 4574 1710 4629 scopus
1734 4578 1748 4625 ;
1775 4558 1867 4613 sed
1898 4559 2151 4629 impletur

582 4658 1025 4715 commemoratio
1076 4655 1372 4726 prupltetize
1428 4654 1680 4719 dicentis,
1717 4671 1736 4704 ι
1776 4651 1996 4708 Etcum
2050 4652 2151 4707 ini-

581 4753 704 4821 quis
740 4759 1014 4819 repntatns
1038 4759 1123 4803 est
1144 4748 1212 4802 “.
1243 4766 1262 4800 ι
1291 4745 1396 4800 Per
1429 4746 1571 4801 illius
1618 4744 1896 4813 passiones
1934 4745 1999 4799 ad
2053 4760 2150 4799 nos

584 4847 721 4899 bona
748 4842 1078 4900 derivantur.
1100 4840 1297 4893 Verum
1325 4840 1588 4903 enimest,
1616 4836 1742 4906 quia
1773 4854 1792 4887 ι
1820 4835 2014 4891 Livore
2037 4838 2152 4906 ejus

583 4934 759 4991 sanati
803 4948 990 4988 sumus
1017 4930 1083 4985 θ’.
1126 4950 1148 4983 s
1217 4932 1332 4985 Duo
1362 4930 1412 4983 Ιιί
1457 4929 1694 4983 latrones
1747 4931 1878 4981 duos
1929 4929 2151 4996 populos

583 5026 954 5095 designarunt.
982 5038 1208 5091 quorum
1248 5037 1385 5074 unus
1429 5020 1650 5088 quidem
1689 5034 1859 5088 usque
1903 5020 1968 5071 ad
2014 5035 2147 5073 con-

583 5118 999 5171 summatiouem
1037 5114 1469 5181 ingratitudinem
1501 5111 1754 5172 ostendit,
1807 5126 1868 5163 ac
1899 5118 2153 5164 neestre-

585 5222 726 5262 mam
757 5206 973 5274 quidem
1008 5203 1399 5271 captivitatem.
1429 5217 1588 5271 quam
1614 5218 1642 5254 a
1678 5201 1937 5254 Rotuauis
1984 5201 2149 5255 susti-

584 5307 825 5353 nuerunt
845 5300 896 5352 in
945 5296 1199 5350 ultionem
1237 5295 1433 5348 furoris
1485 5294 1709 5348 exerciti
1755 5304 1941 5346 contra
1988 5294 2147 5348 Chri-

584 5403 726 5445 stum
749 5406 868 5444 sese
897 5388 1077 5443 subire
1111 5386 1338 5441 confessi
1386 5395 1513 5440 sunt
1542 5402 1556 5450 ;
1590 5384 1728 5439 alter
1776 5396 1954 5439 autem
1984 5400 2152 5455 usque

583 5486 653 5536 ad
686 5483 856 5549 ipsum
905 5480 1063 5534 linem
1099 5494 1201 5532 non
1229 5479 1534 5545 desperavit
1578 5480 1645 5530 de
1697 5479 2034 5540 remissione,
2058 5480 2149 5531 sed

656 5681 695 5713 "
731 5681 849 5734 Act.
885 5695 966 5739 ut.
999 5676 1085 5732 Μ.
1160 5678 1205 5707 “
1234 5676 1431 5729 lerunt.
1469 5694 1565 5737 xit.
1608 5678 1662 5739 7,
1695 5679 1749 5731 8.

587 5751 684 5817 1‘2;
714 5751 841 5806 Luc.
880 5765 1014 5814 nn,
1042 5749 1133 5802 57.
1204 5750 1245 5778 "’
1278 5749 1378 5800 lsa.
1409 5762 1525 5812 LIII,
1556 5748 1606 5800 ὅ.

1825 5676 1870 5707 ⁸³
1904 5675 2043 5733 Osee
2072 5693 2171 5744 νιι,
2202 5678 2292 5734 25.
2371 5680 2414 5711 ⁸⁸
2444 5680 2546 5737 lsa.
2581 5696 2655 5747 Ix,
2690 5681 2742 5735 6.

2253 4567 2416 4620 δαίων
2435 4567 2655 4633 σκοπὸν,
2690 4566 2828 4638 πλὴν
2849 4568 3153 4638 ἀνάμνησις
3177 4570 3509 4638 προφητείας
3532 4570 3812 4642 λεγούσης·

2262 4678 2281 4709 ι
2301 4658 2409 4710 Καὶ
2434 4657 2568 4728 μετὰ
2596 4658 2815 4728 ἀνόμων
2843 4659 3116 4728 ἐλογίσθη.
3154 4678 3172 4710 ι
3216 4659 3377 4713 Ἀλλά
3401 4660 3492 4714 διὰ
3516 4660 3626 4713 τῶν
3653 4662 3816 4715 αὑτοῦ

2257 4750 2596 4820 παθημάτων
2634 4752 2712 4814 είς
2739 4752 2887 4822 ημᾶς
2904 4751 3087 4822 τρέχει
3121 4752 3187 4805 τὰ
3212 4751 3411 4819 ἀγαθά.
3456 4752 3678 4822 ’Δληθὲς
3709 4756 3821 4821 γὰο

2255 4839 2335 4892 ὅτι
2363 4858 2381 4890 ι
2410 4840 2497 4912 Τῷ
2523 4840 2750 4911 μώλωπι
2778 4841 2940 4895 αὑτοῦ
2968 4843 3127 4913 ἡμεῖς
3155 4842 3276 4913 ίάθη
3285 4859 3402 4912 μεν.
3430 4861 3450 4893 ι
3475 4843 3536 4898 Οἱ
3551 4842 3644 4898 δύο
3675 4840 3825 4900 οὗτοι

2261 4932 2447 5004 tunc).
2479 4934 2607 4995 τοὺς
2627 4932 2721 4984 δύο
2755 4932 3072 5001 ὑπέγραφον
3111 4932 3268 4996 λαοὺς
3295 4974 3309 4994 ,
3344 4926 3419 4987 ὧν
3448 4936 3477 4988 6
3521 4935 3622 5005 μὲν
3658 4936 3820 5005 μέχρι

2286 5025 2509 5095 ελευτῆς
2548 5026 2645 5096 τὴν
2681 5026 3071 5097 ἀγνωμοσύνην
3090 5026 3419 5092 ἐπεδείξατο,
3454 5029 3547 5081 καὶ
3576 5029 3694 5082 οὐδὲ
3723 5031 3822 5097 τὴν

2257 5118 2493 5189 ἐσχάτην
2536 5119 2913 5188 αἰχμαλωσίαν
2945 5120 3013 5190 ἥν
3051 5118 3155 5171 ὑπὸ
3200 5119 3486 5189 Ῥωμαίων
3527 5120 3823 5190 ὑπέμεινεν

2252 5210 2330 5271 είς
2353 5208 2567 5278 ἄμυναν
2592 5208 2699 5262 τῶν
2722 5210 2862 5263 κατὰ
2888 5209 3125 5281 Χριστοῦ
3147 5209 3443 5280 παροινιῶν
3471 5211 3822 5282 ὡμολόγησεν

2254 5298 2608 5367 ὑφίστασθαι·
2645 5302 2673 5353 ὁ
2707 5300 2764 5353 δὲ
2816 5301 2951 5371 πρὸς
3006 5300 3154 5371 αὑτῷ
3186 5300 3264 5370 τῷ
3297 5302 3439 5354 τέλει
3477 5303 3577 5355 οὐκ
3599 5303 3822 5370 ἀπέγνω

2251 5390 2350 5457 τῆς
2377 5391 2644 5459 ἀφέσεως,
2668 5392 2802 5445 ἀλλὰ
2821 5392 3184 5461 διωρθώσατο·
3210 5395 3270 5446 τό
3288 5411 3347 5447 τε
3383 5395 3489 5465 μὴν
3523 5394 3684 5464 μέσον
3711 5392 3818 5445 τῶν

2249 5480 2466 5550 λῃστῶν
2495 5483 2727 5553 σταυροῦ
2753 5485 3081 5553 ἀνασχέσθαι
3106 5485 3197 5537 τὸν
3214 5486 3439 5558 Κύριον,
3457 5487 3548 5538 τὸν
3574 5487 3820 5539 ἑκούσιον

2821 5682 2862 5711 ⁸⁵
2894 5681 3124 5750 Philipp.
3166 5697 3225 5746 tt,
3253 5678 3304 5735 7.
3336 5680 3389 5735 8.
3467 5681 3513 5716 "
3554 5679 3655 5734 lsa.
3697 5695 3813 5745 Lm,
