4134 6374
340 449 448 506 403

1508 449 1862 506 ςοιιιιΕΝΤ.
1899 451 1969 506 ΙΝ
2007 450 2447 508 ΜΑΤΤΗΕΗΜ.

3483 445 3588 500 463

341 561 504 614 αὐτου
548 560 684 631 πρὸς
731 560 824 625 οὓς
863 559 1001 616 ἑκὼν
1057 562 1400 632 παρεγίνετο,
1449 563 1793 634 ἀμφοτέρους
1843 567 1908 635 τῇ

2024 567 2328 621 emendatus
2357 576 2466 629 est;
2493 563 2619 617 illud
2642 578 2768 617 vero
2789 563 3020 614 medium
3050 576 3239 628 uentpe
3265 561 3400 614 inter
3419 562 3560 616 latro

342 653 531 706 ἑαυτοῦ
559 655 967 723 ὲνανθρωπήσει
991 653 1272 724 βουληθεὶς
1293 654 1726 708 ἀνανεώσασθαι·
1754 658 1801 707 εί
1819 661 1912 707 καί

337 749 366 798 ὁ
396 744 675 816 πρότερος,
705 745 777 808 ὼς
800 747 827 797 ό
862 738 940 807 εἷς
967 745 1074 796 τῶν
1096 743 1306 813 λῃστῶν
1351 746 1726 813 παρῃτήσατο,
1753 764 1769 794 ι
1801 747 1913 796 Οὐκ

340 839 555 908 ἔχομεν,
577 835 771 903 λέγων,
795 835 1015 905 βασιλέα
1040 837 1086 888 εἰ
1110 835 1184 906 μὴ
1217 834 1468 905 Καίσαρα
1489 851 1502 864 ·
1525 854 1544 886 ι
1583 836 1676 890 καὶ
1700 836 1759 888 τὸ
1775 831 1913 903 αἷμα

339 928 398 979 τὺ
425 926 597 980 ἀθῶον
627 927 718 979 ἐπὶ
751 925 846 995 τὴν
876 925 1069 979 ἑαυτοῦ
1101 924 1341 996 κεφαλὴν
1376 924 1779 996 ἐξαιτούμενος,
1820 927 1915 978 καὶ

341 1020 415 1080 ὡς
438 1017 629 1087 δικαίῳ
656 1015 732 1086 τῷ
759 1018 904 1087 φόνῳ
924 1017 1371 1086 ἐναϐρυνόμενος,
1410 1017 1502 1084 ἀφ’
1534 1009 1610 1068 ὧν
1645 1017 1738 1069 καὶ
1767 1010 1913 1067 οῦτοι

343 1109 588 1171 κάκεῖνος
609 1107 798 1171 κοινῶς
829 1109 926 1178 τῆς
956 1106 1233 1177 βασιλείας
1265 1107 1546 1172 ἐξέπεσαν.

416 1373 486 1430 Τὸ
517 1373 569 1426 δ’
597 1373 743 1426 αὐτὸ
773 1373 874 1426 καὶ
901 1372 1122 1440 λῃσταί
1152 1375 1206 1426 οὶ
1247 1373 1776 1442 συσταυρωθέντες
1803 1375 1906 1428 αὺ-

344 1465 442 1528 τῷ,
464 1463 762 1522 ὠνείδιζον
791 1463 970 1528 αὐτῷ.

425 1555 482 1609 '0
515 1555 614 1625 μὲν
643 1550 736 1608 οὗν
755 1551 835 1617 εἷς
854 1557 964 1610 τῶν
989 1557 1199 1629 λῃστῶν
1221 1562 1340 1622 ταῖς
1369 1559 1476 1610 τῶν
1505 1557 1769 1610 Ἰουδαίων
1791 1558 1909 1623 ἀφι-

343 1643 571 1707 λοθεταις
601 1645 1052 1716 συνδιαιτώμενος
1083 1652 1209 1712 τοὺς
1230 1651 1424 1712 αὐτοὺς
1455 1649 1684 1710 ἐκείνοις
1713 1647 1912 1718 ἠρευγε

342 1736 549 1804 λόγους·
576 1755 595 1788 ε
625 1737 686 1790 Ei
713 1738 823 1808 γὰρ
853 1741 918 1792 σὺ
945 1735 1015 1803 εἴ,
1046 1742 1232 1812 φησὶν,
1251 1742 1543 1812 όΧριστδς,
1565 1741 1741 1794 σῶσον
1755 1757 1915 1793 σεαυ-

343 1827 430 1880 τὸν
454 1831 547 1880 καὶ
567 1830 735 1897 ἡμᾶς.
770 1848 787 1878 ι
817 1829 884 1883 "0
910 1847 972 1897 γε
1009 1830 1114 1901 μὴν
1142 1833 1346 1903 ἕτερος,
1373 1833 1471 1903 τὴν
1499 1833 1746 1886 ἐναντίαν
1767 1832 1914 1884 ὲκεί-

2017 673 2136 722 nes,
2165 672 2377 712 crucem
2421 654 2576 725 105
2622 655 2854 708 subiisse
2899 651 3207 716 Dominum,
3260 653 3584 705 voluntatem

2015 749 2152 817 ejus,
2195 762 2450 817 utrosque
2489 749 2554 801 ad
2584 761 2721 815 quos
2749 757 2943 815 sponte
2965 760 3060 799 sua
3088 745 3255 804 venit,
3276 760 3368 796 sua
3405 744 3585 798 incar-

2017 841 2236 895 natione
2264 841 2523 894 innovare
2551 839 2798 900 volentis,
2821 835 3088 906 significat
3112 854 3124 888 :
3161 837 3260 890 etsi
3291 836 3437 902 prior
3462 845 3583 886 tau-

2016 947 2175 1001 quam
2213 948 2349 984 unus
2372 947 2436 984 ex
2463 931 2763 984 latronibus
2793 943 2913 981 eum
2953 925 3335 994 repudiaverit,
3369 924 3586 979 dicens:

2020 1045 2040 1076 ‹
2085 1021 2200 1076 Non
2231 1023 2487 1075 habemus
2522 1036 2701 1088 regem
2763 1021 2864 1073 nisi
2899 1019 3167 1072 Ctesarem
3203 1016 3282 1080 ‘3;
3317 1035 3334 1067 ι
3372 1023 3425 1069 et
3458 1029 3588 1069 san-

2015 1114 2230 1184 guinem
2271 1113 2614 1164 innocentem
2666 1112 2717 1163 in
2764 1118 2922 1177 caput
2973 1122 3128 1161 suum
3183 1107 3495 1173 deposcens,
3525 1119 3589 1158 ac

2016 1213 2272 1272 tanquam
2308 1202 2451 1268 justa
2496 1203 2641 1255 cattle
2676 1201 2938 1254 insultans
2970 1217 2982 1250 :
3015 1198 3155 1250 unde
3193 1208 3247 1249 et
3297 1196 3348 1250 bi
3400 1203 3456 1250 et
3498 1193 3586 1248 ille

2017 1293 2227 1362 publice
2261 1306 2424 1361 regno
2447 1292 2785 1344 exciderunt.

2089 1379 2298 1443 XXVII,
2330 1380 2416 1434 Η.
2452 1377 2689 1444 Idipsum
2723 1390 2898 1430 autem
2930 1387 2977 1430 et
3017 1376 3265 1435 latrones,
3287 1373 3375 1441 qui
3426 1372 3588 1426 cruci-

2015 1470 2108 1538 ﬁxi
2145 1477 2292 1522 erant
2327 1484 2444 1521 cum
2468 1484 2547 1531 eo,
2567 1465 2990 1534 imprOperabant
3019 1469 3086 1518 ei.

2087 1560 2272 1626 Itaque
2305 1573 2440 1612 unus
2486 1559 2701 1625 quidem
2760 1559 3026 1610 latronum
3083 1555 3388 1612 Iudaeorum
3421 1573 3447 1608 a
3480 1559 3589 1611 Deo

2019 1651 2450 1704 aversationibus
2479 1650 2790 1710 innutritus,
2821 1650 3038 1702 eosdem
3058 1664 3179 1702 cum
3215 1649 3320 1703 illis
3367 1650 3588 1718 protulit

2017 1756 2335 1796 sermones:
2370 1759 2388 1791 ι
2423 1741 2479 1794 Si
2521 1739 2688 1801 enim,
2730 1741 2921 1808 inquit,
2967 1749 3020 1790 tu
3061 1752 3117 1792 es
3147 1738 3413 1804 Christus,
3443 1742 3589 1794 salva

2021 1835 2364 1896 temetipsum
2411 1842 2466 1884 et
2531 1847 2627 1883 nos
2652 1830 2732 1882 “z
2766 1851 2784 1880 ι
2839 1831 2976 1883 alius
3029 1840 3202 1882 tamen
3261 1833 3588 1883 contrariam

342 1935 418 1986 νῳ
448 1915 680 1985 βαδίζων
730 1919 868 1981 ὁδὸν,
902 1921 1124 1984 εἰκότως
1158 1922 1498 1991 θαυμάζεται
1520 1939 1533 1953 ’
1583 1923 1911 1974 πεπίστευκε

2024 1924 2089 1976 illi
2115 1925 2286 1976 iniens
2317 1925 2476 1987 Viam,
2523 1923 2713 1975 merito
2736 1921 3086 1974 admiratione
3109 1920 3296 1989 dignas
3327 1931 3439 1987 est;
3476 1936 3591 1974 cre-

342 2013 448 2077 γὰρ
475 2010 554 2070 είς
587 2009 770 2074 αὑτὸν,
807 2011 983 2064 καίτοι
1013 2013 1168 2082 δίκης
1215 2013 1614 2084 ἀπηρτημένης
1642 2012 1785 2066 οὕτω
1819 2030 1912 2064 πι-

343 2101 500 2166 κρᾶς,
530 2101 756 2170 ἐπιτιμᾷ
801 2103 920 2165 ταῖς
973 2103 1080 2155 τῶν
1139 2103 1408 2157 Ἰουδαίων
1465 2104 1910 2174 ἀθυροστομίαις,

346 2191 440 2243 καὶ
471 2193 592 2253 ταῖς
614 2191 708 2244 τοῦ
742 2194 1196 2264 συγκρεμαμένου
1225 2197 1430 2264 φωναῖς
1468 2195 1788 2266 ὡμολόγησε
1817 2196 1914 2265 τὴν

341 2281 638 2351 ἁμαρτίαν,
667 2282 753 2335 ἵνα
786 2281 1122 2353 δικαιότερος
1165 2287 1337 2356 φανῇο
1385 2285 1775 2356 μεμαρτύρηκε
1808 2284 1916 2356 γὰρ

344 2371 564 2442 Χριστῷ
595 2373 656 2425 τὸ
681 2373 1000 2427 ἀνυπαίτιον
1024 2375 1326 2438 παντελῶς,
1357 2377 1453 2429 καὶ
1480 2376 1578 2445 τῆς
1611 2375 1715 2429 τῶν
1750 2392 1915 2429 σταυ-

348 2459 638 2527 ρωσάντων
663 2460 922 2523 ἀπονοίας
954 2462 1258 2533 κατήγορος
1277 2457 1365 2532 ἣν,
1392 2461 1562 2532 ταύτῃ
1585 2479 1667 2515 τοι
1695 2463 1785 2516 τὸν
1810 2463 1916 2517 τῶν

347 2550 513 2617 ἁγίων
546 2550 761 2620 ἥρπασε
794 2550 1011 2621 κλῆρον,
1043 2551 1142 2624 τὴν
1168 2553 1279 2606 ἄνω
1305 2555 1399 2607 καὶ
1427 2554 1483 2606 ὲν
1511 2555 1758 2625 οὐρανοῖς
1778 2556 1918 2608 ἁπο-

346 2640 582 2711 γραφήν.
618 2638 1029 2710 Σταυρούμενον
1080 2641 1188 2710 γὰρ
1230 2640 1476 2712 βλέπων,
1522 2643 1750 2713 βασιλέα
1789 2644 1919 2697 ἑκά-

346 2731 448 2782 λει’
483 2729 573 2783 τὸν
600 2731 659 2782 ὲν
683 2731 876 2801 ἀτιμίᾳ
907 2732 998 2784 καὶ
1036 2731 1198 2785 πάθει
1235 2733 1636 2804 προσεδόκησεν
1675 2733 1824 2804 ἥξειν
1860 2735 1918 2786 ὲν

347 2815 471 2890 δόξῃ
501 2819 812 2890 Θεοπρεπεῖ,
844 2822 1058 2892 ἥρπασε
1104 2822 1199 2892 τὴν
1226 2823 1407 2877 πίστιν
1428 2867 1442 2890 ,
1476 2826 1647 2877 καίτοι
1682 2824 1919 2892 εὐγενῶς

347 2913 409 2964 οὐ
435 2911 830 2983 τεθραμμένος.

435 3087 564 3141 Ἀπὸ
587 3087 653 3142 δὲ
684 3086 861 3157 ἕκτης
894 3088 1049 3157 ὧρας
1087 3091 1306 3156 σκότος
1354 3089 1589 3159 ἐγένετο
1641 3092 1732 3160 ἐφ’
1769 3093 1920 3161 ὅλην

351 3178 464 3245 τὴν
491 3177 607 3249 γῆν
637 3179 746 3245 ἕως
766 3178 922 3248 ὥρας
951 3181 1229 3248 ἐννὰτης.

2020 2015 2154 2068 didit
2181 2015 2327 2067 enim
2355 2014 2407 2066 in
2438 2028 2582 2077 eum,
2615 2011 2741 2065 licet
2769 2010 2880 2080 jam
2929 2012 3191 2064 intentato
3235 2012 3333 2064 hoc
3385 2013 3589 2080 suppli-

2021 2104 2103 2158 cio
2161 2105 2294 2157 adeo
2348 2103 2564 2163 acerbo,
2620 2102 2866 2167 increpat
2933 2113 3215 2167 perversas
3285 2099 3589 2154 Iudaeorum

2022 2209 2201 2258 voces,
2249 2209 2309 2246 ac
2346 2208 2662 2246 sermonum
2731 2191 2898 2256 illius,
2949 2193 3039 2260 qui
3090 2191 3249 2244 simul
3301 2205 3590 2261 suspensus

2019 2294 2104 2339 est
2163 2283 2444 2337 confessus
2511 2292 2595 2337 est
2652 2289 2967 2350 peccatum,
3025 2291 3081 2334 ut
3133 2281 3332 2348 justior
3410 2282 3589 2335 videa-

2025 2387 2130 2430 tur.
2152 2374 2402 2428 Testatus
2430 2386 2513 2429 est
2533 2373 2676 2427 enim
2707 2373 3069 2427 omuimodam
3092 2371 3288 2428 Christi
3335 2374 3590 2426 innocen-

2024 2469 2176 2530 tiam,
2241 2481 2303 2521 ac
2361 2465 2643 2520 dementiae
2713 2480 2898 2520 eorum
2949 2465 3037 2534 qui
3101 2464 3248 2519 cruci
3312 2462 3593 2519 aﬂlxerunt

2026 2558 2196 2613 Iactus
2221 2566 2304 2611 est
2348 2567 2668 2612 accusator:
2713 2558 2816 2610 bac
2865 2559 3073 2610 ratione
3129 2565 3436 2610 sanctorum
3471 2569 3590 2609 sor-

2026 2657 2131 2703 tem
2171 2649 2368 2716 rapuit,
2393 2662 2706 2716 supernam,
2742 2663 2805 2702 ac
2847 2649 2900 2702 in
2950 2645 3106 2703 cmlis
3161 2647 3586 2715 inscriptionem.

2023 2739 2265 2793 Cernens
2295 2738 2439 2791 enim
2475 2739 2626 2792 cruci
2657 2736 2895 2803 alﬂxum,
2937 2753 3117 2809 regem
3161 2741 3426 2804 vocabat;
3469 2752 3587 2791 cum

2026 2829 2076 2881 iu
2118 2830 2406 2897 ignominia
2441 2845 2503 2882 ac
2535 2830 2787 2897 passione
2802 2840 2967 2893 esset,
2988 2830 3040 2883 in
3065 2831 3252 2899 gloria,
3277 2845 3396 2900 qua:
3428 2830 3588 2883 Deum

2025 2921 2179 2975 decet
2222 2931 2507 2975 venturum
2561 2923 2938 2990 exspectavit:
2979 2922 3134 2976 [idem
3184 2925 3438 2992 suscepit,
3471 2924 3592 2976 licet

2029 3012 2204 3064 minus
2237 3014 2466 3082 ingenue
2491 3024 2637 3068 esset
2671 3016 2963 3068 enutritus.

2093 3103 2309 3169 XXVII,
2344 3105 2432 3159 ἀΰ.
2468 3105 2508 3158 Α
2559 3115 2705 3159 sexta
2761 3113 2933 3158 autem
2991 3109 3121 3158 hara
3172 3105 3392 3158 tenebrae
3437 3105 3592 3174 facta!

2025 3207 2147 3250 sunt
2173 3214 2327 3264 super
2351 3199 2642 3250 universam
2665 3207 2855 3250 terram
2874 3213 3033 3263 usque
3054 3199 3120 3248 ad
3148 3198 3330 3249 horam
3379 3212 3588 3248 nonam.

424 3269 496 3320 Τὸ
523 3269 710 3332 σκότος
737 3271 822 3339 ἐφ’
849 3272 979 3336 ὃλην
1000 3270 1098 3342 τὴν
1123 3271 1230 3341 γῆν
1257 3271 1474 3339 ἐγένετο
1517 3272 1628 3325 ἀπὸ
1660 3270 1809 3343 ὥρας
1834 3273 1920 3326 έκ-

2097 3284 2359 3340 Teuebrze
2387 3283 2543 3339 facta:
2584 3294 2711 3338 sunt
2763 3298 2926 3353 super
2952 3286 3257 3339 universam
3292 3293 3488 3338 terrain
3524 3286 3592 3337 ab

352 3378 448 3429 της
473 3359 578 3422 ἓως
597 3359 745 3432 ὧρας
770 3362 1018 3428 έννάτης,
1048 3361 1142 3415 τοῦ
1171 3361 1324 3432 ἡλίου
1360 3363 1723 3426 ἐκλείποντος,
1755 3363 1822 3416 ἶν’
1849 3365 1926 3415 si»

351 3452 490 3504 δειεν
511 3451 590 3505 ὅτι
609 3453 768 3516 αὑτός
787 3454 935 3506 ἐστιν
956 3453 1161 3514 ἐκεῖνος
1184 3455 1214 3507 ό
1231 3453 1620 3526 ἀπηρτημένος
1649 3454 1742 3508 τοῦ
1768 3453 1923 3519 ξύλου

353 3546 380 3595 ό
404 3541 662 3596 σύνοπλον
711 3544 848 3615 ὑπὲρ
893 3543 1072 3598 αὐτῶν
1106 3543 1205 3613 τὴν
1235 3545 1412 3597 κτίσιν
1447 3545 1648 3610 λαϐὼν,
1690 3547 1776 3598 ὅτε
1813 3548 1924 3610 τοῖς

355 3637 672 3706 Λίγυπτίοις
697 3637 1070 3708 πεπολέμηκε·
1101 3637 1169 3691 δι’
1192 3637 1389 3700 αὐτοὺς
1419 3639 1480 3690 τὸ
1521 3638 1741 3708 ἡλιακὸν
1774 3639 1928 3692 ἐκλέ-

355 3729 502 3783 λοιπε
535 3731 670 3801 ιρῶς,
695 3731 790 3783 καὶ
811 3729 1029 3798 ἁπάσης
1056 3729 1153 3798 τῆς
1177 3729 1359 3781 αὐτῶν
1389 3729 1570 3800 χώρας
1601 3732 1927 3783 κατεσκεδά-

358 3824 456 3893 σθη
485 3822 546 3874 τὸ
593 3821 802 3884 σκότος,
854 3820 1006 3891 ἡλίου
1039 3818 1136 3889 τὴν
1176 3821 1370 3873 ἀκτῖνα
1411 3819 1784 3883 συστείλαντος
1832 3821 1926 3873 καὶ

354 3909 462 3968 οἷον
491 3914 590 3967 οὐκ
621 3911 948 3982 ἀνεχομένου
983 3911 1187 3981 πέμπει
1213 3910 1382 3980 αὐτὴν
1413 3910 1494 3963 ἔτι
1528 3913 1642 3973 τοῖς
1675 3912 1925 3979 γεγονόσι

357 4005 745 4075 κυριοκτόνοις.
782 4005 891 4057 Καὶ
919 4001 1041 4057 καθ’
1070 4003 1258 4073 ἓτερον
1285 4001 1342 4055 δὲ
1381 4002 1581 4072 τρόπον
1615 4002 1925 4056 ὲσκοτίσθαι

357 4095 651 4164 φαμὲντὴν
692 4094 958 4148 Ἰουδαίων
981 4093 1189 4164 χώραν,
1228 4094 1344 4164 ἦτοι
1384 4095 1511 4156 τοὺς
1541 4092 1926 4157 κατοικοῦντας

357 4185 543 4255 αὐτὴν,
575 4186 656 4238 ὄτι
694 4185 794 4237 οὐκ
831 4183 1047 4247 ἐδέξατο
1097 4183 1188 4236 τὸν
1227 4184 1376 4253 ἥλιον
1436 4182 1536 4253 τῆς
1580 4183 1926 4254 δικαιοσύνης

358 4281 449 4331 καὶ
481 4277 542 4329 τὸ
569 4275 684 4344 φῶς
709 4276 773 4328 τὸ
803 4274 1076 4343 ἀληθινόν.

439 4448 501 4501 ὀ
545 4449 614 4503 δὲ
673 4449 915 4517 Ἰησοῦς
966 4449 1152 4503 πάλιν
1192 4451 1417 4517 κράξας
1469 4451 1639 4520 φωνῇ
1693 4451 1923 4522 μεγάλῃ

355 4540 552 4610 ἀφῆκε
574 4542 639 4596 τό
670 4541 926 4610 πνεῦμα.

427 4653 584 4722 Μέγα
611 4654 706 4707 καὶ
733 4651 1012 4723 ἐξαίρετον
1054 4651 1389 4723 κατωρθώθη
1425 4653 1512 4705 διὰ
1539 4653 1776 4723 Χριστοῦ
1800 4657 1923 4717 ταῖς

357 4744 652 4814 ἡμετέραις
688 4744 906 4814 ψυχαῖς.
970 4741 1188 4814 Ἐπειδὴ
1226 4743 1336 4811 γὰρ
1389 4742 1789 4814 δεδικαιώμεθα
1835 4744 1927 4798 διὰ

357 4837 455 4903 τῆς
485 4837 564 4898 είς
591 4835 724 4890 Θεὸν
756 4836 1012 4899 πίστεως,
1043 4836 1135 4889 καὶ
1169 4837 1227 4888 ὲν
1249 4835 1397 4904 αὐτῷ
1424 4836 1485 4888 τὸ
1505 4835 1858 4906 ἀπλημμελὲς
1891 4839 1924 4908 ὴ

359 4925 645 4998 ἀνθρώπου
666 4925 827 4994 φύσις
848 4926 1044 4997 εὑρέθη
1069 4927 1439 4996 πλουτήσασα,
1467 4926 1927 4996 κεκαινοτόμηκεν

357 5019 489 5085 ἡμῖν
520 5015 581 5068 τὸ
606 5017 806 5086 μηκέτι
838 5015 937 5086 μὲν
961 5018 1040 5079 εἰς
1070 5017 1198 5088 ᾅδου
1226 5017 1440 5088 τρέχειν
1462 5017 1560 5080 τὰς
1592 5018 1702 5070 τῶν
1732 5018 1923 5086 σωμά-

361 5125 465 5160 των
493 5107 968 5177 ἀπαλλαττομένας
992 5108 1192 5177 ψυχὰς,
1236 5107 1378 5160 καθὰ
1407 5109 1501 5161 καὶ
1533 5107 1723 5179 πρώην
1745 5150 1760 5174 ,
1787 5109 1926 5179 πέμ.-

363 5197 556 5251 πεσθαι
585 5198 642 5252 δὲ
673 5199 872 5268 μᾶλλον
904 5201 982 5262 είς
1009 5203 1193 5269 χεῖρας
1217 5199 1350 5252 Θεοῦ
1386 5200 1603 5264 ζῶντος.
1631 5201 1741 5253 Καὶ
1769 5199 1927 5254 τοῦτο

361 5285 517 5350 εἰδὼς
542 5288 570 5340 ὁ
599 5287 750 5355 ἅγιος
774 5288 876 5358 ἔφη
897 5288 1165 5358 Στέφανος
1185 5303 1199 5318 ο
1227 5306 1247 5338 ‹
1274 5287 1445 5358 Κύριε
1462 5288 1658 5356 Ἰησοῦ,
1691 5287 1837 5351 δέξαι
1861 5287 1922 5340 τὸ

361 5377 579 5448 πνεῦμά
605 5397 725 5449 μου.
765 5398 783 5429 ι
810 5381 917 5434 Καὶ
943 5381 1127 5451 ἔτερος
1142 5379 1200 5432 δὲ
1215 5379 1416 5449 γράφει
1437 5378 1545 5432 τῶν
1575 5379 1885 5432 ἀποστόλων
1913 5419 1927 5438 ,

362 5468 498 5522 ὥστε
529 5472 621 5524 καὶ
655 5474 703 5523 ot
734 5474 1030 5541 πάσχοντες
1055 5472 1194 5524 κατὰ
1227 5470 1289 5524 τδ
1315 5472 1526 5542 θέλημα
1549 5472 1640 5525 τοῦ
1670 5471 1805 5524 Θεοῦ
1833 5490 1927 5524 πι-

362 5560 472 5630 οτῷ
500 5561 702 5632 κτίστῃ
731 5563 1214 5631 παρατιθέσθωσαν
1253 5565 1347 5626 τὰς
1374 5564 1584 5617 ἑαυτῶν
1615 5563 1815 5631 ψυχάς.

433 5822 479 5854 ⁸⁸
514 5821 668 5876 Joau.
707 5836 819 5884 xu,
851 5821 932 5875 l5.

2025 3377 2156 3431 hora
2187 3388 2338 3432 sexta
2365 3393 2536 3447 usque
2563 3377 2628 3429 ad
2662 3376 2848 3429 horam
2891 3391 3086 3430 nouam
3123 3375 3408 3428 deﬂuente
3455 3375 3591 3436 sole,

2028 3479 2086 3523 ut
2118 3470 2298 3523 videre
2353 3477 2574 3538 possent
2624 3467 2772 3521 illum
2822 3469 2993 3535 ipsum
3024 3482 3167 3530 esse,
3203 3467 3293 3537 qui
3351 3468 3592 3521 sublatus

2025 3569 2142 3613 erat
2171 3561 2221 3611 iu
2273 3559 2434 3626 ligno,
2463 3558 2556 3627 qui
2607 3558 2763 3612 simul
2809 3567 3070 3611 armatam
3118 3572 3214 3627 pro
3269 3558 3349 3611 eis
3388 3559 3594 3626 accepit

2026 3657 2352 3715 creaturam,
2389 3665 2509 3703 cum
2537 3647 2822 3719 Egyplios
2873 3647 3179 3702 debellavit.
3224 3647 3449 3718 PrOpter
3499 3663 3594 3703 eos

2026 3750 2203 3794 autem
2255 3740 2384 3794 solis
2435 3739 2612 3793 lumen
2649 3739 2833 3794 deﬁcit
2857 3754 2871 3792 :
2899 3749 2952 3792 et
2989 3755 3083 3807 per
3121 3739 3431 3793 universam
3469 3739 3586 3791 illo-

2027 3846 2144 3883 rum
2176 3830 2443 3899 regionem
2468 3828 2673 3882 diﬂusae
2687 3830 3081 3890 suuttenebraz,
3108 3830 3221 3884 sole
3243 3844 3392 3882 suam
3417 3829 3588 3883 lucem

2025 3924 2436 3991 comprimente,
2475 3932 2529 3974 et
2568 3919 2968 3989 quodammodo
3031 3935 3134 3973 non
3191 3919 3426 3988 patiente
3477 3933 3592 3971 eam

2026 4013 2166 4066 ntitti
2201 4014 2280 4067 eis
2323 4012 2413 4082 qui
2453 4012 2562 4080 jam
2615 4019 2772 4064 erant
2799 4009 3007 4063 Domini
3052 4009 3445 4064 interfectores.
3477 4011 3596 4062 Alio

2027 4118 2154 4159 vero
2213 4105 2370 4158 modo
2431 4104 2592 4157 etiam
2646 4102 2804 4172 103
2866 4100 3314 4156 obtenebrescere
3369 4103 3596 4155 dicimus

2026 4194 2332 4250 Judaaorum
2381 4193 2676 4262 regionem,
2733 4195 2847 4246 sive
2908 4193 2997 4260 qui
3047 4207 3166 4246 eam
3217 4191 3478 4254 incolunt,
3530 4207 3594 4245 eo

2025 4288 2169 4356 quod
2209 4287 2378 4342 solem
2416 4284 2637 4353 iustitiae
2699 4298 2760 4337 ac
2805 4299 2986 4337 verum
3043 4283 3220 4336 lumen
3271 4298 3374 4336 nou
3412 4298 3595 4336 susce-

2027 4387 2241 4445 perunt.

2123 4465 2336 4529 XXVII,
2391 4466 2479 4521 50.
2527 4465 2681 4521 Iesus
2729 4478 2906 4519 autem
2952 4469 3138 4519 iterum
3193 4467 3424 4519 clamans
3481 4483 3596 4520 race

2026 4573 2236 4626 magna,
2267 4557 2436 4611 emisit
2465 4558 2724 4627 spiritum.

2129 4648 2376 4718 Magnum
2426 4657 2482 4702 et
2537 4649 2794 4702 eximium
2848 4633 3102 4718 quiddam
3147 4661 3175 4701 ο
3207 4648 3426 4703 Christo
3478 4664 3599 4717 per-

2027 4739 2224 4795 fectum
2251 4749 2335 4794 est
2368 4739 2420 4794 in
2457 4741 2743 4794 animabus
2781 4739 2998 4795 nostris.
3042 4739 3174 4793 Cum
3233 4740 3374 4792 enim
3401 4737 3599 4807 justiti-

2029 4833 2134 4888 cati
2170 4831 2338 4885 simus
2365 4847 2461 4900 per
2495 4831 2648 4885 Iidem
2683 4832 2734 4885 lu
2763 4829 2951 4896 Deum,
2978 4841 3032 4885 et
3072 4833 3125 4885 iu
3172 4831 3287 4899 ipso
3325 4831 3596 4884 vacuitate

2031 4921 2235 4990 peccati
2269 4923 2542 4975 hominum
2576 4931 2766 4974 natura
2809 4920 2974 4974 ditata
3022 4921 3237 4973 inventa
3273 4920 3378 4981 sit,
3423 4920 3472 4970 id
3503 4931 3596 4969 no.

2029 5015 2115 5069 his
2145 5016 2267 5069 novi
2299 5016 2550 5084 praestitit
2577 5013 2843 5077 beneﬁcii,
2872 5025 2928 5066 ut
2975 5031 3078 5067 non
3114 5011 3342 5081 amplius
3378 5011 3593 5081 quidem

2030 5117 2250 5160 currant
2323 5109 2389 5158 ad
2452 5106 2717 5159 inl‘eruum
2779 5107 2973 5159 animze
3029 5115 3226 5157 nostrae
3281 5101 3596 5172 corporibus

2034 5197 2288 5262 liberatae,
2314 5206 2471 5262 prout
2495 5207 2639 5262 ante,
2670 5197 2762 5249 sed
2805 5197 2983 5264 potius
3010 5198 3293 5248 mittuntur
3322 5194 3374 5247 iu
3406 5207 3595 5247 manus

2034 5287 2128 5341 Dei
2160 5289 2411 5342 viventis.
2442 5286 2604 5356 quue
2632 5288 2808 5341 scietis
2841 5300 3060 5341 sanctus
3095 5289 3400 5355 Stephanus
3420 5285 3592 5340 dixit:

2040 5394 2058 5426 ι
2101 5375 2323 5428 Domine
2353 5375 2499 5440 Jesn,
2532 5378 2742 5444 suscipe
2786 5377 3029 5445 spiritqu
3070 5392 3246 5429 meum
3280 5375 3350 5426 το.
3391 5394 3409 5425 ι
3445 5374 3596 5427 Alius

2034 5481 2163 5519 vero
2193 5467 2354 5519 etiam
2390 5468 2767 5535 Apostolorum
2819 5468 3027 5528 scribit,
3062 5477 3119 5519 ut
3169 5465 3332 5518 etiam
3392 5466 3596 5536 patien-

2033 5570 2112 5612 tes
2147 5560 2438 5611 secuntlum
2468 5559 2555 5613 Dei
2597 5561 2922 5613 voluntatem
2959 5559 3093 5611 litleli
3124 5558 3360 5612 Creatori
3389 5557 3595 5610 animas

2033 5663 2157 5702 suas
2191 5653 2422 5701 tradant.

1014 5820 1216 5892 ",Luc.
1250 5837 1404 5887 sxm,
1437 5822 1524 5876 39.
1602 5823 1645 5853 ⁷⁸
1675 5824 1794 5877 Act.
1825 5839 1918 5887 vu,
1949 5823 2038 5877 58.
