4134 6374
483 435 589 495 ιιι-ι

1504 427 1562 484 S.
1613 425 1882 482 CYRILLI
1925 423 2393 483 ALEXANDRINI
2432 428 2753 485 ARCI‘IIEP.

3634 416 3736 473 “is

554 554 768 618 XXVII,
807 554 893 607 Η.
936 550 1003 603 Et
1048 568 1161 605 ecce
1202 553 1368 605 celum
1416 551 1593 618 templi
1636 553 1857 604 scissum
1895 561 1969 603 est
2006 551 2057 603 in

2231 552 2341 605 Καὶ
2367 551 2517 616 ἰδοὺ,
2560 553 2625 605 τὸ
2667 548 3091 615 καταπέτασμα
3121 543 3226 598 τοῦ
3279 541 3426 595 ναοῦ
3476 540 3734 607 ἐσχίσθη

482 652 615 703 duo:
642 659 834 715 partes.

555 740 737 793 Seindi
767 736 922 807 107
953 746 1007 790 et
1029 736 1290 804 disrumpi
1324 735 1523 796 velum,
1547 737 1758 805 signqu
1797 745 1914 790 erat
1949 750 2054 787 non

484 832 797 893 obscurum,
837 844 960 882 cum
1023 836 1232 880 tantum
1294 842 1403 881 non
1452 826 1637 895 lugere
1699 828 2058 896 tentpltt-tt,et

487 926 631 992 ipsos
685 922 750 974 ad
804 919 1025 974 exitium
1094 930 1146 972 et
1220 919 1575 986 perditionem
1626 918 1886 972 deductos
1940 932 2060 970 esse

487 1013 578 1080 qui
607 1011 785 1079 templi
811 1011 1090 1065 Dmninum
1134 1011 1544 1074 crncitixerant;
1576 1008 1715 1063 forte
1746 1022 1873 1062 vero
1898 1010 2059 1061 etiam

490 1108 553 1156 de
589 1106 865 1172 impietate
896 1112 1082 1157 contra
1120 1100 1417 1167 Christum,
1453 1117 1550 1171 pro
1576 1101 1793 1155 illorum
1813 1116 2057 1156 consue-

494 1198 698 1261 tudine,
732 1196 824 1250 illo
865 1196 1007 1264 quod
1040 1196 1340 1266 contigerat
1375 1196 1521 1265 ipsos
1554 1196 1925 1264 redargttente.
1950 1193 2063 1247 Mos

492 1288 636 1339 ρυίηι
669 1298 787 1339 erat
825 1283 1049 1345 Judreis,
1085 1284 1389 1351 discerpere
1418 1284 1758 1346 vestimenta,
1779 1296 1899 1336 cum
1926 1281 2065 1335 Deus

493 1379 978 1447 blasphemaretur.
999 1375 1219 1430 Videtur
1244 1386 1421 1428 autem
1447 1375 1590 1428 aliud
1614 1376 1777 1429 etiam
1808 1372 2065 1443 quiddam

493 1479 677 1518 eorum
708 1478 827 1531 quae
859 1463 1168 1517 necessaria
1217 1470 1341 1514 sunt
1369 1461 1435 1516 ad
1490 1461 1801 1525 utilitatem,
1844 1460 1945 1514 hoc
1991 1457 2066 1510 t‘n-

494 1568 638 1609 etnm
673 1554 830 1608 nobis
881 1554 1180 1609 insinuare.
1213 1550 1401 1606 Velnm
1436 1554 1581 1607 enim
1615 1553 1758 1621 quod
1791 1552 2070 1606 abscondit

495 1648 641 1700 intus
662 1644 862 1701 Sancta
880 1654 1213 1709 sanctorum,
1235 1645 1467 1696 instante
1486 1653 1746 1713 tempore,
1780 1657 1889 1711 quo
1919 1655 2071 1708 opor-

498 1740 643 1789 tebat
672 1736 919 1791 contrahi
951 1735 1084 1806 legis
1115 1737 1385 1792 umbram,
1416 1734 1730 1801 cultumque
1778 1734 2068 1803 ﬁguratum

497 1830 764 1892 desinere,
788 1828 985 1897 aperiri
1014 1843 1138 1881 vero
1165 1828 1365 1880 Sancta
1396 1834 1729 1883 sanctorum.
1753 1826 1820 1878 iis
1857 1824 1947 1892 qui
1976 1838 2072 1891 per

2163 645 2249 709 εὶς
2281 644 2408 698 δύο.

2236 734 2309 787 Τὸ
2332 734 2690 806 διαρραγῆναι
2735 732 2795 783 τὸ
2825 730 3221 797 καταπέτασμα
3266 727 3488 795 σημεῖον
3538 718 3604 791 ἦν
3637 722 3739 772 οὐκ

2165 826 2482 896 ἀσυμφανὲς
2530 826 2621 877 τοῦ
2673 826 2766 876 καὶ
2792 824 2954 876 αὑτὸν
3003 818 3284 889 μονονουχὶ
3332 813 3595 883 πενθῆσαι
3645 814 3736 863 τὸν

2167 914 2290 969 ναὸν
2311 918 2406 968 καὶ
2425 916 2549 977 τοὺς
2584 914 2662 974 είς
2683 913 2803 965 ὄλεθ
2813 929 2903 981 ρον
2924 910 3016 962 καὶ
3039 905 3312 960 ἀπώλειαν
3337 905 3737 972 κατενηνεγμέ-

2168 1024 2310 1071 νους,
2344 1006 2392 1059 οἳ
2423 1007 2514 1059 τὸν
2543 1004 2707 1058 αὐτοῦ
2745 1002 2839 1055 τοῦ
2881 1000 3010 1054 ναοῦ
3044 996 3319 1064 Δεσπότην
3346 994 3696 1065 ἐσταύρωσαν
3719 1006 3731 1020 ’

2171 1098 2299 1160 ἴσως
2329 1096 2385 1150 δὲ
2412 1097 2506 1149 καὶ
2556 1094 2647 1147 ἐπὶ
2686 1090 2970 1162 δυσσεϐείᾳ
2988 1093 3054 1161 τῇ
3079 1087 3219 1148 κατὰ
3248 1084 3505 1156 Χριστοῦ,
3527 1083 3615 1136 διὰ
3636 1082 3736 1150 τῆς

2170 1190 2300 1261 παρ’
2322 1190 2505 1251 αὐτοῖς
2545 1188 2828 1257 συνηθείας
2854 1183 3165 1251 ἐλέγχοντος
3198 1180 3395 1241 αὐτοὺς
3418 1176 3509 1230 τοῦ
3533 1173 3733 1244 συμϐε-

2170 1280 2421 1350 ϐηκότος.
2456 1278 2617 1341 Ἔθος
2642 1277 2749 1347 γὰρ
2773 1271 2840 1344 ἦν
2877 1272 3149 1333 Ἰουδαίοις
3187 1270 3283 1339 τὴν
3323 1267 3523 1336 ἐσθῆτα
3552 1266 3742 1334 περιρ-

2176 1371 2473 1442 ρήγνυσθαι
2526 1365 3005 1439 βλασφημηθέντος
3059 1361 3219 1414 Θεοῦ.
3264 1360 3441 1412 Ἐοικε
3478 1357 3535 1409 δέ
3562 1373 3614 1408 τι
3647 1354 3742 1406 καὶ

2172 1462 2359 1528 ἕτερον
2387 1458 2492 1510 τῶν
2524 1456 2836 1525 ἀναγγαίων
2876 1454 2955 1515 είς
3005 1452 3189 1522 ὄνησιν
3223 1444 3583 1517 ὐπεμφαίνειν
3609 1446 3742 1515 ἡμῖν

2175 1551 2234 1603 τὺ
2255 1550 2635 1618 γεγενημένον.
2677 1544 2750 1598 Τὸ
2785 1543 2893 1612 γὰρ
2921 1541 3317 1609 καταπέτασμα
3347 1535 3584 1608 κρύπτον
3611 1533 3742 1586 εἴσω

2176 1644 2242 1695 τά
2273 1643 2437 1711 ’Ἅγια
2467 1640 2571 1694 τῶν
2621 1639 2812 1703 ἁγίων,
2845 1635 3127 1696 ἐνστάντος
3172 1629 3364 1702 καιροῦ
3398 1627 3515 1682 καθ’
3547 1625 3605 1677 ὃν
3630 1623 3736 1676 ἔδει

2180 1732 2566 1787 συστέλλεσθαι
2590 1732 2688 1800 τὴν
2712 1728 2805 1781 τοῦ
2828 1730 2993 1796 νόμου
3017 1724 3195 1787 σκιὰν,
3228 1723 3322 1775 καὶ
3341 1722 3440 1791 τὴν
3465 1720 3522 1773 ὲν
3551 1716 3740 1778 τύποις

2181 1822 2481 1892 καταλῆξαι
2527 1820 2781 1890 λατρείαν
2808 1857 2823 1877 ,
2859 1813 3191 1884 ἀνεῳχθῆναι
3222 1812 3278 1865 δὲ
3323 1810 3393 1862 τὰ
3422 1811 3589 1876 ’Ἅγια
3634 1804 3743 1857 τῶν

501 1921 657 1973 Iidem
717 1921 769 1973 in
836 1919 1115 1975 Christmn
1178 1919 1459 1987 justiticati
1532 1927 1678 1980 sunt,
1722 1916 2069 1984 discerpitur,

2190 1918 2343 1984 ἱιγίων
2370 1918 2483 1977 τοῖς
2515 1913 2603 1966 διὰ
2634 1911 2866 1970 πίστεως
2889 1907 2985 1976 τῆς
3017 1908 3094 1969 εἰς
3126 1898 3739 1975 Χριστὸν-δεδικαιωμέ-

500 2012 815 2067 ostendente
873 2013 1269 2080 quodammodo
1310 2012 1426 2079 ipsa
1477 2007 1607 2069 Deo,
1658 2009 1725 2062 iis
1784 2007 1876 2075 qui
1927 2004 2070 2073 digni

503 2116 646 2166 sunt,
695 2109 755 2157 ut
808 2103 1060 2171 deinceps
1123 2101 1267 2154 nullo
1320 2101 1640 2169 prohibente
1708 2099 1774 2151 ad
1845 2094 2073 2150 interius

504 2193 910 2250 tabernaculum
963 2203 1205 2258 currant,
1266 2195 1357 2262 qui
1417 2190 1619 2245 Christi
1688 2189 1929 2255 vestigiis
1987 2186 2074 2239 in-

505 2287 724 2341 sistunt.

579 2376 739 2446 108
762 2373 927 2430 Terra
958 2384 1099 2429 mota
1130 2383 1211 2430 est
1273 2372 1773 2427 transnmtationem
1805 2371 1857 2423 in
1885 2368 2077 2422 melius

509 2468 737 2521 innuens
765 2484 778 2520 :
804 2477 896 2520 aut
924 2467 1086 2520 etiam
1110 2466 1344 2519 ostendit
1374 2475 1562 2519 contra
1593 2480 1708 2525 eos,
1744 2463 1832 2531 qui
1863 2461 2080 2516 Christo

511 2558 837 2613 insultarunt
894 2559 1359 2627 indignationem;
1413 2556 1587 2625 rumpi
1638 2566 1817 2609 autem
1878 2565 2077 2621 petras,

511 2651 721 2720 signum
770 2649 872 2704 fuit
933 2651 1199 2719 lapideum
1233 2651 1471 2718 gentium
1515 2661 1610 2702 cor
1641 2645 1837 2713 aperiri
1867 2645 1929 2698 ad
1957 2658 2081 2697 sus-

512 2739 813 2808 ceptionem
882 2739 1047 2793 divini
1121 2753 1185 2793 ac
1239 2736 1534 2807 evangelici
1591 2735 1837 2792 seminis.
1897 2733 2080 2788 Sancti

512 2845 643 2885 vero
670 2832 762 2901 qui
800 2838 1216 2886 resnrrexerunt
1240 2840 1295 2883 et
1323 2838 1685 2899 apparuerunt
1741 2826 1944 2887 nmltis,
1980 2840 2082 2877 non

513 2930 889 2990 prmmaturam
942 2921 1112 2975 solmn
1156 2920 1235 2974 illi
1282 2928 1608 2989 acceperunt
1667 2917 2085 2971 resurrectionis

516 3011 969 3082 gratiam,vernm
1029 3013 1193 3065 etiam
1250 3011 1299 3063 in
1334 3011 1543 3078 signum
1603 3008 1881 3063 consutnti
1938 3018 2083 3066 sunt,

519 3113 744 3157 mortem
778 3102 979 3156 Christi
1031 3114 1204 3156 morte
1254 3116 1375 3156 esse
1420 3111 1751 3169 superatam.
1812 3097 1887 3151 Eo
1923 3099 2084 3151 etiam

518 3192 687 3261 legem
746 3201 1018 3259 spectasse
1075 3191 1306 3245 arbitror
1360 3204 1479 3258 quae
1517 3190 1671 3259 jubet
1715 3188 2088 3241 involnntariae

439 3275 442 3279 ’
518 3284 682 3337 czedis
730 3298 893 3336 causa
935 3282 1240 3350 profugum,
1294 3295 1481 3335 rursus
1517 3283 1694 3335 redire
1732 3280 1783 3333 in
1835 3282 2085 3347 patriam,

522 3385 644 3442 post
676 3384 901 3427 mortem
959 3373 1220 3441 principis
1268 3371 1611 3426 sacerdotum
1644 3370 1884 3424 :Cltristi
1946 3371 2088 3421 enim

524 3479 671 3518 mors
720 3477 1021 3532 regressum
1050 3465 1116 3515 ad
1139 3476 1423 3532 supernam
1453 3459 1774 3522 Jerusalem,
1798 3462 1907 3513 reis
1939 3458 2092 3514 nobis

528 3557 781 3611 restituit.

601 3734 793 3788 Turbae
850 3747 1084 3803 quoque,
1132 3747 1252 3802 quae
1312 3730 1379 3785 ad
1438 3730 1788 3801 spectandum
1848 3729 2093 3788 aderant,

530 3827 893 3896 pcrcutientes
919 3832 1136 3894 pectora
1162 3838 1280 3888 sua,
1309 3836 1539 3878 reversa:
1568 3831 1717 3883 sunt,
1759 3817 1898 3873 forte
1933 3822 2095 3872 etiam

533 3918 805 3985 impietate
828 3917 880 3969 in
907 3917 1184 3970 Christum
1209 3929 1326 3970 sese
1357 3913 1671 3974 liberantes,
1699 3926 1764 3965 eo
1797 3911 1937 3979 quod
1969 3925 2101 3964 con-

534 4024 615 4064 tra
651 4010 999 4064 crnciﬁxores
1060 4008 1378 4071 clamarent,
1417 4005 1518 4061 etsi
1558 4020 1662 4059 non
1709 4013 1914 4073 aperte,
1973 4017 2097 4071 pro-

532 4115 654 4168 pter
707 4100 1010 4171 principum
1065 4098 1491 4168 improbitatem.
1551 4095 1724 4150 Tanta
1780 4106 1897 4150 erat
1953 4097 2099 4149 cruci

534 4190 675 4244 ιιΗίκί
708 4193 896 4254 virtus,
928 4198 1125 4257 utpost
1156 4196 1361 4241 tantam
1401 4185 1769 4242 temulentiam
1801 4200 1865 4238 ac
1886 4186 2099 4238 irrisio-

533 4281 870 4348 ncm,ctiam
927 4279 1176 4334 centurio
1215 4293 1279 4333 ac
1332 4276 1563 4346 populus
1611 4284 2103 4345 compungeretur;

536 4375 757 4443 quidam
832 4381 1007 4427 autem
1074 4370 1267 4433 aiunt,
1334 4367 1493 4437 109
1540 4367 1910 4423 centurionem
1963 4369 2107 4422 hunc

540 4476 658 4535 post
711 4464 827 4519 hcce
882 4462 1203 4531 martyrium
1271 4459 1543 4523 subiisse,
1609 4458 1660 4511 in
1728 4458 1829 4514 ﬁde
1879 4458 2108 4513 viriliter

2174 2027 2304 2070 νοις,
2335 2006 2784 2078 περιρρήγνυται,
2847 1997 3181 2060 δεικνύοντος
3237 1994 3423 2063 ὥσπερ
3468 1991 3604 2044 αὐτὰ
3640 1988 3735 2041 τοῦ

2173 2097 2309 2153 Θεοῦ
2338 2098 2449 2158 τοῖς
2501 2094 2693 2160 ἀξίοις,
2737 2091 2823 2142 ἵνα
2870 2088 3054 2141 λοιπὸν
3099 2086 3371 2156 εἴργοντος
3395 2080 3624 2143 οὐδενὸς,
3659 2079 3739 2138 είς

2180 2192 2272 2262 τὴν
2301 2188 2574 2259 ἐσωτέραν
2628 2186 2861 2255 τρέχωσι
2914 2181 3114 2250 σκηνὴν
3157 2180 3205 2230 οἱ
3253 2178 3375 2229 κατ’
3407 2173 3549 2244 ἴχνος
3578 2171 3747 2232 ἱέντες

2177 2280 2433 2354 Χριστοῦ.

2262 2368 2513 2437 Ἐσείσθη
2544 2365 2634 2419 καὶ
2667 2366 2699 2434 ἡ
2730 2364 2822 2432 γῆ,
2854 2361 2952 2432 τὴν
2980 2361 3072 2413 ἐπὶ
3092 2358 3151 2411 τὸ
3177 2358 3422 2429 κρεῖττον
3460 2351 3746 2423 μετάθεσιν

2182 2465 2538 2536 σημαίνουσα,
2567 2459 2600 2529 ἢ
2628 2456 2723 2510 καὶ
2741 2454 2976 2507 δείκνυσι
3003 2452 3099 2522 τὴν
3122 2447 3267 2502 κατά
3286 2445 3392 2500 τῶν
3416 2445 3495 2507 εἰς
3516 2442 3748 2514 Χριστὸν

2183 2532 2656 2627 πέπαρῳνηκότων
2711 2546 3111 2615 ἀγανάκτησιν·
3172 2540 3234 2595 τὸ
3268 2538 3325 2592 δὲ
3380 2537 3610 2608 ῥαγῆναι
3650 2532 3749 2594 τὰς

2184 2650 2409 2719 πέτρας,
2432 2645 2656 2714 σημεῖον
2682 2636 2750 2710 ἦν
2768 2637 2862 2691 τοῦ
2886 2637 2989 2707 τὴν
3016 2634 3222 2704 λιθίνην
3244 2630 3351 2684 τῶν
3374 2627 3599 2683 ἐθνικῶν
3614 2642 3749 2695 καρ-

2182 2717 2300 2793 δίαν
2329 2732 2666 2806 ἀνεῳχθῆναι
2692 2755 2697 2760 ο
2721 2728 2851 2799 πρὸς
2884 2725 3148 2794 ὑποδοχὴν
3167 2721 3262 2775 τοῦ
3289 2720 3433 2774 θείου
3467 2718 3559 2771 καὶ
3587 2717 3752 2782 εὐαγ-

2183 2804 2489 2897 γελιστικοῦ
2546 2822 2769 2892 σπόρου.
2822 2820 2884 2869 Οἱ
2941 2817 2997 2868 δὲ
3061 2813 3388 2873 ἀναστάντες
3441 2810 3603 2877 άγιοι,
3658 2804 3751 2857 καὶ

2186 2920 2441 2989 ὀφθέντες
2478 2915 2713 2979 πολλοῖς,
2746 2913 2806 2964 οὐ
2848 2911 3093 2981 πρόωρον
3138 2904 3326 2959 ἔλαϐον
3362 2902 3509 2972 μόνοι
3557 2899 3753 2952 ἐκεῖνοι

2188 2987 2247 3065 τό
2281 3015 2375 3081 τῆς
2407 3007 2753 3064 ἀναστάσεως
2784 3003 3047 3074 χάρισμα,
3082 2996 3195 3051 ἀλλ’
3240 2996 3318 3058 εἰς
3350 2993 3573 3063 σημεῖον
3598 2987 3755 3081 γεγόζ

2188 3122 2360 3167 νασιν,
2391 3103 2468 3154 ὅτι
2500 3094 2821 3168 κατηργήθη
2856 3097 2883 3146 ό
2908 3091 3133 3152 θάνατος
3163 3087 3251 3140 διὰ
3277 3084 3370 3138 τοῦ
3407 3082 3635 3136 θανάτου
3662 3076 3755 3132 τοῦ

2190 3191 2448 3266 Χριστοῦ.
2502 3190 2595 3251 Εἰς
2650 3185 2827 3242 τοῦτο.
2858 3180 3030 3251 οἶμαι,
3059 3179 3153 3232 καὶ
3182 3180 3211 3230 ό
3262 3175 3422 3244 νόμος
3451 3169 3719 3266 ύπέὸλεπε
3740 3207 3755 3230 ,

2192 3283 2426 3340 κελεύων
2469 3281 2559 3332 τὸν
2614 3275 2881 3336 ἀκουσίως
2936 3270 3269 3339 φονεύσαντα
3316 3262 3553 3338 φυγόντα
3605 3255 3757 3321 αὖθις

2192 3370 2580 3441 ὲπανατρέχειν
2621 3367 2701 3427 εἱς
2727 3364 2824 3435 τὴν
2853 3360 3085 3430 πατρίδα
3118 3355 3253 3427 μετὰ
3280 3354 3372 3407 τὸν
3404 3351 3634 3406 θάνατον
3667 3347 3759 3401 τοῦ

2193 3440 2495 3535 ἀρχιερέως
2516 3476 2528 3487 ·
2560 3460 2587 3510 ὁ
2620 3457 2726 3526 γὰρ
2752 3454 2846 3507 τοῦ
2894 3450 3130 3524 Χριστοῦ
3170 3447 3398 3509 θάνατος
3424 3445 3522 3515 τὴν
3554 3444 3632 3504 είς
3663 3440 3760 3535 τὴν

2194 3530 2306 3607 ἀνῶ
2334 3530 2687 3619 Ἰερουσαλὴμ
2710 3542 2892 3598 ἄνοδον
2915 3544 3024 3604 τοῖς
3050 3535 3370 3598 ὑπευθύνοις
3393 3536 3526 3604 ἡμῖν
3553 3530 3763 3586 ἀπέδω-

2197 3661 2310 3699 κεν.
3017 3649 3020 3653 ’

2267 3737 2377 3790 Καὶ
2406 3736 2454 3788 οἱ
2488 3732 2635 3802 ὄχλοι
2666 3731 2721 3784 δὲ
2751 3730 2799 3783 οἱ
2830 3727 3261 3797 παραγενόμενοι
3292 3724 3372 3785 εἰς
3397 3723 3497 3792 τὴν
3533 3718 3763 3789 θεωρίαν

2196 3828 2489 3888 τύπτοντες
2517 3822 2695 3876 αὐτῶν
2743 3821 2810 3875 τά
2841 3819 3034 3891 στήθη,
3082 3815 3447 3886 ὑπέστρεφον,
3492 3809 3632 3880 ταχά
3663 3824 3763 3861 που

2198 3922 2295 3990 τῆς
2321 3920 2460 3972 κατᾶ
2482 3914 2715 3987 Χριστοῦ
2738 3911 3055 3974 δυσσεϐείας
3080 3905 3512 3966 ἀπαλλάττοντες
3544 3899 3767 3961 ἑαυτοὺς

2200 4013 2287 4067 διὰ
2321 4009 2413 4064 τοῦ
2440 4010 2545 4061 τῶν
2572 4006 3000 4076 σταυρωσάντων
3033 4000 3323 4071 καταὸοᾷν,
3363 3999 3410 4050 εἰ
3437 3995 3530 4049 καὶ
3567 3994 3640 4064 μὴ
3673 3995 3769 4061 έμ-

2202 4105 2406 4175 φανῶς,
2432 4102 2520 4155 διά
2548 4101 2647 4171 τὴν
2669 4099 2775 4151 τῶν
2810 4095 3130 4169 ἡγουμένων
3159 4091 3500 4159 ἀνοσιότητα.
3522 4083 3768 4175 Τοσαύτη

2202 4197 2295 4250 τοῦ
2327 4192 2729 4263 σταυρουμένου
2780 4192 2814 4260 ἡ
2840 4188 3087 4258 δύναμις,
3121 4184 3262 4236 ὥστε
3309 4180 3446 4252 μετὰ
3486 4174 3771 4248 χλευασίας

2205 4286 2469 4355 τοσαύτης
2502 4285 2597 4337 καὶ
2632 4280 2919 4352 κωμῳδίας
2948 4278 3043 4332 καὶ
3072 4278 3165 4329 τὸν
3210 4270 3573 4342 κεντουρίωνα
3606 4282 3772 4320 κατα-

2206 4376 2459 4445 νυγῆναι,
2494 4374 2587 4426 καὶ
2614 4372 2704 4424 τὸν
2733 4371 2925 4440 δῆμον.
2956 4366 3113 4430 Τινὲς
3131 4365 3187 4419 δέ
3211 4380 3374 4433 φασιν
3397 4362 3478 4413 ὅτι
3507 4360 3597 4412 καὶ
3634 4371 3771 4426 μαρ-

2207 4465 2390 4537 τύριόν
2424 4466 2537 4517 ἐστι
2583 4460 2677 4516 τοῦ
2707 4458 3096 4530 κεντουρίωνος
3147 4454 3337 4507 τούτου
3384 4445 3773 4520 ἀνδρισαμένον

538 4566 791 4612 stantem.
854 4554 1030 4610 Verax
1077 4553 1219 4609 enim
1280 4563 1398 4607 erat
1450 4550 1710 4607 Dominus
1776 4566 1897 4607 cum
1955 4552 2085 4608 dice-

2211 4536 2350 4628 μετὰ
2386 4554 2556 4609 ταῦτα
2590 4555 2646 4607 έν
2685 4554 2752 4623 τῇ
2784 4550 2985 4606 πίστει.
3029 4545 3257 4617 Ἀληθὴς
3302 4538 3370 4613 ἦν
3401 4541 3576 4609 λέγων
3604 4540 3632 4591 ὁ
3659 4536 3772 4630 Κύ-

541 4659 671 4704 ret:
726 4668 745 4701 ι
775 4648 908 4703 Cum
957 4645 1226 4700 exaltatus
1284 4644 1435 4698 fuero
1480 4660 1509 4697 a
1560 4654 1723 4706 terra,
1777 4658 1966 4699 omnes
1998 4653 2109 4696 tra-

539 4740 667 4794 ham
745 4738 811 4791 ad
882 4737 1145 4803 meipsum
1190 4734 1257 4787 '“.
1314 4753 1332 4783 ι
1402 4733 1539 4789 Ecce
1587 4736 1730 4787 enim
1783 4733 1834 4785 in
1877 4731 2106 4800 pretiosa

538 4843 703 4884 cruce
734 4828 999 4891 sublatus,
1026 4825 1189 4895 cmpit
1241 4824 1439 4879 multos
1467 4825 1567 4879 reti
1616 4837 1809 4892 capere
1841 4822 1908 4876 ad
1957 4822 2109 4891 agni-

543 4912 744 4977 tid‘nem
805 4919 1087 4973 veritatis:
1121 4918 1285 4971 traxit
1328 4917 1488 4985 igitur
1527 4914 1919 4978 centurionem,
1947 4912 2111 4966 traxit

544 5022 723 5066 autem
781 5012 1042 5079 quosdam
1096 5010 1257 5063 etiam
1308 5006 1544 5069 Iudaeos,
1599 5006 1687 5074 qui
1746 5013 1961 5073 pectora
2014 5017 2108 5056 sua

544 5103 940 5172 percutiebaut,
973 5098 1365 5169 quodammodo
1406 5099 1625 5150 (ιιιιηίηο
1679 5091 2007 5162 contpuncti,
2047 5106 2112 5145 ac

547 5194 744 5249 mentis
776 5192 946 5247 oculis
978 5191 1259 5244 Dominum
1303 5188 1594 5242 intuentes.

619 5282 855 5345 XXVIII,
892 5283 942 5337 7.
979 5279 1047 5334 Et
1091 5282 1194 5334 cito
1232 5289 1410 5331 euntes
1443 5277 1600 5330 dicite
1644 5274 1919 5344 discipulis
1975 5274 2115 5342 ejus,

547 5378 674 5444 quia
709 5375 947 5431 Surrexit
980 5393 1010 5427 ιι
1046 5373 1283 5432 mortuis,
1333 5381 1377 5422 el
1433 5386 1546 5422 ecce
1601 5370 1853 5432 prwcedet
1911 5386 1997 5422 vos
2062 5367 2117 5419 in

552 5468 825 5523 Cati/reum
848 5483 864 5519 :
889 5469 958 5523 ab:
984 5483 1096 5519 eum
1116 5466 1393 5524 videbitis;
1422 5480 1537 5515 ecce
1558 5466 1781 5530 praedixi
1814 5464 1973 5518 vobis.

625 5644 912 5714 Postquam
942 5645 993 5699 in
1027 5658 1189 5698 cruce
1218 5653 1437 5712 propter
1491 5655 1586 5694 nos
1639 5639 1897 5696 Dominus
1947 5642 2113 5696 susti-

627 5825 670 5856 “
696 5822 852 5878 Joan.
889 5838 985 5889 xu,
1017 5822 1103 5877 5'2.

2215 4664 2356 4717 ριος·
2396 4666 2414 4696 ι
2449 4646 2618 4699 Ὅταν
2664 4640 2864 4712 ὑψωθῶ
2911 4643 2974 4693 ὲκ
3024 4639 3123 4707 τῆς
3169 4636 3295 4705 γῆς.
3327 4635 3534 4695 πάντας
3568 4629 3776 4682 ἑλκύσω

2214 4716 2350 4807 πρὸς
2407 4733 2661 4803 ἐμαυτόν,
2703 4751 2721 4782 ι
2782 4730 2912 4783 Ἰδοὺ
2941 4727 3049 4798 γὰρ
3085 4728 3142 4778 ὲν
3204 4723 3283 4795 τῷ
3336 4720 3503 4791 τιμίῳ
3560 4716 3777 4787 σταυρῷ

2216 4824 2534 4896 ὺψούμενος,
2564 4821 2766 4892 ἤρξατο
2796 4818 2890 4873 τοῦ
2938 4815 3258 4887 σαγηνεύειν
3295 4812 3521 4873 πολλοὺς
3555 4811 3634 4871 είς
3663 4809 3777 4859 έπε-

2214 4934 2415 4987 γνωσιν
2448 4914 2718 4984 ἀληθείας.
2773 4913 3002 4967 Εἴλκυσε
3048 4908 3176 4978 γοῦν
3213 4908 3303 4960 τὸν
3349 4904 3776 4971 ἑκατόνταρχον,

2216 5007 2433 5060 εἵλκυσε
2457 5005 2513 5058 δὲ
2541 5004 2758 5058 καὶτῶν
2784 5002 3049 5056 Ἰουδαίων
3076 5000 3250 5064 τινὰς,
3290 4998 3338 5052 οἳ
3372 4998 3465 5050 καὶ⁴
3505 4996 3571 5050 τὶ
3606 4994 3777 5061 στήθη

2217 5096 2444 5150 ἔτυπτον
2493 5092 2949 5164 κατανυττόμενοί
2984 5111 3086 5147 που
3122 5093 3336 5153 πάντως
3379 5090 3473 5142 καὶ
3519 5088 3631 5149 τοῖς
3683 5085 3781 5152 τῆς

2216 5189 2448 5253 διανοίας
2476 5189 2683 5259 ὄμμασι
2716 5188 3110 5250 ἀναϐλέποντες
3142 5188 3278 5256 πρὸς
3307 5183 3529 5254 Κύριον.

2289 5280 2399 5335 Καὶ
2433 5279 2582 5348 ταχὺ
2618 5279 2995 5349 πορευθεῖσαι
3024 5320 3039 5343 ,
3078 5280 3282 5332 εἴπατε
3333 5275 3456 5341 τοῖς
3492 5269 3779 5343 μαθηταῖς

2219 5371 2429 5436 αὐτοῦ,
2462 5371 2553 5425 ὅτι
2585 5371 2832 5441 Ἠγέρθη
2876 5371 2992 5425 ἀπὸ
3044 5371 3163 5423 τῶν
3216 5366 3465 5435 νεκρῶν,
3514 5363 3613 5418 καί
3651 5360 3778 5416 ἰδοὺ

2219 5463 2463 5532 προάγει
2515 5458 2669 5528 ὑμᾶς
2713 5463 2801 5525 εὶς
2848 5458 2961 5526 τὴν
3011 5458 3376 5513 Γαλιλαίαν·
3430 5453 3556 5508 ἐκεῖ
3599 5449 3783 5504 αὑτὸν

2220 5552 2444 5620 ὄψεσθε
2463 5566 2475 5579 °
2513 5549 2640 5604 ἰδοὺ
2663 5547 2834 5604 εἷπον
2860 5550 3019 5620 ὑμῖν.

2303 5642 2516 5713 Ἐπειδὴ
2544 5642 2601 5696 τὸ
2629 5641 2720 5694 ἐπὶ
2750 5640 2824 5713 τῷ
2860 5641 3074 5712 σταυρῷ
3104 5640 3168 5694 δι’
3205 5642 3349 5711 ἡμᾶς
3399 5634 3782 5707 ὑπομεμένηκε
3842 5684 3848 5689 .
