4134 6374
364 427 467 478 ιον

1527 430 1883 490 ΕΟΜΜΕΝΤ.
1927 434 1994 488 IN
2035 436 2476 498 MATTHrEUM.

3542 447 3610 501 70

362 537 532 600 πάθος
557 539 584 590 ό
611 539 838 608 Κυριος,
870 541 962 594 καὶ
992 541 1090 612 τῆς
1115 541 1370 598 ἁπάντων
1413 544 1556 616 ζωῆς
1580 546 1932 615 ἀντάλλαγμα

2047 550 2151 605 :mit
2182 554 2513 619 passimiem,
2551 568 2614 608 ac
2671 554 2864 623 pignus
2915 569 3013 623 pro
3069 567 3312 611 nostrum
3370 560 3610 616 omnium

363 630 458 701 τὴν
484 628 678 682 ἑαυτοῦ
705 631 903 686 δέδωκε
940 635 1136 705 σάρκα,
1163 639 1257 690 καὶ
1282 633 1347 706 ἦν
1398 640 1453 689 ὲν
1487 639 1736 708 μνημείῳ
1769 641 1936 692 καθά-

363 737 469 788 περ
495 737 578 785 τις
621 741 640 772 ι
686 723 918 794 άϐόηθος
958 727 1017 779 ὲν
1069 732 1278 798 νεκροῖς
1319 730 1620 802 ἐλεύθερος,
1661 752 1678 783 ι
1711 734 1850 786 κατά
1878 736 1938 786 τὸ

361 815 418 867 ὲν
438 813 685 882 Ψαλμοῖς
709 816 1047 887 ὑμνούμενον
1065 838 1077 849 ⁸
1115 821 1344 892 ἔδραμον
1365 827 1418 876 αἱ
1439 827 1692 890 γυναῖκες
1713 826 1780 878 τά
1804 826 1937 895 πρὸς

361 905 457 974 τὴν
517 904 611 958 τοῦ
667 906 919 976 σώματος
968 909 1264 981 θεραπείαν
1311 914 1762 984 ὲπικομιζόμεναι
1791 957 1802 973 .
1846 919 1937 970 καὶ

361 998 671 1066 ἀρωμάτων
699 994 854 1052 οὖσαι
895 1003 1111 1069 μεσταί.
1152 1003 1428 1072 Ἐνόμιζον
1473 1005 1602 1076 γὰρ,
1641 1007 1722 1059 ὅτι
1758 1008 1936 1060 κείσε-

361 1102 448 1137 ται
472 1090 582 1148 τοῖς
603 1086 779 1150 ἄλλοις
799 1089 934 1158 ὁμοῦ
957 1093 1050 1143 καὶ
1077 1092 1342 1161 ἀπομενεῖ
1363 1095 1554 1164 νεκρὸς
1582 1097 1638 1147 ὲν
1666 1097 1935 1166 μνημείῳ.

363 1177 472 1228 Καὶ
509 1179 669 1247 μήτοι
691 1179 975 1253 θαυμάσῃς
995 1184 1042 1234 εί
1069 1187 1322 1248 γυναῖκες
1341 1185 1568 1253 ἠγνόουν
1597 1187 1676 1239 ὅτι
1708 1188 1837 1250 Θεὸς
1864 1188 1938 1240 ὢν

364 1268 457 1319 καὶ
494 1267 626 1340 ζωὴ,
655 1269 714 1323 τὸ
752 1271 848 1340 τῆς
876 1273 1078 1344 φθορᾶς
1103 1275 1392 1329 καταλύσει
1419 1280 1634 1349 κράτος.
1661 1281 1756 1333 καὶ⁵
1781 1282 1939 1334 πάλιν

364 1359 536 1428 δρομή
547 1376 626 1412 σει
657 1361 791 1431 πρὸς
820 1360 983 1434 ζωὴν,
1007 1365 1141 1419 ὅπου
1171 1367 1263 1419 καὶ
1285 1367 1467 1432 αὐτοῖς
1492 1373 1601 1432 τοῖς
1623 1371 1938 1435 ἀποστόλοις

365 1451 540 1522 δ’περὶ
558 1451 659 1520 τῆς
683 1454 1030 1519 ἀναστάσεως
1058 1457 1222 1510 αὑτοῦ
1240 1458 1395 1526 λόγος
1414 1459 1589 1525 ἔδοξεν
1611 1459 1747 1514 εἶναι
1777 1463 1940 1532 λῆρός

365 1556 447 1602 τις
470 1540 653 1605 ἁπλῶς
687 1543 778 1595 καὶ
810 1545 1042 1615 πρᾶγμα
1087 1547 1522 1618 κατεψευσμένον
1544 1591 1556 1612 ,
1599 1551 1685 1604 διὰ
1717 1553 1776 1603 τὸ
1807 1553 1940 1622 μηδὲ

367 1631 561 1696 αὐτοὺς
585 1632 782 1687 εἰδέναι
802 1635 900 1704 τὴν
929 1635 1284 1690 θεόπνευστον
1316 1639 1557 1712 Γραφήν.
1587 1644 1792 1696 Οὐκοῦν
1818 1645 1942 1714 ἁφὶ-

368 1739 524 1774 κοντο
555 1722 652 1792 μὲν
677 1725 732 1776 αἱ
759 1728 1013 1792 γυναῖκες
1039 1728 1131 1780 ἐπὶ
1155 1728 1212 1781 τὸ
1243 1731 1453 1800 μνῆμα,
1497 1733 1594 1802 τῆς
1650 1736 1728 1796 εἰς
1783 1736 1942 1787 αὑτὸν

371 1812 588 1882 ἀγάπης
605 1813 784 1867 ἕνεκα·
822 1817 919 1885 οὐχ
951 1817 1209 1886 εὑροῦσαί
1232 1838 1293 1888 γε
1322 1822 1425 1892 μὴν
1443 1823 1500 1874 τὸ
1524 1824 1677 1892 σῶμα
1699 1826 1790 1878 τοῦ
1813 1828 1942 1896 Χρι-

373 1904 521 1969 στοῦ,
570 1906 769 1975 ὁρῶσιν
807 1908 962 1976 ἆγιον
992 1909 1238 1979 ἄγγελον.
1275 1915 1384 1967 Καὶ
1416 1915 1479 1985 δὴ
1511 1917 1734 1983 γέγονεν
1760 1920 1942 1983 αὐτοῖς

369 1997 762 2070 εύαγγελιστὴς
797 2002 890 2054 καὶ
926 2002 1101 2074 κῆρυξ
1146 2005 1246 2073 τῆς
1292 2009 1659 2072 ἀναστάσεως.
1715 2013 1803 2080 Μὴ
1833 2012 1941 2082 γὰρ

370 2085 587 2157 ζητῆτε,
613 2091 768 2159 φησὶ,
801 2090 892 2144 τὸν
914 2093 999 2146 ἀεὶ
1026 2093 1203 2156 ζῶντα
1233 2099 1374 2150 κατὰ
1401 2097 1560 2165 φύσιν
1593 2099 1721 2154 ὄντα
1774 2103 1938 2172 ζωήν,

373 2178 508 2248 μετὰ
536 2180 644 2234 τῶν
698 2182 906 2253 νεκρῶν
926 2202 938 2213 ’
974 2185 1072 2240 οὐκ
1105 2186 1219 2240 ἐστι
1264 2187 1372 2260 γάρ
1403 2183 1504 2244 ὦδε
1524 2232 1538 2254 ,
1583 2194 1857 2248 τουτέστιν
1885 2199 1941 2250 ὲν

370 2271 582 2344 θανάτῳ
599 2277 695 2329 καὶ
709 2279 972 2347 μνήματι,
992 2279 1106 2331 ἀλλ’
1129 2280 1354 2352 ἠγέρθη,
1377 2282 1493 2346 ὁδὸς
1515 2287 1612 2354 τῆς
1635 2286 1713 2349 εἰς
1734 2288 1932 2360 ἀφθαρ-

373 2362 491 2416 σίαν
529 2365 838 2436 ἁναδρομῆς
889 2369 986 2438 οὐχ
1015 2370 1191 2440 ἑαυτῷ
1217 2372 1438 2440 μᾶλλον,
1473 2375 1587 2428 ἀλλ’
1628 2379 1758 2449 ἡμῖν
1790 2381 1942 2447 γενό-

373 2469 552 2520 μενος.
609 2456 704 2508 Διά
732 2456 889 2510 τοῦτο
921 2458 1030 2529 γὰρ
1081 2461 1317 2530 καθῆκεν
1348 2466 1538 2519 ἑαυτὸν
1583 2470 1662 2532 είς
1690 2470 1938 2538 κένωσιν,

371 2544 464 2597 καὶ
495 2544 590 2616 τὴν
624 2547 761 2612 πρὸς
798 2549 942 2617 ἡμᾶς
971 2550 1208 2619 ὑπῆλθεν
1235 2555 1512 2622 ὁμοίωσιν,
1555 2577 1572 2608 ι
1612 2559 1726 2612 Ἵνα
1759 2563 1941 2632 χάριτι

370 2631 524 2698 Θεοῦ,
567 2634 709 2688 καθά
739 2654 900 2707 φησιν
954 2640 1220 2709 μακάριος
1270 2645 1498 2709 Παῦλος,
1547 2648 1686 2719 ὑπὲρ
1741 2654 1942 2716 παντὸς

372 2727 632 2799 γεύσηται
660 2730 891 2784 θανάτου
911 2775 922 2793 ,
964 2754 981 2783 ι
1016 2735 1108 2786 καὶ
1137 2735 1359 2806 γένηται
1393 2739 1550 2794 τοῦτο
1589 2741 1682 2794 τοῦ
1709 2743 1938 2799 Θανάτου

373 2817 619 2884 Θάνατος,
659 2822 753 2903 καί.
780 2825 1072 2890 κατάλυσις
1105 2829 1245 2900 ἀρες
1273 2832 1374 2902 τῆς
1402 2838 1841 2912 ἐπενηνεγμένης
1866 2842 1944 2912 τῷ

373 2911 781 2984 πρωτοπλάστῳ
800 2918 947 2971 ποτέ.
969 2920 1235 2992 Τοιαύτης
1258 2925 1363 2998 γάρ
1380 2927 1590 2993 ἐλπίδος
1605 2911 1944 3002 παρεσκεύα-

374 3017 464 3052 σεν
515 3002 642 3058 εῐσω
689 3007 942 3073 γενέσθαι
967 3011 996 3062 ό
1043 3012 1260 3083 Κύριος,
1294 3016 1461 3071 εἰπών
1487 3035 1502 3050 ο
1532 3039 1550 3070 ‹
1597 3022 1767 3092 Ἀμὴν
1803 3023 1943 3093 λέγω

374 3097 524 3186 ὑμῖν,
571 3101 599 3150 ό
634 3102 906 3155 πιστεύων
939 3107 1017 3168 είς
1075 3108 1172 3176 ἐμὲ
1220 3110 1320 3163 κᾶν
1346 3112 1590 3185 ἀποθάνῃ
1642 3116 1883 3186 ζήσεται.
1920 3140 1937 3173 ι

1978 1908 2014 1962 Β

2039 644 2147 696 vita
2188 659 2338 697 suam
2380 646 2527 698 dedit
2587 661 2830 711 carnem,
2865 648 3072 715 fuitque
3125 651 3178 702 in
3243 650 3514 719 sepulcro,
3553 663 3611 707 ut

2039 737 2256 804 quidam
2293 757 2312 788 ι
2346 739 2463 792 sine
2496 738 2767 804 adjutorio
2823 741 2966 794 inter
3011 750 3254 795 mortuos
3313 743 3451 796 liber
3473 744 3542 806 τ’,
3588 763 3607 794 ι

2039 831 2178 882 sicut
2203 830 2256 882 in
2289 829 2516 898 Psalmis
2538 841 2814 886 cantatum
2849 843 2970 887 est:
3003 844 3366 888 cucurrerunt
3424 838 3612 890 mulie-

2041 935 2146 983 res.
2183 934 2246 974 ea
2276 934 2395 988 qua:
2425 921 2490 973 ad
2521 922 2766 991 corporis
2797 919 3028 976 ollicium
3083 925 3354 991 pertinent
3383 923 3612 980 alleren-

2041 1019 2144 1073 tes,
2175 1021 2231 1064 et
2279 1011 2611 1066 aromatihus
2689 1014 2988 1066 instructa».
3039 1014 3436 1070 Existimabant
3468 1018 3612 1070 enim

2042 1101 2155 1156 fore
2191 1111 2247 1153 ut
2273 1101 2462 1156 eodem
2496 1103 2657 1157 modo
2689 1118 2799 1172 quo
2829 1105 3007 1158 caeteri
3025 1103 3235 1171 jaceret
3263 1105 3314 1158 in
3366 1106 3614 1174 sepulcro

2043 1200 2394 1259 mortuusque
2426 1203 2791 1262 permaneret.
2838 1197 2912 1247 Ac
2949 1208 3014 1248 ne
3064 1195 3278 1248 mireris
3336 1196 3613 1265 ignorasse

2043 1282 2293 1337 mulieres
2339 1298 2484 1346 eum,
2524 1300 2642 1338 cum
2687 1286 2828 1340 Deus
2865 1296 2920 1340 et
2951 1286 3056 1340 vita
3095 1286 3186 1354 sit,
3227 1287 3387 1357 110
3439 1287 3614 1344 disso-

2043 1374 2276 1428 luturum
2307 1375 2473 1430 robur
2502 1379 2894 1445 corruptionis,
2938 1394 3237 1448 rursusque
3267 1394 3612 1435 recursurum

2043 1466 2107 1520 ad
2156 1467 2339 1531 vitam,
2368 1470 2584 1535 quando
2632 1470 2793 1523 etiam
2848 1471 3107 1539 apostolis
3157 1470 3299 1526 illius
3344 1487 3524 1528 sermo
3549 1472 3615 1528 de

2045 1558 2440 1613 resurrectione
2501 1575 2653 1628 nugas
2691 1559 2846 1629 plane
2878 1575 2998 1615 esse
3053 1561 3399 1626 videbantur,
3435 1578 3497 1618 ac
3527 1576 3615 1618 res

2044 1648 2291 1718 qumdam
2317 1654 2595 1719 ementita,
2624 1669 2688 1708 eo
2739 1657 2880 1723 quod
2911 1670 2977 1708 ne
3029 1656 3129 1724 ipsi
3168 1657 3384 1725 quidem
3414 1655 3614 1710 intelli-

2043 1753 2228 1811 gerent
2255 1743 2510 1798 divinitus
2535 1745 2851 1815 inspiratam
2877 1747 3233 1815 Scripturam.
3260 1745 3446 1816 Itaque
3471 1746 3618 1801 abie-

2047 1844 2172 1887 runt
2196 1836 2410 1902 quidem
2437 1836 2692 1891 mulieres
2717 1836 2784 1890 ad
2808 1837 3113 1906 sepulcrum
3145 1837 3346 1894 Christi
3373 1838 3442 1892 ob
3467 1853 3616 1894 amo-

2048 1941 2158 1980 rem
2193 1928 2242 1979 in
2275 1943 2419 1980 eum.
2455 1926 2567 1981 Non
2607 1928 2825 1982 invento
2873 1938 3054 1983 autem
3106 1929 3178 1983 ibi
3211 1929 3324 1997 ejus
3367 1945 3614 1997 corpore,

2044 2017 2228 2070 vident
2270 2032 2514 2073 sanctum
2547 2020 2827 2089 angelum;
2861 2031 2917 2074 et
2968 2022 3054 2076 hic
3104 2021 3293 2090 utique
3325 2020 3499 2076 Iactus
3533 2030 3618 2076 est

2045 2107 2150 2161 illis
2184 2112 2422 2176 nuntius,
2450 2121 2504 2164 et
2532 2126 2706 2180 praeco
2752 2115 3170 2168 resurrectionis
3199 2136 3212 2170 :
3239 2112 3414 2168 Nolite
3439 2114 3617 2181 enim,

2046 2201 2239 2270 inquit,
2261 2217 2477 2271 semper
2510 2203 2776 2257 viventem
2809 2220 2929 2257 cum
2962 2205 3190 2260 mortuis
3233 2219 3497 2274 quazrere,
3525 2205 3616 2273 qui

2044 2302 2108 2342 ex
2141 2297 2331 2341 natura
2365 2305 2459 2344 sua
2499 2291 2606 2344 vita
2640 2301 2746 2355 est,
2778 2294 2902 2360 quia
2945 2307 3050 2345 non
3079 2303 3161 2347 est
3195 2293 3302 2355 hic,
3343 2292 3393 2346 id
3417 2302 3520 2358 est,
3561 2293 3614 2345 In

2045 2387 2219 2431 morte
2245 2394 2309 2431 ac
2342 2390 2712 2444 munumento,
2747 2381 2840 2435 sed
2897 2382 3194 2436 suscitatus
3223 2393 3328 2445 est,
3355 2397 3459 2434 non
3507 2391 3614 2434 tam

2046 2465 2145 2519 sibi
2178 2482 2338 2536 quam
2370 2468 2521 2523 nobis
2552 2470 2636 2524 via
2667 2471 2980 2525 recurrendi
3040 2470 3107 2524 ad
3152 2469 3614 2538 incorruptionem

2046 2557 2240 2613 Iactus.
2278 2560 2566 2630 Propterea
2627 2565 2769 2618 enim
2811 2564 3112 2617 exinanivit
3170 2559 3616 2630 semetipsum",

2046 2658 2391 2717 nostramque
2437 2651 2601 2704 subiit
2653 2651 3080 2713 similitudinem,
3119 2667 3135 2698 ι
3176 2647 3243 2703 Ut
3272 2648 3446 2717 gratia
3497 2643 3616 2707 Dei,

2047 2752 2105 2796 ut
2142 2743 2218 2795 ait
2273 2744 2462 2797 beatus
2538 2741 2843 2806 Paulus“,
2920 2757 3016 2808 pro
3082 2743 3331 2794 omnibus
3375 2747 3620 2808 gustaret

2048 2843 2297 2897 mortem,
2339 2851 2355 2884 ι
2411 2833 2568 2900 idque
2625 2837 2717 2884 liat
2763 2835 2952 2886 mortis
3017 2846 3185 2892 mors,
3228 2843 3290 2881 ac
3335 2826 3626 2880 dissolutio

2047 2926 2441 2980 maledic-tionis
2492 2925 2776 2992 aliquando
2831 2923 2950 2977 lata:
2997 2923 3054 2973 in
3103 2919 3514 2987 protoplastum.
3559 2916 3616 2969 In

2049 3015 2210 3070 talem
2261 3018 2405 3068 enim
2455 3031 2603 3084 spem
2661 3015 2872 3067 induxit
2923 3026 3027 3066 nos
3082 3011 3339 3064 Dominus
3384 3008 3612 3060 dicens:

2057 3127 2075 3158 ε
2108 3107 2276 3159 Amen
2298 3107 2421 3160 dico
2464 3108 2632 3164 vobis.
2663 3106 2750 3172 qui
2781 3103 2950 3157 credit
2975 3104 3027 3156 in
3075 3115 3182 3165 me,
3230 3099 3444 3154 etiamsi
3477 3112 3618 3150 mor-

373 3185 586 3240 Εἱδέναι
609 3190 716 3260 γὰρ
747 3191 828 3244 δεῖ
856 3192 932 3254 ὼς
962 3194 1180 3264 ἄγγελοι
1209 3202 1321 3263 τοῖς
1349 3205 1600 3270 ποιμέσιν
1627 3208 1681 3258 ὲν
1705 3206 1942 3281 Βηθλεὲμ

2051 3208 2173 3252 tuus
2205 3197 2387 3261 fuerit,
2413 3198 2556 3250 vivet
2579 3199 2653 3250 7'.
2681 3215 2697 3247 ι
2732 3196 3020 3250 Sciendum
3055 3193 3198 3246 enim
3231 3201 3334 3255 est,
3362 3201 3420 3242 ut
3446 3185 3619 3256 angeli

372 3278 463 3327 τὸν
490 3278 650 3368 τόκον
687 3280 1121 3350 εὐηγγελίζοντο,
1172 3289 1265 3340 καὶ
1305 3289 1400 3342 νῦν
1440 3291 1654 3362 λογικαὶ
1686 3278 1944 3368 δυνάμεις

376 3367 701 3436 κηρύττουσι
738 3373 835 3444 τὴν
870 3373 1183 3432 ἀνάστασιν.
1237 3380 1665 3455 Λελειτούργηκε
1707 3367 1885 3441 τοίνυν
1916 3391 1944 3442 ὁ

375 3459 600 3530 οὐρανὸς
632 3467 742 3528 τοῖς
771 3469 899 3535 περὶ
939 3468 1103 3520 αὐτοῦ
1135 3471 1470 3542 κηρύγμασι,
1500 3479 1592 3530 καὶ
1625 3482 1946 3550 περιέπουσι

377 3549 466 3600 τὸν
497 3549 622 3604 Υἱὸν
667 3555 722 3606 αἱ
774 3554 880 3607 τῶν
910 3555 1021 3610 ἀνω
1052 3561 1376 3628 πνευμάτων
1423 3549 1705 3632 στρατιαὶ,
1733 3570 1808 3633 ὡς
1837 3572 1946 3626 τῶν

376 3639 512 3692 ὅλων
568 3644 844 3716 Δεσπότην
896 3649 986 3700 καὶ
1039 3648 1262 3719 Κύριον,
1319 3652 1410 3704 καὶ
1443 3654 1532 3707 ὅτε
1563 3658 1752 3725 γέγονε
1788 3660 1944 3734 σὰρξ,

378 3733 652 3789 τουτέστιν
680 3736 987 3808 ἄνθρωπος.

462 3911 558 3978 Ὠς
581 3911 652 3966 δὲ
689 3915 1050 3984 ἐπορεύοντο
1080 3925 1435 3994 ἀπαγγεῖλαι
1481 3930 1606 3995 τοῖς
1648 3933 1943 4001 μαθηταῖς

378 4002 593 4068 αὑτοῦ,
640 4004 739 4060 καί
767 4007 896 4062 ἰδοὺ
948 4015 980 4064 ό
1026 4013 1266 4081 Ἰησοῦς
1319 4019 1672 4088 ἀπήντησεν
1717 4022 1946 4090 αὐταῖς,

379 4091 602 4161 λέγων’
635 4098 896 4167 Χαίρετε.
921 4107 992 4158 Al
1029 4104 1098 4158 δὲ
1125 4111 1570 4175 προσελθοῦσαι
1607 4114 1952 4184 ἐκράτησαν

377 4185 565 4240 αὐτοῦ
595 4189 735 4255 τοὺς
767 4191 957 4256 πόδας
983 4195 1086 4248 καὶ
1125 4201 1596 4269 προσεκύνησαν
1627 4204 1807 4272 αὐτῷ.

452 4277 766 4349 Κεκέρδακε
795 4281 855 4334 τὸ
882 4281 1013 4353 θῆλυ
1038 4285 1194 4351 γένος
1224 4289 1320 4342 καὶ
1342 4289 1492 4344 λύσιν
1521 4293 1825 4362 όνειδισμοῦ
1857 4299 1950 4352 καὶ

381 4369 624 4440 κατάρας
652 4370 984 4445 ἀνατροπὴν.
1015 4376 1072 4431 '0
1091 4377 1198 4450 γὰρ
1218 4383 1385 4435 εἰπὼν
1405 4384 1572 4438 πάλαι
1608 4385 1745 4456 πρὸς
1758 4388 1948 4452 αὐτάςο

386 4475 405 4508 ι
445 4459 532 4512 Ἐν
588 4459 788 4526 λύπαις
841 4465 969 4537 τέξῃ
1002 4468 1190 4533 τέκνα,
1234 4489 1252 4521 ι
1293 4471 1502 4526 παῦλαν
1536 4475 1729 4540 αὐταῖς
1779 4478 1949 4533 ἔδωκε

2048 3291 2354 3362 pastoribus
2415 3289 2690 3344 Bethleem
2765 3299 2978 3355 partum
3058 3287 3473 3346 annimtiaruut,
3541 3281 3616 3331 ita

2046 3387 2342 3441 etiamnum
2380 3381 2664 3436 rationales
2689 3381 2916 3434 virtutes
2939 3377 3230 3446 pradicare
3254 3371 3611 3426 resurrectio-

2048 3491 2190 3531 nem.
2217 3474 2519 3529 Suliscrviit
2563 3472 2726 3540 igitur
2778 3470 2972 3523 caelum
3025 3467 3169 3521 illius
3224 3464 3615 3534 przedicationi,

2049 3583 2113 3624 ac
2148 3576 2444 3636 sequuntur
2477 3565 2666 3620 Filium
2722 3562 3007 3631 spirituum
3051 3572 3407 3628 supernorum
3463 3569 3622 3610 exer-

2049 3663 2208 3726 citus,
2279 3658 2432 3728 111
2499 3664 2752 3722 tanquam
2808 3654 3182 3706 universorum
3246 3657 3511 3702 rectorem
3559 3661 3622 3700 ac

2050 3752 2359 3814 Dominum,
2387 3747 2549 3804 etiam
2602 3762 2722 3800 cum
2779 3759 2928 3805 caro,
2966 3744 3016 3796 id
3086 3751 3169 3796 est
3222 3740 3404 3804 homo,
3448 3738 3621 3793 factus

2050 3852 2149 3898 est.
2191 3879 2194 3883 ~
3497 3921 3526 3932 Α

2123 3933 2362 3996 XXVIII,
2405 3932 2458 3987 9.
2515 3929 2582 3985 Ut
2634 3939 2809 3983 autem
2859 3942 3076 3997 egressa:
3137 3932 3260 3978 sunt
3302 3929 3621 3976 annuntiare

2050 4025 2324 4094 discipulis
2356 4023 2492 4093 ejus,
2537 4033 2584 4076 et
2615 4037 2730 4075 ecce
2769 4020 2926 4073 Jcsus
2970 4020 3198 4072 occurrit
3246 4015 3352 4066 illis
3393 4014 3574 4067 dicens
3601 4030 3622 4068 :

2052 4117 2228 4172 Avete.
2266 4114 2384 4169 ιιιω
2419 4124 2592 4167 autem
2638 4111 2935 4165 accedentes
2967 4113 3237 4162 tenuerunt
3268 4104 3421 4171 pedes
3483 4101 3619 4172 ejus.

2051 4212 2101 4257 et
2128 4203 2475 4256 adoraverunt
2505 4215 2642 4252 eum.

2124 4293 2371 4350 Obtinuit
2403 4292 2665 4345 muliebre
2690 4303 2859 4360 genus
2885 4297 2937 4341 et
2970 4287 3291 4340 solutionem
3319 4284 3620 4353 opprobrii,

2052 4396 2108 4442 et
2136 4385 2534 4441 maledictionis
2558 4382 2990 4438 conversionem.
3025 4378 3160 4433 Cum
3211 4376 3355 4430 enim
3383 4374 3510 4429 olim
3545 4375 3626 4428 eis

2053 4479 2278 4534 dixisset
2306 4496 2320 4533 :
2352 4494 2371 4529 ι
2410 4477 2465 4530 ln
2490 4475 2672 4530 dolore
2702 4473 2881 4542 paries
2906 4470 3043 4525 Illios
3069 4480 3186 4524 tuos
3210 4469 3280 4532 ⁷⁸,
3317 4486 3336 4520 ι
3375 4469 3616 4537 requiem

381 4552 716 4622 συναντήσας
731 4555 921 4620 αὐταῖς
937 4559 994 4610 ἐν
1008 4559 1086 4629 τῷ
1101 4562 1280 4631 κήπῳ,
1296 4565 1388 4616 καὶ
1403 4564 1594 4619 εἰπών·
1617 4585 1638 4618 ι
1658 4568 1912 4640 Χαίρετε.
1926 4590 1942 4622 ι

2055 4573 2134 4628 eis
2149 4571 2595 4627 deditoccurrens
2615 4567 2764 4622 eisin
2798 4566 2975 4630 horto,
3006 4577 3070 4616 ac
3096 4563 3311 4617 dicens:
3331 4578 3349 4612 ι
3371 4559 3558 4614 Avete.
3600 4576 3620 4608 ι

378 4641 512 4696 Μεθ’
555 4644 999 4720 ὑπερϐαλλούσης
1038 4653 1377 4724 εὐφροσύνης
1406 4658 1462 4710 αἱ
1515 4663 1768 4726 γυναῖκες
1800 4663 1948 4736 αὐτῷ

379 4735 820 4807 προσδραμοῦσαι
852 4740 1172 4812 ἐλάμϐανον,
1207 4746 1301 4799 καὶ
1322 4745 1410 4799 διά
1439 4749 1536 4818 τῆς
1556 4750 1716 4821 ἁφῆς,
1743 4735 1948 4824 τεκμήὲ

382 4844 493 4896 ρῖον
525 4829 617 4881 καὶ¹
646 4831 1018 4902 πληροφορίαν
1036 4834 1134 4902 τῆς
1157 4837 1523 4904 ἀναστάσεως,
1548 4845 1643 4895 καὶ
1678 4843 1946 4913 προσεκόσ-

379 4936 548 4988 νησαν
577 4921 744 4990 αὐτῷ.
782 4922 846 4974 Τί
883 4919 976 4976 οὖν
1003 4924 1193 4990 αύτόςς
1224 4943 1242 4976 ι
1276 4926 1367 4998 Μὴ
1394 4929 1643 4996 φοϐεῖσθε
1664 4946 1680 4962 ο
1725 4950 1744 4982 ι
1784 4933 1946 4987 πάλιν

381 5012 472 5061 καὶ
496 5009 655 5072 αὐτὸς
691 5011 752 5064 τὸ
789 5011 906 5075 δέος
934 5014 1180 5068 ἐκϐάλλει
1231 5017 1594 5086 προοδοποιῶν
1634 5023 1699 5091 τῇ
1742 5023 1946 5087 πίστει,

383 5096 477 5148 καὶ⁵
502 5096 588 5150 διὰ
614 5098 722 5151 τῶν
755 5100 1030 5169 γυναικῶν
1067 5104 1191 5166 τοὺς
1219 5105 1464 5174 μαθητάς
1492 5107 1902 5176 εὐαγγελίζεται
1930 5127 1943 5141 ο

382 5187 410 5239 δ
461 5189 714 5256 πολλάκις
766 5188 939 5258 εἷπον,
969 5195 1031 5248 τὸ
1076 5196 1307 5266 μάλιστα
1344 5199 1499 5267 γένος
1539 5202 1808 5268 ἀτιμωθὲν
1873 5205 1950 5266 είς

383 5281 548 5350 τιμὴν
575 5283 742 5351 ἄγων,
771 5286 862 5338 καὶ
904 5289 982 5348 εἰς
1008 5289 1247 5358 χρηστὰς
1279 5290 1519 5357 ἐλπίδας,
1555 5293 1648 5346 καὶ
1678 5293 1738 5346 τὸ
1780 5311 1950 5347 πεπο-

384 5375 548 5443 νηκὸς
573 5376 816 5444 ἰώμενος.

461 5557 506 5586 τ’
539 5557 676 5610 Psal.
718 5572 951 5623 Lxxxvu,
980 5560 1030 5612 6.

1145 5561 1190 5591 ⁷³
1229 5561 1456 5632 Philipp.
1488 5579 1546 5627 ιι,
1583 5563 1631 5614 7.

386 5641 578 5692 xxviii,
615 5627 697 5681 Ill.

1733 5562 1776 5592 τ’*
1809 5560 1972 5617 Hebr.

2011 5575 2073 5627 ιι,

2057 4663 2278 4720 Summa
2303 4677 2424 4717 eum
2454 4661 2639 4716 laetitia
2663 4659 2919 4713 mulieres
2943 4657 2992 4711 ei
3024 4663 3370 4710 occurrentes
3397 4653 3449 4707 id
3473 4665 3626 4706 acce-

2054 4763 2270 4826 perunt,
2298 4754 2463 4808 etiam
2504 4766 2600 4820 per
2645 4761 2868 4816 tactum,
2921 4758 3297 4818 argumentum
3322 4755 3376 4799 et
3398 4745 3625 4799 certitu-

2052 4850 2234 4904 dinem
2282 4844 2717 4905 resurrectionis.
2751 4855 2806 4898 et
2867 4843 3163 4896 adorarunt
3211 4853 3376 4904 eum;
3430 4834 3621 4905 ecquid

2054 4941 2216 5012 igitur
2241 4939 2388 5009 ipse?
2428 4953 2448 4988 ι
2480 4935 2655 4989 Nolite
2685 4937 2876 4988 timere
2905 4933 2950 4965 ⁷⁷
2982 4949 2997 4986 ι
3038 4950 3056 4983 ι
3097 4945 3285 4984 rursus
3316 4930 3478 4983 etiam
3512 4928 3624 4995 ipse

2055 5041 2256 5089 metum
2285 5030 2430 5098 ejicit
2458 5030 2598 5082 viam
2643 5036 2892 5081 sternens
2941 5025 3084 5089 ﬁdei,
3115 5038 3180 5078 ac
3225 5037 3321 5091 per
3368 5019 3622 5073 mulieres

2056 5121 2334 5191 discipulis
2361 5117 2665 5172 annuntiat.
2698 5115 2852 5182 Quod
2891 5126 3258 5182 saepenumero
3297 5111 3426 5170 dixi.
3456 5121 3623 5179 genus

2053 5215 2285 5268 maxime
2334 5213 2540 5266 honore
2588 5222 2781 5262 carens
2835 5220 3046 5261 summo
3094 5204 3300 5260 honore
3359 5197 3538 5263 allicit,
3569 5209 3623 5251 et

2054 5308 2194 5362 bona
2231 5321 2323 5375 spe
2359 5303 2526 5365 fovet,
2560 5309 2612 5354 et
2647 5299 2788 5369 quod
2825 5299 3084 5353 laboravit
3109 5303 3283 5350 sanat.

2105 5561 2155 5615 9.
2271 5559 2314 5591 "
2346 5558 2500 5613 Joan.
2541 5573 2616 5623 ιι,
2643 5556 2733 5610 25.

2847 5557 2890 5586 ⁷⁸
2927 5556 3060 5611 Gen.
3090 5571 3169 5621 Ill,
3200 5554 3283 5610 16.
3362 5555 3406 5587 ⁷⁷
3430 5553 3620 5611 Matth.
