4134 6374
396 433 499 487 ΗΞ
1533 428 1891 483 COMMENT.
1938 428 2001 481 IN
2048 428 2484 487 MA'I'THAZUM.
3538 425 3639 480 ιη

1565 546 1713 600 Idem
1745 545 1982 617 Cyrillus
2020 550 2072 603 in
2114 550 2253 603 libro
2298 548 2468 602 XIII.

476 664 687 718 Etenim
722 680 813 733 per
856 665 1306 718 resurrectionem
1339 678 1368 717 a
1402 663 1632 717 mortuis
1686 662 1888 731 iterum
1926 663 2162 718 humana
2205 678 2399 718 natura
2448 661 2904 731 imputribilitatis
2957 679 3128 731 capax
3179 672 3261 716 cst
3314 663 3639 731 facta:qu:e

399 771 488 810 res
524 758 690 822 euenit
724 757 776 810 in
821 756 1061 819 Christo,
1107 755 1199 825 qui
1250 755 1453 810 idcirco
1488 755 1760 810 secundus
1804 756 2015 820 Adam,
2062 756 2270 825 primus
2313 753 2701 811 dormientium
2741 761 2796 807 et
2840 754 3238 822 primogenitus
3280 770 3345 808 ex
3406 758 3631 809 mortuis

398 848 683 903 vocitatur.

1456 965 1614 1035 113
1651 963 1797 1018 Idem
1825 962 2061 1035 Cyr-illus
2098 966 2152 1019 in
2191 966 2370 1021 eodem
2419 966 2574 1020 libro.

473 1098 693 1152 Mmstus
725 1097 831 1150 fuit
864 1096 1165 1165 dolensque
1195 1094 1457 1151 Servator
1483 1104 1694 1157 noster,
1727 1105 2051 1163 nostrasque
2086 1112 2370 1166 passrones
2400 1098 2647 1167 pertulit,
2684 1097 2899 1153 etiamsi
2939 1098 3079 1153 Deus
3117 1109 3259 1151 esset
3291 1097 3472 1150 dolore
3496 1096 3642 1151 onmi

398 1190 536 1244 liber
584 1198 645 1242 et
690 1188 998 1251 excelsior,
1052 1196 1111 1240 ut
1159 1202 1256 1242 nos
1304 1188 1515 1241 scilicet
1565 1200 1748 1239 veram
1794 1187 1847 1240 in
1896 1187 2011 1255 ipso
2054 1189 2445 1244 humanitatem
2504 1205 2887 1257 agnoscamus.
2941 1188 3152 1243 Etenim
3214 1189 3475 1255 scriptum
3533 1196 3639 1249 est,

397 1294 523 1332 eum
582 1278 778 1332 itinere
823 1277 991 1331 fuisse
1049 1276 1332 1339 lassatum,
1397 1275 1523 1328 licet
1557 1273 1820 1329 Dominus
1856 1276 2119 1332 virtutum
2174 1278 2245 1332 sit
2283 1293 2578 1347 rerumque
2621 1279 2866 1333 omnium
2912 1287 3173 1347 potestas.
3217 1275 3476 1331 Similiter
3518 1292 3642 1330 esu-

401 1370 557 1421 riisse
588 1366 822 1431 dicitur,
865 1367 955 1434 qui
992 1376 1168 1420 tamen
1216 1374 1299 1417 est
1339 1365 1495 1431 panis
1546 1366 1703 1417 vivus
1753 1364 1821 1418 de
1856 1365 1995 1419 caelo
2039 1368 2401 1431 descendens,
2441 1369 2724 1439 vitamque
2772 1370 2888 1422 orbi
2943 1369 3217 1423 tribuens.
3252 1368 3342 1421 Sic
3392 1370 3516 1420 item
3547 1370 3644 1421 tri-

403 1460 607 1513 stitiam
645 1472 858 1525 passus,
891 1458 980 1526 qui
1010 1455 1210 1523 alioqui
1248 1464 1390 1509 totus
1413 1454 1463 1506 in
1494 1452 1703 1519 laetitia,
1738 1455 2353 1526 suavitategaudioque
2386 1470 2660 1513 versatur.
2693 1458 2948 1512 Profecto
3007 1474 3112 1513 nos
3146 1459 3378 1512 dicimus
3414 1458 3644 1512 Verbum

402 1551 495 1605 Dei
527 1549 885 1620 impassibile,
924 1546 1256 1608 inviolabile,
1290 1545 1687 1613 manifesteque
1744 1544 1933 1610 Deum,
1976 1562 2252 1616 nunquam
2284 1550 2485 1603 essein
2527 1566 2621 1603 sua
2658 1551 2840 1603 divina
2876 1559 3066 1604 natura
3113 1562 3397 1619 expertum
3435 1552 3646 1618 passio~

403 1659 519 1698 nes.
554 1643 660 1697 Sed
693 1644 817 1710 quia
853 1642 1161 1696 communia
1209 1640 1258 1694 ei
1298 1638 1520 1693 fuerunt
1552 1652 1673 1706 quae
1723 1648 1850 1691 sunt
1899 1641 2115 1707 prOpt'ia
2168 1642 2540 1706 humanitatis,
2581 1642 2819 1696 vicissim
2874 1659 2936 1695 ea
2990 1658 3124 1710 quae
3159 1651 3293 1695 sunt
3337 1641 3493 1695 Verbi
3552 1641 3643 1695 Dei

403 1736 645 1805 propria,
673 1738 830 1805 eique
862 1734 1237 1788 tantummodo
1266 1730 1666 1789 convenientia,
1714 1732 2019 1784 communia
2077 1734 2228 1786 carni
2269 1742 2582 1796 evaserunt,
2630 1746 2854 1804 propter
2901 1733 3236 1788 iueﬂ'abilem
3287 1734 3639 1801 inexplicabi-

404 1830 615 1897 lemque
644 1829 920 1882 unionem.
952 1825 1159 1879 Etcum
1194 1825 1331 1878 caalo
1366 1822 1597 1876 Verbum
1635 1822 1931 1885 descendit,
1969 1838 2310 1891 nequaquam
2346 1841 2565 1878 carnem
2589 1841 2772 1880 secum
2792 1831 2932 1879 cmto
2963 1827 3309 1880 descendisse
3342 1826 3417 1878 ait
3445 1844 3457 1878 :
3494 1845 3512 1877 ‹
3541 1825 3645 1880 Ne-

403 1937 492 1973 mo
522 1921 664 1973 enim
694 1920 952 1974 asoeudet
982 1920 1032 1973 in
1064 1918 1259 1973 caelum
1301 1917 1403 1971 nisi
1432 1917 1521 1983 qui
1552 1914 1835 1968 descendit
1863 1915 1929 1968 de
1962 1917 2101 1970 coelo
2131 1917 2300 1971 Filius
2341 1918 2598 1971 hominis.
2636 1936 2653 1967 ι
2705 1916 2830 1971 Post
2868 1919 3004 1984 hmo,
3040 1917 3303 1986 supplicio
3328 1931 3542 1986 quoque
3589 1932 3648 1972 se

402 2014 616 2067 obtulit.
651 2022 709 2065 ut
734 2027 833 2067 nos
868 2024 1023 2082 pcet‘ia
1054 2011 1398 2079 peccatisque
1422 2008 1704 2068 liberaret;
1732 2006 1932 2059 etenim
1967 2025 1985 2057 ε
2017 2007 2211 2062 Livore
2249 2008 2364 2077 ejus
2400 2009 2573 2064 sanati
2606 2024 2815 2063 sumus.
2846 2028 2863 2059 ι
