4134 6374
433 451 529 507 4Ἱῖ

1666 450 2020 508 COMMENT.
2061 451 2128 506 IN
2168 452 2423 508 LL'CAM.
3565 462 3670 518 ιη

432 572 479 624 εί
518 571 545 622 ὁ
569 569 678 623 τῶν
705 569 842 624 ὅλων
867 569 997 633 Θεὸς
1027 570 1094 623 τὰ
1121 571 1386 640 γενόμενα
1417 571 1515 639 ἥδη
1539 571 1633 623 καὶ
1664 569 1998 641 πραχθέντα,

2105 569 2284 625 facere
2312 581 2495 640 queat,
2529 583 2585 627 ut
2621 589 2706 628 res
2738 575 2916 646 aliqua
2948 591 3136 646 reapse
3171 577 3310 630 facta
3342 587 3393 630 et
3426 588 3667 644 peracta,

431 661 654 714 δύναται
704 662 927 731 ποιῆσαι
968 659 1041 731 μὴ
1100 660 1427 730 γεγενῆσθαί
1489 676 1648 712 ποτεο
1705 659 1846 714 κατὰ
1901 659 1994 721 τὸ,

437 774 455 805 ι
477 753 590 805 Οὐκ
614 752 939 822 ἀδυνατήσει
975 752 1126 822 αὐτῷ
1161 753 1271 804 πᾶν
1303 752 1474 821 ῥῆμα.
1518 769 1536 801 ι
1585 751 1659 802 Οὐ
1689 749 1799 819 γάρ
1843 749 1998 816 λέγο-

433 857 534 910 μεν
593 840 668 903 ὡς
715 841 790 912 ph
833 841 1120 911 γενόμενα,
1189 840 1326 894 ἀλλὰ
1389 839 1464 909 μὴ
1516 838 1843 908 γεγενῆσθαι
1899 839 1998 910 τὴν

431 931 606 1001 ἀρχήν
627 948 640 961 ·
669 926 780 984 οἷον
811 933 859 984 εί
889 932 986 1002 τὴν
1011 931 1215 1003 πόρνην
1240 929 1462 983 δύναται
1485 931 1707 1000 ποιῆσαι
1733 930 1998 1000 παρθένον

431 1025 496 1076 ἐκ
539 1022 746 1086 κοιλίας
777 1025 1006 1095 μητρὸς,
1045 1024 1132 1076 ἵνα
1172 1024 1310 1094 μήτε
1343 1023 1429 1089 εἴη
1467 1024 1596 1076 ποτὲ
1628 1024 1822 1094 πόρνη,
1860 1025 1997 1094 μήτε

430 1113 665 1182 λέγοιτο,
693 1114 776 1166 δτι
802 1116 950 1183 παρὰ
986 1113 1291 1184 ἀνθρώποις
1316 1112 1572 1175 ἀδύνατα,
1613 1112 1813 1164 δυνατά
1847 1110 1999 1181 παρά

431 1204 509 1274 τῷ
546 1205 683 1275 θεῷ.
719 1205 861 1275 Πρὸς
887 1204 978 1268 οὒς
1006 1205 1259 1276 ἐροῦμεν,
1289 1207 1369 1258 ὅτι
1396 1204 1676 1274 ζητεῖσθαι
1716 1204 1821 1274 χρὴ
1867 1204 1996 1274 παρ’

433 1294 591 1363 ὴμῶν
629 1293 728 1364 τὴν
762 1293 856 1346 τοῦ
901 1293 1036 1346 Θεοῦ
1086 1293 1316 1363 δύναμιν
1367 1294 1428 1346 El
1461 1294 1670 1364 μεγάλη
1709 1295 1804 1345 καὶ
1842 1291 1996 1356 ἀξιά-

433 1399 652 1449 γαστος,
683 1383 772 1434 ὅτε
798 1382 859 1434 τὸ
887 1381 1160 1452 ὁρώμενόν
1187 1385 1334 1434 ἐστιν
1362 1383 1461 1434 οὐκ
1499 1381 1722 1444 ἀπεικὸς
1763 1383 1827 1451 τῇ
1879 1381 1999 1451 θείᾳ

430 1471 554 1542 δόξῃ
575 1486 586 1498 ·
613 1472 674 1523 οὺ
699 1471 806 1540 γὰρ
831 1473 912 1524 δτι
949 1473 1125 1524 πάντα
1165 1470 1412 1534 δύναται,
1453 1471 1540 1524 διὰ
1580 1471 1737 1523 τοῦτο
1766 1471 1862 1524 καὶ
1890 1470 1996 1524 τῶν

432 1565 645 1616 ἀτόπων
678 1565 837 1616 αὑτὸν
878 1565 1116 1634 ἐργάτην
1159 1564 1389 1635 ὁρᾶσθαι
1431 1564 1723 1634 προσήκει’
1771 1562 1996 1632 νοοῦμεν

432 1655 540 1724 γὰρ
583 1656 664 1707 δτι
705 1654 905 1708 ἄτοπόν
951 1658 1066 1708 ἐστι
1111 1656 1170 1708 τὸ
1196 1655 1394 1722 λέγειν,
1435 1655 1498 1707 Εἰ
1538 1655 1763 1708 δύναται
1800 1658 1828 1708 6
1865 1655 1997 1718 Θεὸς

433 1745 626 1799 ἑαυτὸν
656 1746 880 1815 ποιῆσαι
912 1748 986 1816 μὴ
1012 1742 1152 1800 εἶναι
1184 1746 1337 1811 Θεὸν,
1365 1746 1397 1816 ἢ
1429 1745 1703 1816 ἁμαρτίας
1728 1746 1995 1805 δεκτικὸν.

433 1839 466 1908 ἢ
510 1839 584 1910 ph
613 1836 753 1892 εἶναι
782 1840 1008 1908 ἀγαθὸν,
1061 1840 1090 1911 ἢ
1139 1841 1304 1911 ζωὴν,
1358 1841 1391 1910 ἢ
1436 1842 1662 1895 δίκαιον.
1701 1843 1793 1893 Δεῖ
1816 1841 1998 1892 τοίνυν

434 1929 818 1996 παραιτεῖσθαι
861 1931 1022 1982 παντὶ
1059 1929 1237 1982 σθένει
1287 1930 1381 1992 τὰς
1429 1931 1664 1992 ἀτόπους
1703 1930 1846 1982 οὖτω
1889 1930 1997 1982 τῶν

433 2022 774 2089 ἐρωτήσεων.
817 2022 913 2072 Διά
943 2021 996 2072 τί
1026 2021 1082 2073 δὲ
1109 2021 1240 2083 Θεὸς
1272 2022 1332 2074 οὑ
1369 2020 1596 2074 δύναται
1631 2021 1729 2090 τὴν
1773 2019 1997 2091 πορνεύ-

437 2127 606 2164 σασαν
628 2113 702 2182 ph
738 2113 958 2182 ποιῆσαι
990 2114 1064 2182 μὴ
1099 2114 1423 2181 γεγενῆσθαί
1450 2129 1577 2165 ποτε
1603 2115 1807 2184 πόρνην
1833 2128 1847 2176 ;
1875 2112 1998 2166 Ὀτι

434 2202 495 2254 οὐ
533 2202 755 2256 δύναται
801 2203 862 2256 τὸ
901 2205 1095 2273 ψεῦδος
1133 2204 1393 2275 ἀλήθειαν
1443 2206 1666 2275 ποιῆσαι
1695 2222 1708 2235 ο
1761 2205 1855 2258 καὶ
1900 2205 2000 2258 οὐκ

436 2291 716 2355 ἀσθενείας
770 2293 1022 2364 ἔγκλημα
1059 2294 1235 2357 τοῦτο,
1287 2276 1430 2347 ἀλλὰ¹
1464 2294 1680 2363 φύσεως
1727 2293 2000 2358 ἀπόδειξις

434 2385 534 2436 οὐκ
560 2384 890 2456 ἀνεχομένης
916 2404 968 2438 τι
999 2385 1204 2450 παθεῖν,
1235 2387 1262 2439 ὃ
1293 2387 1368 2457 μὴ
1401 2389 1534 2456 αὐτῇ
1576 2387 1774 2458 πρέπει
1799 2403 1812 2417 ⁸
1841 2386 2000 2440 ἀλλό-

433 2491 583 2543 τριον
608 2476 664 2529 δὲ
694 2476 830 2530 Θεοῦ
856 2478 916 2530 τὸ
943 2477 1136 2546 ψεῦδος
1165 2479 1466 2543 παντελῶς.
1498 2479 1722 2550 Φεῦσμα
1753 2479 1861 2550 γάρ
1883 2482 2001 2533 ἐστι

435 2568 496 2619 τὸ
527 2568 625 2638 τὴν
675 2569 1051 2640 πορνεύσασαν
1102 2573 1326 2637 ποιῆσαι
1375 2574 1448 2643 μὴ
1496 2573 1792 2643 πορνεῦσαι
1849 2591 1998 2627 ποτε.

436 2659 527 2710 Δεῖ
548 2657 624 2722 δὲ,
652 2657 726 2721 ὡς
752 2658 909 2730 ἔφην,
954 2659 1052 2722 τὰς
1089 2660 1260 2722 οὕτως
1303 2662 1519 2728 εὐήθεις
1546 2662 1656 2714 τῶν
1685 2663 2002 2733 ἐρωτήσεων

438 2748 532 2800 καὶ
555 2749 688 2802 πολὺ
716 2749 911 2804 ἄτοπον
940 2751 1169 2820 ἐχούσας
1196 2753 1330 2822 μηδὲ
1351 2754 1665 2822 προσίεσθαι
1687 2754 1783 2826 τὴν
1804 2755 2000 2826 ἀρχὴν,

440 2841 572 2910 μηδὲ
603 2841 700 2911 τὴν
728 2842 874 2894 θείαν
902 2845 1114 2910 ἀγνοεῖν
1147 2843 1325 2912 φύσιν,
1361 2845 1562 2914 μᾶλλον
1592 2846 1647 2900 δὲ
1667 2849 1766 2918 τῆς
1792 2847 2004 2916 φύσεως

438 2931 651 3002 ἐκείνης
683 2933 954 3003 ἐξαίρετα.

505 3113 922 3182 Εὐλογημένος
943 3115 974 3167 ὁ
1002 3113 1228 3181 καρπὸς
1251 3113 1360 3181 τῆς
1391 3117 1624 3179 κοιλίας
1647 3130 1783 3169 σου.

2102 660 2240 714 facta
2267 678 2538 731 nunquam
2567 663 2749 730 fuerit,
2787 667 2938 736 juxta
2972 668 3098 720 illud
3129 685 3142 722 :
3179 685 3198 716 ι
3232 666 3342 720 Non
3371 677 3454 722 est
3482 668 3530 722 ei
3562 670 3666 720 im-

2100 749 2353 818 possibile
2379 766 2538 806 omne
2566 753 2808 807 verbum.
2843 773 2862 808 ι
2895 755 3008 810 Νοη
3041 755 3183 808 enim
3214 754 3487 822 loquimur
3513 757 3580 810 de
3611 772 3668 810 re

2101 856 2203 895 n0n
2239 852 2358 895 acta
2379 884 2394 908 ,
2426 845 2518 896 sed
2549 843 2616 899 de
2651 859 2707 897 re
2738 855 2856 898 acta
2890 861 3051 915 quam
3086 859 3260 900 actam
3295 846 3465 901 fuisse
3497 847 3666 901 nolle--

2099 951 2238 1000 mus,
2270 935 2461 1000 veluti,
2489 951 2555 990 an
2583 951 2702 990 eam
2731 953 2851 1007 quaa
2883 937 2982 991 fuit
3012 939 3298 1003 meretrix,
3329 940 3502 1007 possit
3533 938 3670 992 Dens

2099 1027 2310 1081 emi-ere
2339 1044 2434 1082 ceu
2467 1043 2531 1082 ex
2567 1030 2756 1082 matris
2788 1039 2942 1083 utero
2972 1031 3264 1099 virginem,
3300 1031 3370 1083 ita
3403 1041 3458 1082 ut
3497 1046 3669 1093 neque

2099 1119 2354 1172 meretrix
2387 1119 2576 1183 fuerit,
2611 1136 2786 1187 neque
2816 1121 3062 1186 dicatur;
3097 1122 3532 1188 quandoquidem
3570 1121 3669 1171 im-

2098 1205 2373 1272 possibilia
2425 1206 2752 1268 hominibus,
2801 1208 3075 1275 possibilia
3125 1208 3231 1262 Deo
3277 1215 3419 1259 sunt.
3462 1205 3670 1272 Quibus

2099 1297 2516 1362 respondemus,
2543 1298 2740 1351 debere
2768 1313 2864 1351 nos
2898 1297 2989 1352 Dei
3020 1297 3272 1351 virtutem
3307 1297 3378 1348 ita
3415 1311 3661 1362 magnam

2097 1396 2152 1439 et
2186 1388 2561 1441 admirandam
2597 1389 2910 1456 exquirere,
2945 1398 3002 1442 ut
3037 1404 3122 1442 res
3157 1387 3224 1441 ab
3258 1401 3324 1439 eo
3357 1386 3662 1455 peragenda

2098 1477 2239 1530 haud
2286 1479 2498 1546 indigna
2545 1479 2616 1533 sit
2664 1479 2753 1534 Dei
2803 1479 2972 1548 ipsius
3013 1478 3308 1545 majestate.
3366 1475 3480 1530 Non
3519 1477 3664 1530 enim

2097 1567 2222 1635 quia
2268 1568 2450 1621 omnia
2499 1577 2708 1636 potest,
2748 1568 2945 1622 idcirco
2986 1567 3342 1621 absurdorum
3387 1574 3663 1618 auctorem

2100 1659 2337 1726 reputari
2379 1673 2501 1711 eum
2545 1658 2722 1711 decet.
2763 1657 2970 1712 Etenim
3014 1655 3387 1710 existimamus
3433 1654 3666 1709 absurde

2096 1747 2298 1817 quani,
2365 1747 2604 1816 possitne
2647 1745 2789 1799 Deus
2851 1745 3059 1798 eﬂicere
3103 1744 3390 1809 quominus
3435 1743 3548 1810 ipse
3596 1742 3667 1795 sit

2102 1839 2263 1904 Deus,
2291 1846 2382 1891 aut
2409 1848 2469 1891 ut
2495 1846 2774 1905 peccatum
2803 1836 3129 1898 committat,
3160 1845 3251 1887 aut
3283 1849 3350 1887 ne
3374 1833 3444 1886 sit
3469 1833 3662 1894 bonus,

2099 1940 2153 1984 et
2177 1932 2384 1993 vivens,
2414 1944 2477 1983 ac
2501 1929 2700 1999 justus.
2730 1929 2956 1997 Oportet
2987 1929 3152 1997 igitur
3180 1926 3306 1980 totis
3335 1926 3540 1977 viribus
3570 1925 3666 1976 ab-

2097 2023 2288 2075 surdas
2311 2021 2612 2088 hujusmodi
2637 2020 2960 2088 quaestiones
2982 2020 3174 2073 vitare.
3195 2017 3306 2070 Cur
3322 2026 3499 2068 autem
3525 2015 3665 2066 haud

2097 2125 2273 2183 potest
2310 2114 2450 2166 Deus
2483 2110 2726 2175 elIicere,
2760 2120 2818 2163 ut
2847 2125 2965 2178 quae
2997 2109 3156 2162 fuerit
3188 2108 3442 2162 meretrix
3478 2121 3668 2174 reapse

2101 2222 2204 2259 non
2252 2204 2450 2258 fuerit?
2496 2218 2687 2270 nempe
2729 2202 2852 2270 quia
2897 2201 3183 2253 veritatem
3229 2200 3280 2253 in
3329 2199 3665 2252 mendacium

2099 2307 2417 2351 convertere
2447 2310 2785 2364 nequaquam
2815 2301 3012 2362 potest.
3045 2293 3227 2362 Neque
3255 2293 3307 2344 id
3336 2290 3667 2344 inﬁrmitatis

2097 2389 2289 2440 vitium
2322 2395 2424 2448 est,
2455 2386 2549 2439 sed
2579 2394 2786 2437 natura:
2816 2382 3204 2436 demonstratio
3236 2381 3342 2449 pati
3371 2379 3664 2448 quidquam
3755 2421 3758 2424 .

2099 2479 2200 2533 sibi
2234 2477 2496 2532 indecens
2524 2474 2839 2544 impotentis
2873 2493 2885 2526 :
2917 2483 3003 2528 est
3035 2483 3214 2526 autem
3247 2488 3274 2524 a
3308 2471 3416 2525 Deo
3447 2485 3669 2538 prorsus

2101 2572 2335 2624 alienum
2369 2569 2729 2623 mendacium.
2757 2566 2918 2635 Atqui
2946 2565 3210 2618 mendacii
3239 2577 3405 2630 genus
3436 2561 3594 2624 foret,
3623 2563 3666 2614 si

2100 2679 2218 2732 quae
2268 2661 2432 2715 fuerit
2480 2661 2761 2724 meretrix,
2790 2673 3059 2727 nunquam
3109 2656 3276 2710 fuisse
3329 2656 3667 2709 meretricem

2101 2753 2356 2807 eﬂiceret.
2383 2751 2606 2821 Oportet
2635 2751 2847 2820 itaque,
2879 2760 2941 2804 ut
2971 2750 3080 2820 jam
3113 2749 3260 2813 dixi,
3295 2749 3456 2800 latuis
3488 2746 3672 2814 hujus-

2102 2847 2246 2900 modi
2287 2853 2341 2898 et
2373 2844 2526 2896 valde
2559 2843 2809 2896 absurdis
2842 2841 3234 2910 quiestinnibus
3270 2856 3541 2907 nunquam
3587 2848 3671 2890 at-

2107 2937 2346 2999 tendere,
2370 2950 2540 3005 neque
2563 2935 2814 3004 ignorare
2835 2934 3070 2987 divinam
3098 2942 3366 2996 naturain,
3390 2931 3471 2985 vel
3495 2931 3673 2998 potius

2105 3040 2312 3084 natura:
2342 3028 2580 3094 ejusdem
2610 3029 2762 3080 dotes
2789 3025 3037 3079 eximias.

2175 3120 2242 3176 γ.
2273 3119 2366 3174 4‘2.-
2397 3119 2710 3172 Benediclus
2742 3118 2944 3186 fructus
2976 3115 3167 3169 ventris
3198 3116 3294 3167 tui.

509 3204 574 3268 (Ε
615 3204 651 3255 f.
688 3205 776 3266 56,
809 3204 848 3257 F
889 3208 924 3259 l'.
967 3206 1102 3274 ΠΟ)
1146 3208 1260 3259 Οὐκ
1303 3206 1522 3270 ἀκούεις
1564 3209 1658 3259 καὶ
1706 3206 1800 3259 τοῦ
1843 3206 2003 3260 Δαϐὶδ

2179 3211 2366 3266 Nonne
2391 3213 2544 3264 audis
2570 3209 2820 3262 Davidem
2849 3222 3063 3275 quoque
3089 3207 3403 3276 psallentem
3434 3224 3446 3258 :
3479 3223 3496 3254 ι
3533 3202 3675 3256 Ecce

443 3290 754 3359 ψάλλοντος·
797 3311 814 3343 ι
875 3293 1004 3347 Ἰδοὺ
1063 3295 1096 3363 ἡ
1155 3295 1487 3365 κληρονομία
1521 3296 1748 3364 Κυρίου,
1819 3296 1927 3348 υἱοὶ
1979 3297 2008 3348 6

442 3383 631 3453 μισθὸς
657 3385 750 3436 τοῦ
780 3386 992 3455 καρποῦ
1019 3387 1117 3456 τῆς
1159 3387 1394 3458 γαστρός
1428 3404 1442 3451 ;
1477 3407 1495 3439 ι
1526 3389 1875 3458 Κληρονομία
1897 3387 2006 3458 γάρ

443 3477 644 3546 Κυρίου
679 3479 728 3530 oi
773 3478 861 3530 διὰ
890 3479 1124 3542 πίστεως
1159 3480 1310 3550 αὐτῷ
1342 3480 1765 3550 υίοθετηθέντες,
1818 3480 1867 3532 οἳ
1911 3480 2008 3533 καὶ

443 3568 633 3637 μισθός
685 3572 790 3622 εἰσι
834 3570 1106 3640 Χριστοῦ,
1178 3571 1272 3624 τοῦ
1324 3573 1606 3640 γεγονότος
1649 3571 1862 3640 καρποῦ
1908 3572 2008 3640 τῆς

440 3662 776 3732 παρθενικῆς
834 3663 1105 3730 γαστρός·
1168 3665 1308 3716 κατὰ
1361 3663 1444 3729 τὸ,
1533 3681 1550 3714 ι
1583 3665 1810 3734 Αίτησαι
1876 3668 2006 3736 παρ’

439 3754 596 3821 ἐμοῦ,
636 3751 726 3804 καὶ
752 3751 908 3804 δώσω
936 3769 1015 3804 σοι
1053 3751 1177 3824 ἔθνη
1201 3755 1298 3823 τὴν
1323 3752 1681 3824 κληρονομίαν
1716 3770 1809 3806 σου
1843 3754 1880 3808 ³.
1913 3772 1931 3804 ι

523 3844 802 3909 Ἐποίησε
831 3843 1044 3912 κράτος
1066 3845 1136 3898 ἐν
1167 3845 1451 3912 ,ϐραχίονι
1485 3846 1670 3900 αὐτοῦ
1697 3863 1709 3876 ⁶
1744 3846 2012 3914 διεσκόρ-

441 3948 621 3986 πισεν
686 3933 1116 4002 ὑπερηφάνους
1189 3933 1423 4002 διανοίᾳ
1476 3935 1723 4002 καρδίας
1791 3936 2010 4000 αὐτῶν,

442 4043 493 4077 κ.
532 4043 580 4078 τ.
617 4025 666 4078 λ.

511 4117 589 4187 (ίΒ
619 4118 656 4170 l'.
697 4116 783 4178 16.
824 4115 868 4170 Η
896 4117 934 4170 f.
973 4119 1041 4171 H
1089 4119 1180 4186 b.)
1228 4118 1536 4172 Αίνίττεται
1579 4122 1607 4172 6
1644 4119 1882 4190 βραχίων
1919 4119 2011 4173 τὸν

443 4209 502 4273 ἐξ
535 4209 702 4279 αὐτῆς
743 4209 1134 4279 φύνταξΔόγον.
1182 4211 1595 4282 ’Υπερηφάνους
1620 4211 1675 4264 δὲ
1702 4212 1847 4280 λέγει
1885 4213 2012 4276 τοὺς

443 4305 711 4372 πονηροὺς
742 4302 1004 4372 δαίμονας
1028 4302 1164 4371 μετὰ
1187 4302 1280 4354 τοῦ
1314 4302 1571 4372 ἄρχοντος
1604 4301 1784 4355 αὐτῶν
1816 4303 2009 4356 πεσόν-

441 4411 538 4455 τας
561 4394 625 4445 δι’
654 4392 905 4462 ἔπαρσιν,
926 4394 1020 4446 καὶ
1051 4393 1177 4454 τοὺς
1200 4391 1468 4461 Ἑλλήνων
1493 4395 1690 4462 σοφοὺς
1712 4397 1810 4463 τὴν
1829 4394 2013 4448 δοκοῦ·

444 4502 542 4537 σαν
563 4484 656 4536 τοῦ
687 4484 1038 4554 κηρύγματος
1072 4485 1280 4554 μωρίαν
1309 4485 1382 4554 μὴ
1410 4484 1896 4555 προσδεξαμένους,
1918 4487 2010 4539 καὶ

2111 3307 2396 3361 hmreditas
2432 3302 2673 3364 Domini,
2707 3300 2800 3354 ﬁlii
2839 3314 3047 3353 merces
3080 3299 3290 3352 fructus
3322 3299 3522 3350 ventris
3546 3297 3607 3348 ’?
3651 3315 3668 3346 ο

2109 3399 2316 3466 Quippe
2356 3404 2483 3449 sunt
2525 3393 2736 3448 Domini
2777 3392 3085 3453 bmreditas,
3125 3397 3389 3457 quotquot
3429 3388 3675 3455 adoptiu-

2111 3505 2230 3543 uein
2267 3487 2495 3540 ﬁliorum
2529 3501 2622 3554 per
2650 3485 2807 3537 [idem
2842 3491 2967 3537 sunt
2998 3482 3298 3536 consecuti.
3333 3478 3495 3532 Iidem
3529 3479 3676 3545 pari-

2113 3591 2194 3634 ter
2223 3579 2422 3633 Christi
2459 3591 2669 3630 merces
2701 3585 2862 3635 sunt,
2895 3574 2984 3643 qui
3017 3573 3298 3642 virginalis
3331 3572 3468 3624 uteri
3504 3571 3676 3624 factus

2110 3683 2192 3726 est
2225 3670 2380 3740 117
2413 3669 2659 3734 fructus,
2691 3667 2844 3736 juxta
2878 3666 3009 3720 illud
3041 3685 3055 3718 :
3097 3683 3113 3715 ι
3152 3663 3374 3717 Postula
3411 3677 3438 3714 a
3479 3677 3594 3721 ine.
3625 3671 3678 3714 et

2116 3766 2249 3819 dabo
2280 3765 2371 3816 tibi
2405 3774 2590 3832 gentes
2620 3762 2990 3814 barreditatem
3023 3768 3166 3812 tuam
3193 3757 3234 3810 ³.
3271 3775 3290 3809 ι

2183 3856 2246 3910 ν.
2297 3856 2384 3908 5|.
2446 3852 2594 3906 Fecit
2629 3853 2914 3921 potentiam
2958 3851 3013 3903 in
3045 3849 3256 3902 brachio
3288 3866 3402 3912 suo,
3431 3846 3676 3913 dispersit

2111 3947 2358 4017 superbos
2390 3955 2556 4000 mente
2585 3943 2757 3998 cordis
2787 3944 3040 4011 ipsorum.

2181 4125 2392 4180 Bracbii
2426 4121 2688 4177 vocabulo
2725 4118 2900 4172 innuit
2930 4115 3140 4189 (Maria)
3171 4125 3354 4169 natum
3391 4129 3458 4168 ex
3481 4123 3680 4168 semet-

2113 4221 2226 4288 ipsa
2244 4216 2500 4272 Verbum.
2528 4215 2800 4282 Superbos
2827 4217 3002 4263 autem
3029 4207 3163 4262 dicit
3188 4205 3461 4276 improbos
3484 4206 3683 4258 daemo-

2115 4327 2245 4373 nas,
2281 4323 2401 4362 cum
2445 4305 2687 4376 principe
2723 4317 2822 4357 suo
2857 4299 3108 4356 elationis
3142 4313 3302 4352 causa
3342 4296 3518 4366 lapsos
3555 4314 3570 4350 :
3607 4296 3682 4350 si-

2113 4401 2328 4468 mulque
2353 4399 2660 4451 Grascorum
2695 4395 2987 4462 sapientes,
3018 4390 3108 4459 qui
3143 4389 3507 4458 Evangelium,
3541 4389 3682 4456 qund

2114 4493 2246 4565 ipsis
2279 4489 2504 4546 stultitia
2534 4487 2707 4540 visum
2741 4493 2852 4548 est,
2885 4499 2991 4538 non
3029 4483 3365 4536 admiserunt
3397 4497 3414 4535 :
3447 4495 3544 4534 nec
3580 4495 3682 4532 nen

456 4575 735 4638 Ἰουδαίους
761 4574 1045 4628 πιστεῦσαι
1069 4574 1141 4645 ph
1160 4574 1539 4645 βουληθέντας,
1556 4577 1751 4639 οἵτινες
1771 4578 2003 4648 διεσκορ‹

2115 4583 2330 4638 Judazos
2360 4578 2690 4642 incredulos,
2720 4576 2812 4646 qui
2844 4575 3058 4643 indigna
3090 4573 3225 4627 Filio
3257 4573 3349 4625 Dei
3393 4572 3686 4626 sentientes

443 4666 740 4738 πίσθησαν,
791 4665 985 4730 ἀνάξια
1038 4666 1407 4736 διανοηθέντες
1446 4669 1572 4738 περὶ
1618 4668 1709 4721 τοῦ
1749 4669 1878 4722 Υίοῦ
1911 4670 2005 4724 τοῦ

443 4759 578 4812 Θεοῦ
602 4777 615 4789 ·
651 4758 918 4820 δυνάστας
949 4757 1005 4810 δὲ
1021 4758 1145 4820 τοὺς
1168 4759 1537 4828 Γραμματεῖς,
1571 4759 1664 4812 καὶ
1685 4761 2010 4830 Φαρισαίους

444 4853 578 4920 φησὶ
627 4853 752 4914 τοὺς
783 4851 880 4914 τὰς
933 4851 1406 4921 πρωτοκαθεδρίας
1452 4851 1905 4920 μεταδιώκοντας.
1941 4883 2012 4892 —

445 4944 510 5008 (Α
542 4941 579 4994 1⁸.
622 4941 654 4995 9
685 4941 739 5004 b,
785 4940 824 4992 E
874 4940 910 4994 f.
945 4941 1032 5006 59,
1069 4941 1111 4994 Η
1147 4941 1182 4993 f.
1217 4941 1346 5010 48.)
1388 4940 1728 5012 Οξκειότερον
1757 4941 1814 4995 δὲ
1840 4942 2014 4996 ταῦτα

447 5032 710 5100 περὶτῶν
749 5031 1043 5102 ἀλιτηρίων
1099 5031 1366 5101 δαιμόνων
1407 5034 1580 5084 νοείνο
1635 5033 1856 5094 τούτους
1908 5034 2017 5102 γὰρ

447 5120 1028 5190 καταθρασυνομένους
1069 5121 1168 5188 τῆς
1227 5122 1316 5173 ὑπ’
1369 5120 1596 5190 οὐρανὸν
1643 5120 2018 5190 διεσκόρπισεν

448 5212 788 5282 ἐπιδημήσας
835 5213 864 5262 ὁ
915 5212 1138 5280 Κύριος,
1185 5212 1440 5273 καὶτοὺς
1482 5210 2015 5279 αἰχμαλωτισθέντας

451 5301 541 5352 ὑπ’
571 5302 766 5365 αὐτῶν,
791 5302 928 5372 πρὸς
951 5302 1047 5372 τὴν
1076 5301 1320 5371 ὑπακοὴν
1345 5300 1538 5354 ἑαυτοῦ
1569 5301 2012 5370 ἀντιμετέστησε.

452 5392 637 5443 Ταῦτα
670 5393 776 5461 γὰρ
795 5393 971 5445 πάντα
1011 5392 1343 5460 ἀκολούθησε
1372 5395 1436 5461 τῇ
1472 5391 1777 5462 προφητείᾳ
1802 5409 1813 5419 ·

527 5483 766 5537 Καθεῖλε
795 5483 1090 5548 δυνάστας
1121 5484 1237 5538 ἀπὸ
1260 5484 1501 5551 θρόνων,
1539 5483 1632 5535 καὶ
1664 5482 1865 5550 “glauca
1913 5501 2013 5538 τα-

453 5576 713 5640 πείνούς.

524 5670 596 5734 (Α
633 5668 668 5720 Γ.
709 5668 742 5721 9
783 5668 834 5730 b,
863 5666 903 5720 11
939 5668 976 5721 f.
1013 5667 1111 5734 l8)
1157 5667 1378 5734 Μετάὶα
1411 5669 1667 5738 ἐφρόνουν
1703 5669 1748 5721 οἱ
1787 5685 2012 5735 σκορπι-

532 5847 550 5877 ⁹
581 5845 720 5899 Psul.
755 5860 932 5910 (.tt.\\'t,
964 5847 1014 5898 5.
1093 5843 1111 5873 ³
1138 5843 1276 5896 Paul.
1307 5860 1365 5905 II,
1391 5844 1443 5895 8.

2111 4673 2343 4743 dispersi
2385 4671 2599 4725 fuerunt
2642 4689 2655 4723 :
2697 4676 2942 4738 potentes
2979 4667 3208 4733 denique
3244 4665 3506 4717 litteratos
3555 4662 3686 4714 dicit

2117 4783 2182 4822 ac
2211 4766 2510 4820 Pharisaeos
2529 4801 2543 4825 ,
2572 4762 2661 4830 qui
2695 4761 2896 4829 primas
2927 4758 3214 4812 cathedras
3243 4756 3585 4824 appetebant.
3615 4779 3689 4791 —

2115 4855 2514 4926 Congruentius
2545 4865 2720 4907 tamen
2751 4860 2836 4906 est
2867 4851 2932 4905 de
2962 4849 3207 4903 scelestis
3235 4846 3570 4900 daemonibus
3597 4842 3683 4895 illa

2116 4943 2276 4998 verba
2299 4941 2616 5010 intelligere.
2642 4938 2751 4993 Hos
2773 4937 2918 4991 enim
2941 4952 3036 5006 per
3056 4937 3240 4989 orbem
3265 4933 3519 4987 audacter
3539 4947 3685 5001 grasc

2116 5042 2299 5086 sautes
2341 5031 2594 5101 dispersit
2637 5029 2931 5082 adveniens
2977 5027 3249 5087 Dominus,
3291 5034 3345 5077 et
3383 5024 3687 5091 captivaws

2115 5124 2184 5176 ab
2225 5123 2356 5190 ipsis
2399 5121 2645 5175 homines
2683 5118 2750 5172 ad
2791 5133 2941 5170 suam
2982 5115 3343 5168 obedientiam
3389 5111 3678 5165 transtulit.

2119 5214 2245 5268 Htec
2284 5215 2427 5268 enim
2473 5212 2655 5266 omnia
2732 5208 3067 5279 prophetiam
3138 5205 3501 5274 impleverunt
3567 5219 3687 5272 quae

2116 5307 2192 5358 ait
2223 5323 2236 5357 :

2197 5482 2259 5535 ν.
2299 5481 2389 5535 59..
2431 5481 2677 5550 Deposuit
2717 5488 2946 5549 potentes
2982 5479 3044 5532 de
3079 5474 3309 5537 sedibus,
3351 5483 3395 5526 et
3436 5470 3686 5524 exultavit

2122 5573 2360 5628 Immites.

2201 5667 2359 5720 Valde
2399 5666 2781 5735 superbiebaut
2826 5662 2876 5718 bi
2918 5661 3007 5730 qui
3051 5667 3232 5730 postea
3273 5658 3500 5729 dispersi
3541 5656 3692 5710 l'uero
