4134 6374
433 423 535 476 479

1419 425 1477 482 S.
1518 426 1792 483 CYRILLI
1837 427 2300 483 ALEXANDRiNl
2343 428 2660 487 ARCHIEP.

3579 426 3684 479 480

434 544 722 599 damnones,
757 553 856 592 nec
887 553 991 591 non
1025 538 1334 594 Grmcorum
1366 542 1639 610 sapientes
1669 545 1750 612 (ut
1780 545 1911 605 dixi)
1942 560 2005 596 ac

2120 543 2324 604 τθέντες
2351 541 2600 612 δαίμονές
2619 559 2679 595 τε
2711 542 2803 594 καὶ
2825 540 3096 603 διάϐολος,
3141 541 3410 610 Ἑλλήνων
3439 541 3497 594 τέ
3533 546 3685 610 σοφοὶ

436 629 691 683 Pharisaei
718 639 771 681 et
792 627 1060 682 Litterati.
1083 630 1463 684 Verumtamen
1493 632 1590 686 hos
1613 635 1898 701 depressit,
1914 647 2006 686 ex-

437 721 662 788 tulitque
695 721 814 773 illos
843 720 930 786 qui
963 722 1167 788 potenti
1202 722 1383 774 manui
1416 724 1583 788 ipsius
1613 734 1782 778 semet
1812 739 2008 792 suppo-

434 818 689 872 suerant,
727 810 864 862 dans
897 811 977 864 eis
1013 809 1325 864 facultatem
1362 812 1605 866 calcandi
1643 824 1921 882 serpentes
1953 823 2006 867 et

433 899 699 965 scorpios,
725 909 1082 967 cunctamque
1107 899 1307 953 inimici
1330 900 1695 969 potentiam";
1723 902 2009 971 irritasque

434 989 673 1046 elﬁciens
714 991 927 1044 illorum
971 1002 1156 1045 contra
1201 1006 1299 1045 nos
1343 993 1594 1054 insidias.
1639 994 1729 1062 qui
1779 995 2010 1048 tumidas

437 1094 644 1137 mentes
687 1084 967 1154 gerebant.
1009 1083 1260 1139 Profecto
1307 1083 1474 1140 Judaei
1522 1086 1648 1138 olim
1697 1101 1863 1156 regno
1908 1101 2008 1139 suo

436 1176 837 1244 gloriabantur;
877 1178 969 1230 sed
1008 1185 1184 1230 tamen
1220 1178 1289 1230 ob
1323 1178 1756 1231 incredulitatem
1791 1176 2010 1248 fastigio

438 1281 535 1321 suo
558 1269 746 1336 dejecti
773 1267 990 1322 fuerunt
1013 1284 1026 1320 :
1051 1279 1238 1322 contra
1265 1283 1393 1321 vero
1415 1268 1618 1324 ethnici
1643 1284 1763 1322 cum
1795 1269 2008 1339 inglorii

438 1370 619 1415 essent
647 1375 711 1415 ac
742 1360 1026 1431 ignobiles,
1060 1361 1184 1415 ﬁdei
1214 1362 1409 1417 merito
1437 1370 1562 1416 sunt
1588 1362 1830 1417 exaltati.

512 1535 574 1590 V.
607 1535 694 1593 55.
727 1535 1028 1594 Exul-imm
1063 1538 1291 1604 t'ntplevit
1321 1541 1490 1604 bonis,
1519 1551 1566 1595 et
1595 1543 1784 1596 divites
1813 1545 2009 1598 dimisit

439 1643 639 1682 ιιιαηω.

511 1717 875 1774 Esurientium
903 1722 1118 1789 quidem
1150 1721 1366 1777 nomine
1395 1722 1690 1777 humanum
1721 1739 1891 1792 genus
1919 1727 2010 1780 de-

439 1810 636 1879 signat.
669 1810 878 1880 Reapse
907 1812 1049 1866 enim
1081 1813 1258 1867 cuncti
1288 1816 1621 1876 esttriebant.
1657 1817 1785 1872 solis
1813 1815 2012 1874 Iudaeis

2110 635 2218 697 (ὡς
2261 635 2434 701 ἔφην)
2494 635 2587 685 καὶ
2618 635 2900 702 Φαρισαῖοι
2957 633 3052 684 καὶ
3099 632 3490 703 Γραμματεῖςο
3549 634 3684 688 ἀλλὰ

2107 725 2332 787 τούτους
2382 724 2620 786 καθεῖλε,
2669 724 2763 776 καὶ
2806 722 2988 792 ὕψωσε
3056 723 3185 785 τοὺς
3240 722 3686 786 ταπεινώσαντας

2109 817 2335 878 ἑαυτοὺς
2382 815 2487 866 ὑπὸ
2528 816 2626 884 τὴν
2666 816 2934 884 κραταιὰν
2976 813 3144 866 αὑτοῦ
3191 817 3346 883 χεῖρα
3371 855 3385 878 ,
3437 814 3686 876 δεδωκὼς

2107 908 2289 968 αὐτοῖς
2321 906 2572 972 ἐξουσίαν
2591 909 2782 958 πατεῖν
2807 905 2996 958 ἐπάνω
3035 905 3213 973 ὄφεων
3250 907 3344 959 καὶ
3382 906 3682 977 σκορπίων,

2109 997 2203 1048 καὶ
2231 996 2325 1048 ἐπί
2355 997 2537 1048 πᾶσαν
2569 995 2667 1064 τὴν
2699 995 2930 1064 δύναμιν
2947 995 3042 1048 τοῦ
3075 997 3304 1067 ἐχθροῦ·
3332 997 3684 1068 ἁπρακτῆσαι

2107 1085 2164 1138 δὲ
2191 1084 2289 1148 τὰς
2323 1085 2446 1137 καθ’
2501 1086 2658 1155 ἡμῶν
2702 1086 2938 1154 ποιήσας
2985 1085 3182 1154 βουλὰς
3222 1087 3332 1139 τῶν
3379 1089 3442 1158 τῇ
3475 1088 3684 1158 διανοίᾳ

2110 1177 2479 1247 ὑπερηφάνων
2499 1193 2512 1205 ·
2534 1171 2676 1236 ἦσάν
2709 1193 2838 1229 ποτε
2879 1177 2973 1229 καὶ
3015 1177 3259 1229 Ἰουδαῖοι
3292 1180 3357 1247 τῇ
3397 1176 3684 1248 δυναστείᾳ

2109 1267 2508 1336 γαυρούμενοι·
2546 1267 2685 1320 ἀλλὰ
2719 1266 3104 1339 καθῃρέθησαν
3129 1267 3195 1319 δι’
3216 1269 3507 1323 ἀπιστίαν·
3542 1272 3592 1323 oi
3627 1269 3684 1323 δέ

2109 1359 2168 1425 ἐξ
2193 1360 2362 1413 ἐθνῶν
2399 1360 2602 1429 ἄσημοι
2637 1359 2790 1422 ὄντες
2817 1360 2912 1412 καὶ
2941 1359 3200 1424 εὐτελεῖς,
3225 1359 3312 1413 διὰ
3341 1363 3520 1415 πίστιν
3541 1361 3683 1431 ὑψώ-

2111 1452 2305 1522 θησαν.

2180 1542 2516 1606 Πεινῶντας
2537 1541 2879 1607 ἐνέπλησεν
2912 1540 3172 1610 ἀγαθῶν,
3217 1545 3317 1596 καὶ
3347 1544 3682 1597 πλουτοῦν-

2111 1654 2218 1699 τας
2237 1633 2630 1698 ἐξαπέστειλε
2668 1635 2906 1699 κενούς.

2184 1726 2260 1796 (Β
2286 1725 2325 1779 f.
2362 1724 2448 1786 16,
2482 1723 2526 1778 Η
2554 1722 2590 1778 f.
2634 1725 2705 1779 44
2735 1725 2788 1787 h,
2854 1723 2896 1778 E
2934 1725 2972 1778 Γ.
3017 1725 3086 1780 59
3125 1725 3198 1797 b)
3239 1726 3542 1790 Πεινῶντας
3587 1728 3688 1796 μὲν

2112 1817 2175 1870 τὸ
2211 1817 2368 1885 γένος
2399 1816 2508 1869 τῶν
2535 1815 2841 1887 ἀνθρώπων
2863 1816 3010 1883 λέγει
3036 1834 3049 1847 ·
3087 1816 3387 1886 ἐλίμωττον
3417 1818 3526 1886 γὰρ
3551 1817 3688 1886 πλὴν

439 1902 698 1968 exceptis.
728 1899 790 1954 Hi
817 1901 1012 1970 quippe
1035 1903 1384 1958 abundabant
1411 1905 1768 1975 legislatione,
1794 1917 2012 1962 sancto-

2127 1907 2394 1961 Ίουδαίων
2425 1909 2601 1976 μόνων
2625 1924 2636 1938 ο
2671 1903 2814 1962 οὗτοι
2844 1907 2900 1959 δὲ
2928 1908 3221 1962 ἐπλούτουν
3258 1912 3324 1978 τῇ
3371 1909 3683 1979 νομοθεσίᾳ,

443 2006 671 2058 tumque
701 1995 1082 2064 prophetarum
1115 1997 1363 2050 doctrina
1398 2016 1412 2051 :
1447 1997 1688 2066 ipsorum
1719 1997 1864 2052 enim
1895 2009 2013 2051 erat

441 2079 730 2149 l-rgislatio,
759 2095 814 2138 et
845 2085 896 2138 in
929 2085 1068 2140 ﬁlios
1096 2086 1343 2154 adoptio,
1372 2094 1428 2138 et
1457 2086 1665 2149 cultus,
1699 2096 1752 2140 et
1782 2087 2012 2155 promis-

439 2173 620 2226 siones
641 2174 682 2227 ⁵.
710 2175 1092 2230 Verumtamen
1131 2177 1183 2230 hi
1221 2175 1585 2238 luxuriantes,
1620 2187 1673 2231 et
1707 2193 1802 2232 sua
1837 2178 2014 2247 digni-

442 2271 551 2315 tate
586 2264 776 2328 inﬂati,
808 2281 930 2320 cum
966 2268 1031 2321 ad
1065 2267 1403 2320 incarnatum
1444 2267 1604 2338 118
1638 2267 1803 2322 Deum
1841 2271 2016 2322 humi-

443 2353 567 2408 liter
589 2370 690 2408 non
717 2357 1066 2421 accesserint,
1090 2359 1242 2411 vacui
1269 2358 1476 2412 dimissi
1499 2367 1645 2421 sunt,
1670 2357 1804 2412 nihil
1830 2375 2012 2414 secum

442 2441 700 2510 ferentes,
731 2461 907 2516 neque
939 2448 1094 2502 tidem
1125 2449 1352 2513 scilicet,
1384 2463 1557 2518 neque
1585 2451 1892 2514 scientiam,
1926 2465 2016 2505 ne-

443 2550 548 2601 que
580 2551 728 2605 spem
764 2537 922 2591 ullam
959 2539 1247 2594 bonorum.
1281 2539 1485 2609 Nempe
1515 2541 1814 2596 amiserunt
1849 2553 2018 2597 terre-

444 2635 608 2678 strem
642 2624 969 2693 Jerusalem,
999 2642 1052 2683 et
1081 2645 1108 2682 a
1143 2628 1320 2685 futura
1353 2644 1569 2698 quoque
1597 2630 1708 2683 vita
1737 2630 2018 2701 gloriaque

444 2717 793 2782 exciderunt,
827 2733 1110 2790 propterea
1139 2724 1280 2790 quod
1310 2723 1433 2776 vitae
1458 2725 1750 2778 Auctorem
1787 2738 1890 2778 non
1928 2738 2013 2778 re-

445 2823 725 2880 ceperunt,
752 2826 805 2868 et
833 2815 1019 2884 glorias
1053 2817 1333 2870 Dominum
1366 2817 1781 2880 cruciﬂxerunt,
1813 2817 2015 2872 fontem

445 2917 598 2971 aqua:
630 2905 855 2960 viventis
887 2908 1313 2975 dereliquerunt,
1345 2918 1399 2962 et
1431 2924 1623 2978 panem
1657 2909 1721 2963 de
1750 2908 1890 2964 cmlo
1921 2909 2016 2962 de-

445 2997 664 3049 missum
710 3000 980 3066 aspernati
1023 3009 1170 3054 sunt.
1207 2999 1332 3055 Ideo
1373 3003 1686 3069 supervenit
1726 3001 1858 3071 ipsis
1897 3016 2018 3071 pes-

445 3087 578 3141 sima
615 3091 852 3144 omnium
890 3093 1081 3160 futues,
1114 3103 1167 3148 et
1204 3094 1323 3149 sitis
1357 3094 1553 3164 quavis
1588 3093 1676 3148 siti
1714 3093 2012 3149 molestior.

445 3179 559 3233 Non
585 3183 727 3236 enim
755 3183 914 3238 famis
942 3184 1039 3239 fuit
1068 3187 1225 3256 panis
1251 3188 1351 3242 sub
1378 3202 1595 3242 sensum
1623 3187 1886 3252 cadentis,
1916 3201 2015 3243 nec
2041 3215 2086 3273 α

445 3287 599 3340 aquae
632 3275 782 3340 sitis;
815 3276 906 3330 sed
938 3277 1106 3331 divini
1132 3279 1283 3332 verbi
1311 3276 1484 3333 fames
1500 3278 1542 3331 ⁸.
1574 3276 1791 3333 Ethnici
1824 3287 2012 3333 contra

444 3366 748 3420 esurientes
789 3378 949 3435 atque
991 3367 1255 3432 sitientes,
1297 3368 1562 3437 malisque
1601 3368 1840 3422 animum
1879 3368 2018 3423 allii-

445 3466 590 3508 ctum
624 3467 900 3526 gerentes,
944 3458 1169 3513 Domino
1205 3466 1453 3526 recepto,
1493 3459 1826 3527 spiritalibus
1860 3460 2018 3515 bonis

449 3547 635 3616 repleti
675 3550 842 3604 fuere.
877 3549 1186 3604 Judaaorum
1225 3551 1368 3605 enim
1408 3551 1739 3619 prosperitas
1773 3552 1840 3605 ad
1875 3553 2020 3620 ipsos

451 3641 875 3710 transmigravit.

520 3815 581 3870 ν.
619 3815 707 3870 54.
745 3817 980 3883 Suscepit
1016 3817 1266 3872 lsraelem
1298 3835 1516 3886 puerum
1549 3834 1726 3883 suum,
1771 3819 2019 3872 recorda-

453 3915 534 3960 tus
565 3907 962 3960 misericordiae.

522 3997 773 4053 Israelem
817 3999 1076 4067 suscepit,
1116 3999 1414 4073 non_illum
1458 4001 1753 4055 secundum
1791 4016 2010 4054 carnem

451 4100 505 4142 et
549 4091 765 4143 nomine
809 4091 950 4144 nudo
993 4091 1349 4162 gloriantem,
1391 4091 1486 4146 sed
1534 4092 1683 4145 illum
1729 4092 2019 4146 secundum

451 4179 696 4246 spiritum
749 4180 966 4250 vimque
1017 4181 1392 4251 appellationis
1425 4197 1536 4235 sua:
1569 4191 2008 4245 conservautem,

452 4271 503 4325 id
531 4281 613 4326 est
640 4271 888 4325 homines
912 4271 1001 4340 qui
1034 4273 1200 4326 Deum
1231 4281 1478 4341 spectant
1505 4283 1668 4338 atque
1692 4271 1739 4326 ei
1767 4274 2018 4337 credunt,

450 4379 512 4414 ac
541 4376 635 4429 per
658 4360 774 4428 ejus
800 4360 994 4415 Filium
1023 4362 1362 4429 adoptionem
1389 4369 1514 4416 sunt
1536 4363 1836 4425 consecuti,
1866 4372 2024 4430 prout

453 4450 651 4517 priscis
678 4467 891 4521 quoque
919 4452 1195 4520 propltetis
1223 4459 1279 4506 et
1307 4452 1634 4522 patriarchis
1667 4452 1870 4507 dictum
1901 4452 2020 4507 fue-

2113 2002 2177 2069 τῇ
2230 1998 2550 2070 διδασκαλίᾳ
2595 1999 2703 2052 τῶν
2750 1999 2924 2067 ἁγίων
2971 2000 3302 2070 προφητῶν·
3357 2000 3540 2053 αὐτῶν
3579 2002 3687 2070 γὰρ

2115 2089 2404 2156 νομοθεσία
2470 2091 2502 2158 ἡ
2545 2089 2808 2152 υἱοθεσία,
2859 2092 2890 2158 ὴ
2933 2092 3178 2158 λατρεία,
3226 2094 3281 2144 al
3325 2093 3683 2158 ἐπαγγελίαι·

2115 2181 2228 2232 ἀλλ’
2261 2175 2404 2234 οὗτοι
2439 2181 2540 2247 μὲν
2572 2181 3086 2250 ὑπερμαζήσαντες,
3130 2181 3222 2234 καὶ
3261 2181 3379 2234 λίαν
3409 2181 3488 2251 τῷ
3527 2181 3688 2246 ἀξιώ-

2120 2289 2248 2339 ματι
2281 2273 2633 2342 ἐπαρθέντες,
2655 2272 2744 2325 διὰ
2772 2272 2834 2325 τὸ
2863 2273 2937 2342 μὴ
2963 2273 3232 2336 ταπεινῶς
3262 2274 3578 2344 προσελθεῖν
3609 2275 3686 2345 τῷ

2117 2364 2613 2433 ἐνανθρωπήσαντι,
2653 2362 3100 2434 ἐξαπεστάλησαν
3142 2366 3306 2428 κενοὶ,
3350 2366 3518 2436 μηδὲν
3569 2370 3688 2419 ἐπι-

2119 2455 2425 2527 φερόμενοι,
2459 2456 2596 2526 μήτε
2623 2456 2826 2517 πίστιν,
2865 2456 3002 2525 μήτε
3045 2455 3268 2523 γνῶσιν.
3306 2457 3444 2525 μήτε
3497 2457 3688 2510 ἐλπίδα

2117 2547 2366 2615 ἀγαθῶν
2399 2547 2790 2601 ἐκπεπτώκασι
2829 2547 2938 2616 γὰρ
2965 2548 3059 2599 καὶ
3087 2549 3186 2617 τῆς
3212 2546 3456 2614 ἐπιγείου
3494 2547 3690 2620 Ἰερου-

2120 2641 2319 2711 σαλὴμ,
2357 2640 2452 2694 καὶ
2495 2641 2595 2710 τῆς
2626 2640 2928 2710 μελλούσης
2961 2637 3398 2711 ⁴ἠλλοτριῶθησαν
3442 2639 3589 2710 ζωῆς
3628 2657 3690 2693 τε

2119 2730 2210 2784 καὶ
2256 2729 2434 2800 δόξης,
2484 2730 2672 2800 ἐπειδὴ
2715 2731 2815 2782 οὐκ
2861 2728 3106 2794 ἐδέξαντο
3150 2729 3240 2781 τὸν
3302 2731 3547 2801 ἀρχηγὸν
3596 2733 3692 2801 τῆς

2119 2823 2285 2892 ζωῆς,
2321 2823 2457 2876 ἀλλὰ
2487 2823 2583 2875 καὶ
2617 2822 2972 2892 ἐσταύρωσαν
3008 2823 3100 2874 τὸν
3136 2821 3339 2892 Κύριον
3377 2822 3475 2892 τῆς
3511 2823 3688 2893 δόξης,

2118 2916 2210 2968 καὶ
2243 2915 2601 2984 ἐγκατέλιπον
2633 2915 2731 2986 τὴν
2761 2913 2948 2985 πηγὴν
2980 2913 3074 2966 τοῦ
3104 2913 3307 2978 ζῶντος
3342 2913 3556 2979 ὓδατος,
3599 2917 3692 2968 καὶ

2117 3003 2472 3072 ἐξουθένησαν
2519 3004 2612 3057 τὸν
2646 3004 2808 3075 ἄρτον
2846 3004 2938 3056 τὸν
2986 3004 3050 3054 ἐκ
3104 3002 3198 3055 τοῦ
3238 3003 3469 3074 οὐρανοῦ
3504 3004 3693 3057 κατελ-

2118 3096 2277 3150 θόντα
2299 3113 2312 3126 °
2349 3096 2436 3149 διὰ
2467 3095 2624 3148 τοῦτο
2656 3095 2751 3149 καὶ
2776 3091 2938 3166 ἦλθεν
2965 3095 3270 3156 ἐπάὑτοὺς
3308 3095 3466 3164 λιμὸς
3497 3097 3524 3148 ὁ
3556 3097 3692 3148 πάν-

2116 3203 2225 3239 των
2249 3185 2653 3256 χαλεπώτατος,
2705 3188 2798 3239 καὶ
2843 3185 2974 3254 δίψα
3025 3185 3183 3256 δίψης
3234 3187 3453 3256 ἁπάσης
3500 3204 3691 3258 πικρο-

2116 3278 2284 3348 τέραν
2311 3279 2373 3331 οῦ
2408 3278 2516 3347 γὰρ
2560 3274 2628 3348 ἦν
2672 3278 2830 3346 λιμδς
2870 3279 3035 3348 ἄρτου
3077 3277 3359 3348 αἰσθητοῦ,
3400 3278 3522 3331 οὐδὲ
3568 3279 3695 3346 δίψα

2119 3368 2334 3432 ὓδατος,
2364 3369 2502 3423 ἀλλὰ
2532 3370 2691 3440 λιμὸς
2723 3369 2819 3423 τοῦ
2860 3369 3092 3424 ἀκοῦσαι
3121 3369 3280 3437 λόγον
3305 3371 3509 3440 Κυρίου
3528 3388 3541 3400 ι
3564 3372 3613 3423 oi
3639 3371 3693 3424 δὲ

2119 3460 2228 3514 ἀπὸ
2246 3460 2351 3514 τῶν
2382 3460 2549 3516 ἐθνῶν
2578 3461 2874 3525 πεινῶντες
2907 3462 3002 3513 καὶ
3021 3459 3281 3530 διψῶντες
3307 3462 3400 3513 καὶ
3425 3463 3479 3514 ἐν
3510 3465 3694 3524 κακοῖς

2120 3549 2215 3619 τὴν
2265 3549 2443 3619 ψυχὴν
2500 3549 2820 3618 τηκόμενοι,
2886 3549 3075 3618 ἐπειδὴ
3131 3549 3222 3601 τὸν
3271 3547 3471 3618 Κύριον
3526 3565 3693 3618 προσ-

2121 3642 2348 3711 ήκαντο,
2402 3639 2817 3710 ἐνεπλήσθησαν
2863 3639 2974 3691 τῶν
3025 3639 3410 3710 πνευματικῶν
3448 3639 3689 3706 ἀγαθῶν·

2123 3731 2323 3802 μετέϐη
2349 3735 2460 3802 γὰρ
2489 3733 2569 3795 εἰς
2594 3732 2793 3794 αὐτοὺς
2813 3732 2883 3783 τὰ
2908 3731 3019 3784 τῶν
3060 3731 3329 3784 Ἰουδαίων
3356 3731 3517 3784 καλά.

2205 3825 2574 3878 Ἀπελὰϐετο
2609 3822 2855 3891 Ἰσραὴλ
2885 3822 3099 3888 παιδὸς
3117 3822 3323 3886 αὐτοῦ,
3345 3821 3694 3891 μνησθῆναι

2121 3914 2356 3981 ἐλέους.

2192 4005 2274 4073 (Ε
2309 4005 2345 4059 f.
2380 4006 2446 4059 59
2474 4006 2529 4071 ι),
2572 4004 2609 4056 F
2667 4004 2704 4057 f.
2748 4003 2888 4068 744)
2960 4002 3306 4056 ’Λντελάὁετο
3358 4001 3591 4072 Ἰσραὴλ,
3634 4001 3694 4054 οὐ

2121 4097 2215 4150 τοῦ
2243 4096 2379 4149 κατὰ
2404 4097 2602 4166 σάρκα,
2631 4094 2726 4148 τοῦ
2750 4094 2828 4164 τῷ
2854 4095 3079 4163 ὀνόματι
3101 4094 3241 4162 ψιλῴ
3268 4097 3692 4164 σεμνυνομένου,

2122 4187 2257 4242 ἀλλὰ
2276 4187 2371 4241 τοῦ
2404 4187 2545 4240 κατὰ
2571 4186 2811 4255 πνεῦμα,
2842 4185 2938 4238 τοῦ
2974 4186 3071 4256 τὴν
3099 4187 3331 4255 δύναμιν
3382 4187 3482 4254 τῆς
3528 4201 3694 4256 προσν

2122 4281 2348 4350 ηγορίας
2419 4279 2784 4348 τετηρηκότος
2811 4315 2825 4339 ,
2885 4277 3162 4330 τουτέστιν
3213 4275 3321 4328 τῶν
3391 4279 3470 4340 εἰς
3539 4278 3697 4331 αὑτὸν

2121 4373 2373 4443 ὁρώντων
2413 4373 2509 4424 καὶ
2557 4369 2923 4422 πιστευόντων
2977 4369 3071 4421 καὶ
3118 4369 3185 4421 δι’
3240 4368 3402 4421 αὑτοῦ
3439 4369 3532 4422 τοῦ
3570 4369 3698 4423 Υίοῦ

2126 4461 2568 4532 υίοθετουμένων,
2603 4459 2783 4522 καθὼς
2806 4460 2899 4512 καὶ
2928 4462 3040 4520 τοῖς
3073 4460 3242 4513 πάλαι
3270 4462 3576 4530 προφήταις
3603 4466 3696 4515 καὶ

452 4554 537 4596 rut
565 4554 727 4610 atque
753 4544 1101 4611 promissum.
1132 4543 1447 4612 Quanquam
1481 4545 1532 4598 id
1562 4543 1746 4598 Israeli
1779 4561 2017 4615 quoque,

2126 4556 2496 4626 πατριάρχαις
2522 4555 2550 4606 ὁ
2581 4553 2737 4620 λόγος
2759 4553 2852 4606 καὶ
2876 4554 2908 4622 ἡ
2933 4552 3223 4621 ὑπόσχεσις
3239 4565 3256 4581 ⁶
3282 4551 3501 4606 δύναται
3523 4553 3577 4607 δὲ
3609 4557 3701 4607 καὶ

451 4636 540 4703 qui
570 4645 655 4690 est
683 4637 976 4690 secundum
1008 4651 1248 4700 carnem,
1281 4651 1585 4707 congruere
1612 4645 1823 4705 potest;
1856 4639 2020 4692 multa

451 4731 595 4782 enim
640 4745 707 4782 ex
756 4729 858 4782 hac
903 4739 1063 4799 gente
1111 4729 1274 4784 millia
1325 4730 1691 4784 crediderunt.
1745 4749 1764 4781 ι
1821 4730 2022 4785 Recor-

454 4823 609 4874 datus
661 4832 840 4874 autem
895 4830 979 4874 est
1029 4819 1417 4875 misericordiae
1464 4836 1606 4885 suae,
1653 4831 1811 4889 prout
1852 4822 2024 4874 Abra-

455 4912 616 4966 hamo
642 4914 983 4979 promiserat.
1016 4931 1034 4964 ι
1067 4912 1122 4965 In
1153 4927 1266 4966 rem
1292 4911 1540 4966 videlicet
1564 4913 1794 4967 contulit
1819 4914 2022 4968 dictqu

453 5003 502 5054 ei
537 5003 874 5064 vaticinium,
913 5002 1024 5056 fore
1058 5010 1117 5055 ut
1151 5001 1202 5055 in
1241 5003 1449 5056 semine
1483 5001 1601 5070 ejus
1632 5003 1804 5058 tribus
1836 5019 2024 5057 omnes

458 5102 615 5144 terra.
665 5092 1134 5146 benedicerentur.
1185 5091 1464 5162 Impletum
1515 5108 1642 5148 vero
1690 5093 1788 5148 fuit
1835 5095 2023 5147 vatici-

457 5181 630 5244 nium,
661 5181 870 5235 orituro
903 5181 1027 5235 intle
1055 5182 1329 5235 communi
1351 5180 1640 5236 Servatore
1668 5182 1904 5243 Christo,
1932 5184 2022 5252 qui

459 5272 525 5321 de
553 5269 758 5322 semine
771 5269 1058 5323 Abrahatni
1076 5278 1182 5335 est,
1204 5269 1255 5323 in
1273 5285 1378 5338 quo
1404 5280 1592 5340 gentes
1608 5269 2023 5326 benedicuntur.

464 5379 484 5414 ι
517 5361 883 5430 Apprehendit
905 5360 1050 5414 enim
1077 5375 1259 5415 semen
1282 5360 1596 5422 Abraltami,
1636 5381 1652 5412 ι
1685 5373 1741 5413 ιιι
1770 5363 1842 5415 ait
1884 5363 2027 5430 Apo-

461 5452 690 5518 stolus",
721 5461 884 5520 atque
915 5452 986 5506 ita
1015 5451 1216 5506 editum
1248 5451 1496 5520 patribus
1527 5452 1848 5520 promissum
1879 5470 2026 5507 com—

457 5542 641 5610 plevit.

541 5822 563 5854 ‘
594 5821 723 5880 an.
757 5840 805 5891 κ,
838 5825 922 5879 l9.
999 5827 1020 5859 ³
1051 5825 1207 5883 Rom.
1250 5826 1410 5891 1x34.
1491 5828 1509 5858 ⁸
1543 5826 1707 5882 Amos
1747 5841 1860 5888 \‘lll,
1921 5826 2002 5878 ll.

2126 4647 2262 4717 πρὸς
2289 4645 2380 4698 τὸν
2407 4644 2549 4698 κατὰ
2586 4643 2766 4714 σάρκα
2805 4642 3017 4712 Ἰσραὴλ
3061 4643 3220 4695 τοῦτο
3247 4644 3486 4713 ἁρμόσαι
3513 4660 3530 4677 ’
3574 4647 3701 4697 πολ-

2125 4737 2216 4790 λαὶ
2255 4736 2362 4806 γὰρ
2383 4736 2442 4801 ἐξ
2475 4733 2656 4786 αὐτῶν
2690 4732 2950 4802 μυριάδες
2987 4731 3336 4784 ἐπίστευσαν.
3377 4750 3395 4780 ‹
3428 4730 3702 4800 Ἐμνήσθη

2127 4828 2184 4881 δὲ
2253 4827 2347 4880 τοῦ
2429 4824 2614 4887 ἐλέους
2695 4822 2882 4885 αὑτοῦ,
2946 4819 3128 4883 καθὼς
3200 4822 3564 4890 ἐπηγγείλατο
3628 4823 3705 4889 τῷ

2142 4917 2413 4987 Ἀϐραάμ.
2447 4935 2465 4967 ι
2501 4915 2609 4967 Καὶ
2637 4915 2719 4976 εἰς
2760 4913 2933 4983 πέρας
2977 4912 3183 4982 ἢγαγεν
3229 4912 3365 4981 ὅπερ
3412 4907 3479 4982 ἦν
3534 4912 3702 4964 εἰπὼν

2132 5007 2267 5079 πρὸς
2286 5007 2469 5070 αὑτὸν,
2495 5006 2575 5058 ὅτι
2607 5003 3114 5072 «Εὑλογηθήσονται
3134 5003 3192 5054 ἐν
3211 5001 3289 5072 τῷ
3312 5002 3583 5073 σπέρματί
3611 5018 3702 5055 σου

2131 5102 2302 5153 πᾶσαι
2347 5100 2404 5151 αἱ
2459 5098 2626 5168 φυλαὶ
2663 5098 2762 5166 τῆς
2810 5095 2952 5163 γῆς’
2985 5116 3003 5146 ι
3045 5093 3348 5162 ἐπληροῦτο
3410 5094 3466 5147 δὲ
3508 5093 3642 5163 αὕτη
3671 5096 3704 5162 ἡ

2130 5190 2449 5258 ἐπαγγελία,
2491 5187 2551 5252 ἐξ
2585 5187 2755 5257 αὐτῆς
2790 5186 3078 5252 μέλλοντος
3125 5185 3419 5250 γεννᾶσθαι
3447 5183 3540 5236 τοῦ
3588 5200 3703 5236 κοι-

2133 5285 2225 5337 νοῦ
2291 5283 2542 5352 Σωτῆρος
2596 5279 2852 5350 Χριστοῦ,
2912 5279 2969 5341 ὃς
3052 5280 3166 5329 ἐστι
3223 5277 3284 5328 τὸ
3334 5278 3553 5346 σπέρμα
3607 5277 3711 5330 τοῦ¹

2148 5374 2416 5444 Ἀϐραὰμ,
2445 5377 2502 5425 ἐν
2526 5367 2653 5440 ᾧτὰ
2677 5372 2803 5442 ἔθνη
2827 5369 3204 5438 εὐλογοῦνται·
3223 5387 3240 5418 ‹
3266 5369 3703 5438 Σπέρματοςγὰρ

2149 5466 2394 5534 Ἀϐραὰμ
2442 5464 2758 5524 ἐπελάϐετο,
2799 5482 2815 5512 ι
2851 5461 3032 5524 καθώς
3065 5476 3227 5528 φησιν
3280 5461 3308 5512 ὁ
3365 5461 3699 5519 ’Λπόστολος,

2137 5559 2228 5609 καὶ
2295 5556 2437 5609 οὕτω
2493 5557 2589 5625 τὴν
2640 5555 2774 5624 πρὸς
2837 5555 2960 5616 τους
3057 5553 3295 5622 πατέρας
3376 5551 3704 5618 ἐπαγγελίαν

2138 5650 2441 5716 ἐπλήρωσε.

2081 5827 2099 5856 ⁷
2141 5827 2299 5888 Ιίυὶιῐ·τ
2345 5842 2402 5888 II,
2462 5827 2544 5879 16.
