4134 6374
407 330 515 386 485

1077 438 1234 494 CAP.
1270 437 1334 492 ll.

475 558 539 614 V.
578 560 625 614 l.
659 555 879 611 Factum
901 566 974 609 est
999 566 1175 607 autem
1212 554 1392 606 diebus
1427 551 1554 614 illis,
1577 560 1683 604 etc.

480 651 716 714 Utiliter,
753 647 861 701 imo
913 644 1227 699 necessario
1286 643 1590 714 designavit
1661 638 1990 711 evangelista

408 743 720 796 Servatoris
772 737 943 794 nostri
994 734 1295 790 nativitatis
1351 743 1582 801 tempus.
1630 731 1872 800 Namque
1936 740 2011 786 ut‘

407 844 818 902 cognoscamus,
857 841 1040 896 regem
1065 824 1132 880 de
1160 822 1365 878 familia
1394 821 1610 876 Davidis
1632 831 1759 875 tunc
1783 820 1990 874 nullum

409 922 577 974 fuisse
633 920 774 989 apud
823 917 1121 980 lsraelitas,
1148 915 1243 969 sed
1290 929 1476 968 eorum
1535 913 1810 983 principes
1844 913 1992 969 defe-

409 1012 575 1077 cisse,
620 1021 764 1065 recte
816 1008 1062 1065 meminit
1115 1005 1347 1063 Caesaris
1387 1007 1711 1071 edictorum,
1745 1022 1840 1059 ceu
1904 1006 1990 1075 qui

408 1119 530 1154 cum
582 1099 805 1155 caeteris
854 1098 1068 1170 populis
1115 1095 1355 1152 Judazam
1390 1111 1606 1166 quoque
1651 1106 1864 1165 sceptro
1895 1112 1994 1151 suo

408 1195 705 1249 cohiberet.
741 1194 832 1249 Sic
862 1194 1006 1247 enim
1031 1191 1450 1259 descriptionem
1501 1190 1744 1245 omnium
1783 1200 1993 1245 morta-

409 1284 539 1339 lium
580 1284 694 1338 [ἰοτὶ
733 1286 1105 1340 mandaverat.

483 1459 551 1516 ν.
576 1461 630 1517 4.
662 1459 741 1515 Eo
773 1462 915 1531 quod
947 1470 1081 1517 esset
1111 1462 1178 1517 de
1205 1464 1362 1518 domo
1400 1471 1451 1517 et
1486 1461 1699 1532 familia
1746 1457 1988 1532 Dauidis.

482 1552 773 1610 Sacrorum
810 1553 1219 1623 Evangeliorum
1267 1555 1404 1609 liber
1444 1555 1510 1609 ad
1545 1551 1838 1620 Josepbum
1866 1553 1994 1605 stir-
2037 1597 2045 1607 .

411 1646 496 1716 pis
522 1646 718 1701 seriem
760 1646 1052 1711 deducens,
1080 1651 1172 1715 qui
1204 1648 1271 1701 de
1304 1646 1528 1701 Davidis
1565 1644 1771 1699 familia
1824 1656 1994 1715 genus

1402 326 1459 375 3.
1499 315 1774 374 CYRILLI
1816 313 2281 371 ALEXANDRINI
2325 316 2647 372 ARCHIEP.

3570 313 3674 369 484

2754 436 2915 490 ΚΕΟ.
2954 436 3015 491 Β.

2177 544 2447 615 Ἐγένετο
2479 546 2547 599 δὲ
2584 547 2654 599 ἐν
2694 546 2821 612 ταῖς
2855 545 3106 615 ἡμέραις
3131 543 3417 611 ἔκαεν-ας,
3443 562 3498 599 κ.
3534 562 3586 599 τ.
3622 545 3675 601 λ.

2166 638 2474 709 (Atili),
2511 637 2794 703 Ef.65b,
2834 636 3094 703 Ff.750,
3139 635 3679 708 Hf.63b)lpqd—

2097 747 2213 801 μως
2246 730 2304 783 δὲ
2332 731 2425 785 καὶ
2459 730 2770 798 ἀναγκαίως
2801 729 3185 801 ἐπεσημήνατο
3210 729 3237 780 ὁ
3280 728 3683 798 εὐαγγελιστὴς

2092 826 2192 892 τῆς
2227 822 2319 875 τοῦ
2350 823 2600 895 Σωτῆρος
2636 821 2794 892 ἡμῶν
2824 821 3129 891 γεννήσεως
3161 821 3373 890 καιρόν.
3412 820 3529 873 Ἱνα
3567 822 3676 889 γὰρ

2097 914 2379 985 μάθωμεν,
2411 915 2485 976 ὡς
2519 913 2770 983 βασιλεὺς
2816 912 2926 966 τῶν
2956 914 3020 965 ὲκ
3046 911 3217 981 φυλῆς
3245 912 3432 975 Δαόὶδ,
3467 913 3566 965 οὐκ
3607 907 3676 982 ἦν

2094 1006 2245 1078 παρά
2277 1008 2385 1060 τῶν
2419 1005 2478 1073 ἐξ
2531 1005 2765 1077 Ἰσραὴλ,
2802 1004 2915 1058 ἀλλ’
2946 1006 2997 1058 oi
3045 1006 3171 1076 παρ’
3200 1005 3382 1068 αὐτοῖς
3418 1007 3677 1075 ἄρχοντες

2094 1098 2496 1163 ἐκλελοίπασιν,
2547 1098 2774 1162 εἰκότως
2827 1097 3194 1168 διαμέμνηται
3238 1097 3347 1150 τῶν
3400 1097 3494 1150 τοῦ
3538 1098 3676 1151 Καί-

2097 1209 2261 1263 σαρος
2290 1191 2700 1262 θεσπισμάτων,
2726 1190 2803 1253 ὡς
2830 1190 2936 1244 ὑπὸ
2965 1191 3222 1260 σκῆπτρα
3244 1189 3429 1243 λοιπόν
3462 1190 3678 1260 ἔχοντος

2098 1280 2237 1351 μετὰ
2263 1280 2371 1333 τῶν
2403 1281 2577 1336 ἄλλων
2606 1282 2706 1353 τὴν
2747 1280 3008 1335 Ἰουδαίαν
3028 1293 3044 1310 ’
3079 1278 3222 1333 οὕτω
3250 1279 3360 1350 γὰρ
3387 1278 3676 1332 κεκέλευκε

2095 1375 2352 1441 γενέσθαι
2386 1376 2486 1447 τὴν
2523 1377 2875 1449 ἀπογραφήν.

2164 1468 2266 1521 Διὰ
2293 1467 2361 1521 τὸ
2384 1464 2538 1523 εἶναι
2560 1470 2748 1523 αὐτὸν
2772 1468 2841 1532 ἐξ
2868 1468 3038 1522 οἴκου
3075 1467 3173 1522 καὶ
3201 1464 3454 1535 πατριᾶς
3478 1465 3676 1520 Δαϐίδ.

2167 1560 2230 1629 (E
2279 1559 2318 1614 ι.
2368 1559 2438 1614 65
2491 1561 2547 1626 b,
2613 1559 2719 1615 Ff.
2772 1560 2877 1614 748
2907 1560 2961 1630 b)
3010 1560 3077 1613 Ἠ
3120 1562 3219 1630 μὲν
3247 1555 3341 1612 οὖν
3376 1558 3483 1611 τῶν
3519 1558 3679 1628 ίερῶν

2096 1647 2440 1718 Εὑαγγελίων
2476 1648 2655 1719 βίϐλος
2695 1651 2775 1713 εἰς
2824 1649 2914 1702 τὸν
2956 1648 3153 1719 Ἰωσὴφ
3195 1648 3295 1720 τὴν
3326 1648 3679 1716 γενεαλογίαν

411 1747 530 1791 erat
586 1737 832 1800 sortitus,
860 1735 1201 1791 demonstrat
1239 1738 1401 1790 simul
1463 1736 1734 1805 Virginem
1782 1748 1994 1804 quoque

2105 1742 2432 1808 κατάγουσα,
2470 1744 2534 1795 ὲκ
2569 1740 2662 1794 τοῦ
2698 1739 2980 1794 Δαυιδικοῦ
3012 1741 3203 1810 ἔχοντα
3231 1738 3380 1792 οἴκου
3410 1737 3472 1791 τὸ
3500 1738 3674 1806 γένος,

413 1829 478 1880 de
504 1825 723 1879 Davidis
778 1825 918 1878 tribu
954 1839 1108 1892 atque
1154 1841 1218 1879 ac
1255 1824 1402 1877 illmn
1430 1824 1621 1889 fuisse,
1649 1825 1773 1893 quia
1814 1823 1992 1876 divina

411 1917 498 1972 lex
537 1917 787 1986 coniugia
835 1917 976 1972 intra
1025 1918 1270 1973 eamdem
1322 1918 1523 1971 tribum
1578 1918 1693 1972 ﬁeri
1746 1917 1990 1986 jubebat.

411 2009 677 2063 Caeterum
728 2009 1027 2064 caalestium
1084 2010 1396 2080 dogmatum
1452 2011 1734 2077 interpres,
1768 2023 1993 2078 magnus

415 2101 688 2173 apostolus
733 2099 954 2165 Paulus,
982 2101 1266 2154 veritatem
1322 2100 1497 2169 palam
1545 2099 1728 2162 edicit,
1757 2114 1824 2152 ex
1856 2098 1992 2152 Juda

413 2203 593 2248 ortum
634 2207 757 2248 esse
803 2192 1086 2247 Dominum
1136 2201 1344 2246 testans
1370 2191 1435 2243 ιο.
1475 2189 1712 2245 Diversae
1774 2191 1991 2259 quidem

415 2287 484 2341 ad
514 2301 694 2340 veram
727 2287 986 2339 unitatem
1020 2284 1317 2339 faciendam
1340 2290 1734 2336 concurrerunt
1762 2291 1990 2344 naturae,

417 2394 666 2448 unusque
693 2393 757 2433 ex
789 2388 1020 2446 utraque
1052 2379 1191 2432 Deus
1220 2375 1427 2430 Filius:
1460 2390 1567 2429 non
1599 2376 1742 2445 quod
1778 2383 1998 2426 natura-

416 2486 536 2526 rum
574 2470 862 2524 diversitas
917 2469 986 2523 ob
1035 2468 1421 2522 adunationem
1476 2476 1753 2536 perempta
1802 2463 1991 2530 fuerit;

420 2577 543 2617 nam
578 2562 802 2616 duarum
841 2560 1019 2629 potius
1043 2570 1360 2614 naturarum
1402 2558 1664 2613 adunatio
1708 2556 1847 2610 faeta
1875 2565 1992 2611 est:

416 2665 703 2723 prOpterea
747 2667 913 2706 unum
967 2651 1261 2715 Christum,
1324 2665 1490 2705 unum
1562 2646 1781 2711 Filium,
1830 2661 1994 2699 mnnn

418 2742 708 2798 Dominum
759 2743 1104 2797 confitemur.
1145 2747 1324 2813 Atque
1381 2743 1451 2798 ob
1501 2744 1639 2796 banc
1699 2738 1997 2794 inconfuszc

418 2835 767 2890 adunationis
790 2836 1140 2900 sententiam,
1177 2833 1464 2903 Deiparam
1508 2846 1723 2903 quoque
1752 2840 1995 2885 sanctam

418 2923 696 2998 Virginem
724 2928 1103 2996 pradicamus,
1136 2928 1261 2996 quia
1298 2927 1555 2980 nimirum
1615 2925 1707 2979 Dei
1757 2923 1995 2978 Verbum

416 3035 550 3075 caro
598 3019 802 3074 factum
830 3028 909 3073 est
940 3028 993 3073 et
1023 3019 1206 3084 homo,
1240 3029 1403 3088 atque
1439 3019 1506 3072 ab
1563 3017 1680 3087 ipso
1734 3025 1995 3083 conceptu

419 3110 691 3182 copulavit
737 3111 840 3167 sibi
891 3122 1162 3180 sumptum
1196 3127 1261 3166 ex
1295 3111 1514 3181 Virgine
1560 3109 1840 3180 templum.
1864 3106 1997 3162 Cer-
2026 3134 2069 3190 ο

422 3201 601 3256 nimus
660 3202 804 3256 enim
837 3202 971 3257 duas
1025 3212 1247 3255 naturas
1304 3200 1617 3255 indivisibili
1675 3196 2001 3252 adunatione

419 3292 720 3364 copulatas,
767 3293 1102 3359 indistincte,
1165 3291 1621 3361 inseparabiliter.
1669 3288 1803 3342 Nam
1878 3303 2003 3342 caro

423 3398 552 3439 caro
578 3393 684 3448 est,
717 3399 825 3439 non
857 3384 1049 3448 deitas,
1084 3397 1390 3452 quanquam
1423 3382 1510 3436 Dei
1545 3395 1671 3435 caro
1703 3380 1845 3435 facta
1896 3390 2000 3434 est.

422 3475 602 3547 Eque
626 3475 862 3532 Verbum
911 3478 1052 3531 Deus
1108 3484 1213 3543 est,
1250 3491 1357 3530 non
1401 3490 1551 3538 caro,
1592 3488 1899 3543 quanquam
1934 3474 2005 3527 ob

424 3568 847 3638 dispensationis
882 3568 1198 3640 mysterium
1230 3567 1385 3638 121
1439 3581 1660 3621 carnem
1713 3566 1859 3620 illam
1902 3565 2003 3619 sibi

425 3660 697 3730 propriam
724 3659 924 3714 effecit.
957 3658 1067 3713 Etsi
1093 3667 1269 3712 autem
1295 3669 1349 3711 et
1392 3657 1619 3711 diversae
1635 3669 1691 3710 et
1714 3655 2006 3725 inaequales

427 3758 636 3804 natura:
666 3758 793 3803 sunt
835 3764 957 3818 qua:
988 3749 1055 3803 ad
1105 3747 1367 3801 unitatem
1397 3744 1660 3818 (Christi)
1702 3745 2004 3800 faciendam

425 3851 842 3904 concurrerunt,
871 3855 1010 3894 nnus
1051 3849 1228 3893 tamen
1263 3854 1330 3892 ex
1358 3847 1584 3907 utraque
1607 3838 1863 3906 solusque
1888 3845 2003 3903 est;

427 3947 603 4002 neque
634 3932 760 3986 licet
811 3932 1032 3986 unicum
1079 3931 1367 3986 Dominum
1396 3928 1578 3985 Jesum
1624 3929 1902 3985 Christum
1954 3932 2004 3984 in

426 4023 698 4079 hominem
722 4038 966 4077 seorsum
1001 4023 1267 4088 dividere,
1301 4032 1355 4077 et
1395 4021 1521 4077 item
1552 4022 1607 4076 in
1636 4022 1803 4076 Deum
1850 4037 2005 4075 seor-

427 4132 544 4171 sum
570 4133 585 4181 ;
622 4117 713 4172 sed
750 4130 913 4169 unum
944 4115 1311 4183 eumdemque
1334 4112 1569 4167 dicimus
1593 4128 1711 4167 esse
1730 4111 2006 4166 Christum

425 4207 634 4274 Jesum,
681 4218 997 4262 naturarum
1059 4206 1433 4261 diversitatem
1488 4204 1655 4274 probe
1724 4206 2007 4270 scientem,

428 4305 681 4371 ipsasque
705 4300 821 4354 sine
846 4298 955 4353 ulla
1006 4308 1193 4352 mutua
1230 4296 1553 4351 confusione
1588 4297 1935 4354 retinentem.

526 4390 592 4444 Υ.
636 4389 690 4444 5.
748 4387 883 4442 Cum
936 4387 1119 4441 Maria
1146 4393 1466 4456 desponsata
1499 4387 1601 4441 sibi
1647 4402 1811 4441 uxore
1867 4402 2007 4454 prte-

424 4491 639 4552 gnante.

497 4573 888 4641 Desponsatam
924 4571 1001 4625 ait
1031 4570 1197 4626 fuisse
1230 4586 1387 4626 sacer
1415 4572 1747 4640 evangelista
1773 4570 2008 4641 Josepho

428 4663 674 4731 Mariam,
704 4675 761 4717 ut
807 4665 1144 4719 demonstret
1182 4666 1525 4719 manentibus
1581 4676 1787 4719 tantum
1844 4681 2009 4735 spon-

428 4758 634 4812 salibus
674 4758 929 4812 evenisse
986 4761 1421 4826 conceptionem,
1450 4758 1753 4828 miramque
1784 4758 2006 4811 Emma-

430 4850 603 4904 nuelis
637 4851 1001 4915 nativitatem,
1032 4860 1227 4920 prmter
1260 4853 1513 4905 humanae
1576 4864 1784 4906 natura:
1835 4852 2003 4922 leges.

428 4939 547 4995 Nun
582 4943 729 4996 enim
758 4940 921 5013 Virgo
950 4944 1092 4997 virili
1111 4952 1362 5012 suscepto
1399 4943 1604 4997 semine
1642 4954 1850 5012 partum
1880 4942 2013 4997 etfu-

426 5031 530 5088 dil.
561 5031 818 5100 Quanam
850 5044 1033 5089 autem
1091 5034 1167 5089 rei
1220 5035 1406 5090 ratio?
1436 5033 1689 5088 Omnium
1735 5035 2011 5089 inchoatio

503 5212 549 5245 ¹⁹
572 5211 736 5267 llebr.
770 5228 867 5278 vn,
906 5214 993 5269 ﬂ.

629 5372 1145 5446 Contfer__Cyri|lum,
1193 5384 1335 5427 orat.
1388 5372 1461 5427 De
1514 5372 1764 5442 Deipara,
1810 5389 1924 5446 cap.
1986 5375 2020 5429 ι

431 5441 602 5513 μιιίίιξει
646 5453 774 5497 tom.
808 5441 939 5513 IX

502 5511 581 5594 (2)
622 5514 776 5594 bjgepe
808 5511 971 5568 etiam
1004 5512 1151 5594 alibi,
1181 5524 1240 5568 ut
1272 5513 1383 5594 hic.
1411 5513 1477 5594 de
1505 5515 1714 5568 duabus
1741 5514 2010 5594 manenti-

430 5583 530 5637 bus
559 5583 615 5655 in
631 5583 850 5639 Christo
885 5586 1092 5639 naturis
1120 5586 1401 5653 perspicue
1429 5587 1636 5639 locutus
1657 5594 1741 5638 est
1754 5584 2012 5655 Cyrillus,

431 5664 560 5720 puta
607 5654 659 5706 in
714 5654 866 5708 libris
916 5665 1075 5724 atque
1124 5656 1364 5723 epistolis
1391 5656 1648 5708 adversus
1684 5654 2009 5719 [\cstorium,

432 5724 753 5795 (prmsertim
796 5727 847 5777 in
896 5724 981 5779 illa
1024 5740 1142 5794 qua:
1191 5728 1377 5795 incipit
1424 5725 1912 5797 καταφλυαροῦσι),
1961 5728 2013 5779 in

2101 1832 2268 1899 ἔδειξε
2304 1833 2372 1886 δι’
2399 1832 2564 1886 αὐτοῦ
2615 1835 2709 1887 καὶ
2742 1833 2840 1905 τὴν
2871 1833 3146 1905 Παρθένον
3194 1831 3287 1885 τοῦ
3337 1833 3499 1886 Δαόὶδ
3542 1850 3682 1903 συμ-

2104 1925 2344 1996 φυλέτιν,
2375 1925 2467 1979 τοῦ
2509 1925 2653 1979 θείου
2695 1926 2862 1995 νόμου
2908 1924 3007 1989 τὰς
3053 1924 3313 1994 συζυγίας
3352 1925 3461 1979 ἀπὸ
3507 1924 3680 1995 φυλῆς

2102 2017 2448 2082 θεσπίζοντος
2472 2017 2717 2088 γίνεσθαι
2753 2018 2851 2087 τῆς
2876 2017 3064 2087 αὐτῆς.
3107 2017 3166 2071 Ὀ
3194 2018 3250 2070 δὲ
3282 2018 3389 2071 τῶν
3414 2018 3680 2090 οὐρανίων

2103 2110 2387 2180 ὑποφήτης
2425 2108 2710 2177 δογμάτων
2732 2150 2746 2175 ,
2797 2111 2826 2161 ὁ
2874 2109 3047 2178 μέγας
3096 2109 3393 2172 ἀπόστολος
3444 2110 3675 2174 Παῦλος,

2102 2202 2405 2273 ἀναφανδὸν
2435 2202 2687 2270 διασαφεῖ
2717 2200 2814 2272 τὴν
2843 2202 3121 2273 ἀλήθειαν,
3159 2201 3220 2266 ἐξ
3266 2202 3439 2256 Ἰούδα
3475 2219 3679 2274 μαρτυ-

2106 2292 2213 2363 ρῶν
2239 2292 2520 2345 ἀνατεῖλαι
2552 2291 2644 2344 τὸν
2673 2291 2897 2362 Κύριον.
2931 2322 2996 2331 —-
3035 2293 3098 2362 (Ε
3125 2292 3163 2347 f.
3204 2293 3294 2356 70.
3346 2293 3386 2347 F
3415 2293 3451 2347 f.
3487 2294 3589 2349 734
3620 2295 3676 2359 ιι)

2115 2384 2275 2438 Ἀλλά
2302 2384 2549 2454 διάφοροι
2601 2381 2699 2454 μὲν
2731 2383 2788 2436 ai
2828 2383 2965 2454 πρὸς
3012 2384 3240 2455 ἑνότητα
3284 2385 3680 2455 συνενεχθεῖσαι

2105 2476 2297 2547 φύσεις
2321 2475 2419 2546 τὴν
2449 2474 2729 2545 ἀληθινὴν,
2754 2468 2834 2539 εἷς
2860 2475 2906 2528 δ’
2933 2474 2993 2541 ἐξ
3023 2476 3227 2546 ἀμφοῖν
3254 2476 3386 2540 Θεὸς
3415 2478 3509 2530 καί⁵
3533 2477 3679 2541 Υἱὸς,

2101 2569 2200 2639 οὐχ
2240 2569 2316 2632 ὡς
2360 2566 2462 2637 τῆς
2501 2567 2609 2619 τῶν
2638 2566 2851 2636 φύσεων
2896 2566 3161 2638 διαφορᾶς
3204 2569 3556 2639 ἀνῃρημένης
3592 2568 3681 2620 διά

2101 2658 2199 2729 τὴν
2230 2658 2422 2711 ἕνωσιν
2445 2675 2457 2687 ·
2486 2655 2578 2710 δύο
2609 2658 2713 2728 γὰρ
2743 2656 2962 2726 φύσεων
2990 2657 3184 2720 ’ἐνωσις
3228 2659 3420 2726 γέγονε
3441 2675 3454 2688 ’
3486 2657 3566 2711 διδ
3586 2657 3682 2711 ἕνα

2102 2749 2358 2820 Χριστὸν,
2389 2750 2486 2802 ἕνα
2529 2749 2677 2813 Υίὸν,
2710 2749 2806 2803 ἕνα
2851 2750 3057 2820 Κύριον
3101 2749 3495 2821 ὁμολογοῦμεν.
3529 2751 3681 2803 Κατά

2103 2842 2307 2914 ταύτην
2341 2841 2440 2913 τὴν
2473 2843 2569 2912 τῆς
2598 2843 2909 2913 ἀσυγχύτου
2945 2842 3191 2906 ὲνώσεως
3233 2842 3460 2908 ἔννοιαν,
3492 2843 3682 2896 Θεοτὸ-

2103 2952 2197 2988 κον
2221 2935 2320 3005 τὴν
2349 2935 2511 3002 ἁγίαν
2542 2935 2817 3006 Παρθένον
2846 2934 3211 3005 κηρύττομεν,
3232 2935 3320 2988 διά
3340 2935 3400 2988 τὸ
3429 2936 3522 2989 τὸν
3550 2935 3682 2988 Θεὸν

2102 3027 2278 3096 Λόγον
2309 3025 2660 3097 σαρκωθῆναι
2694 3028 2789 3080 καὶ
2820 3027 3257 3099 ὲνανθρωπῆσαι,
3288 3029 3382 3081 καὶ
3412 3027 3474 3093 ἐξ
3514 3028 3682 3097 αὐτῆς

2101 3117 2201 3188 τῆς
2223 3116 2543 3186 συλλήψεως
2575 3117 2776 3170 ὲνῶσαι
2802 3115 2979 3187 ἑαυτῷ
3015 3117 3105 3171 τὸν
3131 3118 3189 3184 ἐξ
3216 3118 3387 3189 αὐτῆς
3412 3118 3683 3189 ληφθέντα

2102 3210 2228 3261 ναόν
2258 3209 2358 3279 (1).
2404 3209 2653 3280 Ὀρῶμεν
2686 3209 2796 3279 γὰρ
2829 3210 2912 3262 ὅτι
2941 3209 3035 3263 δύο
3061 3209 3249 3278 φύσεις
3282 3210 3539 3281 συνῆλθον
3586 3210 3683 3264 ἀλα

2102 3299 2294 3372 λήλαις
2346 3302 2467 3354 καθ’
2515 3301 2708 3354 ἕνωσιν
2762 3301 3163 3364 ἀδιάσπαστον,
3216 3302 3537 3373 ἀσυγχύτως
3589 3304 3685 3356 καὶ

2104 3392 2459 3463 ἀδιαιρέτως·
2491 3395 2525 3465 ὴ
2560 3393 2669 3465 γὰρ
2710 3393 2846 3464 σὰρξ
2881 3394 3016 3465 σάρξ
3053 3397 3194 3461 ἐστι,
3241 3397 3336 3449 καὶ
3379 3396 3442 3448 οὐ
3471 3395 3682 3467 θεότης,

2104 3489 2154 3540 εί
2201 3490 2296 3541 καὶ
2343 3489 2535 3557 γέγονε
2588 3484 2725 3539 Θεοῦ
2784 3487 2951 3558 σάρξ·
2980 3489 3183 3557 ὁμοίως
3225 3488 3285 3541 δὲ
3325 3493 3420 3543 καὶ
3454 3492 3483 3542 ὁ
3516 3490 3685 3557 Λόγος

2104 3579 2237 3642 Θεός
2270 3581 2387 3632 ὲστι
2419 3579 2515 3632 καὶ
2550 3579 2612 3632 ού
2658 3577 2814 3650 σὰρξ,
2860 3580 2910 3632 εί
2943 3580 3038 3632 καὶ
3080 3579 3216 3632 ἰδίαν
3248 3582 3542 3652 ἐποιήσατο
3586 3581 3685 3653 τὴν

2108 3675 2287 3747 σάρκα
2313 3673 2696 3744 οίκονομικῶς.
2730 3675 2793 3726 Ei
2822 3673 2880 3727 δὲ
2910 3677 3005 3728 καὶ
3032 3676 3276 3747 διάφοροι
3302 3678 3395 3730 καὶ
3433 3675 3685 3746 ἀλλήλαις

2106 3765 2280 3819 ἄνισοι
2318 3766 2426 3819 τῶν
2456 3768 2535 3829 εἰς
2566 3766 2794 3835 ἑνότητα
2826 3767 3343 3839 συνδεδραμηκότων
3370 3769 3426 3820 αἱ
3473 3769 3684 3838 φύσεις,

2108 3858 2220 3912 ἀλλ’
2246 3854 2338 3911 οὖν
2369 3854 2449 3921 εἷς
2468 3859 2497 3910 ό
2538 3856 2598 3922 ἐξ
2624 3859 2829 3927 ἀμφοῖν
2861 3874 2925 3925 γε
2954 3859 3115 3928 μόνος
3134 3875 3148 3890 °
3174 3859 3269 3913 καὶ
3301 3860 3361 3911 οὐ
3392 3857 3688 3929 διαιρετέον

2106 3952 2197 4004 τὸν
2242 3952 2337 4005 ἕνα
2381 3950 2584 4021 Κύριον
2626 3949 2838 4019 Ἰησοῦν
2869 3951 3103 4023 Χριστὸν
3134 3953 3215 4016 είς
3260 3951 3549 4023 ἄνθρωπον
3592 3950 3690 4002 ἰδι-

2110 4041 2241 4107 κῶς,
2289 4042 2382 4095 καὶ
2416 4043 2496 4105 είς
2535 4041 2668 4093 Θεὸν
2715 4040 2920 4105 ίδικῶς,
2971 4042 3085 4095 ἀλλ’
3118 4043 3214 4096 ἕνα
3257 4042 3351 4096 xal.
3394 4040 3486 4095 τὸν
3529 4040 3690 4093 αὐτὸν

2110 4128 2250 4185 εἷναί
2276 4149 2455 4202 φαμεν
2484 4131 2719 4203 Χριστὸν
2756 4131 2984 4202 Ἰησοῦν,
3014 4134 3113 4206 τὴν
3141 4135 3250 4187 τῶν
3272 4133 3488 4204 φύσεων
3514 4133 3691 4187 εἰδότα

2109 4223 2394 4294 διαφορὰν,
2441 4223 2534 4277 καὶ
2586 4221 2926 4291 ἀσυγχύτους
2975 4224 3233 4297 ἀλλήλαις
3287 4224 3457 4287 αὑτὰς
3502 4223 3689 4293 διατη-

2115 4315 2307 4386 ροῦντα
2341 4315 2441 4385 (2).

2182 4406 2307 4460 Σὺν
2339 4409 2575 4477 Μαριὰμ
2602 4408 2678 4478 τῇ
2705 4408 3208 4480 μεμνηστευμένῃ
3238 4406 3399 4473 αὐτῷ
3430 4408 3688 4478 γυναικί,

2041 4489 2087 4544 Ῑ)
2116 4499 2277 4565 οὔσῃ
2305 4497 2517 4567 ὲγκύῳ.

2185 4588 2315 4659 (Af.
2357 4590 2441 4653 ιι,
2484 4591 2527 4644 Ε
2557 4590 2594 4644 r.
2627 4592 2717 4657 et,
2760 4593 2802 4646 ιε’
2839 4593 2878 4647 r.
2912 4591 3014 4647 748
3053 4592 3111 4656 δ,
3160 4594 3207 4646 H
3237 4591 3276 4648 ι.
3310 4592 3400 4662 62)
3456 4592 3517 4645 'o
3540 4591 3597 4645 δέ
3629 4607 3692 4659 γε

2116 4682 2261 4752 ἱερὸς
2288 4682 2701 4754 εύαγγελιστὴς,
2728 4684 3175 4757 μεμνηστεῦσθαί
3220 4702 3352 4756 φησι
3376 4683 3455 4755 τῷ
3497 4684 3693 4755 Ἰωσὴφ

2112 4773 2212 4841 τὴν
2244 4772 2498 4845 Μαριὰμ.
2546 4774 2762 4838 δεικνὺς
2788 4777 2864 4841 ὡς
2902 4779 2995 4831 ἐπὶ
3035 4778 3219 4849 μόνοις
3258 4780 3371 4840 τοῖς
3406 4776 3695 4846 μνήστροις

2117 4865 2154 4936 ἡ
2181 4863 2465 4935 σύλληψις,
2502 4866 2597 4919 καὶ
2635 4869 2935 4941 παράδοξος
2968 4871 3002 4941 ἡ
3049 4871 3300 4940 γέννησις
3340 4869 3434 4923 τοῦ
3487 4869 3697 4938 Ἐμμα-

2118 4955 2304 5027 νουὴλ,
2333 4957 2426 5011 καὶ
2454 4960 2567 5021 τοῖς
2596 4959 2699 5028 τῆς
2726 4961 3073 5033 ἀνθρωπίνης
3101 4962 3317 5031 φύσεως
3343 4963 3443 5016 οὐκ
3466 4959 3696 5014 ἀκολου-

2119 5046 2286 5103 θοῦσα
2314 5048 2499 5120 νόμοις
2519 5065 2532 5077 ’
2563 5050 2624 5101 οὐ
2663 5052 2772 5123 γὰρ
2809 5054 3029 5107 τέτοκεν
3058 5057 3090 5125 ἡ
3122 5053 3250 5124 ἀγία
3292 5053 3584 5124 Παρθένος,
3606 5052 3698 5106 ἁν-

2120 5380 2340 5462 ιΙῑιιΙοεο
2394 5381 2547 5447 Quod
2587 5401 2734 5462 unus.
2767 5388 2833 5462 sit
2879 5388 3143 5462 Christus,
3182 5390 3233 5462 in
3265 5388 3506 5453 srholiis,
3536 5401 3699 5462 atque

2120 5456 2173 5529 εει
2206 5456 2364 5529 novis
2396 5469 2516 5521 quite
2544 5525 2554 5529 _
2582 5470 2684 5529 nus
2724 5456 2824 5525 ipsi
2858 5460 3126 5514 edidimus
3173 5457 3410 5525 ejusdem
3458 5460 3696 5529 scriptis.

2119 5519 2770 5599 Quamobrem:siugnlari
2789 5530 2975 5599 severi
3023 5519 3341 5584 Antioéheui
3369 5519 3697 5599 impudentia

2122 5602 2311 5670 alqui:-
2345 5595 2628 5670 mendacio
2671 5613 2806 5666 opus
2841 5598 2960 5663 fuit,
3015 5607 3071 5652 ut
3122 5599 3380 5670 Cyrillum
3430 5595 3699 5655 haereseos

2125 5676 2233 5715 sum
2266 5661 2720 5735 Munupbysiticm
2748 5661 3029 5737 patronum
3071 5661 3190 5725 esse
3234 5669 3485 5738 iactaret.
