4080 6284
490 292 547 349 Η
1476 283 1541 340 ⁷5.
1585 279 1854 340 CYRILLI
1895 277 2072 333 ALEX

2180 272 2356 330 ΟΜΝ]
2399 272 2718 331 ARCIIIEP.
3662 273 3731 329 {2

492 407 777 471 quemdam
845 401 1185 469 paedagogum
1243 398 1741 464 moderatoremque
1783 393 2061 448 constituit

2180 390 2277 441 5ιλλ⁹
2311 389 2416 441 οὐδ’
2448 390 2540 441 ἐπὶ
2572 390 2709 440 τισίν
2740 388 2873 450 ὅλως
2896 386 2989 450 τὰς
3013 386 3150 439 οὕτω
3179 387 3414 458 σκληρὰς
3443 387 3729 459 ὲζήτηνται

495 498 711 549 beatum
755 493 1071 547 Zachariam
1108 509 1120 543 :
1159 490 1442 545 oriundum
1481 488 1694 555 quidem
1735 503 1763 539 e
1804 485 2061 552 sanguine

493 600 673 648 sacro,
711 597 901 651 nempe
932 597 997 635 ex
1030 582 1169 634 trihu
1205 579 1351 642 Levi,
1389 588 1539 647 patre
1571 575 1831 629 Barachia
1868 590 2060 629 secun-

495 678 625 730 dum
674 689 927 739 carnem,
979 670 1194 727 oracula
1246 678 1423 723 autem
1474 668 1719 722 edentem
1766 665 2060 720 secundum

496 767 765 837 spiritum,
798 775 850 819 et
884 763 1052 818 filium
1086 763 1238 817 Addo
1274 761 1568 832 prophetae.
1601 759 1764 827 Cujus
1798 758 2060 821 moribus,

497 868 553 911 nt
592 858 845 912 credibile
877 866 981 921 est,
1012 856 1291 918 educatus,
1324 852 1562 922 ejusdem
1596 865 1807 920 quoque
1837 850 2063 903 virtutes

498 949 738 1002 imitatus
771 956 871 1002 est.
909 947 1040 1013 Quae
1075 946 1239 1015 igitur
1271 942 1429 1013 hujus
1464 942 1755 1011 prophetiae
1786 941 1857 995 sit
1894 940 2060 1002 ratio,

498 1050 554 1094 et
579 1040 760 1108 quales
785 1038 1124 1092 narrationes
1148 1037 1380 1097 intexat,
1407 1048 1583 1102 operte
1608 1034 1835 1101 pretium
1861 1040 1943 1086 est
1969 1045 2064 1084 ex—

498 1146 718 1200 ponere.
740 1129 1049 1187 Vindictam
1078 1130 1221 1184 enim
1252 1143 1411 1198 quam
1444 1126 1808 1187 sustinebant,
1841 1124 2064 1192 captivi—

500 1228 613 1274 tate
639 1219 827 1274 solutis
855 1218 1110 1287 objectat,
1142 1227 1199 1271 ut
1228 1217 1316 1285 qui
1348 1215 1586 1269 divinum
1618 1216 1923 1268 mandatum
1957 1228 2061 1267 non

490 1310 691 1365 leviter
730 1308 1123 1379 neglexissent,
1160 1318 1213 1363 et
1252 1324 1347 1377 per
1384 1306 1838 1377 sapientissimum
1878 1303 2061 1358 Mosen

501 1403 761 1455 divinitus
784 1408 1057 1469 praecepta
1092 1408 1436 1453 contemnere
1468 1396 1877 1451 consuevissent
1912 1410 1926 1447 :
1965 1408 2063 1447 ex-

493 1500 819 1559 ‘terrensque
870 1489 987 1543 illos
1042 1504 1148 1543 non
1203 1487 1564 1552 mediocriter,
1620 1487 1686 1540 ad
1738 1484 2063 1538 voluntatem

503 1580 894 1649 consequendaa
945 1579 1121 1632 laudis
1166 1593 1229 1631 ex
1282 1576 1536 1630 facultate
1584 1573 1693 1630 Deo
1741 1588 1838 1643 per
1885 1574 2066 1627 omnia

496 1671 782 1725 obediendi
821 1668 1066 1740 impellit.
1101 1669 1262 1722 Addit
1295 1682 1476 1738 porro,
1512 1666 1615 1721 nisi
1651 1665 1775 1720 boni
1807 1673 1862 1718 et
1897 1664 2063 1718 mori-

504 1762 641 1831 geri,
670 1733 974 1828 divinisque
1004 1758 1208 1828 legibus
1236 1733 1597 1828 obsequentes
1625 1755 1844 1822 fuerint,
1877 1771 2066 1824 passu-
2098 1733 2141 1792 Β

500 1868 596 1906 rus
619 1851 819 1905 diriora
847 1850 951 1903 illis
970 1888 986 1912 ,
1012 1863 1131 1916 quae
1155 1849 1392 1916 ipsorum
1420 1845 1653 1913 majores
1677 1845 1914 1914 perpessi
1937 1845 2067 1898 sint.

504 1940 574 1994 Et
594 1940 989 2009 quodammodo
1011 1938 1365 1992 institutionis
1388 1951 1495 1992 suae
1516 1951 1794 1992 sermones
1817 1936 2067 1999 dilatans,

508 2026 704 2085 docere
730 2028 1043 2099 aggreditur
1083 2041 1210 2097 qua:
1234 2035 1448 2097 patrum
1476 2027 1654 2082 studia
1680 2024 1901 2089 fuerint,
1923 2034 1977 2079 et
2003 2027 2071 2080 ob

505 2136 627 2189 quae
664 2120 876 2174 divinus
912 2133 1073 2187 super
1104 2134 1197 2173 eos
1232 2120 1382 2174 furor
1412 2118 1714 2183 stillaverit,
1751 2126 1804 2173 et
1841 2131 2070 2187 quonam

509 2211 667 2263 modo
699 2218 880 2278 postea
910 2208 1189 2277 perierint.
1220 2207 1350 2264 ltem
1380 2222 1485 2278 quo
1516 2217 1673 2277 pacto
1706 2208 1804 2277 ipsi
1838 2207 2070 2273 liberati,

509 2311 564 2354 et
591 2301 867 2355 servitutis
887 2300 1014 2370 jugo
1040 2300 1271 2369 exetnpti
1300 2302 1352 2353 iu
1379 2298 1615 2354 Iudaeam
1643 2300 2069 2369 remigraverint.

509 2391 764 2460 Adjuugit
804 2392 909 2453 his,
943 2392 1140 2455 adhuc,
1174 2401 1232 2444 ut
1270 2391 1402 2453 dixi,
1436 2392 1683 2459 graviora
1719 2405 1990 2459 passuros,
2028 2390 2072 2444 si

510 2480 775 2550 majorum
802 2480 1046 2548 vestigiis
1075 2478 1128 2532 iu
1159 2493 1343 2532 amore
1374 2477 1467 2533 Dei
1501 2478 1791 2547 rejiciendo
1822 2477 2075 2532 insistere

509 2571 911 2627 contenderint.
960 2568 1168 2639 Ubique
1212 2579 1388 2625 autem
1434 2569 1769 2624 liberationis
1811 2567 1936 2622 olim
1979 2582 2074 2636 per

509 2663 785 2718 Christum
812 2662 1004 2717 futura:
1033 2662 1297 2729 meminit,
1326 2669 1380 2716 et
1409 2660 1721 2732 mysterium
1750 2659 1803 2712 in
1834 2672 1899 2713 eo
1925 2659 2074 2712 exhi-

510 2751 744 2806 bendum
785 2751 1132 2806 multifariam
1176 2750 1330 2807 nobis
1369 2749 1643 2805 describit.
1686 2748 1936 2818 Singulas
1973 2749 2074 2802 ita-

511 2855 619 2911 que
651 2848 831 2909 partes
862 2841 1154 2910 prophetiae
1182 2840 1342 2909 hujus
1372 2840 1678 2895 accuratius
1711 2839 2075 2909 pervestigare

511 2930 791 2997 volentes,
827 2945 894 2985 ne
933 2931 1163 2986 otiosam
1202 2931 1575 3000 repetitionem
1611 2931 1921 2986 existiment
1957 2946 2077 2997 quae

2162 480 2330 541 δίκας,
2369 479 2504 550 πλὴν
2544 481 2665 531 ὅσον
2713 479 2771 542 ἐξ
2810 478 3162 547 ἠμελημένων
3204 479 3344 547 τάχα
3391 495 3490 530 που
3543 478 3730 548 διηγη-

2166 569 2372 638 μάτων,
2416 569 2726 636 ἀναγκαίως
2756 570 2783 620 ὁ
2812 568 2919 619 τῶν
2948 567 3083 619 ὅλων
3127 566 3255 628 Θεὸς
3294 567 3474 629 αὐτοῖς
3502 570 3611 630 τοῖς
3643 567 3730 618 λε-

2162 661 2524 730 λυτρωμένοις
2559 644 2903 727 παιδαγωγὸν
2940 657 3127 727 ὥσπερ
3167 658 3288 711 τινὰ
3320 658 3412 711 καὶ
3452 660 3730 729 ἁρμοστὴν

2163 751 2507 803 ἀναδείκνυσι
2544 750 2634 803 τὸν
2685 751 2954 820 μακάριον
3008 750 3301 820 Ζαχαρίαν,
3351 750 3478 802 ὄντα
3531 750 3627 818 μὲν
3671 749 3731 812 ἐξ

2163 841 2391 912 αἵματος
2442 841 2608 912 ἱεροῦ,
2648 841 2923 894 τουτέστιν
2969 842 3033 894 ὲκ
3081 840 3180 910 τῆς
3219 840 3391 911 φυλῆς
3437 840 3587 901 Λευῖ,
3640 841 3732 891 καὶ

2162 932 2421 1001 γεγονότα
2450 933 2546 1001 μὲν
2567 935 2631 985 ὲκ
2652 935 2852 1003 πατρὸς
2880 934 3145 1005 Βαραχίου
3167 932 3306 986 κατά
3328 949 3390 999 γε
3415 931 3511 1001 τὴν
3531 932 3731 1001 σάρκα,

2164 1025 2603 1096 κεχρηματικότα
2651 1026 2706 1078 δῖε
2741 1029 2879 1080 κατὰ
2920 1027 3133 1096 πνεῦμα
3167 1027 3261 1079 καὶ
3288 1025 3399 1077 υἱὸν
3444 1024 3609 1075 Ἀδδὼ
3636 1023 3732 1075 τοῦ

2164 1119 2464 1187 προφήτου.
2519 1117 2827 1189 Τέθραπται
2868 1120 2997 1188 γὰρ,
3045 1119 3120 1181 ὡς
3165 1118 3329 1179 εἰκὸς,
3380 1119 3490 1179 τοῖς
3523 1117 3730 1169 ἐκείνου

2162 1211 2403 1279 τρόποις,
2439 1210 2533 1263 καὶ
2573 1210 2680 1264 τῶν
2714 1211 2842 1263 ἴσων
2879 1210 3378 1282 ἀνδραγαθημάτων
3417 1211 3603 1277 γέγονε
3642 1226 3731 1278 με-

2168 1303 2361 1371 μητής.
2395 1301 2489 1364 Τίς
2532 1296 2623 1354 οὖν
2667 1301 2814 1371 αὐτῷ
2842 1302 2938 1372 τῆς
2986 1301 3317 1373 προφητείας
3360 1301 3388 1352 ό
3433 1300 3606 1367 λόγος,
3642 1301 3734 1351 καὶ

2164 1390 2250 1441 διὰ
2282 1389 2447 1441 ποίων
2478 1390 2586 1443 τῶν
2611 1389 2961 1461 διηγημάτων
2993 1391 3228 1462 ἔρχεται,
3264 1391 3380 1453 πῶς
3425 1391 3521 1442 οὐκ
3550 1389 3615 1443 ἂν
3654 1389 3733 1440 δί-

2167 1494 2318 1531 καιον
2348 1479 2557 1542 είπεῖν;
2583 1480 2693 1549 Τὴν
2722 1479 2877 1547 δίκην
2909 1478 3007 1548 μὲν
3037 1480 3166 1550 γὰρ,
3199 1480 3287 1547 ὑφ’
3318 1480 3385 1547 ἦν
3419 1481 3574 1540 εἰσιν,
3612 1480 3731 1529 ἑπι-

2140 1632 2141 1635 ,
2168 1570 2398 1639 σκήπτει
2427 1571 2538 1629 τοῖς
2566 1567 3012 1639 λελυτρωμένοις,
3047 1572 3141 1622 ἅτε
3183 1570 3245 1637 δὴ
3274 1569 3372 1638 τῆς
3397 1569 3544 1631 Θείας
3588 1570 3733 1621 ὲντο-

2167 1661 2265 1730 λῆς
2294 1661 2353 1713 οὐ
2392 1659 2625 1731 μετρίως
2664 1660 2986 1729 ἠμεληκόσι,
3015 1661 3108 1713 καὶ
3136 1660 3243 1713 τῶν
3283 1660 3371 1712 διὰ
3411 1660 3501 1712 τοῦ
3536 1658 3735 1713 πανσό-

2170 1766 2269 1819 φου
2297 1749 2537 1812 Μωσέως
2568 1747 3005 1817 τεθεσπισμένων
3036 1749 3251 1816 ἀλογείν
3291 1746 3505 1800 εἰωθόσι
3524 1764 3537 1777 ο
3569 1762 3737 1798 κατα-

2168 1844 2535 1913 δεδιττόμενος
2592 1842 2650 1894 δὲ
2698 1842 2758 1895 οὐ
2813 1843 3047 1913 μετρίως
3113 1842 3348 1907 αὐτοὺς,
3409 1842 3737 1911 μεταφοιτᾷν

2170 1932 2452 1986 ἀναπείθει
2481 1932 2615 2003 πρὸς
2639 1933 2700 1985 τὸ
2727 1932 2835 1985 δεῖν
2862 1932 3075 1986 ἑλέσθαι
3109 1932 3309 2003 μᾶλλον
3330 1932 3633 2001 εὐδοκιμεῖν
3653 1930 3738 1985 διὰ

2170 2024 2264 2093 τῆς
2282 2040 2305 2075 ε
2316 2026 2361 2086 lc;
2377 2025 2482 2076 πᾶν
2497 2022 2674 2076 ὁτιοῦν
2688 2023 2991 2087 εὐπειθείας
3004 2025 3098 2077 καὶ
3112 2023 3375 2094 ὑπακοῆς.
3397 2025 3440 2075 Π
3449 2022 3737 2094 ροσεπάγει

2169 2114 2248 2177 δὲ,
2269 2115 2414 2168 ὃτιεί
2442 2114 2516 2185 μὴ
2548 2112 2657 2170 εἶεν
2680 2114 2892 2184 ἀγαθοὶ,
2914 2116 3007 2169 καὶ
3039 2116 3266 2186 εὐήνιοι,
3309 2114 3405 2168 καὶ
3432 2116 3543 2177 τοῖς
3572 2113 3738 2174 θείοις

2172 2202 2410 2269 εἴκοντες
2436 2209 2639 2276 νόμοις,
2655 2207 2933 2260 πείσονται
2955 2207 3049 2260 καὶ
3065 2207 3219 2259 αὐτοὶ
3244 2205 3352 2259 τῶν
3379 2207 3489 2268 τοῖς
3504 2204 3738 2273 πατράσι

2174 2296 2596 2368 συμϐεϐηκότων
2631 2298 2697 2350 τὰ
2732 2298 3124 2369 φορτικώτερα.
3158 2297 3518 2367 Κατευρὺνων
3541 2296 3594 2347 δὲ
3630 2294 3741 2347 ὦσ-

2173 2405 2279 2459 περ
2324 2389 2422 2458 τῆς
2457 2389 2829 2457 παιδαγωγίας
2874 2390 3001 2451 τοὺς
3040 2390 3249 2456 λόγους,
3307 2390 3562 2458 πειρᾶται
3599 2387 3741 2440 διδά-

2174 2496 2341 2545 σκειν,
2374 2480 2492 2531 τίνα
2529 2480 2624 2549 μὲν
2651 2476 2718 2550 ἦν
2758 2480 2924 2533 πάλαι
2962 2479 3032 2531 τά
3061 2478 3169 2532 τῶν
3198 2478 3445 2548 πατέρων
3468 2477 3741 2548 ἐπιτηδεύ-

2177 2585 2342 2638 ματα,
2372 2569 2465 2621 καὶ
2496 2568 2589 2621 ἐπὶ
2627 2569 2767 2622 τίσιν
2800 2569 2980 2632 αὐτοῖς
3005 2572 3031 2622 ό
3065 2568 3208 2632 θεῖος
3254 2568 3514 2632 ἐπέσταξε
3549 2568 3739 2638 θυμὸς,

2173 2660 2293 2712 τίνα
2326 2659 2369 2712 δ’
2399 2654 2465 2712 αὖ
2494 2658 2774 2713 διολώλασι
2802 2661 2999 2731 τρόπον
3017 2677 3028 2691 ·
3066 2661 3158 2713 καὶ
3183 2658 3287 2730 μὴν
3309 2660 3400 2713 καὶ
3420 2660 3567 2722 ὅπως
3590 2660 3741 2712 λελύ-

2172 2767 2429 2821 τρωνται,
2482 2752 2575 2803 καὶ
2626 2752 2717 2804 τὸν
2765 2754 2865 2821 τῆς
2914 2751 3288 2821 αἰχμαλωσίας
3347 2752 3742 2821 ἀπολυσάμενοι

2176 2840 2358 2909 ζυγὸν,
2389 2841 2823 2913 ἀνεκομίσθησαν
2860 2843 2940 2905 είς
2966 2843 3062 2914 τὴν
3098 2842 3375 2897 Ἰουδαίαν.
3400 2845 3743 2914 Προσεπάγει

2174 2928 2231 2981 δὲ
2263 2930 2491 2996 τούτοις,
2520 2933 2622 2995 ὅτι,
2655 2932 2906 3003 καθάπερ
2946 2933 3082 3003 ἔφην
3115 2932 3337 3003 ἀρτίως,
3374 2928 3647 2987 πείσονται
3677 2935 3747 2989 τὰ

511 3016 833 3085 afferuntur,
874 3028 929 3074 et
971 3020 1037 3075 de
1075 3020 1364 3089 praeteritis
1405 3032 1897 3075 commemorantur
1930 3037 1946 3075 :
1984 3020 2075 3073 sed

2181 3020 2368 3092 χείρω,
2397 3023 2496 3092 τῆς
2526 3023 2633 3076 τῶν
2667 3023 3253 3094 πατέρωνιάφιλοθεῒας
3286 3026 3405 3079 κατ’
3439 3027 3582 3097 ἴχνος
3612 3028 3745 3080 ἰέναι

510 3106 857 3161 meminerint
889 3107 1086 3177 potius,
1113 3123 1181 3163 ex
1211 3110 1522 3179 captivitate
1552 3112 1601 3164 in
1627 3108 1865 3165 Judaaam
1896 3124 2077 3163 rever-

513 3210 635 3261 sos,
670 3198 983 3253 narratione
1022 3213 1244 3255 casuum
1285 3212 1716 3270 autegressorum
1755 3214 2080 3269 magnopere

509 3301 649 3355 opus
678 3287 947 3343 habuisse.
978 3288 1070 3344 Sic
1095 3292 1240 3345 enim
1269 3290 1404 3345 alios
1434 3292 1759 3362 corrigebat,
1790 3293 1841 3346 in
1875 3308 2078 3346 memo-

514 3378 650 3431 riam
688 3378 767 3431 eis
802 3380 1047 3447 redigens
1078 3395 1197 3448 quae
1228 3382 1573 3448 pertulissent
1608 3402 1620 3436 :
1649 3385 1952 3451 junioribus
1983 3402 2079 3437 au-

517 3478 624 3523 tem
674 3478 729 3522 et
757 3477 1000 3522 veterum
1036 3469 1238 3536 ignaris
1268 3471 1612 3525 securitatem
1643 3472 1982 3536 conciliabat,
2015 3488 2080 3528 ne

516 3560 740 3630 paribus
773 3560 1007 3614 miseriis
1040 3559 1459 3625 involverentur,
1518 3563 1564 3615 si
1596 3562 1756 3615 vitam
1794 3562 2070 3630 profanam

518 3659 574 3707 et
608 3650 1059 3720 improbissimam
1095 3658 1451 3706 sectarentur.

2188 3112 2596 3177 σπουδάζοντες.
2625 3113 2999 3185 Διαμέμνηται
3021 3115 3078 3168 δὲ
3105 3118 3353 3187 πανταχῆ
3379 3117 3479 3187 τῆς
3507 3117 3593 3171 διὰ
3617 3120 3749 3188 Χρι-

2186 3202 2313 3256 στοῦ
2353 3203 2671 3273 λυτρώσεως
2706 3207 2969 3288 ἐσομένης
3002 3206 3144 3260 κατὰ
3174 3208 3419 3279 καιροὺς,
3447 3210 3540 3261 καὶ
3564 3209 3625 3262 τὸ
3663 3211 3750 3261 ἐπ’

2184 3295 2333 3368 αὑτῷ
2360 3298 2655 3368 μυστήριον
2678 3297 2766 3351 διὰ
2789 3298 2997 3352 πολλῶν
3019 3300 3150 3370 ἡμῖν
3177 3301 3482 3372 ἀναγράφει
3510 3300 3747 3371 τρόπων.

2182 3390 2273 3439 Δεῖ
2309 3387 2363 3440 δὲ
2392 3384 2485 3440 οὖν
2532 3389 2741 3442 ἕκαστα
2779 3390 2878 3459 τῆς
2917 3391 3251 3461 προφητείας
3298 3392 3367 3444 τὰ
3408 3392 3547 3463 μέρη
3586 3392 3751 3444 πολυ-

2185 3480 2519 3545 πραγμονεῖν
2559 3478 2868 3543 ἐθέλοντας,
2902 3482 2975 3549 μὴ
3009 3481 3361 3547 ταυτολογίαν
3400 3480 3648 3550 ἡγεῖσθαι
3686 3484 3751 3537 τὰ

2186 3567 2245 3616 ὲν
2277 3566 2433 3635 αὐτῇ,
2462 3567 2706 3637 καὶπερὶ
2744 3568 2841 3638 τὴν
2871 3570 3143 3640 ἀφήγησιν
3177 3570 3285 3623 τῶν
3315 3571 3412 3641 ἤδη
3453 3574 3751 3641 γεγενημέ-

2189 3670 2296 3707 νων
2314 3671 2327 3684 ·
2358 3655 2764 3727 διαμεμνῆσθαι
2793 3657 2848 3710 δὲ
2875 3660 3097 3726 μᾶλλον,
3134 3661 3217 3713 ὅτι
3243 3662 3441 3723 τοῖςκὲκ
3478 3660 3576 3729 τῆς
3602 3660 3759 3729 αἰχμ-

521 3746 755 3811 αλωσίας
786 3746 1335 3818 ὑπονοστήσασινλείς
1369 3745 1469 3816 τὴν
1514 3745 1793 3809 Ἰουδαίαν,
1862 3747 2297 3813 ἀναγκαιοτάτην
2341 3747 2453 3818 ἔχει
2521 3748 2629 3802 τῶν
2674 3750 2774 3820 ήδη
2839 3750 3260 3820 συμϐεϐηκότων
3309 3751 3408 3819 τὴν
3459 3751 3753 3821 ἀφήγησιν.

533 3840 879 3911 Ἐπηνώρθου
912 3841 1011 3911 μὲν
1038 3840 1145 3911 γὰρ
1185 3841 1313 3904 τοὺς
1350 3841 1578 3907 εἰδότας,
1645 3833 1718 3894 ὧν
1754 3840 1852 3911 ήδη
1880 3840 2206 3896 πεπόνθασιν
2277 3844 2564 3915 ἀναφέρων
2621 3845 2757 3915 πρὸς
2794 3844 3121 3916 ἀνάμνησιν·
3162 3848 3273 3910 τοῖς
3297 3846 3355 3899 δὲ
3398 3846 3465 3916 δὴ
3498 3847 3636 3909 νέοις
3663 3863 3757 3898 κο-

524 3936 671 4007 μιδῇ,
706 3936 797 3989 καὶ
824 3937 921 3989 οὐκ
968 3935 1131 3990 εἰδόσι
1162 3935 1229 3988 τά
1263 3934 1451 4001 πάλαι,
1482 3936 1757 4007 προεξένει
1784 3936 1880 4005 τὴν
1915 3936 2229 4006 ἀσφάλειαν,
2257 3938 2342 3992 ἵνα
2401 3938 2476 4012 μὴ
2495 3941 2605 4003 τοῖς
2640 3938 2776 4003 ῐσοις
2837 3939 3075 3994 ὲναλοῖεν
3118 3944 3328 4007 κακοῖς,
3380 3940 3479 4011 τὴν
3534 3941 3760 4011 βέὸηλον

522 4028 617 4083 καὶ
648 4027 1004 4099 ἀνομωτάτην
1036 4025 1358 4097 ἀγαπῶντες
1390 4025 1553 4097 ζωήν.

813 4172 1219 4267 TOMUS
1304 4173 1791 4265 PRIMUS.

1092 4321 1256 4395 654
1290 4322 1441 4378 CAP.
1482 4321 1521 4377 I.

606 4456 766 4512 Vens.
796 4458 848 4519 1,
873 4456 929 4509 2.
961 4454 1027 4508 In
1057 4467 1235 4510 acturo
1262 4470 1429 4507 mense
1455 4455 1578 4507 anni
1603 4454 1837 4517 secundi,
1863 4453 1959 4507 sub
1988 4452 2090 4507 Da-

528 4552 626 4613 rio,
662 4549 857 4615 factum
892 4558 964 4601 est
1000 4546 1205 4599 verbum
1239 4543 1444 4599 Domini
1478 4544 1545 4596 ad
1582 4542 1893 4596 Zachariam
1924 4543 2093 4611 ﬁlium

530 4640 828 4702 Baracht'tc,
859 4638 1025 4706 ﬁli-um
1060 4636 1209 4689 Addo
1242 4637 1521 4705 praphetre,
1553 4639 1727 4689 dicens
1759 4651 1776 4688 :
1806 4634 1999 4703 Iratus
2020 4643 2095 4687 est

532 4730 783 4783 Dominus
814 4735 994 4780 contra
1023 4739 1197 4796 patres
1224 4734 1418 4780 vestras
1448 4727 1529 4778 ira
1558 4741 1767 4795 magna.

601 4927 666 4980 ll.
720 4923 1117 4979 Animadvertis
1164 4922 1431 4993 quomodo
1480 4921 1787 4977 narratione
1833 4930 2095 4975 terrorem

534 5018 667 5089 ipsis
698 5017 936 5085 injiciat,
968 5025 1024 5070 et
1054 5016 1385 5086 impuberes,
1416 5005 1534 5083 qua:
1562 5022 1687 5067 ante
1714 5012 1831 5066 illos
1857 5012 2100 5081 contige-

538 5118 660 5162 ruut
694 5120 1005 5180 exponens,
1041 5108 1105 5159 ad
1139 5104 1459 5175 probitatem
1496 5104 1809 5175 compellat,
1845 5104 2099 5159 minitans

537 5197 951 5268 quodammodo,
982 5196 1267 5262 similibus,
1301 5204 1393 5249 aut
1427 5195 1942 5251 intolerabilioribus
1975 5195 2102 5251 sub-

534 5280 1133 5358 jectoscalatnitatibus
1163 5288 1354 5343 acerbe
1388 5287 1805 5352 lamentaturos,
1838 5286 1939 5342 nisi
1970 5300 2101 5356 pru-

541 5382 727 5437 denter
751 5379 961 5435 illorum
992 5381 1237 5453 exempla
1266 5380 1563 5451 despicere,
1591 5389 1646 5434 et
1674 5378 1769 5435 Dei
1799 5378 2105 5449 beneplaci-

544 5485 677 5538 tum,
707 5483 765 5528 ut
791 5462 1095 5529 omni'cura
1120 5483 1174 5529 et
1198 5473 1553 5529 aestimatione
1577 5472 1795 5541 dignum
1822 5471 2103 5540 complecti

546 5569 897 5624 instituerint.
917 5568 1101 5639 Magna
1117 5577 1292 5625 autem
1313 5570 1387 5621 ira
1407 5568 1620 5635 iratum,
1646 5566 1840 5637 inquit,
1860 5567 2103 5621 omnium

546 5675 720 5715 rerum
756 5671 1023 5732 potentem
1060 5661 1224 5717 Deum
1261 5678 1273 5713 :
1311 5673 1405 5715 nec
1438 5660 1724 5715 verborum
1760 5672 1980 5715 suorum
2018 5673 2108 5713 ve‘

2509 4169 2889 4257 ΤΟΜΟΣ
2963 4169 3430 4257 ΠΡΩΤΟΣ.

2792 4324 3043 4378 ΚΕΦΑΛ.
3079 4327 3135 4376 A'

2276 4456 2371 4510 Ἐν
2402 4456 2480 4522 τῷ
2523 4459 2710 4528 όγδοῳ
2752 4460 2901 4530 μηνὶ
2951 4463 3124 4527 ἐτους
3175 4462 3478 4531 δευτέρου,
3510 4464 3607 4518 ἐπὶ
3654 4466 3763 4516 Δα-

2187 4548 2374 4615 ρείου,
2406 4546 2638 4617 ἐγένετο
2668 4552 2848 4621 λόγος
2886 4555 3109 4621 Κυρίου
3152 4555 3303 4625 πρὸς
3334 4559 3633 4624 Ζαχαρίαν
3658 4558 3764 4613 τὸν

2196 4639 2301 4691 τοῦ
2324 4641 2644 4708 Βαραχίου,
2680 4644 2815 4695 υἱὸν
2836 4643 3021 4697 Ἀδδὼ
3057 4645 3162 4696 τοῦ
3196 4645 3525 4712 προφήτου,
3546 4646 3759 4714 λέγων·

2210 4731 2478 4798 Ὠργίσθη
2512 4734 2722 4802 Κύριος
2764 4734 2861 4787 ἐπὶ
2898 4734 3039 4800 τοὺς
3085 4735 3342 4801 πατέρας
3376 4735 3540 4804 ὑμῶν
3578 4736 3765 4806 ὀργὴν

2195 4820 2484 4889 μεγάλην.

2270 4932 2343 4985 B'.
2376 4932 2568 5005 Συνίης
2619 4938 2768 5001 ὅπως
2815 4940 3110 4991 καταπτοεῖ
3149 4940 3260 5002 τοῖς
3307 4941 3628 5011 διηγήμασι,
3672 4943 3767 4997 καὶ
3832 4942 3835 4943 ⁷

2199 5022 2311 5085 τοῖς
2339 5023 2534 5095 κομιδῇ
2584 5025 2721 5089 νέοις
2760 5027 2829 5080 τά
2875 5032 2988 5091 τοῖς
3017 5029 3123 5099 πρὸ
3158 5029 3335 5083 αὐτῶν
3388 5030 3769 5101 συμὸεόηκότα

2202 5111 2525 5181 παρατιθεὶς
2549 5113 2630 5176 είς
2654 5112 2931 5185 ἐξήγησιν,
2952 5118 3245 5188 μτασοὸεῖ
3272 5118 3408 5188 πρὸς
3439 5120 3500 5172 τὸ
3521 5119 3767 5188 ἄμεινον,

2201 5202 2483 5267 οἱονείπως
2499 5204 2758 5271 ἀπειλῶν,
2790 5207 2871 5260 ὅτι
2890 5210 3003 5273 τοῖς
3023 5208 3179 5275 ῐσοις,
3210 5208 3243 5279 ἢ
3269 5210 3362 5263 καὶ
3391 5211 3503 5272 τοῖς
3528 5208 3607 5264 ἔτι
3641 5209 3768 5261 δυσ-

2203 5290 2549 5363 αχθεστέροις
2602 5294 3028 5367 ὑπενηνεγμένοι
3098 5300 3324 5364 κακοῖς,
3374 5296 3770 5366 κατοιμὼξουσι

2205 5382 2437 5455 πικρῶς,
2466 5386 2514 5437 εί
2547 5384 2625 5457 μὴ
2653 5386 2859 5441 ἕλοιντο
2893 5390 3185 5459 σωφρόνως
3218 5389 3649 5453 ἀποσπουδάζειν
3673 5389 3772 5457 μὲν

2204 5476 2272 5528 τὰ
2324 5476 2563 5541 ἐκείνων,
2618 5480 2894 5548 φροντίδος
2951 5498 3013 5549 γε
3047 5481 3152 5552 μὴν
3202 5483 3295 5536 καὶ
3356 5482 3514 5550 λόγου
3574 5478 3772 5534 παντὸς

2205 5567 2387 5633 ἀξιοῦν
2433 5569 2491 5621 τὸ
2524 5569 2767 5642 θυμῆρες
2802 5571 2940 5643 Θεῷ.
2992 5574 3188 5643 Ὀργὴν
3216 5573 3272 5624 δὲ
3315 5573 3557 5644 μεγάλην
3608 5570 3775 5640 ὠργί-

2211 5658 2332 5713 σθαι
2396 5663 2528 5731 φησὶ
2583 5663 2672 5717 τὸν
2728 5662 2836 5718 τῶν
2890 5664 3025 5717 ὅλων
3070 5666 3555 5731 κατεξουσιάζοντα
3605 5661 3777 5727 Θεὸν,
