4080 6284
353 272 419 327 ιτς
1153 259 1693 322 COMMENTARIUS
1732 259 1796 316 lN
1836 259 2234 316 ZACllABlAM
2276 259 2710 321 PROPHETAM.
3522 266 3589 321 Μ

352 389 453 441 οὐκ
495 381 873 439 ἀναπόδεικτον
919 380 1077 448 ἀφεὶς
1114 380 1194 443 εἰς
1235 379 1297 432 τὸ
1340 378 1568 448 ἀτρεκὲς
1604 377 1697 430 τὸν
1742 374 1921 445 λόγον,

2030 375 2240 431 ritatem
2283 377 2760 433 indemonstratam
2806 376 3093 448 relinquit,
3133 378 3227 433 sed
3265 394 3328 435 ex
3371 378 3438 434 iis
3469 392 3590 450 qua:

354 477 471 531 ἀλλ’
502 475 563 539 ἑξ
584 470 658 529 ὧν
681 474 781 546 ήδη
824 471 1179 541 πεπείρανται
1221 470 1313 524 καὶ
1343 469 1675 523 πεπόνθασιν
1695 509 1708 532 ,
1736 468 1821 521 ὅτι
1847 466 1922 543 μή

2030 464 2130 534 iam
2161 468 2366 536 experti
2401 467 2753 538 perpessique
2778 476 2925 535 sunt,
2952 483 3012 523 se
3038 468 3261 525 minime
3286 469 3479 525 falsum
3510 470 3589 523 lo-

356 567 471 620 ἔστι
503 564 802 635 ψευδοεπής
851 562 1189 631 ἀποφαίνων.
1228 561 1328 631 Εῐη
1362 562 1471 631 γὰρ
1503 561 1569 614 ἂν
1608 559 1667 614 ού
1697 559 1796 628 τῆς
1829 575 1923 611 τυ-

354 657 558 729 χούσης
592 655 1017 724 ἀγανακτήσεως
1039 651 1260 716 ἔνδειξις
1294 651 1355 705 τὸ
1379 653 1587 721 ἐφεῖναι
1610 652 1722 713 τοῖς
1744 648 1924 703 Βαϐυ-

2022 557 2117 627 qui
2149 560 2405 613 ostendit.
2432 559 2751 616 Certissima
2777 559 2922 616 enim
2949 575 3057 615 non
3089 560 3481 631 qualiscunque
3511 560 3592 616 in-

2024 648 2348 717 dignationis
2388 658 2768 720 argumentum
2809 659 2892 707 est
2931 649 3242 721 Babyloniis
3282 652 3591 706 universam

354 749 566 811 λωνὶοις
598 746 946 819 καταδῃῶσαι
988 746 1087 817 μὲν
1121 745 1340 799 ἃπασαν
1381 745 1482 815 τὴν
1515 743 1771 797 Ἰουδαίαν
1831 742 1926 796 καὶ

2030 736 2261 793 ludmam
2280 778 2295 804 ,
2324 746 2379 795 et
2408 755 2529 795 cum
2559 756 2624 797 ea
2652 741 2810 796 simul
2843 740 3146 797 Samariam
3176 741 3323 797 {erro
3352 742 3592 797 ﬂamma-

357 843 453 894 σὺν
481 841 618 911 αὐτῇ
647 839 744 913 τὴν
774 839 1103 909 Σαμάρειαν.
1137 836 1521 910 κατεμπρῆσαι
1562 835 1619 893 δὲ
1661 837 1757 889 καὶ
1787 833 1927 888 αὐτὰ

2030 842 2131 898 que
2166 830 2572 899 devastandam,
2606 842 2866 903 praeterea
2902 835 3014 905 ipsa
3050 835 3247 890 Sancta
3281 842 3594 891 sanctorum

354 934 424 987 τά
453 933 602 1000 ἆγια,
631 932 726 985 καὶ
767 929 1118 997 κατασκάψαι
1153 929 1252 999 τὴν
1301 928 1655 998 Ἰερουσαλήμ
1679 942 1690 954 ·
1720 926 1815 980 καὶ
1835 925 1926 979 τὸν

356 1022 652 1075 ἁπόλεκτον
692 1019 907 1091 Ἰσραὴλ
950 1020 1222 1088 ἀποφῆναι
1265 1018 1533 1088 μέτοικον,
1574 1014 1806 1086 οἰκτρῶς
1834 1014 1928 1068 καὶ

355 1112 604 1175 ἐλεεινῶς
631 1112 689 1164 ὲν
711 1110 979 1180 ἀλλοδαπῇ
1008 1107 1348 1171 δουλεύοντα,
1375 1108 1467 1161 καὶ
1498 1106 1774 1162 δύσοιστον
1803 1106 1930 1159 ὑπο-

360 1202 591 1272 μένοντα
637 1202 737 1272 τὴν
767 1200 1166 1268 ταλαιπωρίαν,
1198 1200 1294 1253 καὶ
1339 1198 1643 1267 ἁπτόμενον
1693 1197 1793 1268 μὲν
1829 1195 1927 1248 θυ-

359 1295 492 1348 σιῶν
522 1294 728 1359 οὐκέτι,
785 1292 886 1347 οὐκ
917 1293 1086 1362 αὐλῆς
1136 1291 1267 1345 εἵσω
1313 1289 1580 1361 φοιτῶντα
1620 1293 1721 1362 τῆς
1752 1290 1927 1361 ἱερᾶς.

358 1387 460 1439 οὐκ
485 1384 833 1457 εὐχαριστίαν
856 1385 1193 1455 προσάγοντα
1226 1382 1367 1442 κατὰ
1389 1383 1573 1454 νόμον,
1607 1381 1642 1454 il
1675 1381 1925 1444 δεκάτας,

360 1479 394 1549 ἢ
428 1478 699 1549 ἀπαρχάς⁸
735 1476 1050 1548 εἰργόμενον
1077 1474 1133 1530 δὲ
1176 1474 1258 1537 ὡς
1290 1470 1349 1541 ἐξ
1387 1472 1652 1546 ἀνάγκης,
1698 1474 1793 1527 καὶ
1829 1472 1927 1540 φό-

360 1569 480 1632 ϐου,
509 1570 604 1621 καὶ⁵
641 1566 736 1622 τοῦ
762 1569 959 1638 χρῆναι
999 1564 1174 1619 τελεῖν
1209 1564 1308 1627 τὰς
1348 1565 1741 1636 νενομισμένας
1781 1564 1929 1634 αὺτῷ

363 1660 462 1713 καὶ
491 1659 752 1727 φιλτάτας
773 1654 985 1728 έορτάςζ
1012 1656 1224 1711 Οὐκοῦν
1251 1675 1271 1707 ι
1314 1655 1572 1727 Ὠργίσθη
1600 1657 1804 1729 Κύριος
1836 1656 1930 1710 ἐπὶ

359 1750 486 1813 τοὺς
514 1750 755 1820 πατέρας
786 1748 962 1805 αὐτῶν
988 1747 1157 1819 ὀργὴν
1189 1746 1451 1817 μεγάλην.
1499 1764 1519 1799 ι

442 1921 794 1992 Ἐπιφωνήσῃ
821 1919 864 1972 δ’
886 1919 952 1973 άν
978 1936 1064 1982 τις
1090 1918 1160 1974 τὰ
1190 1918 1368 1973 τοιάδε
1400 1917 1494 1970 καὶ
1514 1918 1625 1980 τοῖς
1663 1916 1932 1980 Ἰουδαίοις

358 2012 576 2082 δήμοις,
606 2011 763 2081 εἴπερ
795 2010 969 2063 ἕλοιτο
1018 2011 1398 2080 μυπαγωγεῖν
1442 2009 1537 2060 ἐπὶ
1586 2007 1647 2060 τὸ
1689 2006 1928 2078 Χριστοῦ

365 2103 681 2173 μυστήριον.
700 2099 917 2170 Ἐπειδὴ
929 2102 1036 2169 γὰρ
1049 2099 1376 2153 ἀπεκτόνασι
1386 2099 1509 2161 τοὺς
1523 2099 1822 2168 προφήτας,
1836 2098 1932 2150 καὶ

367 2195 531 2249 αὑτὸν
560 2194 617 2246 δὲ
637 2193 727 2245 τὸν
754 2191 960 2262 Κύριον
985 2191 1085 2260 τῆς
1100 2190 1258 2261 δόξης
1277 2189 1649 2261 ἐσταύρωσαν,
1685 2189 1931 2244 ἑάλωσαν

366 2286 465 2338 καὶ
487 2283 879 2355 πεπόρθηνται.
900 2281 1233 2351 Κατεσείσθη
1249 2282 1305 2335 δὲ
1324 2281 1417 2335 καὶ
1432 2282 1591 2344 αὐτὸς
1608 2283 1635 2333 ὁ
1651 2281 1934 2352 διαϐόητος

364 2375 524 2440 νεὼς,
554 2379 647 2429 καὶ
673 2375 1025 2445 πεπλήρωται
1051 2374 1236 2428 λοιπὸν
1280 2374 1367 2427 ἐπ’
1400 2374 1581 2438 αὐτοῖς
1608 2374 1668 2427 τὸ
1697 2374 1786 2432 διὰ
1820 2390 1932 2443 φω-

363 2470 460 2541 νῆς
500 2468 658 2536 Ὠσηέ
679 2483 693 2497 ³
730 2485 753 2518 ‹
785 2467 909 2520 ’Ότι
940 2465 1154 2537 ἡμέρας
1194 2463 1394 2528 πολλὰς
1423 2465 1800 2519 καθίσονταιοί
1825 2465 1933 2518 uio).

374 2557 614 2630 Ἰσραὴλ,
641 2557 741 2609 οὐκ
783 2556 936 2618 δντος
970 2554 1252 2624 βασιλέως,
1290 2554 1413 2608 οὐδὲ
1450 2553 1603 2618 ὄντος
1648 2554 1930 2625 ἄρχοντος,

358 2651 462 2705 οὐκ
514 2648 680 2718 οὔσης
728 2646 935 2712 θυσίας,
989 2646 1108 2702 οὐδὲ
1152 2646 1306 2710 δντος
1352 2644 1759 2716 Θυσιαστηρίου,
1808 2645 1932 2699 οὔτε

366 2740 659 2813 ίερατεὶας,
703 2736 825 2790 οὔτε
868 2734 1063 2807 δήλων.
1096 2753 1113 2784 ι
1146 2736 1269 2788 Ὅτι
1312 2735 1372 2812 δέ
1397 2736 1534 2791 εἰσιν
1574 2736 1930 2806 αἰχμάλωτοι,

364 2833 457 2886 καὶ
480 2830 584 2884 ὑπὸ
607 2831 763 2901 χεῖρα
781 2827 918 2890 τέως
942 2824 1249 2895 διαϐολικὴν
1271 2827 1772 2901 προσκεκρουκότες
1791 2826 1932 2897 Θεῷ,

365 2922 456 2978 καὶ
484 2921 909 2993 ἀπερριμμένοι,
937 2918 1030 2972 καὶ
1046 2918 1266 2987 ἁπάσης
1295 2916 1399 2983 ἔξω
1432 2916 1646 2985 φειδοῦς
1672 2919 1770 2988 τῆς
1789 2917 1931 2971 ἄνω-

361 3017 454 3069 θεν
474 3013 776 3083 γεγονότες,
806 3011 920 3075 πῶς
943 3009 1007 3063 ἂν
1028 3008 1321 3065 ὲνδοιάσειέ
1343 3026 1426 3073 τις
1440 3026 1458 3076 _;
1489 3009 1625 3089 sese
1647 3008 1713 3079 δὴ
1734 2996 1933 3081 λυτριιυ⁹

362 3108 504 3158 θεῖεν
534 3104 675 3157 κατὰ
731 3103 974 3172 καιροὺς,
1016 3100 1418 3173 προσηκάμενοι
1461 3101 1557 3172 τὴν
1601 3102 1804 3167 πίστιν,
1840 3105 1933 3157 καὶ

364 3194 595 3267 Χριστὸν
643 3190 1079 3263 ἐπιγραψάμενοι
1118 3189 1252 3241 Θεόν
1297 3205 1359 3241 τε
1408 3189 1504 3242 καὶ
1558 3188 1805 3258 βασιλέα,
1840 3191 1933 3242 καὶ

366 3286 588 3356 Κύριον,
621 3283 743 3335 τότε
790 3280 876 3350 δὴ,
915 3279 1055 3343 τότε,
1086 3276 1179 3332 καὶ
1212 3277 1358 3348 μάλα
1387 3276 1634 3339 εἰκότως,
1670 3276 1839 3345 σοφὴν
1868 3276 1934 3329 ἄν

363 3391 448 3437 τις
473 3373 560 3427 ἐπ’
584 3372 763 3434 αὐτοῖς
791 3369 1078 3439 ποιήσαιτο
1104 3368 1204 3437 τήν
1235 3368 1575 3437 παραίνεσιν,
1602 3368 1694 3421 ιτα
1740 3368 1934 3438 καιροῦ

361 3464 534 3522 ταῦτα
563 3463 738 3531 λέγων
758 3479 773 3494 ο
816 3479 836 3513 ι
885 3457 1144 3531 Ὦργίσθη
1177 3456 1383 3529 Κύριος
1413 3457 1508 3511 ἐπὶ
1536 3460 1660 3522 τοὺς
1690 3457 1932 3529 πατέρας

361 3556 518 3626 ὑμῶν
546 3555 713 3625 ὀργὴν
743 3552 1003 3623 μεγάλην.
1469 3613 1472 3616 ,

435 3644 545 3699 Καὶ
596 3641 751 3712 ἐρεῖς
803 3641 955 3710 πρὸς
1001 3642 1219 3708 αὐτούς
1249 3656 1263 3671 ·
1321 3638 1467 3694 Τάδε
1511 3637 1672 3706 λέγει
1717 3639 1933 3705 Κύριος

362 3730 815 3803 παντοκράτωρο
858 3729 1283 3798 ἐπιστρέψιιτε
1336 3729 1488 3796 πρὸς
1527 3744 1623 3796 με,
1657 3731 1757 3782 καὶ
1808 3728 1933 3781 ἐπι-

358 3823 783 3892 στραφήσομαι
830 3820 979 3891 πρὸς
1020 3820 1196 3890 ὑμᾶς,
1242 3819 1404 3889 ,λέγει
1459 3820 1674 3888 Κύριος
1715 3834 1931 3873 παντο-

365 3914 613 3984 κράτωρ,
643 3913 741 3966 καὶ
759 3911 839 3981 μὴ
867 3911 1106 3980 γίνεσθε
1134 3908 1327 3976 καθὼς
1346 3908 1449 3981 [oi]
1476 3908 1725 3977 πατέρες
1743 3908 1929 3979 ὑμῶν,

364 4002 455 4073 οἷς
489 4002 863 4057 ἐνεκάλεσαν
904 4001 1107 4067 αὐτοῖς
1150 4003 1205 4055 ot
1247 3998 1543 4069 προφῆται
1571 4000 1932 4069 ἕμιροσθεν,

362 4099 644 4165 λέγοντες
662 4111 675 4124 ·
711 4092 854 4148 Τάδε
883 4092 1043 4161 λέγει
1072 4091 1283 4158 Κύριος
1318 4092 1753 4165 παντοκράτωρ⁸
1775 4091 1935 4145 Ἀπορ

363 4188 661 4256 στρέψατε
697 4184 813 4240 ἀπὸ
841 4182 958 4241 τῶν
983 4184 1139 4239 ὁδῶν
1161 4184 1328 4255 ὑμῶν
1356 4183 1475 4238 τῶν
1507 4181 1807 4251 πονηρῶν,
1836 4182 1934 4236 καὶ

362 4280 482 4334 ἀπὸ
522 4277 640 4333 τῶν
705 4274 1185 4344 ἐπιτηδευμάτων
1237 4274 1403 4345 ὑμῶν
1451 4274 1570 4328 τῶν
1630 4273 1929 4343 πονηρῶν.

363 4371 477 4425 Καὶ
522 4372 594 4424 οὐ
636 4367 991 4437 προσέσχον
1026 4367 1132 4421 τοῦ
1165 4366 1550 4435 ,εἰσακοῦσαί
1591 4382 1734 4434 μου,
1767 4366 1929 4432 λέγει
1962 4392 2006 4447 D

263 4476 269 4479 '
363 4462 600 4526 Κύριος.

438 4546 512 4601 Γ’.
552 4546 1008 4616 Ἀνακεκλημένοι
1042 4545 1183 4616 γὰρ,
1215 4545 1290 4607 ὡς
1322 4544 1476 4614 ἔφην,
1520 4544 1585 4596 ὲκ
1633 4544 1731 4613 τῆς
1767 4544 1931 4614 αἰχμ-

361 4639 620 4702 αλωσίας,
652 4637 748 4691 καὶ
772 4636 1160 4706 άνατρέχοντες
1174 4636 1255 4701 είς
1272 4634 1372 4704 τὴν
1395 4633 1674 4699 Ἰουδαίαν,
1698 4633 1930 4704 ρᾴθυμοι

358 4732 617 4801 γεγόνασι
643 4731 770 4799 περὶ
805 4729 868 4782 τὺ
889 4727 1078 4782 δοκοῦν
1102 4725 1181 4796 τῷ
1201 4725 1339 4796 Θεῷ,
1363 4725 1457 4779 καὶ
1482 4724 1720 4788 εἰδώλοις
1747 4726 1843 4796 μὲν
1867 4727 1929 4779 ού

362 4821 717 4890 προσέκειντο
762 4818 917 4879 τέως,
945 4816 1067 4869 οὕτε
1113 4818 1220 4887 μὴν
1257 4815 1355 4886 τὴν
1386 4814 1619 4886 ἀρχαίαν
1649 4815 1935 4887 προσίεντο

360 4912 599 4981 πλάνην·
634 4909 773 4982 πλὴν
802 4908 918 4963 καθ’
945 4908 1160 4981 ἑτέρους
1185 4908 1468 4978 ήλίσκοντο
1501 4907 1934 4980 παροτρύνοντες

357 5001 716 5070 τρόπους.ὀς
757 5000 865 5072 γὰρ
908 5002 966 5053 ὲν
1009 4998 1088 5069 τῷ
1110 4999 1312 5072 Ἐαδρᾳ
1343 4998 1671 5071 γέγραπται,
1705 4998 1799 5052 καὶ
1834 5016 1932 5067 γυι⁹

359 5093 532 5156 ναίοις
578 5092 894 5162 ἀλλοφύλοις
941 5090 1360 5161 ὲπιμεμίγοντο·
1417 5090 1513 5144 καὶ
1561 5090 1662 5153 τὰς
1705 5090 1771 5144 ὲκ
1823 5089 1933 5144 τῶν

359 5188 572 5259 ὁμόρων
606 5187 774 5241 ἐθνῶν
810 5186 1255 5254 είσοικισάμενοιξ
1273 5186 1477 5240 τέκνων
1496 5183 1789 5255 ἀλλοτρίων
1819 5200 1924 5237 πα-

357 5281 515 5350 τέρες
545 5280 819 5349 γεγόνασι,
848 5270 1025 5335 καῖτοι
1071 5276 1164 5333 τοῦ
1212 5278 1378 5350 νόμου
1410 5278 1471 5330 τὸ
1514 5281 1704 5348 χρῆμα
1740 5277 1925 5339 αὐτοῖς

358 5370 433 5431 ὼς
472 5369 696 5423 ἔκτοπον
749 5372 1177 5439 ἀποφάσκοντος.
1211 5369 1573 5440 Κατημέλουν
1613 5368 1671 5421 δὲ
1708 5370 1801 5421 καὶ
1830 5368 1924 5421 τοῦ

357 5459 530 5513 τελεῖν
577 5460 787 5532 ἑορτὰς,
820 5461 912 5515 καὶ
962 5459 1204 5532 πληροῦν
1255 5460 1465 5526 Θυσίας,
1512 5460 1606 5513 καὶ
1667 5459 1775 5529 μὴν
1832 5459 1925 5512 καὶ

434 5640 448 5673 ¹
483 5639 667 5695 Matth.
695 5655 849 5707 mu,
880 5640 967 5695 '57.

2027 922 2353 989 cremanda,
2402 932 2458 980 et
2503 924 2932 998 Hierosolymam
2976 925 3322 982 evertendam
3368 939 3593 981 conces-

2027 1010 2164 1064 sisse
2200 1029 2214 1064 :
2254 1012 2482 1069 electum
2526 1014 2774 1072 lsraelem
2819 1018 3118 1075 reddidisse
3159 1018 3501 1090 peregrinum
3541 1030 3597 1074 et

2028 1103 2317 1170 advenam,
2353 1106 2405 1161 in
2446 1109 2618 1163 aliena
2651 1110 2869 1180 regione
2902 1113 3101 1168 misere
3131 1122 3186 1169 et
3217 1113 3598 1169 miserabiliter

2028 1192 2373 1259 servientem,
2412 1205 2466 1271 et
2510 1211 2746 1253 erumna
2792 1200 3117 1257 intolerabili
3160 1202 3593 1266 conﬁictandam,

2030 1295 2133 1335 non
2165 1284 2394 1353 amplius
2423 1288 2709 1344 sacriﬁciis
2738 1289 2953 1346 dantem
2984 1305 3231 1361 operam,
3259 1306 3364 1348 non
3397 1291 3597 1347 atrium

2029 1382 2276 1428 sanctum
2323 1374 2737 1446 ingredientem,
2783 1394 2882 1436 nec
2929 1384 3154 1451 gratias,
3198 1391 3292 1437 aut
3332 1383 3597 1448 decimas,

2028 1474 2121 1519 aut
2144 1466 2413 1535 primitias
2441 1470 2734 1525 secundum
2762 1470 2911 1542 ieges
2935 1472 3272 1542 oﬁ'ercntem,
3300 1474 3600 1531 necessita-

2032 1564 2212 1625 teqne,
2256 1572 2321 1613 ae
2368 1560 2560 1617 timore
2603 1564 2978 1629 constrictum,
3020 1579 3050 1617 a
3097 1564 3425 1623 solemnibus
3471 1565 3599 1630 sibi,

2030 1647 2493 1718 optatissimisque
2544 1652 2735 1708 diebus
2781 1653 3124 1709 celebrandis
3171 1654 3528 1712 abstinentem
3581 1674 3596 1711 :

1958 1728 2002 1786 Β
2038 1751 2059 1785 ι
2095 1733 2269 1792 Iratus
2301 1742 2386 1793 est
2416 1753 2545 1809 ergo
2576 1740 2835 1799 Dominus
2864 1752 3053 1798 contra
3086 1754 3268 1814 patres
3300 1761 3486 1803 eorum
3520 1749 3599 1803 ira

2032 1838 2240 1893 magna.
2279 1843 2303 1879 s

2101 1912 2230 1968 Tale
2254 1915 2522 1985 quispiam
2550 1926 2607 1972 et
2630 1917 2935 1975 Judazorum
2964 1923 3176 1993 populis
3204 1923 3528 1993 occinucrit,
3552 1927 3601 1982 si

2030 2002 2157 2058 hinc
2178 2019 2435 2060 arcanum
2458 2007 2660 2064 Christi
2687 2013 3001 2081 mysterium
3026 2014 3222 2071 docere
3245 2015 3426 2073 libeat.
3445 2016 3602 2075 Post-

2030 2109 2191 2164 quam
2220 2098 2364 2153 enim
2393 2101 2710 2157 occiderunt
2739 2105 3028 2174 prophetas
3050 2107 3091 2174 ',
3120 2116 3175 2163 et
3209 2110 3381 2179 ipsum
3414 2110 3599 2166 Domi-

2031 2202 2159 2242 num
2188 2190 2372 2258 gloriae
2399 2190 2451 2246 in
2481 2206 2694 2249 crucem
2724 2201 3006 2266 egerunt',
3030 2201 3172 2271 capti
3202 2216 3265 2257 ac
3295 2201 3597 2273 subjugati;

2028 2284 2087 2330 et
2125 2278 2379 2348 templum
2417 2280 2591 2350 ipsum
2632 2280 2775 2338 fama
2814 2300 2975 2355 super
3008 2289 3212 2344 tethera
3254 2300 3436 2347 notum
3477 2309 3602 2363 pro-

2032 2376 2289 2438 stratum,
2322 2378 2376 2427 et
2405 2372 2658 2443 deinceps
2691 2376 2743 2429 in
2780 2375 2847 2432 iis
2880 2378 3156 2449 impletum
3185 2391 3303 2447 est,
3335 2389 3477 2453 quod
3509 2402 3605 2441 ex-

2032 2466 2138 2511 stat
2170 2460 2307 2528 apud
2337 2458 2532 2518 Oscam
2557 2480 2607 2519 ει
2631 2463 2766 2531 Quia
2796 2465 2984 2522 diebus
3004 2468 3186 2524 multis
3217 2473 3479 2527 sedebunt
3508 2474 3600 2530 ﬁlii

2032 2548 2195 2602 Israel
2225 2549 2343 2605 sine
2370 2565 2526 2621 rege,
2555 2553 2674 2610 sine
2703 2555 2974 2626 principe,
3008 2558 3124 2615 sine
3153 2561 3453 2630 sacriﬁcio,
3485 2566 3604 2620 sine

2033 2639 2213 2706 altari,
2241 2642 2358 2698 sine
2387 2645 2712 2713 sacerdotio,
2740 2647 2858 2703 sine
2887 2649 3189 2706 manifestis
3208 2652 3228 2683 ³
3281 2671 3300 2705 ι
3337 2653 3469 2710 Esse
3502 2670 3601 2710 au.

2036 2740 2142 2787 tem
2174 2749 2273 2791 eos
2309 2751 2450 2792 nunc
2487 2739 2750 2807 captivos,
2786 2748 2841 2795 et
2876 2740 2976 2796 sub
3009 2750 3277 2811 potestate
3312 2744 3600 2814 diabolica,

2033 2822 2238 2880 oti'enso
2270 2825 2411 2893 Deo,
2438 2841 2497 2884 et
2524 2830 2594 2884 ab
2627 2829 2742 2900 ipso
2773 2831 3041 2901 abiectos,
3070 2841 3127 2889 et
3158 2834 3484 2907 benignitate
3514 2855 3605 2894 sn.»

2033 2926 2199 2981 perna
2244 2916 2502 2984 spoliatos
2544 2918 2778 2975 dubilari
2825 2936 2929 2976 non
2972 2934 3172 2992 potest.
3214 2924 3367 2992 Quod
3409 2927 3454 2982 si
3500 2929 3603 2981 ali-

2037 3006 2251 3073 quando
2293 3004 2594 3064 libertatem
2639 3012 2917 3068 consecuti
2964 3012 3200 3080 fuerint,
3240 3016 3401 3089 655
3446 3016 3603 3072 ﬁdem

2036 3095 2334 3166 complexi,
2365 3107 2420 3152 et
2450 3097 2671 3157 Christo
2705 3117 2803 3170 pro
2838 3102 2977 3169 Deo,
3014 3112 3068 3158 et
3101 3120 3259 3174 rege,
3289 3116 3343 3160 et
3380 3107 3606 3163 Domino

2034 3185 2132 3240 sibi
2154 3186 2447 3249 vindicato,
2474 3198 2619 3255 tunc,
2645 3202 2789 3256 tunc,
2820 3191 3058 3261 inquam,
3085 3202 3140 3248 et
3164 3196 3471 3265 aequissime
3499 3198 3607 3258 illic

2036 3273 2157 3340 quis
2194 3284 2496 3344 opportune
2534 3279 2677 3333 hunc
2715 3280 2768 3333 in
2812 3282 3028 3337 modum
3069 3286 3282 3339 occinat
3317 3304 3331 3341 :
3373 3305 3394 3339 ι
3435 3287 3606 3348 Iratus

2033 3370 2117 3419 est
2144 3360 2409 3420 Dominus
2435 3377 2622 3423 contra
2656 3378 2837 3437 patres
2863 3379 3072 3428 vestros
3102 3372 3182 3428 ira
3214 3388 3427 3445 magna.
3465 3393 3486 3432 ι

2104 3636 2268 3692 Vens.
2306 3639 2361 3705 Ξ,
2388 3639 2461 3693 ιν
2488 3640 2558 3694 Et
2586 3640 2725 3694 dices
2757 3640 2826 3693 ad
2849 3657 2937 3696 eos
2971 3657 2991 3697 :
3032 3641 3162 3698 Hcce
3185 3644 3316 3699 dicit
3346 3647 3601 3705 Dominus

2034 3730 2357 3795 omnipotens
2389 3746 2407 3784 :
2437 3730 2815 3786 Convertintini
2864 3734 2933 3785 ad
2973 3749 3073 3798 nte,
3120 3745 3171 3789 et
3218 3746 3493 3791 convertar
3532 3744 3602 3793 ad

2034 3835 2142 3886 vos,
2181 3822 2309 3876 dicit
2340 3822 2595 3878 Dominus
2630 3825 2977 3893 omnipotens,
3015 3836 3063 3880 et
3106 3827 3266 3883 nolite
3296 3829 3415 3898 ﬁeri
3466 3833 3602 3887 sicut

2032 3923 2206 3982 patres
2233 3916 2416 3981 vestri,
2448 3930 2580 3985 quos
2607 3926 2893 3984 arguerunt
2926 3933 3011 3971 eos
3040 3918 3304 3987 propheta:
3330 3921 3422 3991 qui
3454 3924 3601 3991 prius

2034 4002 2266 4072 fuerunt,
2316 4004 2546 4060 dicentes
2576 4019 2595 4057 :
2622 4005 2752 4062 Haec
2787 4007 2913 4062 dicit
2961 4009 3218 4063 Dominus
3253 4013 3598 4081 omnipotens.

2033 4092 2412 4150 Convertimini
2447 4113 2481 4150 ιι
2509 4097 2606 4151 viis
2646 4099 2830 4152 uestris
2861 4099 3041 4163 malis,
3081 4109 3133 4153 et
3177 4101 3241 4153 ab
3276 4103 3604 4158 adinventio-

2033 4183 2185 4239 nibus
2224 4187 2407 4240 vestris
2441 4187 2615 4242 malis.
2661 4188 2727 4241 Et
2753 4203 2858 4241 non
2890 4190 3226 4244 attendemnt
3262 4201 3315 4245 ut
3359 4193 3603 4249 audirent

2033 4292 2134 4339 nte,
2162 4275 2290 4331 dicit
2322 4277 2601 4334 Dominus.

2109 4543 2191 4603 lll.
2235 4544 2489 4601 Revocati
2531 4545 2700 4611 enim,
2735 4553 2795 4600 ut
2823 4545 2960 4611 dixi,
2982 4560 3049 4601 ex
3077 4548 3417 4617 captivitate,
3459 4558 3514 4605 et
3549 4552 3601 4607 in

2034 4636 2277 4693 Judaaam
2304 4637 2550 4701 reduces,
2588 4638 2642 4691 in
2670 4637 3011 4706 exsequenda
3040 4637 3137 4693 Dei
3166 4639 3439 4698 voluntate
3464 4640 3605 4697 desi-

2036 4730 2131 4785 des
2157 4739 2479 4795 evaserunt;
2517 4738 2570 4784 et
2612 4728 2753 4784 idola
2780 4730 2996 4799 quidem
3032 4738 3142 4785 tum
3188 4745 3292 4787 non
3332 4732 3601 4797 colebant,

2034 4839 2209 4895 neque
2239 4824 2422 4880 seduci
2451 4839 2530 4888 se,
2562 4832 2622 4878 ut
2643 4824 2795 4888 olim,
2825 4825 3201 4894 patiebantur:
3233 4834 3601 4881 verumtamen

2035 4917 2155 4973 aliis
2194 4917 2368 4972 modis
2414 4931 2510 4973 eos
2554 4918 2722 4973 Deum
2756 4916 2821 4971 ad
2866 4916 3002 4971 iram
3051 4930 3347 4989 provocare
3393 4926 3600 4972 certum

2033 5017 2171 5063 erat.
2212 5007 2370 5075 Nam,
2418 5015 2477 5062 at
2522 5007 2577 5061 in
2624 5005 2794 5062 Esdra
2834 5007 3063 5078 legimus
3084 5007 3127 5074 δ,
3170 5016 3226 5062 et
3267 5005 3601 5061 mulierculis

2034 5096 2350 5167 alienigenis
2389 5111 2448 5152 se
2484 5097 2969 5164 commiscuerant;
3014 5097 3474 5163 ﬁnitimorumque
3504 5097 3601 5151 du.

2033 5189 2134 5243 ctis
2169 5187 2402 5253 ﬁliabus,
2433 5188 2634 5245 liberos
2678 5189 2885 5245 alienos
2925 5193 3244 5258 genuerunt,
3294 5187 3507 5242 tametsi
3547 5188 3600 5243 id

2032 5278 2118 5334 lex
2149 5289 2207 5333 ut
2255 5281 2406 5336 nefas
2458 5281 2591 5352 ipsis
2622 5280 3026 5336 interdiceret“.
3072 5275 3425 5347 Negligebant
3471 5280 3598 5334 item

2032 5370 2148 5425 dies
2186 5369 2374 5434 festos,
2422 5379 2477 5426 et
2510 5370 2799 5433 sacriﬁcia,
2832 5377 2887 5423 et
2933 5369 2999 5423 ad
3049 5367 3291 5424 divinum
3340 5368 3597 5439 templum

2034 5459 2466 5517 remdiﬁcandum
2513 5460 2818 5530 torpebant.
2867 5456 3092 5524 idcirco,
3138 5459 3279 5513 sicut
3311 5461 3365 5514 in
3404 5458 3601 5527 Aggazo

1043 5642 1062 5670 ¹
1096 5641 1114 5691 i
1147 5639 1270 5695 Cor.
1306 5656 1364 5706 li,
1402 5640 1454 5693 8.
1535 5639 1554 5669 ³
1585 5640 1719 5695 Osee
1760 5653 1839 5702 ill,
1869 5638 1920 5694 4.

2054 5635 2071 5692 l
2105 5637 2256 5693 Esdr.
2287 5652 2362 5703 Ix,
2385 5635 2439 5692 ἢ.
2518 5636 2538 5669 ⁸
2566 5634 2732 5691 Exod.
2762 5650 2948 5697 xxxiv,
2978 5633 3064 5687 l6.
