4080 6284
482 288 565 343 45
1386 314 1389 317 ν
1475 291 1532 344 S.
1564 292 1849 346 ειίιιιιιι
1892 291 2058 347 Αἰλῐὲ

2159 293 2359 349 ιοιιιινι
2400 294 2721 353 Αιιειιιερ.
2786 256 2791 263 θ
3677 309 3735 362 ιιι

490 404 749 471 scriptum
795 410 914 455 est;
950 422 965 451 ι
1000 400 1272 457 Percussit
1320 417 1411 458 eos
1462 405 1514 458 iu
1557 406 1862 470 sterilitate,
1914 418 1964 459 et
2010 407 2058 461 in

2169 410 2476 481 ἀπρόθυμοι
2508 413 2634 481 περὶ
2666 413 2724 465 τὸ
2761 413 2867 466 δεῖν
2897 414 3289 484 ἀναδείμασθαι
3316 415 3403 468 τὸν
3439 414 3579 469 θεῖον
3614 420 3738 471 ναὸν

492 493 837 563 corruptione
870 493 1032 557 acris,
1070 504 1120 546 et
1159 494 1209 546 in
1241 497 1502 564 grandine
1537 500 1717 551 omnia
1763 512 1924 566 Opera
1969 513 2059 551 eo-

493 599 635 638 rum.
666 584 732 638 Et
764 585 1054 639 mittebant
1099 587 1150 640 iu
1197 588 1429 641 modium
1475 589 1665 644 hordei
1698 590 1882 658 viginti
1920 601 2059 654 sata,

487 685 545 730 et
588 675 731 730 facta
778 685 905 730 sunt
949 676 1157 731 decent.
1212 677 1276 732 Et
1321 679 1768 747 ingrediebantur
1808 691 2059 748 praeterea

490 766 732 821 torcular
773 767 991 822 haurire
1018 769 1405 839 quinquaginta
1463 774 1771 839 amphoras,
1824 780 1878 825 et
1906 770 2060 824 facta:

490 867 618 912 sunt
653 858 908 928 viginti“.
944 878 961 910 ι
1012 859 1287 913 Promittit
1332 860 1494 929 igitur
1541 861 1665 925 illis,
1712 861 1758 914 si
1804 860 2058 913 virtutem

490 948 691 1012 colere,
745 954 798 1000 et
850 949 1093 1002 converti
1147 950 1214 1003 ad
1268 949 1441 1018 ipsum
1498 964 1601 1003 non
1667 948 2057 1012 recusaverint,

491 1038 702 1107 agendo
741 1053 860 1109 qua:
921 1039 1021 1108 ipsi
1078 1038 1273 1106 placita
1333 1048 1389 1094 et
1446 1051 1601 1109 grata
1650 1043 1778 1105 sint,
1834 1049 1960 1093 tunc
2001 1052 2059 1093 se

490 1143 704 1197 quoque
754 1130 819 1183 ad
862 1129 1006 1198 ipsos
1051 1144 1465 1193 conversurum,
1506 1131 1609 1184 hoc
1660 1141 1740 1185 est
1775 1130 1842 1184 ab
1874 1130 1954 1184 ira
2006 1130 2056 1183 in

494 1220 620 1275 illos
664 1230 1109 1289 temperaturum,
1142 1229 1197 1275 et
1239 1212 1664 1275 misericordiam
1699 1223 1876 1277 denuo
1904 1222 2060 1275 adhi—

489 1310 748 1366 biturum.
811 1309 970 1365 Vetat
1042 1320 1217 1365 autem
1283 1325 1377 1365 eos
1431 1313 1733 1380 perniciosa
1796 1314 2057 1380 majorum

488 1404 729 1473 exempla
778 1404 951 1473 sequi,
1009 1417 1143 1471 quos
1196 1402 1311 1471 ipse
1363 1418 1458 1472 per
1507 1410 1725 1459 sanctos
1770 1405 2060 1473 prophetas

488 1508 615 1549 suos
658 1508 1025 1563 saepenumero
1062 1493 1381 1548 cohortatus
1430 1495 1521 1561 sit,
1564 1506 1618 1551 et
1660 1498 1726 1551 ad
1775 1496 2060 1551 indecoras

478 1584 1080 1639 .aetionesdeserendas
1108 1584 1305 1639 blande
1329 1585 1592 1651 invitarit,
1620 1602 1924 1657 quanquam
1952 1587 2059 1642 illis

472 1684 666 1729 autem
705 1676 927 1729 minime
951 1676 1491 1732 accommodantibus
1521 1678 1657 1732 nihil
1688 1680 1900 1747 penitus
1936 1695 2059 1749 pro-

2162 501 2444 567 γεγονότες
2477 503 2778 572 ἡλίσκοντο.
2813 504 3108 576 Ταύτῃτοι,
3147 506 3397 576 καθάπερ
3429 508 3486 559 ἐν
3512 506 3592 578 τῷ
3614 510 3741 577 Ἀγ-

2161 593 2301 662 γαίῳ
2328 593 2669 664 γέγραπται·
2706 613 2724 644 ι
2748 595 3047 661 Ἐπάταξεν
3074 596 3269 658 αὐτοὺς
3298 597 3354 648 ἐν
3383 596 3607 669 ἀφορίᾳ,
3645 599 3735 653 καί

2159 684 2547 755 ἀνεμοφθορίᾳ,
2586 686 2681 739 καὶ
2722 687 2780 738 ἐν
2820 685 3030 760 χαλάζῃ
3062 687 3239 741 πάντα
3265 688 3333 741 τὰ
3360 687 3497 757 ἔργα
3535 689 3733 743 αὐτῶν.

2159 773 2269 827 Καὶ
2316 775 2568 828 ἐνέὸαλον
2613 777 2710 845 μὲν
2753 778 2833 840 εἰς
2878 777 3119 848 κυψέλην
3149 779 3343 849 κριθῆς
3373 778 3544 831 εἴκοσι
3577 779 3735 845 σάτα,

2160 864 2251 917 καὶ
2290 862 2529 931 ἐγίνοντο
2572 863 2723 919 δέκα.
2756 866 3177 935 Εἰσεπορεύοντο
3210 866 3265 918 δέ
3296 867 3389 920 καὶ
3425 867 3584 920 πάλιν
3640 869 3736 920 ἀν-

2158 953 2353 1022 τλῆσαι
2386 954 2721 1023 πεντήκοντα
2766 954 3060 1025 μετρητὰς,
3097 957 3190 1008 καὶ
3223 955 3464 1023 ἐγίνοντο
3497 958 3685 1010 είκοσι.
3714 976 3731 1008 ι

2171 1043 2591 1113 Ἐπαγγέλλεται
2617 1043 2794 1097 τοίνυν
2825 1045 3030 1109 αὐτοῖς,
3056 1045 3131 1108 ὡς
3160 1048 3208 1097 εί
3241 1045 3445 1099 ἕλοιντο
3479 1063 3738 1115 μεταφοι-

2156 1137 2255 1205 τᾷν
2288 1136 2368 1197 είς
2399 1136 2459 1188 τὸ
2484 1137 2728 1206 ἄμεινον,
2760 1136 2854 1189 καὶ
2885 1138 3234 1208 ἐπιστρέφειν
3268 1137 3404 1208 πρὸς
3440 1138 3620 1204 αὐτὸν,
3648 1138 3737 1191 διὰ

2155 1226 2248 1279 τοῦ
2281 1227 2412 1298 δρᾷν
2446 1227 2663 1283 ἑλέσθαι
2702 1228 2770 1281 τά
2819 1228 2965 1298 αὐτῷ
3003 1228 3263 1281 δοκοῦντα
3301 1228 3403 1287 ,καὶ
3437 1230 3586 1297 φίλα,
3613 1229 3733 1283 τότε

2156 1317 2249 1370 καὶ
2284 1318 2442 1381 αὐτὸς
2475 1317 2789 1389 ἐπιστρέψει
2820 1318 2957 1390 πρὸς
2983 1319 3198 1383 αὐτοὺς,
3228 1320 3505 1372 τουτέστιν
3536 1320 3734 1388 ἀφέξε-

2155 1426 2244 1461 ται
2293 1410 2390 1478 τῆς
2432 1408 2519 1460 ἐπ’
2546 1409 2743 1472 αὐτοὺς
2789 1409 2978 1479 ὀργῆς,
3015 1410 3109 1462 καὶ
3142 1410 3567 1482 παλινδρομήσει
3597 1411 3735 1482 πρὸς

2157 1499 2673 1568 ἐλεον.’Λποφάσκει
2725 1516 2789 1568 γε
2842 1501 2948 1570 μὴν
2992 1500 3066 1563 ῶς
3108 1500 3329 1571 ὀλέθρου
3375 1501 3633 1572 πρόξενον
3674 1502 3735 1554 τὸ

2156 1591 2370 1646 ἑλέσθαι
2390 1591 2585 1662 ζηλοῦν
2608 1593 2733 1655 τοὺς
2752 1592 2857 1663 πρὸ
2886 1592 3062 1644 αὐτῶν
3084 1592 3390 1660 γεγονότας,
3409 1589 3489 1657 οἷς
3508 1594 3731 1664 πλείστη

2160 1683 2255 1753 μὲν
2283 1683 2383 1752 ὅση
2409 1683 2588 1736 δέδοτο
2614 1682 2742 1753 παρ’
2780 1681 2945 1736 αὑτοῦ
2970 1683 3059 1738 διὰ
3089 1684 3199 1735 τῶν
3230 1685 3399 1752 ἁγίων
3438 1685 3735 1757 προφητῶν

485 1765 695 1821 fecerit.
759 1764 995 1821 Ridiculi
1050 1766 1215 1835 igitur
1268 1768 1361 1836 qui
1414 1778 1625 1836 patrum
1690 1768 2050 1839 insipientiam

2159 1774 2516 1845 παράκλησις,
2544 1776 2639 1829 καὶ
2671 1774 3012 1845 παραμυθία,
3040 1775 3282 1831 καλοῦσα
3307 1776 3442 1848 πρὸς
3468 1779 3735 1848 ἀποστρο-

486 1864 802 1925 sequuntur,
846 1854 1222 1922 majorumque
1256 1857 1703 1910 consuetudinem
1737 1873 1835 1926 pro
1871 1859 2054 1913 defen-

485 1948 639 1999 sione
694 1944 1013 1998 irrel‘utabili
1068 1945 1563 2012 obtendunt,'licet
1614 1948 1680 2002 de
1723 1950 2054 2017 gravissimis

484 2035 650 2106 656
676 2035 969 2088 sceleribus
1013 2036 1495 2104 reprehendantur.
1537 2037 1640 2092 Sed
1674 2039 1778 2094 hoc
1817 2040 2055 2095 usitatis-

486 2132 683 2181 simum
744 2136 826 2178 est
877 2125 1140 2179 idolorum
1189 2126 1506 2182 cultoribus.
1564 2129 1745 2184 Vocati
1794 2132 1936 2185 enim
1988 2132 2053 2185 ad

487 2218 813 2285 agnitionem
864 2215 1133 2282 veritatis,
1175 2226 1388 2285 patrum
1435 2231 1671 2273 errorem
1724 2234 1940 2290 semper
1973 2219 2056 2288 ja-

487 2319 661 2373 ctant,
696 2308 1016 2377 itlorumque
1062 2307 1423 2376 ignorantiam
1457 2319 1511 2363 ut
1543 2320 1822 2378 paternam
1861 2326 2054 2380 quanta

489 2404 609 2452 dam
646 2399 1014 2454 lnereditatem
1044 2398 1437 2467 amplexantes,
1466 2401 1590 2454 (ξωεὶ
1616 2412 1959 2470 permanent.
1992 2402 2056 2456 Et

488 2495 704 2561 opinor.
736 2492 951 2546 etiamsi
986 2494 1254 2563 quispiam
1289 2492 1371 2547 his
1400 2493 1489 2563 qui
1523 2504 1643 2547 sunt
1678 2494 1745 2548 de
1770 2494 2055 2549 circumci-

489 2588 642 2639 sione
676 2586 929 2645 suaserit,
973 2584 1048 2638 uti
1101 2584 1304 2639 relictis
1348 2583 1700 2639 deterioribus
1752 2584 1820 2640 ad
1857 2587 2057 2640 condu-

492 2677 673 2730 cibilia
710 2690 828 2731 sese
869 2675 1021 2738 dent,
1058 2674 1204 2743 ipsos
1234 2689 1448 2743 quoque
1487 2676 1552 2729 ad
1585 2685 1794 2744 patrum
1830 2690 2057 2731 consue-

493 2768 732 2823 tudinem
780 2764 1175 2836 confugituros.
1222 2763 1453 2834 Expedit
1490 2764 1653 2836 igitur
1694 2765 1944 2819 seductos
1982 2765 2057 2818 ita

490 2858 814 2930 compellare
865 2875 879 2911 :
927 2875 946 2908 ι
982 2855 1376 2911 Convertimini
1422 2859 1487 2909 ad
1531 2870 1635 2920 me,
1685 2868 1740 2910 et
1773 2865 2059 2911 convertar

489 2951 559 3006 ad
604 2964 720 3015 vos,
765 2947 899 3003 dicit
943 2946 1209 3002 Dominus
1244 2946 1604 3017 omnipotens.
1636 2964 1654 2999 ι
1686 2946 1753 3001 Ει
1788 2946 1879 3001 illo
1909 2947 2059 3001 insu-

486 3056 587 3109 per
623 3059 636 3095 :
673 3059 698 3093 ι
731 3039 902 3095 Nolite
938 3039 1053 3095 ﬁeri
1087 3042 1237 3095 sicut
1261 3047 1443 3109 patres
1475 3040 1661 3104 vestri,
1693 3058 1711 3093 ι
1746 3040 1840 3109 qui
1873 3053 2058 3095 errore

490 3133 661 3187 delusi
693 3132 962 3198 videlicet,
998 3132 1051 3187 in
1088 3130 1394 3202 ignorantia
1426 3132 1517 3187 ﬁxi
1546 3133 1915 3201 perstiterunt.

2160 1866 2266 1936 φὴν
2318 1867 2425 1919 τῶν
2480 1866 2720 1937 αἰσχρῶν
2766 1865 3232 1936 ἐπιτηδευμάτων,
3265 1867 3519 1936 ἀνόνητον
3568 1866 3625 1918 δὲ
3672 1866 3735 1918 τὸ

2160 1956 2389 2023 πρᾶγμα
2428 1954 2561 2007 πολὺ
2593 1954 2710 2007 λίαν
2741 1954 2977 2006 ἐτέθειτο
3005 1952 3333 2007 ἀπονεύσασι
3359 1955 3493 2023 πρὸς
3520 1954 3578 2007 τὸ
3606 1954 3733 2005 δυσ-

2160 2046 2341 2114 ήκοον.
2374 2045 2783 2113 Καταγέλαστοι
2833 2044 2897 2115 δὴ
2942 2039 3056 2109 οὖν,
3085 2045 3133 2095 οἱ
3178 2047 3299 2107 ταῖς
3331 2043 3438 2096 τῶν
3484 2045 3735 2112 πατέρων

2161 2134 2421 2204 ἀμαθίαις
2479 2136 2751 2205 ἑπόμενοι,
2796 2137 2889 2188 καὶ
2937 2133 3270 2205 προγονικὴν
3319 2133 3608 2204 συνήθειαν
3659 2132 3734 2195 ῶς

2154 2225 2595 2295 δυσανάτρεπτον
2617 2226 2910 2292 ἀπολογίαν
2944 2223 3393 2295 προϐαλλόμενοι,
3429 2222 3530 2276 κᾶν
3562 2223 3612 2277 εἰ
3642 2221 3735 2274 ἐπὶ

2161 2322 2270 2381 τοῖς
2313 2317 2562 2387 ἐσχάτοις
2607 2317 2999 2386 καταψέγοιντο
3045 2317 3256 2378 κακοῖς.
3276 2315 3433 2376 Ἔθος
3479 2313 3536 2366 δὲ
3580 2312 3736 2365 τοῦτο

2164 2408 2395 2479 μάλιστα
2442 2408 2552 2470 τοῖς
2592 2405 2699 2460 τῶν
2728 2404 2959 2458 εἰδώλων
2984 2403 3361 2474 θεραπευταῖς.
3394 2400 3734 2470 Καλούμενοι

2162 2499 2270 2569 γὰρ
2296 2497 2389 2549 ἐπὶ
2412 2496 2510 2566 τὴν
2542 2496 2638 2566 τῆς
2670 2494 2923 2566 ἀληθείας
2953 2494 3270 2561 ἐπίγνωσιν,
3297 2490 3397 2560 τῆς
3426 2489 3534 2543 τῶν
3565 2489 3733 2542 πατέ-

2160 2606 2273 2659 ρων
2318 2587 2532 2657 ἀπάτης
2575 2585 2969 2656 διαμέμνηνται
3014 2580 3312 2653 πανταχοῦ,
3343 2581 3437 2635 καὶ
3484 2578 3735 2651 πατρῷον

2162 2676 2351 2747 ῶσπερ
2378 2675 2500 2729 τινὰ
2528 2675 2732 2745 κλῆρον
2766 2674 2825 2729 τὸ
2854 2673 3081 2727 ἐκείνων
3111 2671 3319 2743 ἀμαθὲς
3344 2669 3732 2739 ἀσπαζόμενοι,

2162 2767 2471 2837 διαμένουσι
2497 2765 2707 2835 τυφλοί.
2743 2759 2909 2835 Οἶμαι
2940 2764 3019 2827 δὲ,
3050 2763 3131 2817 ὅτι
3166 2762 3267 2816 κᾶν
3293 2764 3341 2815 εἰ
3378 2761 3560 2822 αὐτοῖς
3595 2776 3734 2829 συμ-

2164 2856 2468 2911 ϐουλεύσειέ
2493 2874 2577 2920 τις
2605 2858 2716 2919 τοῖς
2736 2857 2801 2908 ἐκ
2824 2857 3124 2926 περιτομῆς
3150 2852 3403 2925 μεταθεῖν
3427 2852 3495 2907 τὰ
3520 2849 3734 2919 αἰσχίω,

2164 2950 2438 3021 καὶτιμᾷν
2468 2948 2682 3004 ἑλέσθαι
2710 2946 2769 3001 τὸ
2796 2945 3057 3016 ὠφελοῦν,
3086 2947 3177 2999 ἐπὶ
3201 2946 3299 3017 τὴν
3336 2944 3443 2997 τῶν
3486 2941 3736 3011 πατέρων

2166 3040 2454 3111 συνήθειαν
2506 3037 2905 3108 καταφεύξουσι
2949 3036 3043 3090 καὶ
3086 3034 3256 3088 αὐτοί.
3307 3035 3589 3104 Χρήσιμον
3645 3023 3738 3084 οὖν

2085 3126 2128 3184 C
2162 3134 2274 3195 τοῖς
2320 3129 2690 3202 πλανωμένοις
2737 3129 3057 3197 ἐπιφωνεῖν·
3120 3144 3137 3177 ι
3162 3122 3553 3196 Ἐπιστρέψατε
3600 3118 3739 3181 πρός

492 3247 581 3298 με,
623 3229 719 3284 καὶ
764 3227 1241 3299 ὲπιστραφήσομαι
1287 3226 1423 3297 πρὸς
1470 3228 1634 3298 ὑμᾶς,
1702 3227 1848 3296 λέγει
1891 3225 2095 3296 Κύριος
2134 3225 2549 3298 παντοκράτωρ.
2581 3243 2599 3276 ›
2638 3224 2749 3278 Καὶ
2816 3222 2923 3294 μὴν
2954 3222 3073 3285 καὶ,
3131 3237 3149 3270 ι
3181 3219 3269 3290 Μὴ
3306 3217 3520 3287 γίνεσθε
3558 3216 3738 3290 καθὼς

489 3326 538 3377 oi
570 3324 802 3393 πατέρες
832 3323 1004 3392 ὑμῶν,
1036 3341 1055 3373 ι
1088 3324 1135 3374 οἰ
1164 3321 1504 3392 πλανώμενοι
1532 3322 1793 3394 δηλονότι,
1821 3322 1917 3376 καὶ
1959 3322 2121 3397 μέχρι
2153 3323 2246 3376 τοῦ
2282 3322 2483 3385 παντὸς
2517 3319 2885 3392 μεμενηκότες
2910 3319 2967 3372 ἐν
2992 3315 3254 3387 ἀγνωσία.

569 3414 730 3468 Vens.
774 3413 831 3476 5,
860 3414 914 3466 6.
957 3410 1144 3464 Patres
1175 3413 1328 3464 vestri
1370 3415 1466 3466 ubi
1497 3425 1639 3479 sunt,
1672 3424 1721 3466 et
1755 3415 2013 3482 propheta
2035 3419 2060 3470 ἓ

496 3504 767 3574 Numquid
798 3506 851 3556 in
881 3513 1131 3556 reternum
1165 3503 1371 3555 vivent?
1405 3500 1777 3557 Verumtamen
1798 3520 2059 3559 sermones

490 3610 654 3658 meos,
687 3600 737 3646 et
759 3590 990 3659 legitima
1020 3605 1133 3642 mea
1161 3589 1427 3658 suscipite,
1457 3604 1776 3659 quaecunque
1803 3605 1895 3657 ego
1920 3604 2059 3659 prte-

492 3686 631 3754 cipio
668 3687 721 3739 in
751 3684 942 3751 spiritu
975 3698 1087 3735 meo
1114 3682 1277 3736 servis
1318 3683 1445 3735 meis
1482 3680 1771 3750 praphetis,
1796 3682 1885 3749 qui
1915 3698 2060 3735 com-

491 3777 871 3845 prehenderunt
929 3784 1106 3842 patres
1160 3784 1377 3830 vestros.
1431 3770 1500 3825 Et
1556 3773 1966 3839 responderunt,
2012 3781 2061 3825 et

492 3867 735 3920 dixerunt
770 3879 786 3917 :
818 3864 965 3918 Sicut
1002 3865 1153 3933 quasi
1200 3863 1311 3916 acie
1366 3864 1649 3917 instructus
1682 3873 1756 3917 est
1809 3863 2060 3916 Dominus

495 3958 841 4022 emrtipotms,
878 3954 1050 4021 facere
1091 3954 1235 4006 nobis
1268 3954 1552 4006 secundum
1591 3953 1701 4006 vias
1746 3962 1972 4017 nostras,
2012 3961 2060 4006 et

493 4046 780 4101 secundum
810 4046 986 4102 studia
1021 4055 1226 4111 nostra,
1251 4046 1327 4099 sic
1356 4044 1475 4112 fecit
1500 4044 1665 4101 nobis.

564 4229 655 4284 IV.
697 4228 1004 4298 Antequam
1052 4225 1238 4281 Judrea
1295 4236 1347 4280 et
1400 4225 1769 4297 Hierosolyma
1817 4225 2063 4296 subjuga-

494 4329 703 4383 rentur,
734 4321 1117 4388 prophetarum
1157 4331 1348 4371 nomen
1379 4316 1532 4384 quasi
1564 4331 1849 4386 personam
1873 4332 2063 4387 quant-

495 4413 619 4472 dam
656 4410 758 4464 sibi
787 4410 1123 4477 imponentes
1167 4407 1427 4470 nonnulli,
1477 4408 1542 4461 de
1575 4409 1738 4491 corde
1766 4423 1885 4475 suo,
1924 4409 2064 4462 sicut

496 4500 758 4568 scriptum
789 4498 935 4563 est',
969 4512 1073 4550 non
1102 4495 1167 4548 de
1207 4510 1303 4549 ore
1333 4494 1540 4549 Domini
1576 4497 1951 4565 loquebantur.
1996 4497 2060 4552 Hi

2236 3419 2300 3469 Ol
2347 3416 2601 3482 πατέρες
2651 3413 2811 3481 ὑμῶν
2850 3410 2976 3483 ,ποῦ
3008 3408 3128 3464 είσὶ
3173 3408 3270 3463 καὶ
3312 3409 3366 3462 οἰ
3399 3405 3693 3475 προφῆται
3718 3446 3731 3467 ,

2161 3504 2257 3570 Μὴ
2286 3504 2392 3556 τὸν
2418 3501 2601 3556 αἰῶνα
2646 3500 2925 3567 Momm
2941 3516 2960 3563 ;
3007 3500 3180 3566 Πλὴν
3210 3496 3353 3561 τοὺς
3375 3498 3595 3563 λόγους
3620 3514 3737 3565 μου

2163 3590 2262 3642 καὶ
2298 3590 2366 3643 τὰ
2395 3588 2614 3658 νόμιμά
2632 3604 2753 3657 μου
2780 3587 3051 3656 δέχεσθε,
3082 3587 3201 3639 ὅσα
3233 3584 3347 3654 ἐγὼ
3382 3584 3737 3654 ἐντέλλομαι

2160 3681 2230 3734 ἐν
2257 3681 2548 3749 πνεύματί
2588 3697 2708 3750 μου
2756 3677 2881 3744 τοῖς
2912 3679 3155 3744 δούλοις
3184 3694 3305 3745 μου
3353 3674 3476 3739 τοῖς
3516 3674 3735 3743 προφή-

2160 3787 2309 3835 ταις,
2340 3770 2398 3823 οἳ
2444 3767 2860 3822 κατελάϐοσαν
2911 3766 3053 3831 τοὺς
3098 3764 3356 3834 πατέρας
3398 3763 3581 3833 ὑμῶν.
3626 3763 3735 3817 Kal

2161 3862 2591 3929 ἀπεκρίθησαν,
2641 3859 2737 3913 καὶ
2780 3854 2957 3913 εἶπαν
2985 3875 2997 3887 ’
3050 3855 3252 3921 Καθὼς
3303 3854 3737 3923 παρατέτακται

2161 3954 2376 4021 Κύριος
2408 3951 2853 4019 παντοκράτωρ,
2878 3949 2983 4003 τοῦ
3015 3946 3263 4016 ποιῆσαι
3290 3946 3433 4015 ἡμῖν
3461 3947 3609 4000 κατὰ
3630 3946 3735 4009 τὰς

2162 4044 2341 4108 ὀδοὺς
2375 4043 2546 4113 ἡμῶν
2583 4044 2680 4097 καί
2729 4042 2879 4096 κατὰ
2930 4040 3001 4095 τὰ
3058 4039 3494 4107 ἐπιτηδεύματα
3546 4035 3729 4105 ἡμῶν,

2162 4136 2349 4199 οὕτως
2371 4134 2666 4201 ἐποίησεν
2698 4132 2865 4201 ἡμῖν.

2233 4226 2304 4278 Δ’.
2349 4224 2483 4295 Πρὶν
2529 4222 2731 4277 ἁλῶναι
2785 4221 2884 4291 τὴν
2918 4221 3199 4283 Ἰουδαίαν,
3231 4219 3326 4274 καὶ
3378 4216 3515 4270 αὑτά
3562 4216 3617 4268 δὲ
3666 4216 3733 4269 τὰ

2172 4316 2540 4388 Ἰεροσόλυμα,
2565 4314 2626 4367 τὸ
2653 4314 2752 4383 τῆς
2796 4314 3128 4383 προφητείας
3164 4312 3355 4381 ὄνομα,
3384 4310 3633 4377 καθάπερ
3675 4308 3736 4360 τὸ

2161 4409 2499 4478 προσωπεῖον
2546 4407 2755 4469 ἐαυτοῖς
2786 4404 3151 4476 περιτιθέντες
3193 4402 3358 4466 τινὲς,
3406 4401 3625 4456 ἐλάλουν
3667 4399 3733 4451 τά

2160 4500 2268 4553 ἀπὸ
2312 4497 2537 4569 καρδίας
2576 4497 2775 4561 αὐτῶν,
2809 4496 2950 4549 καθά
2978 4496 3307 4566 γέγραπται,
3338 4493 3433 4546 καὶ
3478 4494 3579 4547 οὐκ
3628 4491 3735 4543 ἀπὸ

495 4608 593 4662 per
636 4588 976 4645 mendacium
1023 4589 1308 4650 canebant,
1365 4602 1471 4639 non
1523 4597 1839 4654 occupatum
1883 4588 1945 4640 iri
1995 4589 2058 4641 ab

2163 4593 2429 4661 στόματος
2470 4589 2700 4662 Κυρίου.
2729 4585 2886 4643 Οὗτοι
2926 4586 3348 4659 ψευδοεποῦντες
3379 4585 3634 4654 ἔφασκον,
3661 4584 3736 4643 ὼς

497 4682 742 4737 hostibus
789 4688 1033 4736 sanetam
1080 4678 1378 4741 civitatem,
1435 4692 1662 4744 nequea
1701 4678 2058 4731 vastatoribus

2164 4683 2264 4735 οὐκ
2298 4684 2360 4735 ἂν
2391 4681 2543 4751 ἁλοίη
2593 4681 2723 4734 ποτὲ
2762 4682 2891 4749 παρ’
2917 4679 3126 4748 ἐχθρῶν
3164 4680 3196 4746 ἡ
3244 4676 3372 4743 ἁγία
3417 4676 3590 4741 πόλις,
3626 4675 3736 4726 οὐδ’

495 4770 907 4841 expugnabilem
950 4769 1067 4823 fore
1097 4766 1348 4823 lsraelem
1381 4786 1394 4820 :
1434 4767 1527 4821 sed
1561 4765 1816 4821 felicitate
1847 4782 2058 4834 semper

2167 4774 2232 4828 ἂν
2264 4774 2470 4841 γένοιτό
2503 4791 2632 4827 ποτε
2666 4776 2778 4836 τοῖς
2803 4771 3042 4824 ἐθέλουσι
3075 4766 3375 4839 καταδῃοῢν
3422 4766 3737 4834 εὐκαταγώο

498 4878 741 4925 usuram,
801 4871 853 4914 et
907 4861 958 4914 in
1018 4859 1239 4926 perenni
1286 4857 1558 4927 voluptate
1612 4858 1901 4923 victuram,
1951 4858 2058 4912 Deo

2166 4880 2344 4925 νιστος
2372 4866 2400 4916 ὁ
2423 4862 2639 4934 Ἰσραήλ
2661 4881 2674 4894 ο
2705 4862 2818 4917 ἀλλ’
2840 4859 3238 4933 ἐρηρεισμένην
3263 4857 3371 4924 ἕξει
3396 4856 3494 4927 τὴν
3533 4858 3734 4926 εὐημε-

497 4962 836 5026 protegente,
883 4960 938 5006 et
986 4952 1218 5006 electum
1262 4963 1432 5016 genus
1469 4949 1771 5003 honoraute
1804 4959 2058 5017 perpetuo

2172 4956 2326 5025 ρίαν,
2378 4953 2471 5007 καὶ
2528 4956 2587 5006 ἐν
2625 4954 2943 5023 ἀκλονήτοις
2992 4951 3232 5005 κείσεται
3286 4950 3555 5021 τρυφαῖς,
3600 4946 3733 4999 Θεοῦ

498 5064 559 5101 ae
591 5046 869 5114 diligente.
920 5040 1300 5110 Loquebantur
1343 5052 1507 5108 porro
1561 5038 1694 5104 lucc,
1746 5038 1885 5093 sicut
1928 5039 2058 5104 dixi,

500 5134 822 5188 mentientes
869 5132 1073 5194 miseri,
1116 5139 1172 5183 et
1203 5128 1450 5183 lsraelem
1479 5128 1589 5197 jam
1638 5138 1767 5182 ante
1812 5129 2059 5199 ignavum

499 5223 829 5287 ignaviorem
880 5218 1201 5283 eﬂiciebant,
1233 5232 1358 5272 cum
1390 5218 1456 5271 ad
1502 5216 1668 5271 Deum
1714 5217 2053 5285 placandum,

499 5322 554 5363 et
587 5326 747 5378 quam
784 5311 1093 5381 longissime
1142 5309 1372 5378 repulsis
1419 5309 1614 5377 quibus
1655 5323 1777 5363 eum
1814 5310 2063 5365 irritave-

503 5410 643 5463 rant,
666 5402 731 5454 ad
754 5402 869 5467 ejus
897 5401 1090 5467 placita
1114 5400 1463 5470 exsequenda
1490 5400 1694 5454 hortari
1722 5400 2057 5456 debuissent.

498 5492 597 5544 Ast
640 5489 709 5543 illi
743 5490 1025 5542 veritatem
1070 5492 1125 5543 in
1160 5492 1451 5559 postremis
1483 5491 1806 5558 habuerunt,
1837 5494 2061 5561 quasti-

579 5655 749 5739 'Agg.
782 5681 815 5729 ι,
847 5665 878 5718 6
913 5665 964 5719 9.
1044 5668 1059 5695 ⁷
1097 5665 1293 5719 .lercnt.
1328 5682 1483 5733 χλιιι,
1522 5667 1601 5719 l6.

2170 5038 2615 5113 προασπίζοντος,
2642 5043 2734 5093 καὶ
2758 5041 2820 5093 τὸ
2843 5039 3139 5095 ἀπόλεκτον
3160 5037 3248 5090 ἀεὶ
3272 5034 3540 5106 τιμῶντός
3561 5051 3619 5087 τε
3642 5034 3736 5085 καὶ

2166 5130 2486 5200 ἀγαπῶντος
2510 5128 2970 5197 γένος.Ἔφασκον
2990 5127 3047 5181 δὲ
3069 5126 3311 5189 τοιαῦτα,
3331 5124 3581 5193 καθάπερ
3601 5121 3735 5190 ἔφην

2166 5222 2387 5292 ἀρτίως,
2404 5218 2859 5289 ψευδηγοροῦντες
2880 5220 2929 5272 οἱ
2952 5219 3197 5283 τάλανες,
3226 5218 3317 5270 καὶ
3341 5218 3582 5287 ῥᾴθυμον
3605 5213 3734 5265 ὄντα

2164 5311 2253 5363 τὸν
2287 5309 2506 5381 Ἰσραὴλ
2549 5308 2863 5370 ὑπτιοῦντες
2908 5307 3009 5371 ἔτι,
3039 5308 3213 5360 καίτοι
3263 5305 3378 5358 δέον
3424 5300 3736 5357 ἀναπείθειν

2165 5400 2602 5472 ἐκμειλίσσεσθαι
2628 5401 2780 5463 Θεὸν,
2822 5402 2913 5453 καὶ
2960 5400 3029 5452 τά
3076 5399 3159 5467 ἐφ’
3193 5394 3271 5460 οἷς
3314 5396 3609 5466 λελύπηται
3654 5399 3735 5465 ρι-

2169 5495 2434 5558 πτοῦντας
2476 5496 2550 5559 ὡς
2582 5496 2857 5559 ἀποτάτω,
2898 5494 3231 5565 μεταφοιτᾷν
3262 5490 3475 5543 ἑλέσθαι
3508 5486 3641 5557 πρὸς
3677 5485 3736 5541 τὸ
