4080 6284
316 500 381 559 i7
506 538 511 543 .
1151 494 1694 552 COMMENTARIUS
1736 493 1798 547 IN
1836 491 2231 546 ZACHARIAM
2272 491 2711 547 PROPHETAM.
3489 498 3550 552 t8

313 618 465 688 αὐτῷ
494 616 698 670 δοκοῦν.
719 615 850 668 Ἀλλ’
874 614 1047 683 ὀλίγος
1079 613 1303 676 ἐκείνοις
1330 613 1426 681 τῆς
1454 611 1709 682 ἀληθείας
1741 612 1769 663 ὁ
1796 610 1881 661 λό-

1987 609 2225 678 culisque
2267 609 2544 665 vilissimis
2596 608 2841 672 inescati,
2898 606 3145 662 lsraeleni
3198 613 3555 669 seduxerunt.

314 726 427 777 γος,
466 707 785 778 λημματίων
830 706 886 759 δὲ
934 704 1180 776 σμικρῶν
1225 705 1319 757 καὶ
1362 702 1756 756 εὐτελεστάτων
1787 704 1883 771 ἠτ-

312 798 565 869 τώμενοι,
593 797 968 867 πεπλανήκασι
1006 796 1096 849 τὸν
1121 794 1356 866 Ἰσραήλ.
1393 795 1501 846 Καὶ
1540 793 1669 862 γοῦν
1713 794 1743 846 ὁ
1787 792 1885 860 μὲν

313 889 597 957 προφήτης
631 886 899 957 Ἱερεμίας
930 888 1273 940 καταιτιᾶται
1319 885 1440 938 λίαν
1486 884 1702 949 αὐτοὺς,
1744 882 1886 935 οὕτω

312 977 515 1046 λέγων’
550 996 568 1028 ι
588 976 650 1030 Ὃ
677 976 777 1041 ὢν,
809 977 1004 1047 Κύριε,
1039 976 1147 1029 ἰδοὺ
1177 975 1515 1046 οί,προφῆται
1545 973 1722 1027 αὐτῶν
1756 990 1886 1043 προ-

314 1068 630 1137 φητεύουσι,
663 1068 757 1121 καὶ
794 1067 1042 1136 λέγουσιν
1066 1084 1079 1097 ·
1108 1067 1221 1120 Οὐκ
1246 1064 1441 1133 ὄψεσθε
1477 1064 1768 1135 μάχαιραν,
1794 1063 1886 1115 καὶ

310 1160 467 1230 λιμὸς
512 1161 613 1213 οὐκ
652 1159 803 1212 ἔσται
841 1161 901 1211 ὲν
933 1158 1081 1227 ὑμῖν,
1106 1158 1187 1209 ὅτι
1229 1155 1487 1225 ἀλήθειαν
1529 1154 1624 1207 καὶ
1666 1154 1885 1223 εἰρήνην

309 1251 467 1306 δώσω
504 1251 595 1305 ἐπὶ
621 1252 721 1320 τῆς
756 1251 880 1319 γῆς,
914 1250 1007 1302 καὶ
1037 1250 1094 1302 ὲν
1117 1247 1196 1314 τῷ
1227 1247 1377 1315 τόπῳ
1400 1246 1595 1315 τούτῳ.
1628 1263 1647 1295 ι
1679 1244 1810 1306 Θεὸς
1829 1243 1887 1295 δὲ

312 1343 451 1412 πρὸς
484 1342 685 1395 ταῦτα·
722 1360 739 1392 ι
772 1340 954 1409 Ψευδῆ
977 1341 1025 1392 oi
1048 1338 1323 1408 προφῆται
1348 1336 1779 1407 προφητεύουσιν
1798 1334 1888 1386 ἐπὶ

310 1431 389 1503 τῷ
422 1430 646 1502 ὀνόματί
678 1446 817 1500 μου·
853 1431 951 1482 οὐκ
978 1428 1273 1482 ἀπέστειλα
1299 1427 1514 1490 αὐτοὺς,
1541 1426 1635 1478 καὶ
1664 1424 1763 1477 οὐκ
1794 1424 1885 1476 ὲν·-

311 1522 604 1591 ετειλάμην
634 1520 834 1582 αὐτοῖς,
874 1520 966 1572 καὶ
998 1520 1098 1571 οὐκ
1126 1516 1362 1588 ἐλάλησα
1395 1516 1530 1587 πρὸς
1563 1516 1778 1578 αὐτοὺς,
1804 1515 1886 1566 ὅτι

309 1613 528 1683 ὁράσεις
565 1610 798 1680 ψευδεῖς,
829 1611 924 1663 καὶ
969 1609 1248 1680 μαντείας,
1284 1608 1376 1661 καὶ
1399 1607 1753 1677 οίωνίσματα,
1789 1604 1885 1657 καὶ

312 1702 658 1773 προαιρέσεις
719 1700 945 1770 καρδίας
999 1698 1177 1752 αὐτῶν
1240 1698 1393 1752 αὐτοὶ
1448 1695 1885 1768 προφητεύουσιν

311 1795 460 1865 ὑμῖν.
491 1814 509 1844 ο
554 1796 660 1848 Καὶ
696 1794 803 1865 μὴν
850 1794 945 1847 καὶ
991 1791 1215 1861 ἑτέρωθι
1260 1790 1421 1844 πάλιν
1471 1790 1669 1861 φησίν·
1726 1808 1743 1839 ι
1771 1788 1885 1841 Οὐκ

309 1884 637 1938 ἀπέστελλον
684 1885 809 1948 τοὺς
851 1887 1155 1956 προφήτας,
1185 1884 1281 1936 καὶ
1309 1881 1464 1936 αὐτοὶ
1488 1881 1706 1951 ἔτρεχον
1723 1896 1737 1910 °
1764 1878 1883 1933 οὐδὲ

311 1972 544 2042 ἐλάλησα
569 1973 706 2043 πρὸς
733 1954 953 2036 αὐτοὺς,
983 1974 1075 2025 καὶ
1105 1973 1261 2026 αὐτοὶ
1284 1973 1674 2043 προεφήτευον.
1703 1989 1723 2023 ι
1776 1971 1884 2023 Πε-
1914 1954 1954 2008 Β

312 2064 581 2134 πλάνηται
608 2064 807 2127 τοίνυν,
842 2064 916 2127 ὡς
947 2063 1105 2133 ἔφην,
1139 2067 1167 2117 ὀ
1193 2065 1434 2136 Ἰσραὴλ,
1468 2068 1579 2128 τοῖς
1607 2064 1715 2119 τῶν
1750 2064 1882 2133 ψευ-

308 2154 621 2224 δομάντεων
679 2158 1035 2225 φενακισμοῖς
1084 2156 1358 2219 ἀσυνέτως
1415 2156 1878 2226 συνηρπασμένος.

323 2240 461 2293 Ἀλλ’
489 2242 590 2295 οὐκ
622 2241 688 2297 ἂν
722 2244 835 2313 ἥλω
884 2244 1012 2297 ποτὲ
1056 2246 1184 2315 παρ’
1208 2245 1435 2315 ἐχθρῶν,
1468 2247 1560 2297 xui.
1601 2245 1700 2314 τῆς
1741 2244 1884 2298 οὕτω

308 2334 533 2402 πικρᾶς,
564 2332 658 2385 καὶ
707 2333 1119 2404 φορτικωτάτης
1169 2333 1410 2395 δουλείας
1460 2335 1738 2402 ἐπειρᾶτο,
1771 2334 1883 2395 τοῖς

307 2422 456 2491 παρὰ
484 2418 619 2474 Θεοῦ
652 2423 961 2493 προφήταις
984 2423 1074 2477 τὸν
1097 2422 1221 2477 νοῦν
1251 2423 1489 2487 ἐπιδοὺς,
1516 2424 1568 2477 οἳ
1616 2424 1711 2477 καὶ
1738 2440 1883 2494 συμ-

305 2509 569 2578 ϐήσεσθαι
598 2511 667 2564 τά
700 2511 877 2564 τοιάδε
904 2513 1353 2584 προαπήγγελλον
1382 2514 1584 2577 αὐτοῖς,
1611 2512 1707 2569 καὶ
1729 2513 1883 2583 διαρ-

306 2600 475 2670 ρήδην
515 2600 774 2670 ἔφασκον,
797 2603 876 2656 ὅτι
923 2604 1139 2666 πάντως
1168 2605 1247 2667 είς
1275 2606 1469 2674 πεῖραν
1496 2604 1898 2676 ὲνεχθήσονται,

308 2690 495 2754 κακοῦ,
529 2691 603 2759 μὴ
630 2692 749 2762 οὐχὶ
780 2693 913 2764 δρᾷν
939 2694 1200 2764 ᾑρημένοι
1224 2694 1295 2748 τὰ
1324 2694 1542 2766 Θυμήρη
1577 2693 1715 2767 Θεῷ.
1741 2694 1885 2749 Ταύτ-

303 2797 454 2852 τῃτοι
483 2784 667 2836 καλεῖν
704 2785 839 2855 πρὸς
870 2785 1172 2855 ἀνάμνησιν
1198 2785 1307 2839 τῶν
1330 2804 1390 2840 τε
1414 2786 1645 2841 ἀνοσίων
1666 2802 1881 2858 προφη-

308 2867 417 2920 τῶν
454 2871 550 2921 καὶ
590 2868 699 2924 τῶν
726 2872 1228 2941 πεφενακισμένων,
1266 2873 1358 2933 καί
1390 2887 1589 2943 φησιν·
1630 2892 1648 2925 ι
1675 2872 1742 2930 Oi
1773 2890 1882 2927 ara..-

306 2957 460 3029 τέρες
505 2959 660 3031 ὑμῶν
703 2961 806 3015 ποῦ
841 2963 946 3015 εἰσὶ
995 2964 1088 3023 καὶ
1140 2965 1189 3017 οἱ
1219 2965 1524 3035 προφῆταη
1558 2964 1658 3035 Μὴ
1684 2964 1766 3029 είς
1791 2963 1885 3020 τὸν

306 3047 476 3104 αἰῶνα
508 3049 803 3121 ζήσονταις
834 3071 852 3105 ι
881 3052 1105 3123 Ὅμοιον
1122 3053 1197 3116 ὡς
1216 3055 1264 3106 εἰ
1296 3052 1477 3121 λέγοι·
1520 3051 1886 3111 Ἀπολώλασιν

308 3139 358 3191 oi
388 3140 618 3212 πατέρες
647 3143 819 3213 ὑμῶν.
854 3145 946 3201 καὶ
977 3144 1135 3199 τοῦτο
1158 3144 1410 3216 οἰκτρῶς,
1434 3147 1491 3198 ἐν
1513 3146 1880 3217 αἰχμαλωσίᾳ,

1986 701 2215 755 Proinde
2260 702 2521 770 propheta
2566 700 2828 755 Jeremias
2877 701 3076 755 acriter
3124 701 3244 755 illos
3291 719 3567 759 accusans-

1984 793 2058 847 ait
2086 810 2099 846 :
2138 812 2155 843 t
2192 791 2291 859 Qui
2316 807 2396 858 es,
2428 791 2681 855 Domine,
2705 806 2834 846 ecce
2856 792 3131 861 propheta:
3156 794 3475 861 prophetam
3499 807 3570 848 et.

1983 883 2167 937 dicunt
2199 900 2213 935 :
2244 881 2356 936 Non
2388 881 2638 937 videbitis
2665 881 3004 951 gladium,.et
3030 884 3326 937 fames-non
3359 884 3463 938 erit
3499 885 3577 938 in-

1985 973 2158 1036 vobis,
2185 975 2308 1042 quia
2344 975 2622 1028 veritatem
2654 985 2707 1029 et
2742 989 2927 1043 pacem
2970 974 3114 1029 dabo
3144 976 3197 1027 in
3243 984 3385 1028 terra
3414 984 3467 1029 et
3498 976 3578 1029 in.

1983 1065 2145 1135 657
2178 1065 2293 1120 loco
2348 1065 2452 1119 isto
2475 1064 2516 1117 θ’.
2551 1083 2568 1117 ι
2624 1065 2761 1119 Deus
2808 1074 2984 1118 autem
3017 1065 3081 1118 ad
3114 1065 3224 1119 hac
3274 1084 3287 1118 :
3342 1083 3358 1115 ι
3398 1065 3574 1118 Falsa.

1985 1158 2257 1225 propheta:
2306 1156 2679 1224 prophetizunt
2722 1157 2776 1207 in
2823 1155 3041 1208 nomine
3083 1169 3201 1207 meo
3235 1171 3249 1208 :
3280 1170 3382 1208 non
3432 1156 3550 1209 misi

1985 1261 2098 1309 eos,
2143 1254 2199 1299 et
2229 1260 2334 1299 non
2363 1246 2589 1313 prmcepi
2635 1244 2713 1299 eis
2748 1262 2760 1299 :
2798 1261 2901 1299 non
2930 1245 3142 1299 locutus
3182 1260 3300 1299 sum
3330 1246 3394 1297 ad
3426 1259 3549 1310 eos;

1986 1336 2114 1404 quia
2137 1335 2374 1392 visiones
2396 1336 2708 1399 mendaces,
2733 1345 2787 1389 et
2810 1336 3188 1399 divinationes,
3217 1344 3273 1390 et
3302 1335 3551 1405 auguria.

1985 1437 2038 1479 et
2075 1424 2367 1479 electiones
2405 1424 2584 1479 cordis
2613 1425 2693 1477 sui
2741 1423 2838 1493 ipsi
2869 1426 3245 1493 prephetizant
3277 1426 3428 1479 vobis
3450 1427 3492 1477 ’.
3530 1444 3548 1477 ι

1986 1514 2124 1581 Quin
2156 1524 2211 1569 et
2240 1514 2365 1569 alibi
2402 1530 2613 1569 rursum
2646 1531 2659 1567 :
2700 1532 2718 1566 ι
2755 1514 2869 1569 Non
2918 1516 3195 1570 mittebam
3241 1517 3583 1585 prephetas,

1984 1612 2037 1658 et
2072 1604 2170 1673 ipsi
2210 1604 2533 1669 currebant;
2569 1619 2742 1675 neque
2787 1605 3046 1676 loquebar
3098 1607 3163 1660 ad
3208 1622 3323 1672 eos,
3362 1621 3415 1661 et
3447 1608 3547 1676 ipsi

1986 1694 2462 1762 prophetaliant".
2497 1712 2515 1743 ι
2574 1694 2843 1749 Seductus
2890 1703 2972 1750 est
3024 1696 3186 1765 igitur
3236 1695 3432 1757 Israel,
3500 1707 3556 1749 ut

1986 1786 2122 1847 dixi,
2165 1782 2568 1863 falsiloquorum
2602 1794 2784 1839 vatum
2834 1786 3145 1855 imposturis
3189 1786 3556 1855 itnprudeiiwr

1986 1880 2263 1947 abreptus.
2317 1876 2477 1944 Atqui
2523 1875 2578 1928 in
2626 1876 2861 1930 hostium
2907 1885 3253 1944 potestatem.
3283 1894 3582 1947 nunquam-

1984 1969 2242 2033 venisset,
2290 1974 2346 2021 et
2384 1966 2791 2021 acerbissimam
2843 1966 3282 2036 dirissimamque
3325 1969 3579 2023 servitu-.

1984 2070 2088 2115 tein
2122 2073 2228 2112 non
2272 2057 2463 2112 fuisset
2490 2065 2770 2127 expertus,
2804 2057 2846 2110 si
2883 2057 3079 2113 missos
3123 2074 3154 2112 a
3188 2059 3297 2114 Deo
3326 2066 3584 2132 prophe-.

1985 2162 2066 2208 tas
2086 2150 2474 2217 auscultasset,
2506 2150 2597 2220 qui
2620 2159 2678 2205 et
2704 2149 2830 2204 talia
2860 2150 2991 2219 ipsis
3019 2160 3277 2206 eventura
3310 2169 3558 2221 prauum-

1984 2243 2212 2307 tiabant,
2250 2252 2306 2299 et
2334 2251 2520 2311 aperte
2562 2240 2980 2308 conﬁrmabant,
3034 2244 3255 2298 omnino
3300 2259 3577 2301 sensuros.

1984 2335 2206 2399 malum,
2242 2335 2345 2391 nisi
2378 2335 2540 2391 se-rad
2562 2349 2634 2388 ea
2664 2347 2824 2401 opera
2854 2335 3156 2403 praestanda
3186 2335 3401 2402 darent,
3435 2352 3581 2406 qua»

1983 2426 2125 2482 Deus
2148 2426 2331 2482 vellet.
2372 2424 2788 2493 Quocircadllis
2820 2435 2875 2480 et
2926 2424 3119 2495 impios
3159 2429 3470 2496 prophetas,
3504 2440 3590 2484 et.

1983 2516 2052 2571 ab
2081 2517 2185 2572 illis
2212 2517 2507 2571 delusosin
2554 2514 2871 2569 memoriam
2904 2515 3121 2583 redigit,
3162 2526 3217 2571 et
3246 2517 3365 2571 ait:
3403 2537 3421 2569 ι
3457 2518 3575 2572 Pa-.

1984 2618 2099 2662 tres
2127 2608 2294 2663 vestri
2328 2608 2418 2661 ubi
2458 2615 2603 2673 sunt,
2633 2612 2705 2661 et:
2728 2606 3043 2676 prophetae?
3070 2605 3209 2662 Num
3257 2610 3310 2661 in
3354 2609 3573 2676 setnpi-.

1984 2708 2221 2753 ternum.
2249 2698 2525 2764 vivent?)
2568 2697 2636 2753 Ut
2677 2699 2723 2753 si
2774 2698 2999 2765 diceret,
3044 2699 3325 2767 perierunt
3375 2708 3579 2769 patres.

1981 2789 2168 2855 vestri,
2203 2789 2362 2858 idque
2386 2791 2749 2845 miserandum
2782 2790 2837 2844 in
2875 2793 3093 2845 modum
3128 2790 3181 2845 in
3216 2790 3578 2860 captivitatc,.

1981 2890 2036 2935 et
2065 2896 2187 2936 cum
2220 2881 2352 2951 ipsis
2394 2881 2689 2951 falsiloqui,
2723 2893 2779 2938 et
2814 2884 3155 2952 impostores,
3202 2884 3293 2953 qui
3322 2885 3556 2952 prophe-

1984 2972 2070 3027 tiae
2095 2980 2153 3026 et
2191 2987 2388 3028 nomen
2434 2981 2490 3027 et
2536 2989 2651 3029 rem
2698 2974 3165 3043 cauponabautur.
3204 2972 3358 3039 Quod
3393 2975 3441 3027 si
3474 2974 3576 3028 vi».

1980 3071 2190 3125 verent,
2238 3062 2488 3125 forsitan,
2533 3073 2789 3132 expertas
2834 3063 3170 3120 calamitates
3215 3062 3558 3118 continenter

1983 3153 2349 3222 deplorantes,
2374 3165 2429 3208 et
2450 3155 2512 3208 in
2538 3154 2799 3210 ementita
2830 3155 3088 3208 vaticinia
3121 3170 3219 3207 sua
3258 3154 3555 3209 vehemen-

307 3232 399 3282 καὶ
434 3232 530 3284 σὺν
566 3232 750 3295 αὐτοῖς
784 3235 837 3286 oi
887 3234 1203 3303 ψευδοεπείς
1245 3237 1338 3289 καὶ
1376 3235 1802 3308 πεπλανηκότες,
1831 3237 1880 3289 oi

1985 3239 2089 3293 tius
2149 3240 2490 3306 invehentes,
2535 3241 2819 3307 vostrugi
2877 3241 3256 3295 reddidissent.
3311 3240 3419 3294 Sed
3482 3241 3553 3293 illi

304 3321 367 3372 τὸ
392 3320 491 3388 τῆς
519 3323 852 3393 προφητείας
900 3324 1070 3395 δνομα
1110 3326 1427 3396 καὶχρῆμα
1462 3325 1879 3395 καπηλεύοντες.

320 3412 459 3466 Ἀλλ’
485 3414 643 3485 εἴπερ
679 3414 819 3479 ἔζων
850 3414 952 3479 ἔτι,
981 3417 1121 3484 τάχα
1173 3433 1274 3469 που
1323 3415 1564 3484 βελτίους
1600 3415 1744 3485 ὑμᾶς
1773 3415 1881 3469 ἀπ-

306 3506 531 3577 έφηναν,
558 3506 644 3561 ἀεὶ
665 3507 1096 3579 κατοιμώζοντες
1117 3507 1208 3560 ἐπὶ
1232 3509 1345 3569 τοῖς
1374 3505 1764 3576 συμϐεϐηκόσι,
1786 3505 1883 3561 καὶ

304 3600 413 3653 τῶν
459 3602 585 3667 παρ’
614 3601 794 3663 αὐτοῖς
843 3600 1143 3670 γεγονότων
1178 3598 1635 3669 ψευδοπροφητῶν
1674 3598 1734 3654 οὐ
1781 3614 1880 3670 με·

305 3689 463 3759 τρίαν
509 3692 820 3759 ποιούμενοι
871 3692 967 3762 τὴν
1014 3692 1311 3761 καταϐοήν.
1350 3690 1490 3745 Ἀλλ’
1534 3691 1735 3744 ἐκεῖνοι
1783 3690 1882 3761 μὲν

306 3782 586 3851 ῥᾳστώνης
630 3798 689 3835 τε
736 3782 867 3852 ὁμοῦ
910 3784 1001 3836 καὶ
1046 3782 1329 3846 ἀπειθείας
1374 3782 1622 3850 ὀψώνιον,
1658 3781 1719 3834 τὸ
1752 3797 1879 3836 6w—

301 3868 569 3925 διολέσθαι
596 3874 707 3935 τοῖς
745 3873 1083 3942 ήπατηκόσιν
1118 3874 1432 3944 ἐσχήκασιν.
1453 3873 1642 3942 Ὑμεῖς
1668 3870 1723 3924 δὲ
1752 3871 1880 3935 τοὺς

303 3960 410 4013 τῶν
432 3961 604 4030 ἀγίων
635 3962 929 4032 προφητῶν
958 3964 1331 4033 παραδέχεσθε
1359 3964 1572 4031 λόγους,
1605 3962 1789 4016 καὶτὰ
1812 3962 1879 4015 διἺ

303 4050 481 4105 αὐτῶν
518 4053 865 4124 θεσπίσματα
895 4053 1132 4107 ποιεῖσθε
1165 4055 1291 4123 περὶ
1320 4054 1537 4111 πολλοῦ.
1574 4054 1740 4107 Αὐτοὶ
1771 4053 1879 4124 γὰρ

303 4140 630 4212 λελαλήκασι
662 4144 755 4195 καὶ
785 4148 894 4207 τοῖς
931 4142 1036 4213 πρὸ
1060 4143 1211 4211 ὑμῶν
1232 4158 1245 4173 °
1289 4144 1440 4196 «Ὅτι
1469 4144 1876 4213 παρατέτακται

303 4231 505 4302 Κύριος
526 4230 619 4285 τοῦ
644 4234 889 4301 ποιῆσαι·
934 4250 953 4284 ι
1002 4231 1156 4303 δῆλον
1186 4232 1462 4304 δὲὸτιςτὴν
1503 4234 1879 4305 αἰχμαλωσίαν

302 4323 392 4374 καὶ
428 4322 524 4385 τὰς
571 4325 628 4374 ὲν
670 4323 851 4386 αὐτοῖς
899 4323 1317 4395 συμϐησομένας
1355 4326 1753 4398 ταλαιπωρίας·
1795 4328 1878 4379 δι-

302 4412 528 4483 ήλεγχον
550 4413 606 4465 δὲ
630 4413 873 4481 λέγοντες
901 4415 1201 4484 ἀναφανδόν
1222 4432 1234 4445 ·
1266 4416 1421 4469 (Ὅτι
1447 4417 1588 4469 κατά
1608 4419 1705 4480 τὰς
1726 4416 1877 4480 ὁδοὺς

301 4501 454 4569 ὑμῶν
497 4502 592 4554 καὶ
623 4502 693 4554 τά
725 4502 1131 4574 ἐπιτηδεύματα
1177 4505 1353 4573 ὑμῶν,
1405 4503 1576 4566 οὕτως
1624 4504 1879 4574 ἐποίησεν

1983 3330 2198 3399 quidem
2238 3330 2457 3384 inertiae
2483 3338 2536 3383 et
2574 3332 2927 3386 contumacia
2965 3346 3077 3386 sua:
3108 3330 3428 3399 stipendium
3461 3346 3573 3384 εις-ς

1983 3428 2261 3489 ceperunt,
2297 3419 2439 3489 quod
2486 3434 2608 3474 cum
2638 3419 2947 3475 illusoribns
2984 3421 3322 3476 interierunt.
3358 3421 3429 3475 At
3461 3438 3581 3475 vos,

1981 3518 2291 3567 Sanctorum
2326 3512 2714 3580 prophetarum
2759 3526 3041 3566 sermones
3086 3510 3342 3579 excipite,
3387 3519 3442 3564 et
3472 3513 3552 3563 di-

1981 3602 2100 3655 vina
2150 3613 2335 3655 eorum
2380 3600 2538 3655 etfata
2612 3603 2792 3671 magni
2826 3602 3062 3671 pendite.
3112 3600 3214 3668 lpsi
3262 3596 3457 3668 quippe
3498 3609 3553 3651 rt

1981 3689 2274 3759 majoribus
2308 3691 2504 3746 vestris
2530 3691 2694 3746 locuti
2724 3702 2850 3745 sunt
2879 3708 2892 3743 :
2929 3709 2947 3741 ι
2977 3690 3111 3756 Quia
3140 3692 3434 3742 instructus
3465 3700 3579 3742 est...

1984 3781 2244 3837 Dominus
2268 3780 2481 3835 facere:
2512 3799 2530 3832 ι
2558 3782 2742 3851 utique
2761 3781 3156 3850 captivitatem,
3174 3788 3231 3833 et
3258 3781 3273 3832 Ξ
3296 3794 3316 3832 .t
3340 3793 3402 3831 ea
3426 3793 3567 3846 per:

1984 3872 2231 3928 ferendas
2279 3886 2571 3937 arumnas,
2621 3883 2675 3927 et
2731 3869 3125 3939 redarguebant
3172 3882 3265 3923 eos
3309 3868 3570 3920 dicentes.

1982 3963 2306 4019 manifeste:
2341 3983 2358 4015 ι
2395 3964 2531 4030 Quia
2570 3964 2863 4019 secundum
2900 3962 3017 4015 vias
3060 3970 3300 4025 vestras,
3342 3959 3419 4032 [et
3449 3960 3569 4011 ad-,

1982 4053 2317 4108 inventiones
2347 4064 2555 4109 vestras
2584 4054 2735 4109 vobis
2760 4048 2938 4124 fecit.]
2969 4071 2988 4104 ι
3023 4051 3137 4106 Non
3167 4053 3308 4105 enim
3342 4062 3567 4113 temere,

1981 4145 2134 4213 pttnit
2182 4144 2556 4200 universorum
2612 4143 2782 4206 Deus,
2847 4159 3021 4214 neque
3077 4143 3259 4198 divina
3321 4150 3376 4196 et
3435 4139 3571 4197 falli.

1982 4233 2163 4287 nescia
2207 4247 2433 4289 censura
2461 4233 2594 4288 citra
2620 4247 2847 4288 examen
2891 4233 2944 4287 in
2980 4247 3301 4303 quocunque
3331 4230 3546 4298 negotio

1981 4315 2087 4377 fert
2121 4324 2446 4378 sententiam
2477 4341 2490 4376 :
2524 4323 2617 4378 sed
2653 4337 2772 4375 cum
2809 4338 2972 4388 supra
3021 4324 3236 4375 modum
3277 4320 3573 4388 patienter.

1979 4413 2319 4481 sustinuerit,
2346 4422 2486 4469 tunc.
2503 4416 2715 4468 deruunt
2746 4413 2992 4468 sontibus
3020 4426 3140 4481 quae
3173 4412 3404 4464 maxime
3434 4425 3548 4463 ine.

1982 4512 2166 4557 rentur
2200 4505 2462 4573 rependit.
2502 4505 2773 4573 Sapientis
2803 4512 2881 4559 est
2915 4504 3078 4570 igitur
3101 4511 3347 4571 prompte
3386 4502 3560 4555 obse-.

300 4589 449 4657 ὑμῖν.
484 4607 501 4639 ι
532 4588 765 4652 Κολάζει
797 4591 903 4660 γὰρ
927 4593 989 4644 οὐ
1024 4594 1194 4661 μάτην
1218 4593 1245 4642 ὁ
1278 4593 1385 4645 τῶν
1417 4592 1552 4644 ὅλων
1580 4592 1729 4658 Θεὸς,
1752 4591 1875 4647 οὔτε

1982 4596 2093 4664 qui,
2129 4604 2183 4649 et
2229 4596 2427 4649 divinis
2469 4610 2659 4664 parere
2691 4596 2916 4666 legibus,
2954 4602 3369 4661 sanctorumque
3404 4606 3542 4658 prue-

302 4678 409 4745 μὴν
442 4676 804 4732 ἀϐασάνιστον
845 4679 942 4750 τὴν
990 4680 1073 4749 ἐφ’
1106 4679 1306 4750 ὁτῳοῦν
1359 4683 1589 4734 ποιεῖται
1631 4682 1865 4755 ψῆφονὴ

298 4765 417 4819 θεία
441 4784 499 4819 τε
529 4767 625 4820 καὶ
649 4768 895 4839 ἀπλανὴς
925 4770 1017 4823 καὶ
1044 4769 1355 4839 δικαιοτάτη
1385 4769 1592 4839 κρίσις⁹
1620 4771 1870 4835 ἀνεξικα-

299 4857 512 4926 κήσασα
542 4857 598 4909 δὲ
628 4859 1004 4929 ὑπερμέτρως.
1033 4859 1152 4912 τότε
1182 4859 1267 4929 δὴ,
1285 4860 1405 4913 τότε
1424 4860 1735 4914 ταλαντεύει
1761 4866 1869 4927 τοῖς

297 4943 643 5014 ἡμαρτηκόσι
693 4946 763 4998 τά
812 4946 996 5010 αὐτοῖς
1032 4947 1112 4999 ὅτι
1144 4947 1376 5016 μάλιστα
1422 4948 1864 5019 πρεπωδέστατα.

1976 4684 2234 4739 dictiones
2282 4685 2546 4749 revereri,
2602 4694 2656 4738 et
2710 4686 2865 4739 tidem
2915 4686 3262 4741 commodare
3323 4680 3559 4741 vocibus.

1973 4772 2597 4844 spiritus,,cogitareque
2646 4790 2747 4828 non
2782 4786 2965 4842 posset
3014 4776 3383 4839 non.evenire,
3420 4788 3559 4841 th.

1977 4864 2232 4934 praedicta
2264 4867 2393 4929 sint,
2427 4875 2481 4920 et
2516 4866 2791 4922 meliorem
2829 4876 3069 4925 mentem
3093 4867 3341 4929 induere,
3378 4874 3540 4933 atque
3632 4855 3644 4860 ’

1976 4956 2041 5010 ad
2069 4958 2439 5025 paenitentiam
2466 4973 2524 5012 se
2556 4960 2824 5015 corﬂ'erre.

298 5037 466 5105 Σοφὸν
491 5034 583 5092 οὖν
613 5038 721 5108 ἄραι
743 5040 806 5095 τδ
829 5042 1062 5113 εὐήνιον,
1095 5043 1187 5096 καὶ
1222 5043 1418 5108 παντὸς
1450 5047 1595 5116 ἡμᾶς
1620 5046 1915 5115 ἀπαλλάξει
1943 5052 2112 5106 κακοῦ
2146 5054 2205 5109 τὸ
2234 5058 2343 5118 τοῖς
2407 5054 2569 5118 Θείοις
2625 5058 2851 5113 ἕπεσθαι
2910 5058 3113 5127 νόμοις,
3145 5057 3238 5108 καὶ
3275 5053 3373 5114 τὰς
3434 5054 3555 5106 τῶν·

299 5131 467 5197 ἁγίων
497 5134 921 5205 προαγορεύσεις
952 5138 1137 5207 τιμᾷν,
1169 5137 1261 5191 καὶ
1289 5139 1520 5201 πίστεως
1550 5139 1734 5204 ἀξιοῦν
1781 5142 1879 5205 τὰς
1915 5143 2009 5196 τοῦ
2063 5148 2370 5218 πνεύματος
2432 5150 2633 5219 φωνὰς,
2691 5151 3002 5213 ἐννοοῦντας
3042 5168 3099 5202 τε
3138 5151 3218 5202 ὅτι
3259 5146 3432 5213 πάντη
3482 5163 3538 5197 τε

300 5221 392 5274 καὶ
448 5221 663 5286 πάντως
716 5224 1049 5295 συμϐήσεται
1091 5224 1158 5279 τά
1210 5229 1647 5299 προηγγελμένα,
1722 5231 2186 5301 μεταπλάττεσθαι
2241 5239 2373 5307 πρὸς
2429 5240 2503 5299 to
2571 5242 2811 5311 ἄμεινον,
2895 5243 2987 5300 καὶ
3075 5236 3411 5308 μεταχωρεῖν
3462 5236 3537 5297 εἷς

300 5317 659 5385 μετάγνωσιν.

371 5410 447 5478 Τῇ
476 5411 706 5479 τετράδι
737 5411 835 5466 καὶ
862 5414 1050 5470 εΙκάδι
1098 5415 1176 5480 τῷ
1215 5416 1508 5483 ἑνδεκάτῳ
1536 5419 1682 5487 μηνὶ
1725 5415 1863 5487 (οὗ-

298 5502 398 5565 τός
422 5502 591 5555 ἐστιν
612 5506 647 5557 ὁ
669 5507 795 5572 μὴν
825 5507 1055 5574 Σαϐὰτ)
1105 5507 1174 5559 ἐν
1211 5506 1292 5571 τῷ
1314 5507 1567 5575 δευτέρῳ
1595 5508 1732 5571 ἔτει,
1764 5509 1861 5561 ἐπὶ

296 5593 557 5658 Δαρείου,
585 5594 819 5663 ἐγένετο
864 5598 1045 5665 λόγος
1089 5598 1307 5665 Κυρίου
1367 5599 1515 5665 πρὸς
1562 5600 1861 5666 Ζαχαρίαν

300 5683 403 5739 τὸν
426 5683 526 5738 τοῦ
551 5689 865 5758 Βαραχίου,
888 5684 1017 5741 υἱοῦ
1056 5689 1245 5754 Ἀδδὼ,
1281 5689 1383 5743 τὺιι·
1408 5690 1739 5758 προφήτην,
1764 5690 1859 5743 .ίέ-

367 5864 386 5889 ‘
416 5862 609 5920 Jercm.
652 5881 759 5931 xw,
792 5867 871 5921 l3.
951 5868 968 5895 θ
1005 5866 1127 5920 ibid.
1173 5866 1249 5919 li.

1333 5866 1370 5895 ¹⁰
1403 5866 1598 5921 Jerotn.
1638 5880 1788 5924 mit.
1821 5865 1906 5920 2|.

2038 5420 2397 5493 “syrtis.
2438 5421 2586 5475 7-H.
2633 5422 2837 5484 Quarta
2884 5426 2931 5468 ct
2986 5416 3228 5472 vicesima
3265 5418 3536 5473 undecimo

1970 5528 2141 5566 meme
2177 5510 2283 5579 (hic
2320 5522 2393 5564 est
2441 5513 2630 5563 mensis
2662 5506 2849 5577 Saba!)
2906 5507 2957 5559 in
3000 5509 3223 5561 secundo
3268 5525 3404 5560 anno
3442 5511 3534 5561 sub

1973 5601 2157 5665 Dario,
2209 5601 2409 5667 factum
2454 5616 2528 5654 est
2575 5598 2779 5652 t'cibum
2834 5596 3045 5650 Domini
3098 5599 3163 5650 ml
3217 5596 3534 5649 chlttti'imn

1968 5693 2130 5757 ﬁlium
2157 5692 2455 5759 Bm'acltia’,
2480 5694 2577 5761 ﬁlii
2611 5693 2776 5755 Addo,
2806 5693 3127 5761 prop/ictam,
3159 5690 3333 5740 dicens
3363 5702 3377 5735 :
3420 5684 3537 5736 Πιιέ
