4080 6284
503 455 576 510 ‘23
1490 456 1545 511 S.
1585 454 1854 512 CYRILLI
1892 451 2359 511 ALEXANDRINI
2394 453 2715 511 ARCHIEP.
3548 470 3561 481 ’
3673 462 3747 517 ει

502 568 775 639 parabolae
815 569 1160 640 evangelica.
1199 571 1291 626 Ait
1319 572 1462 627 enim
1492 572 1688 629 alicubi
1718 573 1970 630 Christus
2004 574 2069 628 de

2172 572 2331 643 λικῆς
2371 573 2685 643 παραϐολῆς
2719 572 3179 646 ήδύναμις.Ἔφη
3225 574 3336 648 γάρ
3377 593 3480 631 που
3513 576 3751 649 Χριστὸς

502 674 775 731 synagoga
826 659 1156 733 Iudaeorum,
1210 664 1310 720 sub
1360 665 1641 721 involucra
1691 665 1768 721 illi
1816 677 2075 722 eventura

503 763 926 819 pnemonstrans
954 770 969 808 :
1003 770 1022 805 ι
1051 753 1240 809 Ficum
1272 755 1503 811 habebat
1528 757 1749 827 quidam
1776 757 2075 827 plantatam

460 848 465 851 '
504 840 561 896 in
589 855 719 912 agro
770 856 870 899 suo
895 844 960 900 ".
998 864 1017 897 ι
1056 844 1229 912 Quam
1264 856 1323 902 ut
1351 847 1591 904 sterilem
1618 849 1940 905 exscindere
1980 864 2077 903 vo-

504 932 639 998 luit,
691 933 853 1003 idque
914 936 1110 992 cultori
1164 939 1346 997 vineae
1397 939 1715 994 mandavit:
1756 957 1776 991 ι
1809 938 2079 993 Exscinde

505 1022 674 1087 illam,
698 1024 875 1094 inquit
902 1042 915 1079 :
949 1034 1007 1080 ut
1038 1026 1168 1095 quid
1199 1028 1375 1083 adhuc
1405 1035 1607 1082 terram
1638 1027 1901 1098 occupat?
1936 1028 2074 1082 Tum

504 1115 683 1170 cultor
717 1135 729 1169 :
766 1118 1009 1183 Domine,
1032 1118 1149 1173 sine
1184 1119 1329 1173 illam
1369 1120 1532 1175 etiam
1567 1120 1672 1175 hoc
1700 1134 1865 1184 anno,
1900 1131 2076 1189 usque

506 1209 635 1263 dum
671 1209 870 1264 fodiam
919 1210 1063 1266 circa
1114 1211 1283 1275 illam,
1326 1220 1379 1265 et
1425 1212 1635 1266 mittam
1690 1219 1935 1266 stercora
1971 1227 1985 1264 :
2018 1216 2075 1264 et

504 1299 737 1353 fortasse
782 1298 978 1354 fecerit
1024 1299 1258 1353 fructum
1310 1299 1362 1353 in
1399 1307 1677 1369 posterum
1729 1316 1742 1351 :
1789 1298 1835 1354 si
1872 1299 2071 1362 minus,

502 1390 787 1445 exscindes
832 1404 949 1445 eam
978 1390 1043 1443 ¹⁸.
1079 1409 1098 1442 ι
1130 1388 1267 1455 Quid
1313 1390 1460 1445 enim
1502 1389 1647 1444 aliud
1690 1388 1846 1444 nobis
1888 1389 1943 1443 in
1986 1388 2073 1443 his

504 1492 733 1545 persona
792 1482 1035 1538 vinitoris
1085 1482 1348 1547 insinuat,
1394 1481 1498 1537 nisi
1539 1480 1854 1552 praefectum
1901 1495 2072 1551 ange-

502 1575 635 1641 lum,
666 1581 721 1630 et
770 1574 838 1630 ad
884 1574 1080 1644 ipsam,
1131 1582 1190 1628 ut
1231 1573 1367 1639 dixi,
1413 1573 1765 1630 erudiendam
1803 1573 2070 1629 constitu-

501 1667 661 1721 tum?
706 1666 874 1737 Igitur
927 1666 1035 1722 Deo
1074 1666 1437 1738 captivitatem
1480 1680 1624 1722 anno
1674 1666 2073 1737 septuagesimo

499 1760 1003 1826 circumscribeute,
1039 1768 1167 1814 ante
1199 1758 1253 1813 id
1297 1767 1507 1829 tempus
1537 1758 1770 1824 ﬁnitum,
1802 1757 2069 1815 silendum

498 1847 600 1903 fuit
630 1849 958 1913 necessario,
998 1863 1067 1903 ne
1092 1848 1390 1903 Dominicis
1421 1849 1642 1903 nutibus
1685 1849 1960 1904 adversari
1989 1848 2072 1903 vi-

2183 663 2312 733 περὶ
2346 664 2444 733 τῆς
2474 663 2582 716 τῶν
2608 663 2875 717 Ἰουδαίων
2906 665 3248 736 συναγωγῆς,
3284 666 3347 720 τὸ
3390 667 3580 738 μέλλον
3611 670 3749 740 αύτῆ

2184 752 2559 823 συμϐήσεσθαι
2587 754 3013 824 προαναδεικνὺς
3039 756 3452 827 αἰνιγματωδῶς
3470 774 3485 788 ο
3526 777 3544 809 ι
3571 758 3752 825 Συκῆν

2182 838 2293 912 εἶχε
2333 860 2417 906 τις
2450 844 2862 915 πεφυτευμένην
2893 846 2949 898 ἐν
2979 844 3054 915 τῷ
3080 845 3236 917 ἀγρῷ
3256 845 3443 901 αὑτοῦ.
3474 865 3493 898 ι
3533 847 3750 919 Ἐπειδὴ

2180 934 2235 987 δὲ
2266 935 2511 1003 ἄκαρπος
2540 930 2628 1006 ἦν,
2655 936 2942 989 ἐκκόπτειν
2979 937 3147 1008 αὐτὴν
3176 938 3356 1010 ήθελε,
3384 941 3475 992 καὶ
3499 938 3564 1009 δὴ
3592 938 3752 992 τοῦτο

2180 1025 2309 1096 δρᾷν
2342 1026 2557 1080 ἐκέλευε
2579 1026 2756 1094 λέγων
2778 1026 2855 1097 τῷ
2898 1028 3151 1097 γηπόνῳ·
3196 1048 3214 1080 ι
3243 1029 3512 1098 ’Ἑκκσψον
3558 1028 3751 1099 αὐτὴν,

2183 1118 2268 1170 ἵνα
2296 1118 2349 1170 τί
2375 1118 2469 1172 καὶ
2488 1117 2584 1190 τὴν
2611 1119 2720 1189 γῆν
2739 1122 3041 1191 καταργεῖ;
3084 1120 3141 1173 '0
3162 1120 3219 1174 δὲ
3242 1120 3377 1191 πρὸς
3403 1120 3560 1174 τοῦτό
3580 1135 3746 1190 φησιο

2180 1210 2373 1282 Κύριε,
2401 1211 2536 1279 ἄφες
2568 1210 2746 1282 αὐτὴν·
2771 1212 2866 1266 καὶ
2890 1211 3047 1270 τοῦτο
3079 1212 3139 1265 τὸ
3169 1212 3305 1277 ἔτος,
3335 1212 3439 1276 ἕως
3466 1212 3532 1267 ἀν
3558 1212 3749 1282 σκάψω

2180 1300 2309 1371 περὶ
2328 1300 2518 1371 αὐτὴν,
2540 1301 2633 1355 καὶ
2657 1301 2836 1371 βάλλω
2859 1302 3062 1375 κόπρια
3086 1320 3101 1334 ·
3129 1302 3232 1357 κάν
3260 1303 3359 1373 μὲν
3388 1305 3589 1375 ποιήσῃ
3615 1320 3751 1372 καρ⁹

2180 1390 2280 1445 πὸν
2302 1393 2381 1455 είς
2408 1390 2469 1444 τὸ
2494 1392 2687 1462 μέλλον
2711 1408 2725 1423 ο
2754 1394 2804 1445 ei
2827 1393 2882 1446 δὲ
2914 1394 2988 1464 μή
3018 1411 3105 1461 γε,
3137 1394 3393 1464 ἐκκόψεις
3423 1395 3614 1465 αὐτήν.
3639 1412 3657 1447 ι
3683 1394 3750 1447 Τί

2179 1482 2286 1553 γὰρ
2310 1482 2495 1552 ἕτερον
2516 1484 2653 1553 ὴμϊν
2676 1484 2733 1535 ὲν
2754 1482 2964 1546 τούτοις
2989 1483 3049 1537 τὸ
3077 1484 3169 1537 τοῦ
3196 1486 3435 1555 γηπόνου
3461 1486 3749 1556 πρόσωπον

2179 1570 2570 1635 ὑπαινίττεται,
2591 1571 2732 1642 πλὴν
2760 1571 2841 1649 δτι
2864 1572 2922 1626 τὸ
2941 1572 3037 1625 τοῦ
3062 1573 3459 1644 προεστηκότος
3493 1573 3747 1641 ἀγγέλου,

2178 1662 2273 1715 καὶ
2313 1662 2678 1731 παιδαγωγεῖν
2717 1663 2905 1735 αὐτὴν,
2934 1664 3010 1727 ὡς
3039 1664 3194 1735 ἔφην,
3231 1664 3747 1735 προστεταγμένου;

2188 1754 2500 1826 Ὀρίσαντος
2525 1750 2623 1807 οὖν
2643 1752 2738 1807 τοῦ
2763 1754 2898 1807 Θεοῦ
2927 1755 3027 1826 τῆς
3050 1754 3424 1825 αἰχμαλωσίας
3447 1756 3538 1809 τὸν
3559 1756 3749 1824 χρόνον

2176 1847 2256 1909 είς
2293 1845 2410 1910 ἔτος
2450 1845 2869 1918 ἑϐδομηκοστὸν,
2895 1845 3051 1900 οῦπω
3083 1847 3181 1916 μὲν
3207 1848 3289 1910 είς
3320 1846 3495 1916 πέρας
3522 1846 3749 1915 ἥκοντος

496 1939 741 1995 εἰει-οων.
787 1936 1056 1993 Caeterum
1109 1936 1264 1991 annis
1311 1935 1421 2004 jam
1485 1936 1815 2001 transactis,
1874 1950 2067 2005 preces

2171 1935 2262 1989 τοῦ
2292 1935 2510 2007 καιροῦ,
2540 1938 2762 2008 σιωπᾷν
2783 1932 2853 2007 ἦν
2879 1936 3192 2005 ἀναγκαῖον,
3221 1937 3297 1998 ὡς
3334 1935 3400 1989 ἂν
3448 1936 3522 2007 μὴ
3564 1934 3747 2005 δοκοίη

500 2028 679 2085 fundit
702 2027 1049 2099 suppliciter:
1067 2025 1488 2096 oﬂensionisque
1506 2028 1814 2097 suspicione
1833 2026 2066 2092 sublata,

497 2133 620 2175 cum
668 2120 806 2175 sciat
860 2118 1149 2175 Dominum
1196 2118 1412 2175 mentiri
1441 2119 1571 2186 :non
1618 2132 1797 2189 posse,
1858 2119 2069 2174 discere

498 2212 645 2283 cupit
670 2211 829 2285 θαι
863 2220 1042 2266 utrum
1084 2210 1208 2265 irati
1249 2210 1508 2276 vindicta,
1533 2209 1685 2280 juxta
1719 2218 1875 2266 vetus
1902 2210 2069 2266 bene-

495 2303 757 2374 placitum
812 2303 869 2358 in
918 2317 1119 2358 annum
1177 2302 1633 2373 septuagesimum
1690 2301 2064 2366 extendenda,

497 2396 719 2466 perinde
746 2394 994 2461 cessarit,
1027 2395 1170 2451 sicut
1220 2408 1449 2466 peccare
1495 2394 1777 2459 desierint,
1817 2395 1909 2465 qui
1940 2409 2068 2465 pec-

495 2490 702 2547 cabant
733 2507 751 2546 :
782 2504 852 2545 an
890 2489 1029 2545 ultra
1060 2488 1236 2544 adhuc
1264 2487 1609 2559 proferenda,
1654 2488 1853 2544 additis
1874 2502 2067 2559 pecca-

497 2584 567 2641 tls
600 2581 774 2646 novis,
820 2589 876 2637 et
913 2579 1249 2650 proroganda
1281 2578 1458 2635 adhuc
1505 2578 1559 2633 in
1593 2577 1811 2646 longum
1845 2576 2068 2633 calami-

493 2686 598 2730 tas.
627 2673 837 2730 Idcirco
864 2673 939 2728 ait
965 2690 979 2728 :
1018 2691 1037 2725 ι
1069 2673 1361 2741 Quousque
1389 2685 1495 2727 non
1540 2670 1887 2726 misereberis
1910 2669 2068 2726 Jeru-

492 2767 699 2832 salem,
760 2773 817 2821 et
873 2765 1153 2822 civitatum
1213 2762 1366 2819 Judae
1422 2762 1785 2835 neglectarum
1831 2760 1946 2831 jam
1997 2761 2066 2817 ad

493 2866 692 2912 annum
730 2871 901 2927 usque
933 2853 1427 2928 septuagesimum?
1458 2872 1478 2906 ι

559 3028 826 3098 Quocirca
888 3042 984 3099 spe
1014 3028 1160 3083 bona
1188 3036 1242 3083 et
1266 3026 1545 3099 explorata
1568 3033 1945 3083 sustentantur
1970 3025 2062 3094 qui

488 3116 657 3177 Deum
686 3120 887 3185 colunt,
911 3120 1054 3189 quod
1082 3120 1130 3174 si
1174 3118 1462 3188 contigerit
1500 3116 1774 3174 olfendere
1797 3131 1859 3173 ex
1911 3118 2064 3173 inﬁr-

426 3243 433 3253 ι
488 3212 698 3277 mitate,
733 3225 854 3267 esse
882 3211 977 3281 qui
1007 3210 1149 3281 apud
1187 3210 1356 3265 Deum
1390 3224 1491 3278 pro
1546 3208 1680 3279 ipsis
1732 3208 2060 3280 supplicent,

489 3316 595 3354 non
618 3301 864 3356 homines
892 3308 1121 3366 tantum,
1141 3299 1234 3355 sed
1264 3300 1426 3356 etiam
1445 3299 1589 3368 ipsos
1613 3306 1833 3355 sanctos
1849 3299 2069 3371 angelos
2090 3299 2115 3371 ξ

490 3389 582 3458 qui
614 3388 783 3442 Deum
811 3388 999 3443 mitem
1021 3397 1077 3442 et
1102 3389 1372 3455 placidum
1417 3391 1663 3455 reddant,
1697 3405 1793 3447 sua
1833 3391 2069 3459 puritate

488 3485 546 3534 et
594 3476 901 3532 innocentia
940 3475 1060 3545 ejus
1100 3474 1210 3529 iras
1264 3477 1539 3541 sedantes,
1603 3486 1661 3530 et
1702 3477 2065 3545 indignantem

484 3568 720 3637 judicem
744 3567 811 3623 ad
840 3565 1225 3637 ignoscendum
1244 3564 1643 3633 quodammodo
1664 3564 2066 3632 compellantes.

492 3659 691 3715 Verum
715 3666 824 3713 tum
844 3657 1061 3728 quidem
1083 3655 1307 3726 angelus
1338 3670 1444 3725 pro
1469 3668 1740 3727 synagoga
1761 3652 2067 3709 ludmorum

489 3748 711 3819 supplex
744 3748 925 3805 ﬁebat.
957 3747 1069 3804 Nos
1106 3755 1287 3804 autem
1324 3746 1511 3802 ﬁdeles
1552 3757 1609 3802 et
1655 3743 1977 3801 sanctiﬁcati
2002 3744 2068 3799 de

488 3849 689 3897 caetero
716 3840 769 3894 in
786 3839 999 3908 spiritu,
1022 3856 1041 3891 ι
1064 3842 1381 3894 advocatum
1413 3837 1673 3892 habemus
1692 3835 1831 3904 apud
1851 3834 2067 3888 Patrem

488 3930 675 3986 Jesum
697 3929 996 3998 Christum,
1022 3937 1077 3985 et
1103 3929 1218 4000 ipse
1241 3938 1327 3984 est
1351 3926 1660 3997 propitiatio
1685 3942 1787 3997 pro
1833 3927 2068 3997 peccatis

491 4023 735 4079 nostris:
772 4036 872 4078 nec
899 4034 999 4091 pro
1025 4021 1226 4076 nostris
1263 4026 1492 4083 tantum,
1519 4020 1613 4074 sed
1642 4026 1697 4074 et
1755 4032 1855 4088 pro
1904 4019 2068 4073 totius

491 4113 678 4169 mundi
710 4114 812 4167 ι’.»
847 4112 911 4167 Et
935 4120 997 4167 ut
1031 4111 1245 4166 divinus
1274 4109 1471 4165 Paulus
1498 4110 1757 4179 scriptum
1806 4110 2063 4180 reliquit:

494 4223 517 4258 ι
545 4206 728 4277 Ipsum
748 4204 928 4275 posuit
952 4204 1091 4258 Deus
1113 4200 1546 4271 propitiationem
1568 4216 1664 4272 per
1693 4201 1850 4258 ﬁdem
1874 4202 1975 4269 ",3
2001 4200 2068 4258 li-

490 4296 768 4353 berantem
798 4309 827 4350 a
858 4294 1094 4365 peccatis
1122 4293 1187 4349 ad
1214 4293 1386 4363 ipsum
1421 4295 1762 4352 accedentes.

2170 2028 2521 2091 Δεσποτικοῖς
2554 2028 2869 2096 ἀντεξάγειν
2914 2027 3165 2098 νεύμασι.
3216 2026 3643 2099 Πεπερασμένου
3690 2025 3748 2078 δὲ

2169 2116 2272 2188 ἥδη
2325 2116 2417 2171 τοῦ
2469 2118 2684 2191 καιροῦ,
2716 2121 2951 2174 ποιεῖται
2996 2118 3097 2183 τάς
3142 2118 3321 2184 λιτάς,
3371 2118 3467 2171 καὶ
3509 2116 3610 2187 τῆς
3652 2114 3748 2168 τοῦ

2170 2208 2531 2279 προσκρούειν
2558 2209 2791 2279 ὑποψίας
2823 2210 2889 2263 ὲκ
2921 2210 3088 2279 μέσου
3116 2208 3509 2279 γεγενημένης,
3541 2204 3749 2275 ἀψευδῆ

2166 2299 2224 2353 δὲ
2256 2299 2387 2354 ὄντα
2408 2299 2499 2355 τὸν
2525 2301 2805 2371 Δεσπότην
2837 2299 3012 2368 είδὼς,
3052 2301 3356 2371 ἀναμαθιῖν
3385 2300 3548 2364 ἀξιοῖ,
3583 2297 3747 2351 πότοι

2171 2408 2261 2462 ρον
2311 2393 2769 2464 συμπεπέρασται
2821 2393 2934 2456 τοῖς
2984 2392 3333 2463 ἡμαρτηκόσι
3378 2390 3449 2444 τά
3489 2389 3547 2455 ἐξ
3575 2388 3748 2458 ὀργῆς

2168 2483 2310 2537 κατὰ
2355 2484 2417 2537 τὸ
2465 2484 2634 2539 πάλαι
2666 2483 2859 2541 δοκοῦν
2901 2485 2983 2548 είς
3035 2484 3154 2547 ετος
3200 2484 3267 2537 τδ
3304 2480 3702 2552 ἑϐδομηκοστόν
3726 2497 3746 2514 '

2166 2575 2332 2645 ἤγουν
2358 2573 2510 2628 ἔσται
2546 2591 2632 2638 τις
2661 2573 2827 2645 ἑτέρα
2851 2573 3013 2628 πάλιν
3033 2571 3332 2642 ἀνάϐλησις
3351 2569 3745 2642 προστεθειμέι

2166 2682 2271 2720 νων
2300 2663 2602 2737 ἁμαρτιῶν,
2634 2665 2728 2719 καὶ
2751 2665 2831 2727 είς
2855 2665 3029 2735 μῆκος
3051 2663 3132 2717 ἔτι
3161 2662 3231 2717 τά
3247 2663 3348 2733 τῆς
3371 2660 3747 2733 ταλαιπωρίας

2166 2757 2348 2822 αὐτοῖς
2380 2756 2698 2810 ἐκτείνεται.
2741 2754 3007 2827 Ταύτῃτοί
3041 2771 3237 2826 φησιν·
3282 2754 3458 2817 (Ἕως
3504 2753 3649 2816 τίνος
3680 2750 3746 2804 ού

2169 2849 2244 2920 μὴ
2289 2848 2488 2921 ἐλεήσῃ
2531 2848 2630 2919 τὴν
2661 2847 3017 2919 Ἰερουσαλὴμ
3069 2847 3162 2901 καὶ
3203 2845 3304 2909 τάς
3352 2845 3452 2915 τῆς
3483 2843 3745 2906 Ἰουδαίας

2166 2941 2349 3005 πόλεις
2366 2932 2826 3012 ὗπερεωραμένας
2847 2939 2948 3010 ’ήδη
2964 2938 3123 2993 τοῦτο
3141 2936 3534 3009 ἑϐδομηκοστὸν
3549 2936 3665 2999 ἔτος
3683 2952 3696 3000 ;
3719 2953 3741 2985 ›

2235 3029 2423 3093 Ἐλπὶς
2456 3024 2550 3083 οῦν
2584 3027 2693 3099 ἀρα
2726 3030 2839 3091 τοῖς
2873 3027 3184 3098 σεϐομένοις
3220 3026 3353 3080 Θεὸν
3380 3025 3614 3097 χρηστὴ,
3647 3025 3743 3077 καὶ

2164 3121 2264 3175 οὐκ
2300 3120 2619 3193 ἀμφίϐολος,
2662 3120 2739 3184 ὡς
2758 3122 2807 3173 si
2840 3119 3014 3192 δήπου
3060 3120 3271 3189 γένοιτο
3307 3116 3665 3189 προσκρούειν
3687 3113 3747 3181 ἐξ

2169 3212 2473 3277 ἀσθενείας,
2502 3212 2616 3266 ἀλλ’
2647 3207 2739 3265 οὖν
2769 3210 2953 3281 ἔχουσι
2982 3210 3133 3281 παρὰ
3155 3209 3273 3280 Θεῷ
3294 3210 3421 3272 τοὺς
3452 3208 3746 3278 λιπαροῦν-

2167 3318 2268 3365 τας
2315 3300 2455 3371 ὑπὲρ
2496 3300 2727 3366 ἑαυτῶν,
2754 3301 2855 3353 οὐκ
2899 3298 3219 3370 ἀνθρώπους
3267 3298 3447 3365 μόνον,
3478 3296 3615 3351 ἀλλά
3653 3298 3746 3350 καὶ

2167 3375 2363 3456 αὐτοὺς
2408 3391 2534 3456 τοὺς
2584 3392 2773 3460 ἁγίους
2819 3390 3105 3459 ἀγγέλους,
3154 3390 3204 3443 οἳ
3252 3389 3499 3459 προσηνῆ
3545 3405 3603 3440 τε
3650 3387 3746 3441 καὶ

2172 3482 2436 3551 μειλίχιον
2480 3480 2806 3534 ἀποτελοῦσι
2831 3479 2985 3543 Θεὸν,
3009 3483 3074 3549 τῇ
3114 3479 3219 3547 tu;
3248 3478 3581 3547 καθαρότητι
3613 3494 3747 3530 κατ-

2168 3570 2484 3633 ευνάζοντες
2515 3568 2615 3631 τὰς
2641 3568 2831 3642 ὀργὰς,
2865 3568 2961 3619 καὶ
2997 3567 3280 3629 οἱονείπως
3307 3566 3744 3631 ὲκδυσωποῦντες

2169 3660 2507 3730 ἀσχάλλοντα
2533 3659 2624 3712 τὸν
2652 3658 2868 3730 κριτήν.
2887 3657 3045 3713 Ἀλλά
3067 3657 3189 3711 τότε
3217 3658 3315 3729 μὲν
3342 3657 3569 3725 ἄγγελος
3603 3658 3746 3729 ὑπὲρ

2166 3751 2269 3822 τῆς
2320 3750 2429 3803 τῶν
2458 3748 2728 3803 Ἰουδαίων
2774 3750 3094 3819 συναγωγῆς
3143 3751 3379 3802 ἐποιεῖτο
3421 3749 3520 3813 τάς
3565 3750 3742 3813 λιτάς.

2180 3842 2370 3913 Ἡμεῖς
2401 3842 2480 3908 δὲ,
2516 3842 2564 3894 οἱ
2595 3839 3040 3905 πεπιστευκότες,
3076 3840 3171 3893 καὶ
3200 3838 3521 3909 ἡγιασμένοι
3554 3839 3742 3893 λοιπὸν

2168 3937 2227 3990 ὲν
2255 3934 2543 4004 πνεύματι,
2578 3953 2597 3985 ι
2628 3933 2984 4005 ωράκλητον
3017 3934 3212 4004 ἔχομεν
3242 3931 3377 4001 πρὸς
3406 3931 3497 3984 τὸν
3523 3931 3743 4001 Πατέρα

2180 4024 2389 4096 Ἰησοῦν
2436 4023 2691 4095 Χριστὸν,
2720 4024 2814 4076 καὶ
2862 4023 3022 4086 αὐτὸς
3056 4022 3281 4092 ἱλασμός
3313 4022 3428 4075 ἔστι
3465 4021 3593 4092 περὶ
3633 4020 3743 4074 τῶν

2169 4114 2450 4185 ἁμαρτιῶν
2483 4113 2670 4185 ἠμῶνο
2726 4114 2788 4167 ού
2841 4113 2972 4184 περὶ
3003 4112 3113 4167 τῶν
3155 4112 3439 4184 ἡμετέρων
3468 4112 3524 4165 δὲ
3559 4111 3741 4181 μόνον,

2167 4206 2303 4262 ἀλλά
2329 4206 2458 4275 περὶ
2469 4206 2591 4258 ὅλου
2607 4205 2700 4258 τοῦ
2722 4204 2947 4274 κόσμου.
2975 4223 2994 4257 ι
3016 4204 3125 4259 Καὶ
3141 4203 3217 4267 ὼς
3246 4206 3275 4257 ό
3299 4204 3582 4267 θεσπέσιος
3603 4204 3742 4275 γρά-

2168 4314 2260 4365 φει
2308 4294 2556 4359 Παῦλος,
2612 4312 2632 4345 ι
2659 4293 2832 4347 Αὐτὸν
2886 4293 3193 4365 ἱλαστήριον
3225 4295 3254 4347 ὁ
3300 4293 3431 4357 Θεὸς
3478 4292 3630 4346 ἔθετο
3653 4293 3743 4347 διά

2169 4388 2423 4454 πίστεως,
2462 4404 2480 4438 ι
2506 4384 2786 4458 ἁμαρτιῶν
2830 4384 3239 4440 ἀπαλλάττοντα
3264 4385 3389 4448 τοὺς
3418 4383 3740 4455 προσιόντας

2167 4478 2337 4533 αὐτῶ.

563 4572 729 4630 Vens.
753 4571 940 4626 ΕΗΒ.
973 4568 1040 4623 Et
1100 4567 1373 4638 respondit
1408 4565 1663 4633 Dominus
1738 4566 2062 4633 omnipotens

2236 4570 2347 4627 Καὶ
2387 4570 2676 4640 ἀπεκρίθη
2704 4568 2922 4635 Κύριος
2954 4565 3373 4635 παντοκράτωρ
3402 4563 3482 4630 τῷ
3508 4562 3742 4634 ἀγγέλῳ

490 4668 676 4737 angelo
704 4664 795 4734 qui
827 4661 1136 4732 loquebatur
1169 4659 1227 4712 in
1256 4675 1361 4722 me,
1395 4657 1550 4711 verba
1592 4657 1751 4718 bona,
1782 4664 1831 4709 et
1869 4669 2067 4709 semo-

491 4775 581 4812 ues
629 4754 1026 4811 consolatorios.
1077 4748 1146 4804 Et
1190 4750 1324 4804 dixit
1368 4749 1438 4803 ad
1488 4764 1570 4802 me
1614 4747 1831 4817 angelus
1866 4746 1954 4815 qui
1989 4745 2067 4798 lo-

488 4849 746 4920 quebatur
770 4846 825 4900 in
851 4860 933 4899 me
959 4841 1204 4906 :Clanta,
1229 4841 1444 4895 dicens:
1471 4838 1600 4893 Haec
1636 4836 1765 4899 dicit
1814 4835 2065 4889 Dominus

491 4941 814 5009 amnipotens
845 4950 864 4989 :
898 4935 1077 4990 Zelavi
1123 4932 1441 4998 Jerusalem,
1474 4941 1521 4985 et
1554 4929 1683 4985 Sion
1720 4927 1829 4982 selo
1857 4941 2066 4996 magno,

490 5042 538 5086 et
572 5034 654 5087 ira
680 5046 872 5102 magna
895 5045 989 5099 ego
1009 5028 1211 5081 irascor
1237 5040 1393 5093 super
1421 5032 1593 5094 gentes
1617 5018 2067 5089 superinpositae.

493 5123 598 5177 Pro
633 5138 697 5178 eo
713 5123 855 5194 quod
894 5135 996 5191 ego
1040 5118 1250 5189 quidem
1296 5117 1465 5169 iratus
1502 5129 1619 5169 sum
1658 5113 1936 5176 modicum,
1970 5111 2069 5181 ipsi

493 5226 610 5269 vero
660 5214 823 5271 simul
875 5212 1221 5267 iucubuerunt
1263 5208 1322 5261 in
1373 5206 1538 5259 maia.

564 5402 680 5457 Vll.
720 5402 860 5457 Vere
881 5402 1127 5466 dicimus,
1160 5398 1312 5470 juxta
1338 5410 1527 5452 vocem
1573 5392 1881 5454 Psallentis,
1912 5410 1932 5443 ι
1971 5389 2068 5445 Mi-

494 5496 731 5553 sericors
759 5501 814 5548 et
842 5495 1141 5547 miserator-
1187 5489 1446 5544 Dominus
1478 5487 1523 5520 “
1550 5505 1569 5539 ι
1599 5494 1661 5541 ει·
1719 5486 1835 5553 ipsa
1887 5494 2067 5537 rerum

494 5586 822 5660 experientia
860 5584 1059 5639 clamat
1092 5583 1165 5635 ita
1193 5595 1249 5636 se
1282 5582 1501 5644 habere,
1519 5593 1624 5634 non
1659 5577 1836 5631 aliter.
1866 5572 2066 5629 Obser-

496 5688 559 5733 va
591 5677 735 5733 enim
768 5674 1036 5745 quomodo
1055 5670 1323 5739 extemplo
1343 5670 1593 5726 exaudiat
1617 5682 1805 5738 preces
1843 5680 1942 5734 pro
1976 5679 2066 5719 ve-

575 5851 616 5889 "
655 5853 786 5913 Luc.
819 5866 938 5919 xm,
970 5852 1019 5907 ϐ.
1102 5850 1141 5882 ’⁸
1180 5848 1308 5906 ibid.
1343 5845 1453 5900 7-9.
1534 5845 1573 5874 ”
1608 5839 1804 5898 lJoan.
1842 5857 1898 5906 ιι,
1941 5840 1987 5907 1,
2016 5839 2070 5895 2.

2162 4662 2244 4729 τῷ
2282 4662 2575 4717 λαλοῦντι
2616 4661 2688 4715 ἐν
2727 4657 2877 4729 ἐμοὶ,
2900 4657 3138 4725 ῥήματα
3168 4655 3345 4719 καλὰ,
3375 4655 3473 4707 καὶ
3515 4655 3739 4722 λόγους

2165 4751 2667 4819 παρακλητικούς.
2700 4748 2811 4802 Καὶ
2857 4746 2987 4799 εἷπε
3036 4743 3185 4811 πρός
3221 4758 3299 4810 με
3349 4744 3383 4795 ὁ
3427 4742 3678 4811 ἄγγελος
3707 4746 3741 4797 ὁ

2164 4840 2371 4895 λαλῶν
2406 4840 2477 4892 ἐν
2515 4839 2679 4909 ἐμοί’
2731 4834 3048 4904 Ἀνάκραγε
3086 4832 3280 4902 λέγων
3302 4846 3316 4860 ·
3377 4830 3522 4885 Τάδε
3579 4832 3742 4901 λέγει

2166 4932 2379 4999 Κύριος
2415 4928 2834 4997 παντοκράτωρ
2854 4941 2868 4955 ·
2933 4923 3224 4991 Ἐξήλωκα
3266 4922 3380 4991 τὴν
3436 4922 3739 4992 Ἰερουσα-

2164 5025 2310 5090 λὴμ,
2324 5020 2422 5075 καί
2445 5019 2560 5087 τὴν
2568 5019 2725 5073 Σιὼν
2743 5018 2929 5087 ζῆλον
2935 5015 3144 5086 μέγαν,
3161 5014 3256 5068 καί
3272 5012 3460 5083 ὀργὴν
3467 5013 3742 5084 μεγάλην

2167 5110 2462 5182 ὀργίζομαι
2508 5110 2609 5163 ἐπὶ
2654 5109 2727 5162 τὰ
2765 5108 2909 5175 ἔθνη
2944 5107 3017 5161 τὰ
3045 5105 3741 5174 συνεπιτιθέμενα.Ἀνθ’

2165 5198 2251 5257 ὧν
2300 5202 2414 5272 ἐγὼ
2461 5200 2578 5270 μὲν
2621 5199 2918 5269 ὠργίσθην
2968 5198 3162 5267 ὀλίγα,
3192 5195 3362 5252 αὐτοὶ
3406 5195 3476 5250 δὲ
3511 5209 3740 5250 συνεπ-

2166 5292 2372 5348 έθεντο
2409 5293 2495 5357 είς
2528 5288 2704 5344 κακά.

2238 5384 2310 5437 Ζ⁴.
2354 5382 2578 5451 musa;
2629 5381 2823 5444 εἰπεῖν,
2855 5380 2938 5432 ὅτι
2988 5380 3131 5432 κατά
3162 5378 3263 5451 τὴν
3308 5376 3401 5431 τοῦ
3437 5376 3739 5439 Ψάλλοντος

2167 5476 2372 5546 φωνὴν,
2409 5493 2433 5525 ι·
2458 5471 2769 5543 Οίκτίρμων
2795 5469 2890 5525 καὶ
2936 5471 3185 5541 ἐλεήμων
3227 5472 3257 5523 ό
3308 5470 3535 5538 Κύριος,
3569 5487 3588 5520 ι
3645 5468 3741 5520 καὶ

2167 5569 2303 5638 αὐτὴ
2339 5569 2396 5622 δὲ
2429 5566 2538 5620 τῶν
2575 5565 2915 5636 πραγμάτων
2941 5565 2974 5634 ἡ
3004 5567 3167 5634 πεῖρα
3193 5562 3527 5633 διαϐοήσειεν
3554 5561 3640 5625 ἂν,
3664 5561 3738 5622 ὠς

2163 5653 2267 5715 ὧδέ
2300 5676 2357 5712 τε
2409 5658 2541 5729 ἔχει,
2572 5658 2667 5711 καὶ
2700 5656 2798 5727 οὐχ
2834 5654 3255 5726 ἑτέρως.”Αθρει
3287 5654 3395 5725 γὰρ
3418 5653 3563 5717 ὅπως
3589 5652 3738 5722 δέκεο

2147 5840 2191 5872 ³ο
2221 5838 2379 5895 Bom.
2411 5852 2488 5905 nr,
2516 5835 2605 5890 25.
2683 5837 2723 5868 “
2759 5833 2899 5891 Psal.
2930 5848 3027 5900 cu,
3053 5833 3103 5888 8.
