4080 6284
365 425 441 487 ‘15

1179 424 1733 521 COMMENTARIUS
1781 428 1847 484 IN
1889 428 2295 486 ZACHARIAM
2336 427 2776 485 PROPHETAM.

3492 416 3617 489 ιδ

368 563 459 600 ται
495 542 831 615 παραχρῆμα
860 540 957 606 τὰς
987 541 1140 606 λιτὰς
1168 542 1267 607 τὰς
1301 544 1443 615 ὑπέρ
1485 560 1549 613 γε
1587 544 1695 597 τῶν
1733 555 1941 616 πεπρα-
1971 582 1979 606 λ

2062 547 2185 601 tatis
2237 553 2291 601 et
2323 545 2570 601 contritis
2604 544 2657 598 in
2697 541 2981 612 peregrino
3008 542 3143 608 solo,
3179 547 3235 596 et
3291 542 3617 611 captivitatis

369 636 540 706 χότων
569 633 785 699 άθλίως,
821 634 914 687 καὶ
942 624 1417 705 συντετριμμένων
1440 636 1499 689 ὲν
1526 635 1820 707 ἀλλοδαπῇ,
1845 638 1938 690 καὶ

2064 651 2224 704 ugum
2257 635 2530 701 auferens,
2552 644 2607 690 et
2642 634 2880 704 rogantis
2908 634 3221 703 petitionem
3268 632 3440 689 ferme
3478 648 3617 702 pra:-

370 723 461 775 τὸν
505 722 600 792 τῆς
647 721 1021 792 αἰχμαλωσίας
1060 723 1416 777 ἀπαλλάττων
1464 724 1645 793 ζυγὸν,
1681 724 1839 795 μόνον
1880 725 1940 778 δὲ

368 811 487 881 οὐχὶ
529 810 622 865 τοῦ
670 810 1116 884 παρακαλοῦντος
1160 814 1349 882 φθάνει
1404 814 1505 884 τὴν
1546 813 1791 885 αἴτησιν,
1847 817 1941 869 καὶ

369 902 722 974 ἀποκρίνεται
754 904 1096 975 παραχρῆμα
1130 922 1150 956 ι
1182 906 1399 976 ῥήματα
1428 906 1585 971 καλὰ,
1619 908 1715 960 καὶ
1750 907 1942 971 λόγους

370 993 815 1065 παρακλητικούς
834 1012 848 1027 ο
882 1013 901 1046 ι
929 996 1374 1067 παρακλητικοὺς
1405 997 1462 1049 δέ
1485 1014 1628 1067 φημι
1660 999 1787 1061 τοὺς
1814 999 1945 1052 άναι

371 1086 670 1156 κτήσασθαί
695 1101 756 1139 τε
788 1086 885 1139 καὶ
919 1088 1296 1157 παρακαλέσαι
1323 1088 1653 1159 δυναμένους
1686 1090 1812 1153 τοὺς
1844 1101 1945 1142 πε-

373 1176 694 1246 πονηκότας.
741 1176 880 1245 Παρ’
901 1177 1022 1231 ὅλον
1064 1177 1171 1249 γὰρ
1216 1179 1314 1247 τῆς
1357 1179 1735 1248 αἰχμαλωσίας
1766 1178 1946 1234 αὐτῶν

371 1265 463 1321 τὸν
493 1266 686 1339 καιρὸν
719 1266 780 1319 οὐ
807 1267 959 1338 ῥῆμα
986 1268 1127 1337 τάχα
1160 1285 1262 1322 που
1291 1269 1529 1340 χρηστὸν
1555 1269 1812 1341 εἰρηκὼς,
1849 1272 1946 1341 οὑχ

376 1356 564 1429 ἑτέρου
590 1357 736 1423 τινος
762 1358 873 1412 τῶν
900 1359 1238 1430 παρακαλεῖν
1266 1359 1533 1414 εἰωθότων
1576 1360 1816 1424 ἀξιώσας
1847 1362 1947 1414 αὐ-

374 1449 526 1514 τοὺς,
551 1449 776 1520 ἄρχεται
810 1451 1190 1522 χρηστοεπετν,
1222 1453 1315 1505 καὶ
1358 1452 1458 1522 τῆς
1493 1451 1581 1503 ἐπ’
1606 1453 1788 1515 αὐτοῖς
1812 1454 1948 1522 ήμει

380 1541 602 1610 ρότητος
618 1540 1019 1595 καταϐάλλεται
1044 1541 1143 1611 τὴν
1172 1542 1366 1613 ἀρχήν.
1387 1543 1479 1595 Ἐκ
1506 1541 1861 1613 περιχαρείας
1883 1541 1949 1613 δὴ

2043 727 2283 790 veniens,
2310 736 2365 781 et
2392 740 2513 781 mox
2541 725 2873 794 respondens
2911 742 2929 775 ι
2955 723 3115 778 verba
3144 723 3305 787 bona,
3330 732 3378 777 et
3412 738 3620 779 sermo-

2044 830 2141 871 nes
2178 814 2566 870 consolatorios
2589 829 2603 867 :
2625 830 2646 865 ι
2680 813 3099 878 consolatorios,
3139 814 3379 882 inquam,
3407 813 3496 883 qui
3532 828 3620 868 re-

2044 920 2229 961 creare
2274 915 2328 960 et
2362 904 2693 975 permulcere
2718 903 2943 959 amictus
2979 915 3220 973 possent.
3264 902 3400 959 Toto
3449 905 3622 973 siqui-

2043 997 2162 1052 dem
2186 997 2348 1067 662
2371 1005 2612 1065 tempore
2661 996 3009 1066 captivitatis,
3046 1011 3165 1050 cum
3202 996 3447 1050 fortassis
3474 995 3620 1049 nullo

2044 1101 2137 1142 eos
2169 1087 2273 1141 leni
2309 1087 2470 1143 verbo
2491 1087 2708 1152 affatus,
2751 1102 2851 1142 nec
2887 1087 2993 1142 alio
3038 1088 3291 1156 quopiam
3316 1087 3457 1156 quod
3483 1088 3625 1141 sola-

2048 1178 2121 1232 tio
2145 1191 2266 1232 esse
2296 1187 2498 1248 posset,
2530 1179 2777 1248 dignatus
2804 1177 3017 1244 fuisset,
3048 1177 3237 1248 incipit
3265 1176 3456 1232 blande
3477 1176 3622 1246 loqui

2044 1282 2096 1327 et
2125 1272 2554 1328 mansuetudinis
2586 1283 2696 1326 sua
2725 1272 2776 1326 in
2821 1273 2968 1341 ipsos~
2994 1272 3317 1342 principium
3367 1272 3620 1340 capessit.

2044 1362 2119 1414 ἐκ
2152 1362 2351 1431 ingenti
2384 1361 2549 1432 igitur
2582 1360 2765 1415 laetitia
2797 1360 3010 1416 divinus
3043 1362 3269 1431 angelus
3316 1360 3624 1416 exclamare

2045 1452 2319 1521 propheta:
2344 1451 2540 1505 dehinc
2558 1451 2859 1519 jubet,eta
2895 1450 3004 1505 Deo
3044 1451 3185 1507 dicta
3218 1451 3621 1508 communicare

2046 1557 2167 1599 eum
2200 1542 2471 1598 omnibus.
2506 1540 2684 1611 lnquit
2711 1542 2893 1596 enim:
2930 1560 2948 1594 ‹
2988 1540 3203 1596 Zelatus
3246 1556 3363 1597 sum
3397 1540 3620 1595 Jerusa-

377 1624 470 1682 οὖν
514 1629 613 1699 τῆς
662 1629 800 1699 άγαν
850 1631 880 1683 ὀ
928 1630 1213 1696 θεσπέσιος
1260 1632 1489 1701 ἄγγελος
1528 1634 1949 1706 διακεκραγέναι

2062 1646 2153 1687 rem
2177 1633 2293 1688 zelo
2322 1647 2539 1704 magno,
2564 1651 2585 1684 ιι
2643 1647 2750 1687 non
2782 1634 2835 1687 in
2875 1633 3045 1703 ipsam
3086 1632 3258 1687 zelum
3324 1629 3623 1694 effundens,

377 1718 558 1771 λοιπὸν
600 1717 679 1788 τῷ
722 1719 975 1790 προφήτῃ
1013 1721 1372 1791 προστέταχε,
1406 1722 1502 1776 καὶ
1551 1722 1818 1776 διακονεῖν
1870 1723 1951 1784 εἰς

2062 1725 2317 1796 quomodo
2344 1732 2599 1789 etantea,
2653 1736 2773 1779 cum
2823 1725 2877 1778 in
2944 1724 3235 1794 religiones
3290 1731 3623 1778 monstrosas

378 1809 621 1875 ἅπαντας
651 1811 723 1865 τὰ
754 1812 904 1883 παρά
933 1812 1090 1881 Θεοῦ.
1128 1833 1147 1866 ι
1170 1813 1531 1885 Ἐζηλωκέναι
1556 1815 1666 1885 γάρ
1696 1831 1829 1885 φησι
1853 1813 1951 1885 τὴν

2062 1817 2398 1871 transversim
2430 1815 2674 1878 abiisset,
2690 1814 2782 1869 sed
2807 1829 2904 1883 pro
2932 1815 3045 1882 ipsa
3078 1814 3129 1869 iu
3162 1821 3479 1875 vastatores,
3503 1812 3623 1881 qni-

391 1902 752 1974 ⁹Ιερουσαλὴμ
779 1902 939 1973 ζῆλον
976 1904 1170 1974 μέγαν,
1203 1923 1222 1956 ι
1256 1906 1355 1958 οὐκ
1380 1905 1517 1976 αὐτῇ
1550 1905 1641 1958 τὸν
1673 1904 1835 1974 ζῆλον
1864 1905 1953 1957 ὲν-

2062 1909 2153 1963 bus
2178 1914 2313 1963 etse
2346 1907 2544 1961 iratum
2581 1906 2673 1971 ait,
2707 1919 2811 1960 non
2835 1913 2892 1959 ut
2919 1903 3149 1972 simplici
3198 1911 3252 1959 et
3281 1901 3621 1957 circumscri«

384 1992 508 2054 ιείς,
541 1992 797 2063 καθάπερ
823 1994 920 2048 καὶ
945 1993 1136 2065 πρώην
1166 1992 1615 2065 παρενηνεγμένῃ
1640 1995 1777 2065 πρὸς
1800 1994 1956 2048 ἀλλο·

383 2082 577 2147 κύτους
601 2083 879 2156 λατρείας,
902 2084 1016 2138 ἀλλ’
1038 2086 1179 2157 ὑπὲρ
1204 2086 1375 2157 αὐτῆς
1395 2088 1507 2149 τοῖς
1527 2085 1950 2157 πεπορθηκόσιν,

382 2165 464 2235 οἷς
495 2173 588 2227 καὶ
611 2173 878 2243 ὠργίσθαι
916 2176 1109 2246 φησὶν,
1139 2176 1236 2245 οὐχ
1269 2178 1346 2240 ὡς
1377 2178 1436 2231 ὲν
1468 2176 1609 2248 ἁπλῇ
1649 2178 1745 2231 καὶ
1789 2192 1957 2248 μεμε·

383 2262 628 2333 τρημένῃ
672 2263 882 2335 κινήσει
930 2263 1111 2334 τυχὸν,
1154 2264 1269 2318 ἀλλ’
1298 2265 1375 2328 ὡς
1405 2266 1464 2319 ἐν
1493 2266 1715 2337 ἀκράτῳ
1761 2282 1822 2319 τε
1861 2265 1956 2320 καὶ

383 2350 597 2422 ἀσχέτῳ
641 2351 817 2422 θυμῷ.
836 2352 976 2421 Ἐγὼ
1008 2354 1106 2424 μὲν
1135 2352 1264 2425 γὰρ,
1298 2356 1484 2426 φησὶν,
1511 2356 1792 2411 ἐπαίδευον
1827 2355 1955 2419 τοὺς

383 2441 571 2511 ἐμοὺς,
603 2443 699 2495 καὶ
740 2443 893 2498 οὐδὲν
921 2444 1118 2510 αὐτοὺς
1146 2445 1289 2516 πέρα
1336 2430 1535 2517 μέτρου
1569 2447 1800 2517 πάσχειν
1830 2445 1957 2518 ήθεο

383 2529 491 2584 λον.
528 2532 692 2586 Αὐτοὶ
722 2533 780 2587 δὲ
806 2534 908 2604 τῆς
944 2534 1080 2598 ἰδίας
1125 2536 1351 2607 γνώμης
1387 2538 1489 2609 τήν
1520 2537 1819 2608 ἀγριότητα
1844 2536 1955 2591 δει-

384 2621 490 2686 νῶς
523 2640 575 2676 τε
603 2624 698 2678 καὶ
722 2625 988 2695 ἀχαλίνως
1016 2626 1245 2697 ἐπῆγον,
1273 2629 1539 2699 παρόντες
1567 2628 1719 2682 οὐδὲν
1744 2628 1854 2682 τῶν
1879 2629 1959 2692 εἰς

384 2712 640 2785 ὠμότητα
664 2717 759 2771 καὶ
794 2717 1216 2790 ἀπανθρωπίαν.
1257 2719 1445 2786 Τοῦτο,
1485 2716 1670 2790 οἶμαι,
1706 2720 1826 2773 ἐστὶ
1856 2719 1917 2773 0b
1939 2759 1954 2785 ,

393 2824 409 2856 ι
433 2804 575 2874 Ἐγὼ
604 2803 703 2877 μὲν
727 2807 1008 2880 ὠργίσθην
1029 2810 1183 2879 ὀλίγα
1203 2826 1217 2841 ⁸
1248 2810 1402 2865 αὐτοὶ
1429 2811 1486 2863 δὲ
1507 2809 1860 2865 συνεπέθεντο
1878 2806 1959 2875 εἰς

388 2897 551 2951 κακά.
586 2917 607 2949 ι
639 2898 895 2954 ΠαιδεύειΔ
920 2901 1019 2971 μῖὲν
1045 2901 1148 2974 γάρ
1178 2902 1236 2969 ἐξ
1269 2902 1491 2973 ἀγάπης
1510 2902 1896 2973 ἡμαρτηκότας
1930 2902 1960 2954 ὀ

386 2987 501 3041 τῶν
531 2989 668 3043 ὅλων
710 2990 864 3059 Θεὸς,
898 2994 992 3047 καὶ
1022 2994 1368 3065 συμμέτρους
1397 2994 1528 3064 ἡμῖν
1558 2993 1833 3063 ἐπιφέρων
1870 2995 1944 3047 αἰ.

390 3077 535 3146 κίας,
564 3078 597 3151 ἢ
627 3080 836 3147 ⁴ιιεόνους,
875 3082 1164 3154 μετασοδεῑ
1191 3083 1328 3155 πρὸς
1351 3084 1415 3136 τὸ
1451 3082 1691 3154 ἄμεινον.
1726 3084 1788 3136 Ol
1811 3082 1869 3137 δὲ
1895 3083 1960 3153 δὴ

392 3170 527 3240 πρὸς
579 3170 736 3226 τοῦτο
784 3176 1243 3246 παρειλημμένοι,
1280 3175 1664 3247 θηριοπρεπῶς
1725 3173 1960 3245 ἐπιθρώ-

2053 2006 2144 2068 pta
2174 1997 2530 2053 commotione
2558 1996 2811 2061 fortasse,
2829 1994 2922 2049 sed
2963 2002 3022 2047 ut
3042 2007 3251 2048 summo
3277 2002 3331 2047 et
3357 1989 3616 2059 implaca—

2055 2087 2146 2143 bili
2174 2086 2375 2144 furore.
2412 2086 2524 2158 Ego
2555 2087 2721 2151 enim,
2755 2085 2947 2155 inquit,
2979 2081 3330 2153 corripiebam
3365 2095 3534 2144 meos,
3568 2088 3626 2133 et

2054 2178 2189 2233 nihil
2243 2178 2658 2233 immoderatum
2685 2176 2804 2232 illos
2833 2174 3039 2246 perpeti
3101 2172 3365 2229 volebam.
3399 2173 3468 2226 At
3518 2171 3620 2241 ipsi

2054 2284 2151 2339 pro
2174 2284 2269 2325 sua
2304 2269 2521 2324 libidine
2551 2266 2861 2323 horribilem
2917 2275 2971 2320 et
2996 2264 3310 2319 indomitam
3364 2261 3622 2318 saevitiam

2054 2360 2439 2427 adhibuerunt,
2468 2360 2601 2417 nihil
2630 2361 2695 2415 ad
2722 2358 3089 2414 crudelitatem
3124 2353 3631 2421 innnaniratemque'

2053 2447 2660 2523 prastermittenteﬂoc,
2683 2449 2893 2520 opinor,
2918 2456 2999 2502 est
3025 2446 3164 2517 quod
3183 2446 3258 2499 ait
3286 2459 3300 2497 :
3326 2463 3344 2496 ί
3367 2443 3475 2513 Ego
3501 2440 3631 2511 qui-

2055 2542 2175 2598 dem
2205 2541 2375 2596 iratus
2402 2553 2521 2595 sum
2561 2537 2772 2594 modice
2805 2553 2820 2604 ;
2858 2537 2959 2606 ipsi
2986 2548 3115 2590 vero
3135 2532 3303 2587 simul
3357 2530 3627 2586 incubue-

2058 2642 2187 2688 runt
2211 2632 2265 2687 in
2299 2630 2463 2686 mala.
2495 2646 2516 2682 ›
2555 2628 2787 2697 Corripit
2809 2627 2952 2682 enim
2982 2633 3293 2695 peccatores
3342 2620 3627 2675 universos
3675 2609 3684 2618 ’

2058 2738 2176 2778 rum
2206 2721 2347 2778 Deus
2382 2735 2449 2776 ex
2475 2719 2764 2783 charitate,
2792 2715 3123 2783 modicisque
3150 2712 3339 2784 plagis,
3356 2717 3447 2765 aut
3475 2707 3630 2763 dolo-

2059 2815 2208 2871 ribus
2259 2813 2441 2878 illatis,
2477 2812 2546 2867 ad
2607 2808 2832 2867 consilia
2908 2807 3120 2862 saniora
3173 2801 3466 2872 compellit.
3528 2797 3640 2865 Qui

2060 2914 2235 2960 autem
2263 2905 2330 2959 ad
2350 2903 2452 2958 hoc
2478 2916 2576 2972 pro
2633 2899 2895 2955 ministris
2947 2900 3302 2958 asciscuntur,
3347 2892 3633 2961 aliquando

2059 3006 2155 3051 ceu
2186 2994 2375 3050 bellum
2396 2994 2453 3049 in
2479 3007 2575 3049 eos
2601 2991 2691 3063 qui
2718 2990 3081 3059 corripiuntur
3110 2988 3407 3042 incursant.
3436 2981 3635 3035 Verum

2061 3085 2314 3141 irascitur
2342 3084 2447 3139 illis
2471 3083 2613 3138 Deus
2641 3082 2721 3138 ira
2760 3096 2974 3150 magna.
3000 3078 3143 3131 Nam
3185 3076 3273 3128 ille
3330 3081 3388 3125 ut
3437 3084 3638 3139 parens

2064 3172 2375 3228 verberibus
2401 3170 2675 3238 corrigere
2704 3167 2915 3221 volebat
2939 3183 2953 3218 :
2984 3165 3059 3218 iiii
3095 3176 3223 3217 vero
3247 3158 3506 3215 em‘euato
3532 3158 3643 3211 im«

394 3278 579 3316 σκουσι
625 3265 738 3328 τοῖς
786 3245 1195 3337 παιδευομένοις
1241 3245 1644 3321 εσθῖὅτεξἋλΥ
1685 3265 1964 3335 ὀργίζεται

2066 3272 2193 3332 petu
2224 3262 2277 3315 in
2303 3259 2528 3314 sli‘lictos
2563 3259 2862 3312 irruebant.

391 3356 527 3421 Θεὸς
549 3357 634 3410 ἐπ’
654 3358 837 3422 αὐτοῖς
861 3359 1029 3431 ὀργὴν
1060 3360 1321 3431 μεγάλην.
1339 3359 1523 3431 Ὀ-μὲν
1542 3359 1651 3430 γάρ
1679 3358 1755 3421 ὡς
1819 3358 2003 3428 πατὴρ
2074 3350 2405 3425 ἐπανορθοῦν
2433 3354 2559 3416 ταῖς
2583 3350 2787 3414 αἰκίαις
2824 3348 3051 3419 ἤθελεν*
3073 3346 3131 3400 oi
3164 3346 3221 3400 δὲ
3254 3342 3503 3414 ἀσχέτοις
3548 3340 3639 3407 ὀρ*

395 3449 524 3517 μαῖς
551 3451 665 3513 τοίς
692 3449 1367 3522 κάμωυσινέπεφέροντον

466 3609 639 3663 Τοῦτο
682 3611 958 3683 παθούσης
1006 3616 1107 3685 τῆς
1132 3615 1481 3686 Ἐκκλησίας,
1532 3612 1867 3686 ἠγνοήκασιν
1917 3615 1973 3667 0t

396 3698 703 3767 διώκοντες,
736 3703 821 3756 ὅτι
855 3703 953 3774 τῆς
985 3705 1066 3769 εἰς
1097 3707 1267 3777 αὐτὴν
1299 3706 1621 3777 ἀγριότητος
1646 3689 1966 3761 ἀποτίσουσι

397 3789 609 3858 λόγους.
637 3792 732 3847 καὶ
766 3794 968 3865 πικρὰς
996 3795 1443 3868 ὲξαιτηθήσονται
1481 3797 1649 3867 δίκας,
1681 3798 1836 3869 παρὰ
1873 3795 1979 3851 τοῦ

399 3882 743 3952 προεστῶτος
760 3884 918 3940 Θεοῦ.

467 4018 571 4073 Διὰ
593 4014 768 4074 τοῦτο
811 4015 949 4074 τάδε
983 4016 1145 4091 λέγει
1174 4024 1390 4092 Κύριος
1414 4040 1428 4053 ⁸
1469 4024 1841 4095 Ἑπιστρέψω
1868 4024 1973 4080 ἐπὶ

410 4102 797 4181 Ἰερουσαλὴμ
822 4110 892 4165 ἐν
909 4106 1202 4183 οίὶιτφμῷ,
1226 4114 1325 4169 καί
1352 4118 1384 4169 ό
1410 4108 1575 4185 οἶκός
1594 4134 1712 4187 μου
1736 4118 1971 4172 ἀνοικο-

400 4199 803 4270 δομηθήσεται
848 4202 918 4257 ἐν
959 4203 1133 4273 αὐτῇ,
1161 4207 1322 4275 λέγει
1374 4208 1588 4275 Κύριος
1631 4208 1968 4279 παντοκρά-

400 4301 532 4361 τωρ,
556 4292 653 4346 καί
669 4293 887 4362 μέτρον
910 4293 1296 4362 ἐκταθήσεται
1322 4297 1420 4351 ἐπὶ
1451 4296 1836 4370 Ἰερουσαλὴμ
1863 4292 1968 4353 ἔτι.

477 4446 557 4497 H'.
597 4442 839 4513 Δέδειχεν
871 4444 951 4497 ὅτι
977 4445 1221 4499 παθοῦσα
1239 4447 1337 4517 τὴν
1361 4449 1713 4519 ἀποστροφὴν
1740 4449 1834 4503 τοῦ
1855 4450 1973 4504 δια-

406 4534 596 4598 σώζειν
634 4532 927 4602 ἰσχύοντος,
952 4534 1262 4605 ἀθλιότητός
1288 4554 1345 4590 τε
1377 4540 1471 4592 καί⁸
1498 4539 1870 4610 ταλαιπωρίας
1897 4544 1977 4606 εἰς

403 4624 558 4677 τοῦτο
594 4622 944 4687 κατώλισθεν,
978 4622 1131 4678 ἔσται
1168 4625 1225 4678 δὲ
1262 4625 1422 4680 πάλιν
1458 4629 1687 4693 ἀκονιτὶ,
1728 4632 1822 4685 καὶ
1854 4632 1974 4687 λίαν

402 4712 638 4776 εὐκόλως
667 4713 725 4765 ὲν
746 4706 824 4776 οἷς
845 4706 913 4783 ἦν
937 4712 1129 4778 πάλαι,
1148 4714 1535 4783 μετατεθέντος
1557 4718 1636 4779 εἰς
1662 4719 1973 4790 ἡμερότητα

2141 3604 2232 3660 Sic
2268 3608 2495 3657 tractata
2536 3598 2797 3662 Ecclesia,
2829 3596 3146 3668 ignorabant
3172 3601 3543 3662 persecutores
3578 3605 3643 3645 se

2068 3692 2305 3748 feritatis
2342 3691 2398 3745 in
2424 3690 2567 3744 illam
2596 3702 2708 3744 suae
2753 3687 3023 3740 rationem
3058 3684 3396 3746 reddituros,
3423 3688 3477 3734 et
3533 3680 3651 3733 Deo

2068 3783 2185 3853 eius
2214 3781 2426 3854 praesidi
2461 3777 2971 3852 gravesupplicium
2992 3773 3282 3830 soluturos.

2140 4004 2304 4060 Vens.
2330 4002 2415 4060 l6.
2462 4002 2747 4071 Pmpterea
2775 4001 2885 4055 Iure
2918 3997 3041 4053 dicit
3084 3996 3336 4052 Dominus
3365 4011 3383 4049 :
3415 3994 3637 4049 Conver-

2071 4112 2155 4156 tar
2203 4099 2272 4153 ad
2317 4094 2612 4151 Jerusalem
2675 4094 2729 4148 in
2774 4092 3156 4155 misericordia,
3201 4099 3249 4143 et
3290 4089 3473 4157 domus
3529 4084 3663 4137 mea‘

2072 4191 2450 4249 instaurabitur
2491 4188 2545 4241 in
2594 4202 2676 4252 ea,
2711 4184 2838 4238 dicit
2902 4182 3156 4236 Dominus
3201 4179 3542 4245 omnipotens,
3595 4179 3643 4225 et

2074 4298 2318 4339 mensura
2365 4280 2672 4335 extendetur
2720 4289 2887 4343 super"
2914 4268 3210 4327 Jerusalem
3259 4268 3451 4319 adhuc.

2148 4440 2285 4496 Vill.
2329 4436 2581 4496 Ostendit
2615 4432 2871 4506 quoniam
2916 4443 2976 4485 se
3007 4424 3265 4481 averterit
3293 4424 3361 4477 ab
3389 4437 3453 4479 co
3483 4435 3650 4492 penes

2074 4550 2232 4605 quem
2262 4542 2344 4588 est
2363 4532 2508 4588 salus
2531 4572 2546 4598 ,
2572 4528 2624 4582 iu
2660 4534 2862 4582 tantam
2920 4520 3191 4575 miseriam
3256 4524 3310 4569 et
3351 4525 3647 4570 aerumnam

2076 4604 2365 4681 incidisse:
2416 4631 2631 4675 rursum
2667 4624 2845 4670 tamen
2900 4612 3039 4667 citra
3080 4609 3340 4669 laborem,
3388 4604 3649 4669 valdeque

2077 4717 2231 4771 facile
2261 4716 2312 4769 in
2344 4714 2498 4769 bonis
2527 4709 2772 4781 pristinis
2810 4707 3067 4767 futuram,
3108 4702 3201 4756 ubi
3234 4706 3552 4767 provocatus
3582 4694 3647 4744 ad

369 4856 372 4858 ν
400 4805 493 4859 τοῦ
523 4804 1170 4875 παρωργισμένου,δῆλον
1191 4805 1248 4857 δὲ
1266 4806 1348 4859 ὅτι
1375 4806 1467 4859 τοῦ
1495 4808 1671 4861 πάντα
1696 4788 1971 4879 ἰσχύοντος

2077 4806 2211 4859 iram
2244 4803 2516 4858 emollitus
2574 4797 2737 4853 fuerit
2785 4797 3125 4865 omnipotens
3177 4792 3315 4845 Deus
3359 4788 3564 4857 utique,
3597 4791 3651 4836 et

400 4895 558 4960 Θεοῦ,
590 4895 749 4967 μόνον
785 4895 842 4948 δὲ
885 4895 1007 4965 οὐχὶ
1055 4896 1148 4949 καὶ
1188 4897 1603 4963 ὑπονοστοῦντος
1653 4901 1734 4963 είς
1781 4902 1970 4972 αὐτὴν,

400 4986 491 5041 διά
509 5002 589 5040 τοι
633 4985 728 5040 τοῦ
775 4986 937 5040 πάλιν
961 4987 1190 5054 ἀξιῶσαι
1220 4987 1449 5057 φειδοῦς,
1479 4990 1573 5043 καὶ
1600 4992 1841 5061 ἀγάπης,
1880 4993 1973 5045 καὶ

402 5077 793 5147 ἀμνησικάκως
842 5078 1047 5132 ἀνεῖναι
1096 5077 1165 5131 τά
1216 5078 1555 5149 ἐγκλήματα.
1603 5081 1972 5152 ’Υπισχνεῖται

403 5166 511 5238 γὰρ
543 5169 752 5223 καὶτὸν
778 5163 924 5222 οἷκον
951 5169 1204 5239 ἐγείρειν,
1237 5173 1329 5224 καὶ
1372 5171 1787 5243 εὐμηκεστάτην
1833 5175 1969 5226 ἀπο-

404 5260 617 5330 φαίνειν
634 5260 735 5331 τὴν
779 5258 1151 5329 Ἰερουσαλήμ.
1183 5261 1646 5333 Ἐμπὲπρηστοιυν]
1677 5264 1774 5332 μὲν
1812 5265 1918 5335 γὰρ
1946 5267 1974 5317 ό

405 5351 549 5415 ναὸς,
577 5347 887 5422 καθῄρηντο
916 5350 973 5403 δὲ
1008 5351 1100 5403 καὶ
1136 5351 1273 5405 αὐτά
1307 5353 1372 5405 τὰ
1412 5353 1512 5421 τῆς
1549 5354 1756 5417 πόλεως
1795 5356 1972 5425 τείχη,

407 5442 484 5503 ὡς
525 5441 712 5510 ὀλίγην
762 5440 859 5495 καὶ
908 5441 1339 5513 συνεσταλμένην
1383 5444 1610 5514 ὁρᾶσθαι
1675 5444 1973 5510 παντελῶς,

410 5531 505 5583 καὶ
556 5533 951 5603 εὐαριθμήτους
993 5532 1134 5601 ἔχειν
1180 5534 1304 5597 τοὺς
1350 5532 1659 5606 οίκήτορας.
1712 5534 1851 5588 Ἀλλ’
1901 5532 1983 5600 ὡς

408 5622 546 5690 ἔφην
566 5623 785 5692 ἀρτίως,
816 5623 1165 5695 ἀνακομίζειν
1208 5625 1384 5696 αὐτὴν
1420 5625 1813 5694 ἐπαγγέλλεται
1842 5627 1984 5695 πρὸς

408 5711 470 5763 τὸ
496 5712 555 5763 ἐν
590 5712 800 5781 ἀρχαῖς,
838 5712 867 5766 ὃ
902 5712 965 5782 δὴ
1002 5715 1095 5767 καὶ
1123 5715 1448 5777 τετέλεσται,
1485 5716 1665 5785 Κύρου
1704 5716 1801 5785 μὲν
1830 5716 1975 5769 ἀνέν-

408 5814 498 5862 τος
532 5800 629 5872 τῆς
673 5801 1065 5872 αἰχμαλωσίας,
1128 5806 1350 5875 Δαρείου
1408 5823 1468 5872 γε
1525 5804 1629 5873 μὴν
1678 5805 1767 5858 καὶ
1817 5805 1977 5859 αὑτὸν

2078 4897 2232 4966 quasi
2263 4896 2327 4949 ad
2369 4894 2644 4949 lenitatem
2678 4890 2916 4955 redierit,
2954 4901 3164 4942 rursum
3190 4897 3283 4938 eos
3317 4877 3648 4946 indulgentia

2078 4996 2132 5042 et
2159 4983 2726 5053 charitatedignando,
2753 4978 3101 5049 depositaque
3157 4971 3475 5042 iniuriarum
3531 4980 3645 5018 mea

2081 5078 2253 5135 moria
2288 5077 2483 5133 delicta
2519 5071 2892 5130 condonanda.
2920 5068 3209 5123 Pollicetur
3258 5061 3403 5116 enim
3444 5066 3498 5113 et
3552 5058 3649 5112 do.

2082 5185 2225 5224 mum
2258 5170 2705 5232 instauraturum,
2738 5174 2792 5218 et
2853 5162 3275 5228 Hierosolymam
3330 5151 3650 5223 longissimo

2077 5257 2252 5325 spatio
2302 5257 2703 5326 producturum.
2742 5252 3044 5306 Crematum
3095 5244 3289 5313 quippe
3333 5250 3450 5295 erat
3514 5248 3646 5294 tema

2075 5349 2241 5416 plum,
2263 5356 2316 5401 et
2351 5349 2461 5415 ipsa
2495 5346 2644 5399 urbis
2679 5343 2875 5397 muenia
2907 5339 3101 5400 diruta,
3133 5344 3190 5391 ut
3234 5335 3451 5404 exigua,
3489 5342 3542 5388 ct
3594 5333 3649 5385 in

2076 5447 2360 5513 angustum
2398 5436 2615 5490 redacta
2650 5434 2804 5501 plane
2826 5440 3157 5491 cerneretur,
3186 5437 3237 5483 et
3267 5426 3470 5481 incolas
3522 5438 3646 5493 per‘

2076 5545 2276 5602 paucos
2319 5528 2556 5583 haberet.
2588 5519 2748 5595 663
2783 5522 2909 5587 Sed,
2942 5533 3000 5575 nt
3058 5521 3212 5594 modo
3238 5518 3368 5579 dixi,
3408 5529 3527 5569 eam
3580 5513 3645 5565 ad

2077 5623 2356 5691 pris-tinam
2390 5618 2795 5687 amplitudinem
2824 5620 3195 5667 revocaturum
3233 5607 3480 5675 spondet,
3501 5603 3653 5671 quod

2078 5725 2130 5769 et
2177 5715 2372 5767 factum
2434 5721 2535 5773 est,
2580 5709 2719 5779 Cyro
2765 5705 2976 5773 quidem
3023 5716 3051 5753 e
3099 5700 3404 5767 captivitate
3459 5694 3646 5746 diruit»

2084 5814 2249 5870 lente,
2295 5804 2450 5858 Dario
2481 5802 2732 5869 templum
2768 5791 3078 5852 reicdiiicari
3108 5790 3359 5859 jnbente,
3401 5794 3452 5839 ct
3477 5783 3652 5848 ipsam
