4080 6284
434 467 507 522 27
1457 463 1517 518 S.
1558 460 1828 519 CYRILLI
1865 455 2333 513 ALEXANDIHNI
2378 453 2697 533 ΑΒΟΙΙΙΕΡἶ
3388 512 3397 515 _
3602 453 3672 508 28

436 583 626 637 urbem
681 580 951 637 moenibus
1012 580 1188 650 cingi,
1220 594 1284 634 ac
1321 581 1519 635 muniri
1571 582 1912 650 permittente
1936 578 1999 630 ε’.

2114 574 2507 643 ἀναδείμασθαι
2542 571 2964 642 προστάττοντος
3016 567 3105 621 τὸν
3150 569 3296 629 ναὸν,
3330 571 3567 637 ἐφιέντος
3617 590 3675 625 τε

491 758 740 813 Videmus
768 767 947 814 autem
990 756 1153 813 Deum
1178 758 1460 827 aliquando
1484 766 1789 817 sanctorum
1824 757 2003 821 fidem,

436 860 489 904 et
515 849 903 904 adhaerentium
923 850 1022 904 sibi
1043 850 1380 904 dilectionem
1400 858 1762 914 exercentem,
1780 849 2005 917 quibus-

440 941 561 995 dant
597 942 925 1010 temporibus
968 940 1262 996 Ecclesiam
1314 940 1777 1009 persecutionibus
1830 940 2009 992 sinere

439 1034 721 1103 exagitari.
745 1034 998 1090 Attamen
1027 1032 1371 1088 mediocriter
1409 1039 1657 1085 vexatam
1680 1028 1867 1084 statim
1895 1026 2006 1081 eri-

440 1141 584 1193 gere,
614 1126 832 1197 suisque
852 1124 1073 1179 auxiliis.
1100 1124 1166 1180 de
1192 1123 1401 1188 integro
1431 1122 1793 1185 communire,
1817 1126 1871 1174 et
1914 1133 2010 1174 su-

441 1233 603 1287 perna
625 1217 793 1286 gratia
817 1216 1035 1275 domum
1057 1230 1209 1271 suam
1251 1228 1532 1269 exornare.
1574 1213 1688 1267 lmo
1722 1210 2011 1279 unusquis-

442 1322 548 1375 que
601 1308 719 1374 pius
763 1314 818 1360 et
886 1305 1021 1360 urbs
1086 1314 1139 1361 et
1194 1304 1446 1371 templum
1501 1302 1596 1358 Dei
1648 1307 1752 1358 est.
1802 1299 2011 1368 Saepius

442 1408 622 1452 autem
655 1399 936 1467 probatur,
977 1406 1028 1451 οι
1048 1395 1250 1451 carnali
1304 1393 1600 1463 voluptate,
1651 1403 1705 1447 et
1740 1392 2010 1449 mundana

442 1488 799 1543 sollicitudine
819 1488 889 1542 ad
920 1485 1117 1556 ﬂagitia
1152 1486 1508 1551 irritantibus,
1528 1494 1585 1539 ut
1619 1483 1869 1553 patientis
1894 1481 2012 1535 ani-

442 1591 528 1630 ma
554 1575 766 1640 ardere,
791 1584 847 1631 et
882 1590 912 1629 a
940 1576 1133 1641 muris,
1163 1574 1278 1629 sive
1321 1574 1481 1628 tutela
1504 1575 1715 1631 deserta
1744 1574 2008 1629 videatur.

440 1667 637 1722 Verum
667 1668 957 1723 miserante
982 1667 1111 1731 Deo,
1134 1676 1190 1723 et
1238 1675 1544 1723 sanctorum
1580 1664 1833 1734 precibus
1893 1677 2012 1721 sese

439 1756 506 1809 ad
534 1756 999 1812 mansuetudinem
1039 1757 1379 1821 immolante,
1418 1770 1611 1809 rursus
1660 1753 1953 1809 aediﬁcatur
1985 1773 2009 1806 ι

438 1846 492 1899 in
524 1843 780 1910 templum
812 1853 1081 1906 sanctum,
1122 1843 1175 1897 in
1214 1840 1575 1896 habitaculum
1611 1840 1705 1898 Dei
1740 1842 1792 1896 in
1844 1843 2009 1910 spiri-

2107 665 2200 717 καὶ⁵
2221 663 2389 733 αὐτὴν
2415 665 2526 725 τοῖς
2555 662 2787 731 τείχεσιν
2810 660 3038 731 ὀχυροῦν
3065 660 3163 730 τὴν
3189 660 3361 712 πόλιν.

2187 752 2433 822 Ὀρῶμεν
2477 751 2534 804 δὲ
2590 752 2674 803 ὃτι
2708 749 3092 819 διαγυμνάζων
3129 748 3240 800 ἔσθ’
3269 750 3358 813 ὅτε
3407 747 3538 810 θεὸς
3571 748 3677 800 τῶν

2107 844 2276 911 ἁγίων
2318 844 2415 914 τὴν
2456 843 2657 907 πίστιν,
2688 844 2782 895 καὶ
2820 842 2928 907 τῶν
2957 841 3370 911 προσκειμένων
3398 840 3545 910 αὐτῷ
3580 841 3678 908 τὴν

2105 935 2405 1004 ἀγάπησιν,
2429 935 2613 1003 ἐφίησι
2656 934 2795 987 κατὰ
2844 933 3070 1003 καιροὺς
3102 932 3392 986 διώκεσθαι
3437 930 3679 1002 τὴνἚκ-

2108 1023 2356 1095 κλησίαν.
2388 1024 2524 1077 Ἀλλ’
2550 1024 2705 1091 ὀλίγα
2747 1021 3022 1075 παθοῦσαν
3069 1021 3230 1083 εὐθὺς
3275 1021 3546 1090 ἀνίστησι,
3585 1021 3679 1071 καὶ
3786 1026 3789 1033 “

2108 1116 2439 1186 ἀνατειχίζει
2481 1115 2643 1170 πάλιν
2686 1117 2806 1178 ταῖς
2848 1112 3209 1183 ἐπικουρίαις,
3237 1110 3333 1161 καὶ
3372 1112 3439 1179 τῇ
3472 1107 3679 1161 ἄνωθεν

2108 1207 2291 1277 χάριτι
2316 1206 2409 1260 τὸν
2442 1206 2573 1258 ἴδιον
2608 1202 2754 1257 οἷκον
2783 1203 3055 1271 στεφανοῖ.
3088 1199 3199 1253 Καὶ
3230 1198 3460 1258 ἕκαστος
3486 1196 3544 1249 δὲ
3570 1195 3678 1247 τῶν

2109 1296 2357 1350 εὐσεϐεῖν
2379 1295 2670 1366 ᾑρημένων
2701 1292 2795 1346 καὶ
2825 1291 2979 1353 πόλις
3007 1289 3144 1353 ἐστὶ,
3191 1287 3288 1341 κα)⁹
3333 1283 3479 1351 οἶκος
3519 1284 3675 1338 Θεοῦ.

2109 1387 2472 1458 Δοκιμάζεται
2515 1385 2573 1439 δὲ
2612 1385 2893 1447 πολλὼιις,
2922 1379 3379 1451 κατερεθιζούσης
3411 1375 3571 1431 αὐτὸν
3601 1376 3679 1438 εἰς

2110 1481 2440 1551 φαυλότητα,
2466 1479 2563 1531 καὶ
2604 1476 2871 1546 σαρκικῆς
2911 1473 3122 1543 ἡδονῆς,
3149 1470 3244 1524 καὶ
3286 1469 3555 1540 μερίμνης
3589 1482 3681 1519 κο-
3754 1462 3771 1483 ’

2112 1571 2336 1643 σμικῆς,
2370 1570 2445 1633 ὡς
2479 1569 2657 1621 δοκεῖν
2688 1562 3080 1636 ὲμπεπρῆσθαί
3117 1579 3179 1615 τε
3205 1560 3299 1613 καὶ
3330 1557 3525 1627 τειχῶν
3561 1556 3681 1626 ἐρή-

2113 1681 2242 1736 μην,
2270 1664 2437 1734 ἡγουν
2479 1660 2802 1729 ἀσφαλείας,
2842 1656 2940 1728 τὴν
2965 1655 3059 1709 τοῦ
3102 1653 3365 1714 παθόντος
3396 1651 3681 1719 ἁπομεῖναι

2108 1755 2307 1826 ψυχήν.
2349 1751 2511 1806 Ἀλλὰ
2556 1749 3021 1819 κατοικτείροντος
3069 1744 3227 1807 Θεοῦ,
3273 1742 3368 1795 καὶ
3409 1743 3529 1802 ταῖς
3574 1738 3683 1790 τῶν

2109 1845 2285 1913 ἁγίων
2315 1844 2497 1907 λιταῖς,
2517 1838 2943 1912 μετατιθεμένου
2968 1836 3104 1906 πρὸς
3132 1833 3194 1886 τὺ
3224 1834 3452 1901 ἥμερον,
3484 1828 3684 1881 οίκοδο-

440 1947 495 1989 tu
531 1933 631 1988 υ.»
659 1931 1005 2003 Depulsaque
1029 1932 1173 1986 omni
1215 1932 1555 1987 immunditia
1592 1932 1767 1987 denuo
1818 1933 2009 1986 momi-

2122 1938 2298 2005 μεϊται
2342 1934 2505 1987 πάλιν
2560 1951 2578 1983 ι
2607 1933 2685 1994 είς
2735 1928 2863 1982 ναὸν
2916 1926 3090 1993 ἅγιον,
3139 1924 3217 1984 είς
3264 1920 3683 1988 κατοικητήριον

438 2026 542 2080 bus
560 2023 943 2088 communiter,
967 2032 1022 2078 et
1042 2022 1231 2078 civitas
1253 2022 1425 2093 magni
1448 2022 1611 2093 regis,
1635 2022 1735 2079 hoc
1749 2030 1831 2079 est
1863 2023 2018 2081 Chri-

439 2115 534 2182 sti,
571 2112 821 2170 eﬂicitur.

512 2290 676 2345 Vsus.
705 2291 789 2344 l7.
818 2288 889 2345 Et-
914 2290 1048 2344 diait
1082 2290 1149 2344 ad
1198 2306 1275 2344 nte
1322 2290 1536 2360 angelus
1568 2290 1659 2359 qui
1712 2290 2017 2360 loquebatur

438 2380 494 2433 in
531 2394 651 2432 me:
681 2379 864 2432 Adhuc
924 2379 1116 2444 clama,
1156 2379 1372 2434 dicens:
1412 2377 1541 2432 Ηαιο
1580 2379 1706 2433 dicit
1761 2378 2017 2435 Dominus

440 2472 765 2540 omnipotens
788 2487 807 2524 :
831 2470 1018 2525 Adhuc
1067 2472 1430 2540 diffundantur
1478 2471 1723 2525 civitates.
1763 2472 1821 2524 in
1845 2471 2016 2537 bonis,

437 2571 489 2616 et
517 2562 847 2617 miserebitur
884 2561 1141 2617 Dominus
1182 2562 1355 2617 adhuc
1386 2561 1539 2627 Sion,
1561 2571 1609 2617 et
1644 2560 1795 2631 eliget
1844 2561 2018 2623 adhuc,

439 2651 760 2713 Jerusalem.

513 2741 605 2795 1X.
639 2742 772 2796 Cum
810 2743 1251 2799 duraretdiutius
1279 2742 1821 2813 captivitasJudatat.
1848 2751 1903 2801 et
1933 2741 2020 2795 ni-

440 2833 734 2889 hilominus
756 2832 1027 2887 Samarita
1038 2850 1153 2887 rum
1182 2833 1345 2889 urbes
1362 2832 1422 2887 in
1437 2847 1638 2891 mellam
1669 2832 2016 2889 solitudinem

439 2924 917 2981 convertebantttr.
944 2923 1078 2977 Nam
1125 2934 1179 2978 et
1212 2924 1399 2979 domus
1440 2922 1928 2993 conﬂagraret-ant,
1956 2931 2014 2978 et

438 3030 570 3069 voce
601 3014 985 3084 propemodum
1012 3015 1181 3069 missa
1201 3014 1610 3085 Babyloniorum
1636 3014 1897 3069 saevitiam
1920 3028 2013 3069 ac-

441 3106 704 3164 cusabant
740 3107 965 3175 ipsaque
1017 3106 1304 3161 civitatum
1332 3106 1541 3178 species
1583 3105 1909 3169 deformata,
1961 3113 2017 3159 et

440 3199 712 3253 destructa
742 3198 963 3253 omnino
994 3196 1290 3253 visebatur.
1320 3194 1673 3252 Paucissimis
1695 3205 1874 3251 autem
1932 3195 2019 3249 in-

440 3288 601 3351 colis,
630 3289 802 3341 virum
849 3288 1135 3355 illustrem,
1168 3298 1263 3344 aut
1289 3287 1489 3357 alioqui
1519 3287 1782 3358 insignem
1805 3285 1913 3342 illic
1935 3285 2016 3339 vi-

441 3381 571 3433 dere
597 3391 701 3430 non
743 3385 906 3429 erat:
937 3392 1108 3444 neque
1148 3378 1356 3444 aliquos
1397 3379 1563 3431 vitam
1590 3379 1855 3444 genialem
1894 3376 2005 3447 agi-

443 3477 641 3529 tantes,
669 3467 762 3520 sed
791 3474 1012 3519 mestos
1037 3479 1225 3518 omnes
1244 3464 1385 3518 fame
1408 3473 1462 3517 et
1484 3465 1663 3531 inopia
1690 3465 2013 3516 laborantes.

441 3557 646 3613 Horum
694 3557 931 3610 omnium
981 3554 1093 3609 fore
1150 3554 1308 3608 linem
1357 3553 1642 3621 promittit.
1698 3554 1790 3605 Ait
1822 3554 1967 3606 enim
1997 3566 2025 3625 :7

450 3667 470 3700 ι
511 3644 882 3701 tiiﬂ'umlentur
907 3644 1155 3700 civitates
1186 3644 1239 3698 in
1266 3643 1446 3707 bonis,
1477 3660 1495 3693 ι
1529 3643 1630 3697 hoc
1668 3650 1755 3697 est
1808 3641 1862 3695 in
1908 3654 2013 3693 an-

444 3737 593 3805 tiqua
623 3736 880 3791 felicitate
937 3734 1316 3800 versabantur,
1350 3735 1701 3802 adauctasque
1750 3736 2014 3790 bonorum

446 3826 677 3881 cumulis
718 3827 907 3881 faciem
940 3826 1293 3890 innovabunt,
1308 3834 1470 3893 atque
1516 3823 1583 3877 ad
1620 3831 1803 3892 optata
1839 3823 2018 3876 denuo

441 3926 832 3974 revertentum
855 3916 1193 3971 Miserebilur
1217 3915 1359 3970 enim
1392 3913 1647 3969 Dominus
1676 3913 1852 3969 adhuc
1884 3911 2014 3967 Sion

443 4017 499 4067 et
522 4008 681 4078 eliget
707 4007 881 4060 adhuc
902 4005 1218 4062 Jerusalem.
1254 4023 1273 4058 ι

511 4271 791 4343 Perpende
822 4283 1178 4343 porro,quant
1208 4269 1496 4339 prudenter
1521 4268 1829 4337 pr0plietica
1857 4267 2010 4323 nobis

2118 2025 2253 2079 Θεοῦ
2295 2027 2353 2079 ὲν
2401 2022 2688 2093 πνεύματι.
2720 2038 2739 2071 s
2777 2018 2888 2072 Καὶ
2915 2015 2980 2087 δὴ
3008 2014 3227 2081 ἁπάσης
3272 2008 3685 2079 ἀπεληλαμένης

2118 2114 2480 2186 ἀκαθαρσίας,
2509 2111 2907 2181 ἀνατειχίζεται
2961 2103 3114 2175 παρὰ
3154 2100 3311 2167 Θεοῦ,
3339 2101 3435 2154 καὶ
3478 2100 3687 2167 γίνεται

2119 2206 2272 2275 πόλις
2298 2205 2392 2258 τοῦ
2437 2204 2668 2274 μεγάλου
2702 2200 2986 2272 βασιλέως,
3013 2195 3254 2250 τουτέστι
3280 2189 3543 2262 Χριστοῦ.

2188 2297 2303 2352 Kal
2326 2293 2456 2350 εἷπε
2489 2295 2638 2362 πρός
2661 2309 2735 2360 με
2764 2294 2797 2345 ὀ
2824 2290 3078 2359 ἄγγελος
3123 2288 3156 2339 ό
3179 2281 3386 2337 λαλῶν
3417 2281 3486 2334 ἐν
3516 2279 3645 2349 ἐμοί
3667 2292 3688 2311 θ

2120 2391 2250 2443 Ἔτι
2280 2387 2603 2455 ἀνάκραγε,
2634 2382 2829 2451 λέγων
2849 2397 2866 2415 ο
2919 2377 3065 2434 Τάδε
3105 2376 3265 2444 λέγει
3295 2373 3512 2439 Κύριος
3540 2384 3689 2422 παν-

2115 2471 2413 2543 τοκράτωρ
2428 2493 2441 2505 ·
2463 2473 2591 2525 Ἔτι
2616 2468 3085 2537 διαχυθήσονται
3113 2464 3319 2526 πόλεις
3337 2461 3406 2513 ἐν
3426 2457 3686 2527 ἀγαθοῖς,

2115 2565 2213 2620 καί
2232 2563 2481 2631 ἐλεήσει
2511 2561 2728 2629 Κύριος
2756 2559 2844 2613 ἐτι
2868 2557 2981 2627 τὴν
3011 2554 3185 2618 Σιὼν,
3214 2552 3313 2606 καί
3338 2548 3583 2619 stips-tisi
3600 2547 3690 2601 ἔτι

2114 2657 2232 2723 τὴν
2272 2650 2678 2722 Ἰερουσαλήμ.

2183 2745 2263 2803 Θ’.
2304 2742 2726 2813 Παρατείνοντος
2752 2737 2846 2795 τοῦ
2868 2737 3061 2808 χρόνου
3085 2734 3184 2803 τῆς
3214 2729 3614 2803 αἰχμαλωσίας,
3632 2725 3690 2779 αἱ

2115 2836 2213 2906 τῆς
2246 2834 2504 2895 Ἰουδαίας
2542 2831 2727 2894 πόλεις
2759 2829 2911 2883 οὐδὲν
2945 2828 3010 2896 δὴ
3052 2820 3212 2897 ἦττον
3252 2820 3476 2876 καὶτῶν
3507 2819 3688 2906 Σαμα-

2117 2904 2313 2999 ρειτῶν
2353 2924 2708 2994 δξηρήμωντο
2757 2917 3055 2980 παντελῶς.
3099 2910 3251 2969 Οἷκοί
3295 2929 3355 2966 τε
3400 2911 3508 2980 γὰρ
3551 2904 3690 2999 ἦσαν

2115 2996 2589 3086 ἐμπεπρησμένοι,
2615 3011 2709 3065 καὶ
2741 3006 3025 3080 μονονουχὶ
3050 3005 3148 3073 τῆς
3170 2999 3526 3056 Βαϐυλωνίων
3549 2996 3695 3065 ὡμό-

2114 3123 2275 3177 τητος
2300 3102 2793 3175 κατακεκραγὸτες.
2832 3100 2926 3154 καὶ
2958 3096 3099 3152 αὐτὰ
3129 3096 3187 3150 δὲ
3228 3093 3296 3148 τὰ
3337 3090 3446 3144 τῶν
3487 3089 3693 3141 πόλεων

2120 3199 2395 3270 σχήματα.
2429 3190 2903 3265 κατηφανισμένα,
2936 3189 3030 3243 καὶ
3065 3181 3521 3252 ἀνατετραμμένα
3554 3194 3693 3270 “se-

2115 3269 2304 3351 τελῶς.
2341 3284 2733 3357 Εὐαριθμήτων
2758 3282 2815 3334 δὲ
2843 3278 3037 3350 κομιδῇ
3080 3272 3493 3334 κατοικούντων,
3524 3269 3695 3338 ἄνδρα

2120 3381 2217 3447 μὲν
2250 3380 2347 3431 οὐκ
2380 3373 2448 3447 ἦν
2477 3375 2747 3447 λαμπρὸν,
2784 3373 2816 3443 ἢ
2846 3372 2943 3426 καὶ
2993 3369 3194 3438 ἑτέρως
3248 3363 3517 3431 ἐπίσημον
3544 3360 3694 3421 ἰδεῖν,

2116 3468 2229 3518 ἀλλ’
2252 3467 2374 3517 οὐδὲ
2398 3469 2454 3517 ὲν
2482 3466 2749 3531 εὐπαθείᾳ
2769 3464 2927 3523 ὄντας
2954 3462 3125 3520 τινας,
3152 3455 3418 3521 κατηφεῖς
3440 3451 3496 3502 δὲ
3521 3451 3694 3501 ἄπαν-

2116 3570 2235 3614 τας,
2272 3551 2416 3620 λιμῷ
2468 3552 2563 3602 καὶ
2592 3551 2753 3617 πενία
2779 3538 3496 3614 κατηχθεσμὲνους.Τούτων
3516 3538 3695 3591 ⁴ἁπάνο

2116 3658 2224 3696 των
2270 3637 2489 3692 ἔσεσθαι
2534 3636 2718 3707 πέρας·
2755 3629 3169 3700 ἐπαγγέλλεται.
3216 3645 3235 3678 ι
3267 3624 3695 3695 Διαχυθήσονται

2116 3731 2245 3801 γὰρ,
2275 3728 2431 3799 φησὶ,
2465 3725 2650 3786 πόλεις
2692 3725 2751 3775 ὲν
2800 3719 3043 3788 ἀγαθοῖς,
3076 3736 3095 3769 s
3144 3715 3417 3771 τουτέστιν
3468 3714 3526 3765 ὲν
3571 3714 3695 3775 ταῖς

2115 3820 2369 3891 ἀρχαίαις
2392 3815 2713 3887 εὐημερίαις
2740 3812 2973 3875 ἔσονται,
3005 3808 3098 3863 καὶ
3140 3806 3560 3878 παρακειμένων
3590 3803 3690 3858 αὐ-

2113 3915 2233 3973 ταῖς
2257 3910 2367 3963 τῶν
2389 3911 2468 3971 είς
2493 3905 2756 3975 ἀφθονίαν
2778 3901 3015 3971 ἀγαθῶν,
3044 3896 3404 3971 μεταϐαλοῦσι
3426 3897 3524 3966 τὴν
3546 3896 3690 3963 ὄψιν,

2114 4004 2206 4058 καὶ
2228 4000 2661 4072 ἀναδραμοῦνται
2691 3996 2852 4050 πάλιν
2879 3996 2936 4047 ὲν
2961 3996 3074 4056 τοῖς
3101 3994 3221 4046 κατ’
3243 3992 3428 4061 εὐχήν.
3467 4010 3484 4040 ι
3510 3990 3690 4058 Ἐλεή-

2116 4114 2196 4149 σει
2247 4094 2358 4164 γὰρ
2408 4094 2611 4162 Κύριος
2642 4088 2723 4142 έτι
2755 4088 2854 4158 τὴν
2882 4084 3043 4151 Σιὼν,
3072 4084 3164 4139 καὶ
3209 4084 3441 4153 αίρετιεῖ
3482 4081 3562 4133 ἔτι
3591 4080 3690 4150 τὴν

2126 4185 2502 4258 Ἰερουσαλήμ.
2538 4202 2555 4234 t
2952 4230 2953 4233 η

2186 4277 2377 4347 ’Δθρει
2424 4274 2481 4327 δὲ
2516 4274 2664 4334 ὅπως
2694 4268 2961 4339 εὐτέχνως
2992 4268 3122 4337 ἡμῖν
3155 4270 3183 4320 ὁ
3214 4268 3310 4335 τῆς
3351 4262 3687 4335 προφητείας

439 4367 699 4437 procedat
734 4366 927 4419 oratio.
975 4362 1091 4445 lion
1142 4360 1282 4415 enim
1327 4359 1492 4431 664
1545 4361 1795 4417 universe
1837 4361 2005 4431 ipsum

2114 4370 2328 4442 πρόεισι
2360 4368 2534 4434 λόγος.
2572 4364 2645 4416 Οὐ
2676 4362 2784 4432 γὰρ
2814 4361 2893 4423 είς
2926 4359 3070 4412 ἅπαν
3099 4357 3266 4427 αὐτὴν
3296 4356 3535 4425 ἐλεήσειν
3562 4368 3687 4403 κατ-

440 4458 557 4512 fore
611 4444 1020 4511 misericordem
1069 4451 1313 4519 spondet,
1339 4466 1436 4506 nec
1488 4453 1543 4506 in
1589 4467 1750 4508 omne
1800 4462 2008 4521 tempus

2114 4461 2530 4530 επαγγέ).).εται,
2563 4454 2687 4508 οὔτε
2723 4451 2829 4523 μὴν
2857 4450 2935 4513 είς
2971 4449 3147 4502 πάντα
3181 4447 3370 4519 χρόνον
3399 4444 3651 4514 αἱρετιεῖν
3670 4457 3683 4470 θ

440 4552 760 4610 electurum,
783 4544 876 4599 sed
910 4543 1110 4608 adhuc,
1132 4540 1324 4611 inquit,
1358 4542 1596 4597 lenitatis
1628 4542 1796 4598 veluti
1853 4552 1996 4598 certa

2114 4556 2248 4617 me
2274 4552 2353 4618 τὸ,
2374 4551 2474 4617 ἔτι,
2492 4550 2649 4619 φησι,
2675 4541 3088 4617 μεμετρημένον
3100 4538 3293 4630 ὥσπερ
3320 4538 3409 4591 τὸν
3430 4538 3527 4630 τῆς
3551 4536 3688 4630 ἡμεῖ-

440 4651 699 4691 mettsura
720 4634 997 4691 deﬁnitum
1045 4646 1254 4702 tempus
1311 4632 1649 4701 promittens.
1693 4633 1822 4688 Erat
1862 4634 2004 4688 enim

2119 4651 2338 4723 ρότητος
2396 4642 2583 4713 χρόνον
2630 4637 3078 4707 ὑπισχνούμενος.
3110 4629 3357 4723 ἜμελλεΔ
3391 4626 3498 4723 γὰρ
3532 4622 3691 4723 μετὰ

439 4736 564 4797 post
599 4727 714 4782 bazc
734 4727 1030 4783 atrociores
1078 4727 1324 4783 subitura
1383 4724 1738 4789 calamitates,
1793 4733 2009 4794 prepter

2114 4716 2270 4793 τοῦτο
2300 4737 2411 4797 τοῖς
2441 4732 2521 4785 ἐτι
2548 4730 2785 4801 χείροσιν
2807 4724 3070 4777 ὲναλῶναι
3105 4720 3314 4779 κακοῖς,
3342 4716 3435 4767 ἐπὶ
3463 4716 3581 4775 ταῖς
3606 4717 3687 4776 εἰς

443 4818 620 4875 illatas
671 4818 895 4879 Christo
922 4819 1277 4874 contumelias
1322 4817 1699 4874 condemnata.
1740 4816 2009 4884 Quocirca

2114 4827 2346 4902 Χριστὸν
2399 4821 2704 4893 παροινίαις
2734 4811 3177 4882 κατεγνωσμένη.
3220 4806 3427 4902 Οὐκοῦν
3470 4806 3551 4872 τὸ,
3581 4806 3684 4865 ἔτι,

444 4911 573 4967 illud
608 4912 783 4967 adhuc
830 4911 983 4980 quasi
1036 4909 1337 4965 dimensum
1391 4909 1738 4979 benignitatis
1798 4918 2009 4977 tempus

446 5003 717 5070 declarat,
742 5018 863 5058 cum
901 5000 1320 5057 comminatione
1362 5000 1571 5056 occulta
1605 5000 1707 5070 ipsi
1728 5010 2011 5055 eventum-

443 5110 585 5161 t'um,
628 5097 716 5150 ubi
744 5094 989 5152 Christus
1012 5090 1258 5146 Salvator
1279 5101 1464 5147 noster
1496 5092 1792 5173 advenerit.

516 5272 678 5327 Vens.
717 5267 930 5326 18-21.
969 5267 1034 5322 I'It
1065 5266 1227 5321 levavi
1256 5266 1431 5320 oculos
1484 5283 1644 5333 meos,
1675 5276 1722 5320 et
1777 5267 1902 5331 vidi,
1957 5277 2007 5321 et

446 5380 560 5421 ecce
591 5370 819 5433 quatuor
833 5377 1051 5415 cornua.
1084 5359 1150 5415 Et
1176 5360 1292 5414 dixi
1338 5361 1407 5413 ad
1434 5359 1675 5429 angelum
1722 5360 1810 5429 qui
1834 5358 2012 5430 loque-

448 5457 601 5507 batur
632 5454 688 5506 in
714 5469 792 5506 me
812 5468 831 5507 :
859 5452 998 5517 Quid
1022 5460 1141 5505 sunt
1176 5450 1305 5516 lure,
1350 5449 1563 5505 Domine
1588 5453 1613 5504 .9
1662 5448 1730 5504 Et
1765 5452 1898 5507 dixit
1942 5450 2012 5503 ad

451 5558 570 5600 me:
602 5542 729 5597 llam
762 5559 979 5606 cornua,
1027 5558 1144 5609 qua:
1177 5543 1492 5609 dissiparant
1525 5543 1741 5608 Judam,
1763 5552 1811 5595 et
1848 5540 2015 5597 Israel

447 5646 495 5687 et
528 5632 842 5690 Jerusalem.
874 5633 939 5688 Et
977 5634 1199 5689 ostendit
1234 5633 1357 5685 mihi
1400 5632 1655 5688 Dominus
1682 5642 1905 5703 quatuor
1933 5630 2014 5699 fa-

521 5817 562 5843 ”
598 5819 616 5873 Ι
644 5820 797 5877 Esdr.
832 5835 868 5888 ι,
900 5819 951 5873 6.
1028 5818 1072 5849 ’³
1103 5816 1298 5888 Epltcs.
1326 5830 1384 5881 tt,
1418 5815 1505 5870 2‘2.

2118 4897 2533 4989 μεμετρημένον
2568 4910 2757 4977 ὥσπερ
2787 4905 2936 4977 δηλοῖ
2965 4901 3056 4957 τόν
3092 4902 3190 4970 ἧς
3213 4897 3545 4969 ἡμερότητος
3565 4897 3690 4968 χρό-

2116 5025 2227 5070 νον,
2258 5004 2487 5075 ἀπειλὴν
2529 5001 2723 5071 ἔχοντα
2761 4995 3057 5067 ἁσυμφανῆ
3102 4992 3212 5046 τῶν
3261 4989 3688 5061 συμϐησομένων

2117 5096 2255 5165 αὐτῇ
2290 5092 2433 5147 κατὰ
2463 5090 2587 5152 τοὺς
2620 5087 2841 5156 καιροὺς
2878 5085 2978 5153 τῆς
3002 5080 3094 5136 τοῦ
3117 5080 3366 5150 Σωτῆρος
3390 5078 3547 5148 ἡμῶν
3572 5078 3690 5132 ἑπι-

2119 5186 2183 5246 δη
2192 5185 2343 5246 μίας.

2150 5202 2437 5340 ηιᾟιῗῗῖρα
2469 5268 2611 5335 τοὺς
2662 5264 3014 5335 ὀφθαλμούς
3054 5280 3194 5332 μου,
3222 5261 3320 5315 καί
3370 5255 3554 5320 εἶδον,
3589 5256 3688 5309 καὶ

2118 5364 2247 5419 ἰδοὺ
2274 5363 2541 5427 τέσσαρα
2562 5357 2799 5425 κέρατα.
2827 5354 2936 5408 Kal
2964 5348 3106 5406 εἶπα
3129 5352 3279 5421 πρὸς
3306 5350 3413 5405 τὸν
3430 5348 3687 5418 ἄγγελον

2115 5455 2223 5508 τὸν
2270 5451 2579 5507 λαλοῦντα
2623 5449 2693 5501 ἐν
2734 5447 2898 5515 ἐμοί’
2947 5445 3007 5499 Τί
3053 5444 3181 5496 ἐστι
3228 5442 3432 5505 ταῦτα,
3472 5440 3689 5505 Κύριε;

2116 5544 2226 5599 Καὶ
2254 5539 2383 5597 εἷπε
2416 5541 2560 5609 πρός
2587 5556 2664 5610 με
2681 5557 2693 5570 ·
2728 5536 2917 5593 Ταῦτα
2947 5536 3019 5589 τὰ
3046 5534 3282 5603 κέρατα,
3310 5532 3382 5587 τὰ
3407 5529 3687 5594 διασκορ-

2119 5635 2381 5691 πίσαντα
2429 5632 2532 5687 τόν
2573 5631 2814 5688 Ἰούδαν.
2844 5628 2939 5682 καὶ
2991 5626 3095 5681 τὸν
3136 5623 3400 5693 Ἰσραὴλ,
3452 5619 3551 5676 καὶ
3590 5617 3689 5673 ἰεη
