4080 6284
449 456 511 508 5|
1476 456 1533 511 S.
1575 455 1851 511 CYRlLLI
1894 448 2363 509 ALEXANDNNI
2406 452 2723 508 ARGIIII'IP.
3635 459 3705 512 32

446 571 515 625 do
540 580 728 626 contra
752 584 849 627 eos
898 570 1017 626 acui
1049 586 1246 626 cornua
1273 569 1465 638 jubet?
1521 570 1707 640 Itaque
1764 577 2022 624 acuuntur

2129 567 2288 637 ζῆλον
2338 567 2531 636 μέγαν,
2567 566 2662 619 καὶ
2710 565 2868 635 θυμῷ
2920 564 3138 635 μεγάλῳ
3186 565 3476 638 ὀργίζομαι
3518 570 3611 621 ἐπὶ
3635 571 3704 622 τὰ

446 660 687 729 quidem,
725 679 828 717 nun
862 673 1037 718 tamen
1063 674 1249 716 contra
1274 661 1454 725 Israel,
1476 662 1568 716 sed
1595 671 1785 716 contra
1826 666 2024 714 semet-

447 753 583 821 ipsa.
624 753 757 808 lnse
789 763 972 808 mutuo
1024 769 1256 821 namque
1301 753 1725 814 insurrexerunt,
1777 752 2024 821 Assyrios

447 857 510 895 ac
544 842 860 912 Babylonios
898 844 1072 898 Persa:
1093 843 1301 899 etMedi
1322 842 1460 896 bello
1479 842 1863 898 lacessiverunt
1883 841 2025 912 Cyro

451 943 729 1000 regnante,
749 943 805 986 ut
833 950 990 1002 supra
1012 935 1213 989 dictum
1237 945 1340 990 est.
1364 936 1725 1002 Quamobrem
1758 932 1859 987 nisi
1926 946 2021 985 ex-

447 1029 602 1072 acuta
630 1017 856 1075 fuissent
896 1036 1117 1087 cornua,
1145 1034 1198 1078 et
1225 1024 1515 1094 expugnati
1565 1022 1864 1092 Babylonii,
1917 1034 2022 1074 non

448 1108 637 1163 luisset
686 1109 947 1164 servitute
1001 1113 1278 1168 absolutus
1338 1112 1523 1177 Israel,
1582 1127 1684 1166 non
1737 1120 2023 1178 exemptus

448 1199 675 1253 vinculis
701 1208 754 1254 et
785 1200 1001 1254 miseria
1031 1202 1377 1258 intolerabili.
1404 1202 1646 1269 Quatuor
1672 1201 1853 1269 itaque
1885 1198 2023 1253 labri

449 1304 647 1342 cornua
685 1300 939 1346 acuentes
973 1292 1022 1345 in
1051 1294 1294 1348 manibus
1323 1308 1531 1357 eorum,
1564 1294 1666 1347 hoc
1697 1301 1781 1346 est
1821 1291 2026 1345 haben-

452 1378 582 1429 tium
609 1392 694 1441 ea,
723 1379 835 1432 sive
863 1380 1151 1443 victorum,
1186 1390 1242 1433 ut
1282 1396 1436 1450 reges
1463 1380 1749 1436 Persarum
1826 1378 2025 1433 intelli-

450 1482 660 1534 gamus,
689 1470 907 1541 intelligi
937 1481 1158 1540 possunt
1189 1474 1389 1542 angeli,
1428 1472 1808 1529 decentissime
1839 1473 1905 1524 ad
1931 1469 2024 1525 Dei

442 1556 591 1625 jussa
630 1562 960 1618 conﬁcienda
990 1563 1293 1619 constituti.
1330 1563 1441 1619 Hoc
1490 1564 1651 1633 igitur
1677 1573 1794 1618 erat
1846 1560 2024 1630 subigi

446 1646 784 1720 Babylonios,
802 1662 857 1708 et
876 1654 976 1709 sub
1004 1654 1286 1723 imperium
1315 1652 1600 1709 Persarum
1641 1653 2025 1721 Medorumque

448 1740 613 1807 redigi
649 1740 716 1795 de
744 1743 939 1810 quibus
980 1743 1109 1799 alibi
1158 1743 1531 1801 universorum
1587 1742 1846 1798 Dominus
1900 1742 1970 1795 ait
2003 1756 2017 1791 :

451 1846 469 1880 ι
504 1828 834 1887 Sanctiﬁeati
861 1842 1008 1897 sunt,
1031 1845 1087 1889 et
1116 1850 1216 1904 ego
1239 1836 1446 1891 adduco
1471 1850 1571 1891 eos
1596 1852 1611 1901 ;
1656 1835 1900 1903 gigantes
1932 1848 2023 1888 ve-

443 1923 599 1976 niunt
625 1922 849 1991 implere
871 1922 1105 1980 furorem
1144 1941 1343 1992 meum,
1373 1928 1665 1997 gaudentes
1680 1924 1841 1981 simul
1860 1934 1914 1981 et
1932 1940 2025 1980 su-
2056 1904 2101 1958 Β

444 2012 750 2078 perbientes
778 2014 845 2069 “.
873 2033 892 2067 ι

2125 656 2251 727 ἔθνη
2280 658 2348 711 τὰ
2383 656 2852 727 συνεπιτιθεμενα.
2875 656 3014 710 Ἀνθ“
3045 649 3121 709 ὧν
3153 656 3263 724 ἐγὼ
3294 657 3392 727 μὲν
3423 658 3705 727 ὠργίσθην

2124 747 2298 815 ὀλίγα,
2328 748 2483 799 αὐτοὶ
2509 748 2566 799 δὲ
2603 746 2959 799 συνεπέθεντο
2997 746 3077 808 είς
3104 746 3271 801 κακά.
3306 766 3324 799 ι
3346 748 3403 799 '0
3435 747 3513 811 δὲ,
3549 749 3700 817 ὀλίγα

2125 838 2220 891 καὶ
2253 836 2580 907 συμμέτρως
2610 836 2976 906 ὠργισμένος,
3001 836 3095 889 καὶ
3120 835 3280 906 ζῆλον
3307 838 3560 906 ἐπαφιεὶς
3593 843 3704 903 τοῖς

2126 927 2550 997 πεπορθηκόσιν,
2573 927 2654 980 ὅτι
2685 926 2836 996 παρά
2865 925 3022 993 λόγον
3055 926 3348 996 δεδράκασι
3378 926 3447 979 τά
3475 928 3552 990 είς
3576 930 3703 992 τοὺς

2125 1017 2350 1080 ἁλόντας
2402 1016 2749 1088 τολμήματα,
2792 1017 2910 1080 πῶς
2937 1014 3219 1080 ὀξύνεσθαι
3255 1018 3374 1070 κατ’
3404 1017 3583 1071 αὐτῶν
3612 1036 3705 1071 κε-

2124 1107 2269 1161 λεύει
2307 1107 2376 1161 τὰ
2408 1109 2655 1179 κέρατα;
2700 1108 2908 1162 Οὐκοῦν
2958 1108 3231 1175 ὀξύνονται
3280 1110 3397 1179 μὲν,
3454 1110 3591 1181 πλὴν
3641 1112 3701 1163 ού

2127 1198 2267 1251 κατὰ
2293 1214 2356 1266 γε
2384 1199 2477 1252 τοῦ
2513 1198 2751 1269 Ἰσραὴλ,
2791 1198 2930 1253 ἀλλά
2961 1200 3103 1253 κατὰ
3137 1200 3287 1267 σφῶν
3320 1202 3522 1256 αὐτῶν.
3558 1204 3704 1255 Κατ-

2125 1288 2487 1359 εξανέστησαν
2516 1287 2625 1360 γὰρ
2662 1290 2917 1362 ἀλλήλων,
2952 1292 3046 1345 καὶ
3086 1293 3535 1364 πεπολεμήκασιν
3583 1294 3708 1345 Ἀσ-

2127 1380 2335 1449 συρίοις
2377 1395 2439 1431 τε
2469 1379 2565 1433 καὶ
2596 1380 2960 1443 Βαϐυλωνίοις
2994 1381 3197 1450 Πέρσαι
3233 1384 3327 1435 καὶ
3355 1384 3553 1453 Μῆδοι,
3592 1382 3705 1434 Κύ-

2128 1489 2222 1544 ρου
2260 1469 2730 1539 βεϐασιλευκότος,
2762 1471 3014 1541 καθάπερ
3047 1471 3146 1541 ἤδη
3186 1472 3527 1543 προείρηται.
3562 1474 3706 1525 Ούκο

2122 1561 2236 1626 οὖν,
2274 1562 2321 1613 εί
2370 1559 2446 1630 μὴ
2479 1558 2693 1630 ὼξύνθη
2736 1560 2806 1614 τὰ
2853 1560 3081 1631 κέρατα,
3116 1563 3210 1615 καὶ
3255 1562 3593 1632 ὲπεπόρθητο
3638 1563 3707 1614 τὰ

2123 1653 2498 1717 Βαϐυλωνίων,
2532 1653 2634 1705 οὐκ
2666 1652 2732 1705 ἂν
2764 1652 3083 1721 ἀπήλλακτο
3132 1653 3377 1717 δουλείας
3406 1656 3434 1707 6
3465 1655 3703 1725 Ἰσραὴλ,
3722 1704 3749 1720 ,ι

2122 1747 2223 1799 οὐκ
2249 1746 2315 1799 ἂν
2356 1745 2545 1815 ἀνείθη
2576 1742 2812 1814 δεσμῶν,
2845 1743 2938 1797 καὶ
2974 1744 3074 1812 τῆς
3109 1745 3382 1816 ἀφορήτου
3424 1745 3704 1799 ταλαιπω-

2129 1837 2267 1908 ρίας.
2300 1837 2364 1889 Ol
2409 1835 2589 1889 τοίνυν
2641 1834 2908 1903 τέσσαρες
2956 1835 3227 1899 τέκτονες,
3273 1837 3322 1888 οί
3382 1835 3451 1887 τὰ
3500 1835 3706 1903 κέρατα

2129 1926 2540 1997 παραθήγοντες
2568 1926 2625 1977 ὲν
2651 1926 2836 1996 χερσὶν
2866 1923 3068 1988 αὐτῶν,
3100 1924 3350 1977 τουτέστι
3400 1922 3510 1976 τῶν
3557 1924 3709 1993 ἐχόν-

2129 2032 2237 2068 των
2270 2016 2428 2081 αὺτὰ,
2459 2016 2582 2086 ήτοι
2626 2014 2735 2068 τῶν
2781 2012 3147 2086 κρατούντων,
3177 2014 3263 2067 ἵνα
3308 2015 3436 2078 τοὺς
3482 2013 3709 2083 Περσῶν

444 2100 654 2172 νοῶμεν
723 2103 999 2172 βασιλέας,
1064 2108 1304 2178 νοηθετεν
1352 2110 1592 2179 ἄγγελοι,
1621 2110 1682 2163 τὸ
1728 2108 1919 2164 δοκοῦν
1967 2106 2086 2178 Θεῷ
2124 2107 2517 2177 ἀποπεραίνειν
2566 2103 2626 2162 εὖ
2693 2107 2839 2178 μάλα
2891 2107 3374 2177 προστεταγμένοι.
3421 2105 3591 2160 Τοῦτο
3641 2102 3707 2175 ἦν

442 2190 551 2259 ἄρα
584 2191 646 2244 τὸ
687 2192 889 2247 ἁλῶναι
928 2195 1025 2267 τὴν
1057 2198 1437 2263 Βαϐυλωνίων,
1472 2200 1565 2253 καὶ
1594 2201 1699 2253 ὑπὸ
1731 2202 1887 2270 χεῖρα
1925 2197 2180 2267 γενέσθαι
2242 2198 2468 2269 Περσῶν
2531 2214 2590 2250 τε
2626 2199 2720 2251 καὶ
2750 2197 2972 2269 Μήδων,
3011 2198 3141 2267 περὶ
3207 2191 3281 2251 ὧν
3342 2196 3569 2267 ἑτέρωθί
3601 2197 3704 2248 πού

447 2298 612 2352 φησιν
645 2285 673 2337 6
705 2285 816 2339 τῶν
838 2287 977 2342 ὅλων
1006 2291 1309 2362 Δεσπότης·
1348 2312 1366 2344 ι
1391 2294 1745 2363 Ἡγιασμένοι
1782 2294 1909 2357 εἰσὶ,
1968 2291 2062 2345 καὶ
2098 2290 2209 2359 ἐγὼ
2253 2291 2371 2359 ἀγω
2415 2291 2635 2355 αὐτοὺς,
2663 2290 2919 2358 γίγαντες
2966 2292 3212 2363 ἔρχονται
3259 2292 3545 2364 πληρῶσαι
3615 2291 3705 2343 τὸν

446 2374 615 2446 θυμόν
643 2395 766 2447 μου,
804 2382 1083 2452 χαίροντες
1113 2385 1231 2454 ἅμα
1283 2387 1377 2438 καὶ
1412 2384 1746 2457 ὑϐρίζοντες.
1784 2405 1801 2435 ι

991 2515 1155 2589 666
1225 2517 1373 2573 car.
1408 2516 1469 2573 ιι.

517 2645 678 2699 Vens.
733 2648 785 2713 l,
830 2649 884 2703 5.
928 2649 993 2704 Et
1037 2650 1197 2705 (anui
1254 2653 1434 2708 oculos
1474 2671 1633 2722 meos,
1676 2667 1725 2711 et
1766 2657 1908 2729 uidi,
1973 2666 2021 2711 et

444 2752 558 2789 ecce
606 2740 705 2803 vir,
739 2749 785 2793 et
842 2742 898 2795 in
945 2759 1101 2796 manu
1164 2746 1277 2814 ejus
1330 2747 1597 2815 funiculus
1654 2752 2020 2815 geometricas.

2722 2508 2974 2566 ΚΕΦΑΛ.
3027 2513 3099 2565 B'.

2197 2640 2303 2699 Kal
2349 2638 2467 2713 ἦρα
2510 2641 2651 2709 τοὺς
2688 2643 3035 2712 ὀφθαλμούς
3077 2663 3216 2715 μου,
3253 2650 3353 2701 καὶ
3397 2647 3579 2714 εἶδον,
3609 2652 3706 2706 καί

2123 2733 2254 2788 ίδοὺ
2289 2734 2464 2801 ἀνὴρ,
2491 2732 2588 2787 καὶ
2612 2733 2681 2787 ἐν
2707 2733 2781 2801 τῇ
2802 2734 2951 2803 χειρὶ
2977 2737 3161 2791 αὑτοῦ
3191 2741 3472 2806 σχοινίον
3494 2759 3708 2812 γεωμευ

449 2827 514 2880 Et
557 2830 667 2883 diri
714 2835 784 2884 ad
830 2850 946 2887 eum
983 2851 1002 2889 :
1043 2834 1160 2900 Quo
1197 2847 1251 2890 tu
1285 2840 1470 2893 vadis?
1502 2840 1568 2893 Et
1606 2841 1741 2895 dixit
1786 2844 1854 2895 ad
1901 2856 2019 2895 me:

2124 2827 2347 2894 τρικόν.
2386 2825 2498 2880 Kal
2542 2821 2681 2879 εἶπα
2718 2826 2868 2894 πρὸς
2913 2828 3128 2881 αὐτόν·
3166 2830 3290 2884 Ποῦ
3332 2832 3413 2885 σὺ
3448 2834 3703 2901 πορεύω

448 2913 512 2968 Ut
565 2918 808 2973 dimetiar
863 2920 1179 2981 Jerusalem.
1204 2936 1248 2978 et
1300 2927 1501 2981 videam
1565 2939 1762 2998 quanta
1793 2928 2021 2983 latitudo

2129 2916 2241 2969 Kal
2263 2911 2393 2969 εἷπε
2418 2916 2567 2983 πρός
2585 2931 2661 2985 με
2683 2933 2697 2947 υ
2726 2916 3123 2984 Διαμετρῆσαι
3148 2918 3260 2987 τὴν
3284 2920 3703 2992 Ἰερουσαλὴμ,

442 3011 562 3075 ejus
610 3020 686 3063 est
739 3021 787 3064 et
815 3022 1014 3081 quanta
1053 3016 1343 3086 longitudo.
1392 3016 1456 3071 Et
1496 3036 1612 3073 ecce
1667 3022 1882 3091 angelus
1932 3024 2021 3091 qui

2126 3007 2234 3060 τοῦ
2284 3004 2432 3059 ἰδεῖν
2479 3007 2741 3074 πηλίκον
2786 3005 2853 3059 τὸ
2896 3007 3122 3074 πλάτος
3168 3008 3359 3077 αὐτῆς
3405 3011 3536 3064 ἐστι
3606 3013 3705 3066 καί

442 3099 757 3166 loquebatur
819 3104 874 3157 in
922 3122 1022 3170 me,
1080 3107 1274 3175 stabat,
1317 3118 1366 3162 et
1417 3112 1631 3180 angelus
1685 3112 1822 3165 alius
1879 3128 2021 3182 egre-

2126 3098 2388 3166 πηλίκον
2421 3097 2486 3150 τὸ
2522 3096 2738 3166 μῆκος.
2773 3098 2882 3151 Kal
2929 3099 3057 3153 ιδοὺ
3088 3102 3119 3152 ὀ
3145 3099 3398 3167 ἄγγελος
3435 3103 3468 3154 ὁ
3498 3102 3706 3157 λαλῶν

442 3187 685 3243 diebamr
722 3190 778 3244 in
818 3208 1089 3247 occursum
1116 3194 1257 3264 ejus,
1277 3207 1324 3250 et
1365 3199 1499 3251 dixit
1542 3201 1611 3253 md
1638 3216 1777 3266 eum,
1807 3202 2022 3254 dicens:

2126 3190 2196 3243 ἐν
2222 3189 2351 3259 ἐμοὶ
2379 3189 2662 3257 εἱστήκει,
2686 3188 2783 3242 καί
2814 3189 3068 3259 ἅγγελος
3093 3189 3295 3257 ἔτερος
3317 3189 3706 3259 ἐξεπορεύετο

443 3276 728 3349 Frugifera
777 3281 1100 3337 habitabitur
1124 3285 1422 3341 Jerusalem
1454 3306 1485 3343 a
1517 3291 1855 3345 multitudine
1915 3292 2011 3346 Iro-

2122 3284 2200 3346 εἰς
2227 3279 2614 3349 συνάντησιν
2663 3278 2845 3345 αὐτῷ,
2872 3279 2973 3333 καί
3017 3277 3149 3333 εἷπε
3188 3280 3336 3347 πρὸς
3371 3281 3577 3345 αὑτὸν,
3612 3284 3705 3349 λέ.

444 3369 642 3419 minum
694 3376 741 3420 et
764 3367 1122 3436 jumentorum
1180 3391 1297 3441 qua:
1339 3379 1395 3429 iu
1429 3381 1597 3433 medio
1656 3383 1789 3450 ejus,
1816 3394 1864 3436 et
1923 3400 2015 3453 ego

2122 3386 2268 3439 rwr'
2325 3371 2719 3440 Κατὰκαρπος
2766 3372 3267 3441 κατοικηθήσεται
3298 3373 3704 3443 Ἰερουσαλὴμ

443 3474 533 3512 ero
559 3458 659 3522 illi,
682 3459 808 3512 dicit
842 3460 1114 3529 Dominus,
1147 3480 1325 3520 murus
1353 3468 1490 3537 ignis
1530 3470 1586 3522 in
1608 3472 1855 3540 circuitu,
1881 3488 1927 3526 et
1963 3476 2016 3528 iu

2122 3460 2234 3513 ἀπὸ
2259 3460 2530 3524 πλήθους
2555 3460 2901 3527 ἀνθρώπων,
2932 3462 3031 3512 καὶ
3058 3460 3294 3527 κτηνῶν
3316 3462 3385 3513 ἑν
3405 3461 3572 3529 μέσῳ
3594 3466 3703 3516 αὑ-

444 3548 669 3616 gloriam
709 3563 800 3603 ero
825 3550 879 3604 in
909 3552 1078 3606 medio
1109 3553 1244 3623 ejus.

516 3810 604 3868 Xl.
644 3813 758 3868 Non
782 3831 902 3871 esse
934 3830 1159 3876 exacuta
1186 3838 1385 3878 cornua
1416 3836 1604 3880 contra
1634 3828 1908 3891 lsraelem,
1928 3832 2022 3885 sed

444 3910 631 3956 contra
670 3918 763 3958 eos
795 3907 972 3973 potius
1036 3911 1127 3978 qui
1174 3912 1599 3981 Hierosolymam
1662 3929 1823 3985 atque
1859 3920 2021 3973 etiam

442 3991 683 4046 Judaeam
713 4000 1023 4051 everterunt
1063 4013 1127 4053 ac
1185 4000 1516 4069 lacerarunt,
1574 4006 1820 4073 proxime
1865 4022 2025 4074 supe-

444 4080 558 4135 rior
608 4078 742 4134 visio
767 4080 1080 4149 planissime
1124 4089 1484 4147 demonstrat.
1523 4093 1707 4148 Elevat
1759 4095 2022 4163 siquidem

445 4184 664 4225 rursum
718 4172 906 4228 oculos
944 4176 1226 4245 propheta,
1249 4194 1352 4232 non
1408 4180 1591 4249 utique
1632 4185 1895 4251 corporis,
1928 4186 2024 4241 sed

444 4262 730 4319 interiores
750 4266 944 4334 potius,
976 4275 1030 4322 et
1071 4270 1160 4339 qui
1221 4270 1579 4342 intelligentia
1630 4274 2022 4344 percipiuntur.

443 4353 579 4408 Tum
610 4359 900 4425 quemdam
923 4374 981 4415 se
1013 4361 1208 4417 vidisse
1240 4364 1317 4416 ait
1351 4363 1547 4430 forma,
1578 4377 1632 4421 et
1661 4367 1845 4423 habitu
1898 4369 2021 4435 viri,

442 4442 741 4497 funiculum
774 4454 1041 4502 tenentem
1084 4451 1493 4517 geometricum,
1519 4467 1677 4521 quem
1706 4467 2024 4525 percuncta-

2118 3548 2249 3617 τῆς,
2278 3549 2373 3602 καὶ
2413 3548 2528 3617 ἐγὼ
2570 3548 2781 3616 ἔσομαι
2820 3547 2994 3616 αὐτῇ,
3028 3548 3191 3617 λέγει
3230 3551 3468 3618 Κύριος,
3508 3552 3703 3622 τεῖχος

2120 3638 2309 3706 πυρὸς
2352 3639 2671 3703 κυκλόθεν,
2703 3637 2803 3691 καὶ
2852 3641 2939 3704 εἰς
2978 3638 3166 3703 δόξαν
3199 3639 3410 3711 ἔσομαι
3440 3643 3509 3696 ἐν
3537 3644 3704 3713 μέσῳ

2121 3728 2331 3797 αὐτῆς.

2194 3821 2294 3875 lA'.
2337 3822 2459 3875 Ὅτι
2495 3820 2569 3890 μὴ
2603 3819 2747 3873 κατὰ
2771 3820 2865 3873 τοῦ
2898 3821 3118 3893 Ἰσραήλ
3146 3822 3358 3895 ὼξύνθη
3384 3825 3450 3877 τὰ
3473 3827 3695 3897 κέρατα,

2124 3914 2241 3964 κατ’
2263 3910 2489 3965 ἐκείνων
2518 3910 2575 3963 δὲ
2610 3910 2827 3981 μᾶλλον,
2856 3911 2904 3964 οἳ
2930 3906 3074 3966 εἶλόν
3100 3931 3159 3965 τε
3192 3915 3287 3967 καὶ
3322 3917 3700 3989 πεπορθήκασι

2122 3998 2221 4069 τὴν
2255 3999 2632 4071 Ἰερουσαλὴμ,
2676 4000 2770 4053 καὶ
2797 3994 2980 4070 μέντοι
3024 4000 3122 4071 τὴν
3145 4003 3423 4068 Ἰουδαίαν,
3448 4007 3479 4074 ή
3505 4006 3700 4072 γείτων

2123 4093 2313 4161 ὅρασις
2357 4092 2644 4158 ἑκδείξειεν
2681 4091 2768 4157 ἂν,
2800 4094 2895 4146 καὶ¹
2946 4095 3090 4162 μάλα
3121 4093 3376 4159 εὐκόλως.
3409 4097 3561 4166 Λίρει
3590 4097 3698 4167 γὰρ

2125 4182 2285 4236 πάλιν
2315 4182 2440 4245 τοὺς
2469 4183 2778 4253 ὀφθαλμοὺς
2802 4184 2831 4235 6
2864 4187 3166 4256 προφήτης,
3204 4186 3296 4238 καὶ
3322 4186 3443 4256 οὐχὶ
3470 4186 3532 4256 δὴ
3566 4186 3699 4239 πάν-

2122 4289 2230 4335 τως
2259 4274 2385 4336 τοὺς
2413 4273 2508 4326 τοῦ
2543 4273 2814 4343 σώματος,
2848 4275 2973 4338 τοὺς
3001 4276 3057 4329 δὲ
3091 4272 3289 4345 μᾶλλον
3316 4279 3410 4331 καὶ
3452 4278 3716 4347 νοητούς..

2125 4358 2257 4415 Εἷτά
2285 4380 2408 4416 τινα
2439 4362 2725 4416 τεθεᾶσθαί
2751 4380 2913 4434 φησιν
2943 4367 2998 4417 ὲν
3029 4366 3222 4438 ἀνδρὸς
3268 4368 3529 4437 σχήματι,
3551 4383 3699 4435 σχοι-

2123 4452 2233 4505 νίον
2268 4453 2565 4525 κατέχοντα
2601 4454 2993 4524 γεωμετρικόν·
3025 4456 3187 4525 ἤρετο
3214 4456 3269 4508 δὲ
3304 4456 3464 4510 πάλιν
3489 4457 3572 4526 ἐφ’
3594 4458 3699 4527 ὅτῳ

445 4544 531 4587 tus
563 4540 665 4597 est,
706 4532 859 4603 cujus
886 4535 963 4589 rei
998 4538 1168 4605 gratia
1202 4541 1406 4594 veniret
1434 4553 1488 4597 et
1513 4545 1637 4611 quid
1685 4547 1789 4600 sibi
1826 4561 2022 4615 propo-

2123 4561 2182 4596 τε
2216 4542 2437 4614 βαδίζει,
2468 4544 2565 4598 καὶ
2586 4545 2672 4608 τίς
2704 4546 2732 4598 6
2782 4546 2983 4608 σκοπὸς
3013 4547 3180 4617 αὐτῷ.
3218 4548 3323 4600 Τοῦ
3377 4548 3433 4599 δὲ
3481 4548 3545 4619 δὴ
3595 4552 3692 4617 φά-

443 4622 662 4679 suisset.
706 4619 784 4678 Eo
842 4626 1242 4696 respondente,
1296 4630 1432 4685 velle
1492 4634 1668 4689 metiri
1714 4633 2014 4691 Jerusalem

444 4851 458 4865 ,
539 4842 555 4859 .
633 4842 649 4858 .
730 4842 746 4858 .
818 4841 836 4858 .
906 4844 922 4860 .
1013 4844 1027 4859 .
1111 4809 1232 4877 .(l)
1290 4811 1513 4869 incenso
1566 4827 1747 4870 autem
1797 4828 1852 4872 et
1901 4819 2015 4886 ipso

441 4892 625 4949 divino
670 4893 898 4962 templo,
928 4910 1127 4967 perque
1178 4908 1340 4954 totam
1374 4899 1614 4959 Judream
1666 4906 1915 4961 domibus
1960 4915 2017 4963 et

442 4985 667 5039 urbibus
696 4984 1048 5049 excisis,eam
1085 5002 1270 5044 rursus
1299 5002 1540 5047 erectqu
1568 4994 1654 5061 iri,
1680 5011 1803 5065 spes
1830 4998 2011 5067 aliquo

443 5074 603 5129 modo
633 5074 886 5144 perierat.
919 5075 1165 5132 Ostendit
1192 5094 1323 5150 ergo
1355 5082 1514 5149 Deus,
1530 5085 1786 5142 cornibus
1812 5102 2012 5143 exacu-

441 5164 533 5229 tis,
574 5165 673 5220 hoc
696 5176 779 5223 est
822 5170 1093 5239 gentibus,
1128 5170 1239 5226 sive
1277 5174 1456 5242 regnis
1503 5175 1647 5231 inter
1690 5193 1749 5233 se
1788 5178 2012 5250 bellige-

442 5256 688 5312 rantibus
754 5269 1182 5317 resurrecturum
1240 5262 1428 5329 Israel,
1463 5275 1518 5320 et
1556 5267 1902 5324 habitandam
1948 5271 2014 5325 de

444 5346 779 5416 iutegrojatn
804 5352 1078 5409 dilatatam
1100 5355 1423 5424 JeruSalem,
1449 5358 1627 5414 divina
1664 5360 1858 5416 virtute
1896 5378 2015 5417 mu-

443 5437 633 5502 uitam,
682 5443 1038 5513 supernisque
1080 5446 1352 5505 favoribus
1397 5448 1544 5505 velut
1609 5451 2014 5524 inexpugnabili

519 5606 560 5641 ³¹
596 5612 698 5665 lsa.
723 5629 840 5669 xm.
870 5612 925 5673 5.

2124 4650 2342 4699 σκοντος
2368 4635 2729 4706 διαμετρῆσαι
2758 4636 2858 4706 τὴν
2893 4636 3269 4706 Ἰερουσαλὴμ,
3327 4675 3343 4689 .
3384 4676 3398 4687 .
3444 4678 3457 4689 .
3503 4678 3516 4689 .
3562 4676 3576 4689 .
3620 4679 3634 4692 .
3681 4680 3695 4694 .

2124 4858 2137 4871 .
2183 4857 2196 4870 .
2242 4854 2259 4870 .
2299 4816 2708 4888 ἐμπρησθέντος
2736 4818 2792 4870 δὲ
2818 4817 2912 4870 καὶ
2932 4815 3095 4869 αὑτοῦ
3128 4815 3219 4869 τοῦ
3249 4817 3394 4870 θείου
3429 4818 3579 4885 ναοῦ,
3608 4825 3699 4875 καὶ

2117 4906 2225 4961 τῶν
2254 4908 2361 4962 ἀνὰ
2397 4909 2576 4961 πᾶσαν
2602 4908 2701 4979 τὴν
2728 4906 2991 4961 Ἰουδαίαν
3037 4908 3201 4961 οἴκων
3252 4924 3311 4960 τε
3361 4909 3452 4960 καὶ
3492 4910 3698 4964 πόλεων

2117 4998 2639 5070 ἀνατετραμμένων,
2674 4997 2915 5070 ἀνῄρητό
2938 5015 3054 5060 πως
3094 4999 3126 5066 ή
3160 4998 3315 5061 ἐλπὶς
3342 4998 3435 5052 τοῦ
3468 5002 3559 5053 καὶ
3587 5002 3698 5054 είσ-

2116 5088 2273 5153 αὖθις
2293 5088 2463 5160 αὐτὴν
2486 5087 2797 5158 ἀνασφῆλαι
2824 5088 3103 5142 δύνασθαι.
3128 5088 3409 5144 Δείκνυσιν
3430 5087 3521 5144 οὖν
3543 5092 3695 5157 Θεὸς,

2115 5181 2318 5233 ὅτιτῶν
2339 5182 2587 5251 κεράτων
2604 5179 3078 5250 παρωξυμμένων,
3096 5182 3341 5234 τουτέστι
3381 5184 3488 5236 τῶν
3505 5185 3695 5248 ἐθνῶν,

2117 5273 2233 5342 ἦτοι
2261 5272 2368 5325 τῶν
2403 5271 2710 5341 βασιλειῶν,
2744 5270 2838 5323 καὶ
2870 5272 2961 5323 τὸν
2996 5273 3132 5340 πρὸς
3169 5273 3432 5344 ἀλλήλους
3465 5278 3699 5346 πόλεμον

2117 5363 2654 5434 συγκεκροτηκότων,
2700 5360 3020 5431 ἁνεθήσεται
3075 5365 3173 5431 μὲν
3201 5366 3438 5437 Ἰσραὴλ,
3485 5370 3694 5439 οἰκήσει

2116 5451 2173 5505 δὲ
2214 5453 2374 5507 πάλιν
2407 5452 2864 5525 κατευρυνθεῖσαν
2905 5452 3003 5523 τὴν
3048 5452 3397 5527 Ἰερουσαλὴμ
3446 5457 3539 5511 καὶ
3574 5459 3696 5530 θείᾳ

518 5786 595 5858 (ι)
631 5791 888 5862 Suspicor
921 5780 1099 5849 minus
1131 5808 1289 5864 quam
1320 5810 1415 5864 pro
1448 5795 1650 5852 lacuna:
1678 5799 1873 5867 spatio,
1908 5810 1999 5855 aut
2030 5801 2167 5859 fut‘lc
2194 5802 2358 5858 etiam
2388 5804 2518 5859 nihil
2545 5807 2607 5862 ad
2637 5808 2958 5863 sententiam
2987 5809 3265 5865 omissum.
3297 5808 3578 5878 Inlcrprcs.
