4080 6284
405 245 473 298 55
1236 241 1775 300 COMMENTARIUS
1814 240 1878 296 IN
1923 240 2321 297 ZACIIARIAM
2363 241 2804 297 PBOPHETAM.
3575 238 3645 293 31

404 359 631 429 δυνάμει
674 359 1131 428 πεπυργωμένην,
1165 361 1257 412 καὶ
1298 354 1408 413 οἷον
1437 361 1637 430 ἀμάχῳ
1673 361 1832 429 φλογὶ
1861 363 1979 424 ταῖς
2013 413 2015 421 ,

2036 370 2053 421 ι
2086 360 2300 415 ﬂamma
2340 362 2779 431 circumseptam.
2816 358 3000 415 Currit
3027 373 3156 428 ergo
3184 355 3403 429 angelus
3434 366 3492 410 ut
3540 371 3647 412 mc-

404 448 610 501 ἄνωθεν
638 448 943 517 εὑμενείαις
973 447 1359 518 διεζωσμένην.
1395 449 1590 519 Τρέχει
1618 450 1794 502 τοίνυν
1819 453 1848 502 ὁ
1873 450 1970 517 ἄγ-

2081 455 2242 506 tiatur
2289 450 2610 514 Jerusalem,
2640 451 2861 517 ejusque
2913 449 3243 503 latitudinem
3306 457 3361 502 et
3419 446 3647 519 longitu-

406 538 557 604 γελος
591 538 920 609 ἐκμετρῆσαι
963 539 1060 608 τὴν
1099 538 1477 611 Ἰερουσαλὴμ,
1512 541 1607 593 καὶ
1648 535 1762 593 οἷον
1791 542 1971 611 ὁρίσαι

1940 559 1971 592 ιι
2078 548 2257 603 dinem
2288 548 2441 617 quasi
2499 546 2739 601 deliuiat.
2771 544 2836 599 Et
2871 546 2982 599 hazc
3027 543 3244 613 quidem
3276 543 3551 597 historice.

407 630 665 682 πλατεῖαν
703 624 870 700 αὐτὴν
925 632 1018 684 καὶ
1066 632 1503 702 εὐμηκεστάτην.
1537 633 1647 686 Καὶ
1681 634 1837 686 ταυτλ⁵
1875 634 1973 702 μὲν

409 723 714 793 ἱστορικῶς.

470 815 639 884 Φαξην
688 814 732 868 δ’
779 814 845 868 ἂν
891 815 971 869 ὅτι
1029 816 1123 869 καὶ
1174 817 1259 870 ἐπ’
1294 818 1465 888 αὐτῆς
1513 818 1612 888 τῆς
1652 817 1975 888 Ἐκκλησίας

2151 816 2539 873 Amrmaverim
2571 830 2732 885 porro
2758 814 2920 869 etiam
2950 814 3018 869 de
3064 811 3179 881 ipsa
3218 810 3421 866 Christi
3461 809 3644 863 Eccle-

403 903 638 973 Χριστοῦ
670 906 840 958 νοοῖτο
882 904 950 959 ἂν
979 907 1203 970 εἰκότως
1234 909 1266 977 ἡ
1297 908 1508 979 ὅρασις.
1545 907 1975 979 Τετυραννεύκει

2080 907 2158 961 sia
2229 908 2402 960 visum
2450 908 2550 960 hoc
2589 914 2714 973 apte
2763 903 3021 973 explicari
3076 916 3253 970 posse.
3321 898 3648 954 Exercuerat

406 994 503 1063 μὲν
528 994 633 1064 γὰρ
673 995 813 1048 κατὰ
848 996 1063 1049 πάντων
1092 1000 1122 1049 ὸ
1148 998 1397 1060 Σατανᾶς
1424 997 1533 1051 τῶν
1562 998 1728 1052 ὄντων
1760 999 1852 1051 ἐπὶ
1876 998 1976 1067 τῆς

2081 998 2222 1050 enim
2254 996 2590 1066 tyrannidem
2625 994 2856 1050 Satanas
2918 996 2969 1048 in
3024 992 3279 1048 mortales
3345 991 3644 1054 universes,

403 1084 528 1154 γῆς,
555 1087 650 1138 καὶ
677 1087 980 1154 γεγόναμεν
1025 1088 1378 1156 αἰχμάλωτοι,
1412 1091 1522 1151 τοῖς
1555 1090 1765 1142 ἐκείνου
1793 1089 1977 1157 ζυγοῖς

2081 1101 2407 1155 eramusque
2439 1086 2666 1154 captivi,
2708 1084 2997 1153 illinsjugo
3034 1082 3253 1137 subditi.
3288 1081 3484 1136 Verum
3531 1077 3648 1132 Sal-

356 1228 369 1241 \
405 1174 847 1245 ὑπενηνεγμένοι.
868 1176 1005 1228 Ἀλλ’
1037 1180 1070 1246 ἡ
1098 1178 1191 1231 τοῦ
1226 1179 1476 1249 Σωτῆρος
1504 1180 1664 1250 χάρις
1691 1180 1967 1250 συνέτριψε

2081 1178 2284 1233 vatoris
2321 1178 2496 1247 gratia
2541 1179 2658 1243 ejus
2706 1192 2874 1230 cornu
2912 1173 3188 1236 contrivit,
3239 1180 3294 1227 et
3342 1170 3646 1239 superbiam

407 1265 505 1332 μὲν
528 1265 586 1316 τὸ
610 1265 818 1319 ἐκείνου
844 1266 1036 1335 κέρας,
1065 1268 1429 1322 κατελέπτυνε
1455 1270 1513 1322 δὲ
1531 1270 1628 1341 τὴν
1656 1270 1974 1341 ὑπεροψίαν.

2081 1269 2395 1322 attenuavit.
2430 1266 2809 1337 Triumphavit
2841 1266 2983 1320 enim
3046 1265 3339 1333 principes,
3391 1272 3446 1315 et
3495 1274 3644 1329 pote—

406 1350 819 1422 Τεθριάμόευκε
867 1353 975 1422 γὰρ
1019 1356 1194 1425 ἀρχάς
1237 1374 1295 1409 τε
1335 1359 1428 1412 καὶ
1462 1359 1711 1422 ἐξουσίας
1755 1360 1849 1412 καὶ
1885 1377 1979 1412 ato-

2081 1362 2267 1417 states,
2292 1364 2348 1409 et
2385 1356 2566 1409 mundi
2612 1363 2874 1417 rectores,
2914 1362 2967 1407 et
3000 1354 3336 1408 adversarias
3395 1353 3646 1412 virtutes.

407 1443 822 1513 σμοκράτορας,
856 1445 955 1508 τὰς
994 1447 1381 1518 ἀντικειμένας
1426 1449 1703 1520 δυνάμεις,
1746 1449 1977 1515 ἐξείλετο

2078 1448 2242 1519 667
2271 1447 2578 1517 eripuitque
2614 1460 2729 1505 nos,
2765 1455 2819 1499 et
2871 1445 3016 1499 illius
3065 1445 3295 1499 vinculis
3355 1441 3644 1511 expedivit.

404 1534 460 1587 δὲ
491 1535 659 1605 ἡμᾶς,
685 1535 777 1588 καὶ
805 1534 911 1588 τῶν
943 1537 1149 1590 ἐκείνου
1176 1538 1389 1610 δεσμῶν
1424 1540 1977 1612 ἀπέλυσεν.Ἦγειρεν

2080 1538 2351 1593 Excitavit
2388 1536 2684 1593 Ecclesiam
2716 1545 2953 1591 nostram
2994 1549 3119 1589 vere
3139 1543 3395 1599 sanctam,
3415 1543 3469 1588 et
3509 1532 3648 1586 fama

407 1625 564 1695 ἡμῶν
608 1625 707 1697 τὴν
741 1626 1081 1698 Ἐκκλησίαν,
1115 1628 1211 1700 τὴν
1260 1630 1425 1698 ἁγίαν
1471 1630 1685 1703 ἀληθῶς
1723 1633 1820 1686 καὶ
1856 1632 1978 1686 δια-

2083 1631 2314 1686 nobilem
2344 1630 2640 1693 civitatem,
2661 1629 2820 1682 latam
2855 1637 2909 1682 et
2934 1628 3323 1697 longissimam,
3345 1640 3503 1695 quam
3526 1639 3649 1679 cum

406 1715 597 1785 ὁόητον
639 1715 830 1779 πόλιν,
878 1715 977 1786 τὴν
1030 1716 1246 1788 εὐρεῖαν
1294 1720 1387 1771 καὶ
1438 1720 1877 1790 εὐμηκεστάτην,
1910 1714 2017 1791 ἢνΙ

2082 1723 2255 1777 fructu
2287 1721 2569 1776 incolimus
2591 1720 2858 1783 homines,
2883 1729 2938 1776 et
2962 1718 3227 1788 iumenta,
3258 1719 3360 1775 hoc
3390 1723 3475 1774 est
3529 1731 3651 1772 ver—
3688 1712 3692 1721 λ

404 1806 774 1876 κατακάρπως
827 1807 1127 1879 ᾠκήκαμεν
1194 1808 1469 1879 ἄνθρωποί
1523 1827 1582 1862 τε
1637 1812 1731 1864 καλ¹
1786 1813 1979 1882 κτήνη,

2082 1812 2150 1867 bo
2175 1810 2266 1866 Dei
2297 1809 2530 1865 instituti
2550 1810 2687 1878 jam,
2720 1819 2776 1864 et
2807 1811 2897 1878 qui
2935 1810 3003 1864 ad
3032 1811 3174 1863 hunc
3196 1809 3483 1863 terminum
3516 1822 3648 1862 non-

403 1897 681 1950 τουτέστιν
730 1898 780 1949 οἱ
827 1897 1189 1968 λελογωμένοι
1227 1916 1287 1951 τε
1312 1899 1434 1970 ἥδη,
1465 1900 1560 1953 καὶ
1579 1901 1627 1953 οἱ
1653 1901 1820 1971 μήπω
1847 1903 1982 1971 πρὸς

2080 1902 2204 1955 dum
2232 1910 2610 1970 pervenerunt,
2650 1900 2964 1967 pervenient
3008 1909 3187 1955 autem
3214 1938 3229 1963 ,
3255 1909 3311 1955 et
3360 1913 3515 1955 sacra
3558 1899 3650 1954 do-

404 1988 561 2041 τοῦτο
606 1989 832 2058 ἥκοντες
882 1992 1103 2060 μέτρου,
1138 1991 1419 2061 μέλλοντες
1458 1992 1514 2045 δὲ
1564 1993 1656 2047 καὶ
1692 2010 1980 2064 μυσταγω-

2079 1990 2249 2044 ctrina
2271 1989 2445 2045 adhuc
2471 1989 2801 2045 imbuuntur.
2828 1989 3141 2045 Habitamus
3168 1990 3463 2056 civitatem,
3487 2003 3648 2059 quam

414 2078 689 2147 γούμενοι,
728 2080 1151 2149 Κατῳκήκαμεν
1194 2081 1373 2145 πόλιν,
1423 2081 1488 2153 ἥν
1541 2081 1703 2146 αὐτὸς
1755 2084 1979 2153 τειχίζει

2082 2082 2256 2135 munit
2282 2082 2394 2150 ipse
2416 2081 2666 2137 Christus
2692 2081 2917 2147 viribus,
2958 2090 3190 2152 quantas
3206 2082 3382 2137 oratio
3413 2081 3649 2150 comple-

411 2169 667 2238 Χριστὸς,
697 2168 955 2239 ἀρρήτοις
995 2170 1255 2237 δυνάμεσι
1287 2172 1640 2241 καταφλέγων
1687 2174 1813 2236 τοὺς
1852 2174 1979 2227 ἀνθ-

2079 2173 2152 2228 cti
2205 2171 2348 2227 nulla
2406 2181 2603 2243 potest,
2632 2186 2792 2227 urens
2843 2171 3201 2238 adversarios,
3242 2180 3300 2227 ct
3338 2170 3505 2241 gloria
3550 2185 3647 2225 sua

411 2260 728 2330 εστηκότας,
761 2262 855 2313 καὶ
896 2261 993 2331 τῆς
1033 2263 1226 2316 ἑαυτοῦ
1259 2264 1428 2335 δόξης
1467 2265 1850 2336 ἀναπιμπλῶν,
1885 2265 1980 2320 καὶ

2082 2262 2328 2333 impleus,
2348 2272 2405 2319 et
2430 2264 2584 2332 quasi
2612 2263 2664 2317 in
2691 2263 2866 2318 medio
2900 2263 3256 2319 habitantium
3307 2271 3476 2325 stans,
3531 2262 3649 2330 qui-

408 2346 520 2403 οἷον
541 2350 783 2419 έστηκὼς
804 2353 861 2403 ἐν
886 2352 1034 2421 μέσῳ
1060 2353 1166 2410 τῶν
1185 2355 1495 2419 οἰκούντων,
1519 2349 1600 2419 οἷς
1615 2357 1980 2427 ἐπηγγέλλετο

2081 2357 2181 2411 bus
2211 2356 2261 2411 id
2292 2355 2559 2425 promisit,
2585 2355 2637 2410 in
2672 2355 2785 2410 haec
2837 2354 2996 2409 verba
3030 2372 3091 2410 τι
3129 2354 3272 2410 Ecce
3319 2367 3420 2420 ego
3470 2351 3649 2407 vobis-

408 2439 608 2507 λέγων’
643 2459 660 2491 ι
686 2439 811 2493 Ἰδοὺ
842 2442 952 2509 ἐγὼ
976 2442 1095 2512 μεθ’
1120 2444 1271 2513 ὑμῶν
1301 2446 1417 2516 είμι
1445 2445 1624 2510 πάσας
1645 2448 1745 2511 τὰς
1767 2447 1978 2519 ἡμέρας

2081 2460 2201 2501 cum
2239 2460 2356 2501 sum
2384 2446 2636 2500 omnibus
2674 2444 2862 2501 diebus
2923 2459 3094 2516 usque
3121 2444 3188 2499 ad
3232 2444 3650 2500 consummatio-

408 2531 512 2594 ἕως
541 2531 639 2601 τῆς
679 2532 982 2596 συντελείας
1012 2534 1108 2588 τοῦ
1137 2535 1353 2600 αἰῶνος.
1384 2555 1403 2589 ι
1436 2537 1650 2606 Ταύτης
1688 2539 1788 2609 τῆς
1818 2540 1981 2608 ἁγίας

2064 2552 2203 2592 ηιιθιη
2234 2536 2412 2593 saeculi
2434 2537 2501 2590 ”.
2527 2550 2547 2585 ι
2569 2537 2739 2606 Hujus
2763 2545 2963 2591 sanctas
2993 2536 3230 2591 civitatis
3260 2534 3504 2589 meminit
3553 2532 3652 2585 ali-

408 2623 613 2686 πόλεως
659 2624 987 2695 διεμέμνητό
1030 2643 1133 2679 που
1187 2628 1279 2680 καὶ
1328 2630 1357 2681 ό
1406 2631 1691 2701 προφήτης
1731 2631 1977 2693 Ἠσαίας,

2079 2631 2202 2685 cubi
2231 2630 2491 2698 propheta
2521 2643 2737 2700 quoque
2763 2628 2947 2691 Isaias,
2978 2628 3062 2684 his
3096 2627 3316 2683 verbis:
3349 2645 3369 2677 ι
3399 2624 3549 2680 Oculi
3572 2624 3648 2679 tui

408 2712 599 2780 λέγων·
638 2731 654 2763 ι
686 2716 746 2767 Οί
768 2714 1033 2786 ὀφθαλμοί
1060 2735 1149 2770 σου
1170 2719 1393 2787 ὄψονται
1428 2722 1804 2793 Ἰερουσαλὴμ,
1828 2723 1980 2786 πόλις

2082 2722 2338 2776 videbunt
2363 2720 2684 2785 Jerusalem,
2711 2720 2904 2776 civitas
2937 2720 3103 2783 dives,
3155 2716 3499 2774 tabernacula
3533 2730 3651 2785 qua:

411 2801 661 2867 πλουσία,
698 2806 894 2872 σκηναὶ
942 2804 998 2857 αἳ
1049 2807 1107 2859 οὐ
1164 2807 1238 2878 μὴ
1288 2808 1593 2876 σεισθῶσιν,
1648 2812 1758 2867 οὐδ’
1788 2813 1852 2866 οὐ
1904 2812 1979 2883 μὴ

2081 2827 2186 2868 non
2214 2812 2713 2875 commovebuntur,
2752 2825 2926 2882 neque
2953 2811 3310 2866 movebuntur
3340 2808 3521 2879 paxilli
3571 2819 3651 2862 ta-

411 2892 739 2945 σαλευθῶσιν
771 2895 820 2947 οί
862 2896 1126 2950 πάσσαλοι
1154 2898 1252 2968 τῆς
1291 2901 1494 2970 σκηνῆς
1540 2902 1728 2972 αὐτῆς,
1763 2904 1882 2957 οὐδὲ
1914 2904 1981 2957 τὰ

2082 2904 2354 2960 heruaculi
2381 2904 2516 2973 ejus,
2541 2916 2715 2971 neque
2741 2901 2962 2957 lituieuli
2988 2899 3105 2969 ejus
3134 2898 3609 2969 disrumpentur“.
3627 2916 3644 2948 ο

410 2984 618 3097 ﬁnivit;
651 2986 825 3097 αὐτῇς
846 2987 907 3040 οὐ
944 2990 1018 3061 μὴ
1050 2990 1404 3061 διαρραγῶσι.
1435 3012 1455 3045 ι
1493 2994 1601 3050 Καὶ
1634 2995 1773 3064 πρὸς
1810 2996 1979 3067 αὐτὴν
2007 3044 2021 3097 ε

2040 3042 2048 3095 ι
2082 2996 2147 3050 Et
2176 2998 2345 3065 ipsam
2385 2995 2465 3051 sic
2494 2994 2804 3062 alloquitur.
2840 3012 2858 3044 ι
2891 2992 3062 3047 Dilata
3120 2992 3295 3046 locum
3325 2988 3651 3044 tabernaculi

409 3076 465 3128 δέ
505 3093 637 3146 φησι
660 3094 673 3107 ο
708 3096 725 3129 ι
757 3079 1029 3134 Πλάτυνον
1062 3082 1152 3135 τὸν
1181 3084 1343 3136 τόπον
1378 3085 1476 3156 τῆς
1516 3087 1722 3157 σκηνῆς
1764 3104 1856 3142 σου
1884 3088 1980 3143 καὶ
2007 3076 2020 3096 ’

2041 3076 2048 3095 ¹
2083 3088 2180 3151 tui,
2215 3096 2272 3142 et
2303 3085 2657 3142 tentoriorum
2683 3094 2915 3140 tuorum.
2957 3084 3108 3152 Fige,
3136 3096 3203 3136 ne
3235 3095 3448 3149 parcas,
3477 3079 3652 3133 adhuc

410 3166 517 3221 τῶν
546 3167 780 3223 αὐλαιῶν
811 3187 924 3224 σου.
958 3171 1153 3242 Πῆξον,
1191 3175 1265 3246 μὴ
1292 3177 1475 3248 φείσῃο
1499 3177 1580 3231 ἔτι
1615 3179 1694 3241 εἰς
1736 3178 1806 3232 τὰ
1832 3180 1982 3244 δεξιὰ

2080 3179 2146 3231 ad
2169 3177 2443 3232 dexteram
2467 3184 2523 3229 et
2547 3176 2822 3230 sinistram
2853 3173 3017 3227 dilata
3047 3173 3112 3225 “.
3148 3188 3168 3222 ι
3205 3169 3468 3225 Dilatatur
3511 3168 3654 3222 enim

415 3258 506 3311 καὶ
538 3259 615 3321 είς
652 3260 720 3313 τὰ
748 3261 1010 3332 ἀριστερὰ
1038 3265 1356 3319 ὲκπέτασον.
1388 3285 1407 3316 ι
1444 3268 1847 3337 Κατευρύνεται
1874 3269 1982 3339 γὰρ

2084 3265 2320 3320 Ecclesia
2379 3264 2622 3329 Christi,
2672 3273 2727 3316 et
2774 3265 2827 3317 in
2899 3263 3221 3317 immensum
3298 3260 3651 3324 extenditur,

413 3350 449 3421 η
482 3348 774 3419 Ἐκκλησία
825 3352 1083 3421 Χριστοῦ,
1128 3354 1223 3406 καὶ
1269 3355 1348 3417 είς
1391 3355 1617 3426 ἄπειρον
1662 3357 1979 3424 ἐκτείνεται,

2084 3355 2503 3413 innumerabiles
2577 3369 2790 3426 semper
2856 3355 3032 3426 ipsum
3109 3356 3399 3411 adorantes
3481 3353 3654 3409 susci-

413 3439 815 3511 ἀναριθμήτους
849 3441 935 3494 ἀεὶ
962 3442 1220 3514 δεχομένη
1258 3447 1385 3510 τοὺς
1427 3449 1861 3517 προσκυνοῦντας
1888 3451 1981 3508 αὐ-
2083 3449 2252 3519 piens.

414 3530 526 3586 τόν.

486 3622 572 3723 ἼΩ,
721 3623 965 3723 φεύγετε
1007 3624 1235 3723 ἐκιγῆς
1276 3628 1490 3697 βορρᾶ,
1541 3629 1702 3701 λέγει
1744 3632 1977 3700 Κύριος,

2152 3649 2317 3705 Vens.
2351 3648 2413 3715 6,
2443 3648 2494 3703 7.
2528 3646 2606 3711 0,
2633 3662 2662 3701 ο
2709 3646 2871 3719 fugite
2910 3646 2974 3699 de
3016 3653 3156 3699 terra
3196 3644 3487 3715 aquilonis,
3519 3645 3651 3701 dicit

416 3711 563 3764 διότι
615 3713 684 3767 ἐκ
737 3713 855 3768 τῶν
911 3715 1222 3785 τεσσάρων
1271 3719 1505 3789 ἀνέμων
1560 3723 1667 3777 τοῦ
1721 3725 1980 3791 οὐρανοῦ

2082 3740 2340 3815 Dominus
2365 3754 2384 3793 .°
2400 3711 2527 3812 ⁷(ιιιὶα
2554 3741 2617 3793 de
2637 3711 2861 3809 quatuor
2887 3737 3047 3791 ventis
3069 3742 3183 3797 (mli
3204 3711 3521 3813 congregabo
3545 3759 3652 3805 vas,

415 3803 662 3905 (Iuniae
713 3806 887 3875 ὑμᾶς,
928 3807 1088 3876 λέγει
1127 3811 1361 3878 Κύριος.
1410 3814 1515 3879 Είς
1552 3812 1707 3867 Σιὼν
1751 3817 1985 3872 ἀνασώ-

2082 3804 2208 3885 άῖεἱι
2235 3803 2508 3885 Domitius.
2533 3829 2598 3883 In
2628 3803 2754 3884 Sion
2783 3828 3081 3901 salvamim',
3103 3834 3189 3905 qui
3216 3803 3464 3889 habitans
3488 3803 3653 3905 ﬁliani

418 3892 583 3953 ζεσθε
626 3898 679 3948 οἱ
718 3898 1134 3964 κατοικοῦντες
1164 3903 1453 3971 θυγατέρα
1478 3907 1853 3972 Βαϐυλωνος.

781 3898 1134 3990 iramque-rec
1164 3903 1453 3971 θυγατέρα
1478 3907 1853 3972 Βαϐυλωνος.
2084 3920 2392 3990 Babylonis.

493 3986 587 4040 lB'.
643 3987 1049 4055 Ἐπιστυγνὰζει
1091 3992 1189 4059 μὲν
1233 3991 1419 4065 ὥσπερ
1451 3999 1563 4059 τοῖς
1605 3997 1834 4052 παθοῦσι
1884 4003 1982 4070 τὴν

2158 4011 2271 4069 Xll.
2299 4011 2604 4085 lngemiscit
2626 4015 3022 4085 quodammodo
3047 4029 3210 4084 super
3234 4015 3300 4069 iis
3344 4014 3434 4084 qui
3461 4013 3653 4082 captivi

420 4077 818 4146 αἰχμαλωσίαν,
867 4078 940 4140 ὡς
977 4079 1252 4135 δύσοιστον
1279 4085 1537 4139 ἀνατλᾶσι
1574 4088 1670 4161 τὴν
1711 4089 1984 4146 ταλαιπω-

2087 4106 2329 4171 fuerant,
2362 4116 2420 4158 ut
2466 4120 2704 4160 mrumna
2757 4106 3082 4160 intolerabili
3131 4105 3383 4160 exercitis
3431 4119 3447 4158 :
3497 4114 3656 4172 atque

422 4167 567 4271 ρ’ίαινζ
600 4170 692 4271 καὶ
720 4169 783 4242 δὴ
818 4171 914 4225 καὶ
946 4172 1400 4244 ἀπονοσφίζεσθαι
1438 4181 1649 4234 κελεύει
1678 4183 1859 4237 λοιπὸν
1885 4186 1984 4254 τῆς

2089 4198 2252 4251 etiam
2286 4197 2350 4251 de
2384 4206 2580 4253 cmtero
2610 4197 2869 4251 decedere
2889 4197 3257 4252 Chaldaeorum
3292 4206 3434 4252 terra
3466 4196 3652 4253 horta-

421 4260 702 4363 ?Ea‘téotimv
737 4261 940 4333 χώρας,
979 4264 1053 4327 ὡς
1103 4267 1222 4321 ἐνὸν
1265 4270 1364 4341 ἠδη
1405 4271 1561 4325 τοῦτο
1601 4273 1733 4344 δρᾷν
1777 4276 1980 4340 αὐτοῖς,

2084 4294 2191 4349 tur,
2212 4286 2352 4356 quod
2381 4286 2484 4339 illis
2506 4288 2616 4355 jam
2643 4286 2783 4339 istud
2808 4285 2985 4340 facere
3011 4286 3221 4342 nemine
3241 4294 3454 4343 vetante
3480 4285 3656 4358 liceat.

420 4349 753 4453 ἐξείργοντος
786 4354 1018 4420 οὐδενὸς,
1062 4358 1226 4411 αὐτοῦ
1252 4377 1311 4412 τε
1353 4361 1697 4430 συλλέγοντος
1728 4368 1791 4419 ὲκ
1821 4369 1986 4420 τόπου
2020 4378 2031 4434 1

2043 4381 2142 4432 )et
2175 4378 2288 4445 ipse
2329 4376 2563 4432 hostium
2609 4376 3053 4445 impressionibus
3101 4376 3377 4447 dispersos
3419 4349 3654 4446 colligat:

421 4442 620 4500 παντὸς
648 4442 770 4503 τοὺς
795 4447 914 4506 ταῖς
941 4446 1048 4499 τῶν
1077 4449 1352 4519 πολεμίων
1372 4454 1695 4522 προσϐολαῖς
1730 4474 1989 4511 κατεσκε-

2095 4442 2283 4523 Filiam
2313 4482 2475 4538 porro
2493 4442 2779 4538 Babylo—nis
2802 4476 2853 4521 et
2874 4476 3071 4522 terram
3099 4442 3364 4537 aquilonis
3388 4442 3658 4525 Chaldaeo-

421 4528 739 4630 δκσμένους.
790 4533 1075 4607 Θυγατέρα
1118 4540 1174 4591 δὲ
1218 4542 1567 4608 Βαϐυλῶνος,
1624 4547 1716 4599 καὶ
1761 4550 1863 4619 γῆν
1898 4554 1990 4606 τοῦ

2099 4574 2214 4612 rum
2233 4550 2501 4628 regionem
2522 4558 2781 4612 nominat.
2801 4556 3119 4630 Metropoles
3133 4558 3275 4611 enim
3294 4556 3415 4611 aliis
3436 4556 3659 4612 urbibus

426 4618 618 4691 βορῤᾶ,
665 4622 765 4717 τὴν
807 4625 914 4678 τῶν
956 4628 1237 4685 Χαλδαίων
1257 4631 1440 4703 χώραν
1481 4636 1749 4706 ὀνομάζει.
1783 4618 1846 4694 Al
1883 4644 1991 4717 γὰρ

2098 4648 2199 4702 sibi
2223 4618 2480 4715 subjectis
2500 4649 2669 4703 instar
2698 4656 2931 4705 matrum
2965 4618 3109 4701 sunt.
3130 4646 3507 4702 Chaldzeorum
3533 4659 3660 4700 vero

427 4716 787 4784 μητροπόλεις
813 4719 873 4772 ὲν
893 4720 1043 4785 τάξει
1076 4724 1328 4795 μητέρων
1352 4726 1612 4780 τέθεινται
1636 4733 1755 4793 ταῖς
1781 4716 1989 4798 ἄλλαις,

2102 4735 2246 4804 regio
2265 4735 2572 4804 aquilonem
2591 4735 3066 4792 interetorientem
3088 4736 3189 4792 sita
3205 4744 3308 4793 est.
3329 4735 3395 4790 Et
3419 4735 3519 4789 ista
3543 4734 3661 4802 qui-

424 4804 481 4863 αἳ
517 4806 802 4874 πράττοιεν
838 4808 904 4861 ἃν
931 4810 1019 4862 ὑπ’
1045 4814 1254 4876 αὐταῖς.
1285 4812 1607 4886 Βορειοτὲρα
1650 4818 1706 4870 δέ
1743 4837 1858 4884 πως
1898 4824 1993 4875 καὶ

2101 4825 2221 4877 dem
2240 4841 2268 4879 a
2290 4826 2441 4882 nobis
2458 4831 2750 4881 secundum
2772 4828 3052 4885 historiam
3079 4828 3220 4883 dicta
3240 4841 3453 4883 rursum
3477 4834 3657 4881 sunto.

425 4891 560 4961 πρὸς
584 4891 665 4961 ἠὼ
696 4896 943 4966 κειμένη,
976 4898 1084 4952 τῶν
1116 4900 1397 4955 Χαλδαίων
1434 4905 1466 4974 ἡ
1509 4903 1679 4977 χώρα.
1722 4908 1829 4962 Καὶ
1868 4912 2024 4965 ταυτὶ
2066 4914 2164 4982 μὲν
2196 4917 2348 4985 ἡμῖν,
2376 4914 2451 4980 ὡς
2494 4917 2631 4988 πρός
2674 4935 2737 4987 γε
2805 4918 2872 4973 τὰ
2906 4920 2969 4973 ὲκ
3016 4919 3114 4984 τῆς
3160 4918 3397 4987 ἱστορίας
3429 4914 3663 4986 εἰρήσθω

426 4988 610 5041 πάλιν.
2070 5026 2075 5035 .

498 5078 813 5148 Μεταφοιτᾷ
842 5078 899 5132 δὲ
935 5081 963 5133 ὁ
993 5079 1150 5148 λόγος
1183 5082 1261 5144 είς
1302 5082 1531 5153 θεωρίαν
1563 5084 1671 5154 τὴνι
1705 5103 2000 5159 πνευματι-

2177 5090 2399 5144 Transit
2418 5100 2593 5146 autem
2618 5107 2800 5148 sermo
2817 5096 2881 5149 ad
2898 5093 3381 5150 considerationem
3403 5091 3660 5157 Spiritna-

425 5168 550 5238 κήν.
576 5170 670 5221 καὶ
709 5169 766 5222 τὸ
794 5169 887 5225 τοῦ
919 5172 1168 5242 Σωτῆρος
1196 5173 1296 5244 ἥδη
1319 5192 1434 5238 πως
1462 5179 1787 5247 είσκρίνεται
1815 5180 1986 5249 πρόσ-

2094 5176 2218 5243 lem,
2240 5189 2293 5233 et
2321 5194 2605 5248 personam
2633 5182 2927 5238 Salvatoris
2949 5184 3200 5250 deinceps
3234 5180 3491 5245 insinuat,
3518 5181 3658 5237 dulci

424 5274 595 5319 ωπον,
655 5258 1220 5330 καταγλυκαινομένου
1278 5262 1477 5330 τρόπον
1525 5264 1645 5317 τινὰ
1666 5305 1681 5329 ,
1735 5266 1893 5335 μόνον
1934 5266 1991 5317 δὲ

2098 5268 2289 5325 all‘ectu
2328 5273 2488 5326 veluti
2538 5273 2916 5342 liquescentis,
2949 5281 3003 5325 et
3036 5270 3420 5339 propemodum
3452 5271 3661 5343 illacry-

396 5396 397 5399 η
425 5348 548 5417 οὐχὶ
588 5349 680 5401 καὶ
713 5349 1130 5421 ἐπιδακρύοντος
1162 5353 1270 5415 τοῖς
1310 5355 1400 5406 ὲπὶ
1431 5355 1527 5425 τῆς
1556 5355 1679 5423 γῆς,
1710 5355 1797 5408 διά
1825 5374 1907 5409 τοι
1933 5357 1992 5408 τὸ

2101 5361 2298 5415 mantis
2312 5363 2647 5426 mortalibus,
2680 5365 2804 5431 quia
2816 5378 3003 5417 omnes
3019 5363 3080 5417 ad
3098 5373 3382 5433 tyrannum
3402 5365 3659 5419 Satanam

429 5438 634 5501 πάντας
663 5439 757 5509 τὴν
787 5439 879 5493 τοῦ
894 5444 1324 5513 τυραννήσαντος
1346 5446 1557 5499 Σατανᾶ
1582 5447 1833 5517 λατρείαν
1864 5450 1994 5501 ὑπο-

2100 5453 2380 5506 rolemlum
2422 5462 2800 5522 properent,et
2824 5454 2896 5508 illi
2931 5456 3167 5511 serviant
3192 5456 3506 5512 servitutem
3530 5456 3660 5514 adeo

508 5614 553 5646 3’
585 5615 761 5674 Matth.
795 5636 985 5691 xxvm,
1022 5621 1108 5677 ΞΟ.
1188 5624 1230 5653 ³³
1261 5625 1359 5677 lsa.
1398 5641 1591 5689 xxxiii,
1626 5626 1712 5679 ‘20.
1793 5627 1833 5657 ³³
1874 5627 1972 5680 lsa.
2006 5644 2109 5692 Liv,
2148 5628 2199 5681 ‘2.
