4080 6284
444 277 511 332 37
1254 263 1803 322 COMMENTARIUS
1840 262 1908 319 IN
1948 260 2347 319 ZACilARlAM
2388 258 2830 316 PROPIIETAM.
3607 268 3677 324 as

450 385 844 453 ὑπενεγκόντας
889 384 1071 450 ζυγοῖς
1115 382 1238 444 τοὺς
1292 381 1383 433 ἐπὶ
1424 380 1525 450 τῆς
1567 380 1690 450 γῆς,
1735 379 2012 432 τουτέστιν

2126 393 2229 449 gum
2267 387 2321 433 ct
2356 376 2677 432 adversaria:
2719 382 3012 446 potestates
3046 377 3370 446 impotenter
3405 379 3679 449 depraeda-

446 477 616 545 ἡμᾶς,
665 473 755 536 οὓς
806 476 861 527 αἱ
913 472 1143 543 πονηραὶ
1202 471 1291 524 καὶ
1346 470 1721 539 ἀντικείμεναι
1757 468 2014 539 δυνάμεις

448 567 687 634 ἀσχέτως
737 562 1132 632 κατεληῖζοντο.
1190 560 1548 615 Σκυλεῦονται
1605 561 1661 613 δὲ
1717 562 1866 626 νυνὶ,
1918 560 2011 613 τοῦ

451 655 663 707 πάντων
697 652 851 723 ἡμῶν
875 651 1127 722 Σωτῆρος
1157 650 1392 723 Χριστοῦ
1420 650 1842 720 συγκομίζοντος
1868 652 2013 721 ἡμᾶς

447 743 535 797 διὰ
587 744 682 812 τῆς
734 743 971 805 πίστεως
1029 743 1109 805 είς
1162 740 1373 805 ἑαυτὸν,
1417 742 1511 794 καὶ
1560 739 1720 803 ἰδίους
1771 740 2015 803 ἱστάντος

449 830 848 901 πῳσκυνητάς,
900 832 1023 893 τοὺς
1071 830 1191 894 ταῖς
1231 832 1361 901 παρ’
1414 830 1638 884 ἐκείνοιν
1683 830 2016 896 πλεονεξίαις

449 921 929 991 πεφορτισμένους,
964 920 1059 975 καὶ
1088 920 1356 991 τοσαύτην
1398 923 1528 993 ἡμῖν
1559 922 1887 994 παρέχοντος
1917 925 2015 993 τὴν

448 1011 764 1078 ἀσφάλειαν,
789 1011 929 1066 ὥστε
962 1013 1054 1065 τὸν
1091 1012 1340 1067 ἐθέλοντα
1368 1014 1576 1081 λυπεῖν,
1608 1015 1887 1085 μονονουχὶ
1913 1014 2015 1084 τῆς

453 1100 586 1164 ίδίας
622 1101 889 1155 ἅπτεσθαι
922 1104 1111 1173 κόρης.
1141 1105 1537 1175 Περιτρέπεται
1564 1106 1671 1177 γὰρ
1703 1108 1898 1179 ἀείπερ
1934 1109 2014 1171 είς

451 1193 561 1244 πᾶν
590 1192 900 1246 τούναντίον
924 1192 1032 1246 τῶν
1058 1195 1394 1265 πραγμάτιον
1431 1198 1466 1266 ή
1494 1195 1717 1261 ἔκϐασις
1756 1200 1866 1259 τοῖς
1891 1197 2014 1251 διώ-

450 1297 606 1333 κουσι
636 1283 735 1351 τῆν
776 1282 1121 1354 Ἐκκλησίαν,
1154 1285 1364 1351 λέγοιτο
1390 1285 1436 1339 δ’
1480 1286 1545 1339 ἀν
1585 1287 1669 1356 ἐφ’
1702 1288 1913 1357 ἑκάστῳ
1954 1286 2015 1339 τὸ

452 1374 510 1423 ὲν
538 1372 786 1441 Ψαλμοῖς
806 1391 819 1405 ·
859 1391 877 1424 ι
914 1376 1130 1428 Λάκκον
1160 1375 1355 1446 ὤρυξε,
1383 1377 1476 1431 καὶ
1512 1379 1811 1447 ἀνέσκαψεν
1832 1380 2011 1443 αὐτὸν,

452 1463 545 1515 καὶ
568 1464 887 1532 ἐμπεσεῖται
911 1465 989 1528 είς
1024 1464 1215 1537 βόθρον
1260 1468 1321 1521 δν
1346 1468 1659 1536 εἰργάσατο·
1694 1469 2013 1538 ἐπιστρέψει

449 1554 479 1603 ό
523 1553 682 1615 πόνος
727 1553 892 1606 αὐτοῦ
930 1556 1011 1617 είς
1039 1556 1280 1628 κεφαλὴν
1309 1558 1492 1623 αὐτοῦ,
1524 1560 1620 1613 καὶ
1642 1560 1734 1613 ἐπὶ
1772 1561 2014 1631 κορυφὴν

449 1643 676 1713 αὑτοῦὴ
718 1644 897 1697 ἀδικία
946 1644 1113 1700 αὐτοῦ
1159 1648 1553 1719 καταϐήσεται.
1613 1669 1632 1701 ι
1688 1652 1917 1720 Ἀψεται
1948 1652 2013 1723 δὴ

2121 472 2331 524 bantur.
2362 468 2514 523 Nunc
2556 468 2791 522 vicissim
2834 466 3149 535 spoliantur,
3182 468 3394 524 Chrisw
3439 472 3677 526 omnium

2122 571 2359 616 nostrum
2408 558 2688 613 Salvatore
2746 573 2843 612 nos
2899 558 2949 611 in
3009 558 3127 625 ipso
3177 572 3533 628 congregante
3586 578 3681 632 per

2122 651 2300 716 tidem,
2323 658 2377 704 et
2403 652 2715 705 adoratores
2742 662 2867 703 suos
2898 647 3107 702 illorum
3140 650 3378 716 potentia
3427 659 3480 705 et
3509 653 3681 706 domi-

2120 742 2335 796 natione
2356 740 2637 796 aﬂlictatos
2658 741 2987 805 instituente,
3006 749 3317 809 tantamque
3336 743 3679 797 securitatem

2123 833 2375 889 aiferente
2404 842 2460 887 ut
2488 833 2578 902 qui
2614 832 2766 885 nobis
2800 831 3058 885 exhibere
3093 830 3393 885 moleStiam
3429 839 3679 894 conetur,

2122 934 2324 979 tantum
2371 938 2476 978 non
2526 921 2775 991 pupillam
2824 936 2972 975 suam
3028 929 3230 991 tangat.
3271 920 3495 990 Semper
3536 925 3679 976 enim

2122 1015 2553 1085 persecutoribus
2588 1014 2843 1068 Ecclesiae
2878 1024 3104 1068 conatus
3149 1014 3384 1083 ipsorum
3434 1013 3485 1066 in
3524 1025 3677 1083 caput

2123 1106 2460 1167 reciderunt,
2497 1110 2553 1157 et
2594 1102 2763 1173 possit
2807 1115 2970 1169 super
3013 1114 3334 1169 unoquoque
3384 1099 3489 1153 dici
3538 1102 3682 1167 quod

2121 1204 2301 1252 exstat
2328 1196 2378 1250 in
2402 1194 2632 1249 Psalmis
2661 1213 2675 1247 :
2713 1212 2732 1246 ι
2770 1192 2968 1248 Lacunt
2996 1193 3225 1261 aperuit,
3251 1201 3306 1245 et
3332 1188 3517 1244 eﬂ‘udit
3537 1204 3680 1249 eum,

2120 1298 2173 1342 et
2214 1286 2370 1341 cadet
2405 1286 2457 1340 in
2502 1284 2711 1340 foveam
2748 1296 2907 1354 quam
2952 1282 3106 1350 fecit;
3151 1290 3493 1338 cunvertetur
3531 1279 3685 1333 labor

2120 1379 2237 1449 ejus
2280 1378 2332 1432 in
2371 1386 2530 1446 caput
2571 1376 2761 1445 ipsius,
2788 1384 2843 1429 et
2881 1376 2932 1428 in
2978 1374 3232 1429 verticem
3275 1374 3389 1443 ejus
3425 1372 3683 1442 iniquitas

2121 1467 2288 1536 ipsius
2328 1466 2616 1522 descendet
2634 1464 2701 1517 “.
2741 1482 2760 1517 ι
2798 1462 3004 1534 Tanget
3037 1464 3201 1533 igitur
3232 1476 3321 1529 se,
3355 1462 3561 1530 inquit,
3592 1460 3684 1530 qui

2120 1559 2407 1613 animabus
2442 1558 2495 1612 in
2533 1571 2619 1611 me
2653 1555 2989 1612 credentium
3033 1554 3337 1608 insidiatur.
3378 1552 3487 1607 Hoc
3522 1552 3685 1620 igitur

2122 1664 2216 1719 per
2258 1648 2598 1711 Psalmistam
2645 1646 2774 1701 dicit
2818 1664 2831 1700 :
2886 1662 2906 1695 ι
2960 1642 3139 1701 Nolite
3195 1653 3414 1710 tangere
3450 1642 3685 1696 christos

448 1729 543 1787 οὖν
572 1735 786 1799 ἑαυτοῦ,
836 1736 1019 1806 φησὶν,
1069 1738 1098 1789 ό
1124 1740 1245 1801 ταῖς
1274 1738 1381 1790 τῶν
1425 1740 1547 1808 ἐμοὶ
1585 1744 2021 1797 πεπιστευκότων

2127 1753 2300 1803 meos,
2329 1746 2383 1791 et
2412 1740 2463 1791 in
2496 1738 2777 1806 prophetis
2807 1737 2942 1790 meis
2971 1736 3135 1790 nolite
3166 1733 3441 1804 malignari
3463 1735 3530 1785 ".
3562 1750 3585 1783 ο
3630 1758 3687 1770 --

450 1824 816 1879 ἐπιϐουλεύων
841 1825 1057 1895 ψυχαῖς.
1097 1828 1270 1881 Τοῦτό
1297 1829 1376 1881 τοί
1409 1845 1541 1899 φησι
1568 1830 1663 1882 καλ⁵
1679 1830 1769 1884 διὰ
1793 1831 1895 1901 τῆς
1927 1832 2019 1886 τοῦ

450 1915 755 1978 Ψάλλοντος
784 1916 997 1985 φωνῆς’
1033 1936 1051 1967 ι
1092 1917 1183 1988 Μὴ
1213 1916 1447 1971 ἅπτεσθε
1478 1918 1587 1971 τῶν
1609 1920 1859 1991 Χριστῶν
1891 1938 2015 1992 μου,

450 2005 545 2057 καὶ
576 2007 632 2057 ἐν
653 2008 767 2069 τοῖς
800 2008 1104 2076 προφήταις
1133 2025 1234 2078 μου
1265 2008 1338 2079 μὴ
1370 2010 1756 2080 πονηρεύεσθε.
1779 2031 1797 2063 ι
1815 2042 1884 2053 -
1909 2033 1928 2065 ι
1953 2015 2016 2067 Ei

452 2096 561 2165 γάρ
595 2097 761 2166 έσμεν
806 2097 968 2166 σῶμα
1004 2097 1261 2168 Χριστοῦ,
1296 2098 1390 2152 καὶ
1436 2100 1573 2171 μέλη
1620 2102 1684 2156 ὲκ
1735 2104 1946 2173 μέλους,
1992 2123 2011 2156 ι

454 2184 571 2246 πῶς
607 2184 671 2239 ἂν
697 2186 916 2255 πρόοιτο
942 2188 1054 2249 τοῖς
1082 2187 1529 2259 φιλαμαρτήμοσι
1568 2192 1628 2244 τὸ
1663 2193 1792 2247 ἴδιον
1821 2194 2013 2264 σῶμα;

2123 1847 2143 1880 ι
2196 1828 2253 1883 Si
2297 1827 2438 1881 enim
2484 1841 2671 1882 sumus
2716 1840 2915 1895 corpus
2966 1825 3197 1889 Christi,
3230 1834 3287 1878 et
3336 1823 3571 1877 membra
3619 1824 3687 1877 de

2122 1921 2363 1976 membro
2383 1920 2430 1952 ⁸⁸
2461 1919 2558 1991 (l),
2596 1936 2615 1971 υ
2640 1923 2906 1988 quomodo
2926 1933 3121 1989 corpus
3138 1933 3294 1973 suum
3316 1916 3691 1987 peccatoribus

2121 2009 2413 2081 obiecerit?
2438 2021 2531 2067 aut
2553 2014 2819 2082 quomodo
2847 2013 3085 2067 membra
3117 2025 3212 2066 sua
3238 2009 3390 2064 malis
3425 2008 3687 2063 cumulari

2122 2103 2475 2159 sustinuerit?
2503 2104 2634 2167 lmo,
2664 2103 2932 2173 quomodo
2961 2115 3066 2155 nen
3097 2101 3284 2155 ultima
3312 2100 3463 2153 luant
3487 2096 3689 2167 suppli-

2123 2196 2231 2263 cia,
2256 2196 2347 2264 qui
2380 2196 2554 2251 servis
2579 2195 2697 2264 ejus
2724 2194 2985 2248 scelerate
3017 2192 3239 2246 insidias
3272 2190 3600 2245 moliuntur?

455 2278 487 2345 ἢ
524 2278 637 2340 πῶς
673 2278 917 2344 ἀνέξεται
949 2280 1133 2332 κακῶν
1161 2282 1513 2352 ἀναπιμπλᾷν
1548 2284 1618 2336 τὰ
1687 2285 1858 2356 μέλη;
1925 2285 2141 2340 Μᾶλλον
2170 2287 2249 2351 δὲ,
2295 2287 2413 2351 πῶς
2470 2286 2572 2341 οὐκ
2641 2286 2707 2340 ἂν
2747 2286 2846 2357 τὴν
2889 2284 3124 2356 ἐσχάτην
3162 2284 3474 2338 ἀποτίσειαν
3512 2281 3687 2350 δίκην,

453 2368 502 2421 οί
533 2369 645 2429 τοῖς
678 2367 771 2420 ὑπ’
795 2369 944 2440 αὐτῷ
973 2372 1251 2439 γεγονόσιν
1284 2373 1511 2437 ἀνοσίως
1544 2375 2017 2443 ἐπιϐουλεύοντεςς

522 2457 676 2509 Διότι
732 2455 860 2509 ιδοὑ
912 2457 1026 2525 ἐγὼ
1071 2459 1326 2528 ἐπιφέρω
1384 2462 1501 2529 τὴν
1555 2463 1724 2532 χεῖρά
1765 2484 1885 2534 μου
1923 2466 2014 2519 ἐπ’

453 2545 694 2610 αὐτοὺς,
742 2547 851 2600 καί
902 2547 1144 2602 ἔσονται
1187 2550 1389 2604 σκῦλα
1440 2551 1565 2619 τοῖς
1620 2554 2019 2611 δουλεύουσιν

456 2634 679 2700 αὐτοῖς,
710 2635 806 2689 καί
832 2634 1136 2703 γνώσεσθε
1165 2637 1315 2692 διότι
1354 2641 1568 2708 Κύριος
1594 2643 2018 2713 παντοκράτωρ

458 2725 869 2787 ἐξαπέσταλκέ
888 2743 985 2794 με.

526 2816 623 2868 IA'.
669 2816 882 2885 Ἥψατο
906 2818 1012 2889 γὰρ
1047 2819 1156 2873 τῶν
1200 2823 1659 2895 κοσμοκρατόρων
1697 2824 1790 2880 τοῦ
1828 2825 2022 2889 αἰῶνος

455 2905 643 2958 τούτου
665 2907 917 2976 Χριστὸς,
946 2908 1039 2961 καὶ
1063 2910 1320 2982 ἀφορήτῳ
1339 2912 1481 2983 χειρὶ
1504 2913 1602 2977 τὰς
1624 2914 1715 2967 τοῦ
1741 2916 2020 2985 μιαιφόνου

456 2995 745 3066 δράκοντος
796 2998 1080 3068 συνέτριψε
1134 3001 1412 3069 κεφαλὰς,
1473 3003 1566 3056 καὶ
1614 3004 1841 3059 δέδωκεν
1890 3007 2021 3076 ἡμῖν

465 3105 482 3137 ι
526 3089 715 3140 πατεῖν
756 3088 941 3143 ἐπάνω
971 3090 1147 3159 δφεων
1191 3095 1285 3145 καὶ
1321 3093 1619 3163 σκορπίων,
1652 3096 1744 3147 καὶ
1789 3095 1879 3147 ἐπὶ
1915 3097 2021 3148 πᾶ-

461 3193 557 3230 σαν
584 3177 683 3247 τὴν
723 3177 951 3248 δύναμιν
988 3179 1086 3232 τοῦ
1129 3181 1348 3252 ἐχθροῦ.
1388 3201 1408 3235 s
1444 3184 1556 3236 Καὶ
1593 3186 1642 3236 οί
1672 3185 1801 3237 ποτὲ
1836 3186 2022 3249 δεινοὶ,

460 3267 557 3319 καὶ
589 3267 953 3335 παγχάλεποι,
1002 3269 1097 3323 καὶ
1131 3269 1460 3337 δυσάντητον
1490 3270 1705 3339 ἔχοντες
1733 3272 1831 3342 τὴν
1861 3289 2029 3343 προσ-

463 3355 645 3426 ϐολὴν,
691 3357 947 3424 γεγόνασι
996 3355 1169 3409 σκῦλα
1212 3360 1325 3422 τοῖς
1370 3359 1770 3414 δεδουλευκόσιν
1824 3362 2024 3425 αὐτοῖς.

474 3449 663 3517 Ἡμεῖς
688 3450 796 3518 γὰρ
829 3450 879 3500 oi
913 3448 1079 3501 πάλαι
1105 3450 1225 3511 ταῖς
1268 3450 1561 3519 ἁμαρτίαις
1585 3450 2044 3523 τυραννούμενοι,’

458 3538 854 3611 ἅδικαιὼμεθα
889 3541 988 3610 μὲν
1018 3543 1079 3595 ἐν
1103 3542 1343 3614 Χριστῷ,
1369 3543 1650 3615 ἀφίγμεθα
1676 3545 1734 3600 δὲ
1761 3547 1857 3617 ήδη
1889 3548 2027 3619 πρὸς

461 3628 618 3683 τοῦτο
650 3629 833 3684 λοιπὸν
865 3632 1127 3701 εὐθυμίας
1164 3636 1558 3705 πνευματικῆς,
1592 3636 1667 3698 ὡς
1705 3637 2027 3708 διαπρέπειν

460 3719 716 3773 δύνασθαι
756 3720 846 3775 διὰ
881 3722 1061 3792 πάσης
1091 3725 1312 3795 ἀρετῆς,
1345 3726 1437 3779 καὶ
1479 3727 1570 3782 τὸν
1611 3729 1669 3781 ἐν
1710 3729 1929 3800 Χριστῷ
1965 3749 2027 3784 τε

461 3813 558 3866 καὶ
611 3813 900 3880 ἀγγελικὸν
942 3817 1283 3886 κατορθῶσαι
1328 3816 1464 3886 βίον,
1506 3814 1627 3872 εἶτα
1676 3822 2028 3892 χαρισμάτων

461 3902 911 3973 ἀναπίμπλασθαι
936 3904 1045 3957 τῶν
1076 3908 1205 3975 παρ’
1233 3906 1423 3974 αὑτοῦ,
1453 3909 1546 3960 καὶ⁵
1566 3908 1751 3962 λαϐεῖν
1782 3909 2028 3974 ἐξουσίαν

414 4042 417 4045 ,
463 3993 603 4047 κατά
636 3996 960 4063 πνευμάτων
989 3994 1335 4066 ἀκαθάρτων,
1370 3998 1465 4051 καὶ
1500 3998 1750 4070 δαίμοσιν
1794 4000 2028 4065 ἀνοσίοις

464 4086 741 4156 ἐπιτιμᾷν,
773 4087 1247 4157 ὑποπρωννύντος
1285 4089 1543 4161 Χριστοῦ,
1577 4092 1673 4144 καὶ
1719 4091 2031 4162 συντρίϐον-

461 4192 550 4236 τος
586 4177 688 4229 ὑπὸ
714 4178 879 4241 πόδας
908 4179 1078 4247 ἀγίων
1105 4180 1267 4234 αὐτόν
1299 4197 1359 4233 τε
1388 4175 1483 4235 τὸν
1524 4183 1764 4236 Σατανᾶν
1801 4182 1897 4235 καὶ
1928 4182 2029 4246 τὰς

2196 2462 2356 2517 Vsus.
2386 2458 2438 2516 9.
2467 2460 2606 2526 Quia
2634 2474 2753 2513 ecce
2786 2473 2879 2529 ego
2907 2456 3077 2524 infero
3107 2471 3318 2509 ntansm
3344 2468 3509 2510 aream
3539 2474 3691 2529 super

2122 2566 2230 2612 eos,
2248 2563 2292 2605 et
2315 2560 2464 2605 erum
2484 2550 2675 2617 praeda:
2694 2549 2773 2601 his
2792 2547 2881 2616 qui
2900 2548 3177 2601 servierant
3197 2545 3290 2610 eis,
3306 2555 3353 2597 et
3375 2553 3689 2619 cognoscetis

2122 2642 2247 2710 quia
2276 2640 2525 2694 Dominus
2550 2640 2867 2707 omnipotens
2895 2636 3032 2690 misit
3055 2652 3156 2696 me.
3548 2626 3551 2627 ν

2198 2810 2337 2868 XIV.
2359 2811 2556 2883 Tetigit
2581 2812 2726 2869 enim
2758 2822 2996 2871 rectores
3023 2814 3205 2871 mundi
3238 2816 3394 2883 hujus
3420 2815 3689 2885 Christus,

2130 2916 2396 2973 manuque
2420 2903 2752 2961 intoleranda
2783 2906 2991 2961 cruenti
3016 2905 3269 2962 draconis
3297 2907 3472 2977 capita
3496 2910 3695 2963 contri-

2124 2995 2201 3048 vit
2221 2994 2287 3059 “,
2315 2995 2568 3065 deditque
2599 2996 2756 3052 nobis
2793 3014 2814 3049 ι
2850 2996 3067 3053 calcare
3101 3010 3261 3065 supra
3294 3006 3578 3064 serpentes
3635 3008 3696 3053 et

2122 3085 2468 3153 scorpiones,
2492 3095 2549 3141 et
2586 3099 2749 3155 super
2785 3100 3003 3142 omnm
3041 3087 3296 3140 virtutem
3339 3085 3543 3141 inimici
3563 3086 3629 3141 “.
3666 3107 3688 3143 ι

2125 3176 2191 3229 Et
2218 3176 2312 3242 qui
2347 3187 2507 3230 erant
2538 3177 2825 3242 aliquando
2854 3175 3223 3232 formidabiles
3251 3184 3304 3232 et
3332 3179 3656 3235 atrocissimi
3675 3220 3691 3245 ,

2126 3265 2429 3333 quibusque
2456 3266 2671 3321 obviam
2705 3265 2771 3320 iri
2801 3281 2909 3321 non
2934 3275 3180 3334 poterat,
3211 3267 3335 3324 facti
3368 3280 3489 3325 sunt
3518 3272 3693 3341 spolia

2126 3354 2299 3409 servis
2346 3356 2480 3410 suis.
2527 3355 2641 3410 Nos
2691 3356 2835 3411 enim
2882 3356 2977 3424 qui
3026 3358 3297 3426 quondam
3350 3369 3693 3428 peccatorum

2129 3444 2464 3515 tyrannidem
2515 3444 2872 3514 patiebamur,
2906 3444 3188 3515 iustiﬁcati
3236 3450 3456 3518 quidem
3506 3466 3694 3507 sumus

2126 3534 2179 3589 in
2206 3534 2423 3591 Christo
2444 3534 2511 3601 “,
2534 3544 2588 3590 et
2604 3534 2715 3606 jam
2745 3534 2812 3590 ad
2849 3544 3051 3596 tantam
3079 3541 3423 3596 securitatem
3449 3542 3695 3611 spiritua-

2125 3625 2229 3680 lem
2254 3627 2614 3694 pervenimus,
2641 3636 2699 3682 ut
2718 3626 2866 3680 omni
2892 3628 3089 3682 virtute
3113 3630 3385 3698 possimus
3405 3634 3690 3699 excellere,

2124 3727 2182 3773 et
2210 3719 2262 3772 in
2294 3719 2511 3774 Christo
2540 3720 2708 3774 vitam
2741 3718 3037 3789 angelicam
3070 3721 3238 3790 probe
3260 3722 3470 3791 vivere;
3502 3725 3695 3782 deinde

2125 3810 2471 3865 charismatis
2516 3809 2633 3878 ejus
2680 3809 2906 3880 repleri,
2956 3817 3029 3865 'et
3075 3811 3323 3882 accipere
3373 3822 3691 3881 potestatem

2126 3913 2321 3956 contra
2348 3902 2570 3970 spiritus
2605 3902 2944 3968 immundos,
2976 3910 3032 3958 et
3067 3903 3337 3961 daemones
3369 3904 3692 3974 increpans,

2124 3994 2289 4065 670
2345 3994 2724 4049 substernente
2780 3994 3031 4062 Christo,
3072 4004 3127 4050 et
3180 3996 3352 4065 ipsum
3402 3998 3693 4063 Satanam,

2127 4086 2460 4153 virtutesque
2493 4084 2633 4139 illius
2668 4084 2966 4154 malignas,
2988 4084 3090 4140 sub
3124 4087 3350 4155 pedibus
3382 4096 3695 4142 sanctorum

2128 4175 2537 4229 conterente".
2590 4174 2707 4227 Alia
2768 4174 2985 4244 insuper
3036 4179 3122 4228 via
3179 4175 3414 4245 spoliare
3464 4176 3697 4232 victores

463 4266 554 4321 ὑπ’
578 4266 725 4336 αὐτῷ
761 4267 1016 4339 δυνάμεις
1052 4271 1335 4343 πονηρίας.
1365 4270 1503 4325 Καθ’
1530 4272 1718 4341 ἕτερον
1743 4272 1799 4326 δὲ
1829 4273 2021 4344 τρόπον

2132 4265 2276 4320 licet.
2297 4266 2521 4331 Quando
2549 4264 2691 4316 enim
2722 4266 3022 4319 concitatos
3051 4264 3353 4318 animorum
3386 4274 3694 4320 nostrorum

465 4357 810 4413 σκυλεύσειεν
842 4359 908 4415 ἀν
954 4378 1037 4423 τις
1077 4361 1204 4424 τούς
1245 4378 1375 4417 ποτε
1423 4363 1847 4432 κεκρατηκότας.
1900 4364 2029 4416 Ὅτε

464 4448 575 4515 γὰρ
602 4447 709 4499 τῶν
738 4448 879 4503 ίδίων
916 4450 1287 4521 καταθλοῦμεν
1322 4452 1531 4516 παθῶν,
1579 4454 1673 4504 καὶ
1708 4451 1800 4506 τοῦ
1831 4453 2031 4515 παντὸς

466 4535 616 4600 ἀξιον
647 4537 943 4607 ποιούμεθα
970 4540 1147 4608 λόγου,
1176 4542 1238 4595 τὸ
1270 4545 1488 4613 κρατεῖν
1512 4542 1716 4612 ἡδονῶν
1753 4543 2030 4613 κοσμικῶν

464 4642 529 4680 τε
553 4627 647 4681 καὶ
691 4629 985 4699 σαρκικῶν,
1019 4632 1110 4685 καὶ
1144 4632 1365 4702 ἀπάσης
1394 4630 1625 4683 ὲκτόπου
1655 4632 1749 4685 καὶ
1780 4634 2030 4704 μυσαρᾶς

462 4717 775 4789 ἐπιθυμίας,
803 4720 924 4773 τότε
954 4724 1084 4785 τοὺς
1130 4723 1541 4794 κεκρατηκότας
1568 4724 1696 4778 ποτὲ
1744 4728 2030 4796 νενικήκα-

466 4824 587 4877 μεν,
617 4808 719 4861 κᾶν
746 4806 945 4877 ῐδωμεν
977 4812 1201 4874 ἑαυτοὺς
1230 4812 1522 4881 γεγονότας
1558 4815 1615 4866 ιν
1640 4815 1866 4879 τούτοις.
1895 4816 2029 4869 Τότε

461 4898 549 4969 δὴ,
577 4898 694 4950 τότε
735 4898 1056 4969 γνωσόμεθα
1087 4902 1182 4954 καὶ
1225 4902 1312 4956 διὰ
1334 4901 1534 4971 ’πείρας
1574 4904 1762 4974 αὐτῆς,
1789 4906 1871 4959 ὅτι
1899 4906 2029 4971 Θεὸς

461 4989 537 5044 ὢν
577 4992 606 5043 ὁ
650 4993 841 5061 Λόγος,
888 4992 1168 5062 ἀπεστάλη
1212 4994 1349 5063 μετά
1392 4996 1589 5066 σαρκὸς
1632 4999 1712 5060 είς
1762 4997 1908 5050 τόνδε
1940 4999 2031 5052 τὸν

463 5082 668 5152 κόσμον
698 5084 851 5155 παρὰ
874 5083 968 5137 τοῦ
997 5083 1134 5137 Θεοῦ
1172 5086 1265 5140 καὶ
1298 5087 1529 5159 Πατρδς,
1562 5090 1656 5141 καὶ
1680 5088 1853 5143 ὀπίσω
1876 5088 2032 5157 δόξης

462 5172 683 5242 γέγονεν
713 5175 812 5246 οὐχ
852 5176 1043 5246 ἑτέρου
1074 5193 1169 5229 του
1220 5178 1398 5248 χάριν,
1449 5180 1481 5248 ἢ
1532 5180 1619 5233 ἵνα
1661 5179 1935 5251 δεσμεύσῃ
1972 5180 2033 5235 τὺ

2136 4366 2314 4409 motus
2369 4368 2774 4424 oppugnamus,
2834 4366 2891 4411 et
2955 4355 3294 4420 mundanas,
3348 4355 3699 4425 canalesque

2137 4446 2434 4514 voluptates
2452 4487 2468 4513 ,
2497 4456 2552 4501 et
2581 4447 2826 4515 quamvis
2855 4461 2886 4501 a
2917 4448 3126 4502 ratione
3156 4462 3435 4513 aversam,
3463 4457 3518 4504 et
3543 4462 3699 4504 exse-

2134 4540 2390 4595 craudam
2414 4539 2741 4607 voluptatem
2766 4540 2981 4595 vincere
3007 4540 3060 4595 in
3089 4541 3300 4611 magnis
3329 4555 3694 4605 numeramus,

2135 4642 2262 4687 tunc
2286 4632 2519 4687 victores
2547 4631 2804 4697 vicimus,
2860 4632 3073 4687 etiamsi
3108 4647 3207 4688 nos
3238 4633 3370 4702 ipsis
3401 4632 3567 4690 fuisse
3595 4636 3689 4688 ob-

2135 4722 2322 4778 noxios
2345 4720 2814 4787 videamus.Tunc,
2837 4733 2964 4778 tunc
2989 4724 3100 4793 ipsa
3124 4739 3341 4794 quoque
3366 4724 3699 4793 experientia

2136 4815 2437 4879 discemus,
2464 4814 2607 4883 quod
2650 4815 2793 4869 Deus
2830 4813 3067 4869 Verbum
3118 4828 3337 4870 carnem
3384 4813 3603 4868 indutus
3650 4813 3702 4867 in

2138 4908 2281 4961 hunc
2317 4907 2573 4961 mundum
2607 4921 2637 4959 a
2670 4905 2780 4962 Deo
2812 4916 2869 4961 et
2900 4906 3063 4962 Patre
3097 4908 3454 4971 missus,.nec
3493 4905 3598 4957 alia
3638 4906 3706 4957 de

2137 5014 2299 5053 causa
2345 5008 2468 5068 post
2517 4998 2740 5067 gloriam
2788 4997 2965 5053 factus
3007 4998 3111 5060 sit,
3161 5012 3320 5066 quam
3362 5005 3421 5049 ut
3459 4995 3707 5065 alligaret

2137 5089 2280 5158 quod
2331 5089 2622 5146 contritum
2674 5098 2821 5154 erat,
2866 5097 2922 5144 et
2972 5088 3321 5143 conﬁrmaret
3365 5084 3610 5150 infirma,
3650 5095 3706 5139 et

2138 5180 2345 5249 dejecta
2423 5183 2697 5251 erigeret,
2769 5190 2825 5234 et
2890 5180 3031 5248 quod
3098 5185 3215 5232 erat
3283 5174 3457 5230 debile
3517 5189 3706 5231 corro-

532 5377 575 5410 “
619 5377 757 5432 Psai.
785 5392 885 5441 vn,
918 5376 1004 5439 16,
1032 5377 1122 5432 l7.
1198 5380 1244 5412 δ’
1276 5379 1418 5435 Psal.
1443 5394 1552 5446 cn,
1581 5379 1671 5435 l5.
1748 5380 1795 5413 υ
1822 5377 1842 5431 1
1870 5379 1995 5436 Cor.

2126 5422 2130 5441 ,
2160 5380 2251 5435 27.
2328 5382 2373 5413 “
2398 5380 2530 5437 Gen.
2572 5397 2653 5447 Ill,
2689 5382 2774 5435 l5.
2851 5377 2895 5409 "
2930 5376 3060 5430 Luc.
3099 5392 3154 5444 κ,
3186 5378 3272 5434 19.
3350 5378 3395 5410 ⁵⁸
3428 5376 3595 5434 lCor.
3631 5390 3703 5441 vr,

474 5446 560 5501 ll.
627 5449 669 5478 ⁸⁷
702 5448 870 5503 Marc.
901 5462 974 5513 vt,
1007 5448 1075 5503 7.-

543 5620 613 5695 (1)
638 5626 695 5681 ln
720 5626 907 5683 Graeco
927 5640 1009 5683 est
1039 5629 1100 5682 ἐκ
1132 5628 1351 5699 μέρους,
1384 5644 1447 5683 ea:
1473 5636 1639 5697 parte,
1666 5635 1723 5681 ut
1752 5625 1915 5681 etiam
1949 5625 2000 5679 in

2132 5641 2189 5677 vo
2231 5625 2593 5680 Testamento.
