4080 6284
430 269 503 324 2:9
1020 290 1027 295 '
1421 266 1480 323 S.
1520 267 1799 326 CYRILU
1842 268 2308 326 ALEXANDHINI
2347 268 2666 328 ARCHIEP.
3626 280 3695 334 ω
3788 284 3793 287 “

432 386 669 450 lsurat'cl,
719 392 781 439 et
835 381 975 452 quod
1029 380 1265 452 perierat
1317 383 1385 439 ad
1455 384 1685 442 salutem
1754 386 2002 440 restitue-

2114 387 2596 457 συντετριμμένον,
2648 387 2898 462 νευρώσῃ
2936 389 2995 445 τὸ
3040 389 3367 463 ήσθενηκὸς,
3412 393 3693 467 ἀνορθὼσῃ

431 483 512 528 ret
538 472 603 527 “.

505 646 664 702 Vnus.
702 644 885 703 10-12.
916 649 1188 704 Delectare
1225 660 1272 704 et
1312 651 1508 720 gaude,
1540 651 1653 720 ﬁlia
1698 651 1855 719 Sion,
1882 654 2005 723 quia

421 755 540 792 ecce
566 754 657 807 ego
688 741 865 804 venio,
896 749 943 794 et
972 739 1219 793 habitabo
1251 742 1305 793 in
1336 742 1504 795 medio
1534 743 1644 805 tui,
1669 741 1793 795 dicit
1826 741 2008 795 Domi-

430 847 549 883 nus.
585 830 654 884 Et
678 830 979 900 confugient
1011 844 1185 902 gentes
1220 832 1399 887 multa:
1428 833 1497 886 ad
1529 832 1811 889 Dominum
1844 834 1897 886 in
1920 835 2006 887 die

422 922 552 988 illa,
576 932 622 977 et
657 933 810 976 erunt
841 924 889 976 ei
918 923 974 976 in
1003 924 1291 993 populum,
1317 934 1365 979 et
1402 925 1709 979 habitabant
1744 926 1798 978 in
1834 926 2004 979 medio

428 1014 535 1078 tui,
564 1024 610 1067 et
644 1014 773 1069 scies
806 1015 1079 1085 ‘quoniam
1113 1014 1368 1069 Dominus
1401 1015 1723 1085 omnipotens
1753 1016 1895 1070 misit
1924 1034 2003 1071 me

422 1106 497 1157 ad
536 1115 611 1159 te.
645 1104 714 1159 Et
753 1105 1034 1174 possidebit
1073 1104 1329 1159 Dominus
1365 1105 1563 1158 ludam
1605 1116 1804 1173 partem
1850 1123 2000 1161 suant

424 1214 580 1265 super
611 1207 804 1252 terram
834 1208 1095 1262 sanctam,
1122 1208 1170 1252 et
1200 1199 1351 1266 eliget
1379 1198 1549 1251 adhuc
1571 1198 1888 1255 Jerusalem.

423 1290 677 1359 νομήσει
718 1293 933 1361 Κύριος
968 1291 1078 1345 τὸν
1126 1292 1348 1347 Ἰούδαν
1400 1290 1517 1360 τὴν
1560 1291 1777 1361 μερίδα
1814 1292 2001 1348 αὑτοῦ

415 1384 761 1454 ρουσαιιήμ.

498 1483 612 1539 XV.
642 1483 709 1537 Et
736 1482 860 1538 hinc
890 1494 1217 1547 cognoscere
1265 1479 1472 1550 poteris
1504 1493 1769 1549 supreme
1802 1477 2002 1536 laetitiae

422 1573 711 1630 materiam
754 1570 1073 1627 mortalibus
1114 1570 1352 1625 futurum
1393 1567 1693 1626 Salvatoris
1734 1570 1789 1625 in
1830 1580 2002 1627 terras

428 1665 735 1719 adventum.
768 1662 1036 1717 Delectari
1061 1662 1262 1716 etenim
1317 1670 1375 1716 et
1404 1661 1570 1717 laetari
1599 1662 1820 1717 omnino
1844 1662 2004 1732 jussit

420 1755 758 1826 spiritualem
800 1753 956 1819 Sion,
986 1768 1111 1823 qua;
1151 1763 1235 1807 est
1273 1751 1512 1807 Ecclesia
1556 1753 1647 1807 Dei
1685 1754 1913 1808 viventis
1934 1752 1999 1818 ‘9,

419 1852 537 1906 sive
567 1849 684 1918 ipsa
715 1861 815 1917 per
848 1846 1005 1901 ﬁdem
1042 1844 1375 1900 salvatorum
1411 1843 1780 1899 sacratissima
1818 1844 2002 1898 multi—

422 1941 575 1996 tudo.
605 1936 878 1992 Promittit
907 1944 1087 1990 autem
1115 1949 1174 1990 se
1198 1943 1484 1989 venturum
1508 1970 1524 1998 ,
1551 1941 1604 1987 et
1632 1947 1855 2002 prorsus
1881 1946 2002 1987 cum

424 2031 557 2102 ipsis
600 2029 860 2083 futurum.
907 2010 1091 2095 inquit
1132 2024 1278 2080 enim
1330 2024 1546 2081 divinus
1586 2022 1822 2080 Joannes
1843 2023 1912 2090 ",
1945 2023 2001 2080 ιιι

425 2121 629 2177 mundo
664 2127 814 2187 erat,
844 2126 904 2174 et
937 2132 966 2172 a
1004 2116 1269 2173 creaturis
1300 2117 1414 2172 suis
1448 2131 1554 2171 non
1589 2115 2004 2185 disjungebatur

426 2214 573 2269 Deus
596 2211 830 2268 Verbum
870 2226 885 2264 :
920 2207 1167 2278 sed'ipse
1195 2207 1361 2262 vitam
1391 2207 1695 2264 viventibus
1726 2208 2002 2278 impertie-

422 2308 539 2370 bat,
565 2313 621 2359 et
638 2302 972 2367 continebat,
998 2308 1161 2370 atque
1188 2299 1544 2355 conservabat
1568 2299 1752 2356 omnia
1779 2309 1837 2355 ut
1866 2302 2001 2356 bene

421 2406 608 2453 essent
658 2404 714 2451 et
740 2395 1019 2459 viverent;
1055 2410 1074 2443 ι
1114 2390 1223 2447 Sed
1253 2394 1488 2446 mundus
1520 2405 1643 2447 eum
1673 2405 1779 2445 non
1804 2405 2003 2462 cogno-

421 2488 501 2543 vit
527 2488 595 2541 υ.
640 2505 660 2539 ι
706 2485 970 2542 Adoravit
1013 2481 1159 2537 enim
1209 2489 1518 2537 creaturam
1545 2483 1615 2539 δ’.
1652 2481 1775 2536 Fuit
1821 2489 2001 2536 autem

416 2580 727 2642 nobiscum,
751 2572 1359 2647 quando,similitudine
1390 2581 1577 2628 nostra
1610 2581 1881 2643 suscepta,
1903 2588 2005 2643 per

420 2654 661 2728 sanctam
681 2668 957 2739 Virginem
985 2673 1169 2727 natus,
1207 2681 1226 2715 ι
1252 2661 1386 2717 Ειίιι
1418 2663 1581 2719 terris
1602 2664 1773 2728 visus,
1796 2675 1852 2718 et
1880 2680 2001 2719 cum

420 2758 735 2814 hominibus
769 2761 1124 2810 conversatus
1158 2760 1243 2806 est
1264 2752 1331 2807 ³³.
1366 2769 1384 2803 ι
1422 2750 1676 2807 Testatur
1705 2752 1845 2807 idem
1880 2767 2004 2809 san-

421 2858 545 2903 ctus
569 2844 777 2901 David:
806 2865 825 2897 ι
851 2845 991 2900 Deus
1019 2843 1305 2900 manifeste
1334 2844 1535 2909 veniet,
1561 2843 1702 2900 De'tts
1720 2854 1923 2910 noster,
1950 2854 2005 2900 et

400 2955 529 2993 non
563 2937 742 2994 silebit
762 2936 831 2990 “.
873 2955 893 2989 ι
935 2937 1086 2990 Tunc
1117 2943 1173 2989 et
1198 2934 1452 3004 gentibus
1487 2932 1865 2991 manilestatus
1898 2944 2001 2991 est.

2109 478 2171 529 τὸ
2197 481 2662 549 κατεῤῥαγμένον,
2694 480 2948 544 εὐσθενὲς
2982 480 3239 555 ἀποφήνῃ
3268 483 3330 537 τὸ
3358 483 3574 551 ἀναλκι.
3603 484 3694 540 θε-

2116 568 2291 639 ραπεύ
2301 587 2366 639 σῃ
2401 571 2463 623 τὸ
2492 571 2790 636 ἀπολωλός.

2188 660 2412 729 Τέρπου
2464 663 2562 717 καὶ
2620 665 2969 734 εὐφραίνου,
3016 668 3268 736 θύγατερ
3315 656 3498 733 Σιὼν,
3548 667 3696 721 διότι

2114 750 2241 806 ἰδοὺ
2291 752 2406 822 ἐγὼ
2453 753 2722 824 ἔρχομαι,
2770 757 2871 811 xal
2924 759 3375 827 κατασκηνώσω
3416 759 3487 813 ἐν
3529 760 3698 829 μέσῳ

2110 858 2264 906 σου.
2312 843 2475 913 λέγει
2537 846 2772 913 Κύριος.
2843 847 2954 902 Kal
3013 850 3488 919 καταφεύξονται
3549 850 3695 917 ἔθνη

2111 937 2315 990 πολλὰ
2341 937 2441 990 ἐπὶ
2486 938 2594 991 τὸν
2630 940 2852 1007 Κύριον
2877 942 2949 995 ἐν
2988 942 3065 1012 τῇ
3105 943 3295 1014 ἡμέρᾳ
3332 945 3557 1012 ἐκείνῃ,
3597 942 3697 997 καὶ

2109 1021 2358 1078 ἔσονται
2384 1025 2546 1091 αὐτῷ
2569 1028 2656 1093 εις
2678 1027 2855 1093 λαὸν,
2887 1030 2987 1086 καὶ
3016 1031 3600 1098 κατασκηνώσουσιν
3626 1032 3697 1085 ἐν

2100 1114 2270 1182 μέσῳ
2308 1133 2449 1181 σου,
2490 1120 2589 1173 καί
2628 1120 2936 1192 ἑπιγνώσῃ
2993 1123 3083 1177 ὅτι
3117 1125 3331 1192 Κύριος
3364 1123 3697 1192 παντοκρά-

2104 1222 2219 1275 τωρ
2250 1206 2668 1272 ἐξαπέσταλκέ
2705 1230 2782 1282 με
2833 1214 2986 1283 πρὸς
3029 1215 3130 1273 σέ.
3173 1218 3284 1271 Kal
3321 1218 3696 1283 κατακληροο

2038 1296 2134 1353 ἐπὶ
2169 1303 2285 1369 τὴν
2308 1303 2428 1373 γῆν
2484 1303 2601 1373 τὴν
2658 1306 2858 1375 ἁγίαν,
2892 1308 2991 1363 καί
3040 1310 3288 1381 αἱρετιεῖ
3311 1312 3397 1366 ἔτι
3430 1311 3547 1380 τὴν
3594 1311 3692 1365 Ἰεο

2163 1475 2281 1537 ’1Ε’.
2324 1483 2634 1539 Κάντεῢθεν
2671 1487 2738 1543 ἂν
2768 1487 2983 1557 μάθοις,
3013 1490 3089 1555 ὡς
3119 1491 3272 1546 ἔσται
3301 1495 3401 1563 τῆς
3431 1494 3693 1550 ἀνωτάτω

2110 1569 2375 1644 θυμηδίας
2408 1575 2662 1642 ὑπόθεσις
2698 1583 2811 1643 τοῖς
2838 1581 2930 1634 ἰπὶ
2958 1580 3061 1651 τῆς
3091 1582 3195 1653 γῆς
3235 1583 3328 1637 τοῦ
3361 1585 3612 1658 Σωτῆρος
3656 1591 3692 1661 ή

2035 1695 2078 1750 Β
2110 1662 2399 1733 παρουσία.
2430 1663 2740 1735 Τέρπεσθαι
2765 1666 2874 1739 γὰρ
2916 1669 3010 1723 καὶ
3041 1669 3428 1740 εὐφραίνεσθαι
3458 1677 3693 1746 προστέ-

2107 1769 2270 1823 ταχεν
2299 1754 2612 1823 ἀναγκαίως
2639 1757 2737 1827 τὴν
2764 1759 2959 1831 νοητὴν
2976 1759 3135 1827 Σιὼν,
3147 1762 3269 1832 ἥτις
3296 1763 3444 1818 ἐστὶν
3469 1765 3694 1838 Ἐκκλη-

2062 1892 2069 1899 .
2108 1845 2199 1900 σία
2228 1845 2366 1900 Θεοῦ
2399 1847 2621 1913 ζῶντος,
2658 1850 2827 1920 ήγουν
2871 1852 3010 1923 αὐτὴ
3040 1851 3152 1907 τῶν
3193 1853 3283 1908 διὰ
3314 1858 3553 1920 πίστεως
3603 1874 3692 1910 σε-

2106 1939 2403 2008 σωσμένων
2436 1942 2469 2010 ἡ
2505 1941 2775 2013 ἱερωτάτη
2816 1941 3045 2015 πληθύς.
3081 1944 3571 2015 Κατεπηγγέλλετο
3604 1948 3688 2012 δὲ,

2104 2028 2187 2080 ὅτι
2235 2029 2329 2082 καὶ
2356 2028 2496 2099 ἥξει,
2543 2032 2635 2085 καὶ
2680 2031 2833 2086 ἔσται
2864 2032 2929 2105 δὴ
2963 2034 3180 2098 πάντως
3223 2036 3281 2089 ἐν
3316 2036 3466 2107 μέσῳ
3494 2037 3688 2107 αὐτῆς.

2114 2116 2279 2186 Ἦμϊν
2298 2118 2406 2189 γάρ
2435 2136 2597 2190 φησιν
2618 2121 2647 2175 6
2676 2119 2961 2187 θεσπέσιος
2975 2122 3247 2194 Ἰωάννης·
3275 2123 3364 2178 Ἐν
3392 2122 3470 2194 τῷ
3502 2125 3693 2196 κόσμῳ

2104 2203 2194 2278 ἦν,
2226 2211 2321 2264 καὶ
2347 2210 2455 2265 τῶν
2487 2212 2654 2266 αὑτοῦ
2680 2214 2997 2284 κτισμάτων
3026 2216 3127 2270 οὐκ
3148 2217 3541 2288 ἀπενοσφίζετο
3559 2217 3693 2282 Θεὸς

2104 2300 2179 2355 ὣν
2222 2301 2251 2355 ὁ
2298 2301 2492 2370 Λόγος,
2525 2302 2641 2356 ἀλλ’
2668 2299 2738 2373 ἦν
2782 2302 2944 2366 αὐτὸς
2977 2303 3257 2369 ζωοποιῶν
3297 2308 3366 2361 τὰ
3397 2310 3541 2379 ζωῆς
3572 2327 3695 2380 μετ-

2108 2389 2321 2460 έχοντα,
2354 2392 2448 2444 καὶ
2473 2390 2714 2462 συνέχων
2744 2392 2815 2446 τὰ
2833 2394 3013 2447 πάντα
3060 2395 3197 2465 πρὸς
3241 2397 3301 2449 τὸ
3333 2393 3562 2455 εὖεῖναι
3597 2401 3694 2452 καὶ

2104 2480 2239 2552 ζῇν·
2283 2500 2303 2534 ι
2351 2480 2492 2538 Ἀλλ’
2520 2483 2549 2535 6
2582 2482 2787 2553 κόσμος
2834 2482 2996 2538 αὑτὸν
3033 2484 3133 2541 οὐκ
3162 2484 3325 2554 ἔγνω.
3380 2505 3399 2539 ι
3448 2489 3693 2561 Προσκεη

2106 2570 2314 2642 κύνηκε
2353 2570 2462 2643 γὰρ
2508 2574 2576 2643 τῇ
2624 2573 2819 2626 κτίσει.
2870 2573 3067 2641 Γέγονε
3113 2574 3179 2628 δὲ
3228 2576 3553 2649 μεθ’ήμῶν,
3602 2581 3691 2634 ὅτε

2102 2663 2205 2736 τὴν
2241 2664 2364 2717 καθ’
2398 2665 2546 2734 ἡμᾶς
2591 2663 2850 2735 ὁμοίωσιν
2894 2665 3211 2731 ἀναλαϐὼν,
3245 2667 3334 2722 διὰ
3381 2669 3483 2739 τῆς
3530 2671 3693 2739 ἀγίας

2104 2757 2369 2828 ἐγεννήθη
2401 2756 2707 2828 Παρθένου,
2760 2774 2779 2809 ι
2817 2757 2946 2810 Ὅτε
2977 2759 3071 2811 καὶ
3107 2759 3200 2813 ἐπὶ
3246 2760 3349 2831 γῆς
3382 2760 3560 2833 ὤφθη,
3597 2763 3692 2818 καὶ

2102 2851 2217 2913 τοῖς
2267 2848 2578 2920 ἀνθρώποις
2631 2850 3071 2921 συνανεστράφη.
3126 2870 3143 2902 ι
3188 2854 3301 2907 Καὶ
3348 2855 3690 2926 μαρτυρήσει

2105 2937 2278 3007 λέγων
2320 2939 2349 2991 6
2379 2938 2666 3003 θεσπέσιος
2695 2937 2859 2991 Δαϐίδ
2880 2955 2893 2969 ο
2934 2958 2953 2991 ‹
3000 2941 3059 2993 '0
3087 2940 3219 3003 Θεὸς
3249 2941 3511 3012 ἐμφανῶς
3546 2943 3688 3014 ἥξει,

421 3031 538 3086 Non
575 3029 719 3087 enim
749 3027 980 3099 amplius
1014 3025 1372 3082 lsraeliticum
1405 3040 1579 3097 genus
1632 3027 2002 3082 tantummodo

2103 3030 2133 3082 6
2165 3029 2297 3093 Θεὸς
2338 3030 2516 3100 ήμῶν,
2562 3030 2656 3083 καὶ
2696 3030 2758 3082 οὐ
2805 3033 3317 3103 παρασιωπήσεται.
3369 3051 3388 3086 ι
3425 3035 3561 3088 Τότε
3594 3036 3689 3103 γέ-

418 3141 519 3198 per
548 3133 698 3179 vetus
729 3123 856 3179 illud
890 3121 1200 3177 mandatum
1226 3120 1511 3178 erudiebat
1536 3138 1550 3174 :
1574 3122 1817 3191 quinimo
1840 3137 2005 3178 evan-

421 3217 611 3287 gelicis
642 3213 1123 3285 praedicationibus
1152 3219 1301 3269 totus
1352 3212 1451 3268 sub
1505 3210 1618 3268 sole
1637 3212 1798 3285 67],
1857 3213 2006 3270 orbis

419 3306 791 3368 inaurabatur,
816 3313 871 3357 et
895 3304 1071 3358 evasit
1091 3302 1146 3356 in
1166 3302 1314 3357 omni
1336 3310 1495 3372 gente
1512 3309 1569 3357 et
1585 3302 1638 3356 in
1663 3304 1809 3358 omni
1826 3303 2003 3375 regio-

422 3411 491 3451 ne
520 3407 774 3464 magnum
792 3405 987 3446 nomen
1008 3389 1127 3459 ejus
1142 3392 1213 3446 ⁸⁸.
1232 3392 1356 3460 Ipse
1374 3392 1520 3448 enim
1554 3401 1673 3447 erat
1687 3396 2003 3463 exspectatio

421 3485 683 3557 gentium,
699 3481 851 3551 juxta
869 3482 1189 3551 prophetam
1214 3481 1283 3547 ",
1310 3482 1479 3551 etipsi
1506 3483 1825 3539 curvabitur
1846 3502 1865 3536 ι
1889 3500 2005 3540 om-

399 3594 493 3635 -ne
516 3591 679 3649 genu,
725 3573 1054 3638 cmlestium,
1089 3574 1430 3649 terrestrium
1468 3582 1525 3629 et
1553 3573 1923 3641 infernarum;
1951 3586 2006 3631 et

422 3669 600 3725 omnis
616 3668 799 3739 lingua
835 3663 1185 3722 conﬁtebitur
1205 3664 1332 3734 quia
1364 3663 1624 3721 Dominus
1653 3664 1811 3722 Jesus
1847 3665 2003 3721 Chri-

423 3772 539 3817 stus
557 3762 610 3815 in
629 3760 799 3832 gloria
814 3767 900 3814 est
916 3756 1009 3812 Dei
1028 3754 1206 3811 Patris
1223 3756 1289 3812 ⁸⁷.
1304 3756 1891 3813 sConcurreruntenim
1909 3771 2004 3825 per

423 3855 584 3909 ﬁdem
620 3854 674 3907 in
709 3851 917 3920 ipsum,
948 3856 1002 3902 et
1038 3862 1158 3902 cum
1196 3846 1311 3916 ipso
1344 3848 1657 3903 habitarunt
1689 3847 1742 3902 in
1780 3855 1999 3915 sancta,

418 3958 475 4003 et
509 3960 628 4014 qua:
661 3944 923 3999 duntaxat
971 3940 1290 4010 intelligitur
1321 3938 1484 4006 Sion,
1528 3940 1618 4009 qui
1670 3939 1916 3995 habitant
1946 3941 1999 3994 in

420 4038 627 4093 ultimis
678 4035 863 4090 mundi
917 4034 1145 4098 ﬁnibus,
1194 4043 1678 4104 cognoveruntque
1722 4033 2002 4102 perspicue

424 4130 591 4184 Deum
639 4127 720 4181 sic
763 4124 1018 4180 dilexisse
1060 4123 1349 4191 mundum,
1387 4142 1407 4175 ι
1457 4132 1516 4177 ιιι
1556 4124 1768 4179 dederit
1805 4123 1999 4178 Filium

420 4236 577 4274 suum
609 4217 940 4289 unigenitum
959 4256 973 4283 ,
1002 4223 1060 4270 ut
1090 4215 1269 4270 omnis
1296 4214 1387 4285 qui
1422 4213 1598 4269 credit
1623 4214 1675 4268 in
1704 4228 1827 4268 eum
1847 4253 1861 4279 ,
1894 4229 2000 4269 non

420 4316 630 4381 pereat,
659 4308 750 4363 sed
788 4308 983 4364 habeat
1013 4307 1179 4362 vitam
1216 4314 1474 4361 aeternam
1497 4306 1566 4358 ⁸⁸.
1609 4323 1630 4358 ι
1672 4304 1818 4361 Misit
1851 4305 1996 4359 enim

420 4370 579 4457 nobis
616 4370 687 4455 de
726 4400 868 4456 cmlo
905 4399 1100 4453 Filium
1144 4415 1301 4454 suum
1346 4398 1527 4462 Pater,
1562 4396 1898 4454 Salvatorem
1942 4406 1997 4452 et
2028 4370 2073 4424 D

400 4495 937 4561 Redemptor-euut
960 4490 1246 4545 credentes
1276 4490 1329 4544 in
1363 4490 1535 4555 illum,
1554 4491 1608 4543 in
1640 4491 1755 4559 ipso
1780 4489 1993 4545 Patrem

421 4586 728 4646 videamus.
754 4592 811 4639 et
837 4592 895 4637 ut
920 4596 1229 4651 expressam
1264 4580 1523 4651 genitoris
1556 4581 1841 4651 imaginem
1868 4595 1995 4634 eum

420 4679 511 4748 qui
547 4693 614 4732 ex
649 4677 766 4746 ipso
800 4673 1093 4728 secundum
1125 4682 1374 4726 naturam
1409 4680 1570 4725 natus
1598 4681 1677 4725 est
1703 4672 1994 4734 intuentes,

421 4769 772 4837 archetypum
820 4763 1118 4833 cogitemus
1139 4760 1208 4815 ⁸⁸.
1249 4759 1403 4815 Tunc
1447 4758 1735 4825 nimirum,
1774 4768 1899 4814 tunc
1944 4771 2001 4814 et

421 4861 693 4928 possessio
748 4858 864 4927 ejus
917 4853 1083 4910 ludas
1138 4853 1315 4909 factus
1366 4860 1480 4918 est,
1535 4851 1637 4907 hoc
1687 4860 1769 4907 est
1822 4853 1999 4906 omnis

421 4951 685 5004 conﬁtens
729 4958 786 5002 et
812 4946 1119 5018 gloriﬁcaus
1144 4947 1318 5015 ipsum
1347 4961 1363 4999 :
1390 4944 1560 5001 ludas
1581 4944 1722 4999 enim
1755 4943 1999 4998 redditur

420 5040 697 5111 confessio.
737 5038 873 5094 Nam
907 5047 966 5092 ut
1001 5046 1086 5093 est
1118 5036 1258 5107 apud
1289 5035 1513 5092 Paulum
1553 5054 1567 5088 :
1610 5052 1630 5086 ι
1669 5033 1785 5089 Non
1817 5035 1907 5104 qui
1943 5034 1995 5089 in

422 5128 709 5185 manilesto
756 5137 839 5184 est
884 5127 1138 5194 Judaeus,
1178 5141 1354 5197 neque
1395 5126 1735 5181 circumcisio
1773 5141 1893 5196 qua:
1944 5127 1995 5180 in

421 5235 584 5275 carne
617 5220 906 5276 manilesto
938 5222 1026 5287 lit,
1058 5220 1153 5275 sed
1188 5218 1278 5287 qui
1315 5217 1366 5271 in
1401 5216 1611 5272 occulto
1636 5215 1850 5274 Judaeus
1882 5227 1996 5284 est,

421 5322 475 5364 et
505 5312 844 5367 circumcisio
883 5312 1065 5367 cordis
1101 5312 1154 5365 in
1193 5308 1389 5379 spiritu
1410 5348 1425 5372 ,
1458 5322 1563 5362 non
1608 5307 1814 5372 littera,
1846 5308 2000 5377 cujus

422 5399 541 5455 laus
576 5413 681 5453 non
721 5413 790 5453 ex
832 5399 1169 5466 hominibus,
1202 5398 1294 5453 sed
1326 5411 1394 5452 ex
1427 5395 1536 5452 Deo
1556 5396 1627 5453 “.
1658 5414 1678 5451 ι
1720 5396 1992 5465 Quotquot

2108 3135 2233 3187 γονε
2264 3119 2358 3173 καὶ
2400 3120 2721 3190 καταφανὴς
2751 3122 2864 3184 τοῖς
2895 3120 3123 3177 ἔθνεσιν.
3155 3123 3231 3176 Οὐ
3268 3122 3378 3195 γὰρ
3418 3123 3498 3178 ἔτι
3531 3124 3692 3196 μόνον

2106 3210 2169 3264 τὸ
2214 3209 2274 3275 ἐξ
2333 3209 2551 3283 Ἰσραὴλ
2599 3212 2921 3267 ἐπαιδεύετο
2948 3212 3125 3281 γένος,
3175 3212 3265 3267 διὰ
3308 3213 3411 3285 τῆς
3458 3216 3690 3288 ἀρχαίας

2106 3305 2321 3376 ἐκείνης
2355 3305 2574 3375 ἐντολῆς
2596 3319 2611 3334 ο
2640 3304 3044 3377 κατεχρυσοῦτο
3063 3304 3120 3359 δὲ
3157 3305 3360 3377 μᾶλλον
3385 3309 3501 3372 τοῖς
3527 3310 3693 3377 εὐαγ-

2105 3396 2343 3464 γε).ικοῖς
2370 3395 2723 3466 κηρύγμασιν
2758 3396 2791 3465 ἡ
2828 3396 2922 3449 ὑπ’
2949 3395 3198 3467 οὐρανὸν,
3246 3397 3341 3451 καὶ
3376 3397 3601 3467 γέγονεν
3631 3400 3691 3452 ἐν

2107 3484 2249 3539 έθνει
2297 3485 2582 3537 παντὶκαὶ
2641 3486 2697 3537 ἑν
2742 3485 2893 3555 πάσῃ
2939 3485 2998 3537 δὲ
3047 3484 3203 3555 χώρᾳ
3240 3487 3383 3555 μέγα
3424 3487 3485 3540 τὸ
3517 3488 3690 3562 ὄνομα

2106 3572 2291 3628 αὐτοῦ.
2345 3572 2514 3633 Αὐτὸς
2569 3571 2679 3643 γὰρ
2728 3567 2797 3642 ἦν
2858 3571 2912 3637 ἡ
2945 3571 3283 3639 προσδοκία
3327 3573 3438 3627 τῶν
3489 3574 3685 3645 ἐθνῶν,

2105 3664 2248 3719 κατὰ
2286 3664 2387 3736 τὴν
2435 3663 2529 3716 τοῦ
2578 3664 2858 3735 προφήτου
2898 3663 3105 3734 φωνὴν,
3151 3664 3245 3718 καὶ
3285 3665 3435 3737 αὑτῷ
3477 3668 3685 3739 κάμψει

2111 3773 2130 3806 ι
2209 3756 2317 3808 πᾶν
2379 3753 2509 3823 γόνυ
2531 3792 2546 3816 ,
2608 3752 2983 3824 ἐπουρανίων,
3060 3754 3155 3811 καὶ
3214 3756 3469 3823 ἐπιγείων
3493 3794 3509 3821 ,
3590 3760 3687 3813 καὶ

2104 3844 2498 3915 καταχθονίων,
2529 3844 2625 3897 καὶ
2658 3845 2811 3897 πᾶσα
2836 3844 3061 3913 γλῶσσα
3092 3844 3565 3915 ἐξομολογήσεται·
3601 3848 3683 3902 ὅτι

2104 3935 2309 4006 Κύριος
2366 3933 2575 4002 Ἰησοῦς
2620 3932 2856 4004 Χριστὸς
2896 3934 2976 3996 εἰς
3016 3932 3173 4000 δόξαν
3209 3932 3344 3986 Θεοῦ
3380 3935 3613 4007 Πατρός.
3656 3956 3677 3991 s

2104 4024 2583 4095 Συνδεδραμήκασι
2614 4024 2723 4096 γὰρ
2751 4024 2840 4078 διὰ
2861 4023 3098 4086 πίστεως
3129 4025 3215 4077 ἐπ’
3242 4024 3425 4090 αὑτὸν,
3465 4027 3559 4080 καὶ
3586 4029 3684 4083 σὺν

2104 4115 2251 4186 αὐτῷ
2279 4115 2664 4186 κατῳκήκασιν
2713 4118 2772 4171 ἐν
2815 4119 2883 4188 τῇ
2918 4116 3050 4186 ἁγίᾳ
3099 4115 3193 4169 καὶ
3241 4120 3404 4189 νοητῇ
3442 4118 3599 4184 Σιὼν,
3632 4121 3681 4173 ol

2102 4210 2169 4263 ὲκ
2196 4208 2446 4280 περάτων
2470 4206 2569 4278 τῆς
2599 4208 2725 4279 γῆς,
2754 4208 3027 4277 ἐγνώκασι
3056 4226 3116 4261 τε
3149 4208 3355 4278 σαφῶς,
3387 4211 3470 4262 ὅτι
3510 4210 3683 4276 οὕτως

2103 4298 2391 4371 ἠγάπησεν
2418 4302 2448 4354 ό
2479 4299 2612 4363 Θεὸς
2643 4300 2733 4353 τὸν
2762 4299 2987 4372 κόσμον,
3022 4319 3041 4352 ι
3077 4300 3218 4354 ὥστε
3241 4301 3332 4355 τὸν
3359 4301 3488 4358 Υίὸν
3517 4302 3680 4356 αὐτοῦ

2101 4391 2193 4445 τὸν
2221 4390 2486 4462 μονογενῆ
2514 4391 2764 4455 δέδωκεν,
2796 4392 2883 4445 ἵνα
2907 4393 3015 4456 πᾶς
3040 4395 3068 4446 6
3096 4393 3367 4447 πιστεύων
3394 4396 3472 4457 εις
3494 4394 3677 4460 αὑτὸν,

2105 4484 2181 4556 μὴ
2213 4482 2502 4555 ἀπόληται,
2526 4483 2640 4537 ἀλλ’
2669 4482 2770 4556 ἔχῃ
2797 4482 2941 4554 ζωὴν
2974 4483 3212 4541 αἰώνιον.
3246 4504 3265 4536 ι
3303 4484 3680 4551 Ἐξαπέστειλε

2100 4575 2207 4647 γὰρ
2242 4576 2376 4645 ἡμῖν
2403 4573 2463 4638 te
2500 4572 2730 4646 οὐρανοῦ
2770 4572 2863 4629 τὸν
2898 4572 3025 4629 Υίὸν
3053 4574 3217 4629 αὑτοῦ
3259 4576 3288 4631 ό
3317 4575 3522 4647 Πατὴρ,
3563 4576 3674 4629 Σω-

2102 4666 2244 4737 τῆρα
2275 4666 2369 4721 καὶ
2403 4666 2716 4737 Λυτρωτὴν,
2746 4665 2837 4719 ἵνα
2870 4665 3263 4731 πιστεύσαντες
3299 4669 3380 4731 εἰς
3408 4668 3593 4731 αὐτὸν,
3623 4669 3681 4721 ὲν

2103 4756 2252 4827 αὐτῷ
2274 4756 2366 4809 τὸν
2394 4757 2615 4825 Πατέρα
2643 4756 2925 4827 ὁψώμεθα,
2952 4758 3048 4810 καὶ
3072 4758 3150 4821 ὡς
3182 4759 3366 4813 εἰκόνα
3391 4758 3678 4828 βλέποντες

2103 4848 2305 4920 ἀκριϐῆ
2338 4847 2432 4900 τοῦ
2473 4832 2865 4920 γεγεννηκότος
2896 4850 2989 4902 τὸν
3013 4850 3076 4914 le
3113 4850 3276 4905 αὐτοῦ
3317 4850 3458 4905 κατὰ
3493 4854 3677 4921 φύσιν,

2103 4939 2373 5010 ἐννοῶμεν
2416 4940 2478 4994 τὸ
2522 4942 2849 5012 ἀρχέτυπον.
2899 4943 3032 4996 Τότε
3080 4944 3174 4997 καὶ
3220 4944 3420 5015 κλῆρος
3460 4944 3681 5013 γέγονεν

2111 5030 2310 5093 Ἰούδας
2336 5031 2543 5101 Κυρίου
2563 5071 2579 5096 ,
2609 5034 2858 5088 τουτέστι
2900 5037 3010 5098 πᾶς
3047 5037 3076 5087 6
3104 5034 3595 5107 ὲξομολογούμενός
3620 5053 3679 5088 τε

2099 5122 2193 5175 καὶ
2239 5121 2533 5191 δοξολογῶν
2582 5122 2762 5181 αὐτόν·
2801 5124 3239 5195 ἐξομολόγησις
3265 5125 3375 5197 γὰρ
3407 5128 3437 5181 6
3479 5125 3679 5188 Ἰούδας

2098 5212 2480 5285 ἑρμηνεύεται.
2525 5214 2614 5277 Ὠς
2656 5216 2764 5287 γὰρ
2792 5218 2821 5270 6
2854 5215 3065 5281 Παῦλός
3108 5233 3295 5288 φησιν,
3350 5236 3371 5269 ‹
3409 5217 3523 5289 Οὐχ
3560 5218 3590 5270 6
3621 5219 3679 5269 ὲν

2101 5304 2178 5375 τῷ
2224 5306 2445 5378 φανερῷ
2512 5307 2780 5373 Ἰουδαῖος,
2836 5309 2957 5362 οὐδὲ
3007 5312 3065 5363 ὲν
3099 5308 3339 5381 φανερῷ·
3368 5310 3462 5364 καὶ
3515 5308 3679 5380 σαρκὶ

2099 5397 2390 5469 περιτομὴ,
2427 5396 2544 5453 ἀλλ’
2575 5400 2604 5453 6
2635 5400 2695 5453 ὲν
2724 5400 2800 5470 τῷ
2844 5400 3073 5473 κρυπτῷ
3123 5400 3372 5464 Ἰουδαῖός
3410 5401 3551 5467 ἐστι,
3582 5401 3678 5453 καὶ

492 5558 537 5590 ⁸⁸
568 5556 763 5609 Ezech.
788 5570 976 5616 xxxiv,
1010 5554 1095 5608 16.
1172 5553 1259 5605 “l
1291 5553 1527 5609 Timotli.
1558 5569 1637 5617 ιιι,
1672 5552 1755 5606 15.
1832 5551 1878 5583 ⁸⁰
1908 5549 2002 5604 Joa

2102 5567 2139 5613 ι.
2188 5553 2271 5607 lli.
2350 5554 2542 5609 "ibid.
2619 5554 2664 5587 ⁸²
2702 5555 2857 5611 Rom.
2891 5572 2930 5623 ι,
2958 5554 3049 5611 25.
3126 5555 3170 5586 ⁸³
3203 5554 3409 5610 Baruch
3441 5571 3527 5619 tn,
3587 5548 3671 5608 38.

422 5628 467 5661 “
497 5628 634 5682 l’sal.
687 5642 832 5689 XLIX,
893 5626 943 5678 5.
1046 5626 1091 5655 ⁵⁵
1122 5624 1343 5676 Malach.
1378 5641 1414 5688 ι,
1446 5626 1528 5677 11.

426 5701 510 5759 16.
590 5699 633 5730 ⁵¹
663 5696 817 5755 Joan.
856 5712 964 5763 xw,
1002 5694 1206 5763 7seqq.
1236 5712 1249 5761 ;
1283 5693 1486 5748 Coloss.
1522 5710 1557 5759 ι,
1592 5693 1677 5747 13.

1642 5626 1685 5699 ξθ
1712 5623 2002 5699 Genlxux

2102 5628 2168 5699 ll;
2197 5627 2327 5699 A33.
2365 5641 2427 5693 ιι,
2463 5626 2515 5683 8.
2596 5628 2641 5658 ⁸⁷
2673 5626 2914 5699 Philipp.
2955 5641 3014 5692 ιι,
3053 5624 3140 5693 10,
3175 5625 3261 5682 11.
3338 5624 3563 5685 "Joau.
3591 5638 3672 5690 nt,

1755 5694 1798 5723 °°
1832 5694 1983 5747 ιίοιιι.
2017 5709 2075 5755 ιι,
2106 5693 2195 5759 ‘28,
2224 5693 2315 5748 29.
