4080 6284
300 322 359 375 ιι
1114 314 1653 371 COMMENTARIUS
1690 313 1756 369 IN
1796 312 2198 370 Z.\CllA|llAM
2238 314 2680 369 PROPHETAM.
3476 312 3546 368 ‘8

298 439 570 510 περιτομὴ
604 438 829 509 καρηίας
882 438 939 489 ὲν
969 439 1259 508 πνεύματι,
1291 440 1351 492 οὐ
1395 439 1704 511 γράμματι,
1753 430 1815 491 οὐ
1848 439 1875 489 6

1988 439 2143 508 igitur
2182 436 2656 493 circumcisionem
2700 436 2755 490 in
2799 433 2990 502 spiritu
3033 447 3128 503 per
3169 432 3444 489 Christum
3492 442 3549 487 ut

298 534 519 594 ἔπαινος
565 532 663 583 οὐκ
719 529 778 594 ἐξ
831 528 1154 599 ἀνθρώπων,
1197 529 1312 583 ἀλλ’
1339 533 1404 583 ὲκ
1449 530 1603 583 Θεοῦ.
1652 549 1671 582 ι
1714 531 1875 581 Ὅσοι

300 621 587 690 τοιγαροῦν
632 621 728 691 τὴν
763 623 821 673 ὲν
860 620 1129 690 πνεύματι
1175 621 1477 693 περιτομὴν
1511 621 1599 673 διὰ
1639 620 1874 689 Χριστοῦ

303 715 778 783 πεπλουτὴκαμεν,
811 712 1009 783 κλῆρος
1044 712 1207 765 αὐτοῦ
1251 714 1555 782 γεγόναμεν
1588 731 1607 764 ι
1649 713 1742 765 ἐπὶ
1778 712 1878 781 τὴν

302 807 405 874 γῆν
452 804 550 872 τὴν
607 804 789 871 ἁγίαν,
831 821 849 854 ι
888 804 975 856 ἵνα
1020 803 1118 873 τὴν
1165 803 1276 857 ἄνω
1318 803 1524 873 νοῶμεν
1554 803 1727 867 πόλιν,
1779 802 1877 871 τὴν

304 895 495 966 νοητὴν
538 895 911 965 Ἰερουσαλὴμ,
948 890 1015 965 ἦς
1065 896 1316 964 τεχνίτης
1367 895 1461 948 καὶ
1497 895 1826 965 δημιουργὸς
1850 895 1878 946 6

304 988 453 1050 Θεὸς,
492 987 520 1038 6
564 986 794 1058 φιλητὴν
827 1003 885 1039 τε
925 986 1094 1056 αὐτὴν
1136 988 1231 1040 καὶ
1271 986 1492 1056 αἱρετὴν
1537 986 1875 1056 ποιούμενος.

308 1097 327 1128 ι
373 1080 611 1147 Λίρετιεί
659 1078 786 1148 γὰρ,
821 1079 1003 1147 φησὶν,
1040 1078 1119 1129 ἔτι
1150 1076 1248 1147 τὴν
1305 1078 1675 1148 Ἰερουσαλήμ.
1717 1097 1735 1128 ι
1765 1078 1880 1131 Οὐκ

301 1169 563 1222 ἀπίθανον
620 1168 677 1221 δὲ
735 1168 901 1221 πάλιν
947 1167 1106 1237 εἴπερ
1163 1168 1337 1222 ἕλοιτο
1381 1186 1466 1231 τις
1528 1168 1880 1239 Ἰερουσαλὴμ

302 1261 507 1313 οἴεσθαι
546 1261 641 1313 καὶ
672 1259 767 1313 νῦν
810 1259 1125 1328 ὠνομάσθαι
1162 1260 1260 1330 τὴν
1304 1261 1649 1331 Ἐκκλησίαν,
1688 1261 1754 1331 ἢν
1788 1260 1882 1313 καὶ

304 1351 439 1403 Θεοῦ
492 1351 644 1402 πόλιν
692 1351 977 1415 ἀποκαλεῖ,
1034 1350 1206 1418 λέγων
1265 1352 1294 1403 6
1343 1350 1627 1415 θεσπέσιος
1677 1352 1878 1404 Δαϐίδ·

311 1461 328 1492 ι
367 1441 635 1511 Καθάπερ
663 1442 997 1510 ἠκούσαμεν,
1030 1442 1171 1493 οὕτω
1201 1443 1295 1493 καὶ
1344 1442 1556 1512 εἴδομεν
1604 1443 1662 1496 ὲν
1729 1443 1880 1495 πόλει

306 1528 513 1597 Κυρίου
558 1528 665 1580 τῶν
710 1529 1011 1599 δυνάμεων,
1052 1532 1109 1582 ὲν
1138 1531 1291 1583 πόλει
1335 1530 1429 1583 τοῦ
1471 1531 1607 1584 Θεοῦ
1641 1531 1814 1602 ἡμῶν.
1855 1550 1875 1582 ι

372 1621 751 1675 Εὑλαΰείσθω
782 1621 949 1676 πᾶσα
975 1622 1136 1689 σὰρξ
1168 1623 1289 1675 ἀπὸ
1320 1621 1644 1689 προσώπου
1671 1623 1877 1690 αὐτοῦ,

305 1707 451 1760 διότι
494 1707 799 1775 ἐγήγερται
823 1710 891 1762 ἐκ
924 1708 1196 1777 νεφελῶν
1236 1712 1419 1779 ἁγίων
1457 1712 1664 1766 αὐτοῦ.

1976 530 2188 585 divitias
2238 528 2652 597 acquisivimus,
2698 526 2974 596 possessio
3020 525 3135 591 ejus
3189 525 3314 580 lacti
3361 540 3549 581 sumus

1981 640 1999 673 ι
2049 636 2212 689 super
2256 631 2453 674 terram
2505 625 2772 683 sanctam,
2804 634 2823 667 ι
2874 625 2933 670 ut
2974 628 3222 683 superam
3274 616 3549 671 civitatem

1977 714 2326 778 meditemur,
2351 710 2678 774 Jerusalem,
2704 722 2823 777 qua:
2851 708 3033 761 animo
3058 705 3289 772 videtur,
3317 706 3471 775 cujus
3495 719 3545 761 et

1977 805 2223 860 conditor
2253 804 2392 857 Deus
2423 802 2500 867 εί,
2533 801 2623 870 qui
2653 803 2821 869 ipsam
2852 796 3137 852 amabilem
3166 804 3221 852 et
3260 797 3548 866 optabilem

1979 894 2127 949 facit.
2171 912 2189 945 ι
2243 895 2415 964 Eliget
2475 894 2618 948 enim
2678 892 2853 945 adhuc
2902 888 3233 954 Jerusalem,
3272 906 3291 939 ›
3354 888 3545 956 inquit.

1979 986 2094 1041 Non
2146 996 2231 1041 est
2277 987 2498 1055 insuper
2545 982 2934 1054 improbabile,
2981 982 3023 1037 si
3069 982 3191 1051 quis
3238 981 3553 1035 existimare

1981 1080 2153 1145 volet,
2178 1078 2474 1134 Jerusalem
2516 1089 2572 1133 et
2605 1092 2745 1131 nunc
2778 1085 3023 1129 vocatam
3058 1087 3179 1128 esse
3221 1072 3548 1135 Ecclesiam,

1982 1188 2142 1242 quam
2174 1182 2231 1228 et
2260 1172 2353 1226 Dei
2385 1172 2654 1225 civitatem
2682 1168 2899 1223 divinu‘s
2932 1165 3096 1221 David
3129 1165 3400 1228 nominat,
3426 1178 3550 1216 cum

1982 1267 2056 1319 ait
2090 1282 2105 1317 :
2148 1284 2167 1316 ι
2209 1264 2361 1319 Sicut
2393 1262 2723 1325 audivimus,
2759 1260 2834 1313 ita
2869 1268 2923 1313 et
2956 1258 3219 1321 vidimus,
3248 1257 3301 1310 in
3332 1255 3553 1311 civitate

1986 1354 2195 1410 Domini
2224 1354 2501 1417 virtutum,
2536 1352 2589 1405 in
2620 1351 2835 1405 civitate
2869 1349 2958 1403 Dei
2988 1348 3158 1405 nostri
3182 1349 3246 1401 “.
3280 1365 3300 1399 ι

2056 1619 2219 1675 Vens.
2259 1621 2344 1674 l3.
2383 1618 2584 1672 Timent
2625 1618 2794 1672 cumis
2831 1633 2957 1671 caro
2999 1633 3031 1670 a
3078 1615 3211 1684 [acie
3251 1619 3398 1685 ejus,
3431 1617 3556 1686 quia

1984 1713 2241 1766 excitatus
2274 1719 2350 1763 est
2377 1726 2403 1762 ε
2433 1708 2651 1762 nubibus
2684 1708 2879 1761 sanctis
2908 1708 3039 1761 suis.

380 1794 493 1864 ις’.
550 1796 907 1867 Ἐπιφώνημα
948 1798 1044 1866 μὲν
1070 1799 1229 1852 τοῦτο
1260 1799 1420 1852 καλὸν
1453 1800 1547 1852 καὶ
1588 1802 1886 1869 ὲπωφελὲς,

2065 1800 2203 1855 XVI.
2259 1800 2550 1853 Pulchrum
2607 1800 2739 1862 hoc,
2788 1809 2839 1853 et
2892 1798 3019 1853 utile
3067 1798 3454 1868 epiphonema,
3505 1806 3562 1852 et

308 1884 401 1936 καὶ
444 1883 773 1953 πρόσκλησις
822 1884 1023 1955 ἀγαθὴ,
1069 1888 1184 1947 τοῖς
1230 1885 1505 1940 ἐθέλουσιν
1555 1886 1885 1959 εὐδοκιμεῖν,

1991 1894 2289 1947 cohortatio
2317 1892 2455 1946 bona
2487 1890 2793 1945 volentibus
2824 1892 2959 1945 bene
2992 1891 3209 1956 audire,
3240 1891 3355 1943 sive
3385 1904 3415 1943 a
3451 1889 3559 1945 Deo

306 1977 417 2029 εἴτε
463 1975 589 2045 παρ’
617 1974 782 2028 αὐτοῦ
809 1976 1000 2043 γέγονε
1024 1975 1117 2029 τοῦ
1145 1975 1302 2042 θεοῦ,
1337 1977 1446 2031 εἴτε
1478 1979 1583 2051 μὴν
1610 1981 1674 2034 ὲκ
1714 1999 1886 2053 προσ-

1988 1995 2099 2049 est,
2128 1983 2242 2039 sive
2285 1998 2350 2037 ex
2402 1996 2632 2051 persona
2674 1981 2967 2050 prophetae.
3001 1980 3384 2036 Verumtamen
3431 1980 3559 2037 illud

311 2064 465 2117 ώπου
514 2064 605 2117 τοῦ
651 2065 1011 2137 προφητικοῦ.
1064 2068 1209 2140 Πλὴν
1254 2071 1430 2123 ἐκεῖνο
1470 2072 1885 2144 περιαθρητέον.

325 2153 413 2213 Ὠς
438 2153 544 2225 γὰρ
568 2154 746 2223 πάντη
776 2172 833 2205 τε
867 2156 957 2208 καὶ
989 2157 1203 2218 πάντως
1224 2159 1604 2232 ἀπολουμένων
1642 2164 1800 2234 οἵπερ
1822 2165 1887 2218 ἂν

311 2243 463 2313 αὐτῷ
529 2244 603 2314 μὴ
664 2243 1043 2310 πιστεύσειαν,
1103 2249 1449 2305 εὐλαϐεῖσθαι
1514 2257 1885 2327 προστέταχε*

317 2334 478 2386 τοῦτο
509 2336 603 2387 καὶ
641 2336 802 2398 αὐτὸς
836 2337 864 2388 ὁ
896 2338 1129 2408 Χριστὸς
1157 2340 1255 2411 τὴν
1300 2344 1379 2406 είς
1410 2345 1570 2398 αὐτὸν
1610 2347 1791 2400 πίστιν
1826 2350 1886 2401 οὐ

310 2423 691 2492 προσιεμένοις
738 2424 1006 2493 ἐπεφώνει
1047 2432 1158 2491 τοῖς
1207 2431 1268 2496 ἐξ
1324 2433 1569 2506 Ἰσραήλ*
1616 2454 1635 2488 ι
1695 2438 1885 2509 Ἀμὴν,

308 2512 458 2580 ἀμὴν
484 2511 625 2578 λέγω
656 2512 804 2581 ὑμῖν,
830 2514 924 2569 ἐὰν
955 2515 1031 2587 μὴ
1066 2519 1392 2592 πιστεύσητε
1420 2524 1500 2577 ὅτι
1530 2525 1642 2593 ἐγώ
1669 2530 1805 2598 είμι,
1830 2532 1887 2583 ἐν

307 2604 429 2663 ταῖς
476 2602 775 2673 ἁμαρτίαις
823 2604 977 2674 ὐμῶν
1028 2609 1425 2664 ἀποθανεῖσθε·
1480 2634 1499 2667 ι
1542 2618 1636 2670 καὶ
1688 2620 1885 2687 πάλιν,

312 2711 335 2744 s
405 2691 464 2744 '0
516 2694 784 2747 πιστεύων
815 2698 895 2759 εἰς
932 2698 1019 2751 τὸν
1062 2700 1209 2767 Υἱὺν,
1256 2702 1318 2755 οὐ
1350 2705 1612 2774 κρίνεται,
1647 2711 1675 2761 6
1712 2711 1768 2763 δὲ
1812 2712 1888 2782 μὴ

310 2782 605 2847 πιστεύων,
642 2785 742 2854 ἤδη
774 2786 1041 2857 κέκριται,
1074 2792 1155 2844 ὅτι
1187 2792 1263 2864 μὴ
1307 2797 1672 2853 πεπίστευκεν
1703 2802 1784 2865 είς
1828 2803 1890 2857 τὸ

308 2875 484 2945 δνομα
531 2875 627 2927 τοῦ
686 2877 816 2931 Υἱοῦ
868 2880 960 2932 τοῦ
1010 2881 1166 2938 Θεοῦ.
1222 2903 1241 2935 ι
1295 2887 1563 2959 Ταύτῃτοι
1614 2894 1709 2947 καὶ
1741 2894 1889 2958 λίθος

310 2966 759 3037 προσκόμματος,
805 2971 896 3023 καλ⁴
928 2972 1099 3044 πέτρα
1143 2976 1441 3034 σκανδάλου
1471 2982 1888 3054 κατωνόμασται

1986 2075 2434 2131 considerandum
2462 2074 2767 2145 diligenter.
2794 2073 3013 2128 Timere
3037 2073 3181 2128 enim
3206 2072 3383 2140 jubet,
3403 2072 3562 2142 quasi

1988 2168 2213 2236 perditis
2257 2168 2503 2237 penitus,
2545 2167 2856 2236 quicunque
2903 2166 3005 2234 ipsi
3054 2178 3159 2220 non
3206 2164 3555 2219 crediderint.

1988 2261 2103 2315 lloc
2141 2268 2194 2314 et
2228 2259 2342 2328 ipse
2375 2258 2626 2315 Christus
2656 2257 3110 2314 lsraelitis-lidem
3148 2256 3201 2311 in
3238 2256 3411 2324 ipsum
3448 2270 3558 2311 non

1989 2346 2397 2402 admittentibus
2424 2346 2750 2411 minabatur,
2767 2360 2890 2402 cum
2914 2346 3119 2401 diceret
3143 2362 3160 2398 ι
3196 2362 3215 2395 ι
3243 2345 3412 2400 Amen
3436 2344 3561 2400 dico

1990 2439 2170 2503 vobis,
2202 2438 2301 2493 nisi
2333 2436 2673 2493 credideritis
2694 2437 2820 2508 quia
2850 2451 2952 2507 ego
2983 2451 3135 2500 sum,
3166 2435 3469 2491 moriemini
3504 2436 3557 2489 in

1986 2529 2225 2599 peccatis
2263 2531 2460 2584 vestris
2481 2528 2553 2593 ⁶³;
2602 2546 2622 2581 ι
2668 2538 2723 2583 et
2767 2529 2960 2583 iterum
3006 2543 3022 2582 :
3072 2545 3095 2578 ί
3143 2526 3245 2593 Qui
3291 2526 3467 2582 credit
3506 2527 3558 2582 iu

1991 2619 2218 2685 Filium,
2255 2636 2360 2674 nou
2393 2620 2692 2688 judicatnr;
2727 2620 2817 2689 qui
2853 2629 3034 2673 autem
3071 2632 3180 2674 non
3214 2618 3417 2682 credit,
3448 2618 3559 2687 jam

1984 2712 2253 2781 judicatus
2283 2721 2385 2779 est,
2408 2712 2534 2780 quia
2562 2727 2665 2765 non
2691 2710 2922 2765 credidit
2943 2712 2994 2764 in
3020 2710 3233 2765 nomine
3250 2711 3417 2781 672
3443 2710 3559 2763 Filii

1994 2803 2083 2858 Dei
2111 2804 2176 2857 “.
2219 2822 2238 2856 ι
2278 2803 2485 2858 idcirco
2516 2812 2570 2857 et
2605 2804 2739 2873 lapis
2771 2802 3089 2859 offensionis
3125 2811 3182 2857 et
3211 2813 3363 2873 petra
3397 2818 3559 2858 scau-

1991 2896 2094 2949 dali
2150 2894 2328 2949 dictus
2359 2875 2463 2949 'est
2507 2893 2755 2949 Christus
2781 2895 2845 2949 “.
2892 2895 3350 2961 Quemadmodum
3404 2897 3547 2948 enim

1991 2989 2127 3042 citra
2164 2986 2554 3041 dubitationem
2601 2985 2882 3054 cujusdam
2926 2985 3192 3041 laudabile
3227 2994 3284 3040 et
3324 2984 3562 3040 salutare

311 3058 564 3127 Χριστός.
622 3060 831 3131 Ὠσπερ
864 3062 970 3134 γάρ
1029 3066 1173 3119 ἐστιν
1215 3071 1659 3144 ὁμολογουμένως
1724 3077 1886 3130 καλὸν

1991 3088 2073 3133 est
2097 3078 2197 3132 fide
2221 3078 2395 3145 ipsum
2420 3075 2708 3141 honorare,
2729 3076 2799 3130 ita
2823 3085 2879 3131 et
2899 3078 3185 3131 exitiosum
3214 3091 3320 3131 non
3354 3078 3561 3140 timere,

312 3146 406 3196 καὶ
451 3148 712 3217 σωτήριον
750 3150 808 3201 τὸ
839 3150 1016 3204 πίστει
1046 3156 1341 3223 στεφανοῦν
1372 3161 1556 3227 αὐτὸν,
1607 3164 1747 3217 οὕτω
1795 3168 1886 3220 καὶ

1991 3173 2081 3242 qui
2118 3182 2335 3242 propter
2374 3187 2471 3225 nos
2506 3179 2688 3225 nostra
2737 3170 2996 3238 suscepit,
3029 3184 3129 3222 nec
3160 3169 3263 3222 alia
3300 3171 3364 3224 de
3396 3185 3562 3224 causa

312 3234 533 3305 ὀλέθρου
562 3238 839 3306 πρόξενον,
876 3241 934 3296 τὸ
969 3243 1043 3315 μὴ
1068 3246 1413 3304 εὐλαϐεῖσθαι
1442 3252 1532 3307 τὸν
1566 3254 1631 3307 δι’
1663 3257 1808 3325 ἡμᾶς
1834 3260 1886 3309 ἐν

1992 3234 2151 3329 quam
2201 3234 2259 3314 ut
2298 3260 2530 3314 salvaret
2569 3259 2709 3326 quod
2757 3234 2994 3327 perierat
3020 3257 3084 3311 “.
3122 3256 3427 3312 Excitatum
3460 3274 3560 3313 ουσ-
3594 3282 3597 3283 ν

313 3330 426 3390 τοῖς
463 3329 579 3381 καθ’
613 3332 762 3400 ἡμᾶς
792 3336 1073 3402 γεγονότα,
1113 3340 1208 3391 καὶ
1235 3342 1338 3409 οὐχ
1370 3343 1557 3413 ἐτέρου
1584 3361 1676 3396 του
1709 3346 1888 3415 χάριν,

316 3417 350 3487 ἦ
412 3418 498 3471 ἵνα
549 3420 695 3491 σώσῃ
749 3422 808 3473 τὸ
840 3424 1134 3491 ἀπολωλός.
1210 3429 1534 3502 Ἐγηγέρθαι
1590 3435 1646 3487 δὲ
1693 3438 1757 3488 ὲκ
1801 3454 1889 3489 νε-

315 3509 491 3577 φελῶν
520 3513 687 3579 ἁγίων
721 3515 884 3568 αὐτὸν
912 3518 1205 3588 νομιοῦμεν
1236 3522 1418 3585 πάλιν,
1450 3525 1527 3587 ὡς
1564 3525 1621 3591 ἐξ
1654 3528 1891 3597 ἠρεμίας
1926 3566 1931 3569 ν

312 3602 413 3670 τῆς
445 3604 613 3655 πάλαι
652 3606 745 3661 καὶ
787 3608 992 3678 σιωπῆς
1026 3610 1325 3681 ἀφιγμένον
1356 3616 1436 3677 εἰς
1469 3616 1681 3686 κίνησιν
1710 3618 1808 3687 τῆς
1835 3621 1891 3673 ὲν

314 3697 450 3765 ἡμῖν
496 3698 789 3765 φροντίδος,
849 3702 1110 3768 γεγονότα
1165 3719 1228 3770 γε
1296 3706 1405 3773 μὴν
1458 3707 1521 3758 ἐκ
1583 3707 1889 3777 σπέρματος

316 3784 487 3852 ἁγίων
535 3787 801 3859 Ἀϐραὰμ,
834 3792 1038 3856 Ἰσαὰκ,
1085 3793 1303 3860 Ἰεσσαὶ,
1345 3798 1439 3848 καὶ
1473 3797 1658 3860 Δαϐὶδ,
1694 3800 1757 3851 ἐκ
1786 3799 1891 3853 τῶν

319 3876 415 3926 σὺν
449 3878 674 3944 ἐκείνοις
700 3882 1225 3954 γενεαλογουμένων,
1257 3885 1350 3948 οὓς
1380 3890 1475 3941 καὶ
1500 3889 1729 3958 νεφέλας
1757 3892 1893 3945 ἀπο-

316 3967 493 4033 καλεῖ,
514 3971 600 4023 διά
622 3990 702 4025 τοι
733 3974 792 4025 τὸ
830 3974 964 4043 ὑψοῦ
1003 3978 1262 4046 φέρεσθαι
1294 3978 1401 4032 τῶν
1424 3981 1595 4048 ἁγίων
1618 3982 1710 4034 τὸν
1743 3982 1889 4047 νοῦν,

322 4061 417 4111 καὶ
456 4064 841 4131 παραιτεῖσθαι
875 4068 971 4136 μὲν
998 4068 1065 4120 τὰ
1098 4070 1188 4123 ἐπὶ
1221 4071 1319 4140 τῆς
1355 4072 1457 4142 γῆς
1499 4074 1591 4125 καὶ
1640 4075 1893 4144 φρόνημα

317 4149 378 4199 τὸ
414 4155 869 4226 κατερριμμένον,
896 4158 1125 4232 ζητεῖ[ν]
1152 4161 1207 4213 δὲ
1241 4163 1440 4231 μᾶλλον
1465 4164 1530 4217 τὰ
1564 4165 1675 4219 ἄνω
1709 4168 1803 4221 καὶ
1836 4168 1894 4218 ἐν

1997 3361 2103 3405 tem
2148 3352 2318 3419 ipsum
2350 3366 2414 3404 ex
2462 3349 2691 3404 nubibus
2728 3348 2931 3403 sanctis
2958 3349 3069 3402 suis
3109 3359 3368 3418 praeterea
3408 3361 3566 3419 puta-

1995 3443 2190 3503 bimus,
2212 3449 2269 3494 ut
2293 3440 2382 3509 qui
2410 3454 2473 3494 ex
2501 3440 2717 3507 antiqua
2747 3438 2928 3507 quiete
2952 3448 3006 3492 et
3027 3440 3241 3494 silentio
3267 3442 3332 3494 ad
3361 3450 3561 3495 motum

1994 3531 2376 3588 sollicitudinis
2421 3531 2568 3584 circa
2612 3546 2708 3584 nos
2747 3530 2989 3594 venerit,
3026 3540 3208 3584 natum
3252 3545 3320 3585 ex
3361 3532 3567 3587 semine

1993 3636 2302 3681 sanctorum
2333 3624 2625 3687 Abraham,
2660 3622 2828 3687 Isaac,
2849 3621 3018 3688 Jesse,
3043 3633 3099 3677 et
3130 3622 3315 3687 David,
3349 3631 3403 3677 et
3431 3624 3566 3678 alio»

1994 3732 2112 3771 rum
2152 3717 2240 3785 qui
2277 3716 2329 3769 in
2372 3716 2562 3769 ordine
2593 3713 2951 3783 generationis
2986 3714 3239 3782 deinceps
3276 3729 3567 3769 recensen-

1996 3819 2102 3871 tur,
2134 3822 2269 3875 quos
2308 3813 2363 3859 et
2396 3805 2565 3859 nubes
2598 3803 2860 3872 appellat,
2887 3806 3030 3872 quod
3066 3812 3379 3858 sanctorum
3418 3819 3569 3858 mens

1993 3900 2223 3955 sublime
2274 3898 2506 3963 feratur,
2571 3905 2626 3951 et
2676 3905 2886 3951 terrena
2937 3898 3280 3966 cogitataque
3336 3896 3563 3950 humilia

1995 3992 2269 4061 repudiet,
2300 4001 2357 4045 ct
2396 4003 2626 4059 superna
2670 3989 2846 4058 potius
2904 4004 2969 4044 ac
3011 3990 3251 4044 cmlestia
3298 3998 3504 4058 quaerat
3550 4003 3566 4041 :

1994 4082 2310 4150 quinetiam,
2344 4095 2493 4134 more
2541 4078 2783 4144 nubium,
2820 4079 3014 4147 pluviis
3047 4094 3166 4148 qua:
3198 4079 3571 4149 intelliguntur

1997 4188 2095 4227 nec
2119 4179 2400 4241 apparent,
2427 4170 2564 4225 alios
2588 4171 2797 4240 irriget.
2815 4169 2967 4236 Quod
3001 4181 3180 4223 autem
3207 4170 3568 4224 exsurrectio-

318 4243 426 4303 τοῖς
462 4243 727 4311 οὐρανοῖς,
766 4248 860 4300 καὶ
908 4251 1013 4320 μὴν
1052 4253 1144 4304 καὶ
1175 4254 1237 4307 τὸ
1278 4255 1335 4307 ὲν
1366 4256 1514 4321 τάξει
1545 4257 1740 4324 νεφῶν,
1782 4260 1893 4318 τοῖς

317 4335 527 4400 νοητοῖς
559 4335 732 4398 ὑετοῖς
773 4340 1060 4410 κατάρδειν
1103 4345 1340 4416 ἑτέρους.
1379 4346 1496 4399 ’Ότι
1541 4347 1597 4400 δὲ
1628 4347 1725 4417 τὴν
1768 4348 1886 4402 ἀνάμ

1998 4369 2128 4409 voce
2160 4352 2559 4420 Psalmographi
2594 4353 2665 4406 ita
2695 4350 2920 4418 loquens
2950 4371 2962 4404 :
2996 4368 3014 4400 ι
3046 4349 3273 4417 Propter
3295 4350 3567 4404 miseriam

319 4437 508 4474 στασιν
547 4426 738 4488 ἐννοεῖ,
777 4428 1183 4504 πληροφορήσει
1224 4436 1385 4489 πάλιν
1421 4437 1584 4500 αὐτὸς
1623 4439 1651 4489 6
1678 4439 1886 4510 Σωτὴρ,

2001 4444 2216 4511 inopum
2252 4452 2306 4498 et
2328 4443 2585 4512 gemitum
2618 4454 2929 4510 pauperum,
2966 4455 3108 4494 nunc
3131 4453 3419 4509 exsurgam
3445 4439 3509 4495 ".
3543 4458 3562 4493 ι

318 4513 409 4565 διὰ
430 4515 528 4583 τῆς
556 4516 649 4568 τοῦ
670 4519 978 4586 Ψὰλλοντος
1005 4529 1187 4597 φωνῆς
1214 4528 1356 4582 οὕτω
1385 4530 1585 4598 λέγων·
1617 4549 1636 4581 ι
1668 4532 1886 4586 Ἕνεκεν

1997 4534 2277 4588 Excitatus
2310 4543 2395 4588 est
2428 4534 2610 4602 igitur,
2651 4533 2753 4587 hoc
2792 4540 2875 4586 est
2942 4542 3123 4585 motus
3157 4540 3241 4585 est
3270 4531 3336 4585 de
3373 4540 3569 4586 caetero

318 4604 421 4671 τῆς
474 4604 847 4679 ταλαιπωρίας
891 4614 999 4667 τῶν
1049 4617 1278 4686 πτωχῶν
1322 4621 1415 4672 καὶ
1459 4620 1551 4673 τοῦ
1592 4624 1886 4693 στεναγμοί

1996 4625 2062 4678 ad
2092 4623 2367 4680 ferendam
2401 4640 2556 4693 opem
2590 4623 2802 4677 miseris
2832 4631 2885 4676 et
2912 4620 3125 4677 alilicztis
3155 4636 3319 4690 super
3343 4631 3565 4676 terram.

316 4695 428 4747 τῶν
464 4699 713 4768 πενήτων
753 4701 846 4756 νῦν
882 4704 1281 4779 άναστήσομαι.
1342 4727 1360 4760 ι
1423 4709 1749 4785 Ἐγήγερται
1785 4715 1886 4767 τοί-

1998 4715 2114 4786 ipse
2146 4728 2327 4770 autem
2360 4716 2623 4770 malorum
2652 4713 2890 4768 omnium
2923 4722 3004 4766 est
3028 4712 3223 4766 solutio
3243 4750 3258 4776 ,
3291 4720 3345 4766 ct
3372 4711 3571 4765 veteris

319 4801 438 4851 νυν,
482 4791 749 4856 τουτέστι,
785 4796 1066 4866 κεκίνηται
1103 4798 1288 4853 λοιπὸν
1326 4803 1407 4867 είς
1440 4805 1758 4873 ἐπικουρίαν
1787 4810 1886 4870 τοῖς

2000 4808 2268 4862 maledicti
2293 4807 2434 4872 linis,
2454 4819 2507 4862 et
2532 4805 2856 4876 principium
2887 4806 3064 4859 omnis
3094 4805 3314 4871 boni,et
3344 4803 3571 4871 largitor

319 4876 413 4928 imi.
444 4878 572 4970 an;
599 4880 703 4950 γῆς
742 4887 1077 4954 πεπραχόσιν
1127 4888 1345 4955 ἀθλίως.
1395 4893 1566 4957 Αὐτὸς
1608 4894 1667 4947 δὲ
1717 4897 1748 4966 ή
1790 4896 1886 4950 τῶι

1997 4900 2109 4970 spei
2142 4901 2262 4953 vita:
2294 4900 2654 4968 sempiternae.

320 4967 506 5071 xci/'5”
536 4969 828 5071 fndiwwi
858 4973 1029 5071 λύσξςν
1082 4980 1174 5031 κλῖ
1217 4981 1316 5050 τῆς
1364 4984 1595 5055 ἀρχαίας
1644 4986 1783 5057 ἀρᾶς
1833 4986 1894 5039 τὸ
1930 4967 2126 5060 πέρας,
2191 4990 2284 5043 καὶ
2316 4967 2459 5060 ἀρχὴ
2523 4988 2618 5041 τοῦ
2661 4986 2866 5050 παντὸς
2891 4986 3117 5056 ἀγαθοῦ,
3163 4987 3255 5040 καὶ
3298 4980 3460 5053 δοτὴρ
3488 4980 3573 5039 ὲλρ

321 5063 471 5121 πὶὖος
502 5063 597 5131 τῆς
625 5065 704 5127 εἰς
735 5065 906 5120 αἰῶνα
938 5069 1027 5122 τὸν
1059 5073 1339 5141 μέλλοντα.

1997 4277 2118 4317 nem
2167 4262 2464 4331 intelligat,
2501 4277 2717 4316 rursum
2767 4260 3013 4314 Salvator
3058 4261 3172 4325 ipse
3223 4259 3567 4322 testiﬁcatur,

919 5206 1169 5262 ΚΕΦΔΛ.
1215 5211 1284 5263 Γ.

2648 5217 2797 5275 CAP.
2834 5218 2919 5276 Ill.

2074 5352 2239 5405 Vens.
2267 5353 2316 5417 1,
2338 5353 2392 5413 2.
2418 5351 2481 5404 Et
2508 5354 2731 5405 ostendit
2757 5351 2883 5404 mihi
2914 5347 3166 5400 Dominus
3191 5346 3372 5403 Jesum
3402 5365 3580 5403 sacer-

2002 5445 2176 5497 dotem
2214 5459 2460 5512 magnum
2502 5452 2723 5496 stantem
2758 5450 2879 5493 ante
2913 5439 3098 5509 [aciem
3131 5442 3304 5513 angeli
3343 5442 3578 5497 Domini.

390 5327 499 5380 Καὶ
539 5328 732 5392 ἔδειξέ
774 5352 878 5402 μοι
914 5340 1126 5407 Κύριος
1166 5344 1406 5411 Ἰησοῦν
1446 5349 1552 5402 τὸν
1594 5352 1750 5419 ἱερέα
1790 5353 1895 5405 τὸν

320 5416 508 5489 μέγαν
556 5422 786 5479 ἑστῶτα
829 5432 941 5498 πρὸ
985 5434 1304 5501 προσώπου
1349 5441 1606 5510 ἀγγέλου
1640 5416 1894 5511 νΚυρίου.

401 5619 443 5649 ⁶¹
475 5620 634 5698 Hebr.
668 5625 867 5698 ιαμ-10.
969 5628 1012 5659 ⁸³
1044 5627 1185 5683 Psal.
1221 5649 1386 5698 xuii,
1419 5638 1470 5688 υ.

323 5703 486 5756 xvut,
522 5693 602 5746 ll.
679 5696 721 5729 ⁸⁷
756 5696 898 5749 l’sal.
935 5698 1085 5759 xu,6.

684 5788 957 5849 Pumn.
994 5794 1107 5851 Gs.
1148 5792 1375 5853 Lxxu.
3184 5792 3221 5850 2

1577 5636 1619 5666 ⁸³
1650 5635 1805 5690 Joau.
1838 5652 1886 5689 vn

1988 5635 2078 5689 24.
2184 5636 2229 5667 ⁸⁵
2260 5633 2412 5690 Joan.
2446 5648 2529 5699 m,
2558 5632 2642 5688 18.
2760 5634 2803 5665 ⁶⁵
2830 5633 2849 5687 l
2879 5632 3021 5689 Petr.
3059 5644 3117 5696 ιι,
3157 5634 3212 5688 8.
3320 5634 3363 5665 ⁸⁸
3387 5627 3582 5687 Matth.

2760 5634 2803 5665 ⁶⁵
2830 5633 2849 5687 Ι
2879 5632 3021 5689 Petr.
3059 5644 3117 5696 ιι,
3157 5634 3212 5688 8.
