4080 6284
539 305 609 361 ιδ
1529 296 1585 352 S.
1630 295 1904 352 CYRILLI
1945 293 2408 348 ALEXANDRINI
2453 292 2770 349 ARCHIEP.
3728 299 3796 349 Η

541 420 608 474 Et
640 417 876 472 diabolus
907 417 1076 471 stabat
1108 434 1138 470 a
1171 417 1371 472 dextris
1403 416 1536 483 eius,
1564 426 1620 469 ut
1649 417 2013 470 adversaretur
2043 416 2111 469 ei.

2219 414 2326 467 Kal
2378 417 2410 469 ὁ
2445 413 2724 480 διάϐολος
2770 411 3029 478 εἱστήκει
3073 411 3140 464 ἐκ
3183 408 3390 475 δεξιῶν
3442 410 3650 474 αὑτοῦ,
3691 412 3797 465 τοῦ

537 512 606 566 Et
645 511 781 564 dixit
820 509 1075 563 Dominus
1113 509 1182 561 ad
1219 508 1488 562 diabolum
1525 525 1541 561 :
1581 507 1818 577 Increpat
1855 508 2108 562 Dominus

2214 504 2578 560 ἀντικεῖσθαι
2613 504 2790 570 αὐτῷ.
2834 503 2942 558 Kal
2974 498 3104 555 εἷπε
3147 504 3296 569 πρὸς
3332 501 3440 556 τὸν
3480 501 3794 556 διάϐολον·

533 603 588 655 in
625 611 704 668 te,
730 599 967 664 diabolo,
989 609 1035 653 et
1069 599 1293 666 increpet
1327 600 1380 653 in
1414 609 1462 653 te
1493 601 1581 669 qui
1614 598 1764 667 elegit
1792 598 2108 653 Jerusalem.

2228 594 2599 663 Ἐπιτιμήσαι
2629 596 2845 663 Κύριος
2881 594 2951 645 ἐν
2993 593 3114 655 σοί,
3163 592 3424 656 διάϐολε,
3472 595 3568 648 καὶ
3610 594 3797 647 eruct-

537 687 728 742 Nonne
756 703 871 742 ecce
899 687 996 739 hoc
1024 694 1079 740 ut
1109 687 1266 742 torris
1294 698 1555 742 extractus
1584 703 1648 742 ex
1675 689 1790 757 igne
1808 689 1833 741 .7

2214 691 2399 756 μήσαι
2447 689 2516 741 ἐν
2564 688 2663 740 σοὶ
2708 691 2740 740 ό
2777 685 3176 754 ἐκλεξάμενος
3222 684 3337 754 τὴν
3380 685 3794 754 Ἰερουσαλήμ.

2227 783 2347 833 Οὐκ
2413 779 2540 833 ἰδοὺ
2596 779 2770 833 τοῦτο
2835 778 2915 844 ὡς
2969 777 3155 843 δαλὸς
3221 776 3677 846 ἐξεσπασμένος
3730 778 3800 831 ἐκ

2215 872 2404 938 πυρός
2428 888 2445 934 ;

2289 963 2384 1016 lZ'.
2433 961 2659 1032 Ὅρασις
2712 959 2812 1029 μὲν
2859 959 2920 1011 τὸ
2966 957 3233 1030 διήγημα,
3277 957 3417 1029 πλὴν
3473 958 3586 1026 ἔχει
3637 958 3798 1026 λόγον

2219 1050 2526 1121 ἱστορικὸν,
2578 1048 2990 1118 αἰνιγματωδῶς
3045 1047 3418 1110 εἰσϐαλλοντα,
3477 1049 3570 1100 καί
3619 1048 3694 1110 ώς
3740 1049 3799 1101 ἐν

537 1141 793 1188 ouantem
831 1139 884 1187 et
917 1139 973 1184 ut
1003 1129 1235 1200 imagine
1266 1129 1460 1184 iterum
1489 1129 1670 1184 Jesum
1699 1129 2110 1184 describentem.

2217 1142 2383 1195 εἰκόνι
2428 1141 2588 1194 πάλιν
2616 1140 2694 1210 τῷ
2742 1138 2917 1209 Ἰησοῦ
2965 1139 3563 1210 προσδιαγραφὸμενον.
3601 1140 3800 1193 Ἶστέσν

532 1227 848 1281 Tenendum
880 1237 1062 1294 porro,
1102 1223 1414 1293 prephetam
1452 1223 1656 1276 visione
1679 1222 1789 1292 jam
1822 1239 1880 1276 re
1931 1221 2111 1291 perfeo

2214 1233 2292 1296 δὲ,
2326 1233 2405 1285 ὅτι
2435 1231 2544 1284 τῶν
2588 1233 2646 1284 ἐν
2666 1233 2786 1294 ταῖς
2811 1233 3068 1301 ὁράσεσιν
3093 1233 3170 1294 εἰς
3196 1232 3370 1301 πέρας
3397 1231 3794 1303 ἐκϐεϐηκότων,

531 1327 619 1372 cla
670 1326 721 1370 et
749 1316 815 1369 ad
837 1316 1038 1369 exitum
1074 1313 1298 1368 deducta
1337 1311 1497 1367 verba
1558 1312 1758 1367 facere.
1785 1313 1877 1366 Est
1929 1322 2111 1366 autem

2214 1326 2343 1387 τοὺς
2368 1327 2498 1396 περὶ
2522 1324 2699 1378 αὐτῶν
2722 1327 2749 1377 ὁ
2773 1325 3056 1395 προφήτης
3082 1327 3314 1376 ποιεῖται
3339 1324 3549 1392 λόγους.
3583 1326 3798 1378 Είκαιο-

531 1421 869 1478 nequaquam
896 1404 1166 1459 fabulosus
1189 1418 1388 1468 sermo,
1415 1419 1588 1472 neque
1619 1405 1686 1458 ab
1709 1404 1954 1458 instituto
1987 1403 2111 1458 alie-

2221 1416 2393 1488 μυθὴς
2429 1416 2484 1469 δὲ
2529 1414 2803 1486 οὐδαμῶς,
2837 1416 2958 1468 οὐδὲ
2993 1414 3096 1486 μὴν
3123 1415 3349 1468 κατόπιν
3376 1417 3484 1469 τῶν
3513 1416 3796 1486 ἐπιττιδευο

532 1515 654 1564 nus,
683 1513 856 1568 neque
893 1498 1093 1552 otiosas
1125 1495 1465 1550 narrationes
1508 1505 1756 1550 acervat:
1811 1510 2020 1559 verum,
2059 1503 2111 1548 ut

2223 1509 2404 1579 μάτων
2465 1508 2719 1579 ἔρχεται,
2771 1508 2866 1561 καὶ
2929 1507 3197 1577 περιττῶν
3255 1511 3386 1578 ἡμῖν
3446 1509 3795 1578 διηγημάτων

529 1593 662 1657 dixi,
717 1590 981 1661 principio
1036 1584 1325 1659 antequam
1385 1589 1685 1652 evenirent,
1712 1587 1815 1641 ista
1876 1588 2031 1652 vidit,
2065 1599 2111 1645 et

2222 1599 2448 1671 σωρεύει
2491 1600 2681 1671 ὄχλον·
2725 1599 2867 1664 ἀλλ’,
2899 1600 2975 1662 ὡς
3012 1598 3168 1669 ἔτην,
3215 1599 3274 1652 ἐν
3316 1600 3510 1670 ἀρχαῖς
3554 1599 3658 1671 πρὸ
3689 1599 3794 1651 τῶν

529 1684 849 1737 aunuutiare
910 1697 1164 1754 magnum
1213 1695 1399 1750 operae.
1454 1679 1685 1748 pretium
1766 1678 1936 1744 ducit,
1987 1678 2111 1732 dum

2221 1691 2555 1760 πραγμάτων
2579 1689 2830 1743 τεθέαται
2867 1689 3060 1751 ταῦτα,
3092 1689 3185 1742 καί
3218 1689 3584 1757 ἀπαγγέλλειν
3628 1690 3796 1742 ποιεῖς

527 1775 600 1830 ita
634 1774 847 1830 erudiat
876 1783 931 1828 et
965 1751 1137 1827 tutum
1165 1773 1353 1827 reddat
1398 1770 1676 1834 lsraelem,
1728 1783 1798 1824 ne
1845 1769 2111 1824 similibus

2214 1751 2304 1834 ται
2343 1751 2478 1852 περὶ
2517 1781 2735 1845 πολλοῦ,
2781 1782 2942 1852 σοφόν
2970 1799 3026 1835 τε
3053 1782 3146 1835 καί
3173 1751 3396 1851 ἀσφαλῆ.
3415 1781 3676 1844 καθιστὰς
3702 1781 3793 1834 τὸν

605 946 770 1002 XVII.
831 947 1086 1002 Narratio
1130 947 1393 1002 visionem
1445 949 1706 1014 continet,
1741 956 2108 1002 verumtamen

535 1055 755 1096 sensum
794 1039 956 1093 habet
1009 1039 1347 1104 historicum,
1395 1039 1495 1092 sub
1539 1038 1823 1107 aenigmate
1873 1052 1932 1091 sc
1983 1038 2112 1091 iusi-

526 1881 649 1922 sese
684 1867 897 1922 delictis
945 1866 1141 1921 iterum
1207 1864 1465 1929 involvat,
1516 1864 1821 1931 iterumque
1873 1864 2115 1932 captivus

529 1959 622 2012 ﬁat
642 1999 657 2024 ,
689 1958 870 2013 sciens
900 1971 960 2011 se
989 1955 1254 2009 salvatum
1281 1970 1403 2009 cum
1431 1955 1634 2016 labore,
1661 1964 1716 2008 et
1740 1954 2111 2010 liberationem

531 2060 744 2116 quoque
788 2045 892 2116 ipsi
920 2060 1055 2113 opus
1087 2053 1208 2099 erat
1258 2045 1484 2114 gratiam
1525 2043 1687 2115 673
1727 2044 2110 2112 propemodum

532 2139 616 2193 vel
647 2139 779 2207 ipsis
808 2139 862 2193 iu
895 2137 1032 2192 ctelo
1060 2137 1265 2207 angelis
1298 2151 1441 2192 curae
1499 2150 1560 2190 ac
1594 2137 1942 2192 sollicitudini
1979 2134 2113 2190 [υἱε-

530 2247 611 2289 se.
635 2232 723 2286 Ait
747 2245 874 2298 ergo
901 2245 959 2284 se
986 2229 1184 2283 vidisse
1206 2237 1432 2284 stantem
1463 2227 1729 2297 angelum,
1752 2237 1806 2281 et
1834 2242 2016 2280 coram
2050 2240 2114 2281 eo

531 2322 714 2380 Jesum
747 2321 910 2375 lilium
937 2319 1163 2376 Josedec
1187 2319 1522 2374 sacerdotem
1556 2332 1828 2387 magnum.
1863 2317 1925 2370 Et
1951 2331 2114 2386 ange—

533 2417 622 2468 lus
653 2412 868 2483 quidem
901 2421 1082 2482 typum
1112 2418 1162 2464 et
1192 2409 1476 2480 imaginem
1505 2408 1706 2463 Christi
1730 2407 1950 2478 gerebat
1977 2424 1992 2460 :
2024 2421 2113 2460 sa-

535 2505 728 2561 cerdos
759 2512 939 2557 autem
999 2504 1168 2556 totius
1217 2500 1395 2570 populi
1448 2514 1734 2570 personam
1794 2498 2114 2554 sustinuisse

533 2600 711 2660 potest
749 2589 968 2654 intelligi
995 2603 1010 2641 :
1037 2589 1117 2643 sic
1143 2589 1285 2641 enim
1313 2587 1493 2642 divina
1529 2586 1810 2656 Scriptura
1833 2602 1954 2642 eum
2017 2601 2111 2643 ac-

475 2751 481 2758 .
532 2682 683 2752 cipit.
705 2681 882 2747 Quare
920 2680 1116 2734 alicubi
1149 2680 1215 2734 ad
1251 2678 1430 2735 Mosen
1454 2680 1581 2734 dicit
1629 2680 1766 2734 Deus
1802 2696 1816 2736 :
1846 2697 1864 2730 ι
1896 2679 1963 2733 Ει
1985 2695 2114 2735 ecce

532 2785 632 2841 ego
662 2771 841 2840 accepi
887 2769 1104 2825 Levitas
1143 2785 1239 2840 pro
1275 2771 1530 2824 omnibus
1576 2770 1701 2824 filiis
1746 2769 1934 2837 Israel,
1973 2771 2112 2825 dono

535 2863 647 2916 dati
686 2871 814 2917 sunt
845 2862 976 2916 mihi
1011 2863 1079 2916 “.
1115 2881 1134 2914 ι
1173 2862 1434 2930 Quocirca
1463 2862 1597 2916 nihil
1644 2841 1902 2917 adversus
1949 2863 2110 2918 deco-

533 2969 655 3007 rum
681 2962 868 3023 peccat
891 2953 1083 3020 oratio,
1109 2968 1207 3022 pro
1235 2953 1380 3006 omni
1417 2952 1613 3022 populo
1645 2955 1975 3008 sacerdotem
2022 2970 2112 3008 ac-

530 3043 757 3112 cipiens.
782 3042 1074 3114 Postquam
1120 3044 1264 3098 enim
1301 3043 1491 3110 lsrael,
1523 3043 1682 3099 cultis
1719 3044 1873 3099 idolis
1898 3050 2113 3114 spretis-

530 3154 637 3206 que
669 3138 879 3208 legibus
933 3152 1028 3208 per
1074 3136 1259 3192 Mosen
1305 3136 1448 3203 latis,
1503 3136 1743 3205 abiectus
1793 3148 1877 3193 est
1905 3153 1934 3192 a
1971 3139 2107 3194 facie

533 3227 650 3294 Dei,
677 3227 1022 3293 postmodum
1070 3227 1218 3297 justa
1263 3227 1315 3280 in
1343 3243 1463 3282 eum
1502 3227 1581 3280 ira
1605 3228 1834 3296 expleta,
1892 3229 2110 3284 miseri-

533 3320 718 3372 cordia
748 3333 778 3370 a
814 3317 923 3372 Deo
947 3318 1296 3384 estafl‘ectus,
1332 3328 1387 3373 et
1429 3319 1606 3373 denuo
1637 3318 1704 3383 ad
1757 3329 2106 3389 conspectum

534 3410 652 3476 eius
695 3417 998 3463 revocatus.
1031 3408 1099 3462 Et
1129 3409 1253 3474 hoc,
1283 3410 1492 3477 opinor,
1515 3419 1618 3474 est,
1641 3412 1738 3465 sub
1765 3414 1995 3480 quodam
2031 3414 2110 3466 in-

537 3508 851 3570 tegumento
885 3500 1194 3565 verborum,
1227 3508 1371 3554 stare
1393 3500 1730 3554 sacerdotem
1766 3513 1891 3556 ante
1917 3503 2108 3558 faciem

537 3591 713 3661 angeli
748 3590 982 3646 Domini.
1014 3589 1071 3644 In
1095 3590 1175 3644 ira
1201 3590 1399 3659 quippe
1485 3584 1782 3659 aversatur,
1840 3603 1892 3649 et
1924 3594 2111 3650 oculos

537 3695 778 3739 removet
819 3698 848 3737 a
875 3682 1369 3752 contemptoribus:
1403 3693 1590 3738 contra
1640 3686 1902 3740 miserans
1938 3687 2113 3741 intue-

535 3786 624 3831 tur
677 3785 731 3830 et
759 3776 1000 3846 respicit.
1026 3774 1163 3829 llinc
1193 3784 1248 3829 et
1273 3775 1485 3830 divinus
1507 3775 1713 3832 Psaltes
1741 3781 1935 3833 orabat
1986 3780 2060 3834 ita
2091 3793 2107 3831 :

541 3887 562 3920 ο
596 3866 672 3922 Ne
703 3877 920 3920 avertas
955 3865 1144 3921 faciem
1173 3874 1318 3920 tuam
1352 3879 1381 3919 a
1415 3880 1524 3934 me,
1572 3877 1627 3922 et
1687 3882 1754 3922 ne
1781 3870 2014 3925 declines
2056 3870 2110 3924 in

537 3961 615 4014 ira
651 3976 679 4012 a
713 3972 869 4012 servo
901 3967 993 4011 tuo
1020 3956 1119 4009 θ’.»
1158 3955 1224 4010 Et
1257 3957 1447 4012 iterum
1477 3973 1491 4010 :
1533 3976 1552 4009 ι
1589 3959 1814 4030 Respice
1842 3962 1898 4017 in
1922 3977 2027 4029 me,
2058 3971 2115 4017 et

537 4050 798 4104 miserere
819 4046 1040 4102 mei".a
1067 4044 1330 4101 Cancrum
1355 4057 1547 4101 natura
1575 4048 1835 4120 benignus
1877 4061 1930 4105 et
1951 4053 2113 4106 mise-

536 4141 709 4195 ricors
732 4139 872 4193 Deus
898 4136 1148 4194 lsraelem
1177 4152 1208 4191 a
1243 4147 1466 4208 peccato
1493 4139 1774 4196 liberabat.
1801 4142 1901 4208 Qui
1933 4153 2111 4197 autem

534 4231 588 4287 in
613 4231 742 4286 illud
769 4231 1053 4286 induxerat
1082 4229 1311 4286 Satanas
1341 4233 1538 4298 stabat,
1562 4235 1911 4290 nihilominus
1927 4237 2114 4289 adver-

533 4339 681 4389 saus,
700 4332 755 4379 et
769 4337 831 4379 se
849 4336 1126 4392 opponens
1144 4321 1240 4387 illi,
1265 4332 1321 4378 et
1341 4324 1598 4381 deserens
1615 4326 1762 4380 illum
1787 4327 2022 4396 insuper,
2037 4337 2111 4390 et,

2227 1874 2461 1945 Ἰσραὴλ,
2508 1874 2593 1926 ἵνα
2638 1874 2712 1946 μὴ
2758 1877 2870 1938 τοῖς
2924 1875 3059 1938 ἴσοις
3106 1874 3408 1944 πταίσμασι
3457 1872 3791 1944 περιπεσὼν,

2215 1967 2368 2038 ἁλοίη
2403 1966 2496 2020 καὶ
2525 1966 2793 2037 δεύτερον,
2820 1967 2995 2031 εἰδὼς,
3030 1969 3110 2021 ὅτι
3143 1966 3405 2020 σέσωσται
3441 1965 3577 2036 μετά
3604 1967 3790 2032 πόνου,

2213 2057 2309 2112 καὶ
2365 2060 2646 2128 μονονουχὶ
2695 2060 2914 2130 φροντὶς
2956 2061 3146 2130 γέγονε
3206 2058 3301 2113 καὶ
3342 2061 3453 2122 τοῖς
3491 2061 3548 2112 ἐν
3581 2057 3794 2130 οὐρανῷ

2213 2146 2466 2216 ἀγγέλοις
2511 2150 2543 2217 ή
2589 2149 2677 2201 ἐπ’
2712 2148 2859 2220 αὑτῷ
2904 2148 3170 2220 λύτρωσίς
3199 2166 3256 2202 τε
3290 2147 3385 2201 καὶ
3426 2148 3605 2220 χάρις.
3647 2150 3790 2220 Ἔφη

2213 2237 2425 2304 τοίνυν,
2463 2238 2543 2291 ὅτι
2585 2238 2836 2292 τεθέαται
2885 2239 2984 2309 μὲν
3024 2239 3232 2292 ἑστῶτα
3269 2240 3358 2293 τὸν
3396 2239 3645 2307 ἄγγελον,
3688 2237 3795 2310 πρὸ

2214 2333 2504 2402 προσώπου
2540 2332 2595 2384 δὲ
2634 2331 2798 2384 αὐτοῦ
2842 2331 2931 2385 τὸν
2978 2331 3185 2402 Ἰησοῦν
3233 2331 3325 2384 τὸν
3377 2330 3653 2395 Ἰωσεδὲκ,
3701 2330 3791 2384 τὸν

2214 2423 2364 2494 ἰερέα
2391 2423 2482 2476 τὸν
2519 2422 2714 2493 μέγαν.
2743 2422 2852 2475 Kal
2890 2423 2918 2474 6
2955 2421 3051 2491 μὲν
3079 2421 3309 2490 ἄγγελος
3347 2424 3427 2485 εἰς
3482 2422 3664 2476 εἰκόνα
3701 2419 3794 2474 καί

2215 2513 2387 2567 τύπον
2423 2515 2662 2584 εἱστήκει
2688 2512 2955 2584 Χριστοῦο
2998 2514 3026 2565 6
3073 2512 3128 2565 δέ
3161 2529 3223 2581 γε
3258 2513 3436 2586 ἱερεὺς
3482 2513 3696 2584 νοηθείη
3727 2511 3792 2567 ἂν

2214 2605 2336 2661 ἀντὶ
2381 2606 2582 2668 παντὸς
2616 2605 2708 2659 τοῦ
2741 2605 2872 2658 λαοῦ
2896 2622 2910 2636 ·
2945 2605 3278 2675 λαμϐάνεται
3316 2605 3424 2678 γὰρ
3455 2605 3595 2659 οὕτω
3643 2607 3791 2676 ποιρὰ

2214 2695 2335 2757 ταῖς
2375 2695 2548 2759 θείαις
2580 2697 2844 2767 Γραφαῖς.
2871 2695 2980 2749 Καὶ
3010 2695 3140 2764 γοῦν
3166 2695 3266 2766 ἔφη
3303 2713 3402 2749 που
3427 2695 3561 2766 πρὸς
3587 2697 3792 2750 Μωσέα

2215 2787 2382 2851 Θεός·
2424 2807 2441 2839 ι
2499 2787 2610 2840 Kal
2660 2788 2768 2840 ἰδοὺ
2815 2786 2925 2856 ἐγὼ
2971 2789 3166 2858 εἴληφα
3219 2791 3344 2852 τοὺς
3393 2790 3623 2852 Λευῖτας
3673 2790 3792 2844 ἀντί

2212 2877 2427 2930 πάντων
2456 2877 2564 2930 τῶν
2599 2877 2728 2930 υἱῶν
2766 2877 2999 2948 Ἰσραὴλ,
3025 2877 3163 2948 δόμα
3192 2877 3462 2947 δεδομένοι
3487 2879 3591 2930 εἰσί
3621 2895 3732 2947 μοι.
3766 2899 3784 2931 ι

2215 2965 2474 3035 Ἔρχεται
2517 2964 2581 3038 δὴ
2611 2961 2702 3020 οὖν
2735 2968 2762 3018 6
2791 2965 2946 3034 λόγος
2981 2968 3110 3038 ἡμῖν
3144 2967 3243 3019 οὐκ
3293 2967 3401 3020 ἀπὸ
3450 2967 3652 3020 σκοποῦ
3696 2966 3792 3019 τοῦ

2217 3057 2544 3128 πρέποντος,
2582 3057 2702 3110 ἀντί
2735 3059 2934 3120 παντὸς
2975 3057 3071 3110 τοῦ
3107 3055 3236 3109 λαοῦ
3268 3056 3359 3110 τὸν
3393 3057 3542 3127 ἱερέα
3573 3056 3795 3125 δεχομέ-

2212 3163 2340 3208 νοις.
2395 3145 2612 3218 Ἐπειδὴ
2654 3146 2763 3217 γὰρ
2795 3148 3016 3216 γέγονεν
3053 3149 3080 3200 6
3131 3145 3350 3218 Ἰσραὴλ
3393 3148 3456 3200 ἐκ
3500 3148 3792 3217 προσώπου

2208 3235 2369 3301 Θεοῦ,
2418 3235 2795 3308 λελατρευκὼς
2841 3238 3102 3302 εἰδώλοις,
3151 3239 3240 3292 καὶ
3291 3238 3452 3292 αὐτὸν
3497 3239 3552 3292 δὲ
3587 3238 3676 3291 τὸν
3706 3239 3792 3293 διὰ

2209 3328 2456 3393 Μωσέως
2499 3330 2772 3401 ἀτιμήσας
2801 3331 2986 3401 νόμον,
3018 3325 3134 3382 εἶτα
3169 3329 3550 3400 πληρωθείσης
3578 3330 3674 3399 τῆς
3705 3330 3790 3381 ἐπ’

2211 3420 2358 3490 αὐτῷ
2399 3422 2612 3483 δικαίας
2654 3423 2843 3492 ὀργῆς,
2877 3423 3099 3492 ἡλέηται
3136 3423 3286 3493 παρὰ
3329 3421 3484 3480 Θεοῦ,
3531 3420 3792 3489 κέκληται

2209 3527 2268 3562 τε
2313 3509 2473 3564 πάλιν
2522 3512 2600 3572 εἰς
2641 3510 2767 3578 ὄψιν
2812 3511 2998 3563 αὑτοῦ.
3051 3512 3157 3562 Kal
3205 3509 3382 3576 τοῦτο,
3431 3507 3603 3579 οἶμαι,
3643 3511 3788 3563 ἐστὶν

2211 3599 2624 3670 αἰνιγματωδῶς
2666 3600 2725 3653 τὸ
2759 3601 2981 3653 ἑστάναι
3028 3600 3118 3652 τὸν
3165 3599 3313 3670 ἱερέα
3361 3599 3465 3671 πρὸ
3497 3601 3789 3671 προσώπου

2211 3691 2444 3760 ἀγγέλου
2477 3691 2702 3760 Κυρίου.
2765 3691 2850 3742 Ἐν
2888 3692 3022 3760 ὀργῇ
3077 3691 3175 3759 μὲν
3213 3691 3321 3760 γὰρ
3361 3693 3791 3760 ἀποστρέφεται,

2210 3783 2306 3836 καὶ
2332 3781 2656 3851 ἀποκομίζει
2680 3780 2807 3843 τοὺς
2840 3780 3153 3850 ὀφθαλμοὺς
3185 3781 3291 3832 τῶν
3323 3780 3590 3834 εἰωθότων
3619 3800 3790 3835 κατα-

2213 3876 2428 3944 φρονεῖν
2449 3888 2463 3902 ·
2497 3870 2779 3941 οἰκτείρων
2805 3887 2868 3939 γε
2904 3871 3010 3940 μὴν
3040 3871 3211 3940 ἐφορᾷ
3241 3871 3335 3923 καὶ
3378 3870 3788 3928 ἐπισκέπτεται.

2212 3965 2322 4018 Kal
2349 3963 2477 4030 γοῦν
2505 3964 2534 4014 6
2562 3961 2846 4025 θεσπέσιος
2874 3961 3175 4032 Ψαλμῳδδς
3206 3963 3563 4034 προσηύχετο,
3584 3962 3755 4034 λέγων
3775 3981 3791 3996 .

2218 4073 2237 4105 ι
2283 4053 2373 4124 Μὴ
2412 4051 2761 4123 ἀποστρέψῃς
2790 4054 2849 4105 τὸ
2890 4052 3181 4123 πρόσωπόν
3231 4070 3323 4106 σου
3373 4055 3466 4107 ἀπ’
3502 4055 3657 4122 ἐμοῦ,
3694 4058 3785 4110 καὶ

2218 4145 2294 4214 μὴ
2317 4143 2570 4215 ἐκκλίνῃς
2598 4143 2656 4196 ἐν
2684 4143 2818 4213 ὀργῇ
2860 4143 2968 4195 ἀπὸ
2991 4142 3086 4196 τοῦ
3117 4141 3300 4197 δούλου
3334 4162 3446 4197 σου.
3485 4164 3502 4196 ι
3534 4147 3643 4199 Kal
3683 4147 3788 4200 πά-

2212 4236 2294 4287 λιν
2315 4253 2328 4267 ·
2366 4253 2385 4286 ι
2431 4232 2750 4303 Ἐπίϐλεψον
2773 4233 2860 4286 ἐπ’
2887 4233 3004 4305 ἐμὲ,
3033 4235 3126 4288 καὶ
3157 4235 3376 4306 ἐλέησόν
3407 4253 3492 4306 με.
3530 4257 3548 4289 ι
3593 4239 3729 4290 Ἀλλ’
3757 4240 3789 4292 6

2219 4325 2318 4395 μὲν
2358 4323 2517 4393 φύσει
2556 4325 2788 4395 χρηστὸς
2821 4325 2916 4378 καὶ
2962 4325 3353 4396 φιλοικτίρμων
3399 4327 3525 4390 Θεὸς
3561 4328 3784 4398 ήλευθέρ

531 4415 676 4483 quod
708 4415 923 4484 quidem
951 4414 1018 4468 ad
1053 4414 1334 4469 arbitrium
1370 4430 1434 4471 ac
1471 4417 1802 4473 voluntatem
1837 4419 2004 4486 ipsius
2027 4427 2110 4469 at-

2215 4432 2312 4487 ρου
2356 4417 2455 4486 τῆς
2484 4417 2755 4488 ἁμαρτίας
2789 4417 2878 4470 τὸν
2921 4417 3153 4488 Ἰσραήλ.
3196 4418 3256 4470 '0
3281 4418 3336 4471 δέ
3371 4435 3433 4487 γε
3472 4424 3551 4483 εἰς
3581 4421 3784 4491 ταύτην

533 4505 760 4573 tinebat,
791 4505 1240 4571 misericordiam,
1267 4515 1324 4562 ut
1361 4509 1597 4577 peccatis
1621 4507 1854 4563 obnoxio
1891 4516 1945 4560 et
2005 4507 2106 4559 imo

2214 4506 2566 4578 ἐμϐεϐληκὼς
2615 4509 2880 4572 Σατανᾶς,
2931 4509 3170 4580 εἰστήκει
3220 4509 3381 4562 πάλιν
3418 4511 3784 4582 ἀντικείμενος

534 4595 753 4666 pietatis
782 4596 1099 4652 criminibus
1150 4597 1364 4653 irretito
1407 4606 1463 4652 et
1488 4597 1687 4652 nullius
1720 4596 1888 4666 frugis
1939 4597 2104 4650 tribui

2214 4615 2270 4650 τε
2304 4599 2398 4652 καὶ
2448 4598 2759 4665 ἀντεξάγων
2800 4601 2967 4672 αὐτῷ,
3004 4603 3098 4654 καὶ
3143 4603 3526 4670 καταγορεύων
3556 4603 3656 4664 ἔτι,
3690 4604 3785 4655 καὶ

535 4703 642 4741 non
681 4686 881 4742 sinens.
920 4704 940 4738 ι
967 4687 1158 4743 Stabat
1185 4689 1353 4754 enim,
1380 4688 1581 4756 inquit,
1605 4703 1669 4741 ac
1693 4686 1898 4742 dextris
1929 4685 2101 4754 ejus,o

2214 4688 2332 4740 ὅσον
2355 4689 2480 4760 ἥκει
2510 4691 2681 4743 εἰπεῖν
2714 4692 2794 4753 εἰς
2825 4691 2886 4744 τὸ
2912 4689 3058 4760 αὑτῷ
3083 4690 3293 4752 δοκοῦν,
3318 4693 3783 4764 κατοικτείρεσθαι

455 4777 482 4786 ’
533 4777 769 4848 quodam
826 4778 986 4835 modo
1023 4780 1244 4834 dextera
1270 4780 1598 4834 destruens:
1635 4791 1737 4830 non
1781 4778 1923 4830 enim
1974 4777 2106 4832 sini-

2226 4777 2300 4848 μὴ
2334 4779 2532 4846 ἀφιεὶς,
2578 4779 2653 4842 ώς
2675 4779 2732 4832 ἐν
2753 4779 3204 4852 πλημμελ[ε]ίαις
3227 4781 3375 4847 ὄντα,
3407 4783 3500 4835 καὶ
3543 4786 3653 4844 τοῖς
3685 4783 3784 4852 τῆς

535 4881 676 4926 ιιι-ιε
706 4885 791 4926 res
822 4880 1053 4936 nostras,
1090 4872 1185 4926 sed
1219 4871 1440 4926 dextras
1488 4878 1542 4922 et
1597 4868 1889 4924 laudabiles
1941 4883 2109 4940 oppu-

2214 4870 2526 4936 δυσσεϐείας
2558 4873 2896 4943 ἐγκλήμασιν
2925 4874 3263 4944 ἐνεχόμενον,
3287 4877 3381 4928 καὶ
3404 4875 3555 4927 οὐδὲν
3593 4875 3784 4946 ἔχοντα

529 4973 679 5032 gnat.
706 4963 815 5019 lloc
841 4963 1135 5032 contigisse
1156 4963 1372 5017 cuidam
1435 4961 1486 5013 in
1519 4959 1792 5014 Christum
1820 4960 2105 5030 impiorum

2214 4961 2400 5026 δεξιόν.
2428 4963 2687 5033 Εἱστήκει
2718 4964 2846 5036 γὰρ,
2879 4965 3065 5036 φησιν,
3107 4967 3170 5018 ἐκ
3207 4966 3394 5030 δεξιῶν
3428 4966 3614 5031 αὐτοῦ,
3657 4967 3784 5038 τρό-

533 5053 721 5108 beatus
756 5054 923 5108 David
961 5052 1227 5107 sentiebat
1275 5049 1462 5104 dicens
1495 5064 1509 5101 :
1539 5065 1558 5100 ι
1615 5047 1867 5104 Diabolus
1929 5060 2036 5106 stet
2077 5067 2108 5105 a

2214 5071 2311 5107 πον
2350 5053 2471 5105 τινὰ
2507 5053 2800 5126 παραλύων
2825 5055 2892 5108 τὰ
2917 5055 3099 5122 δεξιά·
3131 5057 3358 5126 πολεμεῖ
3381 5057 3489 5126 γὰρ
3515 5058 3635 5126 οὐχὶ
3672 5061 3783 5120 τοῖς

535 5144 737 5198 dextris
776 5143 890 5211 ejus
921 5143 1022 5196 τί.»
1064 5136 1467 5195 Adversabatur
1499 5152 1625 5208 ergo
1671 5138 1903 5194 Satanas
1942 5159 1955 5195 :
2012 5143 2107 5196 sed

2214 5147 2420 5208 σκαιοῖς
2473 5145 2629 5216 ήμῶν
2683 5146 3022 5216 πράγμασιν,
3079 5147 3216 5201 ἀλλά
3266 5151 3376 5211 τοῖς
3427 5147 3619 5211 δεξιοῖς
3687 5149 3782 5200 καὶ

531 5231 707 5298 angeli
740 5246 869 5285 voce
904 5228 1299 5296 increpabatur.
1331 5223 1546 5278 Auilivit
1603 5228 1743 5281 enim
1781 5229 2044 5284 dicentem
2083 5250 2096 5285 :

2214 5235 2641 5303 ἐπαινουμένοις.
2667 5233 2937 5306 Τ[οι]οῦτό
2959 5254 3012 5289 τι
3050 5238 3240 5289 παθεῖν
3269 5239 3511 5308 ἐπηρᾶτὸ
3536 5254 3655 5289 τινα
3675 5237 3782 5290 τῶν

535 5339 558 5372 ι
595 5319 838 5390 lncrepet
864 5319 1123 5375 Dominus
1171 5317 1224 5371 in
1253 5323 1326 5379 te,
1363 5315 1591 5384 diabole,
1626 5328 1682 5372 et
1711 5319 1950 5388 increpet
1995 5319 2102 5373 Do-

2214 5325 2283 5386 εἰς
2311 5323 2544 5395 Χριστὸν
2587 5324 3055 5398 δεδυσσεϐηκότων
3106 5331 3133 5381 6
3184 5329 3451 5398 μακάριος
3483 5331 3663 5392 Δαϐὶδ,
3695 5328 3782 5380 λέ-

538 5414 710 5468 miuus
745 5414 796 5466 iu
824 5420 896 5474 te,
926 5410 1019 5477 qui
1043 5409 1205 5479 elegit
1238 5405 1594 5464 Jerusalem.»
1637 5410 1931 5466 Considera
1955 5413 2098 5467 enim

2214 5431 2315 5483 γων
2335 5431 2347 5444 ⁸
2386 5434 2405 5466 ι
2443 5416 2551 5469 Kal
2579 5417 2824 5482 διάϐολος
2846 5421 3022 5490 στήτω
3045 5423 3108 5473 ἐκ
3130 5420 3317 5486 δεξιῶν
3349 5420 3530 5472 αὑτοῦ.
3577 5439 3594 5470 ι
3636 5420 3785 5472 Ἀντ-

528 5501 800 5568 ιιιιοιιιοιιο
847 5500 987 5552 illico
1033 5498 1141 5552 Deo
1188 5496 1438 5552 infestum
1477 5510 1531 5554 et
1584 5503 1834 5572 superuis
1881 5503 2099 5557 calculis

2214 5503 2382 5558 ἔκειτο
2418 5506 2596 5559 τοίνυν
2625 5509 2653 5560 6
2681 5509 2947 5575 Σατανᾶς,
2981 5510 3118 5580 πλὴν
3148 5512 3442 5581 ἐπετιμᾶτο
3479 5509 3563 5562 διὰ
3598 5510 3780 5580 φωνῆς

600 5680 646 5714 ⁸³
670 5679 836 5735 Νυιιι.
871 5689 954 5740 ιιι,
985 5675 1038 5742 9,
1071 5677 1155 5732 l0.
1235 5679 1279 5709 ‘9
1311 5677 1452 5733 Psal.
1485 5694 1626 5745 xxvi,
1657 5679 1710 5737 9.
1788 5681 1832 5712 7°
1859 5681 2004 5735 Psal.
2038 5697 2183 5749 xxiv,
2224 5682 2308 5736 l6.
2384 5683 2426 5713 '“
2459 5683 2598 5736 l’sul.
2634 5701 2782 5754 cmi,
2811 5692 2862 5744 6.
