4080 6284
499 308 580 362 ~17
855 298 882 327 ’

1523 305 1586 358 S.
1629 303 1902 359 CYltll.Ll
1945 301 2410 358 ALEXANDRlNl
2452 299 2768 355 AltClllEP.
3213 260 3217 264 ι
3691 308 3762 363 48

507 421 732 475 οω-άυιίἱ
772 433 985 484 munus,
1042 417 1370 489 multamque
1428 421 1569 490 apud
1609 421 1774 476 Deum
1821 422 2068 476 ﬁduciam

2185 423 2322 485 5ντος
2354 421 2448 476 τοῦ
2483 421 2636 485 λαοῦ,
2674 419 2894 491 ῥυπαρά
2922 436 3037 482 πως
3064 413 3132 491 ἧν
3170 419 3266 474 καὶ
3310 422 3378 475 τὰ
3424 421 3518 475 τοῦ
3558 425 3753 496 lapso);

505 513 788 565 obtinebit.
854 511 1219 576 Quamobrem
1278 513 1488 567 divinus
1552 512 1772 579 Paulus,
1835 515 2079 583 gentibus

504 605 704 658 Chiisti
738 619 896 658 sacro
932 604 1221 673 Evangelio
1249 604 1574 670 ministrata,
1631 621 1752 658 cum
1789 620 1852 658 ex
1907 605 2081 658 incre-

510 697 704 750 mentis
737 697 800 748 ad
832 697 1081 749 virtutem
1116 711 1212 749 eos
1252 695 1606 749 inclarescere
1629 708 1682 750 et
1713 697 1759 749 ei
1794 698 1942 749 firma
1979 697 2080 750 ﬁde

511 789 773 842 inluerere
813 798 1078 853 cerneret,
1130 788 1199 840 ita
1252 787 1508 841 scribit“
1543 787 1767 856 Propter
1807 788 2082 856 gloriatio-

511 896 631 934 nem
681 889 938 943 vestram,
984 879 1208 943 fratres,
1263 893 1422 946 quam
1459 878 1720 933 habemus
1757 881 1808 931 in
1857 878 2081 933 Domino

507 974 632 1029 ,ιι-ευ
652 974 718 1028 ⁷³.
746 993 765 1024 ›
800 973 866 1026 Et
899 987 1149 1027 rursum:
1178 969 1490 1040 «Caudium
1529 977 1583 1024 et
1620 983 1815 1024 corona
1843 982 1959 1022 mea
1985 983 2079 1022 vos

507 1067 638 1121 estis
671 1066 770 1118 ".i

583 1339 744 1393 Vens.
777 1337 830 1398 6,
858 1337 984 1391 7.Et
1019 1332 1234 1404 angelus
1271 1330 1462 1384 stabat.
1501 1327 1564 1380 Et
1624 1337 1944 1381 contestatus
2007 1335 2082 1379 est

511 1431 723 1498 angelus
763 1428 968 1481 Domini
991 1427 1058 1478 ad
1087 1422 1287 1484 Iesum,
1315 1422 1490 1474 dicens
1522 1435 1540 1471 :
1561 1417 1690 1472 Hcce
1723 1419 1847 1469 dicit
1901 1416 2080 1468 Domi-

511 1538 606 1573 που
641 1521 962 1586 omnipotens
981 1534 999 1568 :
1029 1514 1086 1567 Si
1113 1516 1164 1565 in
1192 1513 1287 1566 viis
1322 1511 1444 1567 meis
1489 1509 1923 1570 antbuluveris,et
1943 1523 2082 1575 prir-

509 1628 654 1680 repla
692 1629 803 1665 mea
851 1608 1212 1670 eitstadivcris,
1289 1615 1336 1658 et
1392 1614 1446 1656 tu
1497 1601 1819 1670 dijudicabis
1871 1600 2082 1651 domum

509 1722 695 1769 meam,
735 1714 780 1757 et
835 1702 1096 1756 custodias
1168 1700 1362 1751 atrium
1433 1711 1644 1757 meum,
1681 1702 1730 1746 et
1788 1693 1922 1746 dabo
1985 1689 2084 1743 tibi

505 1805 859 1849 conversantes
917 1794 970 1845 in
1003 1791 1171 1844 medio
1190 1792 1442 1841 stantium
1472 1787 1711 1838 istorum.

583 1972 716 2028 XIX.
757 1972 809 2025 lu
831 1970 956 2024 Iesu
1001 1979 1195 2034 magno
1224 1965 1504 2018 sacerdote
1534 1959 1810 2015 Christum
1838 1955 2076 2011 omnium

511 2066 845 2119 Salvatorciu
867 2059 1196 2123 descriptum
1219 2053 1535 2121 accipimus,
1555 2047 1709 2116 cujus
1740 2048 1866 2100 item
1892 2059 2079 2114 perso-

511 2172 635 2210 nam
669 2165 729 2208 ut
755 2159 985 2220 gereret,
1026 2163 1053 2200 a
1087 2144 1354 2216 principio
1414 2143 1592 2196 Aaron
1627 2139 1876 2193 sacerdos
1924 2135 2080 2190 iusti-

513 2261 657 2300 tutus
686 2255 785 2298 est.
830 2242 942 2295 Hoc
979 2249 1155 2292 autent
1185 2237 1237 2290 in
1267 2236 1382 2289 loco
1409 2235 1477 2289 ad
1508 2233 1683 2302 ipsum
1717 2231 1880 2284 lilium
1929 2227 2082 2282 Jose-

509 2340 610 2390 dcc
641 2336 839 2388 dictum
869 2331 1186 2385 aSserimus:
1224 2345 1242 2378 ι
1281 2326 1406 2380 llzec
1439 2325 1569 2379 dicit
1594 2322 1850 2376 Dominus
1908 2319 2081 2374 omni-

514 2440 742 2497 potetis:
774 2425 828 2479 Si
868 2425 918 2477 in
955 2423 1057 2476 viis
1093 2419 1226 2474 meis
1280 2416 1665 2480 ambulaveris,
1701 2424 1756 2466 et
1816 2421 2081 2482 praecepta

512 2535 629 2574 mea
666 2517 1042 2580 custodiveris,
1071 2523 1127 2567 et
1157 2522 1208 2565 tu
1239 2507 1564 2580 dijudicabis
1587 2506 1804 2559 domum
1843 2516 2037 2564 meam,
2058 2521 2077 2555 ι

510 2624 562 2667 et
607 2627 725 2680 qtue
774 2617 1092 2678 sequuntur.
1163 2601 1278 2656 Non
1328 2601 1470 2655 cnim
1525 2596 1652 2650 talia
1705 2595 1922 2648 Christo
1976 2593 2080 2646 dici

506 2712 710 2769 queunt
739 2719 752 2754 :
795 2701 882 2769 qui
910 2708 990 2752 est
1023 2698 1128 2754 via,
1157 2690 1471 2760 justilicatio
1521 2687 1632 2751 Dei,
1661 2696 1716 2739 et
1782 2683 1960 2736 Patris
2001 2680 2084 2735 sui

510 2797 727 2847 doumm
762 2794 876 2859 ipse
908 2783 1239 2856 dijudicavit,
1275 2790 1332 2834 ut
1365 2779 1532 2832 Filius
1558 2785 1876 2845 potestatem
1929 2787 2086 2825 exer-

511 2883 657 2938 cens.
685 2883 812 2934 Erat
840 2881 980 2932 enim
1008 2877 1188 2932 Moses
1213 2873 1383 2926 ﬁdelis
1421 2869 1648 2923 famulus
1671 2869 1723 2920 in
1749 2866 1893 2920 omni
1927 2865 2086 2917 domo

513 2977 602 3029 Ilei
637 2989 651 3025 :
685 2985 737 3026 at
771 2971 1019 3024 Christus
1049 2977 1107 3020 ut
1139 2965 1308 3018 Filius
1340 2977 1501 3029 super
1523 2961 1739 3012 domum
1770 2958 1905 3024 ejus,
1937 2955 2087 3022 cujus

511 3068 700 3121 domus
729 3077 829 3118 nos
868 3074 1052 3116 smnus
1075 3059 1141 3110 ⁷⁵.
1171 3055 1312 3123 Ergo
1344 3052 1410 3106 ad
1441 3051 1606 3103 lilium
1633 3049 1858 3104 Josedec
1881 3049 1980 3102 ista
2007 3048 2088 3100 di-

511 3167 596 3210 cta
625 3153 876 3217 sunto,nd
897 3149 1172 3205 Christum
1190 3143 1431 3200 minime.
1454 3141 1739 3195 Pollicetur
1760 3147 1935 3192 autem
1951 3137 2090 3191 Deus

513 3246 869 3300 sacerdotium
903 3251 1234 3296 retenturum
1265 3237 1426 3292 etiam
1464 3245 1583 3302 post
1631 3242 1872 3297 tempora
1918 3229 2090 3293 capti-

511 3334 716 3394 vitatis,
741 3341 794 3382 ut
821 3329 1129 3383 sacerdotes
1151 3327 1369 3394 praasiut
1394 3322 1598 3387 lsraeli,
1618 3329 1671 3375 et
1688 3327 1926 3373 sanctam
1946 3317 2088 3370 illam

514 3423 789 3474 civitatem
841 3420 1204 3470 moderentur.
1251 3415 1514 3479 Quoniam
1556 3412 1734 3476 enim,
1778 3411 2087 3476 captivitate

514 3513 730 3566 inducta
751 3551 766 3576 ,
795 3520 848 3562 et
897 3508 1102 3561 sanctis
1131 3505 1493 3560 concrematis
1534 3510 1589 3555 et
1645 3500 1930 3556 sacriﬁciis
1957 3501 2092 3556 sub-

521 3605 664 3665 latis,
713 3599 1113 3652 arbitrabautur
1167 3593 1402 3650 nonnulli
1453 3593 1683 3646 Mosaica
1711 3591 1951 3646 funditus
1997 3591 2091 3645 ab-

517 3693 729 3754 olenda,
749 3690 914 3762 676
941 3699 992 3743 et
1011 3688 1178 3757 legem
1206 3684 1336 3738 nihil
1353 3683 1580 3752 amplius
1596 3682 1900 3744 valituram,
1924 3695 2090 3749 Quatt-

521 3801 680 3854 quam
730 3786 962 3837 nondum
1016 3786 1278 3849 prasente
1323 3775 1415 3828 illo
1453 3786 1692 3844 tempore
1737 3788 1843 3843 quo
1896 3771 2089 3836 Uuige—

521 3880 692 3930 nitum
735 3883 918 3928 natum
961 3874 1230 3925 hominem
1253 3881 1514 3936 apparere
1543 3866 1848 3935 oportebat,
1888 3864 2088 3916 idcirco

523 3967 662 4019 Deus
696 3966 894 4018 docens
925 3962 1180 4016 lsraelem
1210 3959 1310 4014 sub
1351 3958 1591 4027 antiquis
1643 3957 1886 4011 moribus
1942 3956 2086 4008 lutu-

516 4072 635 4111 rum
680 4065 735 4110 et
764 4056 864 4109 sub
892 4054 1116 4122 imperio
1147 4051 1488 4106 sacerdotum
1513 4056 1726 4103 aetatem
1759 4046 2086 4107 habiturum,

520 4149 662 4201 haud
697 4161 850 4201 set-us
883 4160 1044 4214 quam
1073 4153 1196 4196 ante
1214 4142 1581 4210 captivitatem
1603 4138 1909 4192 necessario
1944 4137 2088 4189 allir-

519 4241 718 4304 mat,si
755 4239 922 4306 legem
975 4236 1185 4292 sincere
1233 4234 1567 4299 custodierit,
1636 4232 1806 4300 ipsum
1873 4244 2084 4281 rursum

518 4332 732 4384 domum
774 4330 890 4397 ejus
934 4326 1366 4394 dijudicaturum,
1396 4334 1450 4380 et
1497 4325 1670 4394 prima
1727 4323 1894 4392 gloria
1943 4320 2084 4388 poti-

2182 515 2464 585 ἐσθήματα
2485 533 2497 546 ·
2521 516 2691 578 οὕτως
2712 514 2962 577 εἰωθότος
2991 514 3150 567 πάλιν
3179 515 3508 585 εὐδοκιμεῖν,
3523 518 3764 590 καθαρὸν

2181 604 2332 658 ἔσται
2365 607 2459 658 καὶ
2489 606 2746 673 διαφανὲς
2779 606 2877 674 τῆς
2907 606 3209 672 ἱερωσύνης
3241 605 3301 658 τὸ
3329 606 3519 676 χρῆμα
3547 609 3644 675 (Ι),
3667 609 3764 661 καὶ

2181 697 2237 747 ὲν
2289 697 2456 766 πολλῇ
2497 696 2774 767 παρρησίᾳ
2808 699 2873 767 τῇ
2911 697 3060 767 παρὰ
3105 696 3244 767 Θεῷ.
3279 699 3387 750 Καὶ
3421 699 3553 766 γοῦν
3600 703 3627 753 ὁ
3673 700 3762 752 Οε-

2183 785 2403 847 σπέσιος
2433 785 2640 849 Παῦλος
2675 787 3038 856 ἱερουργήσας
3080 789 3193 849 τοῖς
3226 787 3400 840 ἔθνεσι
3434 789 3494 841 τὸ
3524 790 3764 858 Εὐαγγέ-

2181 873 2295 926 λιον
2323 875 2417 928 τοῦ
2446 875 2702 946 Χριστοῦ,
2727 875 2820 927 καὶ
2842 877 2962 932 ταῖς
3000 875 3080 937 εἰς
3111 875 3170 926 τὸ
3191 876 3412 944 ἄμεινον
3462 878 3765 930 ὲπιδόσεσιν

2182 966 2600 1036 εὐδοκιμοῦντας
2637 966 2870 1036 βλέπων,
2901 967 2995 1019 καὶ
3028 966 3253 1035 βεϐαίαν
3292 967 3513 1038 ἔχοντας
3541 969 3639 1039 τὴν
3667 969 3764 1021 ἐπ’

2182 1055 2329 1124 αύτῴ
2381 1057 2581 1118 πίστιν,
2611 1056 2911 1108 ἐπιστέλλει
2945 1056 3147 1124 λέγων’
3203 1076 3220 1107 ι
3249 1057 3332 1128 Νὴ
3358 1057 3457 1129 τὴν
3489 1059 3762 1129 ἡμετέραν

2183 1148 2472 1216 καύχησιν,
2501 1147 2735 1215 ἀδελφοὶ,
2758 1147 2824 1216 ἢν
2854 1147 3050 1218 ἔχομεν
3082 1149 3138 1200 ἐν
3157 1148 3346 1218 Κυρίῳ
3367 1148 3563 1219 Ἰησοῦ.
3596 1167 3618 1200 ›
3657 1148 3764 1202 Καὶ

2184 1237 2374 1290 πὰλιψ
2419 1256 2436 1288 ι
2466 1237 2625 1308 Χαρὰ
2663 1238 2756 1289 καὶ
2788 1238 3049 1306 στέφανός
3085 1255 3186 1308 μου
3229 1240 3386 1307 ὑμεῖς
3425 1241 3566 1291 ἐστε.
3601 1257 3618 1288 ι

2255 1330 2364 1383 Kal
2416 1333 2447 1383 ὀ
2494 1331 2748 1399 ἅγγελος
2795 1332 3077 1397 εἱστήκει.
3116 1333 3225 1385 Καὶ
3262 1332 3682 1400 διεμορτύψιιτο
3729 1331 3763 1383 ό

2183 1421 2437 1490 ἅγγελος
2463 1423 2684 1488 Κυρίου
2715 1423 2864 1489 πρὸς
2893 1423 3146 1489 Ἰησοῦν,
3164 1422 3358 1491 λέγων
3380 1440 3392 1452 ·
3432 1422 3578 1476 Τάδε
3604 1421 3763 1489 λέγει

2201 1513 2413 1579 Κύριος
2439 1511 2882 1580 παντοκράτωρ
2914 1514 3048 1566 Ἐὰν
3070 1513 3140 1566 ἐν
3163 1515 3292 1580 ταῖς
3324 1513 3485 1580 ὁδοῖς
3509 1533 3626 1582 μου
3659 1530 3762 1566 πο-

2177 1607 2348 1671 ρεύῃ,
2378 1604 2474 1656 καὶ
2512 1606 2581 1656 ἐν
2617 1604 2740 1669 τοῖς
2772 1606 3194 1674 πι>οστάῃιασί
3214 1623 3333 1672 μου
3368 1607 3570 1674 φιιλάξ
3577 1626 3631 1672 ῃ,
3664 1605 3762 1659 καὶ

2185 1695 2266 1745 σὺ
2311 1693 2635 1760 διακρινεῖς
2679 1694 2786 1745 τὸν
2820 1690 2988 1746 οἶκόν
3010 1710 3152 1762 μου,
3183 1694 3281 1746 καὶ
3324 1695 3616 1762 φυλάξεις
3651 1694 3766 1758 τὴν

2113 1767 2153 1818 Β
2181 1785 2380 1851 αὐλήν
2417 1803 2558 1852 μου,
2595 1784 2694 1838 καὶ
2727 1784 2900 1837 δώσω
2948 1803 3046 1838 σοι
3099 1785 3656 1855 ἀναστρεφομένους
3693 1784 3765 1838 ἐν

2181 1879 2350 1946 μέσῳ
2375 1877 2493 1930 τῶν
2522 1877 2868 1944 ἑστηκότων
2891 1879 3134 1931 τούτοιν.

2256 1971 2356 2024 ΙΘ’.
2395 1969 2491 2030 El;
2533 1969 2888 2022 ὑποτύπωσιν
2942 1969 3039 2038 μὲν
3095 1968 3190 2021 τοῦ
3255 1969 3468 2022 πάντων
3512 1967 3762 2037 Σωτῆρος

2182 2061 2419 2132 Χριστοῦ
2474 2060 2891 2133 παρεδεξάμεθα
2940 2061 3031 2112 τὸν
3067 2059 3275 2129 Ἰησοῦν
3321 2059 3410 2111 τὸν
3473 2057 3622 2129 ἱερέα
3669 2055 3761 2108 τὸν

2187 2153 2360 2220 μέγαν
2379 2168 2391 2180 ·
2429 2152 2635 2205 τέοειτο
2668 2153 2774 2222 γὰρ
2807 2153 2884 2214 είς
2913 2150 3069 2203 τοῦτο
3099 2152 3191 2204 καὶ
3217 2149 3428 2220 Ἀαρὼν
3464 2151 3520 2201 ὲν
3543 2147 3760 2216 ἀρχαῖς.

2183 2244 2328 2313 Πλὴν
2360 2242 2416 2294 ἓν
2461 2259 2525 2310 γε
2575 2245 2688 2303 τοῖς
2732 2241 3114 2311 προκειμένοις
3146 2243 3279 2311 προς
3319 2240 3479 2293 αὐτὸν
3518 2234 3764 2307 εἰρῆσθαί

2184 2351 2362 2402 φαμεν
2409 2334 2500 2386 τὸν
2532 2331 2774 2384 Ἰωσεδὲκ
2805 2331 2884 2393 τὸ,
2931 2347 2948 2378 ι
2982 2330 3118 2381 Τάδε
3153 2330 3299 2396 λέγει
3334 2331 3535 2398 Κύριος
3567 2344 3763 2382 παντο-

2184 2424 2430 2492 κράτωρσ
2461 2440 2477 2472 ι
2519 2422 2649 2473 Ἐὰν
2681 2422 2736 2471 ἐν
2765 2421 2882 2480 ταῖς
2902 2419 3041 2480 ὁδοῖς
3069 2434 3172 2488 μου
3202 2419 3430 2488 πορεύῃ,
3452 2419 3546 2468 καὶ
3574 2420 3630 2469 ἐν
3656 2420 3767 2480 τοῖς

2185 2511 2574 2584 προστάγμασι
2623 2528 2722 2581 μου
2768 2510 3038 2580 φυλάσσῃ,
3080 2509 3176 2561 καὶ
3227 2509 3291 2560 σὺ
3345 2509 3636 2577 διακρινεῖς
3676 2510 3767 2562 τὶν

2183 2599 2330 2655 οἶκόν
2363 2617 2486 2670 μου,
2521 2619 2538 2650 ι
2575 2600 2672 2652 καὶ
2709 2599 2778 2651 τὰ
2805 2597 3013 2659 τούτοις
3043 2595 3302 2661 ἑπόμενα.
3337 2596 3410 2648 Ού
3445 2597 3553 2666 γὰρ
3584 2596 3649 2649 ἂν
3688 2595 3766 2647 εἴ-

2190 2711 2318 2763 ρητο
2359 2693 2428 2745 τὰ
2463 2691 2640 2744 τοιάδε
2689 2689 2936 2760 Χριστῷ·
2989 2688 3151 2750 αὐτὸς
3203 2688 3310 2758 γάρ
3353 2690 3499 2740 ἐστιν
3552 2689 3583 2755 ἡ
3626 2689 3765 2750 ὀδὶς,

2185 2784 2348 2845 αὐτὸς
2389 2783 2450 2834 τὸ
2492 2782 2769 2850 δικαίωμα
2812 2780 2903 2832 τοῦ
2935 2779 3068 2832 Θεοῦ
3105 2780 3198 2832 καὶ
3232 2779 3464 2848 Πατρδς,
3501 2779 3659 2840 αὐτὸς
3691 2778 3771 2830 δι-

2187 2875 2366 2943 έκρινε
2410 2873 2497 2924 τὸν
2543 2868 2690 2924 οἷκον
2720 2870 2906 2932 αὑτοῦ,
2933 2871 3364 2937 κατεξουσιάζων
3397 2870 3471 2932 ὡς
3509 2864 3769 2931 Υίὸς.⁷Ην

2192 2965 2290 3033 μὲν
2325 2963 2432 3032 γὰρ
2467 2963 2494 3012 ὁ
2523 2961 2808 3024 Θεσπέσιος
2842 2962 3044 3032 Μωσῆς
3069 2961 3254 3022 πιστὸς
3285 2960 3536 3029 Θεράπων
3575 2963 3632 3012 ὲν
3663 2960 3770 3029 ὅλῳ

2116 3087 2158 3144 C
2190 3054 2266 3123 τῷ
2299 3055 2430 3122 οἴκῳ
2454 3053 2546 3105 τοῦ
2584 3054 2718 3105 Θεοῦ
2739 3072 2752 3085 ο
2788 3055 3018 3124 Χριστὸς
3047 3053 3103 3104 δὲ
3132 3053 3205 3114 ὡς
3232 3053 3357 3115 Υἱὸς
3385 3052 3477 3105 ἐπὶ
3503 3051 3592 3105 τὸν
3621 3049 3770 3104 οἷκον

2193 3144 2381 3210 αὑτοῦ,
2429 3139 2490 3196 οῦ
2542 3142 2690 3207 οἶκός
2736 3145 2904 3214 ἐσμεν
2946 3147 3125 3214 ἡμεῖς.
3161 3143 3367 3196 Οὐκοῦν
3399 3143 3634 3213 εἰρήσθω
3668 3142 3768 3212 μὲν

2193 3238 2329 3308 πρὸς
2357 3237 2446 3290 τὸν
2477 3235 2570 3290 τοῦ
2600 3237 2847 3290 Ἰωσεδὲκ
2875 3237 2941 3288 τὰ
2970 3235 3167 3298 τοιάδε,
3194 3235 3324 3304 πρὸς
3358 3234 3413 3286 δέ
3443 3252 3505 3302 γε
3532 3232 3768 3304 Χριστὸν

2189 3329 2390 3381 οὐκέτι.
2411 3327 2806 3399 Ἑπηγγέλλετο
2835 3327 2891 3380 δὲ
2921 3327 3072 3390 Θεὸς,
3111 3326 3209 3395 τὴν
3243 3325 3381 3378 κατὰ
3412 3325 3573 3394 νόμον
3607 3327 3766 3394 ίερω-

2194 3421 2358 3490 σύνην
2405 3423 2700 3492 κρατήσειν
2747 3421 2822 3472 ἔτι
2868 3420 2963 3472 καὶ
3016 3421 3151 3487 μετὰ
3198 3435 3261 3484 γε
3305 3419 3430 3478 τοὺς
3469 3418 3562 3485 τῆς
3601 3419 3766 3486 αἰχμ-

2195 3513 2430 3574 αλωσίας
2459 3513 2705 3582 καιροὺς,
2737 3509 2876 3562 ὥστε
2905 3511 3031 3570 τοὺς
3068 3509 3442 3577 ἱερατεύοντας
3473 3509 3768 3580 κατάρχειν

2189 3603 2282 3654 τοῦ
2313 3603 2549 3672 Ἰσραὴλ,
2588 3602 2681 3654 καὶ
2730 3601 2828 3671 τὴν
2878 3600 3039 3668 ἁγίαν
3087 3598 3289 3650 διέπειν
3335 3599 3486 3651 πόλιν
3527 3601 3763 3668 ἐκείνην.

2203 3694 2419 3763 Ἐπειδὴ
2469 3693 2576 3762 γὰρ
2626 3691 2910 3760 συμϐάσης
2959 3690 3056 3759 τῆς
3105 3689 3495 3757 αἰχμαλωσίας,
3536 3690 3768 3741 καὶτῶν

2191 3786 2359 3853 ἁγίων
2390 3782 2888 3855 ἐμπεπρησμένων,
2925 3782 3017 3834 καὶ
3044 3780 3230 3844 θυσίας
3251 3781 3430 3833 οὐκέτι
3466 3796 3768 3847 προσκεκο-

2193 3876 2478 3948 μισμένης,
2513 3874 2678 3944 ᾤοντό
2721 3891 2864 3936 τινες
2911 3872 3045 3944 πρὸς
3102 3871 3413 3943 ἀνατροπὴν
3449 3869 3766 3939 οἰχήσεσθαι

2189 3967 2427 4036 παντελῆ
2475 3966 2544 4018 τὰ
2575 3965 2838 4028 Μωσέως,
2886 3967 2976 4018 καὶ
3025 3965 3397 4034 ἀπρακτήσειν
3447 3962 3535 4014 τὸν
3577 3961 3763 4030 νόμον,

2188 4059 2362 4112 καίτοι
2412 4059 2577 4128 μήπω
2629 4056 2894 4127 παρόντος
2924 4054 3015 4106 τοῦ
3056 4053 3269 4123 καιροῦ,
3301 4054 3420 4105 καθ’
3451 4052 3510 4104 ὃν
3551 4052 3764 4104 ἀναδεί-

2189 4168 2286 4203 κνυ
2299 4149 2416 4202 σθαι
2444 4151 2607 4218 ἐχρῆν
2635 4147 3091 4216 ὲνηνθρωπηκὸτα
3113 4147 3201 4197 τὸν
3226 4146 3500 4214 Μονογενῆ
3522 4163 3533 4174 ·
3564 4145 3763 4215 ταύτῃ·

2187 4259 2268 4295 τοι
2301 4241 2432 4302 Θεὸς
2462 4239 2789 4303 ἀναπείθων,
2828 4239 2908 4290 ὅτι
2936 4241 3046 4300 τοῖς
3079 4237 3321 4308 ἀρχαίοις
3345 4237 3521 4290 ἔθεσιν
3548 4237 3765 4290 ὑποκεί-

2191 4349 2340 4385 σεται
2385 4331 2544 4382 πὰλιν
2596 4331 2624 4382 ὁ
2653 4329 2888 4400 Ἰσραὴλ,
2925 4329 3018 4381 καὶ
3066 4329 3170 4380 ύπδ
3214 4330 3372 4398 χεῖρα
3419 4330 3614 4397 πράξει
3656 4329 3764 4382 τῶν

519 4433 718 4485 turum,
746 4435 869 4473 eum
913 4419 966 4472 in
997 4434 1154 4472 sacro
1179 4418 1478 4472 ministerio
1513 4414 1674 4469 etiam
1746 4415 1952 4467 sanctis
1992 4427 2084 4465 an-

2193 4422 2402 4491 ίερέων.
2432 4420 2574 4473 καθὰ
2613 4421 2706 4472 καὶ
2745 4419 2852 4489 πρὸ
2885 4421 2982 4489 τῆς
3022 4418 3415 4489 αἰχμαλωσίας,
3449 4421 3763 4487 ἀναγκαίως

519 4514 648 4582 gelis
684 4510 1088 4578 adjuvantibus.
1127 4507 1238 4562 Non
1273 4509 1416 4562 enim
1463 4505 1567 4560 dici
1629 4514 1800 4574 potest
1849 4513 2084 4556 veterem

517 4605 687 4673 legem
723 4602 1013 4656 virtutibus
1040 4599 1465 4667 intelligentibus
1530 4597 1838 4650 destitutam
1889 4595 2087 4648 fuisse.

518 4693 576 4744 Si
617 4693 760 4746 enim
791 4691 978 4760 legalia
1009 4689 1096 4743 illa
1131 4688 1239 4758 typi
1270 4699 1322 4742 et
1356 4689 1561 4741 umbra:
1605 4693 1790 4749 erant,
1842 4700 1972 4751 ergo
2024 4685 2088 4738 ad

434 4788 452 4795 ’
523 4777 611 4838 Dei
641 4784 863 4855 gloriam
900 4780 1318 4850 peragebantur.
1359 4779 1468 4832 lloc
1509 4779 1700 4848 opinor
1747 4777 1847 4829 sibi
1906 4775 2040 4830 velle
2073 4794 2086 4830 :

525 4893 544 4924 ‹
581 4874 728 4926 Dabo
754 4872 847 4925 tibi
880 4881 1261 4924 conversantes
1281 4871 1331 4923 iu
1355 4869 1530 4922 medio
1555 4868 1810 4921 stantium
1837 4867 2084 4928 herum,»

521 4965 624 5019 hoc
665 4975 771 5028 est,
823 4963 1206 5032 prOpemodum
1243 4977 1348 5014 una
1409 4961 1778 5014 sacriﬁcantes
1816 4968 1869 5011 et
1917 4958 2090 5012 sacris

521 5054 708 5108 olliciis
744 5053 898 5106 simul
958 5054 1237 5121 fungentes
1297 5050 1536 5120 angelos.
1603 5048 1879 5116 Perpende
1931 5065 2091 5117 porro

523 5146 790 5213 quomodo
822 5145 1018 5213 ubique
1046 5157 1197 5196 sacra
1231 5141 1511 5210 Scriptura
1545 5142 1765 5208 angelos
1798 5151 1943 5194 stare
1975 5155 2090 5209 pro-

525 5238 1016 5301 nuntiet,stationis
1054 5235 1313 5290 vocabqu
1357 5233 1674 5303 signiﬁcans
1707 5249 1801 5288 eos
1862 5233 2088 5302 ignaviae

525 5343 628 5381 non
657 5330 1027 5394 succumbere,
1078 5327 1172 5380 sed
1215 5333 1446 5381 mentem
1475 5323 1617 5376 velut
1643 5332 1900 5387 erectam,
1928 5333 1981 5377 et
2007 5323 2087 5376 iu-

591 5522 638 5554 ⁷³
667 5522 822 5575 Rom.
857 5538 945 5586 xv,
979 5519 1066 5574 Π.
1142 5522 1188 5552 ’⁸
1219 5521 1449 5592 Philipp.
1484 5535 1555 5586 Iv,
1589 5517 1644 5572 9.

2191 4511 2376 4578 φησιν,
2405 4509 2480 4572 ὡς
2527 4510 2574 4562 εί
2608 4509 2817 4579 γένοιτο
2864 4510 3084 4580 γνήσιος
3125 4509 3434 4580 νομοφύλαξ
3475 4512 3502 4563 ὁ
3536 4510 3761 4581 Ἰησοῦς,

2190 4603 2348 4664 αὐτὸς
2385 4601 2543 4656 πάλιν
2591 4603 2856 4671 διακρινεῖ
2885 4604 2976 4652 τὸν
3024 4597 3167 4653 οἷκον
3208 4601 3392 4662 αὐτοῦ,
3427 4601 3519 4654 καὶ
3553 4603 3608 4652 ὲν
3640 4600 3765 4668 δόξῃ

2190 4692 2433 4746 κείσεται
2472 4694 2538 4762 τῇ
2585 4691 2817 4763 πρώτῃ,
2869 4691 3424 4761 συλλειτουργούντων
3471 4691 3620 4760 αὐτῷ
3671 4691 3766 4742 καὶ⁸

2199 4784 2368 4852 ἁγίων
2395 4783 2660 4850 ἀγγέλων.
2694 4784 2766 4834 Ού
2815 4783 2922 4852 γάρ
2965 4783 3066 4836 πού
3111 4801 3310 4853 φαμεν.
3345 4784 3420 4846 ὡς
3467 4785 3672 4853 ἔρημος
3698 4778 3765 4852 ἦν

2195 4877 2480 4944 δυνάμεων
2507 4874 2737 4941 λογικῶν
2770 4876 2800 4926 ὁ
2833 4875 2996 4927 πάλαι
3027 4875 3208 4945 νόμος.
3237 4878 3302 4928 Ei
3339 4878 3446 4947 γὰρ
3491 4877 3584 4928 καὶ
3611 4870 3679 4944 ἦν
3709 4879 3765 4927 ἐν

2195 4965 2384 5026 τύποις
2439 4965 2532 5015 καὶ
2580 4967 2755 5026 σκιαῖς
2790 4965 2856 5018 τὰ
2899 4966 2956 5018 ἐν
3004 4967 3170 5036 νόμῳ,
3205 4963 3435 5020 ἀλλὀὖν
3490 4969 3568 5031 εἰς
3610 4971 3766 5036 δόξαν

2200 5056 2429 5108 ἐτελεῖτο
2460 5055 2615 5108 Θεοῦ.
2645 5056 2812 5108 Τοῦτο
2861 5053 3012 5126 οἴμαι
3062 5057 3252 5126 δηλοῦν
3299 5059 3385 5122 τὸ,
3428 5079 3446 5110 ι
3476 5060 3641 5113 Δώσω
3685 5077 3764 5114 σοι

2197 5145 2701 5216 ἀναστρεφομένους
2732 5147 2786 5197 ἐν
2833 5147 2980 5214 μέσῳ
3012 5147 3118 5198 τῶν
3148 5149 3452 5217 ἑστηκότων
3484 5150 3706 5213 τούτων,
3743 5171 3760 5200 ι

2197 5235 2460 5295 τουτέστι,
2491 5235 2768 5304 μονονουχὶ
2796 5237 3268 5306 συνιερατεύοντας
3318 5240 3410 5289 καὶ
3433 5239 3768 5308 συλλειτουρ-

2194 5321 2422 5388 γοῦντας
2467 5321 2746 5388 ἀγγέλους,
2778 5321 2966 5393 ’Λορει
3024 5326 3078 5376 δὲ
3127 5327 3273 5388 ὅπως
3325 5329 3597 5397 πανταχοῦ
3641 5329 3766 5392 τοὺς

1722 5520 1766 5550 ⁷⁸
1801 5518 1960 5572 Ilcbr.
1993 5533 2075 5583 nt,
2105 5516 2228 5570 2-6.

596 5701 672 5772 υ)
703 5700 993 5754 Ευιυιυτίυε
1018 5697 1278 5769 (Jlouum.
1413 5697 1475 5752 (ἐ.
1508 5699 1571 5763 ll,
1598 5700 1722 5768 om;
1754 5700 1877 5769 legit
1903 5701 2084 5769 σχῆμα

2185 5698 2374 5751 abitus.
2409 5697 2566 5753 Εοιτ.
