4080 6284
1525 298 1575 335 ἢ

546 393 611 453 δι
1577 395 1636 450 S.
1677 391 1954 448 CHHLLI
1996 388 2463 443 ALEXANDBINI
2506 389 2822 445 ARCHIEP.
3736 389 3805 444 59

546 510 798 581 appellat.
823 510 925 564 hoc
964 518 1065 578 est,
1110 523 1322 577 semper
1350 518 1659 579 qumrentes
1695 509 1848 580 signa
1900 508 2111 573 videre,

2218 507 2449 577 ουργοῦν
2507 508 2604 578 μὲν
2644 507 2751 577 γὰρ
2791 507 2866 577 τῷ
2904 509 3149 578 ἀρχιερεῖ
3186 508 3382 577 ἔστηκε
3413 507 3471 560 τὸ
3504 508 3693 579 τάγμα
3746 509 3806 563 τὸ

543 605 912 674 prodigiorum
966 604 1212 673 cupidos.
1247 600 1440 656 Nescio
1469 604 1611 656 enim
1667 601 1936 671 quomodo
1991 615 2121 670 gens

540 690 726 746 Iudaea
745 692 810 747 ad
832 693 945 746 haec
969 702 1160 745 natura
1190 689 1379 746 fertur.
1398 690 1584 761 Itaque
1621 706 1741 746 cum
1768 690 2013 745 Christus
2041 690 2120 741 fe-

542 786 705 839 cisset
737 783 891 853 quasi
915 782 1177 853 ﬂagellum
1211 782 1276 837 de
1309 781 1577 845 funiculis,
1608 795 1907 850 omnesque
1938 793 1965 831 e
1988 786 2121 832 tem-

543 881 928 951 ploejecisset,
964 880 1298 946 dixissetque
1331 897 1346 934 :
1375 896 1393 929 ι
1444 876 1669 931 Auferte
1727 876 1829 932 iSIa
1877 875 2022 938 hinc,
2066 882 2120 928 et

542 971 710 1026 nolite
735 969 912 1023 facere
939 968 1153 1022 domum
1184 967 1357 1020 Patris
1392 967 1519 1032 mei,
1551 968 1768 1020 domum
1800 963 2118 1033 negotiatio-

543 1062 646 1129 nis,
690 1080 710 1115 ι
749 1069 1119 1125 accesserunt,
1145 1068 1200 1114 et
1226 1059 1556 1129 quaesierunt
1596 1075 1609 1110 :
1643 1076 1662 1108 ι
1699 1056 1850 1120 Quod
1903 1056 2116 1123 signum

541 1153 780 1209 ostendis
810 1154 936 1223 quia
975 1153 1092 1207 haec
1147 1149 1324 1205 facis?
1369 1159 1422 1203 et
1475 1150 1594 1217 quis
1649 1148 1793 1202 dedit
1831 1147 1921 1200 tibi
1981 1145 2118 1199 banc

542 1254 861 1314 potestatem
901 1245 994 1298 "?
1029 1263 1047 1297 ι
1092 1245 1456 1298 Accesserunt
1506 1252 1560 1294 et
1587 1241 1701 1306 alii,
1732 1256 1852 1294 cum
1894 1240 1995 1293 hac
2037 1254 2120 1305 pe-

544 1335 729 1390 titione
754 1354 768 1390 :
809 1355 827 1386 (
866 1334 1134 1404 Magister,
1164 1332 1452 1385 volumusa
1481 1341 1530 1385 te
1557 1331 1768 1401 signum
1801 1330 1985 1384 videre
2011 1330 2076 1382 ⁸⁸.
2096 1348 2112 1380 ι
2153 1312 2185 1326 ”

543 1425 768 1493 Idcirco,
790 1427 1066 1495 quoniam,
1094 1423 1288 1492 inquit,
1313 1422 1414 1475 viri
1456 1431 1582 1475 sunt
1605 1428 1998 1491 portentorum,
2022 1435 2114 1474 seu

542 1516 923 1571 miraculorum
952 1514 1317 1585 speculatores
1336 1553 1351 1576 ,
1388 1512 1600 1567 discant
1630 1521 1803 1566 tecum
1830 1522 1884 1566 et
1910 1511 2113 1575 futura,

540 1609 814 1677 signorum
847 1622 964 1676 quae
992 1615 1182 1674 petunt
1213 1611 1639 1674 perpetratorem
1667 1618 1883 1673 semper
1924 1612 2115 1671 poten-

540 1698 829 1751 tissimum.
862 1694 1121 1761 Quisnam
1168 1702 1346 1747 autem
1380 1692 1511 1747 hic?
1551 1710 1569 1743 ι
1604 1690 1744 1747 Ecce
1774 1706 1874 1761 ego
1906 1693 2114 1747 adduco

537 1798 751 1839 servum
791 1800 990 1848 meum,
1024 1783 1216 1850 Oriens
1239 1798 1434 1837 nomen
1467 1785 1604 1850 ejus.
1629 1805 1647 1835 ο
1674 1784 1810 1838 Deus
1841 1783 2004 1853 igitur
2037 1798 2115 1837 se-

2223 598 2508 650 Λευῖτικόν
2530 615 2542 627 '
2577 602 2623 650 0i
2654 599 2709 651 δέ
2738 617 2799 667 γε
2830 600 3190 671 πρεσϐύτεροι
3223 601 3410 669 ἱερεῖς,
3467 600 3541 663 ὡς
3582 600 3807 654 ἐκείνων

2222 691 2478 760 ἀμείνους
2515 691 2615 755 ἔτι,
2644 693 2738 745 καὶ
2779 690 3054 763 ἱερώτεροι
3088 691 3227 745 κατὰ
3270 692 3360 744 τὸν
3388 691 3573 761 νόμον,
3604 693 3699 746 καὶ
3737 696 3801 764 τῇ

2224 783 2476 853 συνεδρὶᾳ
2518 784 2827 854 τετίμηντο.
2873 784 3324 855 Τερατοσκόπους
3353 800 3417 852 γε
3468 783 3573 855 μὴν
3608 783 3804 845 αὐτοὺς

2221 874 2498 944 ὀνομάζει,
2547 876 2841 940 τουτέστιν,
2898 877 2985 931 ἀεὶ
3036 879 3239 947 σημεῖα
3295 873 3592 946 ζητοῦντας
3648 878 3800 945 όρᾷν,

2222 965 2330 1017 τῶν
2352 966 2593 1035 τεράτων
2621 968 2961 1036 ἐφιεμένους.
2988 966 3150 1019 Φύσει
3179 966 3288 1037 γάρ
3313 982 3430 1029 πως
3453 964 3541 1018 ἀεὶ
3562 963 3802 1017 τοιοῦτόν

2220 1056 2334 1109 ἐστι
2363 1056 2423 1108 τὸ
2462 1057 2570 1110 τῶν
2592 1057 2864 1111 Ἰουδαίων
2896 1057 3064 1120 ἔθνος.
3096 1058 3207 1111 Καὶ
3237 1056 3388 1125 γοῦν,
3413 1056 3500 1109 ὅτε
3523 1056 3550 1107 ό
3569 1056 3803 1126 Χριστος

2219 1150 2448 1219 ποιήσας
2482 1150 2613 1201 ὡσεὶ
2660 1149 2982 1219 φραγέλλιον
3034 1150 3097 1201 ἐκ
3149 1148 3420 1218 σχοινίων,
3470 1147 3677 1210 πάντας
3712 1145 3800 1211 ἐξ·

2217 1240 2407 1293 ἐϐαλεν
2452 1242 2516 1294 ἐκ
2562 1241 2655 1293 τοῦ
2692 1241 2857 1312 ἱεροῦ,
2889 1242 3064 1309 λέγων
3087 1282 3101 1305 ,
3145 1242 3240 1292 «Ἃ
3256 1258 3382 1311 ρατε
3410 1239 3584 1292 ταῦτα
3614 1239 3796 1291 ἐντεῦ-

2217 1332 2326 1397 θεν,
2366 1332 2460 1386 καὶ
2493 1333 2567 1404 μὴ
2599 1336 2799 1385 ποιεῖτε
2833 1332 2922 1386 τὸν
2947 1330 3092 1385 οἷκον
3124 1332 3215 1385 τοῦ
3254 1331 3465 1402 Πατρός
3493 1348 3619 1399 μου,
3649 1326 3796 1383 οἷκον

2216 1425 2502 1495 ἐμπορίου,
2538 1443 2555 1476 ι
2597 1424 2906 1496 προσῄεσαν
2938 1423 3189 1492 λέγοντες
3210 1441 3224 1456 ⁸
3286 1442 3303 1473 ι
3334 1423 3398 1475 Τί
3425 1424 3649 1492 σημεῖον
3693 1424 3798 1475 δει-

2216 1515 2416 1579 κνύεις,
2447 1516 2528 1568 ὅτι
2560 1515 2735 1569 ταῦτα
2785 1516 2984 1581 ποιεῖς;
3023 1514 3117 1567 καὶ
3146 1513 3230 1577 τίς
3275 1512 3441 1566 ἔδωκὲ
3472 1530 3553 1565 σοι
3587 1513 3684 1584 τὴν
3714 1512 3796 1576 ἐξ·

2194 1606 2402 1659 ουσίαν
2434 1605 2666 1679 ταύτηνς
2702 1625 2719 1657 ι
2766 1606 3083 1677 Εὑρήσομεν
3120 1605 3178 1658 δὲ
3217 1606 3310 1658 καὶ
3363 1604 3582 1673 ἐτέρους
3628 1621 3796 1675 προσ-

2218 1701 2413 1762 ιόντας,
2462 1698 2557 1751 καὶ
2600 1698 2859 1766 λέγοντας
2906 1697 3089 1768 αὐτῷ’
3146 1716 3163 1747 ι
3197 1696 3518 1760 Διδάσκαλε,
3572 1695 3796 1764 θέλομεν

2219 1789 2326 1842 ἀπὸ
2360 1789 2454 1842 σοῦ
2492 1792 2715 1861 σημεῖον
2750 1790 2897 1845 ίδεῖν.
2930 1808 2950 1842 ι
2984 1789 3194 1843 Οὐκοῦν
3242 1789 3557 1859 ἐπειδήπερ,
3612 1788 3793 1857 φησιν,

537 1876 769 1928 cundum
794 1847 1045 1928 naturam
1059 1882 1113 1928 et
1132 1889 1196 1928 ex
1216 1873 1323 1927 Deo
1341 1847 1762 1942 Patre-apparuit
1776 1847 2114 1942 Unigenitns,

2219 1881 2409 1951 ἄνδρες
2438 1847 2984 1953 εἰσὶοτερατοσκότοι,
3024 1847 3442 1952 μανθανέτωσαν
3476 1847 3591 1951 apo:
3622 1847 3704 1932 σοι
3730 1847 3799 1934 τά

538 1966 831 2021 secundum
873 1964 975 2019 hoc
1018 1965 1171 2019 liber.
1224 1966 1393 2036 678
1432 1965 1789 2020 Nihilominus
1827 1964 2121 2020 exinanivit

536 2056 909 2126 semetipsum,
933 2058 1223 2112 secundum
1252 2056 1640 2128 Seripturas“,
1671 2059 1957 2112 demittens
1981 2072 2039 2111 se
2064 2057 2116 2110 in

543 2149 596 2210 td
626 2151 770 2220 quod
819 2166 923 2203 non
949 2159 1087 2214 erat,
1113 2161 1165 2205 et
1194 2150 1496 2220 appellatus
1520 2166 1706 2205 servus
1745 2161 1966 2220 propter
2023 2165 2119 2203 na-

539 2251 713 2297 turam
746 2242 1062 2309 humanam,
1097 2244 1341 2313 quamvis
1381 2243 1619 2297 omnium
1646 2243 1902 2297 Dominus
1951 2254 2114 2307 esset,

542 2340 797 2403 tanquam
840 2333 1004 2389 Deus.
1036 2333 1141 2388 Sed
1162 2334 1302 2388 idem
1325 2344 1379 2388 et
1402 2333 1595 2390 Oriens
1624 2343 1759 2398 erat,
1790 2333 1841 2387 id
1880 2343 1995 2398 est,
2023 2333 2114 2387 Sol

534 2424 759 2493 iustitiae
776 2428 842 2479 ³⁸.
868 2425 1103 2482 Exortus
1132 2437 1215 2481 est
1244 2427 1478 2491 enim,ct
1507 2426 1825 2480 illuminavit
1856 2442 1952 2480 nos
1971 2425 2116 2479 velut

534 2521 589 2571 in
624 2517 863 2572 tenebris
890 2518 1143 2587 degentes
1174 2518 1243 2584 ⁸⁷,
1271 2527 1326 2573 et
1359 2526 1564 2572 tantum
1610 2533 1716 2571 non
1760 2518 1922 2572 etiam
1994 2526 2115 2571 tan-

535 2622 697 2677 quam
727 2617 885 2663 nocte
923 2618 978 2664 et
1015 2620 1239 2664 veterno
1269 2610 1491 2663 obrutos
1538 2608 1825 2662 mundanis
1864 2608 2111 2675 volupta-

538 2699 702 2765 tibus,
720 2699 1023 2769 mentisque
1054 2699 1269 2754 oculum
1298 2698 1533 2753 tenebris
1563 2697 1789 2753 effusum
1828 2694 2121 2760 habentes,

534 2790 791 2845 excitavit
828 2791 894 2844 ad
937 2790 1271 2861 vigiliam,et
1294 2790 1466 2859 gratia
1498 2804 1593 2844 sua
1644 2804 1743 2845 nos
1798 2789 2108 2843 illustravit.

533 2876 674 2929 llinc
711 2884 768 2931 ct
792 2876 1004 2945 sapiens
1039 2876 1235 2932 Paulus
1270 2877 1425 2931 nobis
1458 2880 1746 2946 praecepit,
1802 2878 1905 2930 hoc
1938 2877 2109 2942 ipsum

532 2963 881 3034 significans:
920 2981 940 3016 ι
982 2962 1097 3019 Nox
1126 2965 1419 3035 przecessit,
1450 2965 1564 3017 dies
1604 2973 1780 3016 autem
1824 2962 2110 3029 appropin-

531 3056 737 3124 quavit.
779 3054 1109 3124 Ahjiciamus
1175 3070 1303 3124 ergo
1334 3067 1494 3123 opera
1538 3052 1907 3112 tenebrarum,
1945 3055 1998 3102 et
2030 3048 2111 3100 in-

2221 1972 2471 2042 ἐσόμενα,
2506 1974 2600 2026 xai
2629 1973 2871 2043 σημείων
2901 1966 2977 2027 ὧν
3006 1972 3250 2027 αἰτοῦσιν
3274 1972 3362 2025 ἀεὶ
3403 1972 3495 2025 τὸν
3532 1970 3800 2025 παναλκέ-

2221 2076 2413 2113 στατον
2448 2063 2836 2134 ἀποτελεστήν.
2873 2064 2983 2117 Καὶ
3031 2064 3115 2127 τίς
3162 2063 3224 2133 δὴ
3274 2059 3367 2116 οὖν
3415 2056 3569 2127 οὗτός
3609 2066 3794 2127 ἐστινς

2223 2168 2241 2199 ι
2267 2149 2393 2203 Ἰδοὺ
2421 2150 2531 2218 ἐγὼ
2565 2152 2682 2220 ἄγω
2711 2153 2799 2207 τὸν
2826 2152 3009 2207 δοῦλόν
3045 2170 3172 2224 μου,
3190 2153 3445 2224 ’Λνατολὴ
3491 2155 3659 2223 ὄνομα
3700 2154 3796 2206 αὑ-

2214 2242 2313 2313 τῷ.
2348 2262 2366 2294 ι
2405 2243 2536 2307 Θεὸς
2592 2244 2691 2313 μέν
2717 2241 2810 2297 οὖν
2839 2244 2981 2297 κατὰ
3010 2244 3172 2312 φύσιν
3217 2244 3310 2296 καὶ
3332 2245 3395 2296 ἐκ
3425 2242 3561 2295 Θεοῦ
3586 2243 3796 2312 Πατρός

2215 2336 2453 2404 πέφηνεν
2485 2336 2513 2385 ὁ
2546 2334 2875 2405 Μονογενὴς,
2908 2337 3001 2388 καὶ
3043 2336 3117 2399 ώς
3147 2334 3305 2387 τοῦτο
3332 2334 3615 2404 ὑπάρχων,
3646 2333 3795 2385 ἐλεύ-

2215 2424 2570 2497 θερος.Ἀλλά
2624 2425 2928 2479 κεκένωκεν
2979 2427 3190 2491 ἑαυτὸν,
3221 2425 3364 2479 κατὰ
3405 2428 3504 2489 τὰς
3554 2424 3794 2497 Γραφὰς,

2213 2518 2426 2581 καθιεὶς
2476 2519 2554 2581 εἰς
2598 2518 2736 2588 ὅπερ
2789 2518 2889 2571 οὐκ
2938 2514 3026 2588 ἦν,
3055 2518 3148 2571 καὶ
3181 2517 3556 2588 κεχρημάτικε
3591 2517 3794 2582 δοῦλος,

2212 2612 2301 2664 διὰ
2330 2610 2390 2663 τὸ
2425 2608 2784 2679 ἀνθρώπινον,
2818 2609 2995 2662 καίτοι
3027 2609 3229 2679 Κύριος
3260 2610 3477 2663 πάντων
3514 2609 3794 2679 ὑπάρχων,

2210 2699 2286 2762 ὡς
2327 2699 2478 2762 Θεός.
2497 2699 2638 2751 Ἀλλ’
2670 2695 2737 2769 ἦν
2783 2699 2877 2752 καὶ
2924 2694 3077 2761 οὗτος
3104 2697 3378 2769 Ἀνατολὴ,
3418 2698 3687 2761 τουτέστι,
3722 2698 3797 2751 δι-

2211 2791 2505 2860 καιοσύνης
2532 2791 2741 2854 ”Ηλιος.
2773 2790 2990 2859 Ἀνέσχε
3037 2790 3145 2861 γὰρ
3200 2794 3295 2845 καὶ
3332 2791 3648 2861 ἐπέλαμψεν
3680 2785 3795 2845 οἷά-

2212 2894 2320 2950 περ
2366 2882 2425 2931 ἐν
2478 2880 2658 2932 σκότει
2711 2879 3042 2932 διατελοῦσιν
3071 2882 3223 2950 ἡμῖν,
3265 2880 3424 2951 μόνον
3456 2881 3512 2933 δὲ
3545 2881 3665 2950 οὐχι
3703 2879 3796 2934 καὶ

2212 2969 2287 3031 ὡς
2314 2971 2368 3021 ἐν
2397 2970 2552 3022 νυκτὶ
2608 2970 2700 3022 καὶ
2730 2968 2882 3038 ῦπνῳ
2913 2970 3329 3039 κεκαρωμένους
3360 2970 3477 3031 ταῖς
3505 2970 3796 3039 κοσμικαῖς

2212 3060 2449 3129 ἡδοναῖς,
2483 3060 2577 3113 καὶ
2624 3059 2723 3128 τῆς
2756 3059 2995 3122 διανοίας
3036 3060 3129 3112 τὸν
3163 3060 3438 3130 ὀφθαλμὸν
3483 3077 3795 3114 κατεσκοτι-

531 3147 762 3202 duamur
789 3162 940 3207 arma
978 3148 1137 3212 lucis,
1186 3146 1327 3200 sicut
1354 3144 1406 3197 in
1437 3142 1525 3198 die
1584 3142 1812 3195 honeste
1872 3138 2110 3192 ambule-

2220 3150 2469 3219 σμένους,
2504 3151 2693 3220 ἤγειρέ
2740 3167 2799 3202 τε
2833 3150 2971 3221 πρὸς
2997 3149 3178 3220 νῆψιν,
3219 3151 3312 3204 καὶ
3363 3152 3648 3224 λαμπροὺς
3689 3152 3794 3203 ἁπ-

532 3253 653 3292 mns
670 3237 769 3290 ⁸⁸.»
796 3237 863 3291 Ει
896 3240 1086 3292 iterum
1115 3255 1129 3291 :
1169 3255 1186 3286 ι
1228 3235 1421 3305 Surge,
1452 3233 1540 3305 qui
1572 3233 1792 3297 dormis,
1818 3241 1871 3285 et
1889 3246 2116 3302 exsurge

532 3345 562 3382 a
592 3330 839 3394 mortuis,
862 3341 915 3383 et
944 3330 1271 3384 illuminabit
1292 3340 1344 3384 te
1367 3329 1619 3385 Christus
1647 3327 1719 3382 ⁸³.
1759 3348 1778 3381 ι
1803 3328 2115 3397 Promulgat

534 3420 697 3490 igitur
719 3429 846 3473 ante
894 3419 1123 3489 insignia
1174 3419 1313 3474 facta
1374 3420 1670 3474 Salvatoris
1738 3419 1931 3483 nostri,
1987 3434 2108 3487 qme

534 3526 773 3579 praesens
824 3511 1070 3567 editurus
1117 3521 1219 3567 est.
1254 3510 1502 3566 Nominat
1570 3525 1809 3576 servum,
1851 3511 2108 3580 quoniam

532 3605 590 3659 in
628 3603 771 3659 servi
812 3602 983 3660 forma
1021 3605 1206 3672 venit;
1232 3604 1528 3669 Orientem,
1562 3603 1685 3673 quia
1725 3602 1903 3657 lumen
1931 3616 2114 3657 verum

534 3707 638 3762 est,
671 3697 813 3752 idem
869 3707 925 3753 et
953 3698 1093 3762 dies,
1121 3706 1174 3754 et
1200 3698 1379 3753 clarus
1412 3695 1601 3751 lucifer
1629 3696 1679 3750 in
1720 3694 1989 3749 mentibus
2019 3708 2114 3747 ex-

537 3792 721 3847 oriens
753 3802 806 3846 et
846 3792 1012 3846 corda
1060 3792 1236 3846 lucida
1286 3789 1543 3845 eﬂiciens.
1605 3788 1829 3857 Insuper
1881 3786 2111 3854 lapidein

534 3892 725 3938 vocat:
754 3882 883 3952 quin
914 3893 965 3935 et
993 3882 1176 3935 datum
1210 3891 1336 3934 ante
1377 3880 1567 3933 faciem
1610 3877 1759 3953 ἔθευ,
1804 3884 1860 3932 ct
1907 3885 2111 3943 septem

534 3973 740 4030 habere
762 3972 949 4027 oculos
986 3979 1251 4025 autumat.
1297 3969 1593 4038 Oportebat
1641 3968 1783 4023 enim
1849 3966 2113 4035 imprimis

536 4065 895 4120 sacerdotium
926 4063 1115 4133 legale,
1139 4062 1295 4131 cujus
1326 4072 1508 4132 typum
1555 4060 1831 4131 posuimus
1877 4058 2060 4113 Jesum
2092 4096 2106 4120 ,

537 4158 691 4226 quasi
727 4166 853 4212 ante
903 4155 1096 4210 faciem
1128 4162 1183 4208 et
1219 4162 1345 4208 ante
1399 4153 1586 4208 oculos
1646 4152 1848 4206 habere
1899 4164 2111 4219 semper

538 4249 768 4319 lapidem
797 4247 1026 4302 electum
1049 4286 1064 4311 ,
1095 4245 1428 4316 angularem,
1455 4243 1772 4313 pretiosum,
1808 4243 1859 4296 in
1914 4240 2107 4294 funda-

536 4347 778 4393 mentum
817 4336 946 4392 Sion
1010 4337 1319 4399 deeretum,
1354 4335 1534 4388 multis
1584 4332 1754 4389 oculis
1808 4332 2107 4385 intuentem

536 4427 717 4480 omnia
747 4428 815 4481 “.
848 4425 1062 4495 Septem
1091 4426 1284 4494 quippe
1312 4425 1672 4495 integritatem
1696 4422 2108 4493 perfectionem-

2218 3242 2385 3311 ἐφηνε
2414 3244 2479 3313 τῇ
2512 3244 2641 3312 παρ’
2670 3240 2864 3294 ἑαυτοῦ
2890 3243 3091 3315 χάριτι.
3128 3241 3415 3313 Τοιγάρτοι
3459 3244 3552 3297 καὶ
3581 3243 3609 3294 ὁ
3636 3241 3795 3310 σοφὸς

2216 3334 2346 3403 ἡμῖν
2368 3333 2671 3386 ἐπιστέλλει
2702 3335 2931 3397 Παῦλος,
2957 3334 3088 3387 αὐτὸ
3115 3333 3177 3404 δὴ
3206 3333 3365 3387 τοῦτο
3394 3332 3759 3404 καταμηνύων
3776 3348 3791 3362 ⁸

2223 3442 2240 3473 ι
2264 3424 2326 3475 'H
2352 3423 2445 3489 νὺξ
2468 3424 2790 3495 προέκοψεν,
2822 3428 2855 3495 ἡ
2876 3425 2933 3477 δέ
2955 3424 3137 3497 ἡμέρα
3168 3427 3416 3496 ἤγγισεν.
3436 3426 3797 3495 Ἀποθώμεθα

2214 3510 2307 3568 οὖν
2339 3516 2406 3569 τὰ
2443 3518 2578 3587 ἔργα
2616 3518 2710 3571 τοῦ
2751 3519 2995 3585 σκότους,
3026 3520 3121 3572 καὶ
3163 3516 3508 3585 ἐνδυσώμεθα
3544 3517 3613 3569 τὰ
3660 3519 3799 3588 ἔργα

2214 3605 2306 3656 τοῦ
2348 3607 2545 3674 φωτὸς,
2573 3607 2648 3670 ὡς
2693 3608 2751 3660 ἐν
2794 3608 2976 3680 ἡμέρα
3011 3606 3361 3679 εὐσχημόνως
3408 3608 3799 3676 περιπατήσω-

2219 3715 2335 3769 μεν.
2374 3717 2392 3750 ι
2429 3700 2536 3751 Καὶ
2570 3700 2751 3753 πάλιν⁶
2783 3703 3058 3770 (Ἔγειρε,
3094 3704 3121 3753 ὁ
3146 3701 3442 3765 καθεύδων,
3469 3699 3564 3752 καὶ
3588 3701 3794 3753 ἀνάστα

2213 3792 2275 3843 ἐκ
2303 3789 2412 3842 τῶν
2444 3790 2673 3860 νεκρῶν,
2705 3792 2799 3844 καὶ
2829 3790 3120 3859 ἐπιφαύσει
3154 3808 3234 3843 σοι
3262 3794 3290 3843 ό
3318 3792 3571 3862 Χριστός.
3604 3810 3623 3842 ι
3652 3792 3787 3860 Προ·

2214 3883 2577 3952 ανακηρύττει
2607 3882 2896 3953 τοιγαροῦν
2927 3882 3029 3950 τῆς
3073 3880 3165 3934 τοῦ
3198 3882 3446 3951 Σωτῆρος
3478 3882 3634 3952 ἡμῶν
3677 3884 3797 3934 ἐπι-

2212 3972 2413 4042 δημίας
2459 3971 2529 4024 τὰ
2577 3971 2807 4043 λαμπρὰ
2839 3971 3257 4043 κατορθώματα.
3289 3972 3483 4024 Δοῦλον
3530 3971 3586 4024 δέ
3629 3987 3793 4040 φησιν

2212 4064 2371 4116 αὐτὸν
2393 4064 2482 4116 διά
2495 4081 2598 4126 τοι,
2620 4063 2679 4115 τὸ
2701 4066 2756 4116 ἐν
2772 4063 2957 4116 δούλου
2982 4063 3298 4116 καθικέσθαι
3326 4064 3504 4133 μορφῇ
3527 4080 3539 4092 ·
3578 4063 3794 4114 Ἀνατοο

2211 4153 2308 4223 λὴν
2336 4154 2413 4218 δὲ,
2443 4155 2524 4206 ὅτι
2556 4153 2669 4222 φῶς
2704 4155 2817 4205 ἐστι
2859 4153 2918 4205 τὸ
2962 4152 3212 4223 ἀληθινὸν
3247 4153 3429 4219 αὐτὸς,
3463 4152 3556 4205 καὶ
3585 4152 3790 4223 ἡμέρα,

2214 4247 2307 4298 καὶ
2335 4245 2585 4314 λαμπρὸς
2618 4244 2915 4315 ἑωσφόρος,
2948 4246 3028 4308 εἰς
3056 4244 3179 4298 νοῦν
3205 4246 3530 4308 ἀνατέλλων,
3568 4245 3661 4297 καὶ
3696 4260 3789 4297 κα-

2211 4337 2587 4407 ταφαιδρύνων
2619 4337 2866 4406 καρδίας.
2914 4338 3200 4406 Ὀνομόιζει
3239 4338 3295 4389 δὲ
3331 4337 3466 4405 πρὸς
3498 4335 3670 4405 τούτῳ
3699 4336 3793 4387 καὶ

2212 4427 2371 4481 Λίθον
2415 4427 2596 4487 αὐτὸν,
2635 4427 2726 4478 καὶ
2754 4425 2861 4496 μὴν
2896 4426 2988 4478 καὶ
3029 4425 3271 4479 δεδόσθαι
3323 4428 3455 4496 φησι
3489 4426 3592 4496 πρὸ
3622 4441 3795 4492 προσ-

535 4532 641 4586 que
669 4516 944 4571 declarare
966 4515 1157 4570 solent.
1195 4514 1407 4567 Stcrilis
1443 4515 1604 4582 igitur
1659 4514 1859 4568 dicitur
1920 4526 2111 4582 parere

2216 4520 2363 4573 ώπου
2390 4518 2587 4590 Ἰησοῦ,
2620 4519 2758 4571 ἐπτά
2783 4536 2839 4571 τε
2871 4518 3016 4589 ἔχειν
3042 4519 3166 4581 τοὺς
3196 4519 3505 4588 ὀφθαλμοὺς
3531 4516 3793 4586 διισχυρί-

536 4618 742 4676 septem
773 4608 840 4663 “.
876 4606 1019 4664 Mille
1054 4616 1231 4660 autem
1264 4605 1435 4660 oculis
1474 4605 1654 4659 omnia
1690 4605 1908 4667 intueri,
1940 4615 1993 4657 et
2024 4605 2109 4655 in-

534 4699 751 4768 spicere
804 4712 893 4753 res
926 4706 1141 4753 nostras
1198 4697 1434 4752 divinam
1491 4705 1545 4749 et
1606 4693 1927 4749 ineffabilem
1983 4694 2106 4747 Filii

534 4799 784 4843 naturam
822 4804 926 4842 non
952 4797 1124 4857 potest
1147 4787 1416 4856 quispiam
1457 4786 1704 4840 dubitare
1738 4803 1753 4839 :
1782 4804 1801 4837 ι
1843 4783 2006 4839 Vivus
2028 4794 2110 4839 est

535 4881 677 4936 enim
706 4895 888 4935 sermo
912 4878 1027 4945 Dei,
1050 4876 1327 4943 etellicax,
1357 4886 1408 4932 et
1430 4876 1811 4948 penetraliilior
1828 4878 1975 4930 omni
1998 4878 2109 4947 gla-

534 4971 622 5027 dio
648 4970 887 5040 ancipiti,
907 4978 960 5023 et
981 4969 1291 5038 pertingens
1307 4981 1474 5036 usque
1490 4966 1555 5021 ad
1579 4967 1896 5020 divisionem
1916 4968 2111 5021 anima:

533 5062 1179 5130 etspiritus,compagum
1197 5072 1408 5127 quoque
1438 5066 1491 5113 et
1517 5057 1896 5121 medullarum,
1920 5070 1972 5113 et
1998 5059 2113 5113 dis-

533 5163 711 5209 cretor
736 5154 1120 5225 cogitationum
1146 5160 1199 5205 et
1226 5150 1580 5205 intentionum
1612 5150 1810 5215 cordis,
1834 5160 2009 5205 etnon
2033 5160 2115 5207 est

536 5244 639 5297 ulla
656 5244 1197 5300 creaturainvisibilis
1215 5242 1266 5297 in
1284 5252 1569 5312 conspectu
1584 5242 1914 5311 ejus.0mnia
1936 5252 2113 5297 autem

536 5335 673 5387 nuda
694 5345 745 5387 et
764 5346 946 5403 aperta
974 5336 1281 5392 suntoculis
1304 5337 1439 5406 ejus,
1456 5356 1473 5387 ι
1494 5335 1632 5389 sicut
1658 5335 1920 5404 scriptum
1946 5345 2028 5389 est
2046 5334 2112 5385 δ’.

536 5424 669 5478 Υίοῦ
696 5426 875 5496 φύσις,
897 5429 996 5480 οὐκ
1026 5429 1091 5483 ἂν
1115 5430 1405 5485 ἐνδοιάσειὲ
1440 5448 1522 5495 τις
1547 5447 1558 5459 ·
1593 5449 1611 5482 ι
1639 5430 1755 5484 Ζῶν
1806 5431 1914 5500 γὰρ
1939 5432 1967 5482 ό
2002 5429 2157 5495 λόγος
2190 5427 2282 5481 τοῦ
2317 5427 2472 5492 Θεοῦ,

539 5520 815 5592 μάχαιραν
862 5524 1133 5594 δίστομον,
1165 5528 1256 5578 καὶ
1283 5527 1650 5599 διικνούμενος
1682 5528 1807 5596 ἄχρι
1875 5522 2141 5595 μερισμοῦ
2180 5524 2355 5593 ψυχῆς
2411 5522 2504 5586 καὶ
2556 5521 2881 5592 πνεύματος,
2908 5520 3113 5591 ,ἁρμῶν
3157 5536 3215 5569 τε
3258 5520 3352 5570 καὶ

1235 5728 1277 5757 ⁸³
1313 5727 1497 5779 Matth.
1538 5743 1633 5785 xu,
1667 5726 1752 5779 58.

971 5795 1014 5826 ⁸⁸
1048 5796 1243 5864 Ephcs.
1272 5812 1321 5861 ν,
1359 5798 1436 5848 ll.

605 5720 650 5751 ⁸³
682 5720 836 5775 Juan.
872 5739 931 5790 tt,
969 5725 1153 5781 14—19.

538 5804 654 5857 nn,
693 5790 776 5856 12,
808 5793 892 5847 15.

1834 5726 1876 5754 ⁶³
1906 5724 2135 5793 Philipp.
2174 5743 2231 5786 ll,
2275 5725 2326 5789 7,
2361 5725 2412 5778 8.

1520 5799 1562 5826 ³ο
1598 5796 1696 5848 lsa.
1736 5810 1925 5859 xxvm,
1969 5796 2068 5860 lti;
2104 5796 2118 5847 1
2151 5795 2288 5849 l‘etr.
2334 5812 2393 5859 ιι,
2424 5798 2472 5849 li.

2217 4610 2540 4675 ζεται.¹Έδει
2571 4610 2679 4681 γὰρ
2716 4611 2947 4680 μάλιστα
2988 4610 3085 4680 τὴν
3118 4610 3254 4663 κατὰ
3281 4610 3441 4678 νόμον
3471 4609 3788 4679 ἱερωσύνην,

2214 4695 2282 4773 ἦς
2310 4704 2389 4763 εἰς
2418 4700 2587 4753 τύπον
2617 4701 2897 4771 ἐθήκαμεν
2930 4698 3021 4751 τὸν
3049 4697 3273 4767 Ἰησοῦν,
3304 4699 3463 4750 οἱονεὶ
3490 4698 3595 4767 πρὸ
3623 4712 3790 4767 προσ-

2215 4790 2363 4844 ώπου
2415 4792 2505 4843 καὶ
2551 4791 2655 4861 πρὸ
2702 4789 2989 4859 ὀφθαλμῶν
3021 4787 3164 4858 ἔχειν
3190 4787 3275 4840 διὰ
3302 4788 3500 4851 παντὸς
3532 4788 3622 4840 τὸν
3646 4786 3789 4839 λίθον

2214 4884 2304 4937 τὸν
2333 4882 2604 4947 ἐκλεκτὸν,
2639 4884 2731 4935 τὸν
2766 4883 3178 4953 ἀκρογωνιαῒον,
3206 4881 3295 4933 τὸν
3329 4880 3564 4949 ἔντιμον,
3598 4879 3687 4931 τὸν
3713 4879 3789 4939 εἰς

2220 4975 2289 5030 τὰ
2320 4975 2545 5044 θεμέλια
2585 4974 2740 5039 Σιὼν,
2777 4976 2865 5028 τὸν
2910 4973 3121 5036 πολλοῖς
3172 4972 3466 5040 ὀφθαλμοῖς
3513 4969 3793 5041 ἐφορῶντα

2220 5063 2290 5116 τά
2310 5062 2505 5115 πάντα.
2529 5062 2601 5114 Τὸ
2628 5063 2734 5133 γὰρ
2762 5062 2922 5128 ἑπτὰ,
2954 5060 3049 5113 τοῦ
3079 5061 3299 5123 τελείως
3328 5060 3536 5129 ἔχοντος
3568 5060 3652 5111 ἀεί
3680 5058 3792 5120 πώς

2222 5154 2337 5205 ἐστι
2389 5153 2740 5223 σημαντικόν.
2772 5154 2967 5221 Στεῖρα
3000 5151 3129 5219 γοῦν
3172 5150 3391 5218 λέγεται
3420 5152 3598 5202 τεκεῖν
3633 5148 3789 5201 ἐπτά.

2223 5243 2345 5295 Ὅτι
2376 5243 2433 5295 δὲ
2485 5244 2700 5313 μυρίοις
2747 5242 2988 5312 ὄμμασιν
3026 5242 3199 5311 ἐφορᾷ
3242 5241 3420 5293 πάντα
3458 5240 3550 5292 καὶ
3574 5239 3794 5292 ἐπισκέ-

2223 5350 2415 5385 πτεται
2461 5332 2529 5385 τὰ
2563 5331 2681 5385 καθ’
2709 5333 2856 5401 ἡμᾶς
2904 5332 2936 5400 ἡ
2981 5331 3099 5384 θεία
3131 5348 3191 5381 τε
3227 5330 3319 5382 καὶ
3366 5330 3672 5400 ἀπόρρητος
3700 5326 3791 5380 τοῦ

2557 5428 2645 5483 καὶ
2692 5426 2938 5497 ἐνεργὴς,
2971 5426 3063 5479 καὶ
3091 5424 3397 5493 τομώτερος
3430 5425 3570 5492 ὑπὲρ
3617 5426 3792 5476 πᾶσαν

3432 5515 3642 5586 μυελῶν
3652 5556 3666 5581 ,
3700 5514 3793 5568 καὶ

2492 5727 2535 5757 ⁸⁸
2573 5724 2799 5777 Malarh.
2840 5738 2910 5783 tv,
2952 5722 3005 5773 ‘2.
3083 5721 3127 5751 ⁸⁷
3161 5720 3287 5773 an.
3321 5731 3359 5777 ι,
3392 5714 3477 5767 79.
3557 5713 3600 5743 ⁸⁸
3636 5714 3795 5767 non].

2568 5799 2607 5828 9‘
2644 5797 2657 5848 Ι
2697 5796 2826 5862 lieg.
2872 5808 2928 5855 tt,
2969 5791 3017 5843 Ξί.
3098 5793 3138 5823 ⁸³
3176 5789 3335 5842 11ι·1›ι·.
3370 5800 3443 5850 tv,
3478 5784 3558 5842 l2,
3600 5784 3682 5836 15.
