4080 6284
291 423 362 479 55
1097 421 1645 479 COMMENTARIUS
1688 421 1749 475 IN
1794 420 2193 481 ZACHARIAM
2235 420 2675 477 PROPHETAM.
3473 421 3538 477 δι

290 536 537 605 κριτικὸς
582 538 947 609 ἐνθυμήσεων,
982 541 1072 592 καὶ
1104 540 1321 593 ἐννοιῶν
1358 540 1604 610 καρδίας,
1641 540 1732 593 καὶ
1774 539 1874 592 οὐκ
1913 539 2027 593 ἔστι
2093 540 2267 605 κτίσις
2299 539 2508 609 ἀφανὴς
2548 537 2776 591 ἐνώπιον
2823 537 3011 591 αὑτοῦ.
3048 537 3233 591 Ηάντα
3266 537 3323 591 δε
3357 536 3532 607 γυμνὰ

290 627 386 679 καὶ
416 630 877 702 τετραχηλισμένα
901 634 1011 693 τοῖς
1033 630 1332 700 ὀφθαλμοῖς
1364 630 1547 696 αὑτοῦ,
1570 650 1589 682 ι
1630 632 1770 684 κατά
1797 631 1858 684 τὸ
1894 632 2299 703 γεγραμμένον.

375 723 526 777 Ἰδοὺ
553 724 667 793 ἐγὼ
694 725 885 791 ὀρύξω
922 726 1174 793 βόθρον,
1195 726 1354 794 λέγει
1387 728 1603 794 Κύριος
1646 740 1864 780 παντο-
1891 730 1936 785 Α

1924 756 1936 784 ι
2035 728 2168 782 Ecce
2182 745 2273 797 ego
2296 729 2493 797 fodiam
2520 726 2743 794 foveam,
2763 725 2889 778 dicit
2916 724 3172 778 Dominus
3190 724 3535 791 omnipotens,

290 813 536 883 κράτωρ,
572 814 672 868 καί
713 816 1061 885 ψηλαφήσω
1089 816 1296 872 πᾶσαν
1337 816 1451 885 τὴν
1482 816 1722 871 ἀδικίαν
1753 816 1865 885 τῆς

1966 829 2012 874 et
2045 819 2374 874 contrectabo
2405 835 2604 874 omnem
2633 820 2962 889 iniquitatem
2991 828 3144 870 terra:
3196 814 3338 869 illim
3367 816 3423 867 in
3453 814 3537 865 die

292 905 401 974 γῆς
426 907 662 973 ἐκείνης
693 908 761 961 ἐν
798 909 985 976 ἡμέρα
1009 904 1137 977 μιᾷ·
1967 930 2094 968 ιιηα.

360 995 486 1050 KA'.
534 998 770 1062 Ἐδειξεν
803 999 972 1061 ὄντως
1020 999 1114 1052 καὶ
1170 998 1285 1067 φῶς
1333 999 1427 1052 καὶ
1478 998 1741 1068 ἀνατολὴν
1775 998 1865 1051 τὸν

2036 1002 2176 1057 XXI.
2219 1002 2465 1057 Ostendit
2515 1001 2796 1057 Dominum
2848 1010 3091 1054 nostrum
3143 995 3329 1051 Iesum
3374 995 3534 1063 (Σιιιιίτ

288 1088 490 1157 Κύριον
516 1089 671 1159 ἡμῶν
700 1090 909 1160 Ἰησοῦν
936 1091 1187 1163 Χριστὸν,
1220 1093 1314 1145 καὶ
1340 1092 1421 1144 ὅτι
1448 1094 1561 1153 τοῖς
1599 1093 1656 1144 ἐν
1686 1092 1865 1144 σκότει

1966 1102 2107 1149 stum
2134 1109 2259 1149 vere
2295 1103 2349 1148 et
2393 1094 2572 1147 lumen
2626 1100 2681 1147 et
2734 1092 3002 1145 orientem
3036 1103 3176 1149 esse,
3227 1095 3282 1139 et
3326 1100 3449 1140 eum
3483 1087 3536 1139 in

287 1180 382 1231 καὶ
434 1179 563 1250 σκιᾷ
616 1180 869 1243 Θανάτου,
920 1182 1186 1243 τουτέστι,
1239 1183 1353 1243 τοῖς
1404 1181 1863 1250 πεπλανημένοις,

1969 1184 2206 1239 tenebris
2244 1192 2408 1252 atque
2466 1183 2653 1237 umbra
2684 1180 3048 1245 versantibus,
3078 1178 3247 1251 679
3287 1179 3387 1232 hoc
3432 1186 3536 1240 est,

285 1269 551 1338 ἀνατολῆς
582 1269 861 1339 ἀνέλαμψε
892 1270 1068 1340 δίκην.
1095 1271 1233 1322 Ἀλλ’
1259 1266 1327 1340 ἦν
1350 1273 1666 1338 ἀναγκαῖον,
1691 1270 1783 1323 καί
1807 1270 1867 1323 τὸ

1966 1278 2208 1332 seductis
2240 1286 2296 1331 et
2341 1276 2666 1335 errantibus,
2701 1275 2869 1327 inStar
2898 1274 3126 1328 orientis
3176 1271 3451 1326 refulsisse
3467 1270 3532 1321 ”.

286 1359 387 1427 τῆς
428 1360 739 1429 οἰκονομίας
773 1360 1220 1431 προαναφανῆναι
1256 1359 1449 1431 πέρας,
1476 1359 1745 1422 τουτέστι,
1775 1360 1867 1412 τὸν

1968 1366 2071 1420 Sed
2103 1366 2385 1434 oportebat
2429 1365 2591 1419 etiam
2632 1364 2948 1418 (nconomiae
2979 1377 3199 1431 scopmn
3242 1375 3307 1415 ac
3338 1369 3536 1413 metam

288 1448 429 1519 ὑπὲρ
450 1449 609 1519 ἡμῶν
628 1450 880 1505 ἁπάντων
906 1451 1153 1513 θάνατον,
1172 1451 1230 1505 ὃν
1254 1451 1394 1506 ἑκὼν
1413 1450 1627 1521 ἀνέτλη,
1648 1449 1866 1520 σταυ

1965 1457 2112 1527 prius
2138 1456 2439 1522 declarare,
2472 1457 2574 1511 hoc
2637 1463 2722 1509 est
2755 1461 3004 1521 mortem,
3038 1469 3197 1522 quam
3240 1469 3335 1523 pro
3384 1451 3537 1505 nobis

289 1540 566 1610 παραδοὺς
588 1541 648 1594 τὸ
679 1542 809 1596 ἴδιον
845 1542 1022 1613 σῶμα.
1052 1543 1136 1611 ἐφ’
1164 1535 1209 1610 ᾧ
1239 1543 1331 1596 καὶ
1366 1542 1424 1595 τὸ
1460 1542 1570 1595 τῶν
1600 1540 1864 1595 Ἰουδαίων

1965 1546 2217 1602 omnibus
2262 1546 2433 1601 libens
2476 1545 2752 1610 sustinuit,
2785 1557 3015 1613 corpore
3064 1558 3161 1598 suo
3204 1544 3271 1596 ad
3320 1556 3534 1596 crucem

290 1632 729 1702 προσκέκρουκεν
763 1632 933 1696 ἔθνος,
956 1636 1048 1688 καὶ
1076 1636 1175 1703 τῆς
1196 1634 1332 1705 πρὸς
1356 1634 1516 1688 αὐτὸν
1536 1634 1866 1705 οἰκειότητος

1968 1637 2186 1699 tradito,
2225 1638 2276 1690 in
2313 1651 2418 1704 quo
2448 1645 2504 1690 et
2532 1634 2757 1690 Judaica
2790 1650 2921 1705 gens
2952 1634 3211 1704 peccavit,
3240 1642 3292 1686 et
3330 1633 3394 1686 ab
3423 1632 3539 1697 ejus

202 1711 217 1731 ¹
289 1723 914 1795 ἀποϐέϐληται.Ἐπειδὴ
966 1726 1075 1796 γὰρ
1123 1727 1184 1779 οὐ
1237 1727 1485 1789 συνέντες
1531 1729 1579 1779 οἱ
1623 1727 1813 1780 δείλαιε

1967 1728 2201 1780 amicitia
2235 1727 2455 1796 depulsa
2491 1735 2592 1781 est.
2628 1727 2893 1793 Quoniam
2938 1727 3081 1779 enim
3119 1740 3222 1778 non
3257 1724 3537 1779 intellexe-

286 1814 513 1877 εἰκότως
558 1815 865 1869 ἀπώλισθον
917 1819 1015 1885 τῆς
1069 1816 1305 1879 ἐλπίδος,
1334 1818 1427 1870 καὶ
1474 1819 1635 1870 κακοὶ
1682 1817 1869 1881 κακῶς

1971 1830 2092 1873 runt
2143 1820 2351 1883 miseri,
2402 1834 2496 1888 spe
2531 1835 2626 1873 sua
2682 1820 2876 1874 merito
2916 1828 3045 1873 sunt
3081 1818 3278 1883 orbati,
3314 1826 3368 1871 et
3415 1817 3538 1871 mali

283 1905 620 1969 ἀπολώλασι,
671 1906 870 1970 δειναῖς
903 1910 997 1960 καὶ
1024 1908 1287 1976 ἀφύκτοις
1332 1908 1611 1972 ὲναλόντες
1663 1925 1871 1979 συμφο-

1970 1910 2106 1963 male
2136 1910 2428 1977 perierunt,
2490 1909 2761 1965 atrocibus
2809 1918 2863 1962 et
2919 1909 3353 1963 ineluetabilibus
3391 1908 3538 1962 cala-

289 1997 436 2064 ραῑς’
488 1994 664 2068 βόθρῳ
715 1997 781 2068 δὴ
820 1994 914 2051 οὖν
960 1998 1283 2068 παρεικάζει
1332 1999 1425 2052 τὸν
1467 1997 1563 2051 τοῦ
1620 2000 1869 2071 Σωτῆρος

1970 2002 2242 2054 mitatibus
2269 2000 2712 2055 circumventi".
2764 1999 2896 2055 Cum
2950 1999 3104 2055 fovea
3155 2000 3319 2067 igitur
3356 1999 3540 2054 Salva-

289 2088 543 2153 σταυρόν.
572 2089 901 2143 Πεπτώκασι
950 2089 1058 2158 γὰρ
1107 2090 1294 2160 ὥσπερ
1351 2093 1430 2154 εἰς
1488 2091 1677 2162 βόθρον
1720 2069 1900 2145 οἰ-τὸῖ

1898 2069 1939 2123 Β
1969 2092 2098 2145 turis
2134 2106 2348 2145 crucem
2378 2100 2677 2161 comparat.
2709 2089 2840 2144 Nam
2874 2090 3027 2159 quasi
3067 2089 3122 2145 in
3154 2090 3360 2144 foveam
3397 2089 3509 2143 deci

293 2180 626 2256 δεσποτικὸν
656 2181 951 2249 ἐκχέαντες
980 2178 1141 2252 αἷμα,
1176 2184 1267 2235 καὶ
1294 2184 1509 2253 σταυρῷ
1537 2184 1865 2254 παραδοῦναι

1966 2180 2179 2246 derunt,
2240 2182 2330 2251 qui
2380 2182 2721 2236 Dominicum
2786 2181 3025 2235 ell'udere
3082 2180 3417 2250 sanguinem,
3484 2188 3539 2234 et

289 2268 660 2338 τολμήσαντες
683 2271 775 2324 τὸν
803 2272 1043 2341 ἀρχηγὸν
1082 2273 1180 2340 τῆς
1201 2273 1364 2342 ζωῆς.
1388 2273 1448 2325 Εἰ
1467 2273 1523 2326 δὲ
1542 2274 1634 2327 καὶ
1662 2275 1822 2339 αὐτὸς
1837 2277 1864 2330 6

1965 2281 2239 2326 auctorem
2290 2272 2411 2326 vitae
2439 2274 2588 2327 cruci
2635 2270 3011 2327 aﬂiserunt".
3042 2268 3195 2335 Quod
3248 2270 3292 2323 si
3324 2279 3377 2322 et
3424 2268 3538 2337 ipse

286 2358 478 2429 Πατὴρ
494 2358 583 2412 τὸν
607 2359 797 2428 βόθρον
816 2362 1143 2433 ὀρωρυχέναι
1170 2363 1398 2430 λέγοιτο,
1428 2365 1862 2430 σκανδαλιζέσθω

1965 2362 2126 2418 Pater
2162 2364 2361 2417 fodisse
2387 2365 2596 2418 foveam
2628 2364 2845 2429 dicitur,
2882 2378 3042 2418 nemo
3070 2360 3372 2416 offendatur
3402 2376 3415 2412 :
3443 2360 3539 2414 sed

286 2447 509 2516 μηδείςο
550 2449 799 2502 ἐννοείτω
835 2452 891 2503 δὲ
928 2453 1146 2521 μᾶλλον,
1182 2452 1258 2516 ὡς
1299 2455 1719 2524 ὲκμεμέστωταί
1744 2473 1863 2520 πως

1964 2456 2091 2511 illud
2126 2456 2329 2525 cogitet
2373 2457 2574 2524 potius,
2613 2471 2775 2528 quam
2805 2455 2995 2525 plenus
3028 2455 3099 2509 sit
3140 2467 3319 2509 sermo
3346 2452 3538 2507 divina:

285 2533 433 2607 [τῆς]
454 2538 760 2607 οἰκονομίας
775 2539 803 2591 6
817 2538 1222 2611 λόγος.“Ὀμοιον
1239 2541 1347 2612 γὰρ
1364 2542 1520 2596 τοῦτό
1540 2546 1657 2597 ἐστι
1676 2545 1753 2615 τῷ
1774 2545 1863 2598 διά

1964 2546 2312 2616 providentiae
2369 2561 2434 2600 ac
2504 2546 2948 2615 dispensationis.
3006 2542 3194 2599 Simile
3243 2543 3389 2596 enim
3436 2541 3537 2595 hoc

281 2626 516 2696 Χριστοῦ
541 2629 718 2696 σοφῶς
739 2646 799 2682 τε
824 2632 916 2683 καὶ
940 2632 1184 2701 ἀτρεκῶς
1209 2633 1504 2705 εἰρημένῳ’
1531 2655 1548 2687 ι
1570 2637 1661 2699 Εἰς
1686 2640 1863 2708 κρῖμα

1962 2648 2043 2693 est
2082 2637 2158 2692 illi
2213 2639 2355 2707 quod
2392 2652 2487 2707 per
2520 2639 2795 2693 Christum
2836 2638 3109 2707 sapienter
3162 2650 3227 2689 ac
3277 2648 3403 2686 vero
3458 2631 3537 2685 di-

282 2717 399 2788 ὲγὼ
419 2721 499 2783 εἰς
530 2721 619 2774 τὸν
638 2723 841 2792 κόσμον
864 2724 1053 2777 τοῦτον
1078 2721 1263 2796 ἦλθον,
1294 2727 1380 2780 ἵνα
1399 2730 1446 2781 οἰ
1469 2728 1544 2799 μὴ
1572 2728 1861 2798 βλέποντες

1962 2739 2106 2785 ctum
2140 2739 2224 2785 est
2255 2753 2265 2786 :
2296 2748 2315 2781 ι
2349 2729 2403 2783 ln
2424 2731 2681 2800 judicium
2716 2745 2817 2800 ego
2848 2731 2900 2785 in
2938 2730 3081 2784 hunc
3109 2727 3367 2781 mundum
3392 2722 3535 2786 veni,

281 2811 541 2882 βλέπωσι,
568 2816 661 2867 καὶ
687 2816 735 2867 οἰ
761 2815 1047 2885 βλέποντες
1068 2818 1259 2887 τυφλοὶ
1285 2819 1569 2887 γένωνται.
1597 2841 1615 2873 ι
1646 2824 1861 2891 Καίτοι,

1963 2824 2124 2893 ιιιηυί
2150 2839 2255 2879 non
2281 2824 2486 2888 vident,
2515 2822 2750 2889 videant,
2777 2831 2833 2876 et
2855 2822 3094 2877 videntes
3120 2819 3246 2873 caeci
3278 2816 3484 2871 fiant“.
3510 2834 3528 2867 ι

282 2902 399 2965 πῶς
440 2905 540 2957 οὐκ
585 2896 781 2975 ἀληθὲς
811 2908 1004 2969 εἰπεῖν,
1033 2908 1110 2970 ὡς
1139 2910 1199 2962 οὐ
1238 2911 1445 2981 ταύτης
1478 2913 1638 2966 ἕνεκα
1684 2931 1861 2983 παρα-

1964 2915 2283 2984 Qnanquam
2346 2928 2470 2970 vere
2516 2915 2617 2969 dici
2679 2923 2878 2983 potest,
2934 2913 3112 2982 ipsum
3163 2925 3271 2965 non
3318 2917 3537 2977 pr0pter

280 2995 473 3063 γέγονε
503 2997 600 3067 τῆς
627 2998 825 3061 αἰτίας,
850 2999 935 3051 ἵνα
964 3000 1154 3068 τυφλοὶ
1181 3001 1442 3069 γένωνται
1470 3021 1615 3066 τινες
1636 3044 1651 3066 ,
1688 3005 1858 3078 ἀλλ’ἢ

1964 3007 2104 3061 hanc
2126 3019 2343 3073 causam
2372 3005 2652 3061 advenisse
2702 3014 2760 3060 ut
2791 3004 3010 3075 quidam
3033 3004 3162 3059 caeci
3197 3003 3405 3065 tierent,
3441 2999 3534 3052 sed

280 3085 391 3137 τῶν
427 3087 501 3156 μὴ
528 3085 788 3140 νοούντων
808 3088 1080 3161 φαυλότης
1117 3094 1393 3161 μονονουχὶ
1426 3095 1519 3146 καὶ
1538 3094 1858 3167 διαϐέϐληκε

1962 3113 2071 3151 non
2100 3097 2512 3166 intelligentiam
2542 3097 2785 3167 nequitia
2817 3104 3020 3151 tantum
3054 3109 3160 3148 non
3202 3093 3364 3145 etiam
3393 3104 3537 3145 (nco-

282 3177 380 3243 τῆς
427 3176 657 3249 ἀρίστης
697 3181 1004 3250 οἰκονομίας
1031 3182 1121 3234 τὸν
1163 3183 1397 3252 τρόπον;
1431 3186 1504 3237 Οὐ
1534 3186 1642 3256 γάρ
1670 3188 1860 3256 ἤθελον

1963 3189 2158 3240 nomine
2217 3186 2433 3240 modum
2489 3185 2774 3238 criminata
2832 3192 2935 3237 est.
2992 3182 3109 3237 Non
3160 3180 3304 3235 enim
3352 3178 3537 3232 videre

285 3266 523 3336 βλέπειν,
557 3268 731 3322 καίτοι
765 3272 924 3341 μετὸν
952 3274 1134 3337 αὐτοῖς
1171 3275 1265 3327 τοῦ
1296 3275 1441 3328 θείου
1473 3278 1669 3344 φωτός.
1704 3278 1861 3332 Οὕτω

1963 3274 2268 3339 voluerunt,
2329 3274 2540 3326 tametsi
2586 3273 2781 3326 divinat
2827 3271 2964 3327 lucis
3013 3270 3165 3341 copia
3214 3270 3319 3324 illis
3360 3271 3532 3325 fieret.

281 3358 513 3412 κάνθάδε
554 3361 791 3431 νοήσεις.
830 3362 1093 3431 [Ῐέπομφε
1129 3365 1227 3433 μὲν
1266 3364 1375 3435 γὰρ
1406 3366 1497 3419 τὸν
1533 3368 1658 3420 Υἱὸν
1686 3371 1715 3422 6
1744 3370 1860 3421 Πα-

1925 3418 1931 3435 ,
1965 3361 2105 3417 Idem
2132 3371 2185 3415 et
2210 3362 2298 3415 hic
2328 3361 2591 3432 intellige.
2627 3362 2768 3416 Misit
2801 3360 2944 3415 enim
2968 3360 3161 3414 Filium
3194 3360 3379 3424 Pater,
3416 3377 3433 3408 ι
3465 3358 3536 3413 Ut

281 3448 403 3519 τὴρ,
450 3466 469 3500 ι
502 3449 569 3502 ἵν’
594 3416 853 3521 όικόσμος
888 3416 1140 3523 σωθῇιδιδ
1165 3416 1366 3507 abem"):
1403 3416 1429 3509 D7
1642 3416 1858 3532 των-μὴ
1890 3439 1892 3456 1

1921 3418 1932 3471 ³
1966 3453 2197 3508 mundus
2233 3452 2535 3507 salvaretur
2577 3466 2673 3520 per
2724 3452 2896 3521 ipsum
2920 3451 2986 3506 "’.
3018 3471 3036 3505 ι
3074 3451 3306 3520 Propter
3348 3464 3532 3504 vecor—

281 3539 570 3592 συνιέντων
625 3541 903 3608 ἀπόνοιαν,
937 3544 1127 3612 γέγονε
1172 3546 1364 3617 βόθρος
1408 3548 1502 3601 καὶ
1552 3550 1702 3620 πάγη
1746 3554 1860 3615 τοῖς

1962 3540 2107 3595 diam
2134 3550 2314 3595 autem
2354 3554 2458 3595 non
2489 3540 2899 3611 intelligentiam
2960 3541 3051 3610 qui
3083 3541 3283 3597 missus
3308 3549 3415 3606 est,
3450 3538 3530 3593 fo-

283 3631 658 3702 σταυρώσασιν
709 3636 738 3688 6
794 3635 1221 3706 ἀπεσταλμένος.
1250 3640 1578 3708 Νενόμισται
1615 3642 1672 3694 δὲ
1716 3643 1859 3711 τάχα

1960 3647 2058 3687 vea
2106 3641 2160 3686 et
2205 3632 2429 3700 laqueus
2464 3632 2878 3686 cruciﬁxoribus
2924 3634 3038 3687 suis
3082 3632 3258 3686 factus
3302 3638 3405 3688 est.
3454 3630 3532 3683 Ac

282 3737 390 3774 που
418 3723 509 3776 καὶ
532 3722 717 3792 ὀρύξαι
747 3723 837 3778 τὸν
873 3725 1063 3797 βόθρον
1094 3731 1121 3782 6
1149 3729 1472 3798 πεπομφώς.
1511 3749 1530 3782 ι
1568 3731 1773 3801 Ὀρύξω
1795 3732 1858 3804 δὴ

1960 3725 2193 3777 fortasse
2220 3724 2382 3776 etiam
2422 3722 2632 3777 foveam
2666 3721 2863 3776 fodisse
2890 3722 3277 3776 existimandus
3306 3730 3389 3777 est
3421 3723 3532 3790 ipse

279 3808 375 3865 οὖν
424 3813 514 3866 τὸν
564 3814 771 3884 βόθρον,
822 3819 976 3888 φησὶ,
1023 3821 1116 3872 καὶ
1160 3821 1466 3891 ψηλαφήσω
1526 3824 1708 3875 πᾶσαν
1760 3824 1858 3895 τὴν

1960 3816 2051 3885 qui
2085 3814 2253 3869 misit.
2298 3814 2384 3867 Ait
2423 3814 2586 3883 igitur
2619 3831 2632 3868 :
2667 3832 2685 3864 ι
2717 3812 2939 3867 Fodiam
2973 3814 3203 3880 foveam,
3239 3822 3291 3868 et
3320 3823 3534 3867 contre-

280 3902 493 3957 ἀδικίαν
521 3904 616 3974 τῆς
644 3906 745 3975 γῆς
773 3908 986 3977 ἐκείνης
1024 3912 1081 3962 ὲν
1108 3911 1293 3982 ἡμέρᾳ
1328 3913 1444 3982 μιᾷ.
1471 3932 1490 3964 ι
1524 3913 1597 3966 Τὸ
1625 3913 1702 3981 δὲ,
1733 3916 1856 3987 Ψη-

1959 3906 2118 3961 ctabo
2156 3919 2370 3959 omnem
2407 3904 2746 3973 iniquitatem
2782 3912 2939 3958 terra:
2970 3904 3112 3959 illius
3142 3904 3193 3959 in
3233 3904 3321 3959 die
3347 3919 3472 3959 una.
3506 3924 3536 3957 ι,

280 3992 529 4065 λαφήσω,
559 3995 723 4065 φησὶν
748 3997 867 4049 ἀντὶ
900 3998 1017 4064 τοῦ,
1042 4001 1272 4072 Ζητήσω
1296 4001 1390 4056 καὶ
1422 4006 1856 4076 περιεργάσομαι

1959 3996 2344 4058 Contrectabo,
2371 3995 2565 4064 inquit,
2587 4010 2706 4065 pro,
2729 4011 2988 4066 qmeram,
3018 4004 3070 4051 et
3094 3996 3422 4053 adamussim
3451 3997 3533 4049 iu-

279 4084 513 4148 λεπτῶς.
532 4086 884 4142 Ἀπεκτόνασι
916 4091 1016 4160 μὲν
1043 4091 1151 4162 γὰρ
1175 4093 1300 4156 τοὺς
1354 4094 1543 4161 ἁγίους
1575 4098 1857 4167 προφήτας

1957 4088 2186 4158 dagabo.
2245 4086 2544 4158 Prophetas
2590 4088 2736 4141 enim
2801 4097 3019 4143 sanctos
3074 4098 3124 4141 et
3175 4088 3379 4142 missos.
3418 4089 3530 4141 suis

280 4178 374 4229 καὶ
417 4178 543 4240 τοὺς
588 4182 733 4233 κατὰ
764 4182 988 4252 καιροὺς
1021 4182 1465 4253 ἀπεσταλμένους
1490 4188 1725 4251 οἰκέτας.
1748 4189 1855 4253 Οὓς

1955 4196 2198 4251 quosque
2230 4181 2562 4249 temporibus
2597 4195 2784 4235 servos
2812 4181 3157 4236 occiderunt.
3187 4180 3336 4233 Alios
3384 4179 3526 4233 enim

280 4265 381 4335 μὲν
421 4265 530 4334 γὰρ
575 4266 821 4337 ὕϐρισαν,
857 4269 949 4333 οὓς
982 4271 1039 4324 δὲ
1083 4272 1485 4344 ἐλιθοϐόλησαν,
1520 4275 1612 4339 οὒς
1650 4278 1705 4331 δὲ
1750 4280 1854 4333 ἀπα

1953 4272 2283 4328 contumelia
2329 4269 2646 4336 aﬂ'eceruut,
2691 4270 2826 4325 alios
2853 4270 3178 4339 lapidarunt,
3213 4268 3348 4324 alios
3373 4266 3528 4336 jugu-

278 4357 545 4441 έκτειναν.
564 4358 702 4409 Ἀλλ’
734 4355 802 4429 ἦν
847 4361 1163 4427 ἀνεξίκακος
1208 4362 1287 4417 ἔτι
1333 4365 1484 4429 Θεὸς·
1510 4369 1717 4422 οἰκέται
1745 4370 1853 4441 γὰρ

1954 4362 2137 4416 larunt
2160 4362 2228 4415 ³⁸.
2249 4360 2446 4415 Verum
2476 4360 2812 4415 tolerantiam
2840 4359 3014 4413 adhuc
3038 4360 3329 4413 adhibebat
3352 4357 3523 4412 Deus:

276 4440 419 4514 ἦσαν
454 4446 548 4497 καὶ
580 4447 855 4514 ὁμόδουλοι
905 4453 1016 4512 τοῖς
1048 4452 1405 4507 ἀπεκτονόσιν
1428 4457 1475 4508 οἱ
1502 4440 1850 4522 πεπονθότες.

1954 4454 2097 4508 servi
2139 4453 2283 4507 enim
2332 4460 2492 4507 erant
2546 4460 2603 4506 et
2648 4450 2897 4507 conservi
2953 4449 3390 4505 interﬂcientium
3434 4452 3524 4520 qui

290 4535 449 4587 Ἐπεὶ
475 4535 532 4586 δὲ
557 4535 830 4604 ἀχαλίνοις
861 4540 1057 4607 ὁρμαῖς
1091 4544 1169 4603 εἰς
1195 4543 1353 4597 τοῦτο
1401 4546 1724 4616 διᾴττοντες,
1759 4550 1853 4603 καὶ

1955 4547 2069 4602 lizec
2108 4545 2476 4614 patiebantur.
2518 4541 2782 4609 Quoniam
2818 4557 2947 4598 vero
2990 4540 3249 4596 effrenata
3297 4542 3522 4596 audacia

278 4624 416 4677 πολὺ
445 4624 729 4695 βλέποντες
751 4628 829 4689 εἰς
849 4628 1185 4700 ἀνοσιότητα,
1209 4635 1302 4685 καὶ
1318 4636 1397 4698 εἰς
1426 4636 1585 4689 αὑτὸν
1608 4637 1853 4704 ἐκτόπως

1952 4651 2018 4691 eo
2044 4637 2431 4706 prosiluerunt,
2460 4645 2513 4691 et
2544 4644 2747 4690 tantam
2777 4635 3108 4704 impietatem
3141 4635 3525 4691 consciverunt

277 4715 715 4784 πεπαρῳνήκασι
745 4716 836 4769 τὸν
870 4717 1014 4785 Υὶὸν,
1045 4721 1136 4774 καὶ
1183 4724 1261 4785 εἰς
1291 4724 1381 4777 τὸν
1414 4726 1471 4779 ἐν
1510 4725 1586 4796 τῷ
1634 4729 1850 4800 σταυρῷ
1884 4778 1888 4794 ,

277 4802 610 4829 ...._.'.\.-n-..
658 4804 844 4829 010--..
900 4810 990 4829 ,3η
1049 4812 1062 4829 9
1120 4813 1144 4823 ιν
1336 4814 1347 4829 ο
1400 4816 1424 4828 φ
1513 4817 1563 4829 .ο
1616 4818 1631 4829 ι
1664 4818 1673 4829 ι
1883 4820 1888 4828 4

1914 4740 2014 4825 ,ιιι
2052 4731 2103 4783 in
2148 4730 2323 4799 ipsum
2380 4728 2575 4782 Filium
2625 4728 2884 4782 atrociter
2926 4729 3416 4791 debaccharentur,
3471 4737 3525 4781 et

277 4802 611 4856 κατώλισθον
657 4804 863 4875 βόθρον,
894 4810 994 4861 οὐκ
1038 4812 1249 4881 ἀφῆκεν
1288 4814 1464 4870 αὐτῶν
1500 4817 1850 4890 ἀψηλάφητον
1883 4820 1888 4828 “

1914 4802 1926 4825 ’
1958 4823 2012 4877 in
2049 4821 2257 4876 foveam
2298 4820 2476 4874 crucis
2523 4819 2657 4886 lapsi
2705 4826 2851 4884 sunt,
2884 4830 3163 4887 peccatum
3211 4834 3398 4873 eorum
3442 4817 3525 4869 in-

276 4894 373 4962 τὴν
417 4895 990 4968 ἀμαρτίαν.Ἑζήτησε
1041 4903 1147 4973 γάρ
1206 4906 1300 4957 καὶ
1350 4912 1555 4973 ποιναῖς
1611 4911 1847 4983 ὑπέθηκε

1956 4922 2354 4969 eontrectatum
2390 4926 2493 4964 non
2524 4910 2839 4979 praeterivit.
2873 4909 3130 4976 Quaesivit
3155 4910 3298 4963 enim
3324 4917 3378 4962 et
3406 4920 3521 4975 paea

273 4987 401 5048 τοὺς
430 4987 793 5057 ἠσεϐηκότας,
822 4992 1041 5061 ἀπάσης
1066 4995 1165 5062 τῆς
1196 4996 1465 5054 Ἰουδαίων
1491 5002 1591 5072 γῆς
1624 5004 1845 5073 καθορί-

1956 5006 2039 5060 nis
2077 5003 2309 5072 subjecit
2337 5003 2550 5072 impios,
2586 5004 2679 5057 toti
2713 5001 3019 5059 Judmorum
3060 5002 3267 5072 regioni
3316 5008 3520 5067 pestem

273 5077 382 5141 ζων
407 5079 497 5133 τὸν
523 5080 741 5151 ὄλεθρον
777 5083 833 5135 ὲν
867 5084 1048 5155 ἡμέρᾳ
1074 5087 1190 5155 μιᾷ,
1214 5089 1333 5142 καθ’
1356 5090 1421 5161 ἠν
1450 5091 1656 5160 ἔφασαν
1680 5112 1847 5164 προσ-

1954 5106 2007 5152 et
2034 5098 2254 5151 exitium
2285 5096 2582 5151 decernens
2610 5095 2697 5149 die
2727 5109 2829 5149 una
2862 5110 2966 5164 qua
2997 5092 3322 5152 clamabant,
3351 5088 3523 5143 Pilato

271 5169 495 5237 ἀγοντες
519 5171 679 5224 αὑτὸν
707 5172 785 5243 τῷ
812 5174 1025 5245 Πιλάτῳ
1045 5193 1058 5205 ·
1087 5197 1105 5228 ι
1132 5180 1203 5232 Τὸ
1223 5176 1358 5250 αἷμα
1384 5184 1547 5237 αὑτοῦ
1572 5187 1656 5255 ἐφ’
1703 5187 1850 5255 ἡμᾶς

1959 5202 2081 5240 eum
2112 5186 2399 5241 offerentes
2429 5204 2441 5239 :
2474 5204 2493 5237 ‹
2525 5187 2755 5255 Sanguis
2793 5185 2909 5254 ejus
2939 5200 3102 5254 super
3146 5196 3243 5236 nos
3272 5187 3324 5233 et
3360 5194 3524 5248 super

274 5262 367 5311 καὶ
395 5260 486 5313 ἐπὶ
512 5261 583 5315 τὰ
609 5264 775 5316 τέκνα
806 5266 981 5335 ἡμῶν.
1017 5289 1035 5320 ι
1071 5270 1133 5324 Εἰ
1156 5273 1263 5343 γὰρ
1290 5275 1383 5327 καὶ
1419 5275 1493 5346 μὴ
1536 5277 1846 5349 συμϐέϐηκε

1958 5278 2097 5332 filios
2134 5289 2345 5332 nostros
2366 5277 2431 5333 °’.
2464 5294 2483 5329 ι
2522 5276 2630 5331 Etsi
2660 5277 2803 5330 enim
2840 5289 2945 5328 non
2992 5272 3172 5326 statim
3206 5270 3340 5324 iram
3384 5269 3521 5323 divi-

273 5354 613 5424 παραχρῆμα
634 5356 701 5409 τὰ
724 5360 786 5409 ὲκ
810 5359 958 5423 θείας
980 5362 1147 5433 ὀργῆς
1170 5404 1183 5426 ,
1211 5368 1257 5418 εἰ
1286 5366 1359 5438 μὴ
1386 5367 1674 5437 ὲξήτηνται
1693 5370 1847 5433 δίκας

1955 5381 2077 5421 nam
2135 5368 2453 5436 supplicium
2501 5376 2582 5421 est
2633 5374 3021 5428 consecutum,
3078 5362 3179 5416 etsi
3234 5376 3340 5415 non
3386 5362 3518 5414 citra

274 5441 616 5511 ὑπερθέσεως
639 5462 655 5477 ο
680 5447 803 5517 δίχα
828 5451 942 5503 ἀλλ’
967 5449 1106 5524 οὖνὴ
1136 5458 1283 5525 παρὰ
1306 5457 1437 5510 Θεοῦ
1463 5458 1645 5511 δικαία
1665 5460 1844 5528 ψῆφος

1954 5458 2492 5526 procrastinationem
2525 5469 2698 5525 paena:
2723 5461 2850 5507 sunt
2881 5453 3149 5522 expetitae,
3177 5464 3356 5507 tamen
3374 5451 3517 5521 jusla

272 5530 495 5596 γέγονεν
524 5535 609 5585 ἐπ’
645 5536 846 5605 αὐτοῖς,
877 5540 1115 5613 ὄλεθρον,
1151 5545 1225 5607 ὡς
1270 5545 1425 5617 ἔφην,
1454 5548 1550 5617 τῆς
1577 5550 1845 5604 Ἰουδαίων

1955 5548 2045 5602 Dei
2083 5548 2250 5619 680
2281 5547 2546 5606 sententia
2581 5546 2631 5599 in
2678 5560 2773 5601 eos
2824 5544 2927 5598 lata
2980 5554 3084 5610 cst,
3130 5558 3225 5614 per
3258 5542 3518 5602 Judaeam,

344 5731 391 5760 9³
430 5729 556 5785 Luc.
584 5748 622 5795 ι,
655 5734 741 5789 78.
819 5739 862 5769 “
894 5741 1078 5799 Matth.
1116 5762 1224 5811 χιι,
1264 5747 1349 5803 41.
1432 5751 1472 5781 ⁸⁵
1508 5750 1623 5804 Act.
1658 5765 1739 5812 Ill,
1784 5749 1865 5803 15.

273 5803 318 5830 ”
350 5800 542 5856 Matth.
577 5818 745 5860 nm.
773 5807 861 5860 ‘25.

1944 5749 1987 5780 9“
2018 5747 2168 5803 Joan.
2198 5766 2272 5815 ιχ,
2308 5750 2395 5806 59.
2470 5746 2511 5777 ’⁷
2544 5746 2696 5807 Joan.
2731 5761 2812 5809 ιιι,
2850 5744 2931 5796 l7.
2992 5743 3035 5775 ⁸⁸
3062 5741 3250 5795 Matth.
3287 5753 3397 5801 ΧΧι,
3431 5736 3518 5787 35.

350 5836 542 5856 ,τι-ηιμ.
582 5836 745 5869 ΒᾹΙΙΙ)
779 5836 861 5860 ἆυ·
