4080 6284
319 377 385 437 57
797 377 828 404 ’

1131 377 1684 450 COMMENTARIUS
1724 393 1790 447 IN
1829 394 2230 452 zacumun
2276 397 2728 455 PROPIIE’I‘AM.
3514 400 3585 456 ss

510 496 902 590 διαμέμνηται,
945 501 1119 572 λέγων
1171 508 1584 578 αἰνιγματωδῶς
1638 511 1772 581 πρδς
1809 512 1898 564 τὸν

2006 518 2309 584 abundans,
2351 521 2400 573 in
2453 519 2712 574 lateribus
2751 520 2941 574 domus
2986 528 3090 574 tua:
3115 522 3155 574 ’.
3189 540 3207 574 ι
3247 521 3334 575 Ait
3390 530 3444 576 et
3473 522 3587 590 ipse

318 585 524 642 ἀνωθεν
557 589 650 642 καὶ
685 591 743 656 ἐξ
773 593 1001 664 ούρανοῦ
1048 597 1298 667 νυμφίον,
1341 602 1609 660 τουτέστι,
1641 603 1896 673 Χριστόνο

324 696 343 728 r
388 677 453 731 Ἡ
472 681 604 750 γυνή
635 699 728 734 σου
757 683 832 746 ὡς
855 685 1094 754 ἄμπελος
1125 687 1444 758 εύθηνοῦσα,
1470 696 1526 746 ἐν
1561 697 1672 757 τοῖς
1696 695 1902 748 κλίτεσι

317 767 417 836 τῆς
443 769 619 831 οἰκίας
657 787 770 826 σου.
811 791 828 824 ι
856 774 998 846 Ἔφη
1024 776 1080 829 δέ
1121 794 1222 831 που
1262 779 1355 832 καὶ
1377 782 1538 845 αὐτὸς
1564 781 1592 834 ὁ
1623 783 1732 835 τῶν
1763 785 1903 837 ὅλων

319 857 468 921 Θεόςι
509 877 527 910 ι
563 862 628 914 Al
655 863 892 932 ἄμπελοι
944 867 1320 938 κυπρίζουσιν,
1372 872 1577 926 ἔδωκαν
1631 875 1827 945 ὀσμὴν,
1869 876 1904 946 ἠ

321 949 458 1019 συκῆ
487 950 778 1022 ἐξήνεγκεν
821 955 1075 1021 ὀλύνθους
1127 961 1314 1033 αὐτῆς.
1351 982 1370 1014 ι
1414 964 1500 1027 Ὠς
1527 965 1635 1036 γὰρ
1657 965 1758 1037 ήδη
1792 968 1902 1020 τῶν

331 1039 666 1112 Ἑκκλησιῶν
694 1045 1016 1118 ἀρξαμένων
1048 1052 1105 1103 ἐν
1141 1053 1328 1124 κόσμῳ
1352 1055 1440 1108 διὰ
1471 1057 1569 1127 τῆς
1619 1061 1700 1120 είς
1739 1060 1903 1114 αὐτὸν

317 1129 628 1196 εύωδιάζειν
654 1134 913 1202 πίστεως,
933 1139 1031 1202 τὰς
1051 1140 1327 1210 ἀμπέλους
1345 1144 1446 1217 ἔφη
1475 1147 1786 1218 κυπρίζειν,
1811 1150 1906 1202 καὶ

321 1220 428 1289 μὴν
459 1222 555 1274 καὶ
588 1223 938 1290 ἐκφαίνεσθαι
961 1229 1087 1290 τοὺς
1124 1230 1401 1296 ὀλύνθους·
1453 1234 1692 1298 νοηθεῖεν
1723 1237 1787 1289 ἂν
1815 1239 1907 1291 καὶ

317 1303 484 1374 οῦτοι,
517 1311 626 1364 τῶν
647 1314 772 1384 ἀρτι
807 1319 1246 1374 πεπιστευκότων
1275 1324 1307 1392 ἡ
1342 1321 1492 1376 οὔπω
1523 1325 1622 1394 μὲν
1644 1327 1906 1398 πέπειρος

319 1402 412 1452 καὶ
431 1401 659 1468 γλυκεῖα
691 1404 931 1475 πληθὺς,
991 1408 1222 1480 ἐσομένη
1283 1411 1340 1464 δὲ
1397 1415 1537 1467 κατά
1578 1415 1776 1486 βραχὺ,
1814 1418 1906 1470 καὶ

318 1495 440 1556 ταῖς
469 1497 548 1556 είς
585 1494 644 1548 τὸ
704 1497 926 1566 ἄμεινον
982 1499 1285 1555 ἐπιδόσεσιν
1335 1503 1486 1558 ίοῦσα
1544 1507 1678 1578 πρὸς
1726 1508 1901 1562 τοῦτο.

331 1581 709 1652 Ἀδρυνθέντες
740 1586 868 1656 γὰρ,
900 1588 992 1640 καὶ
1024 1590 1102 1651 είς
1133 1590 1301 1662 ἀνδρα
1340 1592 1544 1647 τέλειον
1573 1596 1906 1667 ἀναϐεϐηκό-

317 1689 410 1735 τες
437 1671 530 1726 τοῦ
557 1675 922 1746 πληρώματος
971 1679 1066 1732 τοῦ
1117 1680 1373 1750 Χριστοῦ,
1431 1684 1650 1751 γλυκεῖς
1707 1681 1906 1759 οἷάπερ

318 1764 557 1834 ἐσόμεθα
587 1768 789 1838 καρποὶ
831 1767 908 1838 τῷ
943 1769 1084 1840 Θεῷ,
1135 1771 1388 1842 καθάπερ
1447 1776 1619 1845 μητρί
1679 1793 1788 1829 τινι
1841 1781 1906 1849 τῇ

2008 609 2379 662 universorum
2415 611 2556 664 Deus
2593 611 2824 679 quodam
2860 610 2979 664 loco
3014 628 3027 663 :
3069 629 3087 662 ι
3125 611 3304 665 Vineae
3337 611 3589 666 ﬂorentes

2006 698 2272 752 dederunt
2323 701 2542 754 odorem
2593 715 2774 766 suum,
2824 710 2877 754 et
2926 701 3060 753 licus
3095 699 3320 768 protulit
3371 713 3588 766 grossos

2007 804 2134 843 suos
2163 790 2225 842 ¹⁰.
2257 809 2274 840 ι
2312 789 2387 845 Ut
2418 791 2562 844 enim
2591 789 2723 857 jam,
2761 790 3016 845 Ecclesiis
3053 793 3104 843 in
3149 791 3348 843 mundo
3381 791 3481 843 lide
3533 789 3585 841 in

2007 879 2180 947 ipsum
2224 880 2512 946 inchoatis,
2543 882 2729 936 vineas
2758 897 2976 935 suavem
3007 883 3216 950 spirare
3242 882 3482 943 odorem,
3516 894 3583 933 ac

2006 968 2198 1025 ﬂorere
2227 979 2387 1039 atque
2420 972 2639 1039 insuper
2686 987 2906 1040 grossos
2934 987 3124 1039 parere
3153 972 3285 1024 dicit
3316 988 3328 1022 :
3354 985 3582 1037 quorum

2008 1062 2226 1114 nomine
2259 1078 2428 1132 nuper
2461 1063 2563 1116 lide
2613 1063 2948 1116 initiatorum
2997 1062 3229 1115 nondum
3274 1071 3481 1113 matura
3530 1069 3588 1115 et

2007 1152 2178 1205 dulcis
2224 1153 2532 1215 multitudo,
2590 1153 2770 1207 futura
2809 1163 2987 1206 autem
3022 1153 3278 1221 paulatim
3327 1161 3376 1204 et
3416 1152 3587 1204 incre—

2011 1241 2210 1294 mentis
2240 1243 2305 1293 ad
2352 1241 2570 1294 meliora
2615 1242 2719 1294 huc
2746 1243 3096 1312 progrediens
3122 1242 3346 1310 intelligi
3385 1249 3580 1308 potest.

2007 1330 2201 1398 Adcpti
2248 1331 2394 1384 enim
2446 1331 2901 1399 magnitudinem,
2958 1352 2976 1384 ι
3006 1342 3060 1387 et
3107 1334 3158 1387 itt
3196 1333 3365 1387 virum
3405 1333 3584 1403 perle—

2006 1429 2153 1473 ctum
2201 1420 2551 1488 plenitudinis
2595 1421 2800 1476 Christi
2830 1423 2872 1459 ιι
2910 1442 2928 1474 ι
2961 1425 3152 1489 evecti,
3202 1424 3386 1478 dulces
3432 1423 3583 1491 quasi

2007 1511 2216 1564 fructus
2249 1513 2452 1566 erimus
2504 1511 2632 1575 Deo,
2680 1513 2937 1567 Ecclesia:
2981 1514 3127 1566 velut
3175 1515 3328 1567 matri
3381 1513 3583 1582 agnati.

2007 1601 2348 1671 Quapropter
2386 1616 2482 1670 per
2515 1601 2676 1656 licum
2708 1612 2761 1656 et
2793 1607 2955 1656 vitem
2999 1603 3282 1658 intellectis
3310 1602 3583 1663 Ecclesiis,

2008 1695 2109 1748 sub
2148 1693 2279 1761 ipsis
2311 1693 2533 1757 erimus,
2573 1700 2627 1748 et
2675 1694 2726 1747 in
2761 1695 2892 1764 ipsis
2935 1695 3354 1757 diversabimur,
3391 1697 3585 1746 cohor-

2015 1781 2285 1850 tandoque
2337 1781 2478 1836 inter
2531 1798 2629 1838 nos
2683 1784 2926 1837 dicemus
2979 1783 3107 1836 illud
3155 1782 3584 1850 propheticum:

331 1851 630 1924 Ἐκκλησία
687 1857 1158 1926 προσπεφυκὸτες.
1215 1859 1425 1912 Οὐκοῦν
1479 1861 1569 1914 διά
1617 1881 1678 1916 τε
1735 1866 1901 1937 συκῆς

2010 1890 2028 1922 ι
2063 1871 2277 1935 Venite,
2320 1872 2680 1926 ascendamus
2735 1874 2802 1926 ad
2853 1882 3089 1926 montem
3143 1872 3386 1935 Domini,
3423 1881 3476 1925 et
3520 1873 3585 1924 ad

318 1943 414 1994 atati.
453 1945 702 2012 ἀμπέλου
760 1949 1073 2018 νοουμένων
1114 1949 1223 2004 τῶν
1269 1951 1626 2022 Ἐκκλησιῶν,
1679 1956 1772 2008 ὑπ’
1810 1958 1906 2010 αύ-

317 2035 440 2095 ταῐς
479 2035 735 2104 ἐσόμεθα,
764 2039 859 2090 καὶ
917 2040 974 2092 ἐν
1006 2041 1194 2104 αὐταῖς
1243 2043 1639 2115 καταλύσομεν,
1673 2063 1908 2117 προτρο-

325 2121 500 2190 πάδην
565 2124 818 2194 ἀλλήλοις
874 2129 1049 2182 ἐκεῖνο
1099 2130 1352 2198 λέγοντες
1409 2134 1471 2187 τὸ
1534 2138 1905 2207 προφητικόνο

329 2229 347 2260 s
375 2211 561 2275 Δεῦτε,
589 2215 880 2284 ἀναδῶμεν
903 2220 984 2282 είς
1005 2220 1061 2272 τὸ
1087 2221 1211 2289 ὅρος
1241 2223 1464 2294 Κυρίου,
1495 2227 1586 2279 καὶ
1609 2229 1687 2290 εἰς
1712 2229 1802 2281 τὸν
1830 2226 1908 2282 οῗ-

323 2315 420 2350 κον
449 2299 544 2352 τοῦ
603 2301 738 2354 Θεοῦ
774 2304 986 2371 Ἰακὼϐ,
1022 2309 1114 2360 καὶ
1150 2310 1440 2378 ἀναγγελεῖ
1487 2317 1616 2383 ήμίν
1658 2317 1756 2388 τὴν
1783 2319 1901 2374 ὁδὸν

317 2389 511 2452 αὑτοῦ,
553 2393 647 2444 καὶ
687 2396 1063 2465 πορευσόμεθα
1097 2401 1155 2452 ἐν
1179 2401 1340 2472 αὐτῇ.
1375 2422 1394 2454 ι
1431 2404 1567 2458 Είδέ
1593 2406 1655 2476 δὴ
1689 2408 1900 2475 γένοιτο

316 2478 507 2532 τούτου
534 2485 735 2550 τυχεῖν,
775 2485 996 2538 ἐπαίνου
1052 2488 1251 2552 παντὸς
1301 2490 1608 2563 ἀξιώσομεν
1642 2497 1767 2560 τοὺς
1823 2501 1904 2564 είς

315 2567 475 2622 τοῦτο
499 2571 852 2642 κεκληκότας.
884 2575 1044 2630 πάλιν
1082 2579 1258 2632 ἐκεῖνο
1284 2580 1549 2649 λέγοντες·
1589 2603 1610 2637 s
1647 2587 1902 2660 Εὐφράν-

318 2660 418 2730 θην
448 2662 540 2714 ἐπὶ
569 2666 678 2726 τοῖς
702 2666 948 2735 είρηκόσι
981 2686 1071 2738 μοι
1091 2687 1105 2700 ο
1145 2671 1238 2733 Είς
1293 2667 1441 2725 οἷκον
1470 2676 1674 2747 Κυρίου
1703 2697 1902 2749 πορευ-

318 2752 544 2822 σόμεθα.
583 2771 601 2805 ι
638 2754 896 2824 Τέρψεως
925 2759 1032 2831 γὰρ
1056 2762 1188 2830 ἡμῖν
1213 2762 1308 2833 τῆς
1337 2764 1599 2820 ἀνωτάτω
1629 2770 1690 2822 τὸ
1711 2771 1902 2842 χρῆμα

315 2842 528 2912 καρπὸς
551 2845 798 2900 νοοῖτ’ἂν
845 2849 1094 2914 είκὸτως.
1134 2852 1423 2925 Τοιγάρτοι
1469 2858 1634 2911 πάλιν
1669 2862 1902 2932 ἐφῦμεν

2003 1963 2217 2018 domum
2285 1964 2376 2018 Dei
2426 1962 2629 2027 Jacob,
2707 1970 2763 2018 et
2822 1965 3162 2018 annuntiabit
3217 1965 3372 2017 nobis
3441 1964 3584 2015 viam

2005 2069 2179 2118 suam,
2209 2064 2262 2109 et
2296 2055 2691 2110 ambulabimus
2739 2055 2791 2109 in
2831 2069 2894 2108 ea
2921 2055 2984 2108 “.
3022 2072 3040 2106 ι
3075 2054 3225 2120 Quod
3260 2056 3304 2109 si
3351 2055 3583 2108 assecuti

2008 2143 2293 2210 fuerimus,
2319 2147 2652 2201 omnimodis
2683 2147 3100 2216 pradicabimus
3130 2148 3221 2216 qui
3253 2161 3350 2199 nos
3390 2148 3455 2198 ad
3484 2145 3585 2198 hoc

2013 2246 2295 2299 vocarunt,
2343 2238 2689 2309 dicemusque
2723 2255 2736 2290 :
2767 2259 2786 2291 ι
2819 2239 3052 2293 Lzetatus
3099 2255 3216 2293 sum
3260 2240 3310 2291 in
3359 2237 3440 2290 his
3491 2236 3582 2304 qui

2005 2326 2258 2382 dixerunt
2317 2329 2448 2382 mihi
2481 2347 2494 2383 :
2533 2333 2593 2386 In
2664 2332 2881 2384 domum
2943 2331 3155 2384 Domini
3229 2330 3422 2384 ibimus
3454 2328 3517 2380 ¹³.
3557 2344 3577 2378 s

2007 2414 2229 2469 Summa
2279 2418 2421 2472 enim
2475 2418 2657 2473 laetitia
2710 2419 2918 2473 fructus
2969 2430 3158 2475 noster
3200 2419 3426 2486 intelligi
3463 2417 3584 2486 jure

2003 2514 2183 2575 queat.
2225 2507 2461 2563 Proinde
2487 2525 2674 2564 rursus
2709 2510 2839 2564 illud
2879 2510 3285 2579 Psalmographi
3313 2509 3584 2561 exclama-

2003 2597 2183 2652 bimus
2216 2616 2228 2652 :
2266 2616 2284 2649 ι
2318 2598 2492 2654 Unam
2527 2601 2690 2669 petivi
2736 2615 2764 2653 a
2799 2602 3045 2664 Domino,
3097 2601 3236 2653 hanc
3283 2599 3580 2668 requiram,

2006 2695 2063 2739 nt
2097 2687 2390 2743 inhabilem
2428 2691 2488 2746 in
2527 2689 2690 2744 domo
2721 2690 2932 2745 Domini
2965 2692 3216 2745 omnibus
3247 2688 3436 2742 diebus
3461 2688 3584 2740 vitae

2003 2791 2136 2831 mea:
2170 2793 2186 2832 :
2215 2789 2274 2833 ut
2320 2780 2532 2834 videam
2588 2781 2919 2847 voluptatem
2980 2780 3212 2844 Domini,
3266 2789 3322 2833 et
3371 2778 3580 2832 visitem

2006 2869 2264 2938 templum
2301 2881 2547 2926 sanctum
2572 2873 2688 2942 ejus
2714 2872 2776 2927 “.
2812 2895 2829 2924 ι

316 2933 460 3035 κατὰ
489 2932 581 3035 τὸν
604 2935 925 3035 ιιίοιλμῳὸδν·
995 2942 1138 2996 Μίαν
1164 2945 1454 3018 ᾐτησάμην
1484 2952 1636 3021 παρά
1660 2955 1887 3025 Κυρίου,
1927 2932 2135 3031 ταύτην
2206 2963 2444 3035 ζητήσω,
2505 2932 2617 3020 τοῦ.
2659 2968 2933 3019 κατοικεῖν
2998 2983 3064 3035 με
3105 2966 3161 3016 ἐν
3211 2964 3345 3034 οῖ’κῳ
3377 2959 3582 3029 Κυρίου

317 3025 496 3130 πασας
517 3027 614 3092 τὰς
643 3029 854 3102 ἡμέρας
910 3033 1006 3104 τῆς
1048 3035 1193 3107 ζωῆς
1253 3053 1376 3107 μου,
1437 3042 1530 3095 τοῦ
1581 3043 1806 3117 θεωρεῖν
1834 3067 1900 3120 με
1940 3053 2038 3124 τήν
2060 3025 2400 3129 τερπνότητα
2431 3025 2680 3130 Κυρίου,
2699 3058 2794 3111 καὶ
2859 3025 3283 3111 ἐπισκέπτεσθαι
3311 3025 3400 3106 τὸν
3431 3025 3582 3118 ἅγιον

316 3120 504 3174 αὐτοῦ.
545 3138 564 3173 s

580 3264 964 3352 ΤΟΜΟΣ
1041 3268 1634 3362 ΔΕΥΤΕΡΟΣ.

925 3423 1178 3482 ΚΕΦΑΛ.
1223 3430 1297 3484 Δ’.

390 3557 499 3611 Kal
519 3557 895 3627 ἐπέστρεψεν
929 3563 964 3614 ὁ
1001 3561 1255 3630 ἄγγελος
1309 3567 1344 3619 ὁ
1390 3566 1600 3621 λαλῶν
1637 3567 1707 3621 ἐν
1728 3567 1858 3637 ἐμοὶ
1882 3609 1897 3632 ,

320 3646 422 3700 καὶ
459 3647 725 3718 ἐξήγειρέ
742 3667 839 3718 με,
885 3649 957 3704 ὃν
992 3653 1236 3720 τρόπον,
1285 3655 1431 3709 ὅταν
1463 3657 1750 3729 ἐξεγερθῇ
1798 3661 1901 3713 ἄν·

320 3741 550 3807 ϐρωτος
581 3740 650 3805 ἐξ
683 3741 878 3796 ὕπνου
926 3745 1135 3809 αὐτοῦ,
1175 3747 1273 3800 καὶ
1316 3748 1447 3803 εἷπε
1499 3752 1650 3818 πρός
1704 3769 1800 3821 με’
1841 3754 1902 3808 Τί

317 3827 401 3880 σὺ
429 3827 684 3897 ,ϐλέπεις
699 3848 719 3895 ;
739 3831 847 3884 Kal
879 3828 1016 3888 εϊπιι
1034 3851 1048 3865 ·
1089 3835 1370 3905 Ἑώρακα,
1393 3839 1490 3893 καὶ
1517 3841 1646 3894 ἰδοὺ
1677 3845 1903 3912 λυχνιά

320 3918 520 3987 χρυσῆ
551 3919 686 3987 ὅλη,
716 3921 816 3975 καί
843 3921 910 3974 τὸ
930 3923 1272 3992 λαμπάδιον
1297 3927 1500 3982 ἐπάνω
1555 3931 1766 4000 αὐτῆς,
1800 3934 1900 3987 καὶ

319 4001 470 4056 ἑπτὰ
493 4007 708 4075 λύχνοι
737 4006 937 4061 ἐπάνω
972 4011 1181 4078 αὐτῆς,
1218 4015 1317 4067 καὶ
1353 4016 1503 4071 ἑπτὰ
1543 4019 1902 4088 έπαρυστρί-

319 4093 420 4158 δες
463 4095 588 4162 τοῖς
639 4100 893 4166 λύχνοις
940 4101 1064 4166 τοῖς
1106 4102 1307 4158 ἐπάνω
1363 4109 1593 4178 αὐτῆς,
1637 4113 1736 4166 καὶ
1788 4113 1899 4169 δύο

317 4184 514 4239 ἐλαῖαι
534 4187 734 4241 ἐπάνω
747 4190 959 4258 αὐτῆς,
979 4194 1082 4262 μία
1105 4195 1172 4248 ἐκ
1189 4195 1404 4260 δεξιῶν
1429 4201 1537 4255 τοῦ
1559 4204 1902 4272 λαμπαδιου

319 4277 530 4346 αὐτῆς,
559 4280 655 4332 καὶ
676 4281 786 4348 μία
805 4282 873 4345 ἐξ
911 4285 1248 4354 εὐωνύμων.

392 4389 519 4441 K1".
542 4390 636 4452 Τὸ,
673 4392 1060 4465 Ἐπέστρεψεν,
1092 4400 1148 4452 ἐν
1175 4400 1385 4466 τούτοις
1404 4404 1502 4474 οὐχ
1533 4406 1608 4469 ὡς
1630 4409 1693 4460 ἐκ
1724 4409 1893 4462 τόπου

327 4477 599 4546 νοήσομεν
632 4478 845 4549 (εὕηθες
871 4484 978 4556 γὰρ
1003 4489 1245 4558 κομιδῇ),
1268 4493 1565 4564 νομιοῦμεν
1591 4495 1648 4548 δὲ
1668 4498 1889 4565 μᾶλλον,

2213 3293 2622 3386 TOMUS
2711 3293 3360 3383 SECUNDUS.

2554 3442 2718 3514 632
2748 3441 2898 3498 CAP.
2942 3441 3030 3499 tv.

2075 3575 2236 3632 Vens.
2275 3577 2394 3632 1-5.
2445 3576 2510 3630 Et
2560 3594 2793 3631 reversus
2834 3588 2910 3630 est
2947 3577 3161 3646 angelus
3206 3577 3296 3646 qui
3333 3577 3580 3646 loqueba-

2003 3682 2094 3725 tur
2141 3672 2196 3724 in
2238 3687 2356 3737 me,
2405 3681 2451 3725 et
2497 3672 2774 3725 suscitavit
2820 3687 2900 3723 me
2945 3672 3080 3722 sicut
3121 3685 3240 3722 cum
3295 3671 3581 3722 suscitatur

2004 3762 2157 3814 homo
2178 3761 2241 3812 de
2272 3777 2455 3814 somno
2493 3777 2610 3822 suo,
2638 3770 2684 3813 et
2714 3760 2844 3812 dixit
2879 3761 2947 3812 ad
2975 3775 3055 3812 me
3084 3775 3101 3813 :
3136 3759 3276 3824 Quid
3317 3771 3372 3812 tu
3400 3762 3582 3813 vides?

2006 3851 2068 3904 Et
2096 3852 2254 3906 dixi:
2287 3850 2428 3917 Vidi,
2461 3860 2510 3906 et
2559 3868 2673 3906 ecce
2704 3852 3078 3906 candelabrum
3127 3868 3347 3906 aureum
3388 3865 3578 3919 totum,

2002 3953 2051 3998 et
2100 3943 2303 4010 lampas
2357 3959 2512 4012 super
2568 3945 2756 4012 ipsum,
2810 3954 2855 3996 et
2905 3954 3095 4012 septem
3143 3944 3371 3999 lucerna
3421 3961 3580 4012 super

2002 4029 2159 4092 illud,
2205 4039 2254 4082 et
2295 4039 2485 4098 septem
2521 4029 2782 4098 inlusoria
2828 4031 3054 4084 lucernis
3099 4048 3252 4100 super
3290 4034 3499 4100 ipsum;
3529 4045 3576 4084 et

2002 4120 2122 4174 dare
2147 4121 2297 4174 olivae
2323 4138 2478 4189 super
2508 4123 2660 4189 illud,
2693 4139 2800 4176 una
2845 4141 2876 4176 a
2907 4124 3108 4177 dextris
3144 4125 3401 4191 lampadis
3439 4125 3574 4192 ejus,

2003 4223 2048 4267 et
2082 4229 2189 4266 una
2221 4231 2252 4267 a
2285 4215 2536 4270 sinistris.

2077 4411 2265 4466 XXIII.
2309 4410 2605 4465 Reversum
2635 4425 2756 4466 esse
2786 4410 2874 4465 hic
2905 4425 3008 4464 non
3041 4419 3099 4463 ut
3132 4425 3197 4465 ex
3231 4409 3348 4464 loco
3379 4413 3580 4481 accipi-

2007 4508 2147 4565 mus,
2185 4502 2235 4554 id
2275 4502 2419 4556 enim
2469 4514 2731 4569 perquam
2779 4501 3019 4569 ineptum
3053 4512 3193 4556 esset
3228 4521 3239 4556 :
3272 4513 3580 4557 statuemus

321 4565 424 4661 τὴγ
457 4567 536 4661 ὡς.
557 4567 616 4631 ἐξ
640 4568 882 4639 ὁράσεως
913 4575 1012 4643 τῆς
1040 4576 1098 4640 ἐξ
1135 4578 1339 4648 ἀμφοῖν
1372 4575 1457 4650 ἐφδ
1508 4585 1700 4656 ἑτέραν
1743 4588 1902 4653 εὐθὺς

2007 4601 2184 4646 autem
2208 4593 2384 4661 potius
2423 4607 2489 4646 ex
2522 4594 2782 4646 ambabus
2811 4593 3110 4647 visionibus
3154 4594 3219 4646 ad
3267 4595 3425 4648 aliam
3464 4606 3579 4648 sta-

324 4658 420 4711 καὶ
452 4659 667 4726 γείτονα
716 4666 1125 4736 μεταφοίτησιν,
1172 4670 1332 4739 δῆλον
1391 4672 1446 4725 δὲ
1491 4675 1572 4727 ὅτι
1612 4695 1907 4748 πνευματι-

483 4750 704 4842 Ἐπειδὴ
756 4753 813 4807 δέ
873 4757 1088 4826 νήψεως
1159 4762 1400 4831 ἀκράτου
1457 4767 1616 4835 χρεία
1671 4771 1762 4822 καὶ
1808 4772 1908 4842 τῆς

322 4840 466 4907 ὑπὲρ
498 4840 623 4894 νοῦν
649 4842 739 4894 τὸν
770 4845 1130 4917 ἀνθρώπινον,
1158 4851 1215 4904 ἔν
1245 4868 1308 4920 γε
1336 4854 1399 4924 δὴ
1434 4857 1663 4926 μάλιστα
1697 4840 1906 4927 τούτοις

319 4930 528 5001 λεπτὴν
589 4933 816 4988 ἐνετίθει
871 4939 1267 5011 ἐπιγρήγορσιν
1319 4943 1397 5014 τῷ
1457 4951 1708 5020 προφήτῃ
1752 4952 1906 5018 Θεὸς,

324 5021 721 5090 μαθητεύοντος
782 5028 1018 5096 ἀγγέλου
1051 5033 1145 5084 τοῦ
1194 5034 1480 5098 λαλοῦντος
1529 5041 1586 5091 ἐν
1627 5041 1792 5111 αύτῷ,
1828 5042 1905 5105 ὡς

319 5113 498 5168 δοκεῖν
527 5116 588 5180 ἐξ
622 5117 791 5171 ὕπνου
815 5119 1181 5192 διεγερθῆναι.
1233 5127 1467 5200 Τοιαύτη
1503 5131 1611 5199 γάρ
1637 5136 1752 5196 πώς
1785 5135 1902 5187 ἐστι

322 5204 421 5272 τῆς
451 5207 508 5258 ἐν
560 5209 691 5277 ἡμῖν
727 5211 962 5277 διανοίας
1012 5217 1044 5284 ή
1087 5218 1458 5286 κατάστασις,
1514 5223 1608 5275 καὶ
1671 5223 1806 5277 πολὺ
1837 5225 1902 5294 δὴ

225 5365 240 5380 Ι
327 5295 492 5363 μείων
551 5299 703 5368 παρά
743 5301 847 5371 τὴν
894 5297 1058 5357 οὖσαν
1112 5307 1172 5358 ἐν
1221 5311 1333 5371 τοῖς
1390 5310 1568 5378 ἁγίοις
1624 5312 1898 5379 ἀγγέλοις,

325 5382 463 5436 ὥστε
489 5388 620 5458 φαίη
677 5406 762 5452 τις
811 5391 877 5444 ἂν
939 5396 1266 5468 ἐγρήγορσιν
1314 5400 1415 5469 μὲν
1445 5403 1513 5454 τὰ
1565 5403 1810 5465 ἐκείνων,
1843 5404 1902 5455 ἐν

325 5470 477 5544 ὕπνῳ
498 5477 554 5529 δὲ
584 5478 772 5551 ὥσπερ
799 5483 865 5536 τὰ
893 5485 1016 5538 καθ’
1043 5490 1074 5558 ἡ
1085 5490 1211 5558 μᾶς.
1244 5491 1458 5562 Ἐπειδὴ
1481 5493 1536 5544 δὲ
1567 5495 1594 5546 ὁ
1619 5494 1901 5555 Θεσπέσιος

323 5563 549 5632 ἄγγελος
579 5570 802 5642 γνώμην
848 5591 907 5626 τε
954 5578 1047 5630 καὶ
1093 5579 1215 5632 νοῦν
1253 5582 1386 5651 πρὸς
1419 5583 1593 5653 τούτῳ
1638 5583 1700 5652 δὴ
1760 5600 1901 5654 παρ-

405 5733 424 5763 ⁹
451 5739 591 5798 Psal.
621 5761 824 5813 cum,
857 5751 906 5803 5.
992 5755 1030 5784 ’θ
1059 5755 1211 5813 (lant.
1247 5771 1302 5820 II,
1336 5757 1412 5809 15.

1499 5758 1532 5786 “
1573 5758 1764 5824 Epirus.
1804 5770 1872 5817 ιγ,
1914 5756 1990 5809 15.

2008 4682 2102 4735 tim
2161 4693 2215 4737 et
2248 4684 2481 4737 vicinam
2513 4685 2846 4753 spiritualem
2895 4687 3079 4754 utique
3143 4688 3381 4741 transiri.
3433 4688 3581 4753 Quo-

2008 4775 2152 4829 niam
2185 4791 2314 4828 vero
2349 4777 2402 4829 in
2451 4777 2535 4830 his
2569 4778 2804 4831 maxime
2843 4779 3102 4847 singulari
3136 4779 3413 4847 vigilantia
3446 4794 3582 4846 opus

2007 4875 2112 4930 est,
2165 4874 2219 4920 et
2259 4866 2462 4934 majore
2525 4881 2689 4934 quam
2735 4882 2831 4935 pro
2866 4865 3022 4935 capti:
3081 4869 3339 4932 humano,
3391 4883 3578 4921 acrem

2011 4957 2245 5026 vigiliam
2293 4957 2537 5010 immittit
2573 4962 2844 5026 propheta:
2894 4958 3053 5020 Deus,
3113 4960 3338 5012 docente
3387 4960 3580 5028 angelo

2005 5049 2094 5112 qui
2123 5047 2176 5099 in
2211 5048 2325 5116 ipso
2362 5047 2695 5116 loquebatur,
2736 5059 2792 5103 ut
2820 5065 2877 5103 se
2917 5065 2947 5102 e
2978 5064 3168 5101 soumo
3196 5057 3410 5115 putaret
3443 5051 3581 5100 ext-i-

2005 5143 2199 5188 talum.
2242 5136 2388 5190 Talis
2428 5148 2509 5191 est
2543 5139 2684 5191 enim
2727 5141 2888 5192 animi
2936 5137 3111 5192 nostri
3146 5138 3402 5200 conditio,
3442 5139 3580 5191 Inul-

2006 5233 2170 5291 teque
2211 5226 2438 5281 inferior
2485 5244 2644 5296 quam
2683 5231 2735 5282 in
2777 5231 2980 5282 sanctis
3015 5229 3238 5296 angelis,
3270 5236 3327 5280 ut
3360 5244 3578 5282 asseve-

2009 5330 2129 5367 rare
2165 5319 2338 5383 possit
2391 5321 2658 5386 quispiam
2697 5321 2818 5372 illos
2851 5333 2969 5371 esse
3002 5319 3052 5368 in
3087 5329 3343 5386 perpetua
3375 5323 3575 5391 vigilia,

2007 5419 2104 5457 nos
2157 5407 2308 5473 quasi
2366 5409 2416 5459 in
2473 5417 2730 5474 perpetuo
2790 5423 2998 5462 somno.
3053 5409 3343 5477 Postquam
3399 5421 3577 5464 autem

2005 5494 2217 5548 divinus
2249 5496 2470 5561 angelus
2507 5497 2854 5560 voluntatem,
2892 5509 2944 5552 et
2997 5511 3230 5553 mentem
3267 5515 3481 5567 quoque
3515 5516 3579 5551 eo

2007 5583 2317 5637 inclinatam
2372 5584 2539 5648 vidit,
2595 5596 2652 5638 ut
2705 5589 2846 5656 quod
2905 5589 3067 5641 liehat
3125 5589 3392 5643 subtiliter
3447 5586 3577 5641 satis

3095 5759 3138 5790 ιδ
3168 5759 3310 5813 Psal.
3343 5768 3483 5818 ιιινι,
3515 5753 3568 5804 4.

2073 5759 2112 5786 ¹¹
2143 5756 2243 5811 lsa.
2285 5775 2338 5826 ιι,
2383 5761 2435 5810 3.
2517 5760 2560 5791 ¹³
2593 5761 2734 5812 Psal.
2778 5776 2926 5824 CXXI,
2967 5759 3014 5812 ί.
