4080 6284
545 380 612 437 59
1535 375 1594 428 S.
1635 373 1912 428 CYlllLLl
1952 373 2422 431 ALEXANDRINI
2462 377 2777 432 ARCIIIEP.

3729 390 3802 446 ω

547 493 849 564 perspicere
875 499 1075 560 posset.
1111 502 1460 562 percontatur
1505 492 1762 561 quidnam
1826 501 1965 560 putet
1995 507 2113 544 esse

2219 495 2575 564 ενηνεγμένον
2628 495 2901 559 τεθέαται,
2930 495 3069 548 ὥστε
3117 496 3207 549 καὶ
3250 497 3616 570 ἀποχρώντως
3655 503 3799 572 ἔχειν

545 602 662 654 quae
694 585 1157 642 monstrabantur.
1192 584 1325 639 Tum
1368 585 1632 652 prolvhela
1670 598 1878 635 rursum
1921 583 2116 635 certis-

545 679 736 730 simam
771 676 998 730 v-isionis
1030 674 1600 729 commemorationem
1660 673 1888 736 inducit,
1929 674 2115 727 dicens

542 784 602 821 se
639 769 836 822 vidisse
869 767 1275 831 candelabrum,
1325 774 1495 818 totum
1535 779 1757 817 aureum
1791 778 1886 832 per
1920 771 2112 829 totum,

544 874 608 911 ac.
649 873 813 926 super
861 859 1034 926 ipsum
1087 857 1418 925 lampadem;
1457 858 1587 924 quin
1633 863 1686 908 et
1736 855 1984 908 lucernas
2031 870 2116 908 se-

545 959 712 1016 ptem,
773 958 828 1002 et
869 951 1055 1002 eodem
1101 962 1326 1002 numero
1388 946 1673 1011 inlusoria,
1735 946 1905 1000 oliVaS
1958 947 2112 1013 duas,

545 1056 704 1092 uuam
732 1055 761 1091 a
788 1039 991 1092 dextris
1021 1040 1303 1106 lampadis,
1331 1037 1557 1090 alteram
1582 1053 1609 1090 a
1637 1037 1889 1091 sinistris.
1920 1037 1983 1090 Et
2010 1037 2114 1091 ista

561 1131 777 1199 quidem
818 1140 1035 1184 ostensa
1069 1129 1320 1198 liquidius
1352 1129 1576 1183 forsitan
1611 1127 1972 1197 explanabunt
1995 1142 2116 1198 quae

544 1221 686 1273 dicta
711 1230 860 1273 sunt.
895 1219 1126 1282 Necesse
1152 1231 1234 1273 est
1265 1228 1438 1272 tamen
1473 1218 1696 1272 visionis
1739 1217 1898 1286 hujus
1926 1218 2113 1270 intima

543 1311 810 1367 curiosius
859 1312 1193 1381 indagantes,
1246 1309 1562 1379 significatis
1611 1318 1814 1363 attente
1866 1309 2116 1364 conside-

546 1397 730 1451 randis
753 1399 1162 1466 diligentissime
1187 1397 1520 1461 incumbere,
1544 1408 1598 1452 et
1621 1413 1681 1451 ea
1706 1413 1825 1451 cum
1847 1397 1956 1465 jam
1987 1414 2117 1467 prte-

542 1488 702 1542 dictis
727 1489 864 1542 scite
904 1489 1170 1557 copulare.
1203 1489 1292 1543 Ait
1317 1488 1480 1558 igitur
1519 1489 1900 1542 universorum
1945 1489 2110 1554 Deus,

542 1593 602 1634 se
659 1579 864 1634 foveam
927 1581 1218 1642 iussurum,
1284 1591 1337 1634 et
1379 1589 1842 1634 contrectaturum
1895 1593 2111 1633 omnem

542 1669 880 1738 iniquitatem
917 1680 1073 1725 terra:
1104 1671 1249 1726 illius
1285 1670 1338 1724 in
1371 1671 1456 1725 die
1491 1686 1618 1727 una.
1655 1671 1914 1725 llortatur
1947 1674 2111 1726 etiam

539 1761 696 1826 alios,
746 1769 806 1816 ut.
849 1763 990 1817 inter
1037 1778 1096 1818 se
1145 1765 1244 1818 sub
1275 1763 1440 1818 vitem
1488 1773 1542 1817 et
1579 1763 1736 1817 licum
1787 1773 2104 1818 convocent.

541 1851 646 1906 Nos
673 1868 893 1921 scopum
920 1854 1216 1922 prophetiae
1248 1855 1578 1917 aperientes,
1599 1854 1906 1908 dicebamus
1931 1857 2107 1910 incre-
2141 1835 2185 1890 Β

542 1942 682 1995 ululis
732 1953 784 1996 et
811 1943 1114 2011 agrestibus
1136 1942 1600 2012 contemptoribus
1626 1944 1817 1999 salutis
1842 1961 1934 2014 per
1957 1947 2112 2000 Chri-

545 2041 686 2084 stum
736 2041 901 2098 parun
931 2033 1219 2102 quamdam
1269 2033 1479 2088 foveam
1525 2036 1798 2089 exitialem
1847 2053 1966 2092 esse
2005 2037 2112 2094 l‘os-

540 2137 676 2185 sam,
706 2123 869 2192 683
897 2125 1273 2178 contumeliam
1326 2126 1532 2181 scilicet
1580 2129 1782 2193 crucis,
1827 2139 1882 2182 et
1937 2131 2112 2184 scelus

539 2223 774 2264 cruentae
800 2215 965 2266 cazdis
992 2213 1214 2268 Christi.
1265 2213 1552 2269 Perierunt
1588 2219 1730 2271 enim
1768 2220 1974 2281 miseri,
2019 2219 2108 2286 qui

550 2303 834 2358 Dominum
878 2306 1040 2373 impie
1072 2317 1422 2361 necaverunt.
1466 2307 1535 2362 lis
1576 2318 1754 2363 autem
1787 2311 1876 2377 qui
1911 2311 2114 2365 dilexe-

541 2403 665 2448 runt
701 2395 988 2449 adventum
1036 2396 1152 2466 ejus
1199 2399 1634 2461 delectationem,
1683 2409 1738 2454 et
1766 2401 2013 2465 delicias,
2053 2411 2108 2455 et

541 2485 671 2554 quid
697 2500 800 2540 non
827 2487 1042 2541 tandem
1071 2486 1228 2558 hujus
1259 2490 1474 2558 generis
1507 2491 1839 2569 contigisse?
1872 2492 2115 2548 Fuerunt

537 2575 680 2628 enim
711 2575 764 2629 in
804 2577 1059 2632 Ecclesiis
1097 2579 1240 2633 velut
1269 2582 1369 2634 sub
1399 2581 1605 2638 lit-ultus
1657 2591 1708 2636 et
1744 2583 1968 2640 vitibus.
2006 2585 2113 2640 Sed

539 2680 666 2721 ecce
685 2667 792 2720 alio
821 2670 945 2721 item
985 2671 1143 2723 modo
1174 2671 1434 2740 propheta
1465 2674 1776 2744 mysterium
1819 2676 1972 2730 vidit.
2003 2677 2114 2730 Au-

542 2773 690 2810 reum
731 2761 926 2828 quippe
951 2761 1336 2817 candelabrum
1381 2779 1568 2820 rursus
1611 2765 1906 2820 Ecclesiam
1942 2767 2113 2822 inter-

542 2857 842 2916 pretamur,
899 2859 1087 2919 utpote
1151 2853 1522 2910 honorabilem
1585 2857 1804 2924 mundo,
1860 2867 2112 2930 tanquam

541 2939 830 2994 virtutibus
895 2941 1315 2998 illustrissimam
1379 2961 1444 3001 ac
1486 2946 2003 3016 Splendidissimam,
2052 2959 2112 3006 ut

540 3023 770 3078 sublime
792 3027 1080 3082 admodum
1116 3029 1376 3086 elevatam
1401 3041 1542 3089 verae
1569 3037 1893 3105 cognitionis
1916 3038 2112 3094 divina

2221 584 2457 639 συνιέναι
2486 587 2697 650 λεπτῶς
2728 587 2826 656 τὴν
2862 588 3070 658 ὅρασιν,
3104 589 3488 644 διεπυνθάνετο
3521 592 3714 660 λέγων,
3747 594 3801 649 τί

2220 673 2286 727 ἂν
2312 677 2474 728 οἴοιτο
2526 676 2790 746 ὑπάρχειν
2839 677 2907 730 τὰ
2954 676 3290 747 δεδειγμένα.
3357 681 3799 753 Ἀπλανεστάτην

2219 781 2280 834 γε
2343 767 2449 836 μὴν
2503 769 2532 820 ὁ
2573 769 2858 840 προφήτης
2913 769 3012 836 τῆς
3075 769 3316 840 ὁράσεως
3365 773 3464 843 τὴν
3519 774 3798 843 ἀφήγησιν

2217 859 2452 910 ἐποιεῖτο
2481 858 2664 922 πάλιν,
2727 858 2948 928 λυχνίαν
2992 859 3293 929 ἑωρακέναι
3342 861 3514 928 λέγων
3560 865 3686 935 ὃλην
3729 867 3796 919 δι’

2215 950 2338 1003 ὅλου
2371 951 2598 1021 χρυσῆν·
2636 949 2819 1003 ἐπάνω
2851 950 2906 1002 δὲ
2933 950 3105 1020 αὐτῆς
3132 951 3191 1004 τὸ
3223 951 3547 1022 λαμπάδιον,
3567 957 3660 1010 καὶ
3690 961 3799 1028 μὴν

2217 1043 2311 1094 καὶ
2346 1042 2571 1112 λύχνους
2595 1042 2755 1107 ὲπτά,
2788 1044 2881 1095 καὶ
2944 1043 3262 1114 ἰσαρίθμους
3299 1047 3481 1109 αὐτοῖς
3543 1049 3642 1112 τάς
3697 1051 3795 1102 ἐπ-

2217 1135 2575 1205 αρυστρίδας,
2606 1134 2791 1197 ὲλαίας
2809 1133 2921 1199 δύο,
2960 1134 3086 1205 μίαν
3111 1136 3207 1205 μὲν
3229 1138 3292 1189 ὲκ
3317 1137 3505 1204 δεξιῶν
3533 1139 3626 1192 τοῦ
3657 1141 3798 1210 λαμ-

2217 1223 2429 1286 παδίου,
2475 1225 2706 1295 θατέραν
2736 1241 2796 1293 γε
2835 1224 2942 1296 μὴν
2971 1226 3228 1298 κειμένην
3254 1227 3314 1291 ἐξ
3342 1230 3658 1300 εὐωνύμων.
3687 1233 3797 1284 Καὶ

2214 1317 2380 1386 ἠμὲν
2427 1317 2804 1386 ὲμφανεστέρα
2837 1316 2941 1369 τῶν
2991 1314 3349 1389 δεδειγμένων
3398 1321 3651 1387 ἀπόδοσις
3707 1324 3794 1396 εἴη

2215 1406 2280 1459 ἀν
2305 1408 2402 1477 οὐχ
2429 1408 2592 1478 ἑτέρα
2622 1408 2773 1478 παρά
2803 1409 2994 1465 ταῦτα.
3027 1412 3146 1482 Χρὴ
3177 1411 3231 1463 δὲ
3259 1411 3384 1475 τοὺς
3412 1413 3509 1482 τῆς
3541 1414 3798 1468 ἐσωτάτω

2213 1497 2305 1550 τὸν
2328 1497 2450 1552 νοῦν
2480 1499 2719 1562 ἐνιέντας
2751 1503 3190 1572 περιεργότερον,
3215 1501 3528 1572 περιαθρεῖν
3557 1498 3616 1557 εὖ
3645 1504 3792 1574 μάλα

2216 1590 2508 1661 πειρᾶσθαι
2542 1591 2612 1644 τά
2639 1590 2963 1662 δηλούμενα,
3020 1595 3114 1647 καὶ
3167 1595 3373 1647 συνδεῖν
3421 1594 3650 1659 ἀστείως
3684 1599 3796 1660 τοῖς

2215 1681 2314 1751 ἤδη
2346 1681 2765 1751 προειρημένοις
2787 1684 2881 1736 καὶ
2901 1685 3044 1738 τάδε.
3082 1687 3224 1756 Ἔφη
3251 1686 3429 1738 τοίνυν
3475 1686 3504 1738 ὁ
3532 1688 3636 1740 τῶν
3658 1688 3794 1741 ὅλων

2213 1772 2367 1837 Θεὸς,
2392 1773 2473 1825 ὅτι
2519 1774 2608 1826 καὶ
2638 1773 2830 1844 βόθρον
2873 1777 3076 1847 ὀρύξει,
3129 1779 3222 1831 καὶ
3268 1779 3578 1852 ψηλαφήσει
3615 1783 3796 1832 πᾶσαν

2213 1865 2311 1934 τὴν
2338 1864 2552 1918 ἀδικίαν
2584 1866 2683 1934 τῆς
2723 1865 2825 1936 γῆς
2851 1868 3070 1938 ἐκείνης
3096 1869 3155 1922 ὲν
3190 1871 3374 1942 ἡμέρᾳ
3399 1873 3516 1942 μιᾷ.
3559 1873 3796 1941 Προτρέ-

2214 1973 2305 2009 πει
2361 1957 2417 2009 δὲ
2469 1957 2564 2010 καὶ
2604 1957 2814 2026 ἑτέροις
2868 1960 3159 2027 συγκαλεῖν
3219 1961 3478 2032 ἀλλήλους
3537 1963 3796 2016 ὑποκάτω

2215 2049 2461 2118 ἀμπέλου
2513 2049 2605 2101 καὶ
2641 2048 2895 2102 ὑποκάτω
2930 2051 3120 2121 συκῆς.
3165 2052 3352 2121 Ἡμεῖς
3376 2052 3433 2106 δὲ
3465 2053 3609 2122 σαφῆ
3661 2052 3796 2104 καθ-

2215 2138 2459 2200 ιστάντες
2493 2137 2590 2208 τῆς
2626 2140 2963 2210 προφητείας
3014 2140 3104 2194 τὸν
3131 2141 3352 2204 σκοπὸν,
3407 2141 3665 2212 ἐλέγομεν
3713 2144 3796 2194 ὅτι

2213 2233 2324 2294 τοῖς
2341 2232 2437 2300 μὲν
2457 2229 2703 2284 ἀπειθεῖν
2724 2231 3045 2301 ᾑρημένοις,
3063 2232 3159 2284 καί
3185 2232 3543 2301 ἀτιμάζουσιν
3569 2235 3795 2304 ἀμαθῶς

2212 2321 2312 2391 τὴν
2343 2321 2432 2374 διά
2465 2319 2700 2392 Χριστοῦ
2735 2321 3028 2392 σωτηρίαν,
3051 2321 3241 2394 βόθρος
3269 2321 3359 2377 οἷά
3384 2343 3466 2388 τις
3487 2326 3794 2398 ὀρώρυκται

2214 2413 2597 2484 κατακομίζων
2627 2415 2705 2477 είς
2727 2412 2965 2484 ὄλεθρον,
2997 2417 3030 2486 ἡ
3056 2417 3147 2469 ἐπὶ
3174 2416 3252 2485 τῷ
3280 2417 3495 2488 σταυρῷ
3519 2421 3791 2489 παροινία,

2213 2505 2430 2575 καὶτῆς
2473 2505 2615 2559 κατά
2661 2506 2899 2577 Χριστοῦ
2963 2507 3274 2577 μιαιφονίας
3323 2508 3392 2562 τά
3450 2510 3793 2580 ἐγκλήματα.

2225 2595 2561 2649 Ἀπολώλασι
2637 2597 2748 2669 γὰρ
2829 2597 2879 2651 oi
2955 2596 3179 2651 δείλαιοι
3257 2601 3792 2670 Κυριοκτονήσαντες

2213 2685 2462 2752 ἀνοσίως.
2486 2687 2612 2751 Τοῖς
2631 2704 2695 2756 γε
2731 2687 2835 2758 μὴν
2865 2688 3177 2757 ἠγαπηκόσι
3223 2689 3324 2760 τὴν
3347 2691 3666 2759 ἐπιφάνειαν
3696 2690 3792 2748 αὺ-

2212 2775 2306 2830 τοῦ
2329 2777 2518 2848 τέρψις
2548 2795 2609 2830 τε
2641 2778 2734 2832 καὶ
2766 2777 2966 2850 τρυφὴ,
2988 2779 3081 2832 κα)⁵
3117 2779 3170 2832 τί
3202 2777 3310 2849 γὰρ
3338 2780 3457 2850 οὐχὶ
3489 2780 3596 2833 τῶν
3619 2780 3792 2833 τοιού-

2211 2889 2317 2926 των
2347 2871 2588 2942 ὑπῆρξε;
2618 2871 2880 2941 Γεγόνασι
2903 2872 3013 2944 γὰρ
3051 2873 3127 2937 ὼς
3157 2873 3262 2926 ὑπὸ
3289 2876 3484 2937 συκαῖς
3551 2874 3646 2928 καὶ
3679 2876 3786 2942 ἀμ-

2214 2961 2403 3026 πέλοις
2436 2964 2560 3026 ταῖς
2601 2963 2971 3036 Ἐκκλησίαις.
3014 2963 3154 3017 ’Δλλ’
3191 2965 3296 3018 ίδοὺ
3333 2965 3426 3018 καὶ
3467 2964 3587 3018 καθ’
3610 2964 3791 3035 ἕτερον

2212 3049 2413 3120 τρόπον
2440 3049 2533 3104 τοῦ
2584 3053 2885 3123 μυστηρίου
2917 3052 3016 3123 τὴν
3063 3052 3290 3122 δύναμιν
3327 3053 3356 3104 ὁ
3389 3054 3672 3122 προφήτης
3706 3069 3793 3104 τε-

539 3113 828 3178 dogmatis,
864 3131 1027 3184 super
1064 3132 1166 3186 qua
1205 3118 1409 3190 lampas
1456 3133 1560 3188 est,
1611 3139 1802 3195 nempe
1837 3125 2110 3192 Christus,

2215 3113 2426 3196 θέαται.
2481 3113 2597 3212 Τὴν
2651 3113 2782 3212 γάρῖ
2815 3159 2896 3195 τοι
2929 3113 3135 3212 χρυσῆν
3182 3113 3403 3210 λυχνίαν
3437 3113 3790 3212 ’φαμένΙεῖναι

537 3204 606 3258 de
639 3219 746 3274 quo
774 3207 913 3262 Deus
950 3218 1001 3263 et
1039 3209 1237 3266 Pater:
1277 3231 1296 3264 ι
1328 3212 1556 3284 Propter
1595 3217 1724 3272 Sion
1758 3233 1860 3272 non
1899 3221 2112 3287 tacebo,

537 3307 592 3350 et
620 3306 839 3368 propter
866 3297 1161 3356 Jerusalem
1198 3319 1306 3358 non
1335 3308 1636 3376 quiescam,
1665 3308 1842 3366 donec
1868 3311 2114 3382 egredia-

541 3395 629 3438 tur
670 3397 728 3440 ut
767 3387 945 3442 lumen
976 3391 1183 3458 iustitia
1239 3409 1380 3460 mea,
1431 3408 1486 3450 et
1537 3399 1774 3455 salutare
1830 3417 2006 3458 meum
2055 3411 2116 3458 ut

542 3477 748 3542 lampas
781 3480 1104 3533 acccndetur
1127 3481 1192 3533 ¹⁸.
1223 3501 1243 3533 ι
1291 3483 1441 3537 llanc
1469 3486 1768 3554 lampadem
1801 3491 2113 3547 universum

539 3566 729 3621 urbem
781 3569 1175 3626 illuminantcm
1235 3588 1399 3643 super
1442 3577 1828 3632 candelabrum
1875 3581 2016 3636 Deus
2061 3591 2118 3638 et

544 3658 701 3714 Pater
733 3662 955 3730 posuit:
994 3682 1011 3714 ι
1047 3661 1118 3718 Ut
1147 3679 1336 3720 omnes
1378 3666 1470 3736 qui
1523 3667 1896 3736 ingrediuntur
1934 3671 2114 3728 lumen

541 3751 778 3816 videant,
825 3763 879 3807 et
919 3754 1098 3809 luceat
1143 3758 1394 3812 omnibus
1427 3761 1517 3828 qui
1562 3759 1613 3814 in
1651 3759 1811 3816 domo
1838 3772 1963 3818 sunt
1988 3764 2052 3817 ⁸⁸.
2090 3782 2110 3816 ι

543 3842 760 3910 Septem
798 3854 980 3898 autem
1013 3857 1141 3900 sunt
1185 3847 1439 3913 lucernae,
1474 3863 1579 3902 non
1627 3851 1887 3905 habentes
1933 3851 2111 3906 lumen

542 3935 862 3998 proprium,
922 3938 1016 3989 sed
1075 3936 1349 3989 inductum
1423 3947 1478 3992 et
1525 3948 1830 4005 externum,
1902 3951 1957 3994 et
2011 3942 2114 3996 olei

541 4022 808 4077 aﬂ‘usioue
861 4027 1146 4088 nutritum,
1181 4043 1301 4096 quae
1331 4039 1385 4082 et
1425 4030 1555 4098 ipsa:
1584 4042 1802 4085 sanctos
1841 4033 2114 4102 apostolos

541 4114 806 4182 referunt,
856 4126 910 4171 et
949 4117 1310 4187 evangelisms
1363 4120 1603 4188 insuper,
1647 4130 1701 4176 et
1748 4122 1836 4190 qui
1890 4123 2114 4192 singulis

548 4206 880 4274 temporibus
913 4207 1236 4261 exstiterunt
1271 4209 1628 4266 Ecclesiarum
1680 4213 1988 4282 Inagislros,
2020 4215 2110 4284 qui

541 4295 990 4352 illmniuatiouem
1047 4315 1074 4351 τι
1121 4299 1340 4356 Christo
1387 4301 1550 4356 veluti
1592 4304 1849 4372 quosdam
1891 4305 2114 4376 lychnus

538 4386 592 4443 in
629 4391 824 4444 animis
889 4400 943 4444 et
975 4392 1229 4448 cordibus
1274 4394 1386 4447 suis
1411 4407 1787 4464 susceperunt,
1823 4399 1908 4451 cui
1941 4397 2113 4467 Spiri-

2218 3230 2380 3284 πάλιν
2419 3229 2518 3304 τὴν
2579 3230 2928 3300 Ἐκκλησίαν,
2980 3231 3055 3294 ὼς
3100 3226 3469 3299 τετιμημένην
3496 3233 3552 3284 ὲν
3580 3232 3788 3302 κόσμῳ,

2213 3322 2644 3394 διαφανεστάτην
2668 3324 2729 3377 ἐν
2753 3324 2997 3396 ἀρεταῖς,
3026 3322 3102 3386 ὡς
3131 3319 3266 3391 ὑψοῦ
3291 3321 3354 3392 δὴ
3381 3321 3500 3376 λίαν
3548 3323 3793 3392 ἠρμένην

2213 3415 2327 3478 τοῖς
2358 3415 2459 3483 τῆς
2520 3413 2781 3484 ἀληθινῆς
2834 3413 3161 3482 θεογνωσίας
3204 3411 3491 3482 δόγμασιν,
3542 3407 3688 3484 ὲφ“ᾖ
3735 3413 3794 3464 τὸ

2214 3504 2539 3572 λαμπάδιον,
2571 3505 2836 3564 τουτέστι,
2868 3505 3122 3576 Χριστὸς,
3155 3505 3286 3575 περὶ
3307 3496 3367 3555 οῦ
3403 3518 3567 3571 φησιν
3610 3504 3637 3553 ό
3661 3503 3794 3565 Θεὸς

2216 3593 2310 3646 καὶ
2332 3595 2543 3665 Πατήρο
2581 3611 2599 3644 ι
2628 3593 2727 3645 Διά
2765 3593 2904 3648 Σιὼν
2953 3596 3015 3648 οὐ
3046 3598 3418 3666 σιωπήσομαι,
3444 3593 3537 3646 καὶ
3566 3591 3653 3645 διὰ
3693 3594 3791 3645 Ἱε-

2218 3687 2502 3759 ρουσαλὴμ
2550 3687 2651 3740 οὐκ
2696 3688 2901 3758 ἀνήσω,
2953 3688 3058 3748 ἕως
3083 3686 3149 3739 ἂν
3182 3688 3375 3758 ἐξέλθῃ
3395 3687 3470 3748 ὡς
3517 3683 3629 3753 φῶς
3658 3686 3691 3754 ἡ
3717 3684 3794 3737 δι-

2215 3780 2474 3848 καιοσύνη
2507 3794 2632 3847 μου,
2661 3778 2722 3830 τὸ
2747 3779 2801 3831 δὲ
2831 3777 3096 3845 σωτήριόν
3124 3793 3226 3846 μου
3245 3778 3319 3839 ὡς
3345 3777 3563 3844 λαμπὰς
3593 3777 3792 3845 καυθή-

2218 3885 2388 3921 σεται.
2416 3886 2435 3920 ι
2470 3866 2642 3920 Τοῦτο
2663 3869 2771 3940 γὰρ
2796 3867 3099 3937 λαμπάδιον
3120 3867 3180 3920 τὸ
3211 3868 3389 3920 πᾶσαν
3419 3867 3792 3934 καταφωτίζον

2212 3959 2312 4028 τὴν
2346 3959 2436 4010 ὑπ’
2464 3958 2708 4027 οὐρανὸν,
2763 3959 2856 4012 ἐπὶ
2887 3961 2950 4029 τῇ
2983 3957 3174 4028 λυχνίᾳ
3202 3958 3443 4010 τέθεικεν
3466 3961 3494 4011 ὁ
3528 3958 3660 4021 Θεὸς
3701 3958 3793 4011 καὶ

2215 4051 2426 4121 Πατὴρ,
2455 4069 2473 4101 ι
2503 4051 2618 4103 Ἷνα
2641 4052 2840 4114 πάντες
2871 4052 2920 4104 οἱ
2947 4050 3412 4121 εἰσπορευόμενοι,
3433 4051 3494 4103 τὸ
3523 4051 3638 4120 φῶς
3671 4049 3790 4120 βλέ-

2216 4159 2382 4206 πωσι,
2415 4144 2509 4196 καὶ
2532 4142 2723 4214 λάμπῃ
2749 4145 2880 4196 πᾶσι
2905 4145 3016 4205 τοῖς
3049 4145 3106 4194 ἐν
3162 4145 3226 4212 τῇ
3271 4143 3440 4212 οἰκίᾳ.
3475 4160 3494 4194 ι
3538 4141 3706 4194 Ἑπτά
3736 4140 3792 4193 δὲ

2214 4234 2262 4285 οἱ
2309 4233 2511 4303 λύχνοι,
2537 4233 2651 4303 φῶς
2686 4235 2785 4287 οὐκ
2819 4234 3032 4304 ἔχοντες
3084 4233 3236 4294 ἴδιον,
3266 4233 3381 4286 ἀλλ’
3406 4234 3660 4292 ἐπακτὸν,
3699 4231 3792 4283 καὶ

2214 4327 2428 4392 ἔξωθεν,
2463 4327 2556 4379 καὶ
2599 4329 2718 4389 ταῖς
2751 4326 2816 4378 δι’
2848 4326 3029 4379 ἐλαίου
3078 4326 3366 4396 χορηγίαις
3415 4324 3748 4394 τρεφόμενον
3775 4337 3787 4350 ’

2214 4419 2535 4489 σημαίνουσι
2559 4419 2616 4472 δὲ
2643 4419 2734 4472 καὶ
2757 4419 2909 4472 αὐτοὶ
2929 4418 3054 4480 τοὺς
3092 4417 3278 4485 ἁγίους
3307 4416 3661 4476 ἀποστόλους,
3701 4413 3792 4465 καὶ

540 4487 627 4530 tus
678 4491 893 4533 sanctus
939 4481 1195 4535 alimenta
1238 4486 1619 4552 suppeditavit,
1663 4489 1752 4554 qui
1798 4489 2108 4543 douiesticis

2217 4509 2398 4578 μέντοι
2458 4511 2553 4564 καὶ
2577 4509 2991 4579 εὐαγγελιστάς,
3022 4508 3117 4562 καὶ
3149 4509 3275 4568 τοὺς
3304 4507 3448 4560 κατά
3473 4507 3661 4574 καιρὸν
3683 4504 3790 4558 τῶν

537 4571 720 4622 lumen
789 4571 1030 4636 praebent
1081 4581 1134 4624 et
1189 4573 1476 4626 credentes
1535 4590 1638 4626 una
1689 4591 1814 4628 cum
1865 4576 2112 4646 lampade

542 4657 869 4712 illuminant.
901 4658 1139 4714 Observa
1175 4671 1461 4727 prmterea,
1510 4673 1718 4730 septem
1762 4663 1997 4718 lucernis
2031 4667 2113 4720 in-

540 4747 742 4802 l'usoria
773 4749 1028 4814 adfuisse,
1075 4765 1168 4818 per
1201 4767 1320 4819 qua:
1354 4753 1458 4806 illis
1491 4753 1668 4806 oleum
1713 4753 2108 4821 inl'underetur,

539 4839 770 4908 lampadi
832 4856 937 4894 non
984 4841 1241 4896 adfuisse.
1279 4842 1416 4909 Quid
1467 4843 1582 4898 ita?
1615 4853 1699 4897 est
1748 4845 1888 4899 enim
1935 4845 2110 4899 lumen

539 4945 727 4987 verum
763 4931 948 4994 Filius,
979 4948 1084 4986 non
1135 4945 1438 4999 externum,
1468 4950 1644 5004 neque
1676 4934 1972 4997 inductum,
2015 4949 2112 4989 nec

540 5023 608 5078 ab
636 5025 743 5078 alio
782 5025 992 5090 datum,
1031 5025 1118 5079 cui
1162 5023 1392 5080 facultas
1425 5025 1762 5080 illuminandi
1805 5025 2110 5093 contigerit,

543 5112 638 5168 sed
682 5114 799 5181 ipse
831 5123 916 5168 est
950 5115 1246 5170 secundum
1280 5125 1526 5171 naturam
1579 5117 1755 5172 lumen
1786 5137 1798 5172 :
1831 5119 1969 5186 quod
2010 5133 2112 5172 au-

543 5217 648 5258 tem
705 5208 759 5260 in
811 5210 1016 5265 sanctis
1065 5219 1166 5276 est,
1210 5211 1279 5266 ab
1333 5212 1448 5282 ipso
1496 5216 1952 5269 communicatum
1999 5226 2102 5271 est.

542 5297 886 5353 Testilicatur
933 5301 984 5355 id
1027 5301 1245 5371 sapiens
1284 5301 1518 5359 Joannes
1559 5317 1574 5357 :
1610 5322 1628 5355 ι
1659 5303 1734 5358 De
1778 5305 2111 5374 plenitudine

541 5387 684 5453 ejus,
744 5389 937 5459 inquit,
999 5408 1191 5450 omnes
1245 5397 1639 5465 accepimus".
1676 5416 1694 5449 ›
1751 5397 1869 5468 Ipse
1930 5409 2108 5455 autem

544 5479 712 5533 Filius
742 5497 926 5536 verum
974 5484 1154 5540 lumen
1182 5488 1452 5545 claritatis
1483 5505 1594 5545 sum
1625 5493 1912 5561 participes
1941 5492 2111 5548 factos

544 5571 726 5626 mundi
766 5571 943 5629 lumen
978 5578 1307 5647 appellabat.
1358 5581 1444 5636 Ait
1493 5583 1694 5638 etenim
1735 5584 1941 5640 sanctis
1975 5600 2108 5655 apo-

617 5745 661 5778 “
693 5743 797 5800 lsa.
830 5763 959 5814 LXII,
1006 5751 1051 5805 l.

1134 5753 1174 5784 ’⁸
1205 5752 1335 5808 Luc.
1367 5770 1440 5820 si,
1474 5756 1541 5811 55
1643 5759 1684 5780 ”
1717 5755 1870 5812 Joan.
1907 5774 1946 5826 I,
1975 5758 2055 5812 l6.

2227 4599 2559 4668 Ἐκκλησιῶν
2594 4599 2969 4661 διδασκάλους,
3020 4597 3341 4667 δεχομένους
3391 4598 3486 4666 μὲν
3525 4591 3614 4648 οἷά
3641 4612 3788 4657 τινας

2213 4687 2437 4758 λύχνους
2499 4690 2578 4752 εἰς
2625 4689 2748 4742 νοῦν
2798 4691 2888 4741 καὶ
2930 4689 3156 4757 καρδίαν
3217 4686 3306 4738 τὸν
3351 4687 3502 4756 παρά
3555 4683 3788 4757 Χριστοῦ

2214 4778 2516 4847 φωτισμὸν,
2559 4779 2652 4830 καὶ
2677 4781 2797 4842 ταῖς
2852 4778 2947 4831 τοῦ
2995 4776 3311 4846 Πνεῦματος
3360 4777 3642 4846 χορηγίαις
3670 4793 3789 4845 τρε-

2215 4869 2448 4938 φόμενον
2482 4868 2726 4936 ἔχοντας,
2753 4869 2933 4931 ἱέντας
2957 4885 3020 4936 γε
3052 4868 3155 4938 μὴν
3201 4871 3314 4930 τοῖς
3350 4870 3408 4920 ὲν
3443 4871 3509 4938 τῇ
3557 4867 3702 4937 οἰκία
3731 4867 3790 4919 τὸ

2215 4957 2348 5026 φῶς,
2379 4958 2471 5011 καὶ
2498 4956 2574 5026 τῷ
2592 4957 2881 5028 λαμπαδίῳ
2911 4957 3462 5026 συγκαταυγάζοντας
3515 4958 3640 5018 τοὺς
3696 4971 3790 5006 πε-

2214 5048 2594 5110 πιστευκότας.
2634 5049 2915 5119 Ἐπιτήρει
2963 5050 3039 5110 δὲ,
3066 5050 3149 5102 ὄτι
3191 5052 3303 5112 τοῖς
3346 5049 3442 5118 μὲν
3491 5047 3632 5101 ἐπτά
3685 5046 3779 5099 λύ-

2227 5155 2375 5209 χνοις
2399 5139 2794 5208 ἑπαρυστρίδες
2816 5135 2976 5209 ἦσαν,
3011 5139 3077 5192 δι’
3123 5133 3198 5192 ὧν
3231 5139 3415 5201 αὐτοῖς
3449 5140 3710 5207 εἰσεχεῖτο
3731 5136 3791 5188 τὸ

2217 5229 2415 5290 ἔλαιον,
2438 5229 2805 5298 ὲπαρυστρίδα
2849 5247 2913 5298 γε
2963 5232 3070 5301 μὴν
3107 5231 3168 5284 τὸ
3193 5230 3498 5297 λαμπάδιον
3523 5229 3622 5280 οὐκ
3655 5227 3786 5297 ἔχει.

2215 5318 2316 5371 Διά
2348 5317 2504 5371 ποίαν
2536 5317 2736 5384 αίτίαν;
2767 5319 2884 5382 Φῶς
2920 5321 3015 5388 μὲν
3051 5320 3160 5390 γάρ
3210 5322 3326 5372 ἐστι
3365 5320 3426 5372 τὸ
3457 5317 3716 5388 ἀληθινὸν
3763 5319 3791 5369 6

2218 5405 2365 5470 Υἱὸς,
2396 5409 2496 5460 οὐκ
2521 5404 2739 5473 ἔξωθεν,
2762 5407 2868 5460 οὔδ’
2891 5409 3145 5470 ἐπακτὸν,
3181 5407 3304 5460 οὔτε
3346 5408 3451 5477 μὴν
3505 5408 3632 5478 παρ’
3673 5406 3788 5460 ἑτέ-

2221 5514 2312 5567 ρου
2339 5498 2488 5550 δοτὸν
2510 5498 2569 5551 τὸ
2593 5500 2991 5567 καταφωτίςειν
3031 5499 3288 5552 δύνασθαι
3322 5498 3522 5569 λαχώψ
3553 5497 3670 5550 ἀλλ’
3694 5499 3790 5551 a5-

2216 5587 2308 5651 τὸς
2339 5587 2478 5642 κατά
2509 5587 2669 5658 φύσιν
2695 5590 2954 5660 ὑπάρχων
2994 5589 3126 5657 φῶς·
3175 5590 3437 5659 μεθεκτόν
3468 5604 3528 5656 γε
3563 5586 3670 5657 μὴν
3731 5588 3790 5640 έν
