4080 6284
282 350 345 405 Cl
1130 353 1680 414 COMMENTARIUS
1720 358 1785 415 IN
1832 361 2235 419 ZACIIARIAM
2281 365 2726 427 PROPHETAM.
3478 382 3548 435 σε

280 474 392 536 τοῖς
423 473 600 542 ἁγίοις
643 474 735 527 καὶ
776 474 904 544 παρ’
935 474 1123 529 αὐτοῦ.
1172 476 1283 528 Καὶ
1319 476 1727 549 πληροφορήσει
1772 481 1853 533 λέ-

1964 484 2117 536 stolis
2154 503 2166 537 :
2200 503 2217 535 ι
2252 485 2355 539 Vos
2389 464 2525 542 estis
2557 490 2646 543 lux
2685 491 2869 545 mundi
2899 491 2964 544 ¹⁸.
3002 511 3020 545 ι
3054 492 3176 547 Jatn
3210 494 3327 551 duae
3368 496 3546 565 olivae,

282 581 396 633 γων
424 566 453 618 6
497 564 655 633 σοφὸς
697 565 968 632 Ἰωάννης,
1021 565 1102 618 ὅτι
1153 585 1172 617 t
1216 567 1310 620 Ἐκ
1356 568 1451 620 τοῦ
1496 568 1858 638 πληρώματος

285 653 452 710 αὐτοῦ
486 658 644 725 ἡμεῖς
667 655 864 717 πάντες
891 654 1174 726 ἐλάϐομεν.
1212 675 1231 707 ι
1274 659 1392 723 Φῶς
1431 660 1487 712 δὲ
1515 660 1775 732 ὑπάρχων
1800 663 1860 715 τὸ

288 746 539 818 ἀληθινὸν
575 748 602 800 ό
637 746 782 811 Υἱὸς,
812 747 928 815 φῶς
956 748 1205 819 ὠνόμαζε
1234 749 1328 803 τοῦ
1370 752 1573 822 κόσμου
1601 754 1726 816 τοὺς
1761 753 1859 819 τῆς

286 840 416 908 παρ’
441 837 605 891 αὐτοῦ
661 836 1045 910 λαμπρότητος
1072 841 1129 892 ἐν
1166 842 1382 910 μεθέξει
1436 844 1855 914 γεγενημένους.

288 927 430 996 Ἔφη
460 927 567 997 γὰρ
593 930 702 991 τοῖς
737 928 914 995 ἁγίοις
948 930 1285 993 ἀποστόλοις·
1323 951 1342 984 t
1388 933 1577 1004 Ὑμεῖς
1624 937 1749 988 ἐστε
1798 936 1861 988 τὸ

282 1019 397 1086 φῶς
424 1017 517 1071 τοῦ
570 1018 796 1089 κόσμου.
841 1038 859 1069 ι
904 1021 970 1071 Al
1016 1020 1110 1073 δύο
1158 1038 1221 1089 γε
1279 1022 1385 1092 μὴν
1438 1024 1634 1089 ἐλαῖαι,
1670 1026 1765 1095 μία
1796 1027 1860 1079 ἐκ

279 1108 490 1175 δεξιῶν,
515 1111 608 1161 καὶ
642 1109 739 1177 μία
769 1109 827 1173 ἐξ
855 1111 1151 1181 εὐωνύμων
1187 1112 1281 1165 τοῦ
1332 1113 1638 1183 λαμπαδίου
1671 1116 1860 1185 κείμε-

278 1215 389 1264 ναι,
414 1201 541 1261 rei);
569 1198 662 1251 δύο
682 1198 845 1262 λαοὺς
877 1200 1331 1271 ὑποσημαίνουσι,
1376 1206 1658 1275 μονονουχὶ
1688 1208 1782 1259 καὶ
1803 1211 1861 1260 ἐν

277 1286 466 1356 κύκλῳ
516 1289 888 1358 περιεστῶτας
931 1291 1185 1359 Χριστόν.
1244 1292 1571 1363 Τετίμηνται
1620 1296 1728 1364 γὰρ
1784 1296 1862 1360 ὡς

275 1376 568 1446 ἠλεημένοι
594 1380 658 1448 τῇ
686 1379 862 1450 τοιᾷδε
904 1381 1111 1434 στάσει.
1144 1382 1252 1434 Καὶ
1279 1383 1325 1434 oi
1358 1382 1459 1450 μὲν
1483 1380 1623 1452 ἦσαν
1658 1386 1721 1437 ἐκ
1759 1387 1859 1456 τῆς

277 1467 641 1533 καλλιελαίου,
672 1470 936 1532 τουτέστι,
970 1471 1070 1540 τῆς
1119 1472 1388 1526 Ἰουδαίων
1426 1474 1776 1545 Συναγωγῆς·
1808 1479 1857 1529 οί

274 1556 333 1610 δὲ
362 1558 459 1627 τῆς
488 1558 681 1629 ἀγρίου
711 1560 809 1630 μὲν
858 1559 1149 1628 ἐξέφυσαν,
1179 1562 1446 1626 τουτέστι,
1472 1564 1574 1633 τῆς
1605 1562 1665 1629 ἐξ
1688 1565 1857 1619 ἐθνῶν

276 1646 536 1717 πληθύος.
569 1649 712 1719 Πλὴν
736 1652 1208 1723 ὲγκεντρισθέντες
1234 1656 1314 1717 εἰς
1353 1654 1454 1726 τὴν
1485 1656 1849 1722 καλλιέλαιον,

275 1742 521 1793 κοινωνοὶ
570 1742 824 1809 γεγόνασι
879 1743 979 1812 τῆς
1028 1746 1283 1814 πιότητος
1342 1748 1440 1817 τῆς
1501 1748 1678 1819 ῥίζης,
1718 1748 1859 1803 κατὰ

1964 588 2069 626 una
2099 590 2127 627 a
2157 575 2389 641 dextris,
2421 587 2476 632 et
2503 581 2673 633 altera
2706 597 2735 634 a
2762 582 3003 638 sinistris
3036 583 3302 654 lampadis
3331 592 3545 655 posita,

1962 664 2097 718 duos
2132 666 2359 733 populos
2397 668 2696 734 insinuant,
2728 671 2883 739 quasi
2927 672 2980 726 in
3027 674 3216 728 orbem
3264 672 3543 730 Christum

1962 754 2401 811 circumstantes.
2440 756 2576 811 Nam
2609 769 2667 813 ut
2721 762 3153 817 misericordiam
3188 765 3389 833 adepti,
3428 776 3543 820 sta-

1963 844 2107 898 tione
2133 845 2441 914 hujusmodi
2472 848 2675 916 dignati
2716 858 2862 903 sunt.
2902 852 2965 904 Et
3016 851 3091 905 illi
3120 853 3339 920 quidem
3382 865 3544 908 erant

1961 950 2030 988 ex
2064 936 2198 989 bona
2248 936 2411 998 oliva.
2454 940 2711 992 nimirum
2754 956 2818 994 ex
2867 940 3151 1011 Synagoga
3182 942 3539 997 Iudaeorum:

1965 1026 2017 1078 bi
2049 1042 2113 1078 ex
2148 1026 2382 1079 oleastro
2415 1030 2603 1097 geniti,
2642 1031 2742 1083 hoc
2779 1038 2864 1084 est
2911 1046 2977 1083 ex
3022 1034 3263 1099 gentium
3297 1034 3540 1087 multitu-

1962 1118 2783 1189 diue".684Verumtamen
2839 1123 3028 1176 inserti
3078 1125 3131 1176 in
3186 1124 3383 1177 bonam
3434 1124 3541 1177 oli-

1962 1224 2107 1275 vam,
2144 1211 2521 1277 pinguedinem
2574 1213 2774 1267 radicis
2828 1222 3195 1277 attraxerunt,
3247 1223 3304 1267 ut
3350 1216 3541 1268 scribit

1961 1301 2154 1354 beatus
2203 1300 2401 1355 Paulus
2424 1302 2490 1355 ⁸ο.
2550 1302 2826 1370 Perpende
2877 1304 2988 1371 jam
3055 1305 3329 1373 quomodo
3378 1320 3540 1374 super

1960 1391 2345 1445 candelabrum
2378 1392 2541 1446 simul
2566 1408 2689 1446 cum
2723 1393 2970 1462 lampade
3002 1396 3164 1448 etiam
3195 1395 3429 1448 lucerna:
3486 1407 3538 1449 et

1960 1483 2077 1535 dua:
2121 1483 2278 1536 oliva:
2315 1493 2461 1537 sunt.
2508 1482 2605 1537 Est
2658 1484 2803 1537 enim
2852 1485 3132 1537 nobiscum
3185 1486 3239 1537 in
3300 1485 3538 1539 Ecclesia

1958 1572 2229 1637 Christus,
2276 1583 2331 1626 et
2377 1574 2722 1628 credentium
2775 1574 3063 1626 multitudo
3115 1574 3537 1627 misericordiam

1960 1674 2272 1727 consecuta,
2298 1679 2415 1733 ejus
2443 1664 2647 1718 lumine
2668 1665 3041 1727 illuminatur;
3073 1663 3375 1717 illustratur
3400 1678 3539 1730 prte-

1966 1765 2109 1807 terea
2141 1770 2234 1823 per
2278 1755 2552 1819 lucernas,
2587 1772 2706 1824 qua:
2740 1756 2807 1809 ab
2849 1756 2965 1824 ipso
3010 1754 3265 1807 similiter
3293 1770 3540 1809 commu-

272 1831 373 1901 τὴν
409 1830 500 1883 τοῦ
535 1833 804 1903 μακαρίου
852 1834 1067 1887 Παύλου
1132 1839 1338 1907 φωνήν.
1371 1839 1562 1910 Ἀθρει
1622 1839 1680 1891 δὲ
1710 1841 1853 1904 ὅπως

1963 1844 2197 1897 nicatuni
2230 1846 2409 1897 lumen
2458 1847 2760 1899 continent.
2798 1845 2876 1899 Ne
2918 1847 3136 1913 ignores
3166 1860 3350 1913 porro,
3379 1846 3540 1899 etiam

271 1923 368 1977 ἐπὶ
390 1925 489 1994 τὴν
519 1926 743 1994 λυχνίαν
767 1925 902 1995 ὁμοῦ
934 1926 1014 1995 τῷ
1051 1926 1346 1998 λαμπαδίῳ
1404 1932 1501 1983 καὶ
1554 1930 1605 1983 οἱ
1653 1929 1855 2000 λύχνοι,

274 2015 371 2065 καλ.
404 2016 462 2066 αἱ
501 2014 595 2067 δύο
639 2016 838 2071 ἐλαῖαι.
867 2018 1091 2072 Σύνεστι
1149 2017 1257 2088 γὰρ
1292 2022 1424 2090 ἡμῖν
1457 2022 1515 2074 ὲν
1562 2021 1858 2092 Ἐκκλησία

276 2101 534 2169 Χριστὸς,
564 2104 661 2156 καὶ⁸
686 2104 795 2156 τῶν
823 2107 1263 2160 πεπιστευκότων
1284 2110 1317 2178 ἡ
1346 2108 1618 2179 ἠλεημένη
1648 2107 1856 2178 πληθὺς

278 2191 698 2261 καταλάμπεται
726 2195 824 2264 μὲν
873 2195 951 2264 τῷ
1002 2199 1131 2266 παρ’
1162 2198 1333 2251 αὐτοῦ
1360 2200 1519 2267 φωτὶ,
1559 2200 1855 2268 φωτίζεται

270 2282 330 2334 δέ
364 2282 459 2335 καὶ
491 2283 579 2336 διὰ
633 2284 862 2355 λύχνων,
910 2288 960 2339 οἳ
1023 2288 1284 2357 μεθεκτὸν
1330 2289 1515 2358 ἔχουσι
1570 2291 1664 2344 καὶ
1720 2292 1855 2361 παρ’

268 2372 436 2427 αὐτοῦ
466 2374 525 2426 τὸ
555 2375 689 2441 φῶς.
739 2376 933 2429 Ἰστέον
973 2377 1051 2442 δὲ,
1082 2378 1163 2431 ὃτι
1219 2380 1312 2431 καὶ
1337 2382 1394 2432 ἐν
1420 2383 1485 2452 τῇ
1537 2385 1851 2454 κατασκευῇ

264 2465 369 2534 τῆς
395 2465 555 2530 ἁγίας
587 2467 791 2536 σκηνῆς
829 2467 1004 2522 ἔκειτο
1032 2470 1132 2540 μὲν
1170 2471 1249 2535 εἰς
1274 2472 1342 2525 τὰ
1361 2473 1528 2539 ’Ἅγια
1547 2474 1654 2528 τῶν
1681 2476 1853 2543 ἁγίων

265 2556 407 2611 ἑπτὰ
445 2557 672 2628 λύχνους
703 2559 900 2629 ἔχουσα
944 2560 1137 2630 λυχνία
1191 2564 1386 2633 χρυσῆ.
1424 2566 1766 2637 Προσέταττε
1796 2568 1854 2622 δὲ

272 2643 401 2711 θεὸς
429 2648 508 2719 τῷ
547 2648 780 2719 Ἀαρὼν,
806 2651 1000 2719 λέγων,
1047 2653 1128 2704 ὅτι
1179 2672 1197 2704 ι
1234 2654 1389 2707 Κατὰ
1425 2652 1718 2725 πρόσωπον
1748 2658 1853 2726 τῆς

266 2742 487 2812 λυχνίας
540 2745 604 2796 ἐκ
650 2743 746 2797 τοῦ
804 2746 977 2798 νοτίου
1042 2745 1246 2817 μέρους
1314 2749 1577 2817 φανοῦσιν
1618 2753 1665 2805 oi
1708 2753 1851 2806 ἑπτὰ

266 2828 470 2900 λύχνοι.
507 2849 526 2883 ι
566 2832 642 2884 Οὐ
704 2832 814 2904 γὰρ
873 2836 985 2897 τοῖς
1028 2836 1257 2889 κατόπιν
1312 2839 1483 2909 αὐτῆς
1529 2842 1559 2893 ὁ
1595 2841 1685 2895 διὰ
1741 2843 1850 2897 τῶν

264 2919 474 2991 λύχνων
500 2922 705 2976 δέδοται
732 2926 1034 2995 φωτισμὸς,
1061 2927 1198 2982 ἀλλὰ
1248 2931 1361 2994 τοῖς
1391 2930 1465 2994 ὡς
1492 2934 1551 2985 ἐν
1571 2933 1851 3006 προσώπῳ

267 3013 506 3083 Χριστοῦ
567 3014 657 3068 διὰ
696 3017 796 3085 τῆς
836 3017 1074 3083 πίστεως
1130 3021 1537 3092 ἐνηνεγμένοις.
1573 3025 1685 3077 Καὶ
1718 3026 1849 3093 γοῦν

1962 1938 2012 1989 in
2057 1946 2328 1990 structura
2380 1938 2556 1991 sancti
2605 1937 2939 1992 tabernaculi
2993 1941 3228 2008 positum
3276 1941 3444 1995 fuisse
3485 1943 3539 1995 in

1960 2026 2158 2081 Sancta
2208 2037 2524 2082 sanctorum
2578 2030 2965 2084 candelabrum
3022 2048 3278 2097 aureum,
3328 2045 3537 2103 septem

1959 2118 2208 2175 lucernas
2241 2120 2535 2175 sustinens.
2576 2120 2850 2175 Mandavit
2896 2124 3044 2177 enim
3083 2126 3225 2179 Deus
3256 2125 3436 2179 Aaron
3482 2126 3533 2179 in

1956 2210 2099 2265 hunc
2126 2214 2340 2265 modum
2371 2230 2384 2266 ι
2418 2231 2438 2265 ι
2472 2212 2670 2269 Versus
2702 2215 2892 2269 faciem
2930 2215 3240 2271 candelabri
3271 2232 3334 2271 ex
3380 2225 3535 2286 parte

1956 2302 2180 2356 australi
2225 2303 2475 2358 lucebunt
2526 2315 2732 2373 septem
2780 2306 3017 2361 lucernae
3038 2308 3107 2363 ¹¹¹.
3142 2326 3161 2360 ι
3217 2307 3338 2362 Non
3392 2308 3538 2362 enim

1957 2391 2021 2445 iis
2079 2393 2168 2461 qui
2216 2408 2245 2447 a
2302 2402 2454 2465 tergo
2504 2396 2813 2451 candelabri
2866 2407 3012 2464 sunt,
3074 2399 3394 2453 illuminatio
3446 2413 3541 2466 per

1955 2483 2207 2541 lucernas
2239 2487 2364 2541 data
2392 2497 2495 2554 est,
2539 2490 2633 2544 sed
2667 2491 2732 2545 iis
2792 2490 2883 2559 qui
2914 2492 3073 2561 quasi
3109 2491 3300 2546 faciem
3333 2490 3537 2547 Christi

1953 2590 2052 2644 per
2099 2577 2258 2631 ﬁdem
2298 2580 2683 2648 respiciunt“.
2738 2582 2921 2648 Quare
2967 2582 3139 2637 Judazi
3185 2585 3338 2652 quasi
3395 2594 3540 2639 retro

1955 2666 2151 2734 ipsum,
2188 2676 2243 2722 et
2280 2668 2334 2722 in
2386 2678 2540 2737 tergo
2565 2672 2753 2739 positi,
2791 2672 3032 2726 tenebris
3060 2672 3411 2726 obscuratum
3443 2670 3540 2724 ba-

1954 2758 2084 2813 bent
2127 2774 2240 2813 cor.
2283 2760 2386 2825 Qui
2429 2770 2608 2816 autem
2656 2778 2721 2817 ex
2771 2765 3025 2831 gentibus
3067 2763 3440 2826 crediderunt,
3483 2760 3538 2815 in

1955 2850 2092 2903 facie
2131 2850 2331 2905 habent
2380 2851 2656 2917 lucernas,
2705 2854 2901 2921 quibus
2950 2854 3118 2908 libera
3179 2863 3236 2908 et
3280 2853 3396 2908 sine
3435 2853 3541 2909 ullo

1954 2940 2338 3008 impedimento
2367 2957 2465 3012 per
2504 2953 2694 2999 sancta
2725 2946 2953 3012 contigit
2988 2946 3332 3000 illuminatio.
3368 2945 3541 2999 Arde-

1954 3032 2048 3086 bat
2097 3042 2276 3087 autem
2330 3042 2383 3088 et
2435 3034 2655 3089 lucerna
2699 3051 2804 3089 una
2863 3037 2916 3091 in
2956 3038 3107 3091 aditu
3154 3035 3535 3091 tabernaculi:

281 3103 522 3157 Ἰουδαῖοι
564 3105 794 3160 κατόπιν
817 3107 1007 3181 ὥσπερ
1036 3111 1203 3166 αὑτοῦ
1235 3115 1329 3166 καὶ
1359 3117 1442 3177 εἰς
1482 3114 1629 3170 νῶτα
1660 3118 1848 3188 κείμε-

1958 3136 2057 3191 qua
2104 3136 2164 3176 re
2212 3123 2627 3191 signiﬁcabatur
2685 3124 2911 3191 legalem
2944 3125 3343 3179 institutionem
3374 3137 3541 3176 evan-

266 3213 368 3259 νοι,
402 3200 890 3270 κατεσκοτισμένον
925 3202 1109 3273 ἔχουσι
1136 3205 1228 3258 τὸν
1251 3206 1397 3261 νοῦν.
1428 3209 1492 3261 Ol
1523 3209 1579 3262 δέ
1602 3209 1661 3273 ἐξ
1683 3210 1853 3264 ἐθνῶν

1958 3212 2139 3279 gelicae
2168 3228 2198 3264 a
2231 3222 2386 3281 tergo
2416 3215 2514 3268 ire.
2544 3215 2680 3267 Vide
2714 3215 2859 3267 enim
2911 3230 3020 3283 quo
3050 3224 3230 3282 pacto,
3261 3214 3460 3283 quibus
3486 3215 3540 3266 in

266 3288 677 3353 πιστεύσαντες,
708 3292 788 3354 είς
821 3293 1115 3362 πρόσωπον
1167 3294 1353 3364 έχουσι
1413 3299 1541 3361 τοὺς
1584 3299 1847 3368 λύχνους·

267 3379 547 3452 ἐλεύθερος
577 3381 684 3451 γὰρ
739 3382 923 3445 αὐτοῖς
963 3385 1058 3437 καὶ
1099 3385 1538 3455 ἀπαραπόδιστος
1576 3390 1855 3454 παντελῶς

263 3471 296 3523 6
324 3469 412 3524 διὰ
438 3470 546 3523 τῶν
572 3473 742 3540 ἁγίων
772 3473 963 3541 γέγονε
996 3477 1295 3547 φωτισμός.
1348 3479 1591 3533 Ἐκαίετο
1640 3481 1697 3535 δὲ
1752 3486 1847 3537 καὶ

1957 3301 2225 3369 principio
2251 3303 2589 3357 tabernaculi
2618 3318 2723 3357 una
2757 3303 2982 3358 lucerna
3018 3305 3226 3369 ardeat,
3256 3304 3307 3358 in
3342 3303 3542 3359 Sancta

1953 3400 2268 3447 sanctorum
2326 3394 2595 3463 ingressos
2654 3403 2861 3462 septem
2930 3393 3164 3449 lucernae
3228 3405 3283 3451 et
3338 3393 3542 3463 lampas

1952 3485 2106 3556 quasi
2143 3486 2453 3554 largissimo
2481 3485 2775 3554 splendore
2809 3485 3228 3554 perfundebant.

266 3558 460 3629 λύχνος
508 3554 587 3622 εἷς
640 3563 695 3614 ὲν
755 3565 822 3633 τῇ
877 3564 1069 3637 πρώτῃ
1096 3570 1289 3639 σκηνῇ’
1331 3571 1431 3639 τῆς
1477 3572 1841 3643 εύαγγελικῆς
1880 3554 2211 3640 παιδεύσεως
2242 3580 2470 3630 κατόπιν
2531 3576 2715 3630 ἰοῦσαν
2774 3578 2874 3648 τὴν
2902 3578 3132 3647 νομικὴν
3162 3576 3256 3632 τοῦ
3284 3577 3540 3647 πράγμα-

266 3667 362 3713 τος
386 3652 517 3719 ἡμῖν
555 3657 1067 3725 κατασημαίνοντος.
1097 3660 1206 3711 Θέα
1234 3660 1341 3731 γὰρ
1378 3662 1555 3727 ὅπως,
1585 3660 1665 3727 οἷς
1696 3668 1755 3719 ἐν
1782 3668 1881 3737 μέν
1918 3672 1981 3738 τῇ
2019 3668 2210 3741 πρώτῃ
2250 3674 2421 3741 σκηνῇ
2454 3664 2535 3733 εἷς
2563 3671 2779 3724 ἐκαίετο
2832 3669 3045 3739 λύχνος,
3079 3672 3192 3732 τοῖς
3226 3687 3291 3738 γε
3327 3670 3434 3740 μὴν
3459 3672 3542 3733 είς

267 3742 337 3797 τὰ
369 3744 533 3812 ’Ἅγια
560 3745 668 3799 τῶν
705 3748 874 3836 αγίων
919 3749 1059 3805 ἑπτὰ
1077 3749 1259 3821 λύχνοι
1297 3756 1388 3807 καὶ
1418 3756 1478 3807 τὸ
1511 3756 1816 3826 λαμπάδιον
1850 3762 2338 3832 ἀμφιλαφεστάτην
2365 3762 2553 3833 ὥσπερ
2589 3763 2803 3816 ἐνίεσαν
2836 3762 2934 3832 τὴν
2962 3762 3157 3832 αὐγήν.
3184 3766 3187 3770 ’

340 3840 448 3895 Kal
477 3841 858 3912 ἐπηρώτησα,
910 3845 1009 3899 καὶ
1060 3843 1199 3900 εἶπα
1239 3850 1389 3917 πρὸς
1432 3852 1539 3905 τὸν
1592 3853 1851 3923 ἄγγελον

268 3929 376 3984 τὸν
406 3933 714 3986 λαλοῦντα
759 3934 829 3987 ἐν
888 3936 1036 4004 ἐμοὶ,
1089 3936 1303 4007 λέγων·
1347 3942 1407 3994 Τί
1459 3942 1592 3996 ἐστι
1626 3947 1850 4013 ταῦτα,

2028 3856 2192 3913 Vsus.
2232 3858 2354 3913 4-6.
2408 3858 2476 3912 Et
2504 3859 2843 3928 interrogavi,
2874 3868 2921 3911 et
2948 3859 3060 3911 dixi
3094 3858 3163 3910 ad
3188 3856 3429 3926 angelum
3451 3857 3543 3926 qui

1951 3950 2260 4018 loquebatur
2289 3950 2342 4003 in
2385 3966 2485 4013 me,
2519 3951 2699 4005 dicens
2731 3968 2748 4004 :
2780 3951 2920 4016 Quid
2957 3960 3075 4003 sunt
3113 3949 3246 4011 ltwc,
3279 3948 3543 4001 Domine?

272 4023 487 4090 Rupis;
536 4026 647 4078 Kal
682 4025 972 4099 ἀπεκρίθη
1037 4030 1070 4081 ὀ
1126 4029 1383 4099 ἄγγελος
1424 4034 1458 4085 ὁ
1526 4034 1737 4089 λαλῶν
1783 4036 1853 4091 ἐν

1958 4039 2019 4094 Et
2051 4044 2316 4108 respondit
2350 4042 2564 4112 angelus
2602 4044 2689 4110 qui
2757 4042 3067 4113 loquebatur
3099 4042 3152 4094 in
3197 4056 3298 4104 me,
3327 4049 3373 4093 et
3406 4038 3539 4091 dixit

268 4114 421 4182 ἐμοὶ,
458 4115 555 4168 καὶ
593 4116 724 4170 εἷπε
752 4118 902 4185 πρός
924 4136 1021 4186 με,
1057 4119 1273 4189 λέγων·
1304 4126 1386 4176 Οὐ
1424 4126 1739 4194 γινώσκεις
1796 4131 1853 4184 τί

1958 4131 2019 4183 ad
2065 4146 2165 4196 me,
2211 4130 2384 4185 dicens
2410 4146 2428 4184 :
2454 4130 2579 4185 Non
2621 4133 2887 4202 cognoscis
2939 4131 3063 4200 quid
3118 4141 3236 4183 sunt
3278 4128 3437 4181 laws?
3471 4126 3540 4179 Et

269 4207 403 4259 ἐστι
430 4208 651 4272 ταῦτα;
707 4211 817 4264 Καὶ
867 4207 1026 4264 εἴπαο
1092 4213 1259 4280 Οὐχὶ,
1312 4216 1510 4283 Κύριε.
1567 4220 1678 4272 Kal
1727 4222 1844 4274 ἁπ-

1958 4220 2068 4274 dixi
2098 4239 2115 4275 :
2148 4221 2292 4287 Non,
2324 4224 2562 4277 Domine.
2618 4224 2685 4276 Et
2715 4223 3003 4290 respondit,
3059 4231 3107 4274 et
3158 4221 3291 4272 dixit
3343 4222 3410 4270 ad
3438 4236 3538 4283 me,

270 4297 495 4363 ἐκρίθη,
537 4298 633 4351 καὶ
662 4294 792 4351 εἷπε
824 4302 972 4366 πρός
1002 4316 1091 4366 με,
1139 4300 1351 4369 λέγων’
1383 4299 1572 4369 Οὗτος
1605 4309 1636 4358 ό
1665 4309 1850 4375 λόγος

1958 4315 2174 4368 dicens:
2208 4314 2312 4367 Isle
2364 4332 2534 4368 sermo
2574 4315 2781 4367 Domini
2831 4315 2901 4365 ad
2953 4312 3265 4373 Zorobabel,
3317 4312 3539 4363 dicens:

270 4386 496 4452 Κυρίου
525 4387 674 4452 πρὸς
713 4388 1065 4454 Ζοροϐάϐελ,
1100 4388 1311 4458 λέγων·
1350 4395 1471 4446 Οὐκ
1501 4394 1571 4446 ἐν
1598 4394 1849 4465 δυνάμει

1962 4405 2081 4458 Non
2121 4408 2175 4459 in
2210 4408 2524 4475 fortitudine
2568 4422 2781 4474 magna,
2829 4421 2992 4472 neque
3023 4404 3076 4456 in
3115 4404 3319 4468 robore,
3367 4403 3455 4455 sed
3483 4402 3539 4454 in

265 4473 528 4543 μεγάλῃ,
557 4476 697 4528 οὐδὲ
733 4478 803 4529 ἐν
852 4481 1036 4546 ἰσχύϊ,
1075 4480 1235 4533 ἀλλὰ
1277 4481 1347 4533 ἐν
1370 4485 1671 4552 Πνεύματί
1707 4506 1849 4555 μου,

268 4565 433 4634 λέγει
452 4567 668 4632 Κύριος
698 4569 1138 4638 παντοκράτωρ.

341 4657 469 4710 ΚΔ’.
499 4657 619 4709 Ὅτι
652 4658 746 4711 καὶ
783 4660 1023 4728 ἀμείνων
1062 4665 1153 4716 καὶ
1193 4665 1481 4737 ἱερώτερος
1507 4669 1604 4740 τῆς
1638 4670 1696 4722 ἐν
1716 4673 1851 4742 ἡμῖν

269 4747 507 4811 διανοίας
536 4752 565 4801 ό
591 4749 698 4802 τῶν
725 4753 931 4821 νοητῶν
955 4753 1238 4826 δυνάμεων
1267 4758 1410 4826 νοῦς,
1469 4762 1565 4814 καὶ
1607 4763 1663 4815 ἐν
1690 4765 1854 4832 ἀσυγ-

271 4838 479 4909 κρίτοις
518 4840 815 4910 ὑπεροχαῖς
844 4843 909 4896 τὰ
969 4845 1089 4898 καθ’
1114 4848 1260 4917 ἡμᾶς
1298 4850 1716 4921 ὐπερκείμενος,
1744 4854 1851 4909 διαὶ

273 4929 522 4981 ἐντεῦθεν
550 4929 617 4983 ἂν
648 4929 859 4999 μάθοις.
896 4932 1227 5004 Ἐπέστρεψε
1266 4938 1362 5006 μὲν
1393 4939 1501 5011 γὰρ
1528 4943 1556 4993 6
1597 4943 1847 5013 ἄγγελος,

270 5020 346 5083 ὡς
397 5022 426 5073 6
483 5022 767 5091 προφήτης
817 5024 973 5092 φησὶ,
1031 5027 1124 5079 καὶ
1178 5028 1459 5101 ἐξήγειρεν
1497 5034 1681 5097 αὐτὸν,
1735 5055 1753 5086 ι
1790 5036 1850 5089 ὃν

272 5111 472 5180 τρόπον
500 5112 626 5164 ὅταν
654 5113 913 5185 ἐξεγερθῇ
946 5115 1229 5188 ἄνθρωπος
1288 5123 1352 5173 ἐκ
1397 5122 1491 5174 τοῦ
1529 5123 1699 5177 ὕπνου
1754 5126 1852 5178 αύ-

272 5204 386 5255 τοῦ.
431 5222 447 5254 ι
484 5205 548 5257 Et
575 5204 680 5275 γὰρ
704 5205 767 5277 δὴ
795 5208 1108 5278 συγκρίνειν
1137 5211 1309 5265 ἓλοιτό
1354 5230 1437 5276 τις
1489 5215 1563 5278 ὡς
1610 5218 1747 5287 πρός
1787 5236 1851 5285 γε

273 5294 362 5346 τδν
385 5298 505 5359 ταῖς
535 5296 648 5349 ᾶνω
670 5297 965 5368 δυνάμεσιν
990 5301 1175 5354 ἐνόντα
1208 5304 1353 5367 νοῦν,
1380 5307 1477 5375 τῆς
1497 5308 1850 5375 ἀνθρωπίνης

274 5382 507 5448 διανοίας
542 5387 604 5438 τὸ
633 5388 849 5458 μέτρον,
891 5394 1367 5463 μειονεκτούμενον
1418 5397 1638 5467 εὑρήσει
1662 5400 1851 5451 τοσοῦ-

275 5487 387 5535 τον,
437 5476 558 5527 ὅσον
617 5478 682 5529 ἂν
720 5482 890 5531 νοοῖτο
953 5482 1181 5534 κατόπιν
1237 5484 1412 5537 ἐλθεῖν
1473 5488 1694 5557 καὶτῆς
1744 5488 1851 5540 τῶν

276 5560 552 5630 νηφόντων
607 5565 843 5631 διανοίας
896 5569 961 5623 τὰ
998 5573 1053 5624 ἐν
1081 5575 1192 5636 τοῖς
1248 5573 1439 5637 ὕπνοις
1472 5577 1676 5646 ἀδρανῆ
1714 5595 1851 5645 φανά

351 5677 394 5707 ¹⁸
422 5677 585 5734 Matth
642 5696 692 5746 γ,
726 5684 805 5736 14.

283 5688 394 5799 i0“
422 5688 585 5734 Matth
642 5696 692 5746 ν,
726 5688 805 5736 H.
909 5688 949 5719 ¹⁹
980 5688 1133 5744 llom.
1174 5705 1248 5755 XI,
1282 5690 1343 5742 17
1368 5707 1517 5758 seqq.

1600 5692 1643 5722 ὀ
1669 5692 1801 5745 Ibid.
1834 5694 1916 5747 l7.
1960 5688 2033 5724 ’¹¹
2072 5693 2238 5748 Exod.
2279 5708 2403 5756 xxv,
2436 5693 2541 5759 37;
2578 5694 2732 5749 Num.
2774 5707 2891 5755 \‘Ill,
2921 5691 2972 5743 εὶ.

1957 4493 2161 4563 Spiritu
2196 4512 2330 4560 meo,
2369 4498 2496 4549 dicit
2526 4494 2785 4548 Dominus
2816 4494 3165 4563 omnipotens.

2023 4670 2213 4725 XXIV.
2256 4670 2527 4726 Virtutum
2573 4687 2709 4741 quas
2748 4673 2929 4725 animo
2978 4674 3245 4738 videmus,
3298 4680 3533 4727 mentem

1956 4774 2140 4817 nostra
2172 4774 2350 4816 mente
2369 4765 2820 4833 praestantiorem,
2847 4775 2900 4817 et
2927 4766 3280 4826 sanctiorem.
3308 4765 3535 4818 nostris-

1957 4870 2062 4925 que
2094 4857 2253 4909 rebus
2281 4856 2802 4924 incomparabilibus
2825 4858 3163 4912 excellentiis
3193 4858 3535 4925 superiorem

1957 4961 2097 5010 esse,
2139 4948 2303 5001 etiam
2336 4948 2463 5001 hinc
2501 4947 2701 5001 discas.
2739 4946 3013 5002 Reversus
3053 4960 3135 5001 est
3184 4949 3324 5001 enim
3367 4960 3539 5013 ange-

1958 5038 2061 5101 lus,
2090 5048 2146 5090 ut
2174 5038 2250 5091 ait
2290 5039 2573 5106 prOpbeta,
2608 5048 2660 5091 et
2704 5038 2962 5091 excitavit
2998 5054 3119 5092 eum
3145 5077 3160 5101 ,
3193 5056 3211 5089 ι
3242 5037 3388 5091 velut
3416 5051 3536 5089 cum

1957 5130 2226 5182 excitatur
2261 5129 2421 5182 homo
2452 5128 2519 5180 de
2573 5143 2764 5183 somno
2798 5144 2917 5183 suo.
2947 5149 2965 5179 ι
3000 5129 3130 5181 Nam
3184 5129 3227 5180 si
3276 5127 3399 5195 quis
3430 5126 3536 5180 vim

1954 5234 2310 5287 Supernarum
2370 5222 2633 5274 virtutum
2688 5235 2814 5274 cum
2876 5219 3231 5283 intelligentia
3299 5219 3536 5270 humana

1954 5324 2271 5376 comparare
2326 5312 2590 5375 voluerit,
2651 5312 2792 5363 hanc
2859 5309 2950 5360 illa
3013 5315 3163 5359 tanto
3226 5307 3539 5360 inferiorem

1957 5400 2264 5467 perspiciet,
2295 5412 2556 5470 quantum
2584 5401 2791 5453 scimus
2815 5397 3154 5465 vigilantium
3194 5396 3538 5463 cogitationi-

1957 5492 2056 5544 bus
2105 5490 2301 5543 cederc
2336 5489 2716 5541 dormientium
2765 5487 2898 5546 visa,
2950 5489 3063 5540 sive
3087 5486 3252 5555 685
3302 5485 3538 5539 somnia.

1958 5581 2237 5634 Excitatus
2266 5589 2347 5633 est
2383 5580 2544 5649 igitur
2573 5580 2834 5649 propheta
2855 5579 2919 5631 ad
2946 5577 3182 5646 vigiliam
3214 5597 3226 5630 :
3260 5570 3539 5629 nihilomi-

3056 5689 3098 5717 ²²
3124 5685 3267 5739 Psal.
3302 5691 3542 5742 Lxxxm:
