4080 6284
615 372 686 430 63
1580 369 1637 422 S.
1683 365 1960 421 CYlilLLI
2003 363 2477 420 ALEXANURlNl
2521 359 2844 422 ARCIIIliP.
3672 370 3675 371 ⁷
3791 365 3872 420 64

594 495 697 531 uas
726 480 885 533 etiam
913 481 991 535 sic
1016 481 1204 534 tardus
1238 492 1319 535 est
1354 485 1419 536 ad
1456 485 1802 552 percipienda
1829 501 1947 553 qua:
1983 496 2155 537 osten-

2274 486 2527 556 τάσματα
2597 488 2923 556 Ἐγήγερται
2956 485 3018 552 δὴ
3051 479 3141 538 θῦν
3184 485 3210 536 ό
3237 483 3525 553 προφήτης
3568 481 3646 545 εἰς
3675 483 3869 553 νῆψιν,

590 573 813 624 duntur.
847 572 1052 627 Idcirco
1107 573 1406 641 iustissime
1441 587 1815 644 percontatur,
1849 585 1902 628 et
1950 589 2013 628 ea
2063 590 2155 626 an-

2271 575 2405 627 ἀλλὰ
2440 577 2532 627 καὶ
2561 573 2733 637 οὕτως
2758 574 2919 643 ἔχων,
2955 573 3106 626 οὐδὲν
3146 569 3310 644 ἧττόν
3336 573 3452 622 ἐστι
3481 571 3679 640 βραδὺς
3724 573 3870 642 πρός

591 663 710 729 gelo
778 665 1085 718 declarante
1141 680 1472 733 cognoscere
1531 668 1685 733 petit.
1754 665 1991 733 Angelus
2044 680 2164 717 cum

594 753 801 805 nescire
832 755 1042 807 illorum
1081 755 1530 824 significationem
1563 756 1950 823 pr0pemodum
1984 755 2168 809 obstu-

593 844 803 937 poscitK
835 853 890 897 et
939 860 1063 896 num
1107 860 1232 898 vere
1280 845 1490 905 nesciat
1538 845 1852 910 interrogat.
1901 842 2164 910 Propheta

593 934 948 1000 ignorantiam
993 946 1178 1002 aperte
1227 938 1522 989 confitente
1556 944 1609 988 et
1655 935 1963 987 tarditatem
2011 948 2163 987 suam

596 1040 698 1075 non
733 1027 1112 1087 erubescente,
1155 1027 1542 1080 obscuritatem
1589 1026 1688 1078 visi
1739 1025 1993 1091 deinceps
2025 1038 2161 1076 enu-

593 1117 768 1183 cleat;
821 1127 908 1180 et,
958 1126 1214 1185 tanquam
1253 1134 1315 1170 ex
1370 1117 1603 1186 imagine
1655 1113 1942 1168 manifesta
2009 1122 2064 1166 et
2111 1113 2162 1165 in

593 1208 765 1260 oculis
797 1207 1126 1270 ineurrente,
1159 1223 1376 1276 scopum
1411 1208 1462 1259 in
1504 1221 1563 1260 ea
1597 1205 1849 1258 latentem
1889 1203 2160 1270 explanat.

597 1297 770 1364 lnquit
799 1297 942 1350 enim
975 1315 990 1352 :
1024 1315 1043 1347 ι
1078 1297 1171 1350 llic
1200 1307 1279 1350 est
1302 1312 1480 1350 sermo
1509 1296 1715 1349 Domini
1747 1297 1812 1346 ad
1844 1292 2162 1357 anobabel,

594 1388 779 1438 dit-ens
812 1405 824 1439 :
860 1386 971 1440 Non
1003 1387 1054 1439 in
1083 1387 1404 1440 fortitudine
1456 1402 1674 1453 magna,
1705 1400 1804 1438 nec
1847 1385 1900 1436 in
1949 1384 2161 1449 robore,

594 1477 686 1527 sed
734 1477 784 1528 in
834 1477 1033 1545 Spiritu
1077 1492 1220 1542 meo,
1267 1477 1400 1530 dicit
1429 1475 1691 1530 Dominus
1740 1474 2103 1542 omnipotens.
2139 1491 2158 1523 ι

592 1565 819 1621 Perinde
849 1567 1080 1621 fortasse
1119 1582 1182 1622 ac
1226 1567 1272 1622 si
1318 1567 1484 1631 dicat,
1523 1565 1704 1619 omnia
1748 1565 1864 1618 haec
1899 1565 2037 1628 visa,
2069 1562 2166 1616 ali-

589 1659 802 1720 quando
842 1656 999 1710 tinem
1041 1673 1198 1712 suum
1245 1667 1588 1721 assecutura,
1630 1671 1732 1710 non
1784 1658 2016 1709 humana
2049 1657 2163 1708 vir-

591 1755 699 1798 Iule
744 1747 1138 1813 administrata,
1178 1762 1278 1803 nec
1321 1749 1376 1802 in
1421 1748 1617 1802 robore
1657 1745 1948 1814 corporali,
1982 1747 2074 1799 sed
2109 1746 2160 1799 in

2269 680 2332 730 γε
2365 664 2425 714 τὸ
2448 662 2725 726 δύνασθαι,
2753 663 2916 731 φημὶ,
2947 661 3190 714 συνιέναι
3211 661 3278 714 τὰ
3331 659 3685 729 δεικνύμενα.
3716 660 3867 712 Ταύ-

2266 769 2438 820 τῃτοι,
2463 753 2554 804 καὶ
2588 752 2730 821 μάλα
2754 753 3001 814 εἰκότως,
3035 751 3472 804 ἀναπυνθάνεται
3502 767 3561 802 τε
3594 751 3687 802 καί¹
3719 752 3866 816 αξιοι

2271 844 2463 911 μαθεῖν
2491 845 2641 913 παρὰ
2691 843 2783 896 τοῦ
2812 843 3198 911 διασαφοῦντος
3250 840 3504 908 ἀγγέλου.
3574 840 3632 894 '0
3677 842 3733 894 δὲ
3775 844 3861 895 ὅτι

2267 935 2328 986 ού
2381 935 2578 1003 συνῆκε
2628 933 2913 1002 μονονουχὶ
2965 931 3311 998 κατατέθηπέ
3341 948 3478 993 πως,
3530 930 3641 982 καὶ*
3683 932 3729 982 εἰ
3779 932 3858 1001 μὴ

2267 1025 2482 1094 ἀληθῶς
2514 1025 2676 1092 εἰδείη
2703 1023 2952 1093 διερωτᾷ.
2985 1021 3091 1073 Τοῦ
3147 1022 3204 1073 δὲ
3238 1021 3538 1091 διαρρήδην
3573 1020 3860 1090 ὡμολογη-

2267 1117 2422 1179 κότος
2453 1116 2547 1186 τὴν
2599 1117 2839 1183 ἄγνοιαν,
2881 1114 2975 1166 καὶ
3014 1113 3075 1164 τὸ
3130 1111 3406 1180 δυσμαθὲς
3453 1113 3554 1164 οὐκ
3602 1114 3857 1180 αἰσχυνο-

2270 1211 2454 1281 μένου,
2481 1208 2900 1262 καταλευκαίνει
2922 1207 3107 1259 λοιπὸν
3159 1206 3220 1258 τὸ
3250 1207 3313 1258 ἐκ
3374 1205 3472 1274 τῆς
3500 1205 3742 1274 ὁράσεως
3768 1204 3854 1257 ai.

2267 1319 2456 1370 νιγμα,
2504 1302 2598 1354 καί¹
2627 1297 2737 1353 οἷον
2773 1299 2848 1362 ὡς
2876 1299 2937 1362 ἐξ
2965 1298 3172 1359 εἰκόνος
3202 1296 3479 1366 ἐμφανοῦς
3503 1313 3564 1347 τε
3605 1297 3686 1348 καῖ
3715 1298 3853 1362 ὁρω-

2270 1394 2436 1464 μένης
2461 1393 2552 1445 τὸν
2574 1393 2631 1444 ὲν
2655 1392 2792 1460 αὐτῇ
2828 1388 3132 1459 λεληθότως
3156 1387 3474 1456 ἐγκείμενον
3504 1385 3849 1456 διερμηνεύει

2269 1485 2488 1538 σκοπόν.
2532 1502 2548 1534 t
2592 1478 2760 1544 Οὗτος
2783 1481 2912 1550 γὰρ,
2946 1481 3144 1549 φησὶν,
3201 1479 3230 1530 ὁ
3271 1478 3429 1545 λόγος
3459 1478 3666 1546 Κυρίου
3713 1480 3850 1547 πρὸς

2265 1573 2586 1645 Ζοροϐάϐελ,
2627 1572 2818 1636 λέγων·
2875 1572 2986 1624 Οὐκ
3015 1573 3072 1623 ὲν
3104 1570 3330 1638 δυνάμει
3375 1568 3611 1640 μεγάλῃ,
3645 1568 3762 1620 οὐδὲ
3789 1571 3847 1621 ὲν

2268 1661 2434 1732 ἰσχύϊ,
2490 1660 2686 1713 ἁλλ’ὲν
2739 1658 3018 1728 Πνεύματί
3067 1675 3205 1728 μου,
3259 1657 3407 1724 λέγει
3468 1656 3674 1725 Κύριος
3713 1672 3848 1708 παν-

2264 1753 2568 1825 τοκράτωρ.
2604 1771 2623 1804 ι
2658 1753 2880 1821 Ὅμοιον
2905 1752 2979 1813 ὡς
3021 1753 3068 1802 εἰ
3108 1750 3254 1816 λέγοι
3305 1748 3488 1817 τυχὸν,
3520 1748 3603 1800 ὃτι
3667 1749 3847 1801 πάντα

586 1838 785 1891 virtute
815 1835 1051 1903 Spiritus
1081 1840 1279 1902 sancti,
1311 1848 1366 1892 et
1397 1847 1456 1892 ut
1481 1853 1548 1892 ex
1573 1838 1756 1891 divino
1781 1846 1932 1890 nutu.
1963 1835 2155 1890 Factus

2261 1844 2428 1898 ταῦτα
2454 1845 2523 1896 τὰ
2550 1842 2798 1913 ὁρώμενα
2829 1845 2907 1905 εἰς
2935 1841 3108 1912 πέρας
3145 1839 3263 1911 ἥξει
3299 1839 3444 1892 κατὰ
3476 1841 3724 1909 καιροὺς,
3750 1840 3851 1891 οὒκ

589 1937 673 1978 est
743 1927 1009 1994 siquidem
1084 1928 1246 1982 homo
1297 1928 1468 1982 nostri
1526 1927 1722 1981 similis
1776 1926 2154 1995 Unigenitns:

589 2026 959 2070 verumtamen
995 2030 1101 2070 non
1131 2016 1640 2086 bellavitcorporali
1674 2017 1852 2079 modo,
1887 2025 1944 2068 ut
1981 2015 2159 2070 Eccle-

588 2109 724 2160 siam
758 2108 910 2173 quasi
946 2107 1211 2176 quoddam
1239 2107 1624 2161 candelabrum
1657 2107 1858 2160 mundo
1885 2105 2154 2173 erigeret:

590 2211 766 2263 neque
796 2198 1026 2264 sumptis
1053 2199 1221 2249 armis
1246 2210 1460 2250 sensum
1493 2195 1857 2262 tangentibus,
1885 2203 1938 2247 et
1961 2194 2156 2248 cohor-

590 2287 731 2340 tibus
756 2286 1024 2341 bellicosis
1049 2288 1182 2340 duos
1212 2286 1438 2356 populos
1474 2285 1573 2340 sibi
1609 2285 1871 2351 atljunxit,
1903 2294 1996 2338 aut
2025 2285 2158 2339 duas

590 2377 840 2430 lucernas
877 2378 1058 2431 animo
1101 2377 1458 2446 aspectabiles
1502 2375 1828 2430 candelabro
1877 2376 2155 2442 imposuit,

587 2468 680 2519 sed
721 2467 773 2520 in
813 2469 1003 2522 robore
1051 2467 1287 2537 Spiritus
1319 2467 1491 2520 sancti
1547 2466 1754 2520 creavit
1797 2467 1848 2520 in
1897 2465 2158 2520 Ecclesiis

589 2561 819 2625 primum
862 2559 1155 2625 apostolos,
1191 2559 1383 2612 deinde
1427 2557 1741 2626 prophetas,
1794 2565 1848 2610 et
1877 2556 2156 2625 evangeli-

584 2658 716 2709 stas,
742 2657 796 2702 et
828 2650 1098 2718 reliquum
1129 2665 1342 2704 omnem
1372 2658 1680 2704 sanctorum
1707 2656 1930 2710 coetum,
1960 2647 2157 2700 divinis

582 2739 1003 2794 charismatibus
1032 2754 1124 2794 eos
1161 2740 1408 2808 implens,
1441 2749 1494 2793 et
1552 2737 1867 2806 irrigatione
1923 2733 2158 2804 Spiritus

586 2831 814 2884 ubertim
849 2832 1252 2900 pinguefaciens
1275 2832 1341 2886 ’³.
1375 2832 1560 2898 Itaque
1606 2845 1710 2883 non
1748 2829 1799 2881 in
1842 2827 2158 2884 fortitudine

587 2938 802 2992 inagna,
839 2939 937 2977 uec
968 2926 1018 2977 in
1057 2927 1249 2979 robore
1273 2924 1501 2988 carnali,
1538 2923 1630 2977 sed
1667 2922 1720 2975 in
1753 2921 1953 2975 virtute
1982 2920 2157 2990 Spiri-

587 3024 674 3067 tus
717 3032 745 3067 a
793 3015 1011 3070 Christo
1058 3017 1322 3086 spoliatus
1373 3025 1458 3069 est
1498 3013 1753 3078 Satanas,
1803 3027 1924 3068 cum
1957 3027 2064 3081 quo
2105 3021 2160 3066 et

584 3109 1014 3162 adversar-ianum
1063 3118 1390 3179 potestatum
1410 3107 1550 3175 globi
1585 3107 1920 3171 ceciderunt,
1949 3105 2156 3158 vocati-

583 3215 686 3265 quc
733 3208 857 3252 sunt
900 3201 969 3253 ad
1012 3201 1340 3268 agnitionem
1395 3198 1486 3253 Dei
1519 3215 1613 3266 per
1647 3198 1804 3252 fidem
1852 3205 1910 3250 et
1946 3196 2036 3266 qui
2089 3211 2157 3250 ex

583 3290 772 3356 Israel,
810 3301 864 3346 et
915 3293 1002 3358 qui
1040 3293 1331 3360 aliquando
1380 3309 1399 3342 ι
1433 3300 1696 3344 creaturae
1731 3288 1910 3358 p0tius
1955 3286 2156 3341 servie-

593 3393 716 3435 rant
766 3398 922 3450 qnam
953 3381 1198 3434 Creatori
1221 3381 1287 3432 ³⁸.
1322 3399 1340 3430 ›
1391 3381 1654 3434 Exhibitte
1703 3387 1828 3433 sont.
1869 3379 2030 3432 etiam
2101 3377 2154 3429 in

586 3472 842 3526 Eerlesiis
887 3472 1140 3532 lucernre,
1181 3471 1231 3524 id
1261 3481 1343 3523 est
1395 3469 1591 3532 sancti,
1623 3484 1725 3522 una
1756 3469 1999 3523 lucentes
2031 3482 2156 3521 cum

584 3564 853 3633 lampade,
902 3562 1142 3625 Christo,
1201 3563 1436 3629 inquam.
1486 3559 1728 3613 Fuerunt.
1781 3574 2036 3626 namque,
2099 3569 2157 3610 ut

583 3653 797 3718 quidem
831 3660 910 3706 est
949 3653 1088 3719 apud
1116 3650 1575 3720 sapientissimum
1631 3649 1876 3713 Paulum,
1932 3667 1952 3700 ι
1982 3649 2147 3703 lumi-

583 3744 733 3796 naria
798 3744 847 3796 in
907 3745 1131 3807 mundo,
1193 3744 1416 3796 verbum
1476 3743 1597 3797 vitae
1664 3743 2004 3796 continentes
2028 3741 2093 3793 ".
2130 3759 2149 3790 ι

582 3834 736 3899 Quod
787 3845 966 3888 autem
1028 3833 1341 3886 Emmanuel
1402 3848 1505 3885 non
1557 3847 1739 3896 manu,
1784 3847 1876 3886 seu
1918 3833 2152 3901 polentia

584 3925 840 3986 humana,
885 3925 977 3976 sed
1032 3923 1236 3976 viribus
1278 3923 1392 3977 suis
1425 3931 1678 3990 tanquam
1716 3922 1856 3976 Deus
1897 3925 2152 3978 mundum

583 4015 893 4076 salvat-erit,
945 4023 1169 4068 testatus
1199 4021 1280 4066 est
1328 4022 1380 4067 et
1420 4029 1515 4081 per
1546 4013 1762 4077 Oscam,
1813 4013 1952 4081 apud
1993 4030 2151 4082 quem

583 4103 685 4156 ista
732 4102 1031 4173 leguntur:
1071 4120 1089 4153 ι
1125 4101 1378 4155 Filiorum
1424 4111 1603 4156 autem
1651 4100 1788 4155 Juda
1832 4103 2149 4168 miserebor,

579 4203 631 4248 et
658 4193 876 4248 salvabo
913 4208 1008 4248 eos
1055 4195 1106 4247 itt
1145 4192 1370 4248 Domino
1408 4194 1518 4248 Deo
1548 4210 1670 4260 suo,
1702 4204 1756 4250 et
1803 4211 1906 4250 non
1935 4196 2153 4251 salvabo

581 4301 674 4340 eos
701 4287 752 4340 in
787 4302 941 4353 arcu,
980 4299 1160 4356 neque
1193 4287 1245 4340 in
1275 4286 1470 4356 gladio,
1501 4303 1676 4356 neque
1713 4289 1764 4342 in
1793 4289 1951 4351 bello,
1979 4304 2154 4358 neque

580 4377 634 4430 in
666 4378 935 4441 curribus,
985 4391 1160 4444 neque
1192 4378 1243 4430 in
1291 4379 1463 4446 equis,
1501 4379 1758 4446 uequein
1799 4380 2092 4448 equitibus.
2128 4398 2147 4430 ι

581 4466 1094 4520 Peraceommodate
1149 4474 1329 4518 autem
1402 4469 1624 4520 verbum
1676 4467 1875 4522 factum
1945 4478 2029 4524 est
2085 4469 2152 4524 ad

581 4555 880 4609 Zorohabel
900 4556 1068 4624 686
1095 4555 1159 4608 de
1191 4555 1331 4608 tribu
1361 4553 1498 4607 Juda
1522 4569 1692 4624 genus
1719 4557 2028 4623 ducentem,
2060 4560 2152 4626 qtti

582 4647 632 4700 id
681 4647 938 4712 temporis
985 4649 1165 4699 sedem
1215 4645 1363 4712 regni
1417 4643 1810 4715 Hierosolymis
1849 4648 2149 4704 obtinebat.

583 4737 792 4790 Etenim
834 4753 900 4789 ne
933 4736 1068 4788 adeo
1103 4734 1404 4802 insignibus
1428 4734 1875 4805 admirandisque
1897 4741 2151 4808 operibus

581 4829 685 4881 sibi
711 4825 1087 4896 prteuuntiatis
1111 4825 1509 4893 expeditionem
1536 4826 1825 4896 aliquando
1847 4831 2141 4898 suscipien-

579 4922 726 4978 dam,
760 4925 814 4970 et
847 4915 1034 4984 proelia
1075 4915 1318 4970 facienda
1345 4918 1722 4983 arbitraretur,
1750 4920 1815 4972 ab
1850 4920 2152 4985 hujusmodi

584 5007 793 5060 frivolis
843 5015 897 5058 et
939 5005 1188 5059 humanis
1244 5007 1663 5070 cogitationibus
1710 5023 1832 5062 cum
1880 5011 2153 5066 deterren-

583 5098 709 5148 dum
747 5095 974 5162 putavit,
1005 5095 1290 5162 potiusque
1335 5096 1736 5164 sentirejussit,
1771 5099 2005 5153 divinam
2043 5100 2152 5157 elli-

583 5187 889 5252 cacitatem,
924 5196 977 5241 et
1010 5186 1316 5240 facultatem
1346 5203 1452 5241 non
1483 5188 1794 5250 humanam.
1827 5193 1918 5244 scd
1951 5191 2150 5245 Christi

587 5279 709 5330 talia
748 5277 1016 5332 molientis
1043 5294 1185 5332 esse.
1235 5277 1574 5332 Meminimus
1621 5295 1780 5348 porro
1811 5297 1909 5335 nos
1950 5283 2150 5343 dicere,

584 5380 638 5424 et
677 5371 850 5437 ipsum
886 5370 1290 5438 Zorobabelem,
1334 5382 1387 5425 ut
1429 5387 1494 5426 ex
1549 5373 1691 5427 tribu
1723 5372 1860 5428 .lnda
1902 5389 2156 5443 procrea-

590 5472 700 5514 tum
751 5472 805 5515 et
865 5477 1078 5531 regem,
1128 5465 1437 5531 significare
1498 5465 1808 5529 Christum,
1868 5465 2154 5532 conjuncta

589 5555 752 5609 etiam
781 5551 909 5608 Jesu
945 5554 1053 5609 filio
1090 5554 1337 5621 .losedec,
1385 5567 1443 5608 ut
1488 5559 1648 5611 simul
1677 5569 1733 5610 et
1788 5557 1841 5609 in
1895 5571 1995 5608 una
2033 5569 2156 5622 per-

664 5727 708 5756 "
742 5721 909 5780 iCor.
941 5743 1035 5791 Ml,
1060 5727 1148 5780 28.
1226 5724 1270 5760 "’
1298 5729 1452 5781 liotn.
1488 5744 1523 5792 ι,
1547 5729 1636 5782 25.

1716 5730 1760 5759 η
1790 5728 2018 5798 mnum».
2058 5745 2113 5794 ιι,
2150 5729 2228 5783 l6.

2259 1939 2575 2009 ἀνθρωπεία
2598 1938 2821 2006 δυνάμει
2848 1933 3280 2005 κατορθούμενα,
3319 1932 3442 1986 ούτε
3479 1932 3583 2002 μὴν
3610 1935 3667 1984 ὲν
3705 1932 3853 2000 ἰσχύϊ

2263 2035 2518 2100 σαρκικῇ,
2549 2030 2662 2082 ἀλλ’
2691 2031 2747 2081 ὲν
2797 2029 3027 2096 δυνάμει
3082 2023 3399 2095 Πνεύματος
3434 2025 3617 2092 ἁγίου,
3658 2025 3848 2087 καὶὼς

2259 2120 2325 2172 ὲκ
2352 2118 2507 2171 θείων
2546 2118 2941 2188 διανευμάτων.
2985 2117 3179 2185 Γέγονε
3239 2116 3336 2186 μὲν
3394 2114 3500 2186 γὰρ
3547 2114 3646 2167 ἄνθ
3664 2131 3848 2184 ρωπος

2259 2209 2381 2264 καθ’
2407 2211 2552 2280 ἡμᾶς
2580 2211 2608 2262 ό
2639 2210 2971 2278 Μονογενής·
3003 2208 3140 2278 πλὴν
3161 2207 3221 2260 ού
3273 2207 3628 2275 πεπολέμηκε
3654 2221 3846 2270 σαρκι-

2259 2301 2392 2364 κῶς,
2425 2303 2510 2353 ἴνα
2550 2300 2801 2370 καθάπερ
2825 2301 2946 2353 τινὰ
2993 2297 3214 2368 λυχνίαν
3244 2299 3529 2368 ἀναστήσῃ
3551 2297 3628 2366 τῷ
3657 2297 3844 2366 κόσμῳ

2258 2393 2356 2463 τὴν
2389 2391 2733 2460 Ἐκκλησίαν·
2774 2391 2872 2460 οὐχ
2898 2389 3040 2444 ὅπλα
3073 2390 3304 2459 κινήσας
3333 2387 3589 2458 αἰσθητὰ,
3619 2387 3712 2439 καὶ
3746 2403 3846 2455 μα-

2260 2483 2435 2553 χίμων
2457 2482 2743 2550 φάλαγγας
2771 2481 3110 2552 παρέστησεν
3136 2480 3313 2548 ἑαυτῷ
3339 2480 3466 2540 τοὺς
3494 2478 3587 2530 δύο
3605 2476 3841 2545 λαοὺς,ῆ

2257 2575 2384 2636 τοὺς
2403 2573 2629 2643 λύχνους
2654 2573 2778 2635 τοὺς
2809 2573 3034 2642 νοητοὺς
3086 2571 3324 2641 ἐπέθηκε
3383 2573 3447 2639 τῇ
3485 2567 3696 2638 λυχνίᾳ,
3730 2567 3845 2619 ἀλλ’

2259 2666 2317 2717 ἐν
2350 2665 2493 2734 ἰσχύϊ
2528 2664 2844 2734 Πνεύματος
2894 2664 3052 2731 ἁγίου
3109 2663 3557 2732 κεχειροτόνηκεν
3614 2661 3673 2711 ἐν
3723 2661 3844 2722 ταῖς

2273 2755 2617 2826 Ἐκκλησίαις
2645 2755 2864 2826 πρῶτον
2909 2754 3264 2818 ἀποστόλους,
3317 2752 3568 2823 δεύτερον
3627 2752 3844 2822 προφή-

2258 2871 2359 2916 τας
2407 2854 2502 2908 καὶ
2544 2853 2957 2923 εὐαγγελιστάς,
3013 2853 3107 2906 καὶ
3135 2851 3233 2922 τὴν
3277 2850 3444 2920 ἄλλην
3470 2851 3686 2903 ἃπασαν
3734 2849 3842 2902 τῶν

2261 2946 2429 3014 ἁγίων
2458 2948 2748 3016 ὁμήγυριν,
2781 2946 2939 2998 θείων
2961 2945 3157 3007 αὐτοὺς
3209 2942 3566 3013 χαρισμάτων
3603 2942 3843 3009 ἀναπιμ-

2263 3034 2424 3100 πλὰς,
2473 3036 2569 3088 καὶ
2611 3038 2678 3105 τῇ
2731 3035 2825 3087 τοῦ
2868 3033 3184 3105 Πνεύματος
3245 3033 3401 3102 χύσει
3463 3030 3840 3083 καταπιαίνων

2263 3123 2552 3186 πλουσίως.
2579 3123 2787 3177 Οὐκοῦν
2809 3124 2910 3176 οὐκ
2957 3124 3013 3175 ἐν
3047 3123 3275 3186 δυνάμει
3322 3121 3554 3190 μεγάλῃ.
3617 3119 3736 3172 οὐδὲ
3785 3121 3840 3170 ἐν

2269 3215 2412 3286 ἰσχύῖ
2433 3217 2498 3286 τῇ
2533 3216 2767 3286 σαρκικῇ
2803 3213 2955 3284 παρὰ
2986 3212 3243 3283 Χριστοῦ,
3277 3212 3390 3265 ἀλλ’
3418 3211 3492 3273 ὡς
3526 3213 3583 3262 ὲν
3612 3211 3838 3278 δυνάμει

2263 3305 2581 3375 Πνεύματος
2611 3304 2928 3358 ὲσκυλεύετο
2957 3304 3054 3374 μὲν
3078 3305 3104 3355 ὁ
3132 3304 3392 3364 Σατανᾶς,
3419 3301 3644 3353 ἔπιπτον
3669 3301 3725 3352 δὲ
3747 3301 3839 3352 σὺν

2263 3396 2412 3465 αὐτῷ
2441 3397 2536 3450 καὶ
2563 3395 2633 3448 τὰ
2656 3395 2766 3448 τῶν
2792 3393 3184 3464 ἀντικειμένων
3206 3393 3485 3463 δυνάμεων
3521 3394 3707 3461 στίφη,
3746 3393 3840 3445 καὶ
3923 3393 3928 3396 ’

2265 3486 2554 3539 ἐκαλοῦντο
2584 3485 2721 3554 πρὸς
2777 3483 3106 3552 θεογνωσίαν
3152 3483 3240 3535 διὰ
3294 3485 3391 3553 τῆς
3417 3483 3672 3543 πίστεως.
3703 3483 3758 3534 οἵ
3783 3499 3840 3534 τε

2263 3572 2324 3636 ἐξ
2390 3571 2604 3643 Ἰσραὴλ
2671 3574 2766 3625 καὶ
2823 3573 2873 3624 οἰ
2928 3571 3094 3624 πάλαι
3146 3573 3263 3640 (τῇ
3321 3572 3492 3623 κτίσει
3553 3571 3706 3639 παρὰ
3752 3571 3840 3622 τὸν

2265 3665 2489 3734 κτίστην
2537 3661 2974 3733 λελατρευκότες.
3017 3682 3035 3713 ι
3089 3663 3486 3715 Ἀνεδείκνυντο
3539 3662 3595 3715 δὲ
3649 3663 3743 3714 καὶ
3781 3664 3838 3713 ἐν

2261 3759 2380 3818 ταῖς
2424 3754 2773 3825 Ἐκκλησίαις
2840 3755 2890 3806 οἱ
2939 3752 3145 3822 λύχνοι,
3188 3752 3498 3813 τουτέστιν,
3558 3753 3606 3804 οἰ
3658 3752 3837 3816 ἅγιοι,

2265 3845 2730 3916 συνεκλάμποντες
2781 3844 2859 3913 τῷ
2907 3843 3221 3914 λαμπαδίῳ,
3263 3843 3406 3910 φημὶ
3455 3842 3540 3911 δὴ,
3579 3841 3836 3912 Χριστῷ.

2261 3937 2520 4005 Γεγόνασι
2540 3936 2668 4006 γὰρ,
2699 3935 2774 3998 ὼς
2810 3935 2940 4003 γοῦν
2991 3936 3020 3987 ό
3090 3934 3396 4002 σοφώτατος
3440 3933 3640 4002 γράφει
3693 3933 3837 3984 Παῦ-

2261 4026 2370 4089 λος,
2411 4044 2430 4075 t
2471 4026 2753 4096 φωστῆρες
2781 4027 2836 4077 ὲν
2866 4024 3075 4094 κόσμῳ,
3124 4024 3280 4091 λόγον
3310 4022 3454 4090 ζωῆς
3488 4023 3790 4090 ἐπέχοντες.
3815 4041 3831 4071 ι

2264 4118 2387 4169 Ὅτι
2418 4116 2474 4168 δὲ
2501 4117 2601 4168 οὐκ
2627 4116 2723 4167 ἀνθ
2734 4116 2941 4184 ρωπείᾳ
2959 4115 3103 4184 χειρὶ
3125 4114 3332 4166 σέσωκε
3355 4113 3449 4183 τὴν
3480 4114 3568 4164 ὑπ’
3592 4113 3838 4182 οὐρανὸν,

2261 4208 2375 4260 ἀλλ’
2403 4207 2558 4268 ἰδίαις
2585 4206 2878 4274 δυνάμεσιν
2906 4206 2980 4269 ὡς
3005 4207 3134 4268 Θεὸς
3153 4209 3180 4258 ὁ
3205 4203 3570 4273 Ἐμμανουὴλ,
3615 4203 3838 4273 διεμαρ-

2261 4295 2461 4366 τύρατο
2525 4294 2699 4361 λέγων
2757 4294 2850 4346 καὶ⁷
2901 4293 2988 4346 διὰ
3045 4295 3229 4363 φωνῆς
3281 4293 3460 4362 Ὠσηὲ.
3515 4293 3668 4361 Ἔχει
3730 4293 3838 4361 γάρ

2261 4394 2423 4446 οὕτω·
2461 4411 2480 4443 t
2519 4393 2660 4454 Τοὺς
2687 4391 2743 4444 δὲ
2778 4393 2928 4454 υἱοὺς
2976 4392 3142 4445 Ἰούδα
3169 4392 3396 4461 ὲλεήσω,
3424 4389 3519 4442 καί¹
3567 4388 3727 4442 σώσω
3752 4391 3840 4441 αὑ-

2189 4507 2235 4565 D
2261 4485 2387 4547 τοὺς
2419 4483 2478 4535 ἐν
2509 4481 2698 4553 Κυρίῳ
2737 4479 2856 4551 Θεῷ
2885 4480 3082 4543 αὐτῶν,
3110 4483 3204 4533 καὶ
3246 4481 3306 4532 οὺ
3351 4477 3510 4530 σώσω
3542 4479 3743 4542 αὐτοὺς
3779 4483 3837 4531 ὲν

2261 4573 2421 4643 τόξῳ,
2474 4570 2597 4624 οὔτε
2655 4573 2712 4623 ἐν
2763 4571 3034 4642 ῥομφαίᾳ,
3081 4570 3205 4622 οὒτε
3250 4572 3308 4623 ὲν
3341 4570 3584 4638 πολέμῳ,
3615 4569 3737 4623 οὐδὲ
3781 4570 3840 4622 ἓν

2262 4664 2520 4733 ἅρμασιν,
2543 4662 2664 4714 οὐδὲ
2693 4664 2749 4714 ὲν
2781 4663 3001 4724 ἵπποις,
3053 4662 3174 4714 οὐδὲ
3217 4663 3272 4712 ἐν
3311 4660 3583 4714 ἱππεῦσιν.
3625 4679 3642 4710 ι
3682 4655 3753 4712 Εὖ
3785 4659 3842 4711 δὲ

2257 4753 2321 4823 δὴ
2348 4752 2552 4823 σφόδρα
2586 4751 2720 4822 πρὸς
2750 4752 3056 4823 Ζοροϐάϐελ
3106 4753 3134 4803 ὀ
3165 4751 3319 4818 λόγος
3339 4747 3426 4821 ἦν,
3452 4752 3543 4802 τὸν
3566 4751 3623 4814 ἐξ
3672 4750 3843 4803 Ἰούδα

2258 4845 2453 4914 φυλῆς,
2499 4844 2750 4896 διέποντα
2794 4844 2854 4896 τὸ
2903 4842 3206 4913 τηνικαῦτα
3239 4843 3365 4903 τοὺς
3423 4843 3525 4910 τῆς
3567 4841 3844 4910 βασιλείας

2261 4933 2470 4995 θώκους
2512 4935 2569 4985 ὲν
2610 4935 2986 5004 Ἰερουσαλήμ.
3016 4935 3132 4987 Ἵνα
3156 4933 3267 5003 γάρ
3297 4934 3370 5002 μὴ
3401 4932 3511 4984 τῶν
3537 4930 3679 4983 οὕτω
3703 4931 3844 5000 λαμ-

2262 5022 2418 5090 πρῶν
2478 5022 2570 5074 καὶ
2619 5021 2964 5088 ἁξιαγὰστων
3018 5022 3460 5092 κατορθωμάτων
3526 5021 3675 5088 αὐτῷ
3708 5038 3841 5088 προ-

2260 5111 2697 5182 απηγγελμένων
2727 5111 2995 5181 πολέμους
3030 5113 3213 5175 οἴοιτο,
3257 5112 3348 5164 καὶ
3391 5111 3569 5179 μάχας
3601 5126 3840 5178 συγκΡ⁰’

2260 5200 2591 5271 τηθὴσεσθαι
2639 5201 2780 5252 κατὰ
2809 5203 3053 5267 καιροὺς,
3085 5201 3357 5268 ἐξίστησιν
3394 5197 3711 5264 ἀναγκαίως
3742 5198 3841 5249 αὺ-

2260 5291 2352 5342 τὸν
2408 5291 2515 5342 τῶν
2567 5289 2708 5342 οὕτω
2754 5290 2966 5359 σαθρῶν
3019 5292 3114 5344 καὶ
3165 5290 3520 5358 ἀνθρωπίνων
3576 5288 3835 5351 ἐννοιῶν,

2263 5379 2560 5432 διακεῖσθαι
2592 5379 2648 5432 δὲ
2677 5379 2878 5449 μᾶλλον
2928 5383 3310 5451 προστέταχεν,
3342 5381 3420 5432 ὅτι
3454 5379 3765 5448 θεοπρεπὴς
3803 5381 3834 5448 ἡ

2264 5463 2532 5534 ἐνέργεια,
2569 5467 2662 5520 καὶ
2689 5469 2722 5536 ἡ
2759 5465 2986 5536 δύναμις
3032 5469 3130 5520 οὐκ
3155 5464 3487 5537 ἀνθρωπίνη,
3520 5465 3614 5516 τοῦ
3650 5467 3839 5520 διαπε-

2267 5553 2540 5624 ραίνοντος
2571 5556 2638 5609 τά
2667 5555 2841 5609 τοιάδε
2865 5556 3122 5626 Χριστοῦ.
3153 5554 3493 5626 Μεμνὴμεθα
3519 5553 3594 5618 δὲ,
3631 5553 3714 5616 ὅτι
3743 5557 3837 5608 καὶ
