4080 6284
316 275 384 328 65
464 289 468 294 '
1155 274 1697 334 COMMENTARIUS
1735 277 1800 332 IN
1842 278 2234 334 ZACHARIAM
2276 279 2716 340 PROPHETAM.
3495 297 3563 353 66

314 385 477 439 αὑτὸν
498 387 589 439 τὸν
618 387 918 458 Ζοροϐάϐελ
958 387 1032 450 ώς
1056 389 1118 440 ἐκ
1149 389 1320 458 φυλῆς
1359 390 1523 444 ’ἰούδα
1545 431 1558 454 ,
1610 391 1704 446 καὶ
1741 392 1842 462 βασ

1947 430 1955 455 ι
1987 408 2116 448 sona
2151 395 2462 452 Emmanuel
2492 413 2549 456 et
2586 414 2678 453 rex
2725 409 2778 453 et
2820 415 3062 459 summus
3093 409 3346 466 sacerdos
3400 411 3560 465 intel-

312 476 410 531 λέα
443 478 780 548 παραδηλοῦν
825 479 1084 546 ἐλέγομεν
1126 480 1209 547 ἐφ’
1262 480 1441 550 ἑαυτῷ
1492 481 1584 536 τὸν
1624 484 1878 554 Χριστὸν,

1990 486 2205 555 ligatur.

310 573 658 639 συνημμένου
684 572 738 624 δὲ
776 572 869 626 καὶ
908 572 1083 640 Ἰησοῦ
1113 571 1206 625 τοῦ
1261 573 1527 642 Ἰωσεδὲκ,
1586 577 1651 630 ἵν’
1683 579 1741 631 ὲν
1800 578 1984 649 ταυτῷ
2050 585 2220 636 νοοῖτο
2270 581 2522 651 βασιλεύς
2577 602 2636 637 τε
2684 586 2802 656 ἃμα
2865 588 2956 642 καὶ
3004 591 3289 664 ἀρχιερεὺς
3347 596 3378 646 6
3435 598 3559 666 Ἐμ-

316 664 576 734 μανουήλ.

387 760 480 824 Τίς
513 756 568 812 εἷ
594 758 696 822 σὺ,
735 760 802 814 τὸ
827 761 967 829 ὄρος
1000 763 1067 817 τὸ
1091 763 1264 835 μέγα,
1307 765 1375 818 τὸ
1407 767 1520 836 πρὸ
1555 768 1878 834 προσώπου

309 851 659 918 Ζοροϐάϐελ,
689 853 796 907 τοῦ
823 854 1234 922 κατορθῶσαι;
1267 859 1374 912 Καὶ
1401 859 1618 923 ἐξοίσω
1643 861 1751 913 τὸν
1783 859 1876 913 λί-

307 943 414 993 θον
464 939 574 1007 τῆς
618 944 1052 1012 κληρονομίας,
1101 947 1328 1016 ἰσότητι
1385 948 1625 1017 χάριτος
1666 949 1877 1018 χάριτα

302 1029 512 1097 αὐτῆς.

374 1123 499 1175 KE’.
541 1123 872 1192 Δυσέφικτον
898 1127 995 1196 μὲν
1021 1130 1217 1200 κομιδῇ
1245 1130 1306 1183 τὸ
1337 1131 1716 1202 προκείμενον·
1736 1133 1874 1204 πλὴν

300 1212 538 1282 ἐροῦμεν
586 1215 747 1284 ἡμεῖς
777 1215 840 1268 τό
891 1233 955 1284 γε
1008 1219 1084 1281 ὡς
1127 1221 1324 1290 ἄριστα
1375 1223 1471 1274 καὶ
1517 1223 1691 1293 ὀρθῶς
1732 1223 1874 1294 ἔχειν

300 1304 728 1373 ὑπειλημμένον.
767 1307 951 1360 ’Ἑοικε
978 1308 1160 1363 τοίνυν
1199 1313 1227 1364 6
1267 1312 1424 1380 λόγος
1460 1315 1742 1384 μονονουχὶ
1781 1316 1875 1368 καὶ

299 1394 560 1464 ἐπιτιμᾷν
587 1396 664 1465 τῷ
688 1396 804 1468 ὄρει
847 1398 926 1469 τῷ
965 1402 1204 1471 μεγάλῳ,
1235 1405 1514 1468 τουτέστι,
1548 1405 1624 1474 τῷ
1659 1407 1872 1477 Σατανᾷ

298 1485 807 1557 κατεξανισταμένῳ
838 1506 896 1541 τε
923 1491 1017 1544 καὶ
1045 1491 1390 1560 ἀντεξάγοντι
1413 1495 1490 1564 τῷ
1513 1495 1751 1566 Χριστῷ,
1770 1498 1872 1566 τῆς

295 1577 462 1629 αὑτοῦ
509 1578 836 1650 δυστροπίας
887 1582 987 1651 τὴν
1040 1582 1288 1653 δύναμιν,
1336 1585 1364 1636 ὃ
1412 1585 1474 1656 δὴ
1517 1587 1612 1638 καὶ
1657 1588 1715 1640 ὲν
1755 1591 1868 1652 τοῖς

2060 766 2218 819 Vnus.
2247 766 2297 818 7.
2348 765 2478 830 Qui:
2504 783 2556 819 er
2591 777 2666 830 tu,
2709 785 2854 822 mons
2890 771 2978 824 ille
3025 789 3265 843 magnus,
3307 795 3426 839 ante
3471 789 3555 856 fa-

1984 855 2111 907 ciem
2165 854 2487 920 Zorubabel,
2523 866 2580 909 ut
2626 859 2884 913 instauret
2915 863 2938 914 ?
2973 862 3040 915 Et
3066 868 3283 922 educam
3323 854 3551 941 lapidem

1983 948 2323 1011 Itrcreditntt's,
2347 948 2643 1016 a'qualr'mte
2663 952 2847 1018 gratia:
2880 957 3105 1023 gratiam
3134 958 3268 1027 ejus.

2074 1121 2250 1178 XXV.
2330 1124 2686 1184 Difﬁcillimns
2753 1131 3021 1188 intellectu
3087 1135 3234 1192 locus
3298 1146 3548 1209 proposi—

1983 1221 2116 1266 tus:
2161 1227 2534 1272 verumtamen
2595 1222 2734 1285 quod
2783 1225 3081 1278 rectissime
3129 1239 3289 1295 atque
3347 1235 3549 1299 optime

1979 1304 2086 1358 dici
2142 1321 2298 1374 posse
2348 1311 2802 1379 existimavimus,
2837 1315 2888 1366 id
2951 1317 3000 1369 in
3057 1320 3290 1373 medium
3359 1323 3548 1380 affere-

1975 1412 2113 1451 mus.
2171 1396 2397 1454 Videtur
2436 1401 2617 1469 itaque
2676 1419 2856 1459 sermo
2892 1407 3122 1474 quadam
3175 1411 3546 1482 objurgatione

1972 1488 2241 1543 incessere
2269 1501 2500 1544 montem
2536 1508 2811 1562 magnum,
2870 1507 2994 1565 puta
3035 1498 3288 1554 Satanam
3347 1514 3538 1559 contra

1972 1577 2247 1632 Christum
2287 1581 2673 1650 insurgentem,
2705 1593 2758 1638 et
2794 1588 3164 1652 perversitatis
3212 1607 3324 1646 suae
3353 1607 3543 1663 poten-

292 1666 551 1737 ἀνωτέρω
599 1669 760 1722 πάλιν
819 1672 948 1740 ἡμῖν
1002 1675 1416 1744 αἰνιγματωδῶς
1471 1678 1845 1747 κατεγράφετο

1975 1668 2122 1732 tiam,
2165 1670 2316 1736 quasi
2352 1670 2521 1723 aciem
2552 1683 2740 1725 contra
2775 1687 3200 1742 promerentem,
3229 1684 3370 1748 quod
3413 1684 3538 1736 item

295 1757 441 1826 Ἔφη
477 1757 585 1827 γὰρ
631 1761 658 1812 6
703 1763 990 1834 προφήτης
1025 1765 1310 1818 τεθεᾶσθαι
1369 1767 1467 1835 μὲν
1521 1769 1728 1836 Ἰησοῦν
1775 1771 1868 1821 τὸν

291 1847 444 1917 ίερέα
486 1847 578 1901 τὸν
611 1851 784 1919 μέγαν
809 1854 1021 1906 ἑστῶτα
1050 1855 1155 1925 πρὸ
1187 1855 1484 1925 προσώπου
1511 1857 1604 1910 τοῦ
1631 1858 1864 1924 ἀγγέλου

287 1938 517 2006 Κυρίου,
541 1941 631 1992 τὸν
663 1941 717 1993 δέ
747 1959 811 2008 γε
847 1943 1089 1998 διάϐολον
1119 1946 1329 1998 ἑστῶτα
1370 1947 1434 1998 ὲκ
1467 1946 1651 2010 δεξιῶν
1677 1938 1862 2011 αὑτόὖ,

287 2025 385 2077 τοῦ
416 2028 754 2082 ἀντικεῖσθαι
784 2032 952 2100 αύτῷ.
982 2033 1106 2084 Ὅτι
1136 2034 1265 2104 γὰρ,
1302 2035 1426 2087 ὅσον
1454 2035 1744 2105 ἐνεχώρει,
1765 2038 1863 2089 καὶ

288 2109 358 2183 ἦν
390 2116 477 2167 ἐπ’
505 2117 672 2184 αὐτῷ,
711 2121 1063 2190 πεπολέμηκε
1095 2140 1153 2176 τε
1183 2126 1278 2178 καὶ
1317 2126 1706 2197 ἀντεγήγερται
1751 2129 1860 2182 δει-

287 2204 398 2267 νῶς
429 2209 549 2269 ταῖς
583 2209 674 2260 τοῦ
715 2210 964 2281 Σωτῆρος
998 2213 1328 2282 οἰκονομίαις
1353 2255 1368 2279 ,
1402 2217 1688 2281 καλοῦντος
1726 2218 1860 2289 πρὸς

285 2299 562 2366 σωτηρίαν
589 2299 686 2370 τὴν
729 2302 818 2353 ὑπ’
851 2304 1097 2372 ούρανδν,
1157 2308 1536 2378 προσκυνητὴν
1567 2309 1693 2362 ἴδιον
1726 2311 1860 2364 ἀπο-

282 2385 496 2451 φαίνειν
529 2388 708 2457 ἤθελε,
737 2391 1097 2458 παραδεικνὺς
1122 2395 1220 2462 μὲν
1243 2395 1413 2465 αὐτῷ,
1444 2399 1492 2450 εί
1525 2397 1585 2466 δὴ
1617 2415 1858 2469 προσπε-

282 2478 397 2528 σεῖν
443 2475 618 2530 ἕλοιτο
662 2481 758 2532 καὶ⁵
815 2485 1190 2554 προσκυνῆσαι
1238 2486 1426 2556 αὐτῷ’.
1478 2485 1612 2541 Εἶτα.
1653 2491 1745 2544 καὶ
1794 2492 1853 2558 ἐξ

276 2566 446 2620 αὐτοῦ
473 2566 564 2621 τοῦ
592 2570 755 2640 χοροῦ
783 2571 890 2624 τῶν
919 2573 1088 2640 ἁγίων
1117 2576 1430 2629 ἀποστόλων
1458 2578 1548 2631 τὸν
1587 2581 1852 2652 προδότην

275 2657 496 2727 ἥρπασε
529 2659 798 2729 μαθητὴν,
840 2662 1140 2727 ἀναπείσας
1172 2665 1405 2736 ὄργανον
1434 2667 1535 2733 τῆς
1585 2669 1851 2724 Ἰουδαίων

274 2748 530 2814 γενέσθαι
588 2750 931 2821 σκαιότητος.
977 2754 1327 2826 Ἐπιπλήττει
1373 2758 1437 2828 δὴ
1484 2755 1576 2812 οῦν
1619 2762 1647 2812 6
1696 2761 1850 2829 λόγος

273 2839 446 2908 αὐτῷ,
501 2839 594 2892 καί
643 2859 807 2910 φησι·
845 2861 862 2892 ι
894 2843 988 2906 Τίς
1021 2839 1071 2895 εἷ
1108 2846 1192 2908 σὺ,
1242 2847 1302 2900 τὺ
1329 2849 1452 2919 ὅρος
1482 2851 1542 2902 τὸ
1584 2851 1758 2920 μέγα,
1787 2853 1850 2904 τὸ

273 2930 382 2999 πρὸ
422 2932 710 3001 προσώπου
756 2931 848 2984 τοῦ
894 2934 1218 3004 Ζοροϐάϐελ,
1261 2939 1354 2992 τοῦ
1399 2942 1778 3012 κατορθῶσαι;
1821 2963 1841 2995 ι

1970 1775 2150 1826 supra,
2189 1776 2492 1828 quanquam
2530 1765 2628 1815 sub
2667 1763 2952 1830 velamine,
2991 1771 3146 1822 nobis
3193 1772 3540 1828 describeba-

1972 1857 2074 1900 tur.
2108 1848 2329 1900 Dicebat
2357 1849 2500 1901 enim
2536 1851 2797 1918 propheta
2857 1867 2918 1906 se
2973 1856 3171 1910 vidisse
3203 1857 3387 1912 Iesum
3448 1878 3538 1915 sa-

1966 1939 2233 1991 cerdotem
2279 1953 2528 2008 maguum
2561 1949 2792 1994 stantem
2838 1957 3020 1997 coram
3062 1950 3255 2016 angelo
3295 1949 3532 2016 Domini,

1963 2037 2016 2081 et
2039 2028 2306 2082 diabolum
2345 2040 2576 2083 stantem
2618 2045 2647 2083 a
2693 2029 2900 2087 dextris
2929 2034 3066 2100 ejus,
3097 2047 3156 2090 ut
3205 2041 3526 2096 adversare-

1965 2126 2052 2170 tur
2079 2119 2149 2172 ei.
2191 2118 2331 2185 Quin
2369 2121 2537 2184 enim,
2569 2131 2826 2190 quantum
2857 2123 3019 2188 licuit
3055 2137 3110 2181 et
3143 2129 3194 2182 iu
3231 2131 3350 2200 ipso
3407 2134 3529 2200 fuit,

1959 2212 2456 2278 oppugnaverit,et
2508 2214 2856 2269 vehementer
2916 2217 3276 2274 iusurrexerit
3337 2235 3528 2278 contra

1959 2303 2320 2357 trconomiatn
2354 2303 2670 2371 Salvatoris,
2693 2310 2948 2362 mundum
2971 2311 3037 2363 ad
3067 2311 3293 2367 salutem
3329 2329 3528 2368 vocan-

1960 2394 2048 2459 tis,
2086 2411 2243 2449 ncmo
2282 2397 2569 2460 dubitabit,
2609 2399 2653 2452 si
2685 2401 3002 2470 cogitaverit
3046 2404 3274 2472 primum
3309 2407 3525 2473 quidem

1959 2487 2258 2541 accessisse
2291 2488 2353 2540 ad
2382 2488 2712 2557 jejunantem
2746 2494 2797 2544 in
2832 2493 3066 2557 deserto.
3096 2505 3149 2550 et
3182 2499 3363 2550 mundi
3401 2498 3526 2551 Sal-

1955 2587 2195 2630 valorem
2229 2577 2506 2642 intuitum,
2531 2593 2589 2633 se
2628 2579 2695 2632 ab
2734 2580 2822 2634 illo
2854 2583 3066 2636 adorari
3127 2588 3520 2654 concupivisse,

1954 2681 2073 2720 cum
2131 2666 2203 2719 illi
2257 2669 2437 2721 omnia
2495 2683 2658 2738 regna
2719 2671 2900 2724 mundi
2959 2675 3247 2728 ostendens
3298 2677 3526 2731 dixisset

1951 2758 2128 2811 omnia
2167 2757 2280 2812 fore
2311 2758 2506 2827 ipsius,
2537 2761 2581 2812 si
2628 2762 2906 2827 procidere
2935 2763 2987 2816 in
3036 2780 3206 2834 genua
3251 2777 3304 2818 ct
3330 2782 3388 2820 se
3425 2770 3521 2820 ad-

1951 2865 2108 2906 orare
2136 2867 2240 2904 nou
2281 2861 2553 2908 recusaret
2571 2854 2631 2904 ²⁶.
2669 2854 2871 2910 Deinde
2896 2871 2958 2909 ex
2985 2858 3097 2924 ipso
3119 2860 3284 2914 choro
3306 2869 3524 2914 sancto-

1952 2956 2068 2993 rum
2100 2941 2465 3010 apostolorum
2524 2945 2852 3013 proditorem
2910 2945 3102 3001 Jutlam
3142 2951 3391 3018 arripuit,
3432 2951 3520 3004 cui

272 3020 348 3073 T6
369 3022 449 3084 δὲ,
485 3020 584 3087 Τίς
614 3019 674 3076 εἷ
705 3024 824 3086 σύ;
853 3002 1069 3094 νοητέον
1095 3027 1190 3096 οὐχ
1220 3028 1294 3091 ώς
1320 3002 1594 3094 ἐθέλοντος
1627 3002 1837 3102 ἀναμα-

1949 3033 2220 3100 persuasit
2251 3044 2310 3088 ut
2355 3033 2663 3090 Iudaeorum
2702 3036 2930 3093 feritatis
2959 3040 3378 3093 instrumentum
3429 3041 3524 3093 tic-

273 3111 407 3177 θεῖν,
439 3113 518 3176 τίς
543 3113 606 3182 δὴ
637 3113 744 3185 ἄρα
776 3117 869 3168 καὶ
908 3117 1070 3170 πόθεν
1099 3119 1246 3171 ἐστίν
1284 3120 1364 3192 (ού
1395 3122 1499 3193 γὰρ
1520 3121 1584 3174 ἂν
1607 3125 1844 3194 ἠγνόησε

271 3202 404 3266 Θεὸς
433 3204 529 3272 ὢν)
554 3246 568 3270 ,
606 3207 719 3258 ἀλλ’
746 3201 857 3259 οἷον
915 3210 1449 3280 κατασμικρύνοντος
1509 3215 1601 3265 καὶ
1631 3215 1843 3278 οὐδενὸς

275 3291 554 3356 ἀξιοῦντος
585 3295 768 3360 λόγου,
796 3296 900 3348 κάν
929 3298 978 3347 εί
1007 3297 1147 3365 μέγα
1170 3315 1229 3348 τε
1262 3300 1349 3368 εἴη
1401 3302 1492 3351 καὶ
1517 3301 1844 3372 δυσάντητον

266 3383 436 3455 ὅρος,
484 3388 576 3440 καὶ
633 3388 886 3456 ἐμποδὼν
935 3390 1185 3460 κείμενον
1239 3392 1540 3461 κατορθοῦν
1607 3393 1844 3449 ἐθέλοντι

263 3477 443 3530 τοιάδε
498 3480 754 3550 Χριστῷ,
806 3473 870 3532 οὗ
921 3481 1013 3534 καὶ
1065 3482 1144 3544 είς
1198 3481 1368 3534 τύπον
1420 3485 1447 3534 6
1501 3486 1838 3555 Ζοροϐάϐελ,

263 3567 520 3638 καθάπερ
548 3570 648 3640 ἢδη
683 3573 1045 3642 προείπομεν.
1074 3573 1269 3626 Καίτοι
1307 3574 1415 3644 γὰρ
1445 3577 1837 3646 ἀπαράκλητον

264 3658 410 3728 ἔχων
445 3661 543 3731 τὴν
579 3662 906 3734 δυστροπίαν
936 3668 964 3718 ὁ
990 3667 1206 3736 δράκων
1238 3668 1266 3718 6
1297 3668 1630 3738 ἀποστάτης,
1662 3671 1840 3724 πεπά-

265 3767 428 3819 τηται
482 3753 631 3822 παρὰ
672 3756 908 3824 Χριστοῦ
957 3757 1122 3810 πόνου
1179 3775 1238 3810 τε
1286 3760 1377 3812 καὶ
1428 3760 1650 3830 ἱδρῶτος
1694 3762 1836 3830 δίχα.

264 3841 397 3906 Θεὸς
423 3845 530 3914 γὰρ
560 3841 629 3915 ἦν
687 3847 829 3900 κατὰ
866 3847 1026 3917 φύσιν
1064 3852 1092 3901 6
1124 3851 1333 3913 πάντας
1367 3852 1632 3906 νικῶν.Ἢ
1659 3855 1838 3907 τοίνυν

262 3933 408 3986 κατά
453 3935 544 3988 τὸν
591 3938 794 3990 τοιόνδε
847 3939 967 3992 τινὰ
1016 3940 1216 4011 τρόπον
1264 3943 1682 4013 προσϐαλοῦμεν
1725 3947 1838 4007 τοῖς

261 4026 606 4096 εἰρημένοις,
639 4028 669 4097 ἢ
704 4031 796 4082 καὶ
825 4031 1061 4104 ἑτέρως,
1105 4034 1154 4084 ει
1185 4031 1349 4085 δοκεῖ.
1389 4035 1532 4104 Ἔφη
1569 4035 1667 4104 μὲν
1705 4037 1833 4106 γὰρ,

259 4118 344 4172 ὃτι
398 4120 495 4171 οὐκ
549 4120 864 4192 ἀνθρωπεία
919 4124 1146 4194 δυνάμει
1217 4125 1690 4196 κατορθωθήσεται
1757 4128 1834 4198 τῷ

259 4212 451 4282 κόσμῳ
483 4212 552 4266 τὰ
590 4215 724 4282 πρὸς
769 4215 932 4286 ζωήν.
977 4217 1087 4270 Καὶ
1119 4219 1375 4288 στήσεται
1415 4218 1513 4288 μὲν
1562 4221 1593 4289 ἡ
1624 4219 1829 4290 λυχνία,

1946 3131 2047 3176 ret.
2075 3122 2392 3192 lncrepatur
2419 3127 2598 3189 itaque
2617 3126 2699 3179 his
2727 3129 2942 3181 verbis:
2970 3147 2988 3179 ι
3023 3127 3155 3191 Quis
3175 3144 3232 3180 es
3262 3139 3337 3189 ιιι,
3367 3143 3522 3183 Inous

1947 3225 2304 3282 magne,ante
2338 3216 2529 3269 faciem
2577 3216 2896 3280 Zorobabel,
2929 3227 2986 3270 ut
3013 3219 3282 3270 instaurcs
3313 3219 3336 3272 ἲ
3387 3217 3517 3273 illud

1946 3305 2080 3369 Quis
2109 3319 2189 3370 es,
2246 3320 2349 3357 non
2384 3305 2453 3360 ita
2495 3307 2888 3374 accipiendum,
2943 3310 3097 3374 quasi
3135 3324 3290 3362 nosse
3340 3310 3520 3378 cupiat

1945 3395 2069 3463 quis
2128 3395 2340 3449 tandem
2373 3404 2427 3448 et
2470 3397 2612 3450 unde
2645 3398 2735 3449 sit.
2769 3396 2879 3451 Noo
2907 3400 3049 3451 enim
3085 3399 3392 3466 ignorabat,
3435 3412 3517 3453 ut-

1942 3495 2066 3552 pote
2087 3484 2244 3537 Deus.
2267 3483 2370 3536 Sed
2397 3483 2550 3551 quasi
2577 3494 2917 3548 extenuet,ct
2938 3486 3089 3538 nihili
3117 3486 3298 3553 faciat,
3325 3504 3518 3558 quam-

1941 3576 2021 3628 vis
2052 3589 2276 3644 magnus
2321 3589 2476 3628 mons
2511 3582 2675 3637 esset,
2726 3585 2779 3627 et
2825 3576 2909 3627 cui
2975 3575 3130 3628 facile
3179 3578 3353 3631 resisti
3408 3596 3512 3632 non

1940 3675 2142 3734 posset,
2168 3675 2220 3717 et
2255 3665 2695 3731 impedimentum
2721 3665 2988 3734 objectum
3021 3665 3238 3720 Christo
3285 3668 3398 3722 hmc
3427 3670 3512 3722 in-

1939 3765 2190 3808 staurare
2249 3755 2475 3817 volenti,
2503 3755 2667 3826 687
2710 3757 2862 3824 cujus
2895 3766 3048 3826 typus
3099 3757 3420 3825 Zorobabel,
3456 3773 3514 3814 ut

1932 3842 2044 3912 jam
2081 3843 2336 3898 diximus.
2389 3843 2497 3896 Etsi
2535 3847 2680 3897 enim
2728 3844 2799 3897 sit
2859 3845 3214 3910 implacabilis
3270 3850 3510 3917 nequitia

1937 3935 2186 3988 draconis
2213 3941 2492 4002 apostatae,
2527 3943 2704 3987 tamen
2740 3936 2874 3989 citra
2930 3937 3164 3992 laborem
3222 3940 3509 3995 sudorem-

1936 4041 2096 4095 quea
2129 4025 2342 4079 Christo
2366 4025 2712 4081 conculcatus
2758 4038 2861 4081 est.
2914 4027 3045 4082 Erat
3110 4029 3253 4084 enim
3315 4044 3506 4086 natura

1938 4117 2096 4179 Deus,
2132 4131 2320 4170 omnes
2347 4131 2696 4185 exsuperans.
2755 4119 2860 4172 Aut
2934 4119 3093 4186 igitur
3130 4120 3219 4173 tali
3275 4125 3502 4190 quodam

1934 4208 2092 4262 modo
2118 4208 2258 4262 dicta
2297 4208 2456 4261 verba
2483 4208 2893 4274 explicabimus,
2915 4219 3005 4263 aut
3027 4211 3153 4277 alio,
3185 4211 3227 4264 si
3253 4212 3497 4280 placebit.

256 4303 320 4356 τὸ
347 4305 648 4373 λαμπάδιον
672 4306 890 4377 ἔχουσα,
917 4309 1184 4373 τουτέστι,
1205 4310 1461 4382 Χριστὸν,
1489 4311 1828 4382 ἐκλάμψουσι

1947 4299 2084 4352 Dixit
2131 4300 2299 4363 enim,
2345 4314 2449 4352 non
2504 4299 2740 4352 humana
2775 4301 2968 4353 virtute
2996 4302 3195 4354 mundo
3221 4304 3386 4355 vitant
3421 4304 3502 4356 in-

254 4394 313 4449 δὲ
342 4399 390 4447 οἱ
413 4396 596 4464 λύχνοι
623 4437 637 4460 ,
670 4400 763 4450 καὶ
794 4400 900 4470 μὴν
932 4401 1028 4452 καὶ
1061 4403 1124 4454 ὲκ
1153 4401 1342 4466 δεξιῶν
1378 4404 1472 4455 καὶ
1525 4402 1586 4468 ἐξ
1626 4403 1827 4456 εὐωνύ-

260 4498 382 4554 μων
410 4481 504 4533 τοῦ
530 4481 833 4551 λαμπαδίου
869 4487 924 4537 αἱ
947 4487 1040 4539 δύο
1069 4489 1284 4552 πάντως
1323 4491 1494 4542 ἐλαῖαι.
1521 4492 1827 4560 στήσονται,

254 4574 385 4636 τοὺς
412 4573 508 4625 δύο
542 4573 707 4636 λαοὺς
739 4576 1117 4644 σημαίνουσαι.
1157 4575 1268 4630 Εἶθ’
1300 4579 1488 4650 ῶσπερ
1517 4582 1828 4636 ἀναπυνθα-

253 4665 484 4735 νομένου
529 4665 675 4728 τινὸς
715 4666 810 4719 καὶ
851 4667 1136 4735 λέγοντος·
1192 4670 1287 4733 Τίς
1322 4667 1433 4740 ἆρα
1470 4669 1521 4724 εἷ
1555 4674 1654 4744 σὺ,
1694 4676 1722 4727 6
1757 4675 1826 4728 τά

252 4755 396 4808 οὕτω
444 4757 657 4826 μεγάλα
724 4758 962 4828 πολέμου
1012 4760 1136 4830 δίχα
1183 4762 1400 4824 πάντως
1449 4764 1542 4816 καὶ
1589 4753 1824 4837 ἀμογητὶ

254 4846 624 4917 κατορθώσειν
654 4848 1084 4919 ὑπισχνούμενος
1100 4869 1113 4916 ;
1146 4853 1627 4925 προσυπακούεται
1650 4857 1822 4924 λέγων

251 4932 281 4984 ὁ
312 4931 443 4994 Θεὸς
474 4933 569 4985 καὶ
597 4935 787 5005 Πατήρ
811 4951 825 4965 ·
862 4953 880 4985 ι
917 4935 1058 5004 Ἐγὼ
1090 4937 1149 4990 τὸ
1177 4939 1302 5009 ὅρος
1330 4940 1389 4992 τὸ
1434 4942 1594 5011 μέγα,
1627 4943 1686 4997 τὸ
1718 4945 1822 5016 πρὸ

252 5021 545 5092 προσώπου
581 5024 908 5094 Ζοροϐάϐελ,
941 5026 1036 5078 τοῦ
1075 5029 1435 5100 κατορθῶσαιο
1465 5051 1482 5082 ι
1524 5034 1817 5100 τουτέστιν,

265 5111 404 5180 Ἐγώ
428 5114 542 5184 εἰμι
558 5117 590 5183 ἡ
616 5116 792 5168 πάντα
823 5116 1192 5188 ὑπεραίρουσα
1214 5121 1393 5190 φύσις,
1411 5125 1444 5192 ἡ
1465 5122 1822 5197 θεοπρεπέσιν

254 5201 542 5272 ὑψώμασιν
581 5205 661 5266 είς
706 5204 803 5275 τὴν
837 5206 1237 5278 ὑπερεπέκεινα
1281 5214 1498 5267 πάντων
1537 5214 1823 5285 διᾴττουσα

250 5290 426 5355 δόξαν,
472 5293 614 5346 κατὰ
644 5295 868 5365 καιροὺς
912 5297 1168 5367 ἀρκέσειν
1201 5301 1468 5370 μέλλουσα
1514 5303 1651 5374 πρὸς
1686 5321 1819 5356 κατ-

251 5383 480 5452 όρθωσιν
532 5383 640 5436 τῶν
698 5385 1159 5457 ἐπηγγελμένων,
1227 5392 1319 5444 καὶ
1369 5392 1477 5464 πρὸ
1525 5392 1818 5462 προσώπου

251 5471 570 5542 Ζοροϐάϐελ.
613 5474 686 5526 Ού
719 5475 823 5546 γὰρ
855 5478 1039 5547 ἠγνόει
1077 5480 1311 5550 Χριστὸς
1345 5482 1435 5536 τὸν
1473 5483 1664 5538 ἑαυτοῦ
1701 5485 1814 5536 Πα-

322 5652 364 5684 ¹⁸
390 5653 575 5710 Matth.
605 5670 678 5723 tv,
706 5657 726 5709 -Ι
752 5670 906 5728 seqq.

1934 4399 2319 4445 stauraturnm.
2350 4389 2416 4445 Et
2437 4390 2599 4444 stabit
2631 4390 2845 4458 quidem
2876 4389 3276 4454 candelabrum,
3303 4391 3505 4460 lampa-

1933 4483 2053 4537 dem
2092 4482 2317 4546 habens,
2336 4482 2436 4536 hoc
2465 4493 2548 4536 est
2570 4481 2842 4536 Christum
2875 4496 2890 4534 :
2924 4479 3177 4535 lucebunt
3204 4492 3386 4537 autem
3420 4485 3501 4536 lu-

1931 4590 2128 4631 cernae.
2155 4575 2418 4631 Praaterea
2444 4591 2474 4629 a
2502 4577 2684 4630 dextra
2709 4575 2948 4644 laavaque
2975 4575 3233 4643 lampadis
3261 4576 3376 4627 dua:
3405 4574 3504 4628 oli-

1932 4684 2012 4725 vat
2072 4670 2289 4723 omnino
2327 4671 2565 4731 stabunt,
2609 4669 2742 4722 duos
2793 4668 3017 4735 populos
3093 4667 3496 4720 adumbrantcs.

1930 4756 2148 4823 Postea,
2193 4759 2347 4827 quasi
2373 4758 2685 4812 sciscitante
2721 4757 2972 4825 quopiam
2998 4771 3060 4809 ac
3089 4756 3332 4809 dicente:
3365 4754 3500 4818 Quis

1928 4848 2092 4917 igitur
2119 4862 2178 4902 es
2215 4857 2292 4912 tu,
2323 4847 2412 4914 qui
2458 4854 2566 4898 tam
2616 4846 2782 4900 ardua
2816 4845 2959 4899 nullo
3000 4845 3137 4898 bello
3175 4855 3229 4897 et
3263 4845 3379 4897 sine
3423 4843 3467 4893 lu

1929 4938 2059 4993 bore
2107 4937 2336 4992 feliciter
2373 4935 2789 4990 consﬁluturum
2837 4932 3125 5002 spondes?
3179 4932 3497 4986 subauditur

1931 5030 2258 5095 respondens
2297 5029 2432 5082 Deus
2461 5026 2692 5081 etl’ater
2720 5041 2733 5077 :
2766 5043 2784 5075 ι
2826 5027 2934 5094 Ego
2959 5040 3113 5080 uiuus
3149 5023 3235 5074 ille
3273 5036 3496 5087 magnus

1929 5130 2053 5174 ante
2081 5119 2267 5172 faciem
2300 5117 2616 5181 Zorobabel,
2647 5127 2704 5170 ut
2733 5117 3026 5170 instaurem
3057 5132 3068 5166 :
3114 5131 3131 5162 ι
3174 5112 3223 5164 id
3265 5120 3345 5162 cst
3394 5125 3496 5178 ego

1923 5219 2039 5258 sum
2079 5205 2332 5258 omnibus
2364 5205 2771 5272 supereminens
2802 5213 3014 5263 natura,
3057 5198 3249 5251 divinis
3277 5197 3495 5250 celsitu-

1921 5295 2136 5349 dinibus
2159 5297 2222 5348 ad
2245 5296 2468 5361 gloriam
2500 5292 2937 5349 sublimissimam
2974 5287 3209 5340 omnium
3232 5289 3495 5348 emicans,

1923 5401 2040 5455 quae
2099 5400 2198 5440 suo
2263 5395 2500 5454 tempore
2558 5386 2624 5438 ad
2675 5380 2940 5451 promissa
2991 5375 3216 5429 fideliter
3274 5387 3326 5430 et
3374 5389 3499 5428 ante

1920 5478 2110 5533 faciem
2172 5475 2466 5532 Zorobabel
2535 5469 2833 5542 praestanda
2892 5465 3136 5523 sufficiet.
3193 5467 3305 5520 Non
3353 5467 3500 5520 enim
