4080 6284
578 318 647 375 67
1614 311 1669 365 S.
1709 308 1985 366 CYRILLI
2028 306 2500 362 ALEXANDRINI
2538 304 2860 362 ARCHIEP.
3770 305 3854 359 68

584 431 869 501 ignorabat
907 430 1157 485 Christus
1186 426 1398 481 Patrem
1435 439 1593 479 suum
1620 445 1632 479 :
1658 428 1752 481 sed
1797 426 1948 496 quasi
1976 440 2157 494 quem-

2271 424 2419 494 τέρα,
2464 423 2577 476 ἀλλ’
2614 421 2801 490 ὥσπερ
2835 420 2953 473 τινά
2999 418 3334 490 συνεργάτην
3371 418 3481 471 τῶν
3527 417 3671 471 ἰδίων
3711 435 3851 471 κατ’

586 526 709 578 dam
768 525 1064 589 adjutorem
1119 518 1408 585 insignium
1449 531 1666 570 suarum
1689 518 1957 570 actionum
2036 531 2156 569 eum

587 613 839 677 faciebat,
869 626 992 664 cum
1021 610 1258 663 diceret:
1298 624 1317 657 ι
1342 608 1382 660 Α
1406 621 1490 660 me
1515 606 1632 675 ipso
1664 608 1801 660 facio
1826 608 1975 660 nihil.
2007 606 2163 659 Pater

587 714 765 758 autem
801 704 852 755 in
884 715 967 754 me
1004 716 1246 762 manens,
1281 700 1393 767 ipse
1428 699 1556 752 facit
1580 714 1739 768 opera
1767 700 1868 751 ".t
1896 699 2163 767 Operaba—

588 807 677 849 tur
700 795 841 847 cnim
870 803 927 845 ut
957 807 1053 859 per
1089 792 1362 864 propriam
1401 792 1654 845 virtutem
1697 804 1789 859 per
1826 788 2041 853 Filium,
2069 804 2164 857 per

586 900 750 957 quem
806 896 862 939 et
906 884 973 938 ab
1036 884 1190 937 initio
1248 883 1445 936 creatis
1510 883 1782 943 omnibus,
1842 886 2035 935 merito
2080 890 2165 935 est

589 976 921 1031 admirabilis
974 1014 989 1029 .
1038 1013 1053 1028 .
1106 1014 1121 1028 .
1181 973 1643 1041 asapientissimo
1697 972 1914 1027 Daniele
1969 974 2163 1027 iterum

591 1070 732 1123 Deus
762 1080 814 1123 et
840 1066 1003 1121 Pater
1054 1080 1210 1120 mons
1246 1063 1576 1130 nominatur,
1609 1066 1750 1119 unde
1785 1073 1840 1119 et
1865 1064 1997 1134 lapis
2047 1064 2165 1118 sine

590 1163 838 1216 manibus
900 1160 1156 1229 praecisus
1186 1166 1297 1223 est,
1342 1158 1434 1226 qui
1472 1164 1526 1210 et
1581 1174 1795 1223 aurum,
1841 1166 2161 1227 argentum,

586 1270 683 1316 tes,
717 1253 916 1307 ferrum
953 1251 1269 1305 comminuit
1292 1251 1358 1305 ’⁸.
1392 1250 1521 1317 Qua:
1565 1254 1727 1306 etiam
1757 1250 1955 1306 Christi
1992 1252 2165 1319 imago

589 1344 709 1397 fuit.
738 1342 904 1395 Natus
931 1341 1073 1394 enim
1106 1354 1171 1394 ex
1212 1344 1321 1397 Deo
1367 1341 1526 1395 Patre
1566 1340 1752 1401 Filius,
1806 1353 1965 1407 supra
2003 1352 2163 1405 quam

588 1436 695 1489 dici
727 1444 818 1488 aut
842 1442 1021 1488 mente
1037 1434 1151 1502 capi
1174 1442 1368 1502 potest,
1388 1432 1639 1485 c0ntrivit
1654 1440 1899 1497 regna,ut
1916 1428 2164 1497 deinceps

590 1539 757 1595 penes
780 1540 899 1579 eum
930 1525 1002 1578 sit
1042 1540 1202 1578 omne
1252 1522 1535 1590 imperium
1578 1535 1591 1571 :
1626 1537 1645 1569 ι
1700 1518 1971 1572 Flectetur
2021 1518 2164 1571 enim

590 1618 692 1684 ipsi
715 1631 875 1671 omne
907 1631 1067 1685 genu,
1127 1625 1180 1668 et
1207 1613 1389 1666 omnis
1439 1612 1614 1679 lingua
1661 1609 2003 1663 conﬁtebitur
2041 1611 2164 1677 quia

590 1707 851 1763 Dominus
882 1707 1040 1761 Jesns
1070 1706 1320 1760 Christus
1361 1704 1413 1757 in
1438 1702 1604 1772 gloria
1629 1711 1710 1755 est
1735 1700 1825 1754 Dei
1850 1700 2037 1755 'Patris
2058 1702 2158 1756 ε’.»

591 1798 780 1869 itaque
810 1810 864 1852 ιιι
893 1813 956 1851 ex
992 1807 1171 1850 monte
1205 1797 1296 1851 Dei
1326 1804 1379 1849 et
1415 1793 1590 1847 Patris
1624 1805 1867 1846 summus
1891 1792 2164 1860 angularis

587 1900 645 1943 et
680 1890 880 1940 electus
911 1886 1043 1953 lapis
1072 1890 1310 1937 resectos
1336 1881 1681 1945 Deus,l‘actus
1701 1892 1784 1934 est
1815 1882 1965 1935 nobis
1992 1882 2161 1935 luere-

593 1976 808 2031 ditas“.
838 1975 1026 2029 Vocati
1055 1974 1249 2043 quippe
1275 1987 1459 2027 smnus
1488 1972 1541 2025 in
1565 1973 1904 2040 adoptionem
1934 1972 2162 2027 ﬁliorum

591 2087 689 2139 per
718 2071 886 2138 ipsum
916 2068 982 2134 ἰ,
1012 2068 1307 2137 scriptiqne
1338 2065 1576 2120 lta‘redes
1607 2066 1696 2119 Dei
1717 2067 1963 2129 viventis,
1986 2081 2165 2136 a'qua-

593 2159 739 2211 litate
771 2159 956 2229 gratia:
995 2158 1222 2227 gratiam
1265 2154 1695 2211 lucrifacientes.
1729 2156 1840 2211 lloc
1878 2173 2006 2211 vero
2037 2157 2163 2226 quid

588 2252 723 2306 est?
758 2253 885 2304 Data
917 2260 998 2305 est
1029 2249 1242 2319 quidem
1293 2249 1464 2319 gratia
1510 2250 1724 2317 antiqua
1759 2250 1843 2301 illa
1882 2258 1935 2302 et
1964 2251 2164 2303 decan-

590 2350 699 2395 tata
729 2358 741 2393 :
769 2341 977 2395 liberati
1018 2350 1143 2395 sunt
1179 2344 1321 2396 enim
1348 2356 1412 2393 ex
1448 2338 1681 2409 Egypto
1712 2339 2004 2393 secundum
2041 2355 2160 2394 cor-

593 2448 712 2503 pus,
758 2432 1163 2503 servilejugum
1201 2431 1583 2486 dominationis
1629 2446 1734 2501 quo
1781 2434 2165 2500 premebantur

595 2542 623 2577 a
660 2524 959 2579 cervicibus
990 2525 1324 2592 dejeccrunt,
1350 2538 1444 2593 per
1466 2523 1698 2577 medium
1752 2538 1901 2576 mare
1936 2524 2164 2577 traducti

593 2628 740 2682 sunt,
774 2619 1126 2673 comederunt
1155 2631 1348 2670 manna
1376 2616 1428 2670 in
1457 2615 1763 2681 solitudine,
1815 2615 1984 2686 688
2022 2616 2168 2685 pedi-

594 2710 693 2765 bus
714 2710 930 2764 ﬁumina
955 2705 1595 2771 transieruntJordanem
1623 2706 1947 2771 videlicet,in
1966 2716 2165 2759 terram

593 2801 972 2869 promissionis
1002 2798 1295 2853 introducti
1329 2806 1474 2852 sunt.
1511 2797 1634 2853 Haec
1666 2798 1830 2867 igitur
1854 2797 2027 2867 gratia
2077 2797 2168 2851 illa

594 2893 787 2959 prima.
824 2891 1019 2944 Verum
1049 2890 1103 2944 in
1148 2888 1451 2959 mqualitate
1478 2898 1533 2943 et
1562 2890 1910 2944 similitudine
1937 2890 2171 2959 antiquae

596 2983 737 3036 illius
769 2981 954 3048 gratiae
973 2980 1144 3051 gratia
1172 2980 1440 3048 impertita
1471 2989 1555 3034 est
1576 2978 1856 3044 aChristo,
1878 2981 1966 3050 qui
1994 2980 2170 3035 factus

2262 513 2596 583 ορθωμάτων
2648 513 2881 563 ἐποιεῖτο
2922 509 3126 577 λέγων·
3179 529 3196 560 ι
3241 510 3360 561 Ἀπ’
3408 506 3646 577 ἐμαυτοῦ
3700 505 3852 558 ποιῶ

2261 603 2434 656 οὐδέν.
2481 604 2537 653 '0
2563 602 2618 654 δὲ
2649 601 2840 672 Πατὴρ
2874 603 2900 653 6
2930 602 2986 653 ἐν
3025 601 3147 669 ἐμοὶ
3193 599 3393 669 μένων,
3432 598 3667 651 ποιεῖτά
3702 596 3854 666 ἔργα.

2263 694 2444 756 αὑτός.
2487 713 2503 745 ι
2546 693 2842 761 Εἰργάζετο
2880 693 2987 762 γάρ
3032 691 3107 754 ὡς
3147 691 3234 744 διὰ
3258 691 3538 760 δυνάμεως
3571 690 3705 752 ίδίας
3743 688 3847 742 τοῦ

2265 786 2419 849 Υίοῦ,
2449 785 2517 837 δι’
2556 780 2615 837 οὗ
2651 786 2745 837 καὶ
2777 786 2831 836 ἐν
2859 784 3053 854 ἀρχαῖς
3091 783 3158 835 τά
3205 783 3381 837 πάντα
3425 782 3560 851 πρὸς
3604 781 3665 833 τὸ
3700 777 3848 833 εἶναι

2280 877 2636 949 παρενεγκὼν
2664 874 2887 936 είκότως
2920 871 3374 943 θαυμάζεται.....
3396 872 3543 942 παρά
3568 870 3645 942 τῷ
3672 886 3865 937 aequ):

2262 970 2411 1040 τάτῳ
2448 967 2667 1038 Δανιὴλ,
2695 967 2769 1029 ὡς
2793 966 2917 1037 ὄρος
2946 968 3078 1035 ἡμῖν
3118 967 3429 1036 ὠνόμασται
3463 964 3623 1018 πάλιν
3653 966 3680 1017 6
3707 963 3846 1026 Θεὸς

2264 1064 2359 1115 καὶ
2392 1060 2601 1130 Πατὴρ,
2642 1058 2699 1123 ἐξ
2731 1054 2792 1113 οῦ
2827 1061 2919 1112 καὶ
2955 1058 3100 1120 λίθος
3142 1058 3270 1111 ἄνευ
3303 1058 3483 1128 χειρὸς
3515 1056 3749 1127 ἐτμήθη,
3778 1056 3843 1119 ὃς

2264 1152 2360 1206 καὶ
2397 1151 2653 1204 ὲλὲπτυνε
2698 1150 2758 1202 τὸ
2789 1150 3030 1219 χρυσίον,
3077 1150 3168 1203 τὸν
3197 1151 3455 1219 ἄργυρον,
3491 1150 3581 1202 τὸν
3617 1147 3840 1218 χαλκὸν,

2262 1241 2354 1293 τὸν
2397 1240 2632 1309 σίδηρον,
2675 1240 2767 1292 καὶ
2810 1234 2878 1307 ἦν
2938 1239 3015 1301 είς
3063 1238 3232 1291 τύπον
3279 1240 3372 1290 καὶ
3414 1238 3529 1289 τόδε
3577 1233 3840 1307 Χριστοῦ.

2263 1332 2303 1385 Γ
2306 1332 2632 1402 εγενημὲνος
2672 1331 2780 1400 γὰρ
2824 1333 2887 1383 ἐκ
2927 1329 3062 1383 Θεοῦ
3094 1330 3305 1401 Πατρὸς
3364 1330 3691 1399 ἁπορῤήτως
3743 1327 3843 1378 καὶ

2264 1422 2405 1493 ὑπὲρ
2430 1423 2553 1475 νοῦν
2578 1426 2604 1475 6
2633 1423 2776 1484 Υἱὸς,
2816 1422 3108 1491 συνέτριψε
3141 1421 3239 1484 τὰς
3273 1420 3572 1489 βασιλείας,
3606 1420 3669 1470 ἵν’
3692 1415 3843 1485 αὐτῷ

2264 1514 2449 1567 λοιπὸν
2482 1514 2541 1566 τὸ
2571 1513 2714 1565 κατὰ
2738 1512 2957 1565 πάντων
2987 1513 3185 1583 κράτος
3213 1512 3518 1580 ἀνάπτηται
3538 1527 3550 1537 ·
3586 1508 3839 1577 «Κάμψα

2263 1605 2369 1676 γὰρ
2406 1604 2555 1674 αύτῷ
2585 1606 2690 1657 πᾶν
2719 1605 2870 1673 γόνυ,
2900 1604 2994 1656 καὶ
3018 1605 3168 1656 πᾶσα
3197 1604 3416 1672 γλῶσσα
3446 1600 3841 1671 ἐξομολογήσε-

2265 1715 2375 1759 ται,
2422 1699 2504 1750 ὅτι
2551 1697 2755 1767 Κύριος
2813 1695 3020 1766 Ἰησοῦς
3066 1697 3297 1767 Χριστὸς
3357 1696 3437 1756 εἰς
3496 1692 3653 1759 δόξαν
3700 1690 3839 1744 Θεοῦ

2266 1790 2496 1860 Πατρός.
2538 1808 2555 1839 ι
2593 1788 2798 1842 Οὐκοῦν
2826 1789 2899 1848 ὡς
2932 1788 2988 1853 ἐξ
3021 1788 3179 1857 ὅρους
3209 1785 3303 1839 τοῦ
3335 1785 3470 1838 Θεοῦ
3510 1786 3603 1837 καὶ
3627 1781 3841 1852 Πατρὸς

2265 1885 2659 1955 ἀκρογωνιαϊος
2698 1883 2789 1935 καὶ
2815 1881 3068 1943 ἐκλεκτὸς
3094 1879 3430 1950 ἀποτμηθεὶς
3460 1877 3606 1940 λίθος
3636 1878 3663 1929 6
3684 1876 3839 1939 Θεὸς,

2264 1954 2486 2045 γὲγονεν
2520 1977 2651 2045 ἡμῖν
2701 1974 3056 2045 κληρονομία.
3117 1970 3448 2042 Κεκλήμεθα
3474 1969 3584 2040 γὰρ
3619 1971 3696 2031 είς
3729 1968 3843 2020 υἱο-

2266 2069 2451 2121 θεσίαν
2497 2068 2565 2119 δι’
2607 2066 2794 2132 αὑτοῦ,
2850 2066 2945 2118 καὶ
2992 2064 3319 2135 κληρονόμοι
3367 2062 3671 2131 γεγόναμεν
3703 2057 3839 2112 Θεοῦ

2268 2159 2489 2224 ζῶντος,
2533 2158 2740 2227 ἰσότητι
2784 2156 3003 2228 χάριτος
3054 2156 3253 2226 χάριτα
3293 2154 3686 2224 κερδαίνοντες.
3729 2152 3841 2205 Καὶ

2265 2252 2317 2302 τί
2344 2251 2407 2320 δὴ
2424 2249 2615 2314 τοῦτο;
2643 2249 2861 2301 Δέδοται
2892 2247 2990 2317 μὲν
3016 2246 3292 2316 γὰρχάρις
3314 2262 3394 2308 τις
3424 2244 3502 2314 τῷ
3541 2242 3777 2315 Ἰσραὴλ,
3806 2243 3838 2311 ή

2266 2342 2465 2412 ἀρχαία
2493 2358 2552 2394 τε
2586 2341 2771 2409 ἐκείνη
2805 2338 2900 2391 καὶ
2924 2337 3205 2408 διαϐόητος
3224 2350 3239 2365 ⁶
3264 2336 3629 2406 λελύτρωνται
3652 2334 3758 2405 γάρ
3782 2332 3841 2397 ἐξ

2268 2434 2541 2501 Αἰγύπτου
2594 2431 2911 2503 σαρκικῶς,
2955 2431 3055 2500 τὴν
3105 2428 3494 2499 ἐπηρτημὲνην
3549 2428 3731 2489 αὐτοῖς
3778 2428 3844 2478 ἐκ

2270 2525 2584 2591 πλεονεξίας
2615 2524 2977 2578 ἀπεσείσαντο
3003 2522 3267 2586 δουλείαν,
3306 2519 3729 2589 διεδιὸἀσθησαν
3754 2517 3845 2570 διὰ

2269 2618 2541 2687 θαλάσσης
2577 2617 2781 2687 μέσης,
2812 2615 3013 2684 ἔφαγον
3042 2614 3102 2666 τὸ
3140 2614 3315 2685 μάννα
3345 2614 3403 2664 ἐν
3424 2615 3489 2682 τῇ
3526 2613 3739 2682 ἐρήμῳ,
3771 2608 3849 2662 δι-

2269 2707 2431 2777 ῆλθον
2465 2708 2523 2759 ἐν
2548 2707 2667 2759 ποδὶ
2721 2705 3005 2774 ποταμοὺς
3052 2701 3530 2775 (διεπεραιὼσαντο
3556 2702 3664 2772 γὰρ
3702 2700 3846 2754 οὕτω

2270 2800 2360 2852 τὸν
2398 2799 2715 2869 Ἰορδάνην),
2736 2796 3192 2866 εἰσεκομίσθησαν
3223 2796 3301 2857 είς
3328 2796 3430 2864 τὴν
3473 2795 3574 2865 γῆν
3604 2793 3704 2864 τῆς
3742 2794 3845 2845 ἐπε

2271 2890 2550 2958 αγγελίας.
2589 2889 2736 2960 Αὕτη
2770 2889 2835 2960 δὴ
2869 2886 2961 2942 οῦν
2996 2890 3029 2958 ἡ
3068 2889 3228 2960 χάρις
3269 2889 3302 2957 ἡ
3349 2886 3562 2957 πρώτη.
3608 2885 3747 2939 Ἀλλ’
3787 2887 3847 2939 ἐν

2276 2982 2479 3051 ἰσότητι
2538 2981 2630 3033 καὶ⁵
2658 2980 2933 3051 ὁμοιότητι
2969 2980 3067 3049 τῆς
3090 2978 3322 3050 ἀρχαίας
3353 2979 3570 3048 ἐκείνης
3599 2979 3843 3049 χάριτος,

593 3084 678 3126 est
750 3071 907 3126 nobis
981 3069 1115 3140 lapis
1158 3078 1221 3124 ut
1285 3068 1719 3136 fundamentum,
1760 3074 1874 3125 sive
1928 3086 2168 3125 summus

2273 3074 2429 3145 χάρις
2458 3073 2666 3126 δέδοται
2698 3072 2844 3143 παρά
2873 3072 3133 3141 Χριστοῦ,
3164 3071 3223 3135 ὃς
3260 3072 3483 3141 γέγονεν
3511 3074 3662 3143 ἡμῖν,
3697 3072 3843 3135 λίθος

594 3164 893 3234 angularis,
923 3174 976 3215 et
1030 3175 1244 3215 rursum
1305 3161 1477 3216 haeres
1511 3172 1571 3216 ut
1616 3162 1809 3217 Filius.
1867 3163 1971 3217 Per
2020 3163 2169 3218 illum

595 3255 794 3322 quippe
820 3253 1061 3308 lueredes
1111 3251 1202 3306 Dei
1238 3251 1471 3308 instituti
1536 3268 1726 3309 sumus
1759 3255 1808 3286 ³³
1834 3294 1847 3307 .
1889 3253 2171 3319 Quomodo

596 3343 760 3412 igitur
794 3344 844 3395 in
876 3342 1182 3411 mqualitate
1213 3344 1399 3411 prima:
1429 3344 1614 3414 gratia:
1647 3344 1925 3398 secunda?
1952 3343 2081 3409 Quae
2116 3345 2168 3398 in

597 3435 704 3488 illis
742 3434 944 3487 ﬁebant
990 3437 1289 3490 secundum
1321 3451 1566 3503 carnem,
1606 3437 1719 3492 sive
1766 3452 2006 3497 sensum,
2057 3438 2172 3491 hate

597 3526 848 3580 Christus
877 3528 1172 3579 secundum
1197 3528 1443 3595 spiritum
1471 3536 1526 3581 et
1550 3528 1875 3582 intellectum
1904 3530 2171 3598 prarstitit.

597 3617 808 3687 Eripuit
844 3633 939 3672 nos
967 3632 999 3672 e
1049 3617 1310 3674 servitute
1350 3619 1637 3685 diabolica,
1679 3633 1776 3674 ceu
1826 3635 1891 3673 ex
1944 3619 2055 3674 luto
2120 3628 2175 3674 et

595 3708 842 3763 latere”.
877 3709 1151 3763 Liberavit
1192 3709 1565 3766 all‘ectionibus
1622 3711 1909 3766 mundanis
1948 3722 2002 3767 et
2054 3727 2176 3767 car-

599 3798 812 3852 nalibus
877 3798 1251 3853 immunditiis.
1295 3800 1452 3853 Velut
1525 3815 1624 3870 per
1668 3816 1817 3855 mare
1889 3802 2171 3858 transitum

594 3888 899 3941 concessit:
936 3885 1131 3943 ﬂuctus
1172 3890 1315 3944 enim
1362 3888 1519 3956 hujus
1558 3891 1681 3944 vita:
1732 3900 1786 3944 et
1822 3892 2171 3946 acerbitatem

598 3980 715 4049 ejus
746 3980 1953 4050 sollicitudinumpraeterivimus.Comedimus
1981 3999 2171 4052 panem

597 4072 662 4122 de
691 4070 828 4124 cmlo
861 4070 1122 4142 (mystice
1144 4070 1774 4141 quuimur),Jordanem
1804 4075 2171 4140 transivimus,

598 4162 1063 4216 circnmcisionem
1085 4164 1136 4216 in
1156 4164 1349 4231 spiritu
1371 4163 1704 4231 suscepimus
1724 4163 1788 4228 ³⁸,
1810 4164 2171 4222 harreditatem

597 4253 900 4306 audivimus
918 4268 1205 4323 supernam
1238 4254 1675 4317 civitatem,vere
1704 4266 1941 4310 sanctam
1977 4269 2171 4313 [errant

598 4340 751 4407 cujus
780 4353 832 4395 et
866 4342 1113 4397 Christus
1174 4344 1289 4413 ipse
1322 4344 1565 4397 meminit
1620 4359 1739 4398 cum
1782 4346 1898 4399 ait:
1961 4367 1979 4398 ι
2021 4347 2172 4403 Beati

2278 3167 2376 3235 μὲν
2419 3165 2495 3227 ὡς
2529 3164 2808 3234 θεμέλιος,
2845 3164 3012 3233 ἤγουν
3052 3166 3465 3234 ἀκρογωνιαίος,
3511 3164 3847 3233 κληρονόμος

2271 3260 2327 3312 δὲ
2365 3258 2546 3322 πάλιν,
2574 3258 2648 3319 ὠς
2682 3256 2827 3318 Υἱός.
2862 3257 3168 3327 Γεγόναμεν
3203 3257 3309 3327 γάρ
3339 3258 3405 3310 δι’
3437 3256 3599 3310 αὑτοῦ
3645 3256 3839 3326 κληροο

2273 3352 2427 3420 νόμοι
2456 3348 2612 3401 Θεοῦ.
2642 3348 2765 3411 Πῶς
2792 3343 2885 3401 οῦν
2915 3350 2970 3399 ἐν
3001 3349 3206 3418 ἰσότητι
3240 3348 3339 3414 τῆς
3374 3351 3595 3419 πρώτης
3625 3348 3847 3419 χάριτος

2272 3443 2306 3511 ἡ
2340 3440 2566 3511 δευτέρα
2587 3440 2679 3502 ςἋ
2716 3439 2825 3510 γὰρ
2858 3439 2942 3490 ἐπ’
2965 3438 3194 3501 ἐκείνοις
3215 3438 3515 3507 ἐπράττετο
3545 3436 3845 3509 σαρκικῶς,

2273 3535 2441 3605 ἧγουν
2489 3531 2794 3602 αἰσθητῶς,
2857 3529 3032 3583 ταῦτα
3095 3530 3443 3583 τετελείωκεν
3494 3531 3576 3597 ἐφ’
3631 3531 3767 3600 ⁴ἡμῖν
3819 3533 3847 3583 6

2272 3625 2506 3696 Χριστὸς
2544 3621 2929 3692 πνευματικῶς
2958 3639 3015 3674 τε
3047 3622 3142 3674 καὶ
3166 3622 3388 3692 νοητῶς.
3440 3621 3704 3696 Ἐξείλετο
3730 3622 3848 3675 δου-

2273 3715 2422 3776 λείας
2455 3712 2789 3781 διαϐολικῆς,
2823 3712 2897 3774 ὡς
2924 3712 2989 3763 ἐκ
3023 3711 3194 3781 πηλοῦ
3246 3713 3339 3764 καὶ
3380 3695 3677 3775 πλινθεῖας.
3720 3713 3847 3765 Ἀπ-

2274 3804 2469 3877 ήλλαξε
2520 3802 2628 3855 τῶν
2676 3804 2735 3855 ἐν
2785 3801 2975 3871 κόσμῳ
3025 3801 3212 3853 παθῶν
3283 3801 3377 3854 καὶ
3416 3802 3524 3855 τῶν
3568 3801 3845 3873 σαρκικῶν

2273 3896 2647 3967 ἁκαθαρσιῶν.
2671 3893 2988 3946 Διεϐίδασεν
3019 3893 3093 3956 ὡς
3121 3894 3208 3946 διὰ
3242 3893 3518 3965 θαλάσσης
3536 3912 3552 3928 ο
3579 3895 3849 3966 παρεδρά-

2278 4005 2449 4059 μομεν
2486 3986 2596 4057 γὰρ
2621 3986 2710 4037 τὸν
2744 3984 2987 4037 κλύδωνα
3013 3985 3107 4038 τοῦ
3157 3986 3423 4057 παρόντος
3454 3985 3591 4055 βίου,
3625 3989 3717 4040 καὶ
3749 3988 3847 4055 τῆς

2274 4085 2331 4135 ἐν
2377 4080 2525 4150 αύτῷ
2556 4077 2833 4148 φροντίδος
2876 4078 2937 4130 τὸ
2981 4080 3195 4150 πικρόν.
3238 4079 3544 4150 Ἐφάγομεν
3588 4080 3751 4151 ἄρτον
3788 4079 3847 4145 ἐξ

2272 4169 2503 4239 οὶ-ρανοῦ
2531 4167 2815 4237 (μυστικὸς
2840 4168 2868 4219 ό
2898 4167 3100 4234 λόγος),
3133 4168 3554 4239 διεόιὸάσθημεν
3583 4170 3673 4222 τὸν
3715 4169 3847 4238 Ἰορ-

2275 4260 2461 4327 δάνην,
2506 4257 2807 4329 περιτομὴν
2850 4259 3165 4329 ἐσχήκαμεν
3196 4259 3291 4330 τὴν
3330 4261 3386 4313 ἐν
3414 4262 3713 4331 πνεύματι,
3756 4277 3851 4313 κε-

2278 4349 2768 4419 κληρονομήκαμεν
2809 4347 2906 4417 τὴν
2950 4348 3062 4400 ἀνω
3091 4349 3267 4411 πόλιν,
3311 4349 3407 4419 τὴν
3437 4349 3652 4420 ἀληθῶς
3691 4351 3851 4419 ἁγίαν

598 4433 781 4500 mites,
818 4433 1074 4501 quoniam
1103 4434 1202 4503 ipsi
1237 4434 1586 4502 possidebunt
1641 4446 1839 4491 terram
1869 4439 1935 4493 ⁸⁸.
1973 4461 1992 4491 ι
2034 4440 2168 4495 Puto

2277 4443 2401 4510 γῆν,
2449 4433 2514 4508 ἧς
2550 4440 2644 4490 καὶ
2687 4438 2847 4500 αὐτὸς
2891 4440 2919 4491 6
2970 4439 3203 4508 Χριστὸς
3245 4438 3594 4511 διεμὲμνητο,
3638 4441 3846 4508 λέγων’

597 4533 775 4579 autem
800 4539 898 4595 ego
924 4526 1385 4595 sapientissimum
1413 4541 1623 4597 quoque
1657 4530 2044 4601 evangelistam
2078 4532 2170 4587 Jo-

598 4630 793 4669 annem
828 4616 928 4669 hoc
970 4616 1145 4685 ipsum
1213 4617 1521 4682 signiﬁcare
1565 4619 1717 4685 velle,
1770 4637 1890 4676 cum
1928 4625 2056 4678 dicit
2107 4627 2172 4679 de

598 4706 851 4763 Christo:
888 4708 991 4762 «De
1013 4707 1349 4777 plenitudine
1377 4710 1492 4779 ejus
1510 4728 1607 4767 nos
1631 4729 1820 4768 omnes
1839 4717 2167 4785 accepimus,

598 4807 654 4851 et
678 4799 915 4868 gratiam
947 4813 1043 4867 pro
1073 4799 1266 4867 gratia.
1300 4798 1434 4865 Quia
1466 4801 1551 4856 lex
1580 4818 1676 4872 per
1705 4802 1886 4857 Mosen
1916 4807 2037 4859 data
2068 4817 2177 4871 est,

599 4890 772 4959 gratia
804 4897 859 4944 et
884 4889 1086 4943 veritas
1115 4904 1209 4958 per
1235 4888 1418 4944 Jesum
1450 4891 1725 4947 Christum
1762 4894 1900 4948 facta
1938 4904 2021 4950 cst
2047 4896 2114 4950 ³⁸.
2151 4917 2170 4950 ι

598 4979 846 5033 Minister
899 4980 1039 5033 enim
1095 4989 1148 5033 et
1235 4982 1500 5037 mediator
1574 4984 1776 5037 veteris
1861 4983 2003 5037 illius
2057 5002 2182 5054 gra-

603 5072 691 5126 tize
772 5071 947 5126 Moses
1001 5072 1146 5140 fuit;
1193 5077 1445 5130 secundae
1543 5087 1725 5129 autem
1812 5077 2184 5145 gratimtihri-

595 5171 736 5228 stus,
775 5178 894 5233 qua:
941 5164 1346 5220 similitudinem
1400 5168 1597 5236 prioris
1654 5166 1795 5220 illius
1820 5166 2001 5221 habet.
2048 5168 2178 5241 Typi

594 5255 740 5309 enim
767 5255 986 5327 quidam
1016 5267 1174 5312 erant
1233 5259 1300 5312 ad
1364 5260 1682 5321 veritatem,
1747 5260 1861 5312 sive
1932 5262 2179 5317 veritatis

593 5347 755 5405 decus
788 5350 1177 5423 parturientes,
1214 5360 1367 5405 tanto
1395 5349 1641 5404 melioris
1672 5360 1726 5404 et
1752 5351 2175 5415 excellentioris,

589 5453 790 5507 quanto
839 5460 961 5516 qua:
1026 5444 1281 5500 sensibus
1332 5456 1395 5498 ea
1466 5456 1588 5510 qua:
1642 5442 1755 5497 sola
1824 5443 2175 5513 intelligentia

645 5647 690 5680 ³⁷
718 5652 883 5710 Joan.
918 5662 1029 5709 xw,
1059 5644 1146 5700 lO.
1226 5642 1271 5673 "
1301 5641 1439 5712 Dan.
1468 5656 1529 5703 ιι.
1562 5642 1651 5695 δι.
1733 5641 1775 5673 ’³
1809 5642 2040 5712 Philipp.
2074 5660 2133 5709 ιι,
2176 5644 2260 5705 l0,
2300 5644 2383 5696 tl.

2283 4545 2301 4577 t
2325 4520 2601 4596 Μακάριοι
2636 4527 2683 4578 οἱ
2715 4528 2928 4594 πραεῖς,
2965 4527 3048 4578 ὅτι
3074 4527 3226 4579 αὐτοὶ
3257 4528 3724 4601 κληρονομήσουσι
3752 4529 3850 4599 τὴν

2278 4617 2403 4686 γῆν.
2445 4636 2462 4667 ι
2499 4613 2667 4687 Οἶμαι
2697 4617 2752 4669 δέ
2784 4617 2957 4685 ἔγωγε
2988 4618 3194 4670 καὶτὸν
3231 4619 3540 4687 σοφώτατον
3563 4621 3852 4691 εὐαγγελι-

2278 4709 2411 4777 στὴν
2450 4708 2722 4777 Ἰωάννην.
2758 4709 2890 4761 αὐτὸ
2926 4709 2989 4779 δὴ
3028 4708 3185 4761 τοῦτο
3224 4709 3509 4778 βούλεσθαι
3549 4713 3761 4784 δηλοῦν,
3802 4714 3853 4766 ει

2276 4799 2424 4867 λέγοι
2456 4801 2582 4870 περὶ
2604 4801 2863 4871 Χριστοῦ,
2885 4800 2966 4853 ὅτι
2999 4820 3016 4851 ι
3041 4802 3134 4854 Ἐκ
3168 4802 3262 4855 τοῦ
3292 4804 3657 4876 πληρώματος
3684 4805 3851 4859 αὐτοῦ

2278 4891 2439 4960 ἡμεῖς
2466 4891 2665 4954 πάντες
2701 4891 2986 4962 ἐλάϐομεν,
3017 4894 3112 4946 καὶ
3142 4895 3299 4965 χάριν
3328 4898 3447 4949 ἀντὶ
3482 4898 3851 4969 χάριτος.’οτι

2276 4984 2305 5035 ό
2335 4983 2497 5052 νόμος
2531 4981 2619 5034 διὰ
2651 4984 2891 5047 Μωσέως
2930 4984 3083 5055 ἐδόθη
3106 5026 3122 5048 ,
3153 4989 3185 5057 ἡ
3232 4989 3389 5058 χάρις
3429 4991 3524 5042 καὶ
3564 4992 3596 5061 ἡ
3628 4989 3854 5060 ἀλήθεια

2279 5075 2367 5127 διὰ
2406 5074 2581 5144 Ἰησοῦ
2610 5076 2845 5145 Χριστοῦ
2872 5076 3108 5144 ἐγένετο.
3137 5097 3154 5129 ι
3180 5081 3439 5143 Διάκονος
3468 5081 3569 5150 μὲν
3600 5082 3707 5151 γὰρ
3757 5082 3855 5133 καὶ

2284 5166 2511 5237 μεσίτης
2539 5167 2635 5235 τῆς
2662 5166 2895 5236 ἀρχαίας
2922 5168 3134 5238 ἐκείνης
3161 5170 3382 5239 χάριτος
3412 5170 3637 5239 γέγονεν
3664 5173 3691 5224 ὁ
3723 5171 3855 5224 Mn)-

2282 5258 2515 5328 σῆς·τῆς
2544 5274 2607 5325 γε
2640 5258 2746 5329 μὴν
2764 5258 3023 5331 δευτέρας
3054 5262 3273 5333 χάριτος
3296 5264 3325 5316 ό
3348 5264 3603 5333 Χριστὸς,
3622 5262 3852 5333 ἐχούσης

2282 5351 2380 5420 μὲν
2425 5352 2722 5421 ὁμοιότητα
2775 5352 2911 5421 πρὸς
2957 5354 3174 5425 ἐκείνην
3223 5354 3405 5418 (τύποι
3447 5355 3557 5425 γὰρ
3601 5351 3742 5426 ἦσαν
3776 5355 3850 5418 ὡς

2277 5443 2413 5515 πρὸς
2462 5444 2754 5514 ἀληθειαν,
2803 5445 2969 5516 ἤγουν
3015 5446 3076 5498 τὸ
3126 5447 3223 5517 τῆς
3270 5447 3529 5519 ἀληθείας
3574 5447 3850 5507 ὡδίνοντες

2463 5644 2511 5716 ἐξ
2542 5644 2736 5711 Ephes.
2794 5662 2849 5711 ll,
2893 5645 2995 5716 20._
3083 5646 3124 5678 ⁸¹
3160 5646 3355 5716 Rpltos.
3384 5662 3421 5708 ι,
3460 5647 3491 5700 5
3598 5647 3643 5680 “
3688 5645 3843 5701 Rom-

572 5722 688 5785 νιιι,
722 5730 805 5786 Π,
894 5724 939 5755 ³³
972 5720 1145 5777 Ελυιι.
1194 5730 1229 5777 ι,
1262 5713 1348 5766 14.
1428 5711 1472 5741 ³⁸
1506 5712 1675 5765 Exod.
1703 5727 1813 5778 xu,
1850 5713 1867 5764 l
1901 5728 1913 5777 ;
1947 5711 2098 5766 Joan.
2137 5730 2162 5766 v

2282 5729 2321 5767 t.
2402 5714 2443 5745 ³⁸
2468 5714 2656 5771 Matth.
2685 5733 2734 5781 v,
2764 5715 2815 5768 4.
2895 5716 2939 5746 ³⁸
2970 5714 3130 5773 Joan.
3162 5711 3223 5783 ιι,
3254 5717 3334 5783 l6,
3369 5719 3455 5771 l7.
