4080 6284
324 280 392 335 69

1163 265 1708 327 COMMENTARIUS
1749 263 1811 317 IN
1853 263 2246 320 ZACHABIAM
2289 262 2732 320 PROPIIETAM.

3501 263 3570 319 ’10

325 393 568 462 κάλλος),
594 391 875 462 ἀμείνονος
904 388 958 442 δέ
981 388 1074 440 καὶ
1093 382 1645 458 ὐπερκειμένης,ὄσῳ
1670 381 1764 434 καὶ
1791 379 1900 432 τῶν

2008 381 2528 450 comprehenduntur
2583 380 2929 435 antecellunt.
2964 380 3184 434 Accedit
3227 381 3380 436 testis
3428 380 3571 435 Pau-

323 483 600 557 αίσθητῶν
629 482 927 553 ὑπερφέροι
960 479 1025 533 ἂν
1049 479 1275 540 εἰκότως
1304 477 1373 530 τὰ
1398 474 1584 546 νοητά.
1620 474 1728 527 Καὶ
1757 489 1896 543 μαρ-

323 579 564 648 τυρήσας
594 579 794 644 γράφει
834 575 862 625 6
893 571 1121 635 Παῦλος,
1169 569 1250 622 ὅτι
1295 566 1602 640 κρείττονος
1631 563 1894 634 διαθήκης

324 671 542 740 γέγονεν
575 666 768 734 ἔγγυος
804 661 1031 733 Ἰησοῦς.

397 797 506 854 Καὶ
529 795 761 866 ἐγένετο
800 794 982 862 λόγος
1013 791 1233 860 Κυρίου
1264 792 1410 859 ,πρός
1447 807 1544 860 με,
1568 786 1789 857 λέγων’
1829 785 1896 838 Δί

327 892 520 962 χεῖρες
543 886 873 956 Ζοροϐάϐελ
893 885 1299 953 ἐθεμελίωσαν
1328 883 1435 935 τὸν
1470 877 1638 934 οἷκον
1658 878 1893 940 τοῦτον,

327 981 424 1035 καὶ
470 982 528 1033 al
573 977 768 1046 χεῖρες
821 975 1009 1030 αὐτοῦ
1049 971 1510 1028 ἐπιτελέσωσιν
1543 968 1760 1030 αὐτὸν,
1799 966 1897 1021 καὶ

325 1070 627 1142 smn-(bon
647 1069 796 1122 διότι
815 1069 1029 1135 Κύριος
1046 1062 1464 1133 παντοκράτωρ
1481 1055 1897 1126 ἐξαπέσταλκέ

319 1180 397 1232 με
429 1161 576 1229 πρὸς
607 1160 700 1212 σέ.

396 1277 543 1340 KG”.
589 1271 718 1325 Ἰδοὺ
778 1268 843 1338 δὴ
875 1265 1037 1322 πάλιν
1065 1267 1194 1335 ἡμῖν
1220 1266 1278 1317 ἐν
1306 1262 1584 1325 αἰσθητοῖς
1612 1259 1896 1330 πράγμασι

326 1363 671 1434 καταγράφει
709 1361 777 1412 τὰ
805 1357 1004 1428 νοητὰ,
1037 1357 1133 1409 καὶ
1169 1353 1277 1406 τῶν
1312 1353 1400 1406 διὰ
1440 1351 1675 1424 Χριστοῦ
1717 1367 1894 1420 παρα-

325 1455 492 1519 δόξως
521 1450 922 1520 τετελεσμένων
966 1445 1328 1518 παρατίθησιν
1375 1445 1455 1507 είς
1495 1443 1664 1496 τύπον
1705 1440 1766 1494 τὸ
1809 1438 1896 1492 διὰ

325 1545 510 1616 χειρὸς
561 1541 864 1615 Ζοροὸόιὸελ
910 1539 1052 1593 κατὰ
1103 1538 1329 1606 καιροὺς
1383 1532 1890 1605 ἐκπεπερασμένον.

340 1637 560 1707 Ἐπειδὴ
593 1639 722 1708 γὰρ,
758 1635 992 1703 ἁλούσης
1024 1635 1122 1703 τῆς
1156 1631 1506 1685 Βαϐυλωνίων
1542 1630 1645 1683 ὑπὸ
1674 1627 1896 1698 Περσῶν

2000 473 2083 525 lus
2119 485 2242 525 cum
2275 472 2466 526 scribit
2498 472 2566 524 ³⁷.
2591 471 2830 526 melioris
2876 470 3186 525 testamenti
3221 473 3570 528 metliatorem

1999 574 2117 616 esse
2147 558 2355 615 Jesum.

2075 773 2235 827 Vens.
2261 771 2315 838 8,
2346 771 2399 827 9.
2430 771 2494 825 Et
2533 772 2705 842 factus
2735 783 2810 827 est
2845 791 3013 828 sermo
3075 774 3284 828 Domini
3339 780 3410 830 ad
3469 795 3572 845 me,

2001 867 2174 919 dicens
2229 880 2246 919 :
2319 865 2513 918 Manus
2590 862 2881 918 Zorababel
2947 865 3298 934 fundaverant
3361 869 3572 922 domum

2001 958 2178 1022 istam,
2217 966 2264 1009 et
2313 969 2500 1008 manus
2569 954 2681 1023 ejus
2731 955 3056 1023 complebunt
3125 973 3260 1022 eam,
3321 968 3371 1012 et
3442 962 3572 1014 scies

2001 1049 2123 1119 quia
2191 1046 2444 1101 Dominus
2486 1045 2806 1115 omnipotens
2834 1047 2975 1100 misit
3005 1063 3083 1100 me
3097 1045 3172 1099 ‘ad
3203 1057 3270 1102 te.

2074 1263 2263 1319 XXVI.
2289 1264 2390 1331 En,
2415 1279 2629 1319 rursum
2665 1264 2716 1318 in
2747 1265 2907 1319 rebus
2950 1280 3086 1334 quas
3139 1281 3297 1322 sensu
3359 1271 3574 1340 attingi-

2003 1371 2139 1417 mus,
2171 1369 2265 1411 eas
2311 1370 2432 1424 quae
2493 1355 2669 1409 solum
2709 1355 3075 1424 intelliguntur
3101 1359 3408 1425 describit,
3450 1371 3502 1414 et
3543 1376 3572 1414 a

2001 1446 2218 1502 Christo
2281 1446 2678 1501 admirabiliter
2737 1455 3168 1516 perpetratorum
3206 1459 3386 1518 typum
3453 1467 3571 1521 pro-

2002 1540 2154 1606 ponit
2212 1539 2263 1592 id
2325 1541 2470 1607 quod
2529 1553 2627 1606 per
2675 1553 2892 1591 manum
2959 1537 3255 1594 Zorohabcl
3281 1543 3571 1612 aliquando

2003 1630 2308 1683 conlectum
2337 1628 2454 1681 fuit.
2486 1628 2774 1696 Postquam
2803 1629 2946 1682 enim
2975 1628 3286 1698 Babyloniis
3336 1648 3365 1685 a
3433 1633 3578 1703 Cyro
3621 1692 3624 1696 ,

329 1729 424 1783 καὶ
468 1727 650 1799 Κύρου
671 1766 685 1790 ,
715 1726 824 1778 τῶν
855 1727 952 1794 τῆς
979 1724 1222 1785 δουλείας
1263 1724 1472 1775 ἀνεῖντο
1509 1719 1723 1790 δεσμῶν
1755 1722 1803 1770 οἱ
1839 1716 1900 1778 ἐξ

2008 1719 2292 1772 Persarum
2313 1733 2438 1788 rege
2459 1719 2696 1773 subactis
2722 1719 2981 1774 servitute
3002 1721 3232 1774 exsoluti
3261 1735 3384 1776 sunt
3407 1723 3580 1779 Israe-

340 1782 576 1892 Ἰσραὴλ,
603 1782 695 1872 καλ
725 1819 790 1888 δὴ
820 1782 1146 1888 καὶ-’ἀνῆκον
1177 1782 1256 1876 είς
1277 1782 1648 1884 Ἰεροσόλυμα,
1676 1808 1902 1878 Δαρείου

2008 1809 2132 1872 litae,
2165 1819 2218 1862 et
2285 1782 2505 1878 insuper
2577 1809 3013 1880 Hierosolymam
3070 1814 3362 1876 redierunt.
3413 1816 3582 1887 689

325 1911 512 1964 λοιπὸν
557 1911 654 1981 τὴν
701 1909 983 1962 Χαλδαίων
1027 1907 1301 1978 διέποντος
1347 1903 1545 1972 ἀρχὴν,
1596 1899 1902 1971 προῦτρεπε

328 2000 464 2063 Θεὸς
491 2000 618 2062 τοὺς
641 1999 1114 2068 ὑπονοστήσαντας
1147 1996 1234 2047 τὸν
1263 1994 1406 2046 θεῖον
1427 1992 1586 2054 εὐθὺς
1618 1991 1906 2059 ἀναδείμα-

335 2090 462 2143 σθαι
489 2091 634 2155 ναὸν,
658 2088 1034 2158 βασιλεύοντος
1068 2087 1166 2158 μὲν
1200 2081 1903 2157 Ζοροϐάϐελ,ίερατεύοντός

334 2195 400 2247 γε
440 2178 547 2250 μὴν
583 2177 754 2249 Ἰησοῦ
801 2177 895 2230 τοῦ
940 2175 1205 2230 Ἰωσεδέκ.
1241 2176 1352 2231 Καὶ
1395 2175 1625 2245 ἥπτοντο
1673 2173 1770 2243 μὲν
1806 2170 1900 2224 τοῦ

332 2269 520 2340 ἔργου,
555 2269 651 2322 καὶ
687 2268 751 2340 δὴ
783 2269 879 2322 καὶ
912 2269 971 2321 ἐν
1005 2267 1248 2338 πρώταις
1271 2266 1553 2336 κρηπίδων
1579 2264 1904 2328 καταῦολαῖς

329 2359 393 2412 τὸ
426 2360 589 2430 ἔργον
611 2356 702 2428 ἦν,
731 2355 866 2430 ἦρτο
891 2360 946 2413 δὲ
972 2361 1066 2412 καὶ
1100 2359 1236 2428 ὑψοῦ
1264 2360 1334 2413 τὰ
1362 2360 1513 2430 τείχη
1545 2358 1752 2421 λοιπὸν,
1787 2353 1903 2411 εἷτα

333 2451 536 2522 μεταξὺ
580 2451 900 2505 κωλυόντων
945 2449 1132 2515 τινῶν,
1183 2451 1276 2504 καὶ
1321 2450 1574 2520 ἐμποδὼν
1617 2450 1903 2518 γεγονότος

327 2543 424 2597 τοῦ
472 2543 666 2612 φθόνου
705 2542 816 2596 τῶν
859 2543 1152 2614 περιοίκων
1192 2541 1393 2604 ἐθνῶν,
1432 2541 1620 2610 γέγονέ
1655 2557 1738 2604 τις
1776 2541 1904 2594 ἀνα-

328 2634 507 2705 κωχὴ,
539 2635 632 2687 καὶ
663 2633 1093 2703 σπουδασμάτων
1123 2632 1232 2686 τῶν
1279 2634 1372 2686 ἐπὶ
1413 2635 1526 2696 τοῖς
1555 2634 1736 2704 ἔργοις
1770 2631 1903 2685 ἀνά-

329 2726 543 2796 6λησις.
585 2725 834 2788 Ἀνέντος
863 2725 916 2779 δέ
951 2725 1112 2779 πάλιν
1157 2723 1341 2789 αὐτοῖς
1370 2724 1464 2777 τοῦ
1491 2724 1628 2778 Θεοῦ
1666 2724 1727 2777 τὸ
1753 2724 1906 2777 δύναο

331 2819 459 2873 σθαι
505 2815 805 2887 κατορθοῦν
827 2855 840 2880 ,
891 2816 1234 2869 τετελείωται
1267 2816 1420 2887 μόλις
1453 2819 1481 2869 6
1507 2815 1674 2878 νεὼς,
1727 2815 1902 2886 Ἰησοῦ

333 2909 435 2982 μὲν
487 2907 878 2980 ίερατεύοντος,
927 2907 1232 2978 Ζοροϐάϐελ
1257 2924 1319 2976 γε
1373 2908 1480 2978 μὴν
1533 2908 1896 2976 ἐφεστηκότος

331 3001 428 3054 καὶ
475 2997 866 3070 βασιλεύοντος.
912 2998 1050 3050 Ἀλλ’
1081 3000 1138 3050 ἐν
1168 2997 1380 3061 τούτοις
1428 2997 1528 3066 μὲν
1561 3000 1589 3050 6
1618 2999 1718 3068 τῆς
1765 3000 1906 3052 ἱστο-

335 3091 456 3162 ρίας
504 3089 961 3161 συμπεπέρασται
1009 3088 1186 3157 λόγος.

338 3180 572 3253 Χριστοῦ
620 3180 990 3250 παρείληπται
1044 3179 1172 3248 παρ’
1216 3177 1374 3248 ἡμῶν
1420 3180 1448 3230 6
1489 3178 1554 3229 ἐκ
1602 3178 1700 3245 τῆς
1739 3177 1906 3230 Ἰούδα

333 3274 508 3344 φυλῆς
532 3270 857 3340 Ζοροϐάϐελ,
882 3271 1014 3337 φέρε
1041 3268 1105 3338 δὴ
1132 3267 1378 3336 λέγωμεν
1407 3268 1552 3324 ὅπως
1583 3282 1641 3317 τε
1669 3265 1762 3317 καὶ
1788 3266 1912 3319 τίνα

332 3364 534 3434 τρόπον
563 3363 766 3433 ἤρξατο
810 3361 908 3431 μὲν
940 3359 1100 3422 αὐτὸς
1131 3359 1436 3428 οἰκοδομεῖν
1479 3357 1570 3410 τὸν
1611 3354 1757 3411 οἶκον
1795 3359 1909 3410 Κυ-

336 3457 456 3528 ρίου
479 3497 494 3521 ,
530 3455 853 3508 τετελείωκε
886 3453 929 3505 δ’
963 3447 1028 3505 αὖ
1079 3453 1107 3504 6
1141 3453 1330 3521 νοητὸς
1377 3451 1470 3504 καὶ
1519 3450 1907 3521 πνευματικός.

337 3547 724 3616 Κατεστήσατο
777 3546 874 3615 μὲν
924 3545 1030 3617 γὰρ
1064 3545 1122 3596 ἐν
1168 3544 1362 3612 ἀρχαῖς
1413 3537 1560 3595 οἶκόν
1602 3559 1725 3594 τινα
1814 3542 1909 3595 καὶ

336 3636 643 3706 ἐναύλισμα
692 3636 994 3706 θεοπρεπὲς
1043 3633 1194 3704 αὒτῷ
1233 3649 1294 3685 τε
1339 3634 1431 3686 καὶ
1468 3632 1547 3702 τῷ
1578 3633 1772 3703 Πατρὶ,
1811 3633 1909 3704 τὴν

351 3726 621 3781 Ἰουδαίων
667 3727 1017 3797 Συναγωγήν.
1063 3725 1218 3779 Οῦτω
1262 3725 1369 3795 γὰρ
1414 3726 1584 3796 αὐτὴν
1637 3723 1908 3794 ὠνόμαζε,

337 3817 470 3886 περὶ
500 3814 594 3868 τοῦ
633 3816 911 3884 πανσόφου
961 3815 1204 3877 Μωσέως
1237 3813 1404 3867 εἰπών
1425 3830 1438 3844 °
1475 3833 1493 3866 ι
1532 3814 1656 3868 Ἐὰν
1685 3815 1910 3883 γένηται

340 3909 624 3979 προφήτης
655 3907 713 3971 ἐξ
739 3907 892 3976 ὑμῶν
916 3907 1201 3978 Κυρίῳ,ὲν
1228 3906 1467 3976 ὁράματι
1494 3905 1641 3976 αὐτῷ
1663 3906 1912 3976 γνωσθή-

340 4015 541 4070 σομαι,
576 4001 664 4052 καὶ
692 4001 750 4054 ἐν
788 3998 941 4069 ὕπνῳ
971 3998 1190 4067 λαλήσω
1225 3996 1394 4067 αὐτῷ.
1421 3995 1536 4068 Οὐχ
1571 3995 1743 4060 οὕτως
1779 3998 1855 4060 ὡς
1881 3998 1910 4050 6

343 4089 598 4160 θεράπων
645 4106 744 4160 μου
783 4088 1010 4158 Μωσῆς,
1057 4091 1114 4141 ἐν
1157 4089 1262 4158 ὅλῳ
1293 4088 1371 4158 τῷ
1412 4088 1545 4158 οἴκῳ
1588 4103 1690 4158 μου
1723 4089 1913 4151 πιστός

342 4181 510 4233 ἐστιν.
548 4198 566 4231 ι
603 4180 814 4234 Οὐκοῦν
854 4179 1242 4250 τεθεμελίωται
1276 4181 1373 4249 μὲν
1409 4179 1595 4250 ὥσπερ
1638 4175 1783 4242 οἶκος
1826 4179 1914 4232 διὰ

342 4267 603 4339 Χριστοῦ·
623 4268 929 4340 καθῄρηται
951 4269 1009 4330 δὲ
1040 4268 1262 4339 μεταξύ.
1287 4270 1394 4321 Καὶ
1422 4268 1552 4338 γοῦν
1573 4270 1602 4322 ὁ
1628 4270 1914 4340 προφήτης

354 4357 628 4427 Ἱερεμίας
657 4358 730 4421 ὡς
763 4359 1090 4412 πεπτωκότα
1129 4376 1188 4411 τε
1239 4359 1334 4412 καὶ
1392 4360 1736 4429 σεσεισμένον
1778 4377 1912 4413 κατ-

2003 1900 2164 1956 Dario
2202 1911 2386 1969 postea
2404 1901 2780 1956 Chaldaeorum
2805 1916 3024 1971 regnum
3057 1917 3408 1972 procurante,
3444 1909 3572 1961 hor-

2006 2003 2151 2053 tatus
2185 2003 2269 2049 est
2327 1994 2471 2048 Deus
2525 1997 2749 2048 reduces
2808 2003 2865 2047 ut
2908 2007 3033 2048 ante
3101 1998 3280 2050 omnia
3341 2000 3578 2054 divinum

2007 2085 2264 2153 templum
2321 2082 2732 2146 reaadilicarent,
2787 2097 2914 2153 rege
2969 2085 3185 2152 quidem
3224 2085 3577 2153 Zorohabele,

2002 2174 2248 2243 principe
2267 2183 2445 2228 autem
2470 2175 2806 2229 sacerdotum
2823 2172 2947 2228 Jesu
2972 2175 3081 2228 lilio
3101 2173 3325 2231 Josedec
3345 2177 3409 2230 ³³.
3431 2177 3582 2232 Jam-

2002 2279 2107 2335 que
2135 2266 2201 2319 ad
2241 2279 2376 2335 opus
2409 2265 2876 2336 aggrediebantur,
2901 2277 2954 2319 et
2984 2266 3154 2335 prima
3221 2267 3578 2326 fundamenta
3677 2314 3680 2315 ν

1995 2355 2142 2426 jacta
2166 2366 2346 2419 erant,
2365 2366 2418 2411 et
2445 2359 2587 2410 muri
2608 2357 2659 2409 in
2689 2355 2853 2410 altum
2880 2358 3082 2422 educti,
3111 2373 3254 2423 cum,
3282 2362 3580 2428 prohibem-

2006 2451 2147 2502 tibus
2195 2449 2515 2516 quihsdam
2559 2457 2614 2502 et
2670 2449 2870 2503 invidia
2935 2449 3284 2503 ﬁnitimarum
3341 2454 3580 2520 gentium

2005 2540 2350 2608 impediente,
2382 2555 2412 2592 a
2443 2539 2626 2593 labore
2661 2549 2930 2593 cessatqu
2957 2551 3039 2594 est
3076 2547 3130 2594 et
3157 2555 3378 2608 cperunt
3404 2543 3580 2597 studia

2005 2632 2230 2700 prolata.
2298 2629 2405 2684 Deo
2477 2639 2653 2684 autem
2704 2631 2772 2684 ad
2837 2644 2972 2698 opus
3032 2632 3137 2686 rite
3191 2630 3579 2687 conﬁciendum

2007 2720 2400 2776 rursusfaculta
2411 2732 2514 2774 tem
2539 2722 3032 2790 supp:-ditante,vix
3052 2721 3262 2776 tandem
3278 2721 3579 2776 absolutum

2004 2820 2106 2876 est,
2139 2811 2268 2867 Jcsu
2297 2828 2564 2867 summum
2598 2822 2819 2882 gerente
2843 2812 3226 2875 sacerdotium,
3252 2812 3582 2869 Zorobabele

2005 2916 2186 2960 autem
2223 2922 2400 2960 rerum
2449 2906 2702 2975 potiente.
2742 2905 2808 2960 Et
2831 2905 2915 2960 his
2951 2907 3165 2974 quidem
3196 2906 3416 2961 historia
3448 2921 3583 2960 con-

2007 2996 2208 3050 tinetur
2246 2997 2315 3050 ”.
2355 2997 2488 3064 Quia
2526 3013 2655 3053 vero
2680 3013 2777 3068 pro
2809 3008 2936 3069 typo
2963 2998 3162 3054 Christi
3195 2997 3581 3052 Zorohabelem

1242 3087 1462 3159 Ἐπειδὴ
1508 3087 1565 3141 δὲ
1612 3090 1692 3151 είς
1735 3088 1903 3141 τύπον

2009 3088 2075 3141 de
2112 3088 2250 3142 tribu
2289 3086 2426 3142 Juda
2479 3098 2657 3142 ortum
2707 3089 3123 3158 assumpsimus,
3157 3102 3278 3156 age,
3341 3088 3584 3142 dicamus

1934 3132 1976 3189 C

2012 3177 2286 3244 quomodo
2337 3186 2392 3228 et
2426 3191 2529 3243 qua
2566 3179 2774 3229 ratione
2802 3179 3033 3247 ceperit
3061 3177 3173 3246 ipso
3206 3177 3420 3245 quidem
3451 3179 3584 3233 tedi-

2012 3265 2176 3317 licare
2203 3265 2418 3318 domum
2456 3265 2696 3319 Domini:
2723 3266 2816 3320 sed
2849 3279 3029 3321 mente
3053 3278 3362 3338 conceptus,
3391 3280 3445 3324 et
3473 3269 3585 3340 Spi-

2015 3357 2230 3412 ritualis
2268 3356 2574 3413 Zerobabel
2629 3373 2748 3412 eam
2811 3371 2997 3427 postea
3036 3357 3325 3427 perfecerit
3357 3371 3411 3413 et
3453 3376 3584 3415 con-

2011 3450 2385 3503 summaverit.
2436 3447 2730 3504 Constituit
2813 3451 2958 3504 enim
3043 3451 3307 3520 principio
3369 3453 3583 3506 domum

2011 3540 2297 3606 quamdam
2317 3548 2369 3591 et
2404 3541 2734 3612 mansionem
2755 3539 2991 3594 divinam
3017 3541 3119 3596 sibi
3141 3551 3194 3595 et
3215 3539 3360 3594 Patri
3375 3540 3587 3596 Judaeu-

2013 3644 2130 3682 rum
2173 3633 2534 3700 Synagogam.
2567 3630 2658 3685 Sic
2684 3646 2916 3700 namque
2973 3632 3123 3685 illam
3178 3632 3486 3701 appellavit,
3519 3633 3586 3688 de

2013 3720 2407 3788 sapientimimo
2444 3723 2682 3776 onmium
2708 3723 2853 3778 Mose
2884 3725 2955 3778 ita
2985 3723 3248 3794 loquens:
3281 3745 3298 3778 ι
3333 3725 3388 3781 Si
3424 3730 3587 3783 fuerit

2015 3813 2276 3881 propheta
2313 3829 2378 3867 ex
2416 3814 2566 3869 vobis
2600 3813 2848 3877 Domino,
2880 3815 2933 3868 in
2958 3815 3163 3870 visione
3184 3817 3259 3870 illi
3291 3833 3588 3888 cognoscar

2012 3910 2067 3954 et
2108 3903 2159 3955 in
2198 3918 2389 3957 somno
2419 3904 2607 3974 loquar
2635 3905 2708 3959 ei.
2789 3905 2904 3960 Non
2949 3907 3029 3962 sic
3084 3917 3140 3960 ut
3182 3922 3370 3963 servus
3435 3925 3586 3965 meus

2014 3990 2210 4054 Moses.
2251 3995 2300 4047 iu
2336 3996 2482 4048 omni
2529 3996 2688 4050 domo
2736 4012 2854 4052 mea
2906 3997 3078 4052 ﬁdelis
3117 4009 3196 4053 est
3227 4000 3273 4032 “
3303 4037 3319 4055 .
3355 4018 3376 4052 ι
3443 4001 3589 4069 Ergo

2014 4083 2239 4138 {nudata
2283 4095 2364 4140 est
2391 4095 2643 4155 tanquam
2676 4089 2865 4144 domus
2888 4104 2982 4158 per
3009 4089 3284 4144 Clu-istum
3307 4131 3322 4157 ,
3378 4096 3470 4145 sed
3507 4093 3586 4146 in-

2017 4175 2240 4230 tervallo
2267 4177 2674 4243 eversa.Qusre
2703 4180 2963 4247 propheta
3011 4177 3278 4236 Jeremias
3333 4191 3394 4237 ut
3453 4199 3586 4237 con-

2015 4282 2228 4322 cnssam
2282 4280 2335 4323 et
2362 4270 2654 4340 collapsam
2690 4270 3007 4339 deplorati“
3040 4272 3152 4326 hate
3181 4274 3384 4328 verba:
3421 4292 3439 4325 ι
3480 4276 3586 4330 Do-

2017 4373 2136 4413 mus
2163 4359 2326 4414 Israel
2353 4361 2570 4424 cecidit,
2625 4371 2681 4416 et
2728 4377 2832 4417 non
2886 4370 2970 4416 est
3010 4362 3100 4431 qui
3158 4363 3336 4418 denuo
3385 4367 3588 4421 excitet

341 4446 678 4515 ωλοφύρετο,
711 4447 902 4514 λέγων·
933 4467 952 4498 ι
981 4445 1140 4510 Οἶκος
1155 4449 1370 4518 Ἰσραὴλ
1401 4449 1612 4512 ἔπεσεν,
1640 4451 1739 4502 οὐκ
1763 4450 1910 4503 ἐστιν

2014 4465 2156 4507 eam.
2190 4469 2214 4504 ι
2267 4453 2640 4507 Verumtamen
2693 4468 2790 4523 per
2815 4454 3088 4510 Christum
3119 4457 3376 4523 excitata,
3426 4469 3479 4513 et
3532 4460 3589 4514 iu

339 4539 373 4590 6
400 4537 724 4606 ἀναστήσων
776 4537 956 4592 αὐτόν.
988 4557 1006 4588 ι
1049 4539 1194 4606 Πλὴν
1229 4541 1526 4609 ἐγήγερται
1554 4540 1642 4594 διὰ
1671 4541 1908 4611 Χριστοῦ

339 4628 439 4682 καὶ
479 4628 892 4698 μετεσκευάσθη
929 4629 1063 4699 πρὸς
1102 4628 1162 4682 τὸ
1211 4629 1454 4699 ἄμεινον,
1489 4631 1910 4702 εἰσκεκομισμέ·

341 4738 451 4775 νων
489 4719 639 4790 αὐτῷ
675 4720 783 4774 τῶν
819 4720 1009 4784 ἐθνῶν,
1053 4722 1146 4774 καὶ
1176 4721 1580 4793 ἀναδειχθείσης
1622 4723 1678 4776 ἐν
1725 4723 1912 4794 κόσμῳ

337 4811 442 4881 τῆς
477 4811 839 4883 Ἐκκλησίας,
882 4831 900 4864 ι
931 4812 1054 4882 ἥτις
1095 4813 1241 4866 ἐστὶν
1288 4807 1435 4876 οἶκος
1463 4813 1594 4867 Θεοῦ
1636 4813 1858 4880 ζῶντος,
1887 4835 1906 4868 ι

340 4897 410 4972 ἦς
439 4900 536 4954 τοῦ
566 4901 795 4964 κάλλους
831 4901 1054 4969 γέγονεν
1079 4902 1313 4974 ἐραστὴς
1344 4906 1374 4956 6
1397 4903 1503 4956 τῶν
1540 4904 1676 4958 ὅλων
1709 4906 1914 4976 Κύριος

343 4993 440 5046 καὶ
469 4993 621 5055 Θεός.
655 4993 776 5046 Ὅτι
823 4993 932 5063 γὰρ
975 4994 1320 5064 ἀσυγκρίτως
1357 4996 1592 5065 ἀμείνων
1636 4998 1787 5068 παρὰ
1822 5000 1913 5052 τὸν

342 5081 562 5151 πρῶτον
609 5084 637 5136 6
693 5085 751 5136 ἐν
793 5083 1042 5153 ἐσχάτοις
1089 5087 1298 5155 καιροῖς
1349 5086 1714 5156 ἐγηγερμένος
1761 5088 1907 5152 ναὸς,

343 5174 642 5239 τουτέστιν,
669 5175 702 5246 ἡ
749 5175 1046 5244 Ἐκκλησία
1066 5216 1080 5240 ,
1112 5177 1597 5248 πεπληροφόρηκεν
1629 5179 1799 5233 εἰπὼν
1827 5181 1915 5234 διὰ

346 5269 532 5336 φωνῆς
576 5267 831 5335 ’Δγγαίου
859 5267 954 5320 τοῦ
987 5268 1264 5337 προφήτου
1285 5284 1300 5300 ’
1328 5288 1346 5319 ι
1381 5268 1473 5333 Τίς
1498 5272 1644 5323 ἐστιν
1672 5272 1729 5337 ἐξ
1761 5273 1915 5341 ὑμῶν

345 5355 651 5426 avem,
682 5358 740 5421 ὃς
770 5354 878 5411 εἶδε
907 5357 996 5412 τὸν
1023 5353 1171 5410 οἷκον
1202 5358 1387 5412 τοῦτον
1418 5362 1477 5413 ἐν
1504 5365 1569 5431 τῇ
1598 5361 1722 5431 δόξῃ
1750 5363 1914 5415 αὑτοῦ

344 5440 421 5517 τῇ
448 5446 782 5518 ἐμπροσθεν;
836 5449 946 5503 Καὶ
996 5450 1112 5512 πῶς
1159 5450 1316 5520 ὑμεῖς
1361 5452 1584 5522 βλέπετε
1620 5454 1782 5507 αὑτὸν
1822 5454 1918 5506 νῦν

425 5640 470 5674 ³τ
503 5642 669 5697 Hebr.
707 5658 736 5696 v
775 5641 818 5675 ³⁸
847 5641 866 5694 ι
893 5642 1048 5698 Esdr.
1085 5661 1133 5698 tv
1157 5684 1171 5710 ,
1208 5645 1230 5698 l
1264 5661 1418 5716 seqq.
1495 5648 1628 5717 Agg.
1669 5648 1898 5701 1.1244.

2015 4545 2176 4599 aliam
2233 4544 2619 4614 melioremque
2654 4544 2879 4599 formam
2913 4557 3117 4601 mutata
3145 4558 3246 4615 est,
3267 4550 3590 4605 introductis

2011 4635 2066 4691 in
2096 4637 2266 4706 ipsam
2297 4638 2563 4704 gentibus,
2592 4645 2648 4690 et
2673 4637 2908 4691 exhibita
2957 4639 3008 4692 in
3065 4641 3265 4693 mundo
3319 4640 3588 4708 Ecclesia,

2021 4745 2039 4779 ι
2061 4741 2183 4797 qua:
2210 4727 2503 4781 estdomus
2540 4726 2634 4779 Dei
2666 4727 2894 4781 viventis
2955 4727 3024 4794 δ’,
3051 4746 3070 4781 ι
3131 4730 3286 4799 cujus
3349 4731 3588 4798 pulchri-

2015 4820 2257 4874 tudinem
2285 4819 2656 4871 universorum
2685 4817 2943 4874 Dominus
2973 4834 3036 4873 ac
3086 4820 3226 4876 Deus
3293 4822 3585 4877 adamavit.

2015 4908 2228 4964 Etenim
2266 4910 2537 4980 ,templum
2592 4911 2853 4966 extremis
2927 4910 3588 4980 temporibusex’citatum,

2015 5001 2310 5057 Ecclesiam
2337 5002 2560 5066 scilicet,
2605 5001 2830 5057 inﬁnitis
2845 5003 3096 5073 partibus
3122 5006 3296 5072 primo
3332 5014 3590 5072 prazstare

2016 5094 2148 5147 satis
2207 5107 2473 5162 superque
2500 5094 2700 5158 docuit,
2749 5109 2843 5163 per
2880 5094 3198 5162 prophetam
3225 5097 3476 5163 Aggaeum
3517 5097 3589 5150 ita

2013 5185 2272 5250 loquens:
2302 5200 2321 5234 ι
2349 5183 2478 5250 Quis
2508 5194 2590 5240 est
2620 5200 2684 5240 ex
2720 5186 2870 5240 vobis
2898 5188 3057 5240 homo
3100 5186 3190 5251 qui
3218 5185 3349 5240 vidit
3373 5188 3591 5244 domum

2015 5273 2156 5327 hanc
2179 5274 2230 5324 in
2257 5273 2422 5338 gloria
2452 5289 2545 5328 sua
2571 5275 2748 5345 priore
2769 5277 2790 5329 ἳ
2811 5275 2880 5330 Et
2926 5275 3196 5339 quomodo
3241 5291 3335 5332 vos
3397 5278 3594 5334 videtis

2017 5364 2188 5431 ipsam
2234 5377 2375 5417 nunc
2420 5364 2562 5416 sicut
2606 5379 2712 5416 non
2771 5363 3127 5417 exsistentem
3188 5366 3240 5419 in
3300 5379 3594 5425 conspectu

2018 5463 2197 5511 vestro
2229 5455 2271 5486 δ’
2306 5456 2328 5508 ?
2366 5475 2384 5508 ι
2425 5455 2490 5510 Et
2540 5454 2679 5510 infra
2716 5471 2730 5508 :
2765 5474 2783 5507 ι
2832 5455 2967 5521 Quia
3022 5471 3215 5528 magna
3272 5474 3373 5516 ertt
3423 5461 3599 5532 gloria

1978 5649 2021 5678 ⁵⁰
2057 5649 2211 5706 Num.
2244 5669 2337 5719 xu,
2370 5654 2425 5718 6,
2464 5654 2516 5709 7.
2597 5653 2636 5686 ⁸¹
2669 5654 2853 5710 iTitn.
2919 5670 3000 5719 III,
3036 5655 3321 5728 1.5“Agg.
3389 5656 3528 5719 ",6.
