4080 6284
562 410 631 471 ss
1582 417 1640 473 s.
1680 418 1957 475 CYRILIJ
1999 420 2471 477 ALEXANDRINI
2512 420 2825 481 ARCIllEP.
3738 414 3805 471 56

559 539 618 582 ut
646 529 968 597 memoravi,
1000 528 1188 586 dill’usa
1217 532 1504 602 pernicies.
1534 531 1721 603 Itaque
1761 533 2027 590 abductus
2048 543 2132 589 est

2247 537 2579 607 καταχέουσα
2608 534 2732 604 γῆς.
2747 533 2853 588 Καὶ
2874 532 3002 602 γοῦν
3025 531 3388 603 ἀπεκομίξετο
3416 529 3514 602 μὲν
3533 530 3561 582 ὁ
3577 530 3809 601 Χριστὸς

558 618 776 688 quidem
819 620 1070 678 Christus
1115 623 1185 679 ad
1225 638 1465 691 crucem,
1520 626 1871 696 sequentibus
1917 626 2135 682 feminis

559 714 984 772 iamentantibus
1030 726 1085 774 et
1135 718 1496 788 plorantibus,
1549 723 1615 775 ad
1662 737 1798 792 quas
1839 736 2134 777 conversus

559 806 675 860 ait:
710 824 729 859 ι
758 805 909 864 Filiae
951 807 1271 876 Jerusalem,
1315 811 1480 867 nolite
1511 813 1640 867 ﬂere
1681 829 1850 883 super
1896 828 2001 881 me,
2043 815 2135 868 sed

559 910 722 965 super
770 914 868 954 vos
924 901 1063 968 ipsas
1111 900 1255 968 ﬂete,
1286 912 1340 958 et
1384 919 1549 973 super
1614 904 1753 958 ﬁlios
1801 905 2069 959 vestros‘.
2110 922 2128 955 ι

560 986 767 1043 Traditi
802 1000 927 1046 sunt
958 993 1103 1048 enim
1154 995 1209 1049 in
1250 997 1476 1050 exitium
1513 1004 1569 1051 et
1600 996 1821 1061 caedem,
1865 1004 1919 1049 et
1959 986 2137 1050 evenit

562 1078 669 1134 illis
700 1082 841 1149 quod
881 1092 966 1137 est
990 1085 1128 1154 apud
1162 1084 1355 1141 Isaiam
1390 1105 1404 1143 :
1443 1107 1461 1139 ι
1496 1087 1662 1144 Terra
1694 1097 1872 1142 vestra
1897 1089 2133 1154 deserta,

562 1172 811 1230 civitates
853 1186 1047 1232 vestrae
1080 1194 1356 1234 succensae
1401 1180 1535 1248 igni,
1584 1181 1857 1251 regionem
1901 1191 2134 1236 vestram

561 1277 747 1317 coram
803 1268 958 1322 vobis
1004 1269 1166 1324 alieni
1214 1272 1474 1326 devorant
1526 1274 1721 1342 ipsam,
1782 1283 1837 1328 et
1890 1274 2135 1329 desolata

564 1365 670 1419 est,
705 1358 963 1414 subversa
994 1375 1022 1413 a
1053 1362 1264 1439 populis
1296 1364 1488 1420 alienis
1508 1365 1551 1418 ’.
1587 1383 1605 1417 ι

638 1445 801 1501 Vsus.
831 1450 917 1505 10.
958 1450 1026 1504 In
1061 1452 1146 1506 die
1187 1453 1304 1517 illa,
1350 1455 1474 1507 dicit
1509 1454 1760 1509 Dominus
1792 1454 2137 1525 omnipotens,

563 1550 838 1593 convocate
864 1544 1217 1614 unusquisque
1244 1545 1544 1615 proximum
1574 1562 1726 1602 suum
1761 1547 1939 1600 subter
1966 1549 2136 1612 vitem,

562 1639 609 1681 et
640 1631 816 1684 subter
841 1632 1001 1700 ﬁcum
1028 1649 1202 1690 suam.
2058 1650 2059 1653 ‘

632 1807 798 1862 XXII.
840 1809 995 1866 Malis
1034 1811 1284 1868 omnibus
1312 1813 1586 1883 :obrutum
1643 1815 1732 1880 iri,
1787 1826 2011 1885 peccato
2056 1829 2141 1870 eo-

564 1913 682 1950 rum
733 1909 1090 1966 contrectato,
1143 1903 1233 1970 qui
1266 1905 1421 1971 quasi
1472 1906 1526 1958 in
1570 1905 1778 1961 foveam
1823 1907 2137 1972 deciderint,

564 1998 787 2059 propter
825 1991 1101 2047 Christum
1151 1994 1219 2048 ab
1253 2009 1311 2049 se
1356 1995 1410 2050 in
1458 2011 1675 2051 crucem
1710 2006 1913 2063 actum,
1954 2008 2142 2069 aperte

566 2085 831 2154 praedixit.
863 2084 1222 2141 Credentibus
1254 2096 1433 2141 autem
1470 2098 1525 2143 et
1557 2089 1904 2159 diligentibus
1933 2106 2055 2145 eum
2089 2092 2141 2145 id

565 2189 671 2228 non
715 2175 1055 2241 damnosum,
1086 2177 1195 2232 imo
1246 2177 1448 2234 laetitiae
1500 2188 1555 2234 et
1575 2182 1829 2249 jucunda:
1863 2182 2141 2250 cujusdam

566 2266 948 2322 delectationis
975 2270 1257 2323 materiam
1284 2269 1520 2325 futurum
1557 2271 1764 2326 utiliter
1788 2276 2139 2339 prtnuuntiat.

565 2358 865 2411 Attestatur
898 2359 1009 2413 haec
1052 2360 1217 2414 etiam
1249 2359 1433 2428 justus
1463 2362 1705 2418 Simeon.
1746 2365 1849 2419 Ubi
1890 2368 2032 2420 enim
2062 2367 2145 2421 di-

565 2448 749 2501 vinum
804 2449 1065 2506 iniantem
1135 2455 1459 2523 conspexit,
1517 2456 1803 2526 ipsumque
1869 2459 1924 2512 in
1989 2460 2143 2515 ulnas

567 2539 796 2609 accepit,
839 2541 918 2596 sic
962 2544 1303 2612 prophetavit
1335 2563 1350 2601 :
1391 2562 1409 2596 ι
1440 2545 1578 2601 Ecce
1604 2547 1811 2616 positus
1842 2557 1925 2603 est
1957 2549 2044 2603 hic
2089 2550 2141 2603 iu

571 2632 780 2686 ruinam
818 2642 872 2688 et
913 2633 965 2688 in
1010 2637 1469 2691 resurrectionem
1524 2638 1841 2703 multorum,
1874 2640 2011 2694 etin
2066 2640 2144 2694 si-

564 2736 729 2793 gnum
769 2725 854 2779 cui
901 2726 1305 2781 contradicetur
1323 2727 1423 2795 ³.,›
1478 2727 1808 2784 Ceciderunt
1846 2730 2014 2795 enim,
2052 2732 2143 2800 qui

567 2817 885 2882 sanguinem
937 2815 1143 2884 justum
1200 2834 1365 2888 super
1414 2822 1594 2891 capita
1649 2837 1745 2876 sua
1809 2823 2142 2887 hauserunt,

569 2905 723 2959 velut
776 2906 1029 2976 proiecti,
1086 2919 1140 2964 et
1174 2910 1449 2978 jaceutes,
1494 2921 1548 2967 et
1586 2913 1824 2986 pedibus
1868 2914 2145 2968 diabolicis

570 2994 832 3051 substrati
867 3015 881 3052 :
912 3000 1079 3054 erecti
1133 3008 1257 3055 sunt
1304 3001 1396 3069 qui
1450 3017 1516 3057 cx
1571 2987 1815 3071 gentibus
1867 3005 1932 3057 a'd
1989 3005 2143 3056 iidem

570 3100 856 3151 venerunt.
894 3090 961 3150 Et
988 3091 1103 3162 ipse
1130 3091 1382 3148 Christus
1407 3094 1604 3149 alicubi
1629 3095 1836 3149 sanctis
1863 3094 2145 3163 discipulis

571 3189 797 3235 mortem
847 3182 902 3236 in
948 3197 1112 3238 cruce
1154 3184 1258 3238 sibi
1293 3185 1665 3240 sustinendam
1700 3185 1961 3253 praedicit.
2000 3184 2143 3249 Quos

570 3278 628 3320 ut
654 3270 838 3325 tristes
866 3270 1026 3337 vidit,
1051 3273 1341 3329 consolans
1365 3273 1571 3329 addidit
1603 3289 1618 3327 :
1654 3293 1673 3326 ι
1708 3273 1901 3328 Mulier
1926 3274 2144 3344 quando

570 3359 736 3426 parit,
774 3360 1052 3415 tristitiam
1088 3364 1273 3427 habet,
1307 3364 1432 3431 quia
1465 3366 1613 3418 venit
1653 3365 1783 3418 hora
1815 3364 1951 3433 ejus.
1986 3364 2143 3419 Post-

573 3462 736 3514 quam
768 3458 951 3502 autem
984 3451 1213 3518 peperit,
1238 3450 1434 3519 gaudio
1459 3450 1677 3519 gaudet,
1709 3452 1836 3519 quia
1875 3460 2039 3505 natus
2062 3462 2147 3504 est

575 3539 738 3592 homo
771 3538 823 3592 in
861 3538 1141 3595 mundum.
1190 3539 1256 3594 Et
1294 3555 1391 3594 vos
1440 3556 1583 3596 nunc
1614 3540 1834 3609 quidem
1868 3542 2145 3596 tristitiam

576 3630 811 3697 habetis,
847 3630 1042 3685 iterum
1073 3640 1253 3686 autem
1278 3631 1531 3689 videbitis
1563 3647 1670 3697 me,
1697 3640 1751 3686 et
1778 3631 2032 3702 gaudebit
2054 3648 2150 3689 cor

572 3732 810 3778 vestrum
834 3724 877 3777 ⁸.
910 3741 929 3775 ›
985 3722 1077 3779 Sic
1109 3732 1164 3780 et
1210 3725 1476 3780 excitatus
1512 3739 1542 3779 a
1598 3725 1825 3779 mortuis
1857 3724 2047 3781 ﬂentes
2092 3726 2147 3780 in

572 3816 735 3871 horto
775 3815 1031 3871 mulieres
1076 3817 1365 3871 salutando
1396 3816 1663 3871 allocutus
1700 3825 1786 3870 est
1806 3817 1847 3870 '.
1883 3835 1903 3868 ι
1935 3817 2148 3873 Conve-

575 3907 657 3960 uit
689 3921 854 3977 porro
888 3908 1052 3962 etiam
1081 3908 1378 3977 quemlibet
1422 3922 1546 3962 eum
1593 3908 1930 3978 diligentium
1982 3924 2148 3977 super

575 4012 740 4052 cruce
769 4007 826 4052 et
864 3997 1264 4053 resurrectione
1305 3998 1510 4064 dicere,
1569 4015 1588 4050 ι
1628 3996 1954 4053 Convertisti
1997 3999 2152 4068 plan-

574 4097 722 4144 ctum
760 4100 939 4142 meum
972 4088 1025 4143 in
1074 4089 1327 4160 gaudium
1358 4088 1523 4155 mihi;
1572 4088 1889 4144 conscidisti
1928 4103 2147 4144 saccum

574 4195 775 4246 meum,
828 4186 886 4235 et
929 4179 1340 4234 circumdedisti
1391 4195 1476 4236 me
1521 4179 1708 4234 laetitia
1732 4179 1773 4235 °.
1810 4197 1829 4231 ι
1871 4179 2151 4245 Quomodo

573 4270 719 4324 enim
772 4284 879 4325 non
933 4271 1158 4325 evanuit
1209 4269 1405 4338 luctus,
1454 4280 1510 4325 et
1552 4269 1746 4326 ablatae
1793 4278 1919 4325 sunt
1963 4285 2151 4325 omnes

574 4363 828 4432 lacrymas
878 4362 948 4417 ab
995 4362 1142 4418 omni
1178 4362 1337 4425 facie,
1377 4370 1438 4416 ut
1462 4362 1591 4417 dicit
1627 4362 1888 4432 propheta
1911 4363 1957 4426 ⁷,
1987 4361 2151 4417 Chri-

2236 629 2329 681 ἐπὶ
2361 629 2452 679 τὸν
2478 626 2729 697 σταυρὸν,
2760 622 2974 678 εἵποντο
3004 620 3059 677 δὲ
3087 624 3180 677 καὶ
3225 625 3481 692 γυναῖκες
3515 619 3808 691 θρηνοῦσαι

2236 736 2294 771 τε
2326 720 2419 772 καὶ
2436 718 2742 771 κλαίουσαι·
2773 712 2889 769 εἶτα
2916 716 3051 785 πρὸς
3072 713 3274 777 ταύτας
3301 713 3537 781 ἔφασκεν
3560 714 3813 778 ἐπιστρα-

2238 812 2355 879 φείς
2375 827 2387 840 ·
2434 829 2451 860 ι
2483 809 2790 877 Θυγατέρες
2824 805 3194 877 Ἰερουσαλὴμ,
3228 803 3301 874 μὴ
3322 801 3535 855 κλαίετε
3558 800 3641 851 ἐπ’
3666 799 3809 868 ἐμοὶ,

2237 907 2376 978 πλὴν
2406 906 2489 974 ἐφ’
2512 904 2731 964 ἑαυταῖς
2759 900 2976 953 κλαίετε
3011 898 3104 950 καί¹
3125 897 3216 950 ἐπὶ
3235 898 3345 958 τοῖς
3364 894 3571 956 τέκνοις
3593 891 3763 961 ὑμῶν.
3788 909 3808 943 ι

2237 995 2631 1066 Παραδὲδονται
2655 990 2764 1061 γὰρ
2791 991 2868 1051 είς
2892 987 3111 1057 ὄλεθρον
3168 984 3261 1038 καί
3291 981 3524 1051 σφαγὴν,
3559 979 3654 1032 καὶ
3678 994 3810 1047 συμ-

2238 1088 2473 1157 ϐέϐηκεν
2500 1086 2682 1146 αὑτοῖς
2705 1081 2776 1134 τὰ
2806 1080 2893 1134 διὰ
2922 1078 3106 1149 φωνῆς
3137 1075 3360 1128 Ἡσαΐου
3382 1089 3395 1103 ο
3427 1092 3445 1124 ι
3468 1071 3525 1124 Ἦ
3555 1070 3628 1139 γῆ
3661 1068 3814 1138 ὑμῶν

2238 1180 2463 1250 ἔρημος,
2513 1177 2569 1230 αἱ
2625 1173 2809 1235 πόλεις
2859 1170 3013 1242 ὑμῶν
3054 1167 3436 1239 πυρίκαυστος,
3483 1165 3583 1234 τὴν
3633 1162 3815 1233 χώραν

2238 1271 2392 1341 ὑμῶν
2436 1266 2665 1322 ἐνώπιον
2707 1263 2861 1334 ὑμῶν
2910 1260 3179 1330 ἀλλότριοι
3218 1255 3595 1310 κατεσθίουσιν
3622 1253 3811 1323 αὑτὴν,

2238 1364 2332 1418 καὶ
2357 1362 2649 1431 ἠρήμωται
2676 1352 3135 1423 κατεστραμμένη
3158 1350 3262 1402 ὑπὸ
3282 1348 3427 1401 λαῶν
3450 1345 3762 1415 ἀλλοτρίων.
3788 1362 3808 1395 ι

2321 1456 2419 1507 Ἐν
2486 1450 2561 1519 τῇ
2603 1447 2790 1517 ἡμέρᾳ
2837 1446 3063 1512 ἐκείνῃ,
3114 1442 3278 1511 λέγει
3331 1440 3550 1507 Κύριος
3598 1450 3815 1489 παντο-

2240 1547 2502 1617 κράτωρ,
2572 1538 2993 1609 avrata/levate
3059 1535 3317 1600 ἕκαστος
3381 1531 3490 1584 τὸν
3547 1528 3815 1595 πλησίον

2238 1639 2423 1694 αὐτοῦ
2450 1634 2729 1691 ὑποκάτω
2774 1628 3046 1702 ἀμπέλου
3116 1628 3217 1683 καὶ
3292 1622 3571 1680 ὑποκάτω
3615 1618 3814 1688 συκῆς

2240 1729 2444 1787 αὑτοῦ.

2312 1823 2441 1876 KB'.
2475 1821 2597 1872 Ὅτι
2623 1817 2718 1888 μὲν
2742 1816 2800 1868 ἐν
2821 1814 2984 1867 παντὶ
3008 1811 3328 1881 γενήσονται
3360 1804 3536 1875 κακῷ,
3557 1802 3817 1872 ψηλαφω-

2246 1913 2412 1986 μένης
2442 1909 2618 1964 αὑτῶν
2642 1908 2744 1977 τῆς
2802 1903 3096 1976 ἁμαρτίας,
3125 1902 3175 1955 oi
3218 1897 3466 1966 καθάπερ
3514 1896 3593 1956 εἰς
3629 1892 3818 1962 βόθρον

2243 2002 2717 2076 κατενηνεγμένοι,
2741 1999 2830 2053 διά
2854 2014 2918 2066 γε
2948 1996 3009 2048 τὸ
3057 1992 3367 2064 σταυρῶσαι
3400 1987 3653 2058 Χριστὸν,
3682 2000 3819 2054 προ-

2246 2100 2559 2173 μεμήνυκεν
2588 2093 2851 2166 ἐναργῶς.
2908 2091 3028 2143 Ὅτι
3089 2087 3146 2140 δέ
3198 2087 3311 2147 τοῖς
3351 2080 3684 2173 πιστεὺουσι,
3722 2076 3819 2173 καὶ

2242 2166 2583 2264 ήγαπηκόσιν
2604 2186 2787 2251 αὑτὸν,
2805 2185 2905 2238 οὑκ
2928 2180 3153 2253 ἀκερδὲς
3182 2178 3338 2269 ἔσται
3357 2172 3418 2226 τδ
3448 2171 3655 2269 χρῆμα,
3687 2166 3821 2269 μάλ-

2241 2284 2331 2337 λον
2358 2283 2413 2334 δὲ
2445 2283 2538 2335 καὶ
2565 2279 2699 2349 πρὸς
2722 2273 3060 2346 εὐφροσύνης
3096 2270 3188 2322 καὶ
3214 2265 3459 2336 τέρψεων
3485 2265 3818 2349 ἐπιτερπῶν,

2244 2346 2938 2443 προαγορεύει-χρησίμως.
2982 2358 3339 2430 Μαρτυρήσει
3385 2352 3441 2404 δὲ
3478 2346 3821 2443 τούτοιςᾼκαὶ

2241 2436 2500 2523 ἀδίκαιος
2536 2436 2782 2527 Συμεών.
2817 2455 2947 2506 Ὅτε
2985 2452 3096 2520 γὰρ
3135 2448 3196 2501 τὸ
3234 2445 3374 2498 θεῖον
3406 2441 3663 2527 τεθέαται
3693 2436 3821 2506 βρέ-

2245 2569 2362 2621 φος,
2392 2550 2485 2602 καὶ
2513 2548 2593 2609 εἰς
2620 2526 2865 2613 ἀγκάλας
2890 2539 3126 2605 ἐδέξατο,
3173 2533 3569 2605 προεφήτευσε,
3608 2526 3819 2621 λέγων’

2252 2614 2270 2695 ἑ
2324 2642 2455 2695 Ἰδοὺ
2482 2630 2637 2699 οὗτος
2680 2637 2858 2688 κεῖται
2887 2634 2967 2693 είς
3000 2628 3209 2681 πτῶσιν
3234 2625 3326 2678 καὶ
3364 2621 3662 2676 ἀνάστασιν
3693 2614 3826 2667 πολ-

2242 2729 2373 2793 λῶν,
2402 2728 2496 2780 καὶ
2543 2726 2624 2786 είς
2673 2722 2897 2791 σημεῖον
2954 2716 3389 2784 ἀντιλεγόμενον.
3425 2729 3443 2762 ι
3491 2704 3825 2761 Πεπτώκασι

2244 2820 2352 2889 γὰρ
2377 2818 2426 2870 οἱ
2448 2817 2509 2868 τὸ
2532 2815 2739 2868 δίκαιον
2795 2805 2935 2880 αἷμα
2982 2811 3102 2869 ταῖς
3128 2805 3277 2874 σφῶν
3332 2801 3512 2856 αὐτῶν
3556 2794 3826 2874 ἐπαντλήο

2248 2888 2437 2970 σαντες
2471 2902 2757 2973 κεφαλαῖς,
2791 2899 2979 2968 ὥσπερ
3023 2895 3367 2968 ἐρριμμένοι,
3403 2891 3498 2945 καὶ
3534 2888 3779 2957 κείμενοι
3805 2924 3821 2948 ,

2246 2998 2339 3050 καὶ
2367 2996 2471 3048 ὑπὸ
2494 2994 2659 3055 πόδας
2712 2990 2866 3052 ὄντες
2912 2984 3267 3045 διαϐολικούςο
3313 2979 3647 3052 ὼρθώθησαν
3683 2976 3740 3029 δέ
3772 2975 3825 3027 oi

2247 3090 2304 3153 ἐξ
2328 3086 2516 3139 ἐθνῶν.
2550 3083 2661 3136 Καὶ
2689 3080 2849 3142 αὑτὸς
2896 3077 2953 3130 δέ
3006 3092 3109 3130 που
3158 3072 3413 3143 Χριστὸς,
3448 3064 3827 3140 προανεφώνει

2252 3179 2349 3249 μὲν
2378 3180 2488 3239 τοῖς
2511 3174 2684 3241 ἁγίοις
2717 3170 2985 3241 μαθηταῖς
3022 3166 3082 3219 τδ
3132 3166 3225 3217 ἐπὶ
3256 3162 3333 3233 τῷ
3360 3160 3575 3231 σταυρῷ
3616 3157 3786 3219 πάθος
3808 3170 3825 3186 ”

2247 3269 2433 3338 ἐπειδὴ
2466 3268 2523 3321 δὲ
2566 3262 2861 3333 γεγονότας
2902 3261 2961 3311 ἐν
3005 3254 3328 3326 κατηφείαις
3376 3252 3649 3311 τεθέαται,
3684 3262 3828 3316 παρ-

2246 3361 2431 3415 εκάλει
2459 3358 2654 3425 λέγων’
2693 3374 2710 3407 ι
2733 3355 2800 3406 Ἣ
2825 3352 2961 3421 γυνὴ
3004 3351 3132 3403 ὅταν
3164 3348 3347 3417 τίκτῃ,
3380 3344 3557 3411 λύπην
3587 3341 3718 3410 ἔχει,
3741 3339 3829 3391 ὅτι

2244 3449 2408 3523 ἦλθεν
2460 3452 2492 3521 ἡ
2547 3448 2669 3518 ὧροι
2693 3446 2882 3514 αὑτῆς.
2911 3442 3080 3494 Ὅταν
3106 3439 3163 3493 δὲ
3191 3438 3348 3507 τέκῃ,
3404 3433 3551 3503 χαρᾷ
3602 3429 3826 3523 χαίρει,

2246 3519 2328 3598 ὃτι
2355 3519 2615 3613 ἐγεννήθη
2640 3539 2925 3609 ἄνθρωπος
2952 3535 3032 3596 είς
3070 3531 3160 3584 τὸν
3224 3528 3450 3595 κόσμον.
3515 3520 3625 3613 Καὶ
3663 3519 3830 3613 ὑμεῖς

2248 3636 2343 3691 νῦν
2392 3636 2489 3706 μὲν
2534 3611 2712 3703 λύπην
2750 3628 2922 3698 ἔχετε,
2980 3624 3205 3694 ὕστερον
3233 3619 3290 3673 δὲ
3353 3611 3549 3685 ὂψεσθέ
3598 3627 3686 3680 με,
3722 3611 3830 3706 ,καὶ

2248 3701 2544 3800 χαρήσεται
2565 3701 2719 3794 ὑμῶν
2768 3723 2802 3791 ἡ
2828 3719 3042 3789 καρδία.
3075 3735 3095 3766 r
3149 3711 3308 3765 Οὕτω
3460 3701 3830 3800 ἐγηγερμένιὶς

2250 3791 2580 3890 ἐπι-νεκρῶν,
2620 3816 2741 3877 ταῖς
2781 3813 2838 3864 ἐν
2896 3809 2973 3879 τῷ
3035 3807 3198 3875 κήπῳ
3250 3797 3566 3859 κλαιούσαις
3612 3791 3830 3861 γυναιξὶ

2254 3887 2600 3983 προσεφώνει
2623 3907 2704 3973 τὺ,
2737 3903 2992 3974 Χαίρετε.
3030 3895 3237 3970 Πρέποι
3271 3892 3315 3983 ξ’
3354 3890 3442 3953 ἂν,
3483 3889 3578 3983 καλ
3601 3887 3830 3983 ἕκαστον

2251 3974 2359 4054 τῶν
2400 3974 2737 4067 ἀγαπώντων
2777 3991 2940 4046 αὑτὸν
2992 3986 3083 4039 ἐπί
3124 4000 3187 4052 γε
3229 3980 3307 4052 τῷ
3363 3975 3584 4067 σταυρῷ
3621 3975 3713 4026 καὶ

2251 4059 2543 4144 ἀναστάσει
2570 4085 2771 4151 λέγειν·
2812 4100 2830 4132 ι
2868 4074 3179 4147 Ἔστρεψας
3204 4071 3295 4122 τὸν
3335 4065 3563 4121 κοπετόν
3597 4079 3697 4133 μου
3732 4059 3827 4151 ,εἰς

2250 4181 2422 4252 χαρὰν
2444 4178 2589 4248 ἐμοὶ,
2609 4150 2897 4243 διέρρηξας
2923 4169 3013 4220 τὸν
3045 4165 3245 4252 σάκκον
3285 4157 3531 4252 imm-xw.
3565 4150 3831 4252 περιέζω-

2254 4241 2352 4331 ἓάὲ
2385 4284 2450 4338 με
2473 4241 2831 4333 εὐφροσὺνην.
2868 4276 2886 4308 ι
2949 4252 3073 4313 Πῶς
3127 4251 3233 4319 γὰρ
3254 4250 3355 4300 οὑκ
3385 4247 3590 4338 οἴχεται
3629 4241 3742 4338 μὲν.
3766 4242 3833 4338 ἐκ

2254 4329 2430 4413 ποθῶν
2473 4329 2829 4413 ’τὸ-πενθεῖν,
2873 4344 3152 4415 ἀφῄρηται
3181 4340 3236 4394 δὲ
3283 4340 3390 4391 πᾶν
3443 4336 3674 4404 δάκρυον
3720 4329 3832 4382 ἀπὸ

575 4462 662 4507 sto
697 4454 749 4505 in
780 4454 946 4506 vitam
997 4463 1270 4516 revocato,
1299 4454 1462 4523 681
1492 4462 1546 4506 et
1587 4454 1815 4522 imperio
1864 4454 2054 4508 mortis
2085 4453 2143 4507 ab

2255 4449 2569 4521 προσώπου,
2611 4442 2753 4498 κατά
2797 4440 2893 4510 τὴν
2922 4435 3014 4490 τοῦ
3050 4434 3328 4505 προφήτου
3361 4426 3829 4523 φωνὴνχέργηγερ-

575 4560 639 4594 eo
670 4543 998 4597 destructo?
1025 4543 1147 4597 Vita
1178 4518 1789 4597 enimtestﬁnatura—sua
1814 4543 1857 4609 ⁸,
1894 4552 2143 4610 tanquam

2259 4518 2423 4616 μένου
2454 4535 2713 4611 Χριστοῦ,
2755 4533 2849 4587 καὶ
2886 4529 2989 4603 [τὸ]
3013 4527 3106 4581 τοῦ
3161 4524 3390 4579 θανάτου
3430 4518 3832 4620 καταλύσαντος

578 4633 740 4697 Deus,
771 4634 1018 4704 quamvis
1064 4632 1119 4686 in
1171 4645 1335 4686 carne
1376 4631 1643 4700 apparuit.
1687 4629 1875 4699 Itaque
1910 4631 1995 4684 die
2027 4632 2143 4696 illa,

577 4727 675 4791 ait,
705 4726 805 4780 hoc
837 4733 919 4779 est
973 4724 1065 4779 illo
1108 4735 1349 4793 tempore
1375 4738 1484 4793 quo
1514 4738 1581 4779 ex
1632 4727 1861 4779 mortuis
1891 4724 2148 4778 revixerit

575 4826 630 4871 et
669 4816 962 4872 ceciderint
990 4816 1367 4881 cruciﬂxores,
1402 4834 1421 4867 ι
1452 4824 1746 4871 convocate
1778 4819 2148 4887 unusquisque

578 4909 883 4976 proximum
919 4922 1074 4961 suum
1106 4908 1293 4963 subter
1324 4908 1489 4963 vitem
1519 4918 1575 4962 et
1607 4908 1819 4963 ticum.»
1849 4908 1927 4963 Ac
1956 4909 1997 4962 si
2025 4910 2148 4978 quis

576 5000 720 5055 volet
752 5000 910 5055 talem
935 5014 1150 5055 sensum
1183 4999 1479 5068 simplicem
1514 5007 1567 5054 et
1596 4998 1812 5054 obvium
1841 5000 2146 5064 admittere,

578 5107 738 5147 voces
762 5102 765 5105 '
789 5092 887 5146 has
925 5091 1287 5160 spiritualium
1328 5090 1644 5160 gaudiorum
1688 5090 1991 5160 symbolum
2029 5104 2150 5145 esse

580 5183 884 5239 aliirmahit.
917 5183 1185 5238 Praeterea
1217 5190 1272 5237 et
1298 5181 1426 5236 illud
1472 5196 1579 5235 non
1623 5181 1741 5236 sine
1780 5181 2152 5251 improbabili-

580 5287 689 5328 tatc
721 5276 826 5330 dici
857 5291 1013 5346 posse
1053 5291 1197 5339 reor,
1234 5273 1391 5329 ficum
1420 5282 1476 5329 et
1510 5274 1673 5328 vitem
1715 5274 1882 5329 videri
1918 5273 2151 5344 appella-

581 5378 687 5419 tam
720 5367 1039 5434 Ecclestam,
1070 5366 1226 5435 cujus
1256 5369 1383 5421 item
1415 5365 1627 5420 divinus
1654 5366 1859 5419 Cantor
1884 5364 2146 5428 meminit,

580 5473 871 5525 supernqu
899 5474 961 5512 ac
993 5460 1268 5513 caelestem
1305 5473 1586 5529 sponsum,
1618 5458 1887 5513 Christum
1920 5456 2147 5519 scilicet,

580 5566 676 5621 per
725 5552 1005 5620 ambagem
1056 5549 1424 5619 compellans:
1461 5568 1479 5601 ι
1520 5549 1668 5605 Uxor
1698 5557 1787 5603 tua
1839 5547 1981 5602 sicut
2024 5544 2151 5598 vitis

2252 4605 2649 4706 itpéttogitoi}
2683 4626 2788 4697 γάρ
2837 4625 2953 4675 ἐστι
2990 4616 3132 4673 κατὰ
3170 4616 3329 4706 φύσιν
3355 4615 3430 4706 ὡς
3460 4610 3609 4706 Θεὸς,
3651 4605 3831 4706 κᾶν-εί

2254 4701 2495 4792 πέφηνεν
2547 4721 2603 4771 ἐν
2644 4716 2826 4787 σαρκί.
2857 4712 3061 4766 Οὐκοῦν
3082 4708 3155 4774 τῇ
3180 4704 3364 4772 ἡμέρᾳ
3390 4701 3612 4792 ἐκείνῃ,
3648 4701 3796 4792 *φησὶ
3816 4737 3831 4760 ,

2253 4790 2519 4877 τουτέστι,
2551 4810 2673 4863 κατ’
2711 4810 2886 4861 ἐκεῖνο
2919 4798 3134 4871 καιροῦ,
3175 4795 3295 4850 καθ’
3347 4793 3437 4845 δν’
3465 4790 3706 4860 ἀναὸιῴη
3766 4794 3833 4845 ἐκ

2254 4906 2484 4975 νεκρῶν,
2522 4900 2885 4954 πεπτωκότων
2910 4894 3018 4946 τῶν
3070 4885 3528 4958 ἐσταυρωκότων,
3568 4881 3835 4946 συγκαλέ-

2258 4974 2388 5052 σατε
2407 4996 2633 5055 ἕκαστος
2663 4992 2752 5045 τὸν
2777 4987 3000 5058 πλησίον
3059 4980 3226 5037 αὑτοῦ
3257 4977 3515 5032 ὑποκάτω
3554 4974 3831 5045 ἀμπέλου,

2258 5089 2351 5142 καὶ
2376 5085 2631 5139 ὑποκάτω
2676 5082 2862 5151 συκῆς.
2897 5078 3005 5133 Καὶ
3037 5078 3085 5129 εἰ
3114 5074 3212 5146 μὲν
3258 5068 3496 5141 βούλοιτό
3519 5084 3599 5127 τις
3629 5063 3835 5117 ἁπλοῦν

2260 5180 2353 5234 καὶ
2407 5178 2695 5247 πρόχειρον
2729 5173 2819 5224 τὸν
2861 5169 3098 5223 τοιοῦτον
3160 5162 3491 5231 εἰσδέχεσθαι
3532 5157 3675 5216 νοῦν,
3709 5155 3835 5247 τέρ-

2256 5268 2403 5336 ψεων
2432 5244 2569 5319 εῖναι
2600 5244 2708 5315 τῶν
2735 5258 3119 5330 πνευματικῶν
3145 5253 3411 5324 σύμϐολον
3457 5244 3834 5302 διαϐεϐαιώσε-

2257 5335 2346 5413 ται
2374 5358 2442 5412 τὰ
2467 5353 2849 5425 ὠνομασμένα.
2877 5350 2990 5403 Οὑκ
3012 5347 3271 5402 ἀπίθανον
3291 5343 3347 5395 δὲ
3375 5337 3510 5394 εἷναί
3536 5354 3677 5407 φημι
3700 5335 3835 5406 πρὸς

2256 5451 2430 5518 τούτῳ
2464 5449 2682 5501 κάκεῖνο
2718 5445 2911 5503 εἰπεῖν,
2941 5442 3025 5492 ὅτι
3070 5436 3242 5505 συκῆν
3267 5434 3359 5486 καὶ
3390 5429 3633 5501 ἄμπελον
3661 5426 3835 5478 ἔοικεν

2257 5514 2550 5595 ἀποκαλεῖν
2579 5537 2677 5609 τὴν
2718 5531 3063 5602 Ἐκκλησίαν,
3093 5525 3161 5600 ἦς
3188 5528 3279 5579 καὶ
3320 5526 3348 5576 ὁ
3372 5521 3655 5580 θεσπέσιος
3690 5514 3833 5569 Μελ-

652 5752 667 5784 ¹
705 5750 1016 5813 l.ut:.xxttt,
1043 5748 1131 5802 28.
1209 5751 1227 5781 ³
1260 5748 1360 5800 Isa.
1392 5763 1427 5807 ι,
1465 5747 1515 5799 7.
1598 5747 1617 5779 ³
1653 5745 1781 5801 Luc.
1813 5761 1871 5811 tt,
1908 5745 1996 5799 54.
2073 5742 2143 5799 ⁸]

2247 5767 2271 5795 ι.
2306 5743 2527 5805 “1,21,
2567 5741 2655 5795 92.
2734 5739 2753 5769 ⁸
2779 5735 2930 5792 Joan.
2963 5750 3053 5795 xx,
3080 5730 3259 5785 i517.
3340 5728 3357 5758 ⁵
3387 5724 3525 5780 Psal.
3563 5739 3707 5788 xxix,
3746 5718 3831 5774 l2.

580 5822 601 5859 ν
627 5820 729 5880 lia.
767 5834 890 5888 xxv,
919 5819 971 5875 8.
1049 5819 1069 5849 ⁸
1096 5817 1253 5872 Joun.
1289 5832 1393 5869 xtv.
1420 5816 1472 5868 6.
