4080 6284
310 380 375 440 57
787 381 816 408 ’

1122 377 1677 452 conum-rantes
1717 395 1781 449 IN
1821 396 2222 454 zacnaman
2268 399 2720 456 PROPIIETAM.
3505 401 3576 456 ss

309 498 445 590 ιρόδς
501 499 894 573 διαμέμνηται,
936 504 1110 574 λέγων
1163 511 1576 581 αἰνιγματωδῶς
1631 514 1764 582 προς
1801 515 1890 567 τὸν

1999 520 2301 585 abundans,
2343 522 2392 575 in
2445 521 2704 575 lateribus
2743 521 2934 574 domus
2977 529 3082 574 tute
3106 523 3146 574 ’.
3181 541 3198 574 ι
3238 522 3325 576 Ait
3381 530 3435 576 et
3465 523 3578 590 ipse

311 589 517 645 ἄνωθεν
549 593 642 646 καὶ
677 594 734 660 ἐξ
763 596 992 667 ούρανοῦ
1039 599 1289 671 νυμφίον,
1333 605 1601 662 τουτέστι.
1633 606 1888 675 Χριστόνο

317 699 336 732 ι
380 681 445 734 Ἡ
464 684 596 754 γυνή
627 702 718 737 σου
748 686 823 750 ὡς
846 688 1086 758 ἄμπελος
1116 690 1436 761 εὐθηνοῦσα,
1462 697 1518 748 ἐν
1554 700 1664 760 τοῖς
1688 697 1894 751 κλίτεσι

310 771 410 840 τῆς
434 772 610 835 οἰκίας
649 791 762 830 σου.
803 795 820 827 ι
847 778 990 849 Ἔφη
1016 779 1072 832 δέ
1113 797 1214 834 που
1253 782 1346 834 καὶ
1369 784 1530 847 αὐτὸς
1557 785 1584 837 ό
1615 785 1724 838 τῶν
1755 787 1896 839 ὅλων

312 861 461 925 Θεός·
501 881 519 914 ι
555 866 620 917 Αἱ
647 866 883 936 ἄμπελοι
935 870 1311 941 κυπρίζουσιν,
1364 875 1570 929 ἔδωκαν
1624 877 1820 947 ὀσμὴν,
1862 879 1895 948 ή

315 953 452 1022 συκῆ
479 953 770 1026 ἐξήνεγκεν
812 958 1066 1023 ὀλύνθους
1119 964 1306 1036 αὐτῆς.
1344 984 1362 1017 ι
1406 967 1492 1030 Ὠς
1520 968 1626 1038 γὰρ
1650 967 1750 1039 ήδη
1784 970 1894 1022 τῶν

323 1042 658 1115 Ἐκκλησιῶν
687 1048 1008 1121 ἀρξαμένων
1041 1055 1097 1105 ἐν
1132 1055 1320 1127 κόσμῳ
1344 1058 1432 1110 διὰ
1463 1060 1562 1129 τῆς
1612 1063 1692 1122 είς
1733 1063 1896 1116 αὐτὸν

311 1132 621 1199 εύωδιάζειν
645 1137 905 1205 πίστεως,
925 1141 1022 1204 τὰς
1042 1143 1318 1212 ἀμπέλους
1337 1147 1439 1220 ἔφη
1467 1151 1778 1220 κυπρίζειν,
1803 1152 1898 1204 καὶ

314 1223 420 1292 μὴν
452 1225 548 1277 καὶ
581 1225 931 1293 ἐκφαίνεσθαι
953 1232 1079 1293 τοὺς
1117 1233 1394 1298 ὀλύνθουςο
1444 1237 1685 1299 νοηθείεν
1715 1239 1780 1292 ἂν
1807 1241 1900 1293 καὶ

310 1306 476 1377 οὗτοι,
510 1314 618 1366 τῶν
641 1317 764 1386 ἄρτι
799 1322 1238 1377 πεπιστευκότων
1268 1326 1299 1394 ἡ
1334 1323 1486 1378 οὔπω
1516 1327 1614 1397 μέν
1637 1329 1900 1400 πέπειρος

311 1405 406 1455 καὶ
425 1404 652 1471 γλυκεῖα
684 1406 924 1477 πληθὺς,
983 1411 1214 1481 ἐσομένη
1275 1413 1332 1466 δὲ
1389 1417 1530 1470 κατά
1571 1418 1768 1488 βραχὺ,
1807 1420 1898 1473 καὶ

310 1498 433 1558 ταῖς
461 1499 541 1559 είς
578 1497 637 1550 τὺ
697 1500 918 1568 ἄμεινον
974 1502 1277 1558 ἐπιθόσεσιν
1327 1505 1479 1560 ἰοῦσα
1537 1509 1670 1580 πρὸς
1718 1511 1894 1564 τοῦτο.

323 1583 702 1654 Ἀδρυνθέντες
733 1589 860 1658 γὰρ,
892 1590 984 1642 καὶ
1015 1592 1094 1654 είς
1125 1593 1293 1663 ἄνδρα
1332 1595 1537 1649 τέλειον
1565 1598 1898 1670 ἀναϐεϐηκό-

310 1692 402 1738 τες
429 1673 522 1728 τοῦ
549 1677 913 1749 πληρώματος
963 1681 1057 1734 τοῦ
1110 1682 1366 1753 Χριστοῦ,
1423 1687 1642 1754 γλυκεῖς
1698 1684 1899 1762 οἷάπερ

311 1767 550 1836 ἐσόμεθα
579 1770 781 1840 καρποὶ
822 1770 900 1840 τῷ
934 1771 1075 1842 Θεῷ,
1126 1773 1380 1845 καθάπερ
1440 1779 1611 1848 μητρί
1671 1796 1780 1832 τινι
1832 1783 1898 1852 τῇ

2000 610 2371 663 universorum
2406 613 2547 666 Deus
2585 612 2817 680 quodam
2852 611 2971 664 loco
3006 628 3019 663 :
3061 629 3079 661 ι
3117 611 3296 665 Vineae
3329 612 3580 665 ﬂorentes

1998 700 2264 754 dederunt
2314 703 2533 755 odorem
2585 717 2766 767 stium,
2815 710 2869 754 et
2919 701 3052 754 licus
3087 699 3312 768 protulit
3363 713 3580 766 gressus

1999 806 2126 844 suos
2155 791 2217 844 ¹⁶.
2250 810 2267 842 ι
2304 790 2380 846 Ut
2410 792 2554 844 enim
2583 790 2715 858 jam,
2753 791 3009 846 Ecclesiis
3045 793 3096 843 in
3141 791 3341 842 mundo
3372 790 3474 842 [ille
3525 789 3577 841 in

1999 881 2172 948 ipsum
2217 881 2504 946 inchoatis,
2535 883 2721 937 vineas
2750 898 2968 936 suavem
2999 883 3209 950 spirare
3234 882 3474 943 odorem,
3509 893 3576 932 ac

1999 970 2192 1026 ﬂorere
2220 981 2379 1041 atque
2412 973 2631 1040 insuper
2677 988 2899 1042 grossos
2926 987 3116 1040 parere
3146 972 3277 1024 dicit
3309 988 3320 1022 :
3347 985 3576 1036 quorum

2000 1064 2219 1116 nomine
2251 1080 2421 1133 nuper
2454 1064 2557 1117 [ide
2606 1063 2940 1117 initiatorum
2990 1063 3222 1115 nondum
3267 1071 3474 1112 matura
3523 1069 3580 1114 et

2001 1153 2171 1207 dulcis
2217 1154 2524 1216 multitudo,
2583 1155 2764 1208 futura
2801 1164 2980 1206 autem
3015 1152 3271 1220 paulatim
3320 1161 3370 1204 et
3409 1152 3580 1204 incre-

2005 1243 2203 1295 mentis
2233 1245 2298 1295 ad
2344 1243 2563 1296 meliora
2607 1244 2711 1296 huc
2739 1243 3089 1313 progrediens
3115 1241 3338 1309 intelligi
3377 1248 3574 1308 potest.

1999 1333 2194 1401 Adepti
2241 1333 2386 1386 enim
2439 1333 2893 1401 magnitudinem,
2951 1353 2968 1385 ι
2999 1342 3052 1388 ει
3100 1334 3151 1387 in
3189 1333 3359 1386 virum
3398 1333 3578 1403 perfe-

1999 1432 2146 1475 ctum
2194 1421 2544 1490 plenitudinis
2587 1423 2791 1477 Christi
2821 1425 2864 1461 ι¹
2902 1445 2920 1475 s
2953 1425 3144 1489 evecti,
3194 1423 3378 1477 dulces
3426 1423 3577 1491 quasi

2000 1512 2208 1567 fructus
2241 1515 2444 1568 erimus
2497 1513 2624 1577 Deo,
2671 1515 2928 1569 Ecclesiae
2972 1515 3118 1568 velut
3167 1514 3321 1567 matri
3373 1513 3576 1582 agnati.

2000 1604 2341 1673 Quapropter
2379 1619 2474 1672 per
2507 1603 2667 1658 licam
2699 1614 2752 1658 et
2784 1609 2946 1658 vitem
2990 1603 3274 1658 intellectis
3302 1603 3576 1664 Ecclesiis,

2001 1697 2102 1750 sub
2140 1695 2271 1763 ipsis
2303 1695 2525 1759 erimus,
2563 1703 2618 1750 et
2667 1696 2718 1749 in
2751 1697 2883 1766 ipsis
2925 1696 3344 1758 diversabimur,
3382 1697 3577 1747 cohor-

2008 1784 2277 1853 tandoque
2329 1784 2470 1838 inter
2523 1800 2620 1840 nos
2674 1786 2916 1839 dicemus
2969 1784 3097 1838 illud
3145 1784 3518 1852 propheticum
3561 1800 3575 1836 :

323 1853 623 1926 Ἐκκλησία
681 1860 1150 1929 προσπεφυκότες.
1206 1862 1418 1915 Οὐκοῦν
1472 1865 1562 1916 διά
1609 1883 1670 1919 τε
1727 1869 1894 1939 συκῆς

2003 1893 2020 1925 ι
2056 1874 2270 1938 Venite,
2313 1875 2670 1929 ascendamus
2726 1876 2793 1929 ad
2843 1884 3080 1929 montem
3133 1874 3378 1938 Domini,
3413 1883 3466 1927 et
3510 1875 3576 1926 ad

311 1946 407 1997 καὶ
445 1947 695 2015 ἀμπέλου
753 1951 1065 2019 νοουμένων
1106 1952 1215 2006 τῶν
1261 1954 1618 2025 Ἐκκλησιῶν,
1671 1959 1763 2011 ὑπ’
1801 1961 1899 2013 αὐ-

314 2038 433 2098 ταῖς
473 2038 728 2106 ἐσόμεθα,
756 2041 851 2092 καὶ
909 2042 967 2093 ἐν
999 2043 1186 2106 αὐταῖς
1235 2045 1632 2118 καταλύσομεν,
1666 2067 1901 2120 προτρο-

320 2123 494 2192 πάδην
558 2127 809 2196 ἀλλήλοις
866 2131 1042 2184 ἐκεῖνο
1091 2132 1345 2201 λέγοντες
1402 2136 1464 2190 τὸ
1528 2141 1898 2210 προφητικόν·

325 2231 344 2264 ι
370 2214 554 2278 Δεῦτε,
582 2218 872 2288 ἀναδῶμεν
896 2222 978 2284 είς
997 2223 1054 2274 τὸ
1079 2223 1204 2292 ὄρος
1235 2226 1458 2296 Κυρίου,
1488 2230 1580 2282 καὶ
1602 2232 1680 2293 είς
1706 2231 1796 2284 τὸν
1823 2229 1901 2284 οἷ’-

319 2317 413 2353 κον
443 2302 536 2355 τοῦ
597 2305 731 2357 Θεοῦ
766 2307 978 2375 Ἰακὼϐ,
1015 2312 1107 2362 καὶ
1143 2313 1433 2380 ἀναγγελεῖ
1480 2319 1609 2386 ήμῐν
1652 2321 1749 2390 τὴν
1777 2322 1894 2377 ὁδὸν

313 2393 504 2455 αὐτοῦ,
546 2395 640 2448 καὶ
679 2399 1056 2469 πορευσόμεθα
1090 2403 1148 2455 ἐν
1173 2404 1333 2474 αὐτῇ.
1368 2425 1387 2457 ι
1424 2407 1560 2460 Είδὲ
1587 2409 1649 2479 δὴ
1681 2411 1894 2478 γένοιτο

312 2481 500 2535 τούτου
527 2488 728 2553 τυχεῖν,
768 2488 989 2541 ἐπαίνου
1045 2491 1245 2555 παντὸς
1295 2493 1601 2567 ἀξιώσομεν
1636 2501 1760 2563 τοὺς
1815 2505 1897 2567 είς

311 2571 468 2626 τοῦτο
491 2575 844 2645 κεκληκότας.
877 2579 1038 2633 πάλιν
1075 2583 1251 2636 ἐκεῖνο
1277 2584 1541 2653 λέγοντες·
1581 2606 1604 2640 ι
1640 2590 1896 2664 Εὐφράν-

313 2663 412 2734 θην
441 2665 533 2718 ἐπὶ
562 2669 671 2729 τοῖς
695 2669 941 2738 εἰρηκόσι
974 2690 1098 2742 μοι·
1137 2675 1231 2736 Ei;
1286 2671 1433 2729 οἷκον
1463 2680 1666 2750 Κυρίου
1697 2663 1896 2754 πορευ-

312 2755 537 2846 σόμεθα.
575 2775 594 2808 ι
631 2757 888 2828 Τέρψεως
918 2763 1024 2835 γὰρ
1049 2766 1180 2834 ήμῖν
1205 2766 1300 2836 τῆς
1329 2768 1592 2823 ἀνωτάτω
1622 2773 1683 2825 τὸ
1705 2776 1896 2846 χρῆμα

308 2845 522 2916 καρπὸς
543 2849 791 2904 νοοῖτ’ἂν
838 2853 1086 2917 εἰκότως.
1127 2857 1416 2928 Τοιγάρτοι
1461 2861 1627 2914 πάλιν
1662 2845 1895 2936 ἐροῦμεν

1996 1966 2210 2020 domum
2279 1967 2370 2021 Dei
2419 1965 2622 2030 Jacob,
2699 1973 2754 2021 et
2813 1967 3154 2021 annuntiabit
3209 1967 3364 2020 nobis
3433 1966 3576 2017 viam

1998 2072 2172 2121 suam,
2201 2067 2255 2111 et
2290 2058 2684 2113 atnhulabimus
2731 2059 2783 2112 in
2823 2072 2886 2111 ea
2912 2059 2977 2110 ι’.
3015 2075 3032 2109 ι
3067 2058 3217 2124 Quod
3252 2060 3296 2112 si
3343 2057 3576 2111 assecuti

2001 2145 2286 2213 fuerimus,
2312 2150 2645 2204 omnimodis
2676 2150 3092 2219 praedicabimus
3123 2151 3214 2219 qui
3246 2163 3343 2203 nos
3383 2150 3448 2201 ad
3476 2148 3578 2200 hoc

2007 2249 2289 2302 vocarunt,
2336 2241 2682 2312 dicemusqne
2716 2258 2728 2293 :
2760 2261 2778 2293 ι
2812 2241 3046 2297 laetatus
3092 2258 3209 2297 sum
3253 2243 3303 2294 in
3352 2241 3434 2293 his
3484 2238 3575 2306 qui

1999 2329 2252 2385 dixerunt
2311 2331 2441 2386 mihi
2475 2351 2487 2386 :
2527 2336 2587 2389 In
2657 2335 2874 2387 domum
2936 2335 3148 2388 Domini
3221 2333 3416 2386 ibimus
3447 2331 3510 2384 “.
3550 2347 3570 2381 s

2000 2417 2223 2472 Summa
2273 2420 2415 2474 enim
2467 2421 2650 2476 laetitia
2703 2422 2912 2476 fructus
2963 2433 3151 2478 noster
3193 2422 3419 2489 intelligi
3456 2421 3578 2488 jure

1997 2517 2177 2578 queat.
2219 2509 2455 2567 Proinde
2480 2528 2667 2566 rursus
2703 2513 2832 2567 illud
2871 2513 3278 2582 Psalmograplti
3306 2513 3577 2565 exclama-

1998 2601 2177 2656 bimus
2211 2619 2223 2656 :
2261 2619 2277 2652 ι
2313 2601 2486 2657 Unam
2520 2604 2684 2672 petivi
2729 2617 2758 2656 a
2792 2605 3038 2668 Domino,
3091 2605 3229 2656 hanc
3277 2602 3573 2670 requiram,

2000 2699 2057 2742 ut
2091 2691 2384 2746 inhabilem
2421 2695 2481 2749 in
2521 2693 2682 2747 domo
2715 2694 2925 2748 Domini
2959 2695 3210 2748 omnibus
3241 2691 3429 2745 diebus
3455 2691 3577 2743 vita:

1997 2795 2130 2835 meze
2164 2797 2180 2836 :
2209 2792 2268 2836 ut
2313 2784 2526 2837 videam
2581 2784 2912 2850 voluptatem
2973 2783 3206 2847 Domini,
3260 2791 3316 2835 et
3365 2781 3573 2834 visitem

2000 2873 2259 2942 templum
2296 2884 2540 2930 sanetum
2565 2876 2681 2946 ejus
2708 2875 2769 2930 “.
2805 2897 2822 2927 ι

308 2935 450 3038 κατά
479 2935 574 3038 τόν
597 2939 918 3038 ιΙ¹ἶοιλμῳὸόψ
986 2946 1130 3000 Μίαν
1157 2949 1447 3022 ᾐτησάμην
1477 2955 1630 3025 παρά
1654 2935 1881 3028 Κυρίου,
1921 2935 2130 3033 ταύτην
2201 2966 2437 3038 ζητήσω,
2499 2935 2610 3022 τοῦ.
2651 2971 2927 3022 κατοικεῖν
2992 2986 3057 3038 με
3099 2969 3155 3020 ἐν
3205 2966 3338 3036 οτῗκῳ
3369 2961 3575 3031 1W?"m

307 3027 489 3133 “£5535
509 3031 606 3094 τὰς
635 3032 847 3105 ἡμέρας
903 3037 998 3107 τῆς
1041 3038 1186 3110 ζωῆς
1246 3057 1370 3110 μου,
1431 3045 1523 3099 τοῦ
1575 3027 1800 3120 θεωρεῖν
1828 3070 1894 3124 με
1934 3055 2032 3127 τὴν
2054 3027 2393 3132 τερπνότητα
2425 3027 2787 3133 ’Κυρίου,καὶ
2853 3027 3277 3114 ἐπισκέπτεσθαι
3305 3027 3393 3108 τὸν
3425 3027 3576 3120 ἅγιον

306 3123 495 3177 αὑτοῦ.
537 3142 557 3177 s

573 3267 958 3354 ΤΟΜΟΣ
1035 3271 1629 3364 ΔΕΥΤΕΡΟΣ.

919 3425 1172 3484 ΚΕΦΑΛ.
1218 3431 1292 3486 Δ’.

371 3561 478 3616 Καὶ
503 3559 889 3629 ἐπέστρεψεν
923 3565 959 3616 ὁ
995 3563 1250 3632 ἅγγελος
1304 3569 1338 3621 ό
1385 3569 1595 3623 λαλῶν
1632 3570 1701 3624 ἐν
1722 3569 1851 3640 ἐμοὶ
1876 3611 1891 3634 ,

303 3651 402 3704 καὶ
439 3650 718 3720 ἐξήγειρε
735 3669 833 3721 με,
878 3651 951 3706 ὃν
986 3656 1230 3722 τρόπον,
1280 3657 1426 3711 ὅταν
1457 3660 1744 3731 ἐξεγερθῆ
1792 3663 1894 3716 ἄν·

302 3745 542 3811 θρωπος
572 3743 642 3808 ἐξ
675 3745 872 3798 ὕπνου
920 3747 1130 3811 αὐτοῦ,
1169 3749 1268 3802 καὶ
1311 3751 1442 3804 εἷπε
1495 3754 1645 3820 πρός
1698 3771 1794 3823 με·
1835 3756 1895 3810 Τί

300 3832 380 3885 σὺ
409 3830 712 3899 ,ϐλέπεις;
733 3833 840 3887 Καὶ
871 3831 1010 3890 sirm
1028 3853 1042 3868 ο
1083 3837 1364 3907 Ἑώρακα,
1388 3841 1485 3895 καὶ
1511 3842 1640 3896 ίδοὺ
1671 3847 1896 3914 λυχνιά

300 3923 498 3990 χρυσῆ
535 3922 678 3990 ὅλη,
709 3924 808 3978 καί
835 3924 903 3976 τὸ
923 3925 1266 3994 λαμπάδιον
1293 3929 1494 3984 ἐπάνω
1550 3933 1760 4002 αὐτῆς,
1795 3936 1893 3988 καί

299 4006 450 4061 ἑπτὰ
474 4009 701 4078 λύχνοι
730 4009 930 4063 ἐπάνω
966 4013 1187 4087 αὐτῆς,
1212 4016 1312 4069 καί
1347 4017 1497 4072 ἑπτὰ
1539 4020 1895 4089 ἐπαρυστρί-

303 4098 404 4162 δες
448 4100 579 4166 τοῖς
633 4102 886 4169 λύχνοις
932 4103 1058 4168 τοῖς
1100 4104 1302 4160 ἐπάνω
1358 4111 1588 4179 αὐτῆς,
1631 4115 1730 4168 καὶ
1782 4115 1893 4170 δύο

304 4187 502 4243 ἐλαῖαι
524 4190 726 4244 ἐπάνω
740 4193 952 4262 αὐτῆς,
972 4196 1075 4264 μία
1099 4197 1167 4251 ἐκ
1183 4197 1398 4262 δεξιῶν
1424 4202 1532 4256 τοῦ
1553 4205 1896 4273 λαμπαδίου

307 4281 520 4350 αὐτῆς,
550 4283 648 4335 καὶ
669 4285 779 4350 μία
797 4284 866 4348 ἐξ
904 4288 1243 4356 εὐωνύμων.

379 4394 508 4445 Kl".
533 4393 629 4456 Τὸ,
666 4395 1053 4468 Ἐπέστρεψεν,
1085 4403 1142 4454 ἐν
1169 4402 1380 4468 τούτοις
1399 4406 1496 4476 οὐχ
1527 4407 1602 4470 ὡς
1624 4410 1687 4461 ἐκ
1718 4411 1887 4463 τόπου

316 4482 592 4549 νοὴσομεν
626 4481 838 4552 (εὔηθες
865 4487 971 4558 γὰρ
997 4491 1239 4561 κομιδῇ),
1262 4495 1559 4566 νομιοῦμεν
1585 4497 1883 4566 δὲμᾶλλον,

2208 3295 2616 3388 TOMUS
2704 3295 3354 3385 SECUNDUS.

2548 3445 2712 3516 332
2741 3443 2892 3499 CAP.
2936 3442 3024 3500 tv.

2068 3577 2230 3634 Vens.
2269 3579 2387 3633 1-5.
2437 3578 2504 3632 Et
2553 3595 2787 3634 reversus
2827 3589 2904 3633 est
2941 3580 3155 3648 angelus
3199 3579 3290 3648 qui
3327 3579 3574 3648 loqueba-

1997 3684 2086 3727 tur
2134 3675 2189 3726 in
2231 3690 2348 3739 me,
2397 3682 2444 3726 et
2491 3673 2766 3726 suscitat-it
2813 3689 2894 3724 me
2939 3674 3074 3725 sicut
3115 3688 3233 3724 cum
3289 3673 3575 3724 suscitatur

1997 3765 2150 3816 homo
2171 3763 2234 3814 de
2264 3779 2447 3816 somno
2486 3779 2603 3825 suo,
2631 3772 2677 3816 et
2707 3762 2838 3814 dixit
2873 3763 2941 3814 at!
2969 3777 3048 3814 me
3077 3777 3096 3814 :
3130 3761 3270 3826 Quid
3311 3772 3366 3814 tu
3395 3764 3574 3815 vides?

1999 3853 2062 3906 Et
2089 3854 2246 3907 dixi:
2279 3852 2421 3919 Vidi,
2454 3862 2503 3908 et
2552 3870 2666 3908 ecce
2697 3854 3072 3907 cantleiabrum
3121 3869 3341 3908 aureum
3382 3867 3572 3921 totum,

1995 3955 2044 4000 et
2093 3946 2295 4013 lampas
2349 3961 2505 4013 super
2561 3948 2750 4014 ipsum,
2803 3955 2849 3998 et
2899 3956 3089 4015 septem
3136 3946 3364 4000 lucerna:
3415 3963 3574 4014 super

1995 4031 2152 4094 illud,
2199 4040 2246 4084 et
2288 4040 2478 4099 septem
2513 4032 2775 4101 infusort’a
2822 4033 3048 4086 lucernis
3093 4050 3245 4102 super
3283 4036 3451 4103 ipsum
3473 4051 3494 4099 ;
3523 4047 3571 4087 et

1995 4122 2114 4176 dum
2140 4123 2290 4176 olivae
2315 4140 2472 4191 super
2501 4126 2652 4191 illud,
2686 4142 2794 4179 una
2838 4142 2870 4178 a
2899 4126 3102 4179 dextris
3138 4127 3395 4194 lampadis
3433 4127 3568 4194 ejus,

1997 4224 2042 4268 at
2075 4231 2182 4268 una
2213 4232 2245 4269 tt
2279 4217 2530 4272 sinistris.

2069 4412 2258 4467 XXIII.
2304 4412 2599 4467 Reversum
2628 4426 2750 4468 esse
2780 4413 2868 4466 hic
2899 4428 3002 4466 non
3033 4421 3092 4465 ut
3125 4427 3191 4466 ex
3225 4411 3341 4466 loco
3372 4413 3574 4483 accipi-

2000 4517 2140 4567 mus,
2179 4503 2230 4556 id
2269 4505 2412 4557 enim
2463 4516 2724 4571 perquam
2773 4503 3013 4570 ineptum
3046 4515 3186 4558 esset
3221 4522 3233 4558 :
3265 4514 3573 4559 statuemus

311 4569 412 4639 τὴν
446 4571 524 4633 ὠς
549 4570 610 4634 ἐξ
634 4571 875 4642 ὁράσεως
906 4577 1006 4646 τῆς
1034 4579 1093 4642 ἐξ
1129 4581 1332 4650 ἀμφοῖν
1366 4577 1451 4652 ἐφ⁴
1502 4587 1694 4658 ἑτέραν
1737 4589 1896 4654 εὐθὺς

2001 4603 2178 4648 autem
2203 4595 2378 4663 potius
2417 4609 2482 4647 ex
2515 4595 2775 4648 ambabus
2804 4595 3103 4649 visionibus
3147 4596 3212 4649 ad
3260 4597 3419 4649 aliam
3458 4607 3572 4649 sta-

313 4663 410 4716 καὶ
441 4663 661 4730 γείτονα
709 4669 1119 4738 μεταφοίτησιν,
1166 4673 1325 4742 δῆλον
1385 4675 1439 4727 δὲ
1485 4677 1565 4730 ὄτι
1605 4697 1902 4751 πνευματι-

311 4753 432 4824 κήν.
473 4753 697 4825 Ἐπειδὴ
749 4756 806 4810 δέ
867 4760 1082 4829 νήψεως
1153 4765 1394 4834 ἀκράτου
1451 4769 1610 4838 χρεία
1666 4772 1757 4824 καὶ¹
1802 4774 1902 4843 τῆς

312 4845 455 4911 ὑπὲρ
488 4843 616 4897 νοῦν
643 4845 732 4896 τὸν
764 4847 1124 4920 ἀνθρώπινον,
1152 4853 1209 4907 εν
1239 4871 1302 4922 γε
1329 4857 1392 4927 δὴ
1427 4860 1658 4929 μάλιστα
1692 4865 1901 4929 τούτοις

310 4933 518 5005 λεπτὴν
579 4937 809 4991 ἐνετίθει
865 4942 1260 5014 ἐπιγρήγορσιν
1313 4947 1390 5016 τῷ
1450 4953 1702 5023 προφήτῃ
1747 4954 1900 5020 Θεὸς,

315 5025 714 5095 μαθητεύοντος
775 5031 1012 5100 ἀγγέλου
1045 5036 1139 5088 τοῦ
1187 5037 1472 5102 λαλοῦντος
1522 5045 1580 5094 ἐν
1621 5044 1787 5114 αὐτῷ,
1822 5045 1900 5107 ὡς

311 5117 486 5173 δοκεῖν
517 5120 579 5184 ἐξ
613 5121 784 5174 ὕπνου
809 5122 1175 5196 διεγερθῆναι.
1227 5131 1460 5203 Τοιαύτη
1495 5134 1604 5203 γάρ
1631 5139 1746 5199 πῶς
1779 5138 1896 5190 ἐστι

313 5209 410 5278 τῆς
439 5213 497 5263 ἐν
550 5213 684 5281 ἡμῖν
720 5213 956 5280 διανοίας
1006 5220 1038 5288 ἡ
1081 5221 1451 5290 κατάστασις,
1507 5227 1602 5278 καὶ
1665 5227 1800 5280 πολὺ
1831 5228 1895 5298 δὴ

211 5365 242 5379 ΔΙ
320 5299 481 5366 μείων
541 5301 695 5372 ποιρά
736 5303 842 5373 τὴν
888 5300 1052 5359 οὖσαν
1106 5309 1165 5360 ὲν
1215 5313 1327 5373 τοῖς
1383 5313 1561 5380 ἁγίοις
1617 5316 1891 5382 ἀγγέλοις,

319 5386 452 5441 ὥστε
478 5392 611 5462 φαίη
668 5410 755 5454 τις
804 5394 871 5447 ἂν
933 5398 1259 5471 ἐγρήγορσιν
1308 5403 1408 5472 μὲν
1437 5405 1506 5457 τὰ
1558 5405 1802 5467 ἐκείνων,
1837 5408 1895 5457 ἐν

319 5473 466 5549 ὕπνῳ
487 5481 544 5533 δὲ
574 5482 766 5555 ὥσπερ
792 5485 858 5539 τὰ
886 5488 1009 5540 καθ’
1036 5492 1204 5560 ἡμᾶς.
1237 5493 1452 5564 Ἐπειδὴ
1474 5495 1529 5547 δὲ
1559 5498 1586 5548 ό
1612 5496 1894 5557 θεσπέσιος

318 5567 539 5636 ἄγγελος
568 5573 795 5645 γνώμην
841 5595 901 5630 τε
948 5581 1040 5633 καὶ
1086 5581 1208 5634 νοῦν
1246 5585 1378 5653 πρὸς
1412 5585 1586 5655 τούτῳ
1630 5585 1693 5654 δὴ
1753 5601 1894 5656 παρ-

396 5738 414 5768 ’
441 5743 582 5801 Psal.
613 5763 817 5815 cum,
850 5754 898 5806 ζ’).
984 5758 1022 5787 ¹⁰
1051 5757 1203 5814 (lant.
1240 5774 1294 5822 ιι,
1328 5760 1405 5811 13.

1490 5760 1524 5788 ¹²
1565 5760 1756 5826 Epirus.
1795 5772 1864 5818 ιν,
1905 5759 1982 5813 15.

2002 4685 2096 4737 tim
2155 4695 2209 4740 et
2242 4685 2474 4739 vicinam
2507 4687 2839 4755 spiritualem
2889 4689 3073 4755 utique
3137 4689 3374 4743 transiri.
3427 4689 3575 4754 Quo-

2002 4778 2146 4831 niam
2180 4793 2308 4830 vcro
2343 4778 2395 4831 in
2445 4779 2530 4832 bis
2563 4780 2798 4833 maxime
2837 4781 3096 4849 singulari
3131 4782 3406 4850 vigilantia
3439 4795 3575 4847 opus

2001 4877 2106 4932 est,
2159 4876 2213 4921 et
2253 4868 2456 4936 majore
2519 4884 2683 4936 quam
2729 4884 2824 4937 pro
2859 4867 3016 4936 captit
3075 4871 3332 4934 humano,
3385 4884 3571 4922 acrem

2006 4959 2239 5028 vigiliam
2287 4959 2530 5012 immittit
2567 4964 2837 5027 prophetae
2886 4959 3047 5023 Deus,
3107 4962 3332 5014 docente
3381 4961 3572 5028 angelo

2000 5051 2087 5116 qui
2117 5051 2169 5102 in
2205 5050 2320 5118 ipso
2356 5049 2689 5117 loquebatur,
2731 5060 2786 5104 ut
2814 5066 2870 5104 se
2910 5067 2940 5104 e
2971 5066 3162 5103 somno
3190 5059 3403 5116 putaret
3436 5053 3573 5102 exei-

1999 5147 2193 5190 tatum.
2236 5138 2382 5192 Talis
2421 5150 2502 5193 est
2536 5140 2678 5193 enim
2721 5142 2882 5194 animi
2930 5140 3104 5194 nostri
3139 5140 3396 5201 conditio,
3435 5141 3573 5192 ιιιιιΙ-

2000 5235 2163 5294 toque
2204 5228 2431 5283 inferior
2478 5247 2637 5299 quam
2676 5232 2728 5284 in
2770 5232 2973 5284 sanetis
3009 5231 3232 5298 angelis,
3264 5237 3321 5281 ut
3354 5245 3572 5284 asseve-

2002 5333 2122 5371 rare
2158 5321 2330 5386 pos-sit
2383 5323 2651 5389 quiSpiam
2691 5323 2812 5375 illos
2844 5334 2963 5373 esse
2996 5320 3046 5371 in
3080 5331 3336 5388 perpetua
3369 5324 3568 5391 vigilia,

2000 5423 2096 5461 nos
2150 5409 2300 5476 quasi
2358 5411 2408 5461 in
2466 5420 2723 5478 perpetuo
2783 5425 2992 5463 somno.
3046 5412 3336 5479 Postquam
3393 5422 3570 5465 autem

1998 5497 2210 5551 divinus
2241 5499 2462 5566 angelus
2499 5501 2847 5563 voluntatem,
2884 5511 2937 5553 et
2991 5513 3223 5555 mentem
3261 5517 3475 5569 quoque
3509 5517 3573 5553 eo

2000 5585 2309 5640 inclinatam
2364 5589 2531 5652 vidit,
2587 5600 2644 5642 nt
2698 5591 2839 5659 quod
2898 5592 3060 5643 ﬁebat
3118 5591 3386 5645 subtiliter
3441 5588 3571 5643 satis

3088 5762 3131 5793 ιι
3161 5761 3304 5815 psal.
3337 5769 3476 5819 xxvi,
3509 5756 3564 5806 .1,

2066 5761 2105 5789 ”
2136 5758 2236 5812 lsa.
2278 5777 2331 5826 tt,
2375 5764 2408 5810 Ἰ
2509 5764 2551 5795 ’³
2586 5765 2727 5816 Psal.
2771 5779 2918 5828 cui,
2959 5763 3006 5814 l.
