4080 6284
531 383 600 440 59
1521 374 1582 428 S.
1621 372 1898 428 CYlllLLl
1939 371 2108 426 ΑΙ,Εὲ

2210 371 2410 428 ιοιιιΝι
2448 373 2764 428 Αιιειιιιιρ.
3716 382 3788 437 σο

534 496 836 567 perspicere
863 501 1061 562 posset.
1098 502 1447 562 percontatur
1492 492 1749 560 quidnam
1813 499 1953 559 putet
1982 505 2102 543 esse

2210 493 2562 562 ενηνεγμένον
2614 491 2887 554 τεθέαται,
2916 489 3056 543 ὥστε
3103 491 3194 542 καὶ
3236 491 3604 562 ἀποχρώντως
3642 495 3786 565 ἔχειν

532 605 650 658 quae
682 586 1144 644 monstrabantur.
1179 585 1312 639 Tum
1356 585 1620 652 propheta
1657 597 1864 634 rursum
1908 581 2102 633 certis-

533 683 723 733 simam
758 677 986 732 visionis
1017 675 1588 730 commemorationem
1648 672 1876 734 inducit,
1916 672 2102 724 dicens

531 787 590 824 se
628 771 824 823 vidisse
857 768 1263 832 candelabrum,
1313 774 1483 819 totum
1522 778 1744 816 aureum
1779 777 1874 831 per
1907 769 2099 826 totum,

532 877 596 914 ac
637 875 801 928 super
849 861 1024 928 ipsum
1075 857 1406 925 iatttpatietn;
1445 856 1575 924 quin
1621 863 1674 906 et
1724 854 1972 906 lucernas
2018 868 2104 906 se-

535 961 700 1018 ptem,
762 959 817 1004 et
857 952 1044 1003 eodem
1090 962 1315 1002 numero
1377 945 1662 1010 inlusoria,
1723 944 1892 998 oliVas
1946 945 2100 1011 duas,

534 1058 694 1094 uuam
721 1056 750 1093 a
777 1041 980 1094 dextris
1010 1040 1292 1106 lampadis,
1321 1037 1546 1090 alteram
1571 1052 1598 1088 a
1626 1036 1878 1090 sinistris.
1909 1035 1972 1087 Et
1999 1035 2103 1088 ista

551 1132 767 1201 quidem
807 1141 1025 1185 ostensa
1058 1130 1310 1198 liquidius
1341 1128 1564 1182 forsitan
1601 1126 1961 1196 explanabunt
1985 1140 2105 1195 qua:

534 1223 676 1275 dicta
701 1230 849 1275 sunt.
885 1221 1116 1282 Necesse
1142 1231 1224 1274 est
1255 1227 1428 1272 tamen
1463 1217 1686 1271 visionis
1728 1215 1887 1284 hujus
1915 1217 2102 1267 intima

533 1313 800 1369 Curiosius
849 1313 1183 1382 indagantes,
1236 1308 1552 1378 significatis
1600 1317 1804 1361 attente
1855 1307 2106 1361 conside-

537 1399 721 1452 randis
744 1400 1152 1467 diligentissime
1178 1397 1510 1460 incumbere,
1534 1406 1588 1451 et
1610 1411 1671 1450 ea
1695 1411 1815 1449 cum
1837 1395 1946 1463 jam
1978 1411 2107 1464 prae-

533 1490 692 1544 dictis
718 1491 855 1544 scite
894 1489 1161 1558 copulare.
1193 1488 1283 1542 Ait
1307 1489 1471 1558 igitur
1510 1488 1890 1541 universorum
1936 1487 2101 1550 Deus,

533 1595 594 1636 se
650 1580 856 1635 foveam
917 1583 1209 1643 fossurum,
1275 1591 1328 1634 et
1370 1587 1832 1633 contrectaturum
1885 1591 2102 1630 omnem

535 1671 871 1740 iniquitatem
908 1681 1064 1726 terrae
1095 1671 1240 1725 illius
1277 1670 1329 1724 in
1362 1670 1448 1724 die
1482 1685 1608 1726 uua.
1646 1669 1906 1723 llortatur
1938 1671 2102 1724 etiam

532 1763 688 1829 alios,
738 1771 798 1818 ut
841 1765 981 1818 inter
1029 1779 1087 1818 se
1137 1765 1237 1818 sub
1268 1763 1431 1817 vitem
1479 1773 1534 1816 et
1571 1761 1728 1816 ficum
1778 1770 2096 1815 convocent.

533 1853 638 1908 Nos
665 1869 885 1922 seupum
912 1855 1208 1923 prophetia:
1240 1854 1570 1916 aperientes,
1591 1853 1899 1906 dicebamus
1923 1854 2100 1907 incre-
2135 1832 2177 1886 Β

535 1944 674 1997 dulis
725 1954 777 1998 et
804 1944 1106 2012 agrestibus
1129 1942 1593 2011 contemptoribus
1618 1943 1809 1997 salutis
1835 1959 1927 2012 per
1950 1945 2105 1998 Chri-

538 2043 678 2087 stum
729 2043 895 2100 partae
925 2033 1212 2103 quamdam
1263 2033 1472 2088 foveam
1518 2035 1791 2088 exitialem
1839 2050 1958 2090 esse
1998 2035 2105 2090 los-

534 2140 669 2187 sam,
700 2124 863 2194 683
890 2125 1267 2178 contumeliam
1320 2125 1526 2180 scilicet
1573 2127 1775 2190 crucis,
1821 2137 1875 2179 et
1930 2127 2105 2181 scelus

533 2225 768 2267 cruentae
793 2216 958 2268 credis
986 2213 1208 2268 Christi.
1259 2213 1546 2269 Perierunt
1582 2217 1724 2269 enim
1761 2217 1968 2278 miseri,
2013 2216 2101 2284 qui

545 2306 828 2360 Dominum
872 2307 1034 2374 impie
1065 2317 1416 2361 necaverunt.
1460 2306 1529 2361 lis
1569 2317 1746 2361 autem
1781 2308 1868 2375 qui
1903 2308 2107 2362 dilexe-

534 2405 659 2451 runt
695 2397 982 2451 adventum
1030 2396 1147 2466 ejus
1192 2399 1628 2460 delectationem,
1677 2407 1730 2452 et
1759 2399 2006 2462 delicias,
2047 2407 2102 2452 et

536 2487 665 2556 quid
693 2502 796 2542 non
823 2489 1036 2543 tandem
1066 2487 1222 2558 hujus
1253 2490 1469 2558 generis
1501 2490 1832 2567 conligisse?
1864 2489 2107 2546 Fuerunt

532 2579 674 2631 enim
706 2577 759 2631 in
799 2579 1054 2633 Ecclesiis
1091 2579 1236 2633 velut
1263 2582 1364 2634 sub
1393 2581 1599 2636 [ictibus
1651 2590 1701 2635 et
1737 2581 1961 2637 vitibus.
1999 2581 2106 2637 Sed

535 2684 661 2724 ecce
680 2669 787 2722 alio
816 2671 940 2722 item
980 2671 1138 2724 modo
1169 2671 1429 2740 prepbeta
1459 2673 1768 2743 mysterium
1811 2673 1964 2728 vidit.
1997 2675 2107 2728 Att-

538 2776 686 2814 retun
726 2762 922 2830 quippe
947 2762 1332 2817 candelabrum
1376 2778 1562 2819 rursus
1605 2764 1899 2819 Ecclesiam
1935 2765 2106 2820 inter-

538 2860 840 2920 pretamur,
895 2861 1084 2920 utpote
1147 2853 1516 2908 bonorabilem
1579 2857 1796 2923 mundo,
1853 2865 2105 2927 tanquam

537 2942 826 2997 virtutibus
891 2943 1310 2998 illustrissimum
1375 2960 1438 3000 ac
1480 2946 1996 3015 Splendidissimam,
2045 2955 2106 3003 ut

537 3027 767 3081 sublime
789 3029 1076 3084 admodum
1112 3031 1371 3086 elevatam
1396 3040 1535 3089 verte
1562 3037 1886 3106 cognitionis
1909 3036 2106 3090 divinae

2207 581 2444 636 συνιέναι
2472 583 2682 646 λεπτῶς
2714 582 2812 652 τὴν
2848 583 3058 652 ὅρασιν,
3091 581 3474 636 διεπυνθάνετο
3507 585 3700 653 λέγων,
3734 586 3788 640 τί

2207 671 2273 724 ἂν
2299 672 2460 724 οἴοιτο
2512 673 2778 742 ὑπάρχειν
2825 672 2894 725 τά
2941 671 3277 741 δεδειγμένα.
3343 673 3786 745 Ἀπλανεστάτην

2205 779 2268 830 γε
2331 763 2436 833 μὴν
2490 765 2518 816 ὁ
2560 765 2845 836 προφήτης
2901 763 2998 832 τῆς
3062 763 3304 833 ὁράσεως
3351 765 3451 836 τὴν
3507 766 3786 835 ἀφήγησιν

2205 856 2438 907 ἐποιεῖτο
2469 854 2652 918 πάλιν,
2715 853 2935 923 λυχνίαν
2979 853 3280 923 ἑωρακέναι
3330 854 3502 920 λέγων
3549 857 3675 926 ὃλην
3717 859 3784 911 δι’

2203 947 2326 1000 ὅλου
2360 947 2586 1016 χρυσῆν·
2624 944 2808 998 ἐπάνω
2839 944 2894 997 δὲ
2921 945 3093 1013 αὐτῆς
3119 945 3179 998 τὸ
3210 945 3535 1015 λαμπάδιον,
3556 949 3649 1002 καὶ
3679 953 3787 1020 μὴν

2205 1039 2300 1091 καὶ
2335 1038 2559 1109 λύχνους
2583 1037 2744 1101 ἑπτὰ,
2777 1038 2870 1089 καὶ
2933 1036 3251 1107 ἰσαρίθμους
3287 1039 3470 1102 αὑτοῖς
3532 1041 3631 1104 τὰς
3686 1043 3783 1094 ἐπ-

2206 1131 2564 1201 αρυστρίδας,
2595 1130 2780 1192 ἐλαίας
2798 1129 2910 1194 δύο,
2949 1128 3075 1199 μίαν
3101 1129 3195 1199 μὲν
3218 1131 3281 1182 ὲκ
3306 1129 3494 1196 δεξιῶν
3522 1131 3615 1184 τοῦ
3647 1133 3788 1202 λαμ-

2207 1221 2418 1283 παδίου,
2464 1220 2695 1290 θατέραν
2727 1236 2784 1287 γε
2825 1220 2931 1290 μὴν
2960 1221 3217 1290 κειμένην
3243 1220 3304 1284 ἐξ
3331 1222 3647 1293 εὐωνύμων.
3677 1225 3786 1276 Καὶ

2204 1313 2370 1383 ἡμὲν
2417 1313 2795 1382 ὲμιρανεστέρα
2827 1311 2931 1364 τῶν
2981 1309 3338 1382 δεδειγμένων
3388 1314 3642 1380 ἀπόδοσις
3696 1316 3784 1387 εἴη

2205 1403 2270 1456 ἂν
2296 1404 2393 1473 οὑχ
2420 1403 2583 1472 ἑτέρα
2612 1403 2764 1473 παρά
2793 1403 2984 1460 ταῦτα.
3015 1405 3136 1476 Χρὴ
3166 1404 3221 1456 δὲ
3249 1405 3374 1468 τοὺς
3403 1405 3500 1475 τῆς
3531 1407 3788 1459 ἐσωτάτω

2205 1494 2296 1547 τὸν
2318 1493 2442 1549 νοῦν
2470 1495 2710 1558 ἐνιέντας
2742 1497 3180 1566 περιεργότερον,
3204 1494 3518 1565 περιαθρεῖν
3548 1491 3606 1549 εὖ
3636 1496 3781 1565 μάλα

2207 1586 2500 1657 πειρᾶσθαι
2532 1586 2602 1640 τά
2630 1585 2954 1658 δηλούμενα,
3011 1589 3105 1641 καὶ
3157 1588 3363 1640 συνδεῖν
3411 1587 3640 1651 ἀστείως
3675 1591 3786 1652 τοῖς

2206 1677 2306 1746 ἤδη
2337 1677 2756 1748 προειρημένοις
2778 1679 2872 1731 καὶ
2891 1679 3036 1732 τάδε.
3073 1681 3216 1749 Ἔφη
3243 1679 3420 1731 τοίνυν
3466 1679 3494 1731 ὁ
3523 1680 3627 1733 τῶν
3649 1681 3784 1734 ὅλων

2205 1768 2359 1834 Θεὸς,
2384 1770 2465 1821 ὅτι
2510 1770 2600 1822 καὶ
2629 1769 2821 1840 βόθρον
2864 1771 3068 1842 opaea,
3121 1772 3213 1824 καὶ
3259 1772 3570 1844 ψηλαφήσει
3605 1774 3786 1825 πᾶσαν

2205 1862 2304 1931 τὴν
2330 1860 2543 1914 ἀδικίαν
2575 1862 2674 1929 τῆς
2715 1861 2816 1931 γῆς
2843 1862 3060 1932 ὲκείνης
3088 1863 3146 1914 ὲν
3181 1864 3366 1935 ἡμέρᾳ
3391 1866 3508 1934 μιᾷ.
3551 1865 3786 1933 Προτρέ-

2207 1969 2298 2004 πει
2353 1952 2410 2004 δὲ
2461 1952 2556 2005 καὶ
2595 1953 2806 2021 ἑτέροις
2859 1953 3151 2021 συγκαλεῖν
3211 1954 3470 2025 ἀλλήλους
3529 1955 3786 2008 ὑποκάτω

2207 2045 2453 2114 ἀμπέλου
2505 2045 2597 2097 καὶ
2633 2043 2887 2097 ὑποκάτω
2921 2044 3112 2115 συκῆς.
3156 2045 3345 2114 Ἡμεῖς
3369 2045 3426 2098 δὲ
3457 2044 3601 2114 σαφῆ
3653 2044 3786 2096 καθ-

2209 2133 2452 2196 ιστάντες
2485 2133 2582 2203 τῆς
2618 2134 2955 2205 προφητείας
3006 2135 3096 2187 τὸν
3123 2134 3345 2198 σκοπὸν,
3399 2133 3657 2204 ἐλέγομεν
3705 2135 3787 2186 ὅτι

2205 2229 2317 2290 τοῖς
2334 2228 2430 2296 μὲν
2450 2225 2696 2280 ἀπειθεῖν
2717 2225 3038 2296 ᾑρημένοις,
3055 2226 3151 2278 καὶ
3178 2225 3536 2294 ἀτιμάζουσιν
3561 2227 3786 2296 ἀμαθῶς

2205 2318 2304 2387 τὴν
2335 2316 2425 2370 διὰ
2457 2315 2693 2388 Χριστοῦ
2727 2316 3020 2386 σωτηρίαν,
3044 2316 3234 2388 βόθρος
3263 2315 3352 2370 οἷά
3377 2335 3459 2381 τις
3480 2318 3786 2390 ὀρώρυκται

2207 2409 2590 2479 κατακομίζων
2619 2411 2698 2472 είς
2719 2407 2958 2479 ὄλεθρον,
2989 2411 3022 2480 ή
3049 2411 3140 2462 ἐπὶ
3167 2410 3244 2478 τῷ
3273 2410 3487 2481 σταυρῷ
3512 2412 3782 2481 παροινία,

2206 2502 2422 2572 καὶτῆς
2466 2501 2608 2555 κατά
2653 2501 2892 2572 Χριστοῦ
2955 2500 3267 2570 μιαιφονίας
3316 2501 3385 2554 τά
3442 2502 3785 2572 ἐγκλήματα.

2219 2591 2554 2646 ’Δπολώλασι
2631 2592 2741 2664 γὰρ
2823 2592 2873 2645 οἱ
2949 2590 3172 2644 δείλαιοι
3250 2593 3785 2664 Κυριοκτονήσαντες

2207 2682 2456 2747 ἀνοσίως.
2480 2683 2606 2746 Τοῖς
2624 2699 2689 2751 γε
2725 2681 2829 2752 μὴν
2858 2681 3171 2750 ἠγαπηκόσι
3217 2683 3318 2752 τὴν
3341 2683 3660 2751 ἐπιφάνειαν
3689 2681 3786 2738 αι)-

2205 2772 2300 2827 τοῦ
2324 2773 2512 2843 τέρψις
2543 2790 2603 2826 τε
2635 2771 2729 2826 καὶ
2760 2769 2960 2842 τρυφὴ,
2983 2772 3074 2825 καὶ
3111 2772 3164 2825 τί
3195 2770 3304 2841 γὰρ
3332 2772 3451 2842 οὑχὶ
3483 2771 3589 2825 τῶν
3613 2772 3785 2824 τοιού-

2206 2849 2312 2922 των
2342 2865 2583 2937 ὑπῆρξε;
2612 2865 2874 2934 Γεγόνασι
2897 2865 3007 2935 γάρ
3045 2865 3120 2928 ὼς
3151 2866 3255 2918 ὑπὸ
3283 2869 3478 2929 συκαῖς
3545 2865 3640 2919 καὶ
3673 2867 3782 2933 ἀμ-

2209 2957 2397 3019 πέλοις
2431 2958 2554 3019 ταῖς
2595 2955 2965 3027 Ἐκκλησίαις.
3008 2955 3148 3009 ’Δλλ’
3185 2957 3290 3010 ίδοὺ
3326 2957 3420 3010 καὶ
3461 2955 3582 3010 καθ’
3604 2955 3786 3027 ἕτερον

2207 3044 2408 3114 τρόπον
2435 3043 2528 3098 τοῦ
2579 3044 2879 3114 μυστηρίου
2911 3044 3010 3114 τὴν
3057 3043 3285 3114 δύναμιν
3321 3045 3350 3097 ὁ
3384 3046 3668 3115 προφήτης
3701 3061 3788 3096 τεο

536 3116 826 3182 dogmatis,
861 3133 1024 3186 super
1061 3133 1162 3188 qua
1201 3119 1402 3190 lampas
1451 3133 1554 3188 est,
1604 3139 1796 3193 nempe
1830 3123 2104 3188 Christus,

2210 3133 2422 3188 θέαται.
2477 3133 2588 3204 Τὴν
2646 3133 2756 3203 γάρ
2809 3150 2892 3186 τοι
2924 3135 3130 3205 χρυσῆν
3177 3133 3398 3202 λυχνίαν
3439 3135 3615 3204 φαμὲν
3647 3129 3786 3188 εἶναι

535 3209 603 3262 de
637 3222 744 3277 quo
772 3209 910 3264 Deus
947 3219 998 3264 et
1037 3211 1234 3266 Pater:
1273 3231 1292 3263 ι
1325 3212 1552 3284 Propter
1591 3215 1720 3270 Sion
1753 3230 1856 3269 non
1894 3216 2108 3282 tacebo,

535 3310 590 3353 et
618 3309 837 3372 propter
864 3299 1158 3357 Jerusalem
1195 3319 1304 3358 non
1332 3307 1632 3376 quiescam,
1663 3306 1839 3362 donec
1865 3305 2110 3376 egredia-

539 3399 627 3443 tur
668 3401 726 3444 ut
765 3391 942 3446 lumen
973 3393 1179 3462 justitia
1235 3410 1376 3462 mea,
1428 3406 1483 3450 et
1534 3396 1771 3452 salutare
1827 3412 2004 3452 meum
2052 3403 2113 3450 ut.

539 3481 746 3548 lampas
779 3484 1099 3539 accendetur
1123 3485 1187 3538 ".
1218 3505 1238 3538 ι
1287 3485 1436 3539 llanc
1465 3486 1764 3554 lampadem
1797 3487 2110 3542 universum

537 3572 726 3627 urbem
779 3573 1170 3631 illuminantem
1231 3593 1394 3647 super
1438 3576 1824 3631 candelabrum
1872 3577 2012 3633 Deus
2057 3587 2114 3634 et

543 3663 698 3719 Pater
731 3667 951 3735 posuit:
991 3688 1007 3720 ι
1042 3667 1114 3724 Ut
1143 3683 1332 3724 omnes
1375 3668 1466 3737 qui
1519 3668 1892 3737 ingrediuntur
1931 3667 2110 3724 lumen

540 3757 776 3821 videant,
823 3768 875 3812 et
918 3759 1095 3814 luceat
1140 3761 1392 3814 omnibus
1425 3761 1514 3828 qui
1559 3759 1610 3813 in
1649 3758 1808 3814 domo
1835 3769 1960 3814 sunt
1985 3761 2049 3814 ".
2087 3779 2106 3814 ι

541 3848 757 3916 Septem
796 3859 978 3904 autem
1011 3861 1138 3905 sum
1183 3849 1436 3914 lucerna',
1471 3863 1576 3902 non
1625 3849 1884 3904 habentes
1930 3848 2108 3904 lumen

540 3942 858 4006 prOlll’illlll,
919 3944 1013 3996 sed
1072 3942 1346 3994 inductum
1421 3948 1477 3994 et
1523 3947 1828 4004 externum,
1899 3949 1954 3994 et
2007 3940 2111 3994 olei

539 4030 806 4086 all'usioue
857 4034 1144 4093 nutritum,
1178 4047 1298 4099 qua:
1329 4040 1382 4083 et
1423 4031 1553 4098 ipsa:
1583 4040 1799 4084 sanctos
1839 4032 2110 4100 apostolos

540 4123 804 4190 referunt,
854 4133 908 4178 et
947 4121 1309 4191 evangelistas
1362 4121 1602 4187 insuper,
1646 4129 1699 4174 et
1745 4121 1834 4189 qui
1887 4122 2111 4191 singulis

546 4214 880 4282 temporibus
913 4213 1237 4265 exstiterunt
1272 4209 1628 4264 Ecclesiarum
1680 4211 1985 4280 magistros,
2017 4213 2106 4282 qui

543 4302 991 4357 illmninatiouem
1049 4317 1076 4353 τι
1123 4300 1343 4354 Christo
1390 4299 1552 4354 veluti
1593 4302 1847 4369 quosdam
1890 4303 2111 4373 lychnus

539 4393 593 4450 in
631 4397 827 4449 animis
892 4403 946 4447 et
978 4392 1232 4446 cordibus
1277 4392 1390 4446 suis
1414 4404 1786 4462 susceperunt,
1823 4397 1906 4448 cui
1940 4395 2111 4464 Spiri-

2213 3222 2376 3277 πάλιν
2415 3221 2513 3295 τὴν
2573 3221 2922 3291 Ἐκκλησίαν,
2974 3223 3050 3286 ὡς
3095 3223 3464 3292 τετιμημένην
3491 3225 3548 3276 ὲν
3575 3224 3785 3294 κόσμῳ,

2209 3313 2639 3384 διαφανεστάτην
2663 3315 2724 3368 ἐν
2747 3315 2993 3386 ἀρεταῖς,
3022 3314 3098 3378 ὡς
3126 3313 3261 3383 ὑψοῦ
3286 3313 3349 3385 δὴ
3377 3313 3496 3369 λίαν
3543 3314 3789 3384 ἠρμένην

2209 3407 2323 3470 τοῖς
2354 3405 2455 3475 τῆς
2517 3404 2776 3475 ἀληθινῆς
2829 3404 3156 3473 θεογνωσίας
3199 3404 3487 3473 δόγμασιν,
3537 3398 3684 3475 ἑφ’ᾖ
3731 3405 3791 3456 τὸ

2211 3497 2534 3567 λαμπάδιον,
2567 3497 2832 3559 τουτέστι,
2863 3497 3117 3568 Χριστὸς,
3150 3497 3281 3564 περὶ
3302 3487 3362 3545 οὗ
3398 3509 3563 3562 φησιν
3606 3495 3633 3544 ό
3657 3493 3791 3556 Θεὸς

2211 3589 2306 3642 καὶ
2329 3589 2539 3660 Πατήρο
2576 3606 2595 3638 ι
2625 3587 2722 3640 Διά
2760 3587 2899 3642 Σιὼν
2949 3589 3011 3641 οὐ
3041 3587 3413 3655 σιωπήσομαι.
3439 3584 3532 3636 καὶ
3561 3583 3648 3635 διὰ
3688 3584 3789 3635 ’ἰε-

2214 3682 2497 3756 ρουσαλὴμ
2545 3681 2646 3736 οὑκ
2691 3682 2898 3753 ἀνήσω,
2950 3682 3053 3742 ἕως
3078 3678 3144 3732 ἂν
3177 3678 3370 3749 ἐξέλθῃ
3390 3677 3465 3739 ὼς
3512 3674 3624 3744 φῶς
3654 3677 3686 3746 ἡ
3713 3675 3793 3728 δι-

2211 3775 2469 3844 καιοσύνη
2503 3791 2627 3844 μου,
2655 3774 2717 3826 τὸ
2743 3775 2797 3826 δὲ
2827 3771 3092 3840 σωτήριόν
3119 3787 3220 3840 μου
3241 3770 3314 3832 ὼς
3340 3767 3558 3837 λαμπὰς
3588 3768 3790 3836 καυθή-

2213 3882 2382 3918 σεται.
2412 3883 2430 3917 ι
2466 3863 2638 3917 Τοῦτο
2657 3866 2767 3936 γάρ
2791 3862 3095 3932 λαμπάδιον
3116 3860 3176 3914 τὸ
3208 3862 3385 3913 πᾶσαν
3414 3859 3791 3925 καταφωτίξον

2208 3957 2307 4026 τὴν
2341 3957 2431 4008 ὑπ’
2459 3955 2705 4025 οὐρανὸν,
2759 3955 2853 4008 ἐπὶ
2883 3955 2947 4024 τῇ
2979 3953 3169 4022 λυχνίᾳ
3199 3951 3440 4004 τέθεικεν
3462 3952 3490 4002 ὀ
3524 3949 3656 4012 Θεὸς
3698 3949 3792 4002 καὶ

2210 4049 2422 4119 Πατὴρ,
2451 4066 2469 4098 ι
2498 4049 2614 4100 Ἵνα
2637 4048 2836 4109 πάντες
2867 4047 2916 4099 οἱ
2944 4043 3409 4115 εἰσπορευόμενοι,
3431 4042 3492 4095 τὸ
3521 4041 3635 4110 φῶς
3668 4040 3790 4110 βλέ-

2211 4158 2379 4205 πωσι,
2412 4141 2506 4192 καὶ
2529 4139 2720 4210 λάμπῃ
2747 4140 2878 4191 πᾶσι
2902 4139 3014 4199 τοῖς
3046 4139 3103 4188 ὲν
3159 4138 3223 4205 τῇ
3269 4135 3437 4204 οἰκία.
3473 4152 3492 4185 ι
3535 4131 3704 4185 Ἐπτά
3734 4131 3792 4184 δὲ

2211 4232 2259 4283 οἱ
2306 4230 2508 4300 λύχνοι.
2535 4229 2648 4298 φῶς
2683 4230 2783 4281 οὑκ
2817 4228 3031 4298 ἔχοντες
3082 4226 3234 4287 ἴδιον,
3264 4226 3378 4279 ἀλλ’
3403 4225 3658 4283 ἐπακτὸν,
3697 4223 3792 4274 καὶ

2211 4324 2426 4387 ἔξωθεν,
2461 4322 2554 4374 καὶ
2597 4323 2716 4383 ταῖς
2750 4320 2814 4372 δι’
2847 4319 3027 4372 ἐλαίου
3077 4317 3365 4388 χορηγίαις
3414 4315 3746 4386 τρεφόμενον
3775 4329 3788 4342 ο

2213 4415 2534 4485 σημαίνουσι
2558 4413 2614 4466 δὲ
2641 4413 2734 4466 καὶ
2755 4412 2908 4466 αὑτοὶ
2928 4410 3053 4474 τοὺς
3091 4410 3277 4477 ἁγίους
3305 4407 3660 4468 ἀποστόλους,
3701 4405 3792 4456 καὶ

541 4495 628 4537 tus
680 4495 896 4538 sanctus
942 4483 1198 4536 alimenta
1241 4485 1620 4552 suppeditavit,
1663 4486 1752 4554 qui
1797 4487 2107 4542 domesticis

2216 4506 2398 4575 μέντοι
2457 4505 2552 4558 καὶ
2577 4502 2990 4572 εὐαγγελιστάς,
3021 4501 3116 4554 καὶ
3148 4501 3274 4561 τοὺς
3303 4499 3448 4552 κατά
3473 4499 3660 4566 καιρὸν
3683 4495 3792 4549 τῶν

540 4577 722 4628 lumen
791 4574 1034 4642 praebent
1084 4583 1136 4626 et
1191 4573 1478 4628 credentes
1535 4590 1638 4627 una
1689 4591 1812 4629 cum
1864 4575 2110 4645 lampade

545 4663 872 4718 illuminant.
903 4661 1142 4717 Observa
1178 4673 1461 4730 praeterea,
1510 4675 1717 4733 septem
1761 4665 1996 4718 lucernis
2031 4665 2113 4718 iu-

542 4754 744 4808 fusoria
775 4753 1030 4817 adfuisse,
1077 4769 1170 4822 per
1203 4770 1321 4823 qua:
1355 4755 1458 4808 illis
1491 4755 1667 4809 oleum
1712 4755 2109 4819 infunderetur,

541 4845 772 4914 lampadi
835 4860 940 4898 non
987 4845 1242 4900 adfuisse.
1281 4845 1416 4912 Quid
1466 4847 1581 4902 ita?
1614 4857 1698 4901 est
1747 4847 1887 4902 enim
1934 4845 2110 4896 lumen

541 4951 730 4992 verum
766 4936 951 4998 Filius,
982 4953 1086 5016 nou
1137 4949 1438 5003 externum,
1468 4953 1644 5008 neque
1676 4937 1973 4998 inductum,
2015 4947 2113 4986 nec

543 5029 611 5084 ab
639 5029 747 5084 alio
785 5030 994 5096 datum,
1033 5031 1120 5085 cui
1163 5029 1392 5086 facultas
1425 5029 1763 5084 illuminandi
1806 5023 2112 5092 contigerit,

546 5118 642 5173 sed
685 5119 802 5187 ipse
834 5129 919 5175 cst
953 5122 1246 5176 secundum
1281 5131 1527 5177 naturam
1580 5121 1757 5174 lumen
1787 5137 1800 5171 :
1833 5117 1971 5186 quod
2012 5130 2114 5169 au-

547 5222 652 5265 tem
708 5214 762 5267 in
814 5217 1018 5272 sanctis
1065 5227 1166 5282 est,
1211 5217 1279 5272 ah
1333 5218 1449 5287 ipso
1497 5215 1955 5272 communicatum
2002 5222 2104 5267 est.

545 5303 887 5361 Testilicatur
936 5307 987 5362 id
1029 5309 1247 5378 sapiens
1286 5306 1521 5362 Joannes
1560 5319 1576 5358 :
1613 5322 1630 5355 ι
1662 5303 1737 5357 De
1781 5303 2115 5372 plenitudine

546 5395 688 5461 eius,
747 5398 939 5468 inquit,
1001 5414 1194 5455 omnes
1249 5397 1642 5466 accepimus".
1679 5415 1697 5448 ι
1755 5394 1873 5466 Ipse
1934 5405 2112 5451 autem

549 5486 716 5541 Filius
744 5506 929 5544 verum
977 5491 1157 5545 lumen
1185 5491 1457 5545 claritatis
1488 5505 1597 5544 suae
1629 5490 1917 5559 participes
1945 5488 2115 5544 factos

548 5580 728 5634 mundi
767 5581 947 5635 lumen
982 5581 1312 5651 appellabat.
1364 5581 1450 5634 Ait
1498 5582 1698 5636 etenim
1740 5581 1945 5637 sanctis
1979 5597 2112 5652 apo-

621 5753 664 5786 "
697 5751 802 5806 ιω.
835 5766 966 5814 LXII,
1012 5752 1057 5804 I.
1139 5753 1180 5782 "
1211 5751 1342 5805 Luc.
1373 5768 1445 5818 xl,
1479 5755 1546 5810 53

1648 5758 1689 5786 ’λ’
1722 5755 1875 5812 Joan.
1911 5773 1951 5825 ι,
1980 5756 2060 5811 Ιϐ.

2225 4593 2558 4663 Ἐκκλησιῶν
2594 4593 2968 4656 διδασκάλους,
3019 4590 3340 4660 δεχομένους
3391 4590 3486 4658 μὲν
3525 4582 3613 4640 οἷά
3641 4603 3789 4648 τινας

2213 4684 2437 4754 λύχνους
2498 4685 2578 4747 εἰς
2625 4683 2748 4737 νοῦν
2798 4684 2889 4735 καὶ
2930 4681 3156 4750 καρδίαν
3217 4678 3306 4731 τὸν
3351 4680 3501 4747 παρὰ
3555 4673 3788 4748 Χριστοῦ

2214 4773 2516 4844 φωτισμδν,
2559 4773 2653 4826 καὶ
2677 4775 2798 4835 ταῖς
2853 4771 2947 4824 τοῦ
2996 4769 3311 4839 Πνεὺματος
3360 4769 3641 4838 χορηγίαις
3671 4784 3790 4835 τρε-

2216 4866 2449 4934 φόμενον
2483 4863 2726 4932 ἔχοντας,
2754 4863 2933 4924 ἱέντας
2957 4879 3022 4929 γε
3052 4861 3155 4932 μὴν
3201 4863 3314 4923 τοῖς
3349 4862 3408 4912 ὲν
3443 4862 3509 4930 τῇ
3557 4859 3702 4929 οἰκίᾳ
3731 4859 3791 4910 τὸ

2215 4953 2349 5022 φῶς,
2380 4954 2472 5007 καὶ
2499 4952 2574 5022 τῷ
2593 4950 2882 5021 λαμπαδίῳ
2912 4949 3462 5020 συγκαταυγάζοντας
3515 4949 3641 5010 τοὺς
3697 4963 3791 4998 πε-

2215 5043 2595 5106 πιστευκότας.
2635 5044 2916 5112 Ἐπιτήρει
2963 5043 3040 5104 δὲ,
3067 5043 3149 5094 ὅτι
3191 5045 3304 5105 τοῖς
3346 5041 3443 5110 μὲν
3491 5039 3632 5093 ἐπτά
3685 5038 3781 5090 λὺο

2229 5152 2376 5205 χνοις
2401 5134 2796 5204 ὲπαρυστρίδες
2818 5129 2978 5203 ἦσαν,
3013 5133 3078 5185 δι’
3124 5126 3198 5186 ὧν
3231 5133 3416 5193 αὑτοῖς
3449 5132 3710 5199 εἰσεχεῖτο
3732 5128 3793 5180 τὸ

2219 5226 2417 5289 ἔλαιον,
2440 5224 2807 5295 ὲπαρυστρίδα
2851 5241 2915 5292 γε
2966 5226 3072 5294 μὴν
3109 5225 3170 5278 τὸ
3194 5223 3498 5290 λαμπάδιον
3525 5222 3623 5273 οὑκ
3656 5219 3789 5288 ἔχει.

2219 5314 2318 5368 Διὰ
2351 5314 2507 5367 ποίαν
2539 5313 2738 5379 αἱτίαν;
2770 5313 2888 5376 Φῶς
2923 5315 3018 5382 μὲν
3054 5314 3162 5383 γάρ
3212 5315 3328 5365 ἐστι
3367 5312 3427 5364 τὸ
3458 5308 3718 5378 ἀληθινὸν
3765 5310 3793 5360 ὁ

2221 5401 2368 5466 Υἱὸς,
2399 5405 2500 5455 οὑκ
2523 5400 2742 5468 ἔξωθεν,
2765 5401 2872 5454 οἶδ’
2894 5403 3148 5465 ἐπακτὸν,
3183 5401 3304 5455 οὑτε
3347 5400 3452 5470 μὴν
3506 5399 3634 5468 παρ’
3673 5397 3791 5452 ἐτέ-

2225 5510 2316 5563 ρου
2342 5493 2491 5547 δοτὸν
2513 5493 2572 5546 τὸ
2596 5494 2994 5562 καταφωτίςειν
3034 5493 3291 5546 δύνασθαι
3324 5490 3523 5562 λαχών·
3556 5489 3671 5542 ἀλλ’
3695 5489 3792 5542 αὑ·

2221 5584 2312 5647 τὸς
2343 5583 2482 5638 κατὰ
2513 5583 2673 5654 φύσιν
2698 5585 2958 5654 ὑπάρχων
2998 5582 3128 5651 φῶς·
3179 5583 3439 5653 μεθεκτόν
3470 5597 3530 5648 γε
3566 5579 3673 5649 μὴν
3733 5579 3793 5631 ὲν
