4080 6284
279 366 340 421 Cl
1126 365 1677 426 COMMENTARIUS
1717 369 1782 425 ΙΝ
1829 372 2233 429 ZACIIARIAM
2277 374 2723 434 PROPIIETAM.
3474 384 3544 438 62

276 489 387 551 τοῖς
418 488 597 557 ἁγίοις
639 488 731 541 κα)⁸
772 488 900 558 παρ’
932 487 1120 542 αὑτοῦ.
1169 489 1280 541 Καὶ
1316 489 1724 562 πληροφορήσει
1770 491 1856 544 λέ-

1962 494 2115 547 stolis
2151 513 2164 549 :
2198 514 2215 545 ι
2250 494 2353 549 Vos
2387 470 2522 551 estis
2554 498 2644 551 lux
2682 497 2867 551 mundi
2896 497 2960 549 ¹⁸.
2999 516 3017 551 ›
3052 497 3173 552 Jatn
3207 499 3324 554 dum
3365 499 3543 568 oliva’,

278 596 393 648 γων
421 581 450 633 ό
494 579 653 647 σοφὸς
694 579 966 647 Ἰωάννης,
1018 579 1100 632 ὅτι
1150 598 1168 630 ι
1214 580 1307 633 Ἐκ
1354 581 1448 633 τοῦ
1492 580 1856 650 πληρώματος

282 669 450 726 αὐτοῦ
484 673 643 740 ἡμεῖς
664 670 861 732 πάντες
889 668 1171 740 ἐλάϐομεν.
1210 688 1227 721 ι
1271 672 1390 735 Φῶς
1428 672 1484 725 δὲ
1513 672 1773 744 ὑπάρχων
1798 675 1859 726 τὸ

285 762 536 833 ἀληθινὸν
572 764 601 815 ό
634 761 781 824 Υἱὸς,
809 762 926 830 φῶς
953 761 1203 833 ὠνόμαζε
1231 762 1326 815 τοῦ
1367 764 1570 833 κόσμου
1599 766 1724 827 τοὺς
1759 765 1858 831 τῆς

283 855 413 923 παρ’
439 852 604 906 αύτοῦ
658 851 1043 923 λαμπρότητος
1071 855 1127 905 ἐν
1164 854 1380 923 μεθέξει
1434 856 1854 925 γεγενημένους.

286 942 428 1011 Ἔφη
458 941 565 1013 γὰρ
592 945 701 1005 τοῖς
735 942 912 1010 ἁγίοις
946 944 1283 1007 ἀποστόλοις·
1321 963 1340 996 ι
1386 945 1576 1015 Ὑμεῖς
1624 949 1749 1000 ἐστε
1797 947 1860 999 τὸ

280 1034 397 1101 φῶς
423 1032 516 1085 τοῦ
570 1033 795 1102 κόσμου.
840 1052 857 1084 ι
903 1035 969 1086 Δί
1015 1034 1107 1087 δύο
1156 1052 1219 1103 γε
1277 1035 1384 1105 μὴν
1438 1036 1633 1101 ἐλαῖαι,
1670 1037 1766 1107 μία
1796 1038 1860 1090 ἐκ

279 1123 490 1190 δεξιῶν,
514 1126 607 1177 καὶ
642 1124 739 1192 μία
768 1124 827 1188 ἐξ
855 1124 1149 1194 εὐωνύμων
1184 1126 1278 1178 τοῦ
1331 1126 1637 1196 λαμπαδίου
1671 1128 1861 1197 κείμε-

278 1231 389 1279 ναι,
415 1216 541 1276 τοὺς
569 1213 662 1266 δύο
682 1213 846 1276 λαοὺς
877 1214 1331 1284 ύποσημαίνουσι,
1376 1218 1658 1287 μονονουχὶ
1689 1219 1783 1271 καὶ
1804 1222 1861 1271 ἐν

278 1302 467 1371 κύκλῳ
517 1304 889 1373 περιεστῶτας
931 1304 1185 1373 Χριστόν.
1243 1306 1571 1375 Τετίμηνται
1621 1308 1729 1376 γὰρ
1785 1307 1863 1371 ὡς

276 1391 569 1461 ἠλεημένοι
593 1394 659 1462 τῇ
686 1393 862 1463 τοιᾷδε
905 1393 1111 1447 στάσει.
1144 1396 1252 1448 Καὶ
1278 1397 1325 1447 oi
1359 1395 1460 1463 μὲν
1484 1392 1624 1465 ἦσαν
1658 1398 1721 1449 ἐκ
1760 1398 1861 1467 τῆς

280 1481 641 1547 καλλιελαίου,
672 1484 936 1545 τουτέστι,
971 1484 1071 1554 τῆς
1120 1485 1389 1539 Ἰουδαίων
1427 1487 1777 1557 Συναγωγῆς⁵
1809 1489 1858 1539 oi

278 1571 335 1625 δὲ
364 1572 461 1641 τῆς
490 1572 681 1642 ἀγρίου
712 1574 810 1643 μὲν
860 1572 1150 1642 ἐξέφυσαν,
1179 1575 1447 1639 τουτέστι,
1473 1576 1575 1645 τῆς
1606 1574 1666 1641 ἐξ
1688 1576 1858 1630 ἐθνῶν

279 1661 538 1732 πληθύος.
572 1663 713 1733 Πλὴν
737 1665 1208 1735 ὲγκεντρισθέντες
1235 1668 1315 1730 είς
1354 1667 1455 1739 τὴν
1486 1668 1850 1732 καλλιέλαιον,

278 1756 523 1807 κοινωνοὶ
572 1756 826 1823 γεγόνασι
881 1756 981 1825 τῆς
1031 1759 1285 1827 πιότητος
1343 1761 1441 1829 τῆς
1502 1760 1679 1831 ῥίζης,
1718 1759 1861 1814 κατὰ

274 1846 375 1916 τὴν
410 1844 503 1898 τοῦ
536 1848 805 1917 μακαρίου
855 1848 1069 1901 Παύλου
1134 1852 1340 1921 φωνήν.
1373 1851 1563 1923 ¹Ἀθρει
1624 1851 1680 1903 δὲ
1712 1853 1860 1915 ὅπως

274 1938 370 1992 ἐπὶ
393 1940 491 2009 τὴν
521 1940 744 2008 λυχνίαν
769 1939 905 2009 ὁμοῦ
938 1940 1017 2010 τῷ
1053 1940 1348 2011 λαμπαδίῳ
1408 1944 1504 1995 καὶ
1556 1943 1607 1995 οί
1654 1940 1857 2012 λύχνοι,

277 2031 373 2080 καὶ
406 2032 465 2081 αἱ
505 2029 597 2082 δύο
642 2030 842 2085 ἐλαῖαι.
870 2031 1095 2085 Σύνεστι
1153 2030 1261 2101 γὰρ
1296 2034 1427 2102 ἡμῖν
1461 2035 1517 2086 ἐν
1564 2033 1860 2104 Ἐκκλησία

279 2117 538 2185 Χριστὸς,
567 2118 664 2170 καὶ
688 2118 799 2171 τῶν
827 2120 1320 2191 πεπιστευκότωνή
1350 2120 1621 2191 ἡλεημένη
1650 2120 1859 2191 πληθὺς

281 2207 701 2276 καταλάμπεται
729 2209 828 2278 μὲν
878 2209 956 2278 τῷ
1006 2212 1135 2279 παρ’
1166 2211 1337 2264 αὐτοῦ
1364 2212 1523 2280 φωτὶ,
1562 2213 1858 2280 φωτίζεται

272 2298 333 2350 δὲ
367 2298 463 2350 καὶ⁹
495 2298 583 2351 διὰ
636 2298 865 2369 λύχνων,
915 2301 965 2353 οἳ
1027 2301 1289 2371 μεθεκτὸν
1334 2302 1519 2371 έχουσι
1574 2304 1667 2356 καὶ
1723 2305 1858 2374 παρ’

271 2387 440 2443 αὐτοῦ
469 2390 530 2442 τὸ
559 2390 693 2456 φῶς.
742 2390 937 2445 ’ἰστέον
978 2391 1056 2456 δὲ,
1087 2393 1168 2445 ὅτι
1224 2394 1317 2445 καὶ
1342 2396 1399 2445 ἐν
1426 2396 1489 2464 τῇ
1542 2398 1854 2466 κατασκευῇ

268 2481 372 2551 τῆς
399 2481 559 2547 ἁγίας
590 2482 796 2551 σκηνῆς
833 2482 1009 2536 ἔκειτο
1037 2483 1136 2553 μὲν
1175 2485 1255 2548 είς
1279 2485 1347 2538 τὰ
1366 2486 1533 2552 ’Ἅγια
1552 2486 1659 2540 τῶν
1686 2488 1857 2555 ἁγίων

268 2572 412 2627 ἑπτὰ
449 2573 675 2643 λύχνους
706 2574 904 2644 ἔχουσα
951 2575 1143 2645 λυχνία
1197 2577 1392 2647 χρυσῆ.
1430 2579 1770 2649 Προσέταττε
1800 2580 1857 2633 δὲ

276 2659 405 2728 θεὸς
433 2664 512 2735 τῷ
551 2664 784 2736 Ἀαρὼν,
810 2665 1004 2734 λέγων,
1053 2667 1133 2719 ὅτι
1184 2685 1203 2718 ι
1239 2667 1394 2720 Κατὰ
1430 2666 1723 2738 πρόσωπον
1753 2671 1857 2738 τῆς

270 2758 491 2828 λυχνίας
544 2761 609 2813 ἐκ
655 2758 750 2813 τοῦ
808 2762 982 2813 νοτίου
1048 2760 1251 2831 μέρους
1318 2762 1582 2830 φανοῦσιν
1622 2766 1670 2817 οί
1713 2764 1855 2818 ἑπτὰ

271 2844 475 2916 λύχνοι.
512 2865 531 2899 ι
571 2847 646 2900 Οὐ
708 2848 818 2919 γὰρ
878 2851 990 2912 τοῖς
1034 2851 1261 2903 κατόπιν
1317 2852 1488 2923 αὐτῆς
1534 2855 1564 2905 ό
1601 2853 1690 2907 διὰ
1746 2854 1855 2908 τῶν

269 2935 479 3007 λύχνων
504 2938 709 2991 δέδοται
737 2941 1039 3010 φωτισμὸς,
1066 2942 1203 2996 ἀλλὰ
1253 2945 1366 3008 τοῖς
1395 2944 1470 3008 ὡς
1498 2946 1556 2998 ἐν
1577 2945 1855 3018 προσώπῳ

273 3028 511 3100 Χριστοῦ
571 3030 662 3083 διὰ
702 3032 801 3101 τῆς
842 3031 1079 3097 πίστεως
1135 3035 1542 3105 ἐνηνεγμένοις.
1579 3038 1690 3090 Καὶ
1724 3038 1855 3105 γοῦν

1963 600 2067 637 una
2097 600 2125 637 a
2155 586 2387 650 dextris,
2419 596 2473 641 et
2501 590 2672 641 altera
2704 604 2732 641 a
2760 588 3001 643 sinistris
3034 588 3300 658 lampadis
3328 594 3542 658 positae,

1961 675 2096 728 duos
2130 675 2358 743 populos
2396 678 2695 741 insinuant,
2726 678 2881 746 quasi
2926 677 2978 731 in
3025 679 3214 732 orbem
3262 676 3541 733 Christum

1961 766 2399 820 circumstantes.
2438 764 2575 819 Nam
2608 776 2665 821 ut
2720 768 3151 822 misericordiam
3186 769 3387 837 adepti,
3427 780 3542 823 sta-

1961 855 2106 908 tione
2132 855 2439 924 hujusmodi
2472 856 2674 924 dignati
2715 865 2861 910 sunt.
2901 858 2964 910 Et
3015 857 3090 910 illi
3118 857 3337 926 quidem
3381 868 3543 911 erant

1961 960 2029 999 ex
2063 947 2197 999 bona
2247 945 2410 1007 oliva,
2454 948 2709 1000 nimirum
2754 963 2817 1000 ex
2866 947 3150 1016 Synagoga
3181 946 3539 1001 Iudaeorum:

1965 1037 2017 1089 hi
2048 1053 2112 1088 ex
2149 1036 2382 1089 oleastro
2415 1038 2604 1105 geniti,
2642 1038 2742 1090 hoc
2779 1045 2864 1089 est
2912 1052 2977 1089 ex
3022 1039 3263 1105 gentium
3296 1038 3540 1091 multitu-

1962 1126 2368 1198 dine".684
2397 1129 2783 1182 Verumtamen
2840 1128 3029 1182 inserti
3079 1130 3132 1180 in
3187 1128 3384 1181 bonam
3435 1128 3542 1181 oli-

1963 1234 2108 1284 vam,
2145 1220 2521 1286 pinguedinem
2574 1220 2775 1274 radicis
2830 1226 3196 1282 attraxerunt,
3247 1227 3305 1271 ut
3351 1220 3542 1272 scribit

1963 1311 2155 1364 beatus
2204 1310 2401 1364 Paulus
2424 1311 2490 1363 ⁸ο.
2550 1310 2826 1379 Perpende
2877 1310 2989 1377 jam
3056 1309 3330 1378 quomodo
3380 1324 3542 1377 super

1961 1400 2346 1454 Candelabrum
2379 1400 2541 1455 simul
2566 1416 2689 1454 cum
2723 1401 2971 1469 lampade
3002 1402 3165 1453 etiam
3196 1399 3431 1452 lucerna:
3488 1412 3541 1453 et

1961 1493 2078 1545 dum
2122 1492 2279 1544 oliva:
2315 1500 2461 1545 sunt.
2509 1490 2605 1544 Est
2658 1492 2804 1545 enim
2852 1492 3133 1543 nobiscum
3186 1491 3239 1541 in
3302 1489 3541 1543 Ecclesia

1960 1582 2231 1645 Christus,
2277 1592 2333 1635 et
2378 1582 2723 1635 credentium
2776 1580 3063 1633 multitudo
3115 1579 3539 1632 misericordiam

1961 1684 2273 1737 consecuta,
2299 1689 2416 1741 ejus
2445 1673 2647 1726 lumine
2669 1672 3041 1734 illmniuatur;
3073 1669 3376 1722 illustratur
3402 1682 3542 1735 pra:-

1966 1776 2110 1817 terca
2142 1780 2236 1833 per
2280 1765 2553 1827 lucernas,
2588 1780 2706 1832 quae
2740 1763 2808 1816 ab
2850 1762 2966 1831 ipso
3011 1761 3264 1813 similiter
3293 1775 3542 1813 commu-

1893 1840 1933 1894 B
1965 1856 2199 1907 nicatum
2232 1856 2412 1907 lumen
2460 1856 2761 1908 continent.
2799 1852 2877 1907 Ne
2920 1854 3137 1921 ignores
3166 1866 3351 1920 porro,
3380 1852 3542 1905 etiam

1964 1948 2014 2001 in
2059 1958 2330 2001 Structura
2382 1947 2558 2001 sancti
2607 1946 2941 2001 tabernaculi
2995 1949 3230 2017 positum
3279 1948 3447 2003 fuisse
3487 1948 3541 2001 in

1962 2037 2160 2093 Sancta
2209 2048 2526 2094 sanctorum
2580 2040 2968 2093 candelabrum
3026 2056 3281 2105 aureum,
3332 2051 3541 2111 septem

1962 2130 2211 2186 lucernas
2244 2132 2538 2185 sustinens.
2579 2130 2853 2185 Mandavit
2900 2133 3047 2186 enim
3087 2134 3228 2187 Deus
3260 2133 3439 2186 Aaron
3486 2133 3537 2185 in

1959 2222 2101 2277 hunc
2128 2225 2343 2277 modum
2374 2241 2387 2277 :
2422 2241 2441 2275 ι
2472 2223 2673 2278 Versus
2705 2224 2895 2278 faciem
2934 2224 3244 2278 candelabri
3275 2240 3338 2277 ex
3384 2232 3540 2293 parte

1960 2314 2183 2368 australi
2229 2313 2478 2368 lucebunt
2530 2325 2736 2383 septem
2783 2315 3021 2369 lucernae
3042 2317 3110 2371 ἰ.
3147 2334 3165 2367 ι
3222 2314 3343 2369 Νοη
3396 2315 3542 2369 enim

1960 2403 2025 2457 iis
2083 2404 2171 2473 qui
2220 2419 2249 2457 a
2306 2413 2457 2475 tergo
2508 2406 2817 2460 candelabri
2870 2416 3016 2472 sunt,
3078 2406 3399 2461 illuminatio
3450 2420 3546 2473 per

1959 2495 2211 2552 lucernas
2243 2498 2368 2551 data
2396 2506 2500 2563 est,
2543 2500 2636 2553 sed
2671 2500 2737 2553 iis
2797 2498 2887 2567 qui
2919 2501 3077 2569 quasi
3113 2499 3305 2553 faciem
3338 2498 3542 2554 Christi

1957 2601 2056 2656 per
2103 2588 2262 2642 [idem
2302 2590 2687 2658 respiciunt".
2742 2590 2925 2657 Quare
2972 2590 3144 2645 Judaei
3191 2592 3343 2659 quasi
3400 2601 3544 2646 retro

1959 2677 2156 2746 ipsum,
2193 2687 2248 2732 et
2284 2678 2338 2732 in
2390 2688 2544 2747 tergo
2569 2680 2758 2748 positi,
2797 2680 3037 2735 tenebris
3065 2679 3416 2733 obscuratum
3447 2678 3545 2731 ha--

1958 2769 2088 2823 bent
2132 2784 2245 2824 cor.
2289 2771 2390 2836 Qui
2433 2780 2612 2826 autem
2660 2787 2725 2826 ex
2776 2773 3031 2840 gentibus
3072 2770 3445 2832 crediderunt,
3488 2767 3542 2821 in

1960 2861 2097 2914 facie
2136 2860 2335 2915 habent
2386 2861 2661 2928 lucernas,
2710 2862 2907 2931 quibus
2957 2863 3123 2916 libera
3185 2871 3241 2916 et
3285 2860 3402 2916 sine
3440 2859 3546 2915 ullo

1959 2951 2344 3019 impedimento
2373 2968 2470 3022 per
2508 2964 2699 3009 sancta
2730 2955 2959 3022 contigit
2994 2954 3337 3009 illuminatio.
3373 2952 3546 3006 Arde-

1959 3043 2053 3097 bat
2102 3052 2283 3098 autem
2337 3053 2389 3098 et
2442 3045 2660 3099 lucerna
2704 3060 2809 3099 una
2869 3046 2923 3099 in
2963 3047 3113 3101 aditu
3160 3042 3541 3098 tabernaculi:

286 3119 527 3173 Ἰουδαῖοι
570 3121 800 3175 κατόπιν
823 3122 1012 3196 ὥσπερ
1042 3125 1209 3180 αὑτοῦ
1241 3128 1334 3180 καὶ
1365 3130 1448 3191 εἰς
1487 3127 1635 3183 νῶτα
1666 3130 1854 3200 κείμε-

1961 3147 2063 3201 qua
2111 3147 2170 3187 re
2218 3133 2633 3201 signiﬁcabatur
2690 3133 2917 3200 legalem
2951 3132 3348 3187 institutionem
3379 3144 3547 3182 evan-

273 3229 372 3275 νοι,
407 3215 897 3285 κατεσκοτισμένον
932 3216 1116 3287 ἔχουσι
1142 3218 1235 3271 τὸν
1258 3219 1405 3274 νοῦν.
1435 3222 1499 3273 Oi
1530 3221 1586 3274 δὲ
1609 3221 1668 3284 ἐξ
1689 3221 1858 3275 ἐθνῶν

1962 3223 2146 3290 εειίοιε
2175 3238 2205 3275 a
2239 3232 2392 3291 tergo
2423 3224 2521 3276 ire.
2551 3224 2686 3276 Vide
2720 3223 2865 3275 enim
2918 3237 3027 3291 quo
3057 3230 3237 3290 pacto,
3267 3221 3467 3290 quibus
3492 3221 3547 3273 in

273 3304 684 3368 πιστεύσαντες,
715 3307 795 3368 είς
829 3306 1123 3375 πρόσωπον
1174 3307 1360 3377 ἔχουσι
1420 3311 1548 3373 τοὺς
1591 3310 1853 3379 λύχνους·

272 3395 553 3468 ἐλεύθερος
584 3396 692 3466 γὰρ
746 3396 931 3459 αὐτοῖς
970 3398 1066 3450 καὶ
1106 3398 1546 3467 ἀπαραπόδιστος
1583 3400 1862 3464 παντελῶς

271 3487 302 3539 ό
330 3485 418 3540 διὰ
443 3486 552 3538 τῶν
579 3487 749 3554 ἁγίων
779 3487 971 3555 γέγονε
1004 3490 1301 3560 φωτισμός.
1355 3492 1597 3545 Ἐκαίετο
1646 3492 1704 3545 δὲ
1760 3497 1854 3547 καὶ

1963 3311 2233 3379 principio
2258 3311 2596 3366 tabernaculi
2625 3326 2731 3365 una
2763 3311 2989 3365 lucerna
3024 3312 3232 3376 ardeat,
3263 3310 3314 3364 in
3348 3310 3549 3365 Sancta

1960 3410 2275 3457 sanctorum
2333 3402 2602 3472 ingressos
2661 3411 2867 3470 septem
2935 3400 3172 3456 lucernae
3235 3411 3290 3457 et
3345 3399 3548 3470 lampas

1959 3495 2113 3566 quasi
2150 3495 2460 3563 largissimo
2488 3493 2781 3563 splendore
2815 3493 3235 3562 perfundebant.

274 3574 466 3645 λύχνος
514 3570 593 3637 εἷς
646 3578 703 3629 ἐν
762 3580 829 3648 τῇ
884 3577 1077 3651 πρώτῃ
1103 3583 1295 3652 σκηνῇ’
1338 3583 1437 3651 τῆς
1485 3583 1847 3654 εύαγγελικῆς
1887 3587 2218 3650 παιδεύσεως
2249 3588 2477 3640 κατόπιν
2538 3585 2723 3638 ίοῦσαν
2781 3586 2881 3656 τὴν
2910 3585 3139 3655 νομικὴν
3170 3583 3263 3639 τοῦ
3291 3583 3547 3654 πράγμα-

274 3683 368 3729 τος
393 3668 523 3735 ἡμῖν
561 3671 1075 3739 κατασημαίνοντος.
1105 3672 1213 3724 Θέα
1241 3673 1347 3744 γὰρ
1385 3674 1562 3739 ὅπως,
1592 3672 1672 3738 οἷς
1703 3679 1762 3730 ἐν
1789 3678 1888 3748 μὲν
1925 3682 1989 3749 τῇ
2026 3678 2217 3750 πρώτῃ
2257 3682 2428 3750 σκηνῇ
2462 3673 2543 3741 εἷς
2571 3679 2785 3731 ἐκαίετο
2839 3676 3052 3747 λύχνος,
3086 3679 3199 3740 τοῖς
3233 3694 3297 3745 γε
3335 3677 3441 3747 μὴν
3466 3678 3549 3740 είς

274 3758 345 3813 τὰ
376 3760 540 3827 ’Ἅγια
568 3760 675 3814 τῶν
713 3762 882 3851 ἁγίων
927 3763 1067 3818 ἐπτὰ
1084 3762 1266 3834 λύχνοι
1303 3768 1395 3819 καὶ
1425 3768 1484 3820 τὸ
1517 3768 1824 3839 λαμπάδιον
1857 3772 2345 3844 ἁμφιλαφεστὰτην
2372 3772 2561 3842 ὥσπερ
2596 3770 2811 3824 ἐνίεσαν
2844 3770 2942 3839 τὴν
2969 3769 3165 3839 αὑγήν.
3192 3774 3195 3775 ⁷

349 3857 456 3910 Kal
485 3856 865 3926 ἐπηρώτησα,
918 3858 1016 3912 καὶ
1069 3856 1207 3914 εἶπα
1245 3863 1395 3929 πρὸς
1438 3865 1546 3917 τὸν
1598 3866 1859 3936 ἄγγελον

276 3945 385 4000 τόν
413 3948 721 4001 λαλοῦντα
767 3949 837 4001 ἐν
895 3950 1045 4018 ἐμοὶ,
1097 3950 1311 4020 λέγων·
1353 3954 1414 4006 Τί
1467 3955 1600 4008 ἐστι
1633 3958 1858 4024 ταῦτα,

281 4038 495 4105 Rupta;
544 4041 655 4093 Kal
690 4040 980 4107 ἀπεκρίθη
1045 4045 1077 4094 ό
1135 4042 1390 4111 ἅγγελος
1432 4047 1465 4097 ὁ
1533 4046 1745 4101 λαλῶν
1791 4048 1862 4102 ἐν

276 4130 430 4197 ἐμοὶ,
467 4130 564 4183 καὶ
602 4132 733 4185 εἷπε
761 4133 909 4199 πρός
933 4150 1030 4199 με,
1065 4132 1281 4202 λέγων’
1312 4138 1394 4189 Οὐ
1432 4138 1747 4205 γινώσκεις
1804 4142 1862 4195 τί

279 4222 412 4275 ἐστι
439 4223 659 4286 ταῦτα;
716 4225 825 4278 Καὶ
876 4221 1035 4277 εῖπα·
1100 4226 1267 4293 Οὐχί,
1321 4229 1519 4295 Κύριε.
1575 4232 1686 4283 Καὶ
1735 4232 1853 4285 ἀπ-

280 4312 505 4379 εκρίθη,
547 4313 642 4365 καὶ
672 4308 801 4365 εἶπε
833 4315 981 4379 πρός
1011 4329 1100 4379 με,
1147 4312 1359 4381 λέγων·
1391 4312 1581 4381 Οὗτος
1613 4321 1645 4370 ό
1674 4320 1858 4387 λόγος

2035 3867 2200 3924 Vsus.
2240 3868 2362 3923 4-6.
2416 3867 2483 3921 Et
2512 3867 2851 3937 interrogavi,
2882 3876 2929 3919 et
2956 3867 3068 3919 dixi
3102 3865 3171 3918 ad
3195 3863 3436 3933 angelum
3459 3863 3551 3933 qui

1959 3960 2268 4028 loquebatur
2297 3960 2349 4013 in
2393 3976 2493 4023 me,
2527 3960 2708 4014 dicens
2739 3977 2757 4013 :
2788 3959 2929 4024 Quid
2966 3967 3084 4012 sunt
3121 3958 3254 4020 lucc,
3287 3955 3551 4008 Domine?

1960 4050 2026 4104 Et
2058 4053 2324 4118 respondit
2358 4051 2571 4121 angelus
2610 4053 2698 4119 qui
2766 4051 3076 4121 loquebatur
3108 4050 3161 4102 in
3206 4064 3307 4112 me,
3335 4058 3381 4100 et
3414 4046 3547 4099 dixit

1959 4142 2027 4194 ad
2072 4156 2174 4206 me,
2219 4140 2392 4194 dicens
2419 4155 2436 4193 :
2464 4139 2588 4194 Non
2629 4141 2897 4210 cognoscis
2948 4140 3073 4208 quid
3127 4149 3245 4190 sunt
3287 4136 3445 4189 lucc?
3480 4133 3547 4187 Et

1966 4231 2075 4284 dixi
2105 4249 2123 4286 :
2156 4231 2300 4296 Non,
2333 4233 2571 4287 Domine.
2626 4232 2695 4285 Et
2725 4231 3013 4298 respondit,
3069 4239 3117 4281 et
3167 4229 3300 4280 dixit
3351 4230 3418 4277 ad
3446 4243 3546 4291 me,

1966 4325 2183 4378 dicens:
2216 4324 2321 4377 Isle
2373 4341 2543 4377 sermo
2584 4324 2791 4375 Domini
2841 4323 2911 4374 ad
2963 4320 3275 4380 Zorobabel,
3326 4320 3547 4370 dicens:

279 4401 506 4467 Κυρίου
535 4401 683 4466 πρὸς
722 4402 1073 4467 Ζοροϐάϐελ,
1109 4401 1320 4470 λέγων’
1359 4407 1480 4458 Οὐκ
1510 4407 1579 4457 ἐν
1608 4406 1858 4477 δυνάμει

1972 4416 2091 4469 Non
2130 4419 2184 4469 in
2219 4418 2534 4484 fortitudine
2577 4431 2792 4482 magna,
2839 4429 3002 4480 neque
3033 4412 3087 4464 in
3125 4412 3328 4475 robore,
3377 4411 3464 4463 sed
3492 4410 3547 4461 iu

276 4488 538 4559 μεγάλῃ,
567 4491 707 4542 οὐδὲ
743 4492 812 4543 ἐν
861 4494 1045 4559 ἰσχύϊ,
1085 4492 1245 4545 ἀλλὰ
1286 4494 1356 4547 ἐν
1380 4497 1680 4564 Πνεύματί
1717 4517 1857 4567 μου,

279 4579 444 4649 λέγει
463 4582 677 4647 Κύριος
707 4583 1148 4652 παντοκράτωρ.

354 4672 480 4725 ΚΔ⁹.
510 4672 630 4724 Ὅτι
663 4672 756 4725 καὶ
794 4674 1033 4743 ἀμείνων
1072 4678 1163 4730 καὶ
1203 4678 1491 4750 ἱερώτερος
1517 4682 1613 4752 τῆς
1648 4682 1706 4734 ὲν
1726 4684 1861 4753 ἡμῖν

280 4763 519 4826 διανοίας
546 4766 576 4816 ό
603 4764 709 4817 τῶν
736 4767 940 4835 νοητῶν
966 4767 1248 4839 δυνάμεων
1278 4771 1420 4839 νοῦς,
1480 4774 1575 4826 καὶ
1617 4775 1673 4827 ἐν
1701 4777 1864 4843 ἀσυγ-

281 4854 490 4925 κρίτοις
530 4854 825 4926 ὑπεροχαῖς
854 4857 919 4910 τὰ
979 4859 1099 4912 καθ’
1124 4862 1271 4931 ἡμᾶς
1308 4863 1727 4933 ύπερκείμενος,
1756 4866 1861 4921 διαὶ

285 4943 534 4996 ἐντεῦθεν
562 4944 628 4998 ἂν
660 4944 870 5014 μάθοις.
907 4947 1238 5018 Ἐπέστρεψε
1276 4951 1373 5018 μὲν
1403 4952 1512 5024 γὰρ
1539 4954 1567 5005 ὁ
1608 4955 1859 5024 ἄγγελος,

283 5036 359 5098 ὡς
411 5037 439 5088 ό
496 5036 779 5107 προφήτης
828 5039 983 5107 φησι,
1042 5041 1135 5092 καὶ
1189 5041 1469 5113 ἐξήγειρεν
1508 5046 1693 5110 αὐτὸν,
1747 5066 1764 5099 ι
1801 5048 1861 5101 ὃν

284 5126 485 5195 τρόπον
513 5127 639 5179 ὅταν
666 5127 925 5199 ὲξεγερθῇ
957 5130 1240 5201 ἄνθρωπος
1299 5136 1363 5186 ἐκ
1408 5135 1502 5187 τοῦ
1541 5136 1710 5189 ὕπνου
1765 5138 1864 5189 αύ-

285 5218 400 5270 τοῦ.
444 5236 461 5269 ι
498 5220 560 5272 Εἰ
588 5218 693 5289 γὰρ
717 5219 779 5290 δὴ
807 5222 1120 5291 συγκρίνειν
1148 5223 1319 5278 ἐλοιτό
1366 5243 1448 5288 τις
1501 5228 1575 5290 ὡς
1622 5230 1759 5299 πρός
1798 5247 1862 5296 γε

286 5309 376 5361 τὸν
399 5312 519 5374 ταῖς
549 5311 660 5364 ἄνω
683 5311 977 5383 δυνάμεσιν
1002 5314 1187 5367 ἐνόντα
1219 5317 1364 5380 νοῦν,
1391 5320 1489 5387 τῆς
1508 5320 1862 5387 ἀνθρωπίνης

287 5398 521 5463 διανοίας
555 5401 617 5454 τὸ
646 5403 861 5473 μέτρον,
903 5408 1378 5477 μειονεκτούμενον
1430 5411 1863 5480 εύρήσειτοσοῦ-

290 5504 401 5550 τον,
451 5492 572 5543 ὅσον
630 5494 695 5545 ἂν
733 5498 902 5547 νοοῖτο
965 5496 1193 5548 κατόπιν
1248 5498 1424 5551 ἐλθεῖν
1485 5500 1579 5551 καὶ
1607 5501 1707 5570 τῆς
1756 5501 1864 5554 τῶν

290 5577 565 5647 νηφόντων
620 5581 855 5647 διανοίας
908 5585 973 5637 τὰ
1010 5588 1065 5638 ἐν
1092 5590 1204 5650 τοῖς
1259 5587 1449 5651 ὕπνοις
1484 5590 1690 5660 ἀδρανῆ
1727 5609 1863 5660 φαν-

365 5693 407 5723 “
434 5694 619 5749 Matth.
656 5710 706 5760 γ,
740 5698 818 5751 ll.

298 5702 407 5815 w“
434 5702 619 5749 Matth.
656 5710 706 5760 ν,
740 5702 818 5751 14.
922 5703 961 5733 ’θ
993 5702 1145 5757 llom.
1186 5720 1260 5768 XI,
1294 5704 1355 5756 l7
1380 5722 1529 5773 seqq.

1966 4504 2171 4574 Spiritu
2206 4522 2338 4570 meo,
2378 4507 2506 4559 dirit
2534 4504 2795 4557 Dominus
2827 4503 3175 4570 omnipotens.

2034 4680 2223 4736 XXIV.
2266 4681 2537 4735 Virtutum
2584 4696 2720 4751 quas
2758 4682 2940 4734 animo
2990 4681 3256 4745 videmus,
3308 4687 3542 4733 mentem

1967 4785 2151 4827 nostra
2183 4785 2361 4827 mente
2379 4775 2831 4843 praestantiorem,
2857 4783 2911 4826 ct
2937 4773 3291 4833 sanctiorem,
3318 4771 3544 4825 nostris-

1968 4881 2073 4936 que
2104 4868 2264 4920 rebus
2292 4866 2813 4934 incomparabilibus
2836 4866 3174 4919 cxcellentiis
3204 4865 3545 4933 superiorem

1969 4972 2108 5020 esse,
2150 4959 2313 5012 etiam
2348 4957 2474 5010 hinc
2512 4957 2712 5010 discas.
2750 4955 3024 5011 Reversus
3064 4968 3146 5009 est
3194 4956 3334 5009 enim
3378 4967 3548 5019 ange-

1969 5049 2072 5113 lus,
2101 5059 2158 5101 ut
2185 5049 2261 5102 ait
2301 5049 2584 5116 proltheta,
2619 5057 2671 5101 et
2716 5047 2973 5101 excitavit
3010 5061 3131 5100 eum
3156 5084 3170 5107 ,
3204 5064 3222 5095 ‹
3253 5045 3399 5098 velut
3426 5059 3546 5096 cum

1969 5141 2238 5193 excitatur
2272 5141 2432 5193 homo
2463 5138 2531 5190 de
2584 5153 2776 5192 somno
2809 5154 2928 5193 suo.
2959 5157 2976 5187 ι
3011 5137 3141 5189 Nam
3196 5136 3238 5187 si
3287 5134 3409 5202 quis
3439 5133 3546 5186 vim

1966 5246 2322 5298 supernarum
2382 5232 2645 5285 virtutum
2700 5245 2826 5284 cum
2889 5226 3242 5291 intelligentia
3310 5226 3545 5277 humana

1966 5336 2283 5388 comparare
2338 5322 2601 5386 voluerit,
2663 5322 2804 5373 hanc
2871 5318 2961 5369 illa
3025 5323 3174 5367 tanto
3238 5315 3548 5368 inferiorem

1969 5411 2275 5479 perspiciet,
2307 5422 2567 5480 quantum
2597 5412 2803 5463 scimus
2826 5406 3165 5475 vigilantium
3206 5404 3547 5473 cogitationi-

1968 5504 2069 5557 bus
2118 5502 2313 5555 cederc
2348 5499 2727 5552 dormientium
2776 5498 2909 5557 visa,
2962 5498 3074 5549 sive
3098 5495 3262 5564 685
3313 5493 3546 5549 somnia.

1970 5595 2249 5647 Excitatus
2278 5600 2359 5644 est
2394 5592 2557 5660 igitur
2585 5590 2845 5659 propheta
2866 5590 2929 5642 ad
2958 5586 3193 5655 vigiliam
3224 5605 3236 5639 :
3270 5579 3546 5638 nihilomi-

1613 5707 1655 5736 ²⁰
1681 5707 1813 5760 Ibid.
1848 5708 1928 5760 ΓΙ.
1970 5700 2045 5739 ’²¹
2083 5705 2250 5760 lixod.
2292 5719 2415 5768 xxv,
2448 5705 2553 5769 37;
2590 5703 2743 5759 Num.
2784 5719 2901 5767 \‘m,
2930 5702 2983 5754 εὶ.
3066 5699 3109 5728 ²²
3135 5695 3276 5748 Psal.
3312 5700 3549 5751 Lxxxtn,
