4080 6284
608 382 680 440 (i3
1575 378 1632 432 S.
1677 375 1955 430 CYliiLLl
1998 375 2472 432 ALEXANDRINI
2516 373 2838 434 ARCIIIICP.
3782 379 3859 434 64

587 505 690 541 uns
719 489 878 541 etiam
906 490 984 544 sic
1009 490 1196 544 tardus
1231 501 1312 544 est
1347 493 1412 545 ad
1449 494 1796 562 percipienda
1823 510 1941 562 quae
1976 506 2146 548 osten-

2269 497 2522 568 τάσματα
2591 500 2916 568 Ἐγήγερται
2949 497 3012 565 δὴ
3044 491 3135 550 οὖν
3178 498 3204 550 6
3231 497 3517 565 προφήτης
3560 493 3637 558 εἷς
3666 496 3858 566 vidtur,

584 582 807 633 duntur.
839 580 1046 636 Idcirco
1100 581 1400 650 iustissime
1434 595 1809 652 percontatur.
1843 595 1896 638 et
1945 599 2007 638 ea
2057 601 2158 637 an-

584 672 702 738 gelo
770 673 1078 726 declarante
1134 689 1465 742 cognoscere
1524 677 1679 742 petit.
1748 675 1985 743 Angelus
2038 691 2158 728 cum

587 763 794 814 nescire
824 764 1034 816 illorum
1073 763 1523 833 significationem
1555 767 1943 833 proliemodum
1978 765 2162 819 obstu-

586 853 795 946 ριιιιοίιζ
827 862 882 906 et
931 869 1056 905 nmn
1097 869 1226 907 vere
1273 854 1483 913 nesciat
1531 855 1846 920 interrogat.
1895 852 2158 920 Propheta

585 944 940 1010 ignorantiam
985 955 1170 1011 aperte
1219 946 1515 998 confitente
1549 954 1602 998 et
1647 945 1956 997 tarditatem
2004 958 2156 997 suam

588 1050 690 1085 non
726 1036 1103 1097 erubescente,
1147 1037 1534 1089 obscuritatem
1582 1035 1680 1088 visi
1733 1035 1987 1101 deinceps
2017 1048 2154 1087 enu-

585 1126 760 1192 cleat;
813 1136 900 1189 et,
950 1135 1207 1194 tanquam
1245 1142 1307 1180 ex
1363 1127 1596 1195 imagine
1649 1122 1936 1177 manifesta
2002 1131 2056 1176 et
2104 1122 2155 1175 in

585 1217 757 1268 octtlis
790 1216 1118 1280 incurrente,
1151 1232 1369 1286 scopum
1404 1218 1456 1268 in
1497 1231 1556 1269 ea
1589 1216 1842 1268 latentem
1882 1213 2152 1280 explanat.

589 1306 762 1374 lnquit
791 1307 934 1359 enim
969 1325 982 1361 :
1017 1325 1035 1357 ι
1070 1307 1164 1360 llic
1193 1317 1272 1359 est
1296 1321 1473 1359 sermo
1501 1305 1708 1359 Domini
1739 1306 1804 1356 ad
1836 1302 2153 1367 Zorobabel,

587 1397 772 1449 (lit-eus
804 1413 817 1448 :
852 1395 963 1449 Non
995 1396 1046 1448 in
1076 1396 1397 1449 fortitudine
1449 1411 1666 1463 magna,
1697 1410 1796 1448 nec
1839 1395 1891 1446 iu
1940 1394 2152 1460 robore,

587 1486 678 1536 sed
726 1487 776 1538 in
826 1486 1026 1554 Spiritu
1069 1501 1212 1552 meo,
1260 1487 1392 1539 dicit
1423 1485 1683 1539 Dominus
1731 1484 2093 1552 omnipotens.
2129 1502 2148 1534 ι

585 1574 812 1630 Perinde
841 1575 1072 1630 fortasse
1111 1591 1175 1631 ac
1219 1577 1265 1631 si
1311 1576 1476 1640 dicat,
1516 1575 1695 1629 omnia
1739 1575 1853 1628 haec
1888 1576 2026 1639 visa,
2058 1573 2156 1627 ali-

582 1667 795 1729 quando
834 1665 991 1718 tinem
1032 1682 1190 1721 suum
1237 1676 1578 1730 assecutura,
1621 1680 1724 1719 non
1774 1667 2006 1719 humana
2039 1667 2153 1719 vir-

583 1764 691 1808 tute
737 1755 1129 1822 administrata,
1169 1771 1270 1812 nec
1313 1758 1368 1812 in
1414 1757 1607 1811 robore
1648 1756 1938 1825 corporali,
1972 1757 2064 1810 sed
2099 1757 2150 1810 in

2265 586 2400 639 ἁλλὰ
2435 588 2526 638 καὶ
2556 585 2727 648 οὓτως
2751 586 2912 655 έχων,
2948 586 3099 638 οὐδὲν
3139 582 3303 657 ἧττόν
3329 586 3444 636 ἐστι
3473 584 3670 654 βραδὺς
3717 586 3860 656 πρός

2263 691 2327 740 γε
2359 675 2419 726 τὸ
2442 673 2719 738 δύνασθαι,
2746 675 2909 743 φημὶ,
2941 673 3271 727 συνιέναιτὰ
3323 672 3676 742 δεικνύμενα.
3708 673 3858 726 Ταύ-

2261 780 2432 832 τῃτοι,
2457 764 2548 816 καὶ
2581 763 2724 832 μάλα
2748 765 2994 827 εἰκότως,
3027 764 3464 816 ἁναπυνθὰνεταί
3493 780 3552 815 τε
3585 765 3679 815 καὶ
3710 765 3856 830 ἁξιοῐ

2264 855 2456 922 μαθεῖν
2484 856 2633 924 παρὰ
2684 855 2776 908 τοῦ
2805 855 3190 923 διασαφοῦντος
3243 854 3496 922 ἀγγέλου.
3566 853 3623 908 Ὀ
3668 855 3724 908 δὲ
3765 857 3853 908 ὅτι

2259 946 2320 997 οὐ
2374 946 2570 1014 συνῆκε
2620 945 2906 1014 μονονουχὶ
2957 944 3302 1012 κατατέθηπέ
3333 961 3470 1005 πως,
3521 943 3632 995 καὶο
3673 945 3721 995 εἰ
3770 945 3850 1014 μὴ

2259 1035 2473 1104 ἀληθῶς
2507 1035 2668 1105 εἰδείη
2696 1035 2945 1105 διερωτᾷ.
2977 1033 3084 1086 Τοῦ
3139 1034 3196 1086 δὲ
3230 1033 3528 1104 διαρρήδην
3564 1033 3853 1104 ὡμολογη-

2259 1128 2414 1190 κότος
2444 1128 2539 1196 τῆν
2591 1129 2831 1195 ἄγνοιαν,
2873 1126 2966 1179 καὶ
3006 1126 3066 1177 τὸ
3121 1125 3397 1193 δυσμαθὲς
3444 1127 3543 1177 οὐκ
3593 1127 3850 1192 αἰσχυνο-

2261 1222 2446 1291 μένου,
2473 1220 2890 1274 καταλευκαίνει
2913 1220 3099 1272 λοιπὸν
3151 1219 3212 1270 τὸ
3241 1221 3305 1270 ἐκ
3365 1218 3462 1287 τῆς
3491 1218 3734 1288 ὁράσεως
3759 1217 3847 1270 αῖρ

2258 1330 2448 1382 νιγμα,
2495 1313 2589 1366 καὶ
2618 1309 2728 1365 οἷον
2765 1311 2839 1374 ὡς
2867 1311 2928 1374 ἐξ
2957 1311 3164 1372 εἰκόνος
3193 1309 3470 1379 ἐμφανοῦς
3494 1327 3554 1360 τε
3596 1310 3678 1362 κα“
3707 1311 3845 1375 ὁρω-

2261 1405 2427 1475 μένης
2452 1404 2542 1456 τὸν
2565 1405 2622 1457 ὲν
2646 1404 2783 1473 αὐτῇ
2819 1400 3124 1471 λεληθότως
3147 1399 3464 1469 ἐγκείμενον
3495 1398 3841 1469 διερμηνεύει

2258 1496 2479 1549 σκοπόν.
2522 1513 2539 1545 ι
2583 1491 2751 1556 Οὗτος
2775 1493 2903 1563 γὰρ,
2937 1493 3135 1562 φησιν,
3192 1493 3221 1544 6
3263 1491 3419 1558 λόγος
3450 1491 3656 1560 Κυρίου
3704 1493 3841 1561 πρὸς

2255 1585 2577 1657 Ζοροϐάϐελ,
2617 1584 2809 1647 λέγων·
2865 1584 2977 1636 Οὐκ
3006 1586 3063 1635 ὲν
3095 1582 3321 1651 δυνάμει
3366 1581 3600 1652 μεγάλῃ,
3635 1581 3752 1632 οὐδὲ
3779 1584 3838 1635 ὲν

2258 1673 2424 1743 ίσχύῖ,
2479 1672 2676 1726 ἁλλ’ὲν
2730 1670 3009 1741 Πνεύματί
3057 1688 3196 1740 μου,
3249 1670 3397 1737 λέγει
3460 1669 3664 1738 Κύριος
3703 1685 3838 1722 παν-

2254 1765 2558 1836 τοκράτωρ.
2594 1783 2613 1816 ι
2648 1765 2870 1834 Ὅμοιον
2895 1764 2969 1826 ὡς
3011 1765 3059 1814 εἰ
3099 1762 3244 1829 λέγοι
3295 1761 3478 1830 τυχὸν,
3511 1761 3594 1813 ὅτι
3656 1762 3837 1814 πάντα

577 1849 776 1900 virtute
807 1844 1042 1913 Spiritus
1073 1848 1270 1913 sancti,
1303 1858 1356 1902 et
1388 1858 1445 1902 ut
1472 1863 1536 1902 ex
1562 1848 1744 1902 divino
1770 1857 1922 1901 nutu.
1953 1846 2146 1901 Factus

2252 1856 2419 1909 ταῦτα
2444 1855 2513 1908 τὰ
2540 1854 2788 1925 ὁρώμενα
2818 1858 2897 1917 εἰς
2926 1853 3099 1925 πέρας
3135 1852 3253 1924 ἥξει
3289 1852 3435 1905 κατὰ
3467 1853 3713 1922 καιροὺς,
3740 1854 3840 1905 οὒκ

581 1947 664 1989 est
734 1937 1001 2005 siquidem
1076 1938 1236 1993 homo
1286 1939 1457 1993 nostri
1514 1938 1709 1992 similis
1763 1937 2087 2006 Uuigenitns
2131 1954 2144 1990 :

580 2037 950 2080 verumtamen
985 2042 1092 2081 non
1121 2027 1338 2082 bellavit
1360 2028 1628 2098 corporali
1661 2029 1841 2090 modo,
1875 2037 1934 2079 ut
1971 2026 2148 2081 Eccle-

579 2120 715 2171 siam
749 2119 900 2184 quasi
937 2118 1201 2186 quoddam
1227 2118 1612 2172 candelabrum
1644 2118 1846 2171 mundo
1874 2117 2143 2184 erigeret:

580 2222 756 2274 neque
787 2209 1016 2275 sumptis
1043 2210 1210 2261 armis
1235 2222 1448 2261 sensum
1481 2207 1846 2274 tangentibus,
1874 2213 1927 2258 et
1949 2205 2145 2258 cohor-

579 2297 721 2351 tibus
747 2297 1013 2352 bellicosis
1038 2300 1171 2352 duos
1201 2298 1426 2367 populos
1462 2296 1562 2352 sibi
1597 2296 1861 2362 adjunxit,
1893 2305 1986 2349 aut
2014 2295 2148 2349 duas

581 2388 830 2441 lucernas
867 2389 1046 2442 animo
1090 2387 1447 2457 aspectabiles
1491 2387 1817 2442 candelabro
1867 2386 2144 2452 imposuit,

577 2480 670 2530 sed
711 2479 764 2532 in
803 2481 992 2534 robore
1039 2478 1275 2548 Spiritus
1306 2478 1480 2533 sancti
1535 2477 1743 2532 creavit
1786 2477 1838 2530 in
1887 2476 2147 2530 Ecclesiis

579 2572 810 2636 primum
852 2571 1143 2637 apostolos,
1179 2571 1371 2624 deinde
1416 2569 1730 2638 prophetas,
1783 2576 1838 2621 et
1866 2566 2145 2635 evangeli-

575 2670 707 2719 stas.
733 2669 786 2713 et
818 2661 1086 2730 reliquum
1117 2677 1331 2716 omnem
1361 2669 1670 2715 sanctorum
1697 2666 1920 2720 emtum,
1950 2657 2146 2710 divinis

572 2750 993 2805 charismatibus
1021 2767 1114 2806 eos
1151 2752 1398 2820 impleas,
1430 2759 1484 2804 et
1543 2747 1857 2816 irrigatione
1913 2743 2146 2814 Spiritus

577 2841 804 2895 ubertim
840 2844 1242 2912 pinguefaciens
1266 2843 1331 2896 ’³.
1365 2843 1550 2908 Itaque
1595 2854 1700 2892 non
1737 2839 1789 2890 iu
1832 2837 2146 2893 fortitudine

577 2949 792 3003 magna,
829 2950 925 2989 uec
957 2937 1007 2989 in
1046 2938 1240 2990 robore
1264 2933 1490 2996 carnali,
1528 2932 1620 2986 sed
1657 2931 1710 2984 in
1742 2931 1941 2985 virtute
1971 2930 2145 3000 Spiri-

579 3035 664 3078 tus
707 3043 736 3078 a
782 3026 1000 3082 Christo
1047 3029 1312 3097 spoliatus
1362 3034 1448 3078 est
1488 3022 1741 3087 Satanas,
1791 3037 1912 3078 cum
1945 3037 2051 3092 quo
2093 3031 2148 3076 et

575 3120 1004 3173 adversariarum
1053 3127 1378 3189 potestatum
1400 3115 1540 3182 globi
1573 3116 1908 3181 ceciderunt,
1937 3115 2144 3169 vocati-

574 3226 678 3276 que
724 3219 848 3264 sunt
891 3212 960 3264 ad
1004 3211 1330 3279 agnitionem
1384 3206 1476 3262 Dei
1509 3223 1602 3275 per
1636 3207 1793 3261 fidem
1841 3216 1898 3260 et
1934 3207 2025 3276 qui
2077 3221 2144 3260 ex

573 3301 761 3368 Israel,
801 3313 855 3358 et
905 3303 993 3370 qui
1031 3301 1321 3370 aliquando
1370 3318 1389 3350 ι
1422 3308 1685 3354 creatura:
1720 3299 1898 3368 potius
1943 3296 2144 3351 servie-

584 3406 705 3448 rant
754 3411 912 3464 quam
942 3392 1186 3446 Creatori
1210 3390 1275 3443 “.
1311 3409 1329 3440 ι
1379 3390 1642 3444 Exhibitus
1690 3398 1816 3444 sunt
1857 3389 2019 3442 etiam
2089 3386 2141 3440 in

576 3486 830 3540 ECl'ICSiiS
876 3486 1126 3544 lucernze,
1168 3483 1218 3536 id
1247 3493 1329 3536 est
1382 3481 1578 3544 sancti,
1611 3495 1714 3533 una
1744 3479 1987 3534 lucentes
2019 3474 2144 3532 cum

573 3578 842 3648 lampade,
891 3575 1130 3636 Christo,
1188 3576 1423 3640 inquam.
1473 3571 1716 3625 Fuerunt
1769 3584 2024 3637 namque,
2087 3579 2145 3621 ut

572 3668 787 3733 quidem
821 3673 900 3720 est
939 3665 1077 3731 apud
1105 3663 1562 3731 sapientissimum
1619 3660 1863 3724 Paulum,
1921 3677 1940 3711 ι
1969 3660 2134 3713 lumi-

574 3758 724 3810 naria
789 3757 839 3809 in
898 3756 1122 3818 mundo,
1183 3755 1404 3807 verbum
1465 3754 1584 3808 vitae
1652 3751 2082 3807 continentes".
2119 3769 2137 3802 ι

572 3848 727 3913 Quod
778 3856 956 3899 autem
1018 3845 1330 3897 Emmanuel
1391 3859 1494 3896 non
1545 3859 1727 3908 manu,
1772 3857 1864 3896 seu
1906 3844 2140 3912 potentia

574 3938 830 3998 humana,
875 3935 967 3987 sed
1021 3935 1225 3988 viribus
1267 3935 1382 3989 suis
1415 3942 1667 4001 tanquam
1703 3933 1844 3987 Deus
1886 3935 2141 3988 mundum

573 4026 883 4087 salvat-erit,
935 4034 1159 4079 testatus
1188 4033 1270 4078 est
1317 4034 1370 4078 et
1409 4040 1504 4092 per
1535 4024 1751 4089 Oscam,
1801 4025 1940 4092 apud
1982 4041 2140 4093 quem

573 4117 676 4169 ista
723 4114 973 4183 leguntur
1008 4132 1020 4168 :
1060 4132 1079 4165 ι
1115 4113 1368 4166 Filiorum
1414 4121 1592 4166 autem
1641 4110 1776 4166 Juda
1821 4113 2137 4179 miserebor,

571 4215 624 4260 et
650 4204 868 4259 salvabo
905 4219 999 4258 eos
1046 4206 1098 4258 iu
1135 4203 1360 4258 Domino
1397 4204 1509 4258 Deo
1538 4220 1660 4271 suo,
1691 4215 1745 4260 et
1792 4221 1895 4260 non
1924 4207 2140 4262 salrabo

574 4311 668 4350 eos
695 4297 746 4348 in
782 4311 934 4362 arcu,
972 4307 1152 4365 neque
1185 4297 1236 4350 in
1265 4295 1461 4366 gladio,
1491 4312 1666 4365 neque
1703 4298 1753 4351 in
1782 4299 1939 4361 bello,
1968 4315 2142 4368 neque

573 4388 628 4441 in
661 4386 928 4450 curribus,
977 4401 1152 4454 neque
1183 4387 1235 4439 in
1283 4387 1454 4454 equis,
1491 4389 1747 4456 nequein
1788 4390 2081 4458 equitibus.
2117 4408 2135 4441 ι

574 4476 1086 4531 Peraccommodate
1141 4485 1320 4530 autem
1393 4478 1613 4531 verbum
1664 4478 1864 4533 factum
1934 4488 2018 4534 est
2074 4480 2140 4534 ad
2178 4517 2223 4574 Β

573 4567 871 4621 Zorobabel
891 4568 1060 4638 686
1085 4568 1149 4621 de
1181 4567 1321 4622 tribu
1352 4566 1487 4621 Juda
1510 4582 1680 4637 genus
1707 4570 2016 4633 ducentem,
2049 4570 2140 4637 qui

572 4660 624 4713 id
671 4660 928 4727 temporis
976 4663 1155 4714 sedem
1204 4658 1351 4727 regni
1406 4656 1797 4731 Hierosolymis
1837 4661 2138 4716 obtinebat.

572 4751 783 4804 Etenim
824 4767 890 4803 ne
924 4749 1057 4803 adeo
1092 4749 1392 4818 insignibus
1415 4749 1862 4819 admirandisque
1885 4751 2140 4818 cperibus

571 4843 675 4895 sibi
702 4841 1075 4910 praenuntiatis
1099 4841 1496 4910 expeditionem
1525 4842 1813 4910 aliquando
1835 4841 2131 4907 suscipien-

571 4937 717 4993 dam,
749 4941 804 4986 et.
837 4931 1022 5001 prtelia
1062 4932 1305 4988 facienda
1333 4934 1710 4995 arbitraretur,
1739 4933 1803 4984 ab
1838 4931 2141 4996 hujusmodi

574 5022 782 5077 frivolis
832 5033 885 5075 et
926 5023 1173 5078 humanis
1230 5022 1652 5088 cogitationibus
1698 5035 1821 5074 eum
1869 5021 2143 5074 deterren—

572 5113 698 5164 dum
735 5114 960 5181 putavit,
993 5114 1277 5181 potiusque
1322 5109 1725 5176 sentircjussit,
1761 5109 1995 5162 divinam
2034 5109 2142 5165 eﬂi-

571 5205 876 5270 cacitatem,
911 5214 964 5259 et
997 5205 1304 5259 facultatem
1334 5219 1440 5256 nou
1470 5202 1784 5260 humanam.
1817 5201 1908 5254 sed
1941 5200 2140 5254 Christi

575 5297 696 5347 talia
735 5296 1004 5349 molientis
1031 5312 1173 5349 CSSC.
1223 5292 1564 5346 Meminimus
1611 5304 1770 5357 porro
1802 5306 1898 5344 nos
1940 5292 2141 5353 dicere,

572 5397 625 5440 et
664 5388 836 5456 ipsum
873 5387 1281 5449 Zorobabelem,
1324 5394 1378 5436 ut
1419 5399 1484 5437 ex
1539 5383 1681 5436 tribu
1713 5382 1850 5438 Juda
1892 5398 2146 5452 procrea-

577 5489 686 5532 tum
737 5491 792 5534 et
851 5493 1068 5547 regem,
1118 5476 1429 5541 signiﬁcare
1489 5474 1798 5538 Christum,
1858 5475 2144 5541 conjuncta

577 5574 739 5627 etiam
769 5569 898 5625 Jesu
935 5569 1043 5622 lilio
1080 5566 1329 5629 Josedec,
1377 5576 1435 5618 ut
1481 5566 1724 5620 simulet
1778 5567 1832 5620 in
1885 5581 1986 5618 una
2024 5580 2146 5633 per-

653 5743 698 5772 "
731 5736 900 5793 iCor.
933 5753 1028 5800 tu,
1052 5736 1141 5789 28.
1218 5733 1263 5769 ’ί
1290 5739 1443 5792 ltom.
1478 5755 1514 5804 l,
1539 5739 1628 5794 '"25.

1707 5741 1752 5771 "
1781 5740 2010 5810 Philipp.
2049 5755 2104 5805 ll,
2140 5740 2218 5794 lG.

2249 1951 2565 2021 ἀνθρωπεία
2588 1950 2811 2017 δυνάμει
2838 1945 3269 2017 κατορθούμενα,
3309 1945 3432 1998 οὕτε
3469 1945 3573 2015 μὴν
3600 1947 3656 1997 ὲν
3694 1945 3842 2013 ἰσχύϊ

2253 2045 2509 2112 σαρκικῇ,
2539 2041 2652 2094 ἁλλ’
2681 2043 2737 2093 ὲν
2787 2041 3016 2109 δυνάμει
3071 2036 3390 2108 Πνεύματος
3424 2038 3606 2104 ἁγίου,
3647 2038 3837 2099 miti);

2249 2131 2315 2182 ὲκ
2341 2129 2497 2181 θείων
2536 2129 2930 2200 διανευμάτων.
2974 2129 3168 2197 Γέγονε
3229 2129 3326 2199 μὲν
3383 2127 3490 2198 γὰρ
3537 2127 3635 2180 ἄνθ
3653 2143 3838 2197 ρωπος

2249 2220 2370 2274 καθ’
2397 2222 2542 2291 ἡμᾶς
2569 2222 2597 2273 6
2629 2222 2960 2290 Μονὸγενής·
2993 2220 3128 2290 πλὴν
3151 2221 3210 2272 οὐ
3262 2219 3617 2288 πεπολέμηκε
3644 2234 3836 2282 σαρκι-

2249 2312 2381 2375 κῶς,
2415 2313 2500 2364 ἵνα
2540 2311 2791 2382 καθάπερ
2813 2313 2936 2364 τινὰ
2982 2311 3204 2380 λυχνίαν
3233 2312 3518 2381 ἀναστήσῃ
3540 2309 3617 2378 τῷ
3646 2309 3835 2378 κόσμῳ

2247 2404 2345 2473 τὴν
2378 2403 2723 2472 Ἐκκλησίαν·
2764 2403 2861 2471 οὐχ
2888 2402 3030 2455 ὅπλα
3062 2402 3293 2471 κινήσας
3322 2401 3578 2470 αἰσθητὰ,
3608 2401 3700 2452 καὶ
3735 2416 3836 2468 μα-

2249 2494 2424 2563 χίμων
2446 2493 2732 2561 φάλαγγας
2760 2493 3100 2564 παρέστησεν
3125 2492 3302 2561 ἑαυτῷ
3328 2493 3454 2554 τοὺς
3483 2491 3576 2543 δύο
3593 2490 3612 2541 )
3628 2491 3775 2552 αοὺς,
3797 2490 3831 2558 ἢ

2247 2586 2372 2647 τοὺς
2392 2584 2618 2654 λύχνους
2643 2585 2766 2647 τοὺς
2797 2585 3022 2654 νοητοὺς
3075 2583 3313 2654 ἐπέθηκε
3371 2585 3435 2652 τῇ
3474 2581 3684 2651 λυχνίᾳ,
3718 2579 3835 2632 ἀλλ’

2249 2676 2306 2728 ἐν
2339 2675 2482 2746 ίσχύῖ
2517 2676 2832 2746 Πνεύματος
2883 2676 3041 2743 ἁγίου
3098 2676 3545 2745 κεχειροτόνηκεν
3602 2673 3660 2724 ἐν
3712 2673 3834 2735 ταῖς

2262 2766 2606 2836 Ἐκκλησίαις
2633 2767 2852 2838 πρῶτον
2897 2767 3252 2831 ἀποστόλους,
3305 2765 3556 2836 δεύτερον
3614 2765 3834 2834 προφή-

2246 2881 2348 2927 τας
2395 2865 2490 2919 καὶ
2532 2864 2945 2934 εὐαγγελιστὰς,
3002 2865 3094 2917 καὶ
3124 2864 3221 2935 τὴν
3266 2863 3432 2933 ἄλλην
3458 2864 3674 2916 ἃπασαν
3721 2861 3832 2914 τῶν

2249 2957 2418 3024 ἁγίων
2446 2959 2737 3027 ὁμήγυριν,
2769 2957 2927 3009 θείων
2949 2957 3146 3019 αὐτοὺς
3197 2955 3554 3026 χαρισμάτων
3591 2955 3834 3021 ἀναπιμ-

2251 3045 2413 3110 τύκὰς,
2461 3046 2557 3098 καὶ
2600 3048 2667 3116 τῇ
2719 3045 2814 3098 τοῦ
2856 3044 3173 3115 Πνεύματος
3235 3044 3389 3113 χύσει
3451 3042 3832 3096 καταπιαίνων

2251 3134 2541 3196 πλουσίως.
2567 3134 2776 3187 Οὐκοῦν
2797 3134 2899 3186 οὐκ
2945 3135 3002 3185 ὲν
3037 3133 3264 3196 δυνάμει
3311 3133 3542 3203 μεγάλη.
3604 3132 3723 3183 οὐδὲ
3772 3132 3833 3184 ἐν

2257 3225 2402 3296 ίσχύῖ
2422 3227 2486 3296 τῇ
2521 3227 2755 3296 σαρκικῇ
2792 3223 2943 3294 παρὰ
2974 3223 3231 3294 Χριστοῦ,
3265 3224 3378 3276 ἁλλ’
3406 3223 3481 3286 ὡς
3515 3225 3571 3274 ὲν
3599 3223 3832 3290 δυνάμει

2251 3315 2569 3385 Πνεύματος
2598 3315 2915 3368 ὲσκυλεύετο
2944 3315 3042 3385 μὲν
3065 3315 3093 3366 6
3120 3314 3381 3376 Σατανᾶς.
3407 3314 3632 3365 ἔπιπτον
3657 3313 3713 3364 δὲ
3735 3313 3834 3364 σὺν

2251 3405 2401 3475 αὐτῷ
2429 3406 2524 3459 καὶ
2551 3405 2620 3458 τὰ
2643 3405 2753 3458 τῶν
2779 3404 3171 3475 ἀντικειμένων
3194 3405 3472 3473 δυνάμεων
3509 3405 3694 3471 στίφη,
3734 3406 3836 3456 καὶ
3924 3408 3928 3412 ’

2253 3496 2542 3550 ἐκαλοῦντο
2573 3495 2709 3564 πρὸς
2764 3494 3093 3564 θεογνωσίαν
3139 3494 3226 3546 διὰ
3281 3493 3376 3560 τῆς
3403 3492 3660 3552 πίστεως,
3691 3493 3745 3543 οἵ
3771 3511 3837 3546 τε

2251 3583 2312 3647 ἐξ
2379 3581 2592 3653 Ἰσραὴλ
2658 3585 2753 3636 καὶ
2810 3584 2860 3635 οἱ
2915 3582 3081 3636 πάλαι
3133 3600 3151 3632 ι
3184 3583 3250 3650 τῇ
3307 3579 3479 3632 κτίσει
3541 3580 3693 3648 παρὰ
3739 3581 3836 3634 τὸν

2253 3675 2477 3744 κτίστην
2524 3674 2961 3744 λελατρευκότες.
3005 3692 3023 3724 ι
3076 3672 3473 3724 Ἀνεδείκνυντο
3526 3671 3582 3723 δὲ
3637 3673 3730 3724 καὶ
3771 3675 3833 3723 ἐν

2250 3769 2368 3828 ταῖς
2411 3764 2760 3836 Ἐκκλησίαις
2827 3765 2876 3815 οἱ
2925 3762 3132 3831 λύχνοι,
3175 3759 3486 3821 τουτέστιν,
3545 3763 3594 3812 οί
3645 3761 3830 3826 ἅγιοι,

2252 3856 2718 3927 συνεκλάμποντες
2768 3853 2846 3923 τῷ
2894 3851 3209 3922 λαμπαδίῳ,
3251 3851 3393 3918 φημὶ
3442 3850 3528 3920 δὴ.
3566 3851 3828 3921 Χριστῷ,

2249 3948 2507 4016 Γεγόνασι
2527 3946 2656 4017 γὰρ,
2687 3945 2761 4008 ὼς
2798 3944 2928 4012 γοῦν
2979 3945 3008 3996 6
3077 3942 3384 4012 σοφώτατος
3428 3943 3627 4011 γράφει
3679 3943 3828 3994 Παῦ-

2249 4037 2359 4099 λος,
2399 4055 2418 4086 ι
2459 4037 2742 4106 φωστῆρες
2769 4036 2824 4087 ἐν
2854 4034 3063 4103 κόσμῳ,
3113 4033 3268 4100 λόγον
3298 4031 3442 4100 ζωῆς
3476 4033 3777 4100 ἐπέχοντες.
3801 4049 3820 4080 ›

2252 4129 2375 4180 Ὅτι
2405 4127 2462 4178 δὲ
2489 4127 2589 4179 οὐκ
2614 4125 2928 4194 ἀνθρωπεία
2947 4124 3092 4192 χειρὶ
3113 4124 3320 4175 σέσωκε
3343 4122 3438 4192 τὴν
3469 4123 3556 4173 ὑπ’
3579 4122 3826 4191 οὐρανὸν,

2249 4218 2363 4270 ἀλλ’
2391 4217 2546 4278 ἰδίαις
2573 4216 2866 4284 δυνάμεσιν
2894 4215 2968 4277 ὼς
2993 4215 3122 4276 Θεὸς
3142 4216 3169 4267 6
3193 4212 3558 4282 Ἐμμανουὴλ,
3603 4212 3827 4282 διεμαρ-

2250 4306 2450 4376 τύρατο
2513 4304 2687 4370 λέγων
2745 4303 2838 4355 καὶ
2889 4302 2978 4354 διὰ
3033 4303 3217 4371 φωνῆς
3269 4302 3448 4371 Ὡσηέ.
3503 4301 3655 4369 Ἔχει
3717 4302 3827 4370 γὰρ

2249 4403 2412 4456 οὕτω·
2449 4421 2468 4452 ι
2507 4402 2648 4463 Τοὺς
2675 4400 2732 4452 δὲ
2767 4402 2916 4463 υἱοὺς
2965 4400 3131 4453 Ἰούδα
3158 4400 3385 4470 ὲλεήσω,
3413 4398 3507 4450 καὶ
3556 4397 3714 4450 σώσω
3738 4399 3828 4450 αύ-

2249 4495 2375 4556 τοὺς
2408 4493 2466 4544 ἐν
2497 4491 2686 4562 Κυρίῳ
2726 4489 2845 4560 Θεῷ
2873 4489 3071 4552 αὐτῶν,
3098 4491 3194 4542 καὶ
3235 4489 3295 4540 οὐ
3339 4487 3498 4538 σώσω
3530 4488 3729 4550 αὐτοὺς
3765 4490 3824 4540 ὲν

2249 4583 2410 4652 τόξῳ,
2463 4580 2586 4633 οὔτε
2644 4581 2701 4632 ὲν
2753 4580 3022 4650 ῥομφαία,
3069 4578 3194 4631 οὔτε
3238 4581 3296 4632 ἐν
3330 4579 3573 4647 πολέμῳ,
3605 4578 3725 4631 οὐδὲ
3769 4579 3827 4630 ὲν

2251 4673 2509 4742 ἅρμασιν,
2533 4671 2653 4722 οὐδὲ
2683 4673 2739 4724 ὲν
2770 4672 2990 4732 ἵπποις,
3043 4670 3163 4722 οὐδὲ
3205 4671 3261 4720 ἐν
3300 4668 3572 4723 ἱππεῦσιν.
3613 4688 3631 4718 ι
3670 4664 3740 4721 Εὖ
3771 4668 3828 4720 δὲ

2247 4761 2310 4831 δὴ
2337 4761 2542 4832 σφόδρα
2575 4760 2710 4831 πρὸς
2741 4760 3044 4831 Ζοροϐάϐελ
3095 4762 3123 4811 6
3154 4759 3308 4826 λόγος
3328 4755 3414 4829 ἦν,
3441 4760 3532 4812 τὸν
3555 4760 3612 4824 ἐξ
3660 4758 3828 4812 Ἰούδα

2248 4853 2442 4922 φυλῆς,
2489 4853 2740 4906 διέποντα
2783 4853 2844 4905 τὸ
2893 4851 3195 4920 τηνικαῦτα
3229 4851 3354 4911 τοὺς
3413 4852 3514 4919 τῆς
3556 4849 3829 4919 βασιλείας

2251 4942 2460 5005 θώκους
2502 4945 2559 4994 ὲν
2600 4943 2975 5013 Ἰερουσαλήμ.
3005 4943 3122 4995 Ἵνα
3145 4941 3256 5011 γὰρ
3287 4943 3359 5010 μὴ
3390 4941 3500 4993 τῶν
3525 4940 3668 4992 οὕτω
3691 4940 3829 5008 λαμ-

2253 5031 2408 5099 πρῶν
2468 5031 2560 5084 καὶ
2609 5030 2954 5098 ἁξιαγάστων
3008 5030 3450 5101 κατορθωμάτων
3515 5029 3664 5098 αὐτῷ
3697 5047 3826 5096 προ-

2250 5121 2687 5191 απηγγελμένων
2718 5121 2986 5190 πολέμους
3019 5121 3203 5183 οἴοιτο,
3246 5120 3338 5172 καὶ
3381 5120 3558 5188 μάχας
3590 5135 3824 5187 συγκρο-

2249 5210 2581 5281 τηθήσεσθαι
2629 5211 2770 5262 κατὰ
2799 5211 3043 5275 καιροὺς,
3075 5209 3347 5277 ἐξίστησιν
3383 5207 3700 5273 ἀναγκαίως
3731 5207 3826 5258 αὐ-

2251 5301 2342 5353 τὸν
2399 5301 2506 5352 τῶν
2557 5299 2699 5352 οὕτω
2744 5299 2957 5369 σαθρῶν
3010 5300 3105 5352 καὶ
3155 5299 3510 5367 ἀνθρωπίνων
3565 5298 3822 5358 ἐννοιῶν,

2253 5389 2551 5442 διακεῖσθαι
2583 5390 2639 5442 δὲ
2668 5389 2868 5458 μᾶλλον
2919 5391 3301 5459 προστέταχεν,
3332 5391 3410 5441 ὅτι
3444 5388 3753 5456 θεοπρεπὴς
3791 5390 3822 5456 ἡ

2253 5475 2524 5545 ἐνέργεια,
2560 5478 2712 5546 καὶὴ
2750 5475 2976 5545 δύναμις
3022 5478 3121 5528 οὐκ
3145 5473 3477 5546 ἀνθρωπίνη,
3511 5475 3604 5526 τοῦ
3640 5477 3826 5528 52am:-

2257 5565 2531 5636 ραίνοντος
2562 5566 2629 5618 τὰ
2659 5565 2831 5618 τοιάδε
2855 5565 3113 5635 Χριστοῦ.
3145 5564 3484 5635 Μεμνήμεθα
3509 5561 3585 5628 δὲ,
3621 5563 3703 5625 ὅτι
3732 5565 3824 5617 καὶ
