4080 6284
319 280 387 335 65
1159 280 1698 340 COMMENTARIUS
1737 283 1802 338 IN
1844 284 2237 340 ZACHARIAM
2279 286 2718 346 PROPHETAM.
3498 302 3566 358 66

318 392 480 446 αὑτὸν
501 394 591 458 τὸν
620 393 921 465 Ζοροϐάϐελ
961 393 1034 457 ὡς
1059 395 1121 447 ἐκ
1152 397 1323 465 φυλῆς
1362 396 1526 450 ’ἰούδα
1546 437 1560 460 ,
1613 398 1705 452 καὶ
1743 399 1844 469 βασ

1952 443 1958 461 ,
1990 415 2118 454 sena
2154 402 2465 458 Emmanuel
2495 418 2551 462 et
2589 419 2680 458 rex
2727 415 2780 458 et
2823 420 3064 464 summus
3097 415 3349 471 sacerdos
3403 417 3563 470 intui-

316 483 413 538 λέα
446 485 784 555 παραδηλοῦν
828 485 1087 554 ἐλέγομεν
1130 487 1213 554 ἐφ’
1265 486 1444 556 ἑαυτῷ
1494 488 1586 542 τὸν
1626 490 1879 560 Χριστὸν,
1993 492 2208 562 ligatur.

313 579 660 646 συνημμένου
687 579 741 631 δὲ
779 579 873 632 καὶ
913 579 1086 646 Ἰησοῦ
1117 577 1210 632 τ·υῦ
1265 580 1530 648 Ἰωσεδὲκ,
1588 584 1653 636 ἵν’
1685 585 1742 637 ὲν
1802 584 1986 655 ταυτῷ
2053 591 2224 641 νοοῖτο
2273 586 2525 656 βασιλεύς
2579 607 2638 642 τε
2687 591 2804 662 ἅμα
2868 595 2960 648 καὶ
3007 597 3292 669 ἀρχιερεὺς
3350 600 3381 652 6
3438 602 3562 670 Ἐμ-

319 671 579 741 μανουήλ.

390 767 484 830 Τίς
517 763 571 819 εἷ
597 765 699 829 σὺ,
738 767 806 821 τὸ
830 767 970 835 ὄρος
1004 769 1071 823 τὸ
1095 769 1268 840 μέγα,
1311 771 1378 824 τὸ
1409 773 1523 842 πρὸ
1558 774 1880 840 προσώπου

313 858 662 925 Ζοροϐάϐελ,
692 860 799 913 τοῦ
827 860 1237 929 κατορθῶσαι;
1270 865 1377 917 Kal
1403 865 1621 928 ἐξοίσω
1646 867 1754 919 τὸν
1785 866 1878 920 λί-

310 950 417 999 θον
468 947 577 1014 τῆς
621 950 1056 1019 κληρονομίας,
1105 952 1332 1022 ίσότητι
1388 954 1628 1023 χάριτος
1669 956 1879 1024 χάριτα

307 1036 516 1104 αὐτῆς.

378 1129 503 1182 KE'.
544 1130 875 1199 Δυσέφικτον
901 1134 998 1203 μὲν
1025 1136 1220 1206 κομιδῇ
1248 1136 1310 1190 16
1341 1137 1719 1208 προκείμενον·
1740 1139 1878 1210 πλὴν

306 1219 541 1288 ἐροῦμεν
589 1222 750 1290 ἡμεῖς
781 1223 843 1274 τό
895 1240 959 1291 γε
1012 1225 1088 1287 ὡς
1130 1227 1327 1296 ἄριστα
1379 1228 1474 1280 καὶ¹
1520 1229 1694 1299 ὀρθῶς
1736 1229 1878 1300 ἔχειν

306 1311 731 1379 ὑπειλημμένον.
771 1314 955 1366 Ἔοικε
982 1315 1163 1369 τοίνυν
1203 1320 1231 1371 6
1271 1318 1428 1386 λόγος
1464 1321 1746 1390 μονονουχὶ
1785 1321 1878 1374 καὶ

304 1401 564 1471 ἐπιτιμᾷν
591 1403 667 1472 τῷ
691 1402 807 1474 ὄρει
850 1405 929 1475 τῷ
969 1408 1207 1477 μεγάλῳ,
1239 1411 1517 1474 τουτέστι,
1551 1411 1628 1480 τῷ
1662 1413 1876 1483 Σατανᾷ

302 1491 810 1564 κατεξανισταμὲνῳ
841 1513 899 1547 τε
926 1498 1020 1551 καὶ
1048 1497 1393 1566 ἀντεξάγοντι
1417 1501 1494 1570 τῷ
1517 1501 1754 1572 Χριστῷ,
1773 1503 1875 1571 τῆς

301 1583 466 1635 αὑτοῦ
513 1585 838 1655 δυστροπίας
890 1589 990 1657 τὴν
1042 1589 1291 1659 δύναμιν,
1339 1591 1367 1642 6
1415 1591 1477 1662 δὴ
1520 1593 1615 1644 καὶ
1661 1593 1718 1646 ὲν
1759 1597 1871 1657 τοῖς

2062 772 2222 824 Vens.
2250 772 2300 823 7.
2351 771 2480 835 Quis
2507 789 2559 825 es
2593 784 2670 836 In,
2712 791 2858 828 mons
2893 776 2982 829 ille
3028 795 3268 849 magnus,
3309 800 3427 844 ante
3474 795 3558 860 ιά-

1987 861 2114 913 ciem
2167 860 2490 925 Zorububel,
2526 872 2582 915 ut
2629 865 2888 919 instaures
2918 867 2942 920 ?
2977 867 3043 920 Et
3070 873 3287 927 educam
3327 879 3554 946 lapidem

1985 954 2326 1018 hwredilatt‘s,
2350 954 2646 1022 a’qualitale
2667 959 2851 1024 gratia:
2884 961 3108 1028 gratiam
3137 964 3271 1032 ejus.

2077 1127 2254 1184 XXV.
2333 1130 2689 1190 Diﬂicillimus
2757 1137 3025 1193 intellectu
3091 1141 3237 1197 locus
3303 1152 3552 1214 proposi-

1987 1227 2120 1272 tus:
2165 1231 2536 1277 verumtamen
2598 1227 2737 1291 quod
2786 1230 3086 1284 rectissime
3133 1245 3293 1300 atque
3351 1241 3552 1305 optime

1982 1309 2088 1364 dici
2145 1328 2301 1379 posse
2351 1317 2806 1385 existimavimus,
2841 1320 2891 1372 id
2954 1323 3004 1375 in
3062 1325 3294 1378 medium
3362 1328 3552 1386 affere-

1978 1417 2116 1457 mus.
2175 1402 2401 1459 Videtur
2439 1407 2620 1475 itaque
2679 1425 2859 1464 sermo
2895 1414 3126 1480 quadam
3179 1417 3549 1488 objurgatione

1975 1493 2244 1548 incessere
2272 1506 2504 1550 montem
2539 1513 2814 1567 maguum,
2874 1513 2998 1571 puta
3039 1503 3291 1561 Satanam
3350 1520 3542 1564 contra

1975 1583 2251 1637 Christum
2290 1585 2677 1655 insurgentem,
2709 1598 2762 1644 et
2798 1593 3168 1658 perversitatis
3217 1613 3328 1652 suae
3356 1612 3546 1668 poten-

298 1673 554 1743 ἀνωτέρω
603 1676 763 1728 πάλιν
823 1679 951 1747 ἡμῖν
1005 1681 1418 1750 αἰνιγματωδῶς
1474 1685 1848 1753 κατεγράφετο

1978 1673 2126 1737 tiam,
2168 1675 2320 1740 quasi
2357 1675 2526 1728 aciem
2556 1689 2744 1731 contra
2779 1692 3204 1747 promoventem,
3234 1689 3374 1754 quod
3416 1689 3542 1742 item

301 1763 444 1833 Ἔφη
481 1763 590 1833 γὰρ
634 1768 662 1818 6
706 1770 994 1840 προφήτης
1027 1772 1313 1824 τεθεᾶσθαι
1371 1774 1470 1842 μὲν
1524 1775 1732 1842 Ἰησοῦν
1779 1776 1872 1827 τὸν

297 1853 448 1923 ίερέα
489 1853 582 1907 τὸν
614 1857 787 1925 μέγαν
812 1860 1024 1912 ἑστῶτα
1053 1862 1158 1931 πρὸ
1189 1861 1486 1932 προσώπου
1514 1863 1606 1916 τοῦ
1634 1864 1868 1930 ἀγγέλου

294 1945 522 2012 Κυρίου,
545 1947 634 1998 τὸν
667 1947 721 1999 δέ
750 1964 814 2014 γε
851 1949 1092 2004 διάϐολον
1122 1952 1332 2004 ἑστῶτα
1373 1954 1436 2004 ὲκ
1469 1952 1653 2016 δεξιῶν
1680 1944 1866 2017 αὺτδῦ,

293 2031 389 2083 τοῦ
419 2035 757 2088 ἀντικεῖσθαι
787 2037 956 2106 αὐτῷ.
986 2039 1109 2090 Ὅτι
1140 2040 1268 2110 γὰρ,
1304 2041 1428 2092 ὅσον
1457 2041 1712 2111 ἐνεχώρει
1733 2082 1746 2106 ,
1769 2044 1867 2096 καὶ

293 2115 362 2189 ἦν
395 2122 481 2173 ἐπ’
508 2123 676 2190 αὐτῷ,
715 2127 1066 2196 πεπολέμηκέ
1099 2146 1158 2181 τε
1187 2131 1280 2184 καὶ
1320 2132 1708 2203 ἀντεγήγερται
1755 2135 1864 2188 δει-

294 2210 402 2274 νῶς
434 2216 554 2276 ταῖς
587 2215 678 2266 τοῦ
718 2216 968 2288 Σωτῆρος
1001 2219 1330 2288 οἰκονομίαις
1355 2260 1370 2285 ,
1404 2223 1691 2287 καλοῦντος
1730 2225 1864 2295 πρὸς

291 2305 566 2374 σωτηρίαν
594 2305 690 2376 τὴν
733 2308 822 2359 ὑπ’
855 2310 1101 2378 οὐρανὸν,
1161 2314 1539 2384 προσκυνητὴν
1570 2315 1697 2367 ἴδιον
1729 2317 1863 2370 ἀπο-

289 2392 500 2458 φαίνειν
533 2395 711 2464 ἤθελε,
741 2398 1101 2465 παραδεικνὺς
1126 2400 1224 2469 μὲν
1247 2401 1416 2471 αὐτῷ,
1447 2405 1495 2456 εί
1529 2403 1589 2473 δὴ
1621 2422 1861 2476 προσπε-

288 2484 402 2534 σεῖν
448 2482 622 2537 ἕλοιτο
667 2487 761 2538 καὶ
819 2491 1194 2560 προσκυνῆσαι
1242 2492 1429 2563 αὐτῷ’.
1481 2491 1614 2548 Εἶτα
1657 2498 1748 2550 καὶ
1797 2499 1857 2565 ἐξ

283 2574 451 2627 αὑτοῦ
478 2574 570 2628 103
597 2576 758 2646 χοροῦ
787 2578 894 2630 τῶν
923 2579 1092 2646 ἁγίων
1121 2583 1434 2636 ἀποστόλων
1462 2585 1552 2637 τὸν
1591 2587 1856 2658 προδότην

281 2665 501 2734 ἥρπασε
533 2665 802 2736 μαθητὴν,
844 2669 1143 2733 ἀναπείσας
1176 2671 1409 2742 ὄργανον
1438 2673 1539 2738 τῆς
1589 2676 1854 2730 Ἰουδαίων

281 2755 535 2822 γενέσθαι
593 2757 935 2829 σκαιότητος.
981 2760 1331 2832 Ἐπιπλήττει
1377 2765 1440 2834 δὴ
1488 2762 1580 2819 οὖν
1623 2769 1651 2819 6
1700 2767 1854 2835 λόγος

280 2846 452 2916 αὐτῷ,
506 2846 598 2899 καί
648 2865 812 2916 φησι·
849 2867 866 2899 ι
899 2850 992 2913 Τίς
1025 2847 1074 2902 εἷ
1111 2854 1196 2916 σὺ,
1246 2854 1306 2907 16
1332 2855 1457 2925 ὅρος
1485 2857 1546 2908 16
1588 2857 1761 2926 μέγα,
1791 2859 1853 2910 τὸ

279 2936 387 3006 πρὸ
427 2939 714 3008 προσώπου
761 2939 853 2992 τοῦ
899 2941 1222 3011 Ζοροϐάϐελ,
1265 2945 1358 3000 τοῦ
1404 2949 1782 3018 κατορθῶσαι;
1826 2969 1844 3001 ι

1973 1779 2154 1832 supra,
2193 1781 2496 1834 quanquam
2534 1770 2632 1821 sub
2671 1769 2956 1835 velamine,
2996 1775 3150 1827 nobis
3197 1777 3543 1833 describeba-

1975 1861 2078 1906 tur.
2113 1853 2333 1907 Dicebat
2362 1854 2505 1907 enim
2540 1857 2800 1924 propheta
2861 1872 2922 1912 se
2977 1861 3175 1915 vidisse
3206 1862 3390 1917 Iesum
3452 1883 3542 1920 sa-

1970 1945 2238 1997 cerdotem
2284 1960 2532 2014 magnum
2566 1955 2796 1999 stantem
2842 1963 3024 2002 coram
3066 1957 3259 2022 angelo
3299 1954 3536 2021 Domini,

1966 2042 2019 2086 et
2043 2034 2310 2088 diabolum
2349 2045 2580 2088 stantem
2623 2050 2651 2089 a
2697 2035 2904 2092 dextris
2933 2038 3071 2106 ejus,
3101 2052 3160 2095 ut
3209 2045 3530 2102 adversare-

1968 2132 2055 2176 tur
2084 2126 2153 2178 ei.
2195 2125 2335 2191 Quin
2374 2127 2541 2190 enim,
2573 2136 2830 2196 quantum
2861 2129 3022 2198 licuit,
3060 2143 3114 2186 et
3147 2133 3197 2187 in
3235 2137 3354 2205 ipso
3411 2139 3534 2205 fuit,

1963 2218 2460 2284 oppugnaverit,et
2513 2219 2860 2274 vehementer
2921 2223 3280 2280 insurrexerit
3341 2239 3533 2284 contra

1963 2309 2324 2363 (Pconomiam
2358 2309 2675 2377 Salvatoris,
2698 2316 2952 2368 mundum
2975 2315 3041 2368 ad
3071 2317 3297 2372 salutem
3335 2335 3533 2374 vocan-

1964 2400 2052 2465 tis,
2090 2416 2248 2455 nemo
2287 2402 2573 2467 dubitabit,
2613 2405 2657 2458 si
2689 2406 3007 2475 cogitaverit
3049 2409 3278 2478 primum
3314 2413 3530 2478 quidem

1963 2494 2263 2547 accessisse
2295 2494 2358 2546 ad
2387 2493 2717 2562 jejunautem
2751 2499 2802 2549 in
2836 2499 3071 2562 deserto,
3101 2511 3154 2554 et
3186 2503 3367 2555 tumidi
3406 2503 3531 2556 Sal-

1960 2593 2200 2636 vatorem
2234 2583 2510 2647 intuitum,
2535 2599 2594 2638 se
2633 2584 2700 2638 ab
2739 2585 2827 2639 illo
2858 2587 3070 2640 adorari
3132 2593 3525 2660 concupivisse,

1958 2686 2077 2725 cum
2137 2672 2208 2725 illi
2262 2673 2442 2727 omnia
2500 2689 2662 2743 regna
2724 2677 2905 2730 mundi
2962 2681 3252 2734 ostendens
3303 2681 3530 2736 dixisset

1955 2763 2132 2817 omnia
2171 2763 2285 2817 fore
2316 2765 2511 2832 ipsius,
2541 2767 2586 2818 si
2633 2768 2910 2832 procidere
2939 2768 2992 2821 in
3041 2785 3211 2838 genua
3255 2782 3309 2823 et
3335 2787 3393 2826 se
3430 2773 3526 2826 ad-

1955 2871 2112 2911 orare
2142 2873 2244 2910 non
2285 2860 2637 2913 recusaret“.
2675 2859 2876 2915 Deinde
2900 2877 2963 2914 ex
2989 2863 3102 2930 ipso
3125 2865 3289 2919 choro
3311 2874 3529 2918 sancto-

1956 2962 2074 3000 rum
2105 2947 2470 3016 apostolorum
2528 2951 2856 3019 proditorem
2914 2951 3106 3006 Judam
3147 2955 3396 3023 arripuit,
3437 2956 3525 3009 cui

279 3027 354 3079 T6
375 3028 454 3090 δὲ,
490 3027 588 3093 Τίς
619 3026 679 3082 εἷ
711 3030 830 3093 σύ;
857 3033 1073 3100 νοητέον
1098 3035 1194 3102 οὐχ
1224 3035 1299 3098 ὡς
1325 3036 1599 3100 ἐθέλοντος
1631 3042 1841 3108 ἀναμα-

1952 3039 2224 3106 persuasit
2257 3049 2314 3092 ut
2361 3037 2668 3095 Iudaeorum
2707 3041 2934 3098 feritatis
2963 3045 3383 3098 instrumentum
3435 3045 3529 3098 fic-

281 3118 412 3184 θεῖν,
444 3119 524 3181 τίς
549 3121 611 3188 δὴ
643 3120 748 3192 ἄρα
781 3123 874 3174 καὶ
913 3123 1074 3176 πόθεν
1103 3126 1250 3177 ἐστίν
1288 3126 1368 3198 (οὐ
1398 3127 1503 3199 γὰρ
1524 3127 1588 3181 ἂν
1611 3131 1849 3199 ἠγνόησε

279 3209 410 3272 θεὸς
438 3211 534 3279 ὢν)
559 3253 573 3276 ,
612 3213 724 3264 ἀλλ’
752 3208 863 3265 οἷον
920 3217 1453 3287 κατασμικρύνοντος
1514 3221 1605 3271 καὶ
1634 3221 1848 3284 οὐδενὸς

282 3297 560 3362 ἀξιοῦντος
590 3302 773 3366 λόγου,
802 3302 906 3354 κᾶν
935 3304 983 3354 εί
1013 3304 1151 3371 μέγα
1175 3321 1233 3354 τε
1265 3306 1354 3374 εἰή
1407 3308 1497 3358 καὶ
1521 3307 1849 3378 δυσάντητον

273 3390 399 3462 ϐρος
427 3431 442 3457 ,
490 3395 583 3446 καὶ
639 3393 892 3463 ἐμποδὼν
941 3395 1190 3466 κείμενον
1244 3398 1544 3468 κατορθοῦν
1611 3400 1848 3454 ἐθέλοντι

269 3483 449 3536 τοιάδε
503 3486 760 3556 Χριστῷ,
811 3479 875 3538 οὗ
926 3488 1019 3540 καὶ
1070 3489 1150 3550 είς
1203 3487 1372 3540 τύπον
1424 3491 1452 3540 6
1506 3492 1842 3561 Ζοροϐάϐελ,

270 3574 526 3645 καθάπερ
554 3577 654 3647 ἠδη
688 3579 1050 3649 προείπομεν.
1079 3579 1274 3633 Καίτοι
1312 3580 1420 3651 γὰρ
1449 3583 1841 3653 ἁπαράκλητον

271 3665 416 3735 ἔχων
451 3667 549 3738 τὴν
585 3669 912 3740 δυστροπίαν
942 3674 969 3725 ὁ
996 3672 1211 3742 δράκων
1243 3674 1271 3724 6
1301 3674 1635 3744 ἀποστάτης,
1667 3677 1845 3730 πεπά-

271 3773 434 3826 τηται
489 3759 636 3829 παρά
678 3762 913 3831 Χριστοῦ
963 3764 1128 3816 πόνου
1184 3781 1243 3816 τε
1290 3767 1382 3818 καὶ
1433 3766 1654 3836 ἱδρῶτος
1699 3769 1840 3836 δίχα.

270 3847 403 3912 Θεὸς
429 3851 536 3921 γὰρ
565 3847 634 3922 ἦν
693 3854 834 3906 κατά
871 3853 1031 3923 φύσιν
1069 3857 1096 3907 6
1129 3857 1338 3919 πάντας
1371 3859 1636 3912 Vim?)fo
1663 3861 1842 3912 τοίνυν

269 3940 414 3994 κατά
459 3941 549 3995 τὸν
597 3945 799 3997 τοιόνδε
851 3945 972 3998 τινὰ
1021 3947 1222 4017 τρόπον
1269 3948 1686 4020 προσϐαλοῦμεν
1730 3953 1842 4014 τοῖς

267 4033 612 4102 εἰρημένοις,
644 4034 675 4104 ἢ
709 4038 801 4088 καὶ
831 4037 1066 4110 ἑτέρως,
1110 4040 1159 4090 εί
1190 4037 1354 4090 δοκεῖ.
1395 4040 1537 4110 Ἔφη
1574 4041 1672 4110 μὲν
1709 4043 1838 4113 γὰρ,

265 4125 349 4179 ὃτι
403 4125 502 4178 οὐκ
555 4127 870 4198 ἀνθρωπεία⁸
925 4130 1151 4200 δυνάμει
1222 4131 1695 4202 κατορθωθήσεται
1762 4134 1840 4204 τῷ

265 4219 458 4288 κόσμῳ
489 4219 558 4271 τὰ
597 4221 731 4289 πρὸς
774 4222 937 4292 ζωήν.
983 4224 1092 4278 Καὶ
1124 4225 1380 4294 στήσεται
1420 4223 1518 4294 μὲν
1567 4225 1834 4296 ήλυχνία,

1950 3136 2052 3182 ret.
2079 3127 2397 3198 lncrepatur
2423 3131 2704 3194 itaquehis
2731 3133 2909 3185 verbis
2934 3150 2945 3184 :
2975 3151 2992 3184 ι
3027 3132 3160 3196 Quis
3179 3149 3238 3186 cs
3268 3143 3342 3193 tu,
3372 3148 3527 3188 nanus

1953 3231 2308 3287 magne,ante
2343 3220 2533 3274 faciem
2582 3221 2901 3285 Zorobabel,
2934 3232 2991 3274 ut
3018 3224 3287 3277 iustanrcs
3319 3224 3341 3277 ?
3392 3223 3523 3279 lilutl

1951 3310 2085 3374 Quis
2114 3325 2194 3376 es,
2251 3325 2354 3362 non
2389 3310 2458 3364 ita
2499 3311 2892 3379 accipiendum,
2947 3315 3102 3380 quasi
3139 3330 3296 3368 nosse
3346 3316 3525 3384 eripiat

1950 3401 2074 3468 quis
2133 3401 2345 3454 tandem
2377 3408 2432 3454 et
2475 3402 2616 3454 unde
2651 3402 2740 3455 sit.
2773 3401 2884 3456 Non
2912 3405 3054 3457 enim
3090 3405 3398 3472 ignorabat,
3441 3418 3523 3459 ut-

1947 3499 2070 3556 pote
2092 3489 2249 3542 Deus.
2272 3488 2375 3542 Sed
2402 3488 2554 3557 quasi
2582 3500 2922 3554 extenuet,ct
2943 3492 3094 3544 nihili
3124 3492 3304 3559 faciat,
3331 3510 3524 3563 quam-

1945 3581 2026 3634 vis
2057 3594 2280 3649 magnus
2327 3595 2480 3633 IIIOIIS
2517 3589 2680 3642 esset,
2731 3591 2785 3632 et
2830 3581 2914 3633 cui
2980 3581 3136 3634 facile
3185 3584 3358 3637 resisti
3414 3601 3517 3638 nou

1945 3680 2147 3740 posset,
2173 3681 2226 3723 et
2260 3670 2700 3737 impedimentum
2726 3671 2994 3739 objectum
3027 3671 3245 3726 Christo
3291 3674 3404 3728 hare
3433 3676 3518 3727 iu-

1944 3771 2196 3814 staurare
2255 3760 2480 3823 volenti,
2508 3761 2672 3831 687
2715 3762 2868 3830 cujus
2901 3772 3055 3831 typus
3106 3762 3426 3831 Zorobabel,
3461 3779 3519 3820 ut

1937 3848 2049 3918 jam
2087 3849 2342 3904 diximus.
2395 3849 2502 3902 Etsi
2540 3853 2686 3902 enim
2734 3850 2805 3903 sit
2865 3851 3220 3917 implacabilis
3276 3855 3515 3922 nequitia

1942 3942 2191 3996 draconis
2219 3947 2497 4009 apostatae,
2532 3949 2709 3993 tamen
2746 3942 2880 3994 citra
2936 3943 3170 3998 laborem
3228 3945 3514 4000 sudorem-

1941 4048 2102 4102 quea
2135 4033 2347 4086 Christo
2371 4031 2718 4086 conculcatus
2764 4043 2867 4087 est.
2921 4033 3051 4088 Erat
3117 4035 3259 4088 enim
3322 4049 3512 4091 natura

1944 4123 2101 4187 Deus,
2138 4137 2326 4177 omnes
2353 4136 2702 4191 exsuperans.
2761 4124 2866 4177 Aut
2940 4123 3100 4192 igitur
3137 4125 3225 4178 tali
3281 4129 3508 4194 quodam

1940 4215 2097 4269 modo
2123 4215 2263 4269 dicta
2302 4215 2462 4268 verba
2489 4213 2899 4280 explicabimus,
2921 4224 3012 4268 aut
3034 4216 3159 4281 alio,
3191 4217 3233 4269 si
3260 4217 3503 4285 placebit.

261 4310 326 4363 16
353 4311 654 4380 λαμπάδιον
678 4312 896 4384 ἔχουσα,
922 4316 1189 4380 τουτέστι,
1211 4317 1467 4388 Χριστὸν,
1495 4317 1834 4388 ὲκλάμψουσι

1952 4305 2088 4359 Dixit
2137 4307 2304 4369 enim,
2351 4321 2454 4359 non
2510 4305 2745 4358 humana
2781 4306 2974 4358 virtute
3002 4307 3201 4360 mundo
3228 4309 3392 4360 vitam
3427 4309 3509 4361 iu-

259 4401 320 4455 δὲ
348 4404 397 4454 οἱ
421 4402 602 4471 λύχνοι
629 4444 643 4466 ,
676 4407 768 4457 καὶ
799 4407 905 4476 μὴν
938 4407 1033 4458 καὶ
1066 4409 1129 4460 ὲκ
1158 4407 1347 4472 δεξιῶν
1385 4411 1478 4462 καὶ
1531 4409 1592 4474 ἐξ
1632 4410 1833 4463 εὐωνύ-

265 4505 388 4560 μων
418 4487 510 4540 τοῦ
536 4488 838 4558 λαμπαδίου
874 4494 929 4543 αἱ
953 4493 1045 4545 δύο
1074 4494 1289 4558 πάντως
1328 4497 1502 4550 ἐλαῖαι
1528 4499 1833 4567 στήσονται,

259 4581 392 4642 τοὺς
419 4579 514 4632 δύο
549 4579 712 4643 λαοὺς
744 4583 1123 4651 σημαίνουσαι.
1162 4582 1274 4637 Εἶθ’
1307 4587 1495 4657 ὥσπερ
1524 4589 1833 4642 ἀναπυνθα-

259 4671 490 4742 νομένου
535 4672 681 4735 τινὸς
721 4673 814 4726 καὶ
856 4674 1142 4742 λέγοντοςο
1197 4677 1294 4740 Τίς
1328 4673 1440 4746 ἆρα
1478 4676 1528 4731 εἴ
1562 4681 1661 4750 σὺ,
1701 4683 1728 4734 6
1763 4681 1832 4734 τὰ

258 4761 403 4815 οὕτω
451 4763 663 4832 μεγάλα
730 4765 968 4836 πολέμου
1017 4767 1142 4837 δίχα
1190 4768 1408 4830 πάντως
1455 4771 1549 4823 καὶ
1595 4759 1831 4842 ἀμογητὶ

261 4852 630 4923 κατορθώσειν
660 4855 1119 4926 ὑπισχνούμενος;
1153 4860 1634 4932 προσυπακοὺεται
1656 4862 1828 4930 λέγων

257 4939 287 4990 6
318 4937 450 5000 Θεὸς
481 4939 576 4991 καὶ
605 4941 793 5012 Πατήρ
817 4957 831 4972 ·
867 4959 885 4992 ι
923 4942 1063 5010 Ἐγὼ
1097 4944 1156 4997 16
1185 4946 1309 5016 ὄρος
1337 4947 1395 5000 16
1441 4949 1601 5018 μέγα,
1633 4949 1693 5004 16
1724 4952 1828 5023 πρὸ

258 5027 553 5098 προσώπου
589 5031 914 5101 Ζοροϐάϐελ,
947 5033 1043 5086 τοῦ
1081 5037 1442 5107 κατορθῶσαι*
1471 5057 1489 5089 ›
1530 5040 1824 5107 τουτέστιν,

271 5119 411 5186 Ἐγώ
436 5121 598 5190 είμιή
623 5123 800 5175 πάντα
829 5124 1200 5196 ὑπεραίρουσα
1221 5129 1399 5197 φύσις,
1419 5133 1451 5198 ἡ
1472 5129 1828 5203 θεοπρεπέσιν

259 5208 550 5279 ὑψώμασιν
589 5212 667 5274 είς
712 5212 810 5282 τὴν
843 5214 1244 5285 ὑπερεπέκεινα
1287 5221 1504 5274 πάντων
1544 5221 1829 5292 διᾴττουσα

256 5298 432 5363 δόξαν,
479 5300 621 5353 κατά
651 5302 874 5372 καιροὺς
917 5304 1175 5374 ἀρκέσειν
1208 5307 1474 5376 μέλλουσα
1520 5311 1656 5380 πρὸς
1692 5328 1825 5363 κατ-

257 5391 486 5461 όρθωσιν
538 5391 647 5444 τῶν
705 5392 1166 5464 ἐπηγγελμένων,
1233 5399 1325 5450 καὶ
1375 5399 1484 5471 πρὸ
1531 5399 1823 5469 προσώπου

257 5479 577 5550 Ζοροϐάϐελ.
621 5481 693 5533 Οὐ
727 5482 829 5552 γὰρ
861 5485 1044 5554 ἠγνόει
1083 5487 1316 5557 Χριστὸς
1351 5489 1440 5544 τὸν
1479 5490 1670 5544 ἑαυτοῦ
1707 5491 1819 5542 Πα-

324 5662 367 5694 ³⁸
391 5662 580 5718 Matth.
611 5677 686 5728 tv,
716 5663 734 5715 l
759 5677 912 5735 seqq.

1940 4406 2324 4453 stauraturum.
2355 4396 2421 4451 Et
2442 4397 2604 4450 stabit
2637 4395 2851 4464 quidem
2882 4395 3282 4460 candelabrum,
3309 4397 3512 4466 lampa-

1939 4490 2058 4544 dem
2097 4489 2322 4552 habens,
2342 4488 2441 4542 hoc
2471 4498 2553 4542 est
2575 4487 2848 4541 Christum
2882 4502 2896 4539 :
2931 4485 3184 4540 lucebunt
3211 4498 3392 4543 autem
3427 4490 3507 4542 lu-

1937 4597 2134 4637 cernae.
2161 4581 2423 4637 Praeterea
2449 4597 2479 4635 a
2507 4582 2690 4635 dextra
2715 4580 2954 4650 lzevaque
2981 4579 3240 4648 lampadis
3267 4581 3382 4633 dine
3411 4579 3510 4632 oli-

1937 4690 2017 4730 va
2077 4676 2294 4730 omnino
2332 4676 2570 4738 stabunt,
2615 4675 2748 4727 duos
2800 4673 3022 4741 populos
3100 4673 3502 4725 adumbrantes.

1936 4762 2154 4830 Postea,
2199 4765 2352 4834 quasi
2377 4764 2690 4818 sciscitante
2727 4763 2979 4831 quopiam
3004 4777 3067 4815 ac
3095 4761 3338 4814 dicente:
3372 4758 3506 4823 Quis

1934 4854 2098 4924 igitur
2125 4869 2184 4909 es
2221 4863 2297 4918 tu,
2327 4854 2418 4920 qui
2464 4860 2572 4905 tam
2623 4852 2788 4905 ardua
2822 4851 2965 4905 nullo
3005 4850 3143 4904 bello
3181 4861 3235 4903 et
3269 4850 3385 4902 sine
3428 4848 3474 4898 lu

1935 4944 2065 4999 bore
2113 4944 2341 4998 feliciter
2378 4942 2795 4996 constitutorum
2843 4938 3131 5008 spondes?
3184 4937 3504 4991 subauditur

1937 5037 2263 5101 respondens
2303 5034 2438 5087 Deus
2467 5043 2520 5087 et
2540 5033 2698 5087 Pater
2727 5048 2740 5084 :
2772 5050 2790 5082 ι
2832 5033 2940 5100 Ego
2965 5046 3118 5086 mons
3155 5029 3240 5080 ille
3279 5042 3502 5093 magnus

1935 5137 2059 5180 ante
2086 5126 2272 5178 faciem
2306 5123 2622 5187 Zorobabel,
2653 5133 2710 5176 ut
2739 5124 3031 5175 iustaurem
3062 5138 3073 5171 :
3119 5137 3136 5167 ι
3179 5117 3229 5170 id
3271 5126 3352 5167 est
3400 5131 3502 5183 ego

1928 5225 2044 5265 sum
2085 5211 2338 5264 omnibus
2369 5211 2778 5279 supereminens
2809 5219 3020 5269 natura,
3062 5204 3255 5257 divinis
3283 5203 3500 5255 celsitu-

1927 5302 2141 5356 dinibus
2165 5304 2228 5354 ad
2251 5303 2474 5368 gloriam
2507 5298 2942 5355 sublimissimam
2979 5293 3215 5345 ontnium
3238 5293 3500 5354 emicans,

1928 5407 2046 5462 qua:
2105 5407 2204 5446 suo
2269 5401 2506 5460 tempore
2563 5392 2628 5443 ad
2681 5385 2946 5457 promissa
2997 5381 3222 5435 fidi-liter
3279 5392 3332 5435 et
3379 5396 3503 5433 ante

1925 5485 2115 5540 faciem
2177 5481 2472 5537 Zorobabel
2541 5476 2838 5548 prmstauda
2897 5471 3142 5530 sufficiet.
3199 5472 3311 5526 Non
3358 5474 3502 5526 enim
