4080 6284
577 328 648 384 67
1611 321 1668 377 δ.
1706 320 1983 377 CYRlLLl
2025 319 2497 376 ALEXANDBIN!
2533 318 2857 378 ARCHIEP.
2993 316 2997 320 ’
3766 323 3838 378 68

582 439 865 510 ignorabat
903 437 1154 494 Christus
1182 436 1396 492 Patrem
1432 449 1592 490 suum
1617 456 1630 492 :
1656 440 1750 493 sed
1794 439 1946 508 quasi
1973 453 2155 507 quem-

2264 437 2416 508 τέρα,
2460 437 2573 491 ἀλλ’
2609 436 2798 507 ὥσπερ
2831 436 2950 490 τινὰ
2995 435 3332 508 συνεργάτην
3367 435 3478 489 τῶν
3524 435 3669 490 ίδίων
3707 453 3836 490 κατ-

583 536 704 587 dam
763 532 1060 599 adjutorem
1115 529 1406 597 insignium
1447 543 1663 582 suarum
1686 530 1954 583 actionum
2033 545 2153 583 eum

583 621 836 688 faciebat,
867 635 989 674 cum
1019 620 1255 673 diceret:
1296 636 1314 670 ι
1339 620 1380 672 Α
1403 633 1487 673 me
1511 618 1629 688 ipso
1661 619 1798 673 facio
1823 620 1973 674 nihil.
2003 619 2159 673 Pater

583 723 763 766 autem
799 713 850 766 in
881 725 965 765 me
1001 726 1244 774 manens,
1278 712 1391 780 ipse
1425 711 1554 765 facit
1577 725 1736 780 opera
1764 712 1865 765 ".i
1893 712 2160 780 Operaba—

585 815 674 859 tur
697 805 839 858 enim
867 814 926 857 ut
955 817 1051 871 per
1086 804 1360 875 propriam
1398 804 1651 858 virtutem
1693 817 1786 872 per
1823 802 2038 867 Filium,
2065 817 2160 871 per

583 911 747 968 quem
803 907 859 950 et
904 895 970 949 ab
1033 895 1188 949 initio
1245 896 1442 949 creatis
1508 896 1779 957 omnibus,
1839 899 2030 948 merito
2075 903 2160 948 est

586 969 918 1042 admirabilis
971 1026 987 1041 .
1036 1026 1051 1041 .
1103 1025 1118 1041 .
1178 986 1639 1055 asapientissimn
1693 985 1910 1040 Daniele
1964 986 2158 1040 iterum

587 1081 729 1134 Dens
759 1090 812 1135 et
836 1077 1001 1134 Pater
1052 1092 1208 1133 mons
1243 1077 1572 1142 nominatur,
1605 1079 1746 1131 unde
1780 1085 1834 1131 et
1858 1076 1992 1146 lapis
2042 1078 2162 1132 sine

586 1174 836 1227 manibus
897 1172 1154 1241 praecisus
1183 1179 1294 1236 est,
1339 1171 1430 1239 qui
1467 1177 1521 1222 et
1575 1185 1788 1234 aurum,
1834 1179 2156 1240 argentum,

581 1281 680 1328 ms,
713 1264 914 1318 ferrum
950 1263 1264 1318 comminuit
1287 1263 1353 1316 ’⁸.
1386 1261 1515 1328 Qua:
1557 1264 1720 1316 etiam
1750 1262 1950 1318 Christi
1986 1265 2160 1334 imago

585 1355 705 1410 fuit.
735 1353 901 1407 Natus
927 1353 1069 1407 enim
1101 1366 1166 1406 ex
1205 1355 1314 1408 Deo
1360 1351 1519 1406 Patre
1559 1350 1747 1415 Filius,
1800 1367 1960 1421 supra
1998 1367 2158 1420 qnam

583 1447 690 1500 dici
723 1455 814 1500 aut
838 1454 1015 1499 mente
1031 1445 1145 1513 capi
1167 1452 1362 1512 potest,
1381 1444 1896 1510 contrivitregna,ut
1913 1443 2160 1512 deinceps

585 1550 752 1606 penes
774 1551 894 1590 eum
925 1536 995 1589 sit
1035 1549 1194 1589 omne
1244 1534 1530 1602 imperium
1573 1549 1586 1585 :
1621 1551 1640 1584 ι
1695 1533 1967 1587 Flectetur
2017 1533 2160 1587 enim

584 1628 685 1694 ipsi
709 1641 867 1681 omne
899 1641 1060 1695 genu,
1119 1635 1173 1678 et
1200 1626 1384 1679 omnis
1433 1625 1608 1693 lingua
1655 1625 1999 1678 confitebitur
2037 1626 2159 1692 quia

584 1716 841 1772 Dominus
872 1716 1031 1771 Jcsus
1061 1716 1312 1771 Christus
1354 1716 1405 1769 in
1431 1715 1597 1785 gloria
1623 1726 1704 1770 est
1729 1716 1819 1770 Dei
1844 1715 2031 1769 'Patris
2053 1717 2154 1771 ".r

581 1807 770 1878 itaque
800 1819 855 1861 ut
884 1822 948 1861 ex
983 1817 1163 1861 monte
1197 1808 1288 1862 Dei
1318 1815 1374 1861 et
1407 1805 1585 1861 Patris
1619 1821 1862 1861 summus
1885 1807 2159 1875 angularia

579 1908 639 1953 et
672 1899 874 1950 electus
904 1897 1038 1965 lapis
1065 1901 1306 1949 resectus
1331 1895 1676 1958 Deus,l'actus
1696 1906 1780 1950 est
1809 1897 1960 1950 nobis
1987 1897 2156 1950 haere-

587 1987 804 2042 ditas”.
830 1986 1021 2041 Vocati
1050 1987 1244 2055 quippe
1271 2000 1456 2040 smnus
1483 1985 1537 2039 in
1561 1987 1899 2054 adoptionem
1929 1986 2158 2041 ﬁliorum

585 2098 684 2150 per
713 2083 882 2149 ipsum
911 2079 977 2145 ³¹,
1007 2079 1302 2149 scriptique
1333 2078 1571 2134 bmredes
1603 2080 1691 2133 Dei
1712 2081 1958 2143 viventis,
1981 2095 2160 2149 aequa-

587 2170 734 2223 litate
765 2171 952 2240 gratia:
990 2170 1218 2240 gratiam
1260 2167 1689 2224 lucrifacientes.
1723 2170 1835 2225 11οο
1873 2187 2002 2225 vero
2032 2171 2158 2240 quid

582 2263 718 2316 est?
753 2264 880 2316 Data
912 2271 994 2316 est
1024 2261 1237 2331 quidem
1288 2262 1459 2332 gratia
1504 2262 1719 2331 antiqua
1753 2263 1837 2315 illa
1877 2272 1929 2316 et
1959 2265 2158 2318 decan-

585 2361 694 2406 tata
724 2369 736 2404 :
764 2352 971 2406 liberati
1012 2361 1138 2406 sunt
1174 2355 1316 2408 enim
1343 2369 1407 2406 ex
1443 2351 1675 2422 Egypto
1706 2353 1998 2407 secundum
2035 2369 2154 2408 cor-

587 2458 708 2514 pus,
753 2444 950 2499 servile
974 2444 1158 2515 jngmn
1195 2445 1578 2499 dominationis
1623 2459 1728 2514 quo
1776 2447 2159 2514 premebantur

589 2552 617 2588 a
655 2535 954 2590 cervicibus
985 2536 1319 2603 dejecerunt,
1343 2551 1439 2606 per
1459 2535 1692 2590 medium
1747 2551 1896 2590 mare
1930 2537 2158 2592 traducti

586 2639 734 2692 sunt,
768 2629 1120 2683 comederunt
1148 2643 1343 2682 manna
1369 2629 1422 2684 in
1451 2629 1757 2695 solitudine,
1809 2629 1978 2700 683
2015 2631 2162 2699 pedi-

586 2720 686 2776 bus
707 2719 923 2774 ﬂumina
948 2717 1589 2784 transierunt,Jordanem
1617 2719 1941 2785 videlicet,in
1961 2729 2159 2774 terram

586 2811 965 2880 promissionis
995 2810 1288 2865 introducti
1323 2819 1468 2864 sunt.
1504 2810 1628 2866 Haec
1659 2811 1822 2880 igitur
1847 2811 2020 2881 gratia
2070 2811 2161 2865 illa

587 2903 782 2969 prima.
817 2901 1013 2956 Verum
1042 2901 1096 2955 in
1141 2901 1444 2971 aequalitate
1472 2911 1526 2956 et
1556 2902 1903 2957 similitudine
1930 2903 2164 2973 antiquas

582 2992 731 3046 illius
762 2992 949 3060 gratiae
967 2991 1138 3062 gratia
1165 2992 1434 3061 impertita
1465 3002 1550 3046 est
1570 2991 1850 3057 aChristo,
1871 2995 1960 3064 qui
1988 2993 2164 3050 factus

2258 527 2593 597 ορθωμάτων
2644 529 2877 580 ἐποιεῖτο
2919 525 3124 593 λέγων’
3176 545 3194 577 ι
3238 527 3357 578 Ἀπ’
3404 524 3644 595 ἐμαυτοῦ
3697 523 3840 577 ποιῶ

2257 617 2430 671 οὐδέν.
2476 620 2534 670 '0
2559 618 2614 670 δὲ
2644 617 2836 688 Πατὴρ
2870 619 2896 670 6
2925 619 2983 670 ἐν
3022 618 3145 686 ἐμοὶ
3190 616 3389 686 μένων,
3429 618 3574 668 ποιεῖ
3596 615 3664 669 τὰ
3699 614 3842 685 ἔργα

2259 709 2441 772 αὐτός.
2482 728 2500 760 ι
2541 709 2838 777 Είργάζετο
2875 709 2983 778 γὰρ
3029 707 3105 770 ὡς
3144 707 3232 761 διὰ
3255 708 3535 778 δυνάμεως
3567 707 3702 770 ίδίας
3740 706 3838 760 τοῦ

2261 801 2416 864 Υίοῦ,
2445 801 2513 852 δι’
2551 796 2612 854 οῦ
2646 802 2741 852 καὶ
2772 803 2827 853 ἐν
2854 799 3050 871 ἀρχαῖς
3087 799 3155 852 τὰ
3202 800 3378 854 πάντα
3421 799 3557 869 πρὸς
3601 798 3661 851 τὸ
3696 795 3839 851 εἶναι

2276 892 2632 964 παρενεγκὼν
2659 890 2882 953 εἰκότως
2915 888 3371 960 θαυμάζεται.....
3392 889 3540 960 παρὰ
3565 889 3642 959 τῷ
3668 904 3853 956 σοφώ,

2259 985 2408 1056 τάτῳ
2444 983 2662 1054 Δανιὴλ,
2691 983 2765 1046 ὡς
2789 983 2912 1054 ὅρος
2942 985 3074 1053 ἡμῖν
3114 983 3425 1053 ὠνόμασται
3459 983 3620 1035 πάλιν
3649 985 3677 1034 6
3703 981 3838 1045 Θεὸς

2259 1080 2355 1131 καὶ
2388 1075 2598 1146 Πατὴρ,
2637 1074 2696 1139 ἐξ
2727 1071 2788 1129 οῦ
2823 1077 2916 1128 καὶ
2950 1075 3096 1136 λίθος
3139 1075 3267 1128 ἄνευ
3300 1075 3480 1146 χειρὸς
3511 1074 3745 1145 ἐτμήθη,
3773 1074 3837 1138 ὃς

2259 1168 2356 1222 καὶ
2393 1167 2649 1220 ἐλέπτυνε
2693 1165 2754 1218 τὸ
2785 1166 3025 1235 χρυσίον,
3073 1167 3164 1220 τὸν
3193 1167 3452 1237 ἄργυρον,
3487 1167 3577 1220 τὸν
3612 1165 3834 1235 χαλκὸν,

2257 1257 2349 1309 τὸν
2392 1255 2628 1325 σίδηρον,
2670 1256 2764 1308 καὶ
2805 1250 2874 1324 ἦν
2933 1256 3011 1318 είς
3058 1256 3228 1308 τύπον
3275 1257 3368 1308 καὶ
3410 1255 3525 1308 τόδε
3573 1251 3834 1325 Χριστοῦ.

2258 1347 2628 1417 Γεγενημένος
2667 1347 2776 1416 γὰρ
2819 1349 2882 1400 ἐκ
2922 1345 3058 1399 Θεοῦ
3090 1346 3302 1418 Πατρὸς
3359 1348 3687 1417 ἀπορῤήτως
3738 1345 3836 1397 καὶ

2259 1437 2401 1508 ὑπὲρ
2425 1439 2548 1491 νοῦν
2573 1441 2600 1491 6
2628 1438 2772 1501 Υἱὸς,
2811 1439 3104 1508 συνέτριψε
3136 1438 3234 1500 τὰς
3268 1438 3568 1507 βασιλείας,
3601 1437 3665 1488 ἶν’
3688 1433 3837 1504 αὐτῷ

2260 1530 2444 1582 λοιπὸν
2477 1530 2537 1582 τὸ
2567 1528 2710 1581 κατὰ
2734 1528 2953 1580 πάντων
2983 1530 3181 1599 κράτος
3208 1529 3514 1598 ἀνάπτηται
3533 1544 3545 1556 ·
3581 1526 3832 1595 «Κάμψει

2259 1621 2366 1691 γὰρ
2401 1620 2551 1690 αῦτῷ
2581 1622 2686 1673 πᾶν
2714 1621 2865 1689 γόνυ,
2895 1622 2990 1672 καὶ
3013 1622 3164 1672 πᾶσα
3191 1621 3411 1689 γλῶσσα
3441 1617 3834 1689 ἐξομολογήσε-

2260 1730 2371 1775 ται,
2417 1713 2500 1766 ὃτι
2546 1713 2750 1784 Κύριος
2809 1711 3015 1782 Ἰησοῦς
3061 1715 3293 1784 Χριστὸς
3352 1714 3433 1774 εἰς
3491 1711 3648 1776 δόξαν
3695 1708 3832 1763 Θεοῦ

2261 1805 2492 1875 Πατρός.
2532 1824 2550 1854 ι
2589 1804 2794 1858 Οὐκοῦν
2821 1805 2895 1866 ὡς
2927 1805 2983 1870 ἐξ
3016 1805 3174 1873 ὅρους
3204 1802 3298 1856 τοῦ
3329 1802 3464 1856 Θεοῦ
3504 1805 3597 1854 καὶ
3621 1800 3834 1871 Πατρὸς

2260 1900 2654 1970 ἀκρογωνιαῖος
2693 1898 2784 1950 καὶ
2810 1898 3064 1959 ἐκλεκτὸς
3089 1897 3424 1968 ἀποτμηθεὶς
3455 1895 3601 1958 λίθος
3630 1897 3657 1948 6
3679 1894 3831 1958 Θεὸς,

2259 1969 2482 2059 γέγονεν
2515 1992 2646 2061 ἡμῖν
2695 1990 3052 2061 κληρονομία.
3112 1987 3442 2059 Κεκλήμεθα
3469 1987 3578 2058 γὰρ
3613 1989 3690 2049 είς
3723 1987 3835 2039 olo-

2261 2083 2446 2135 θεσίαν
2493 2083 2560 2135 δι’
2601 2082 2788 2148 αὑτοῦ,
2845 2082 2940 2134 καὶ
2987 2080 3314 2152 κληρονόμοι
3361 2080 3665 2148 γεγόναμεν
3696 2076 3831 2130 Θεοῦ

2262 2173 2484 2238 ζῶντος,
2527 2173 2734 2242 ίσότητι
2779 2172 2998 2244 χάριτος
3049 2172 3248 2243 χάριτα
3288 2171 3680 2241 κερδαίνοντες.
3721 2170 3832 2223 Καὶ

2259 2266 2312 2317 τί
2339 2265 2402 2335 δὴ
2419 2264 2610 2328 τοῦτο;
2637 2264 2856 2316 Δέδοται
2886 2263 2984 2332 μὲν
3009 2262 3286 2333 γὰρχάρις
3308 2280 3390 2325 τις
3417 2261 3496 2331 τῷ
3535 2261 3769 2332 Ἰσραὴλ,
3797 2261 3830 2330 ἡ

2260 2356 2461 2426 ἀρχαία
2488 2373 2546 2408 τε
2579 2356 2766 2424 ἐκείνη
2799 2353 2894 2406 καὶ
2918 2353 3200 2425 διαϐόητος
3217 2366 3232 2382 ⁸
3258 2353 3622 2424 λελύτρωνται
3645 2352 3751 2423 γὰρ
3773 2350 3832 2416 ἐξ

2261 2449 2535 2516 Αἰγύπτου
2588 2447 2905 2518 σαρκικῶς,
2949 2446 3050 2517 τὴν
3099 2445 3489 2516 ἐπηρτημένην
3542 2446 3724 2508 αὺτοῖς
3770 2446 3834 2496 ἐκ

2264 2540 2577 2606 πλεονεξίας
2609 2539 2972 2593 άπεσείσαντο
2996 2538 3261 2603 δουλείαν,
3300 2537 3722 2608 διεϐιῦάσθησαν
3747 2535 3835 2589 διὰ

2263 2633 2536 2702 Θαλάσσης
2571 2632 2742 2702 μέσης
2761 2672 2776 2696 ,
2806 2630 3007 2700 ἔφαγον
3035 2630 3096 2682 τὸ
3133 2631 3309 2702 μάννα
3339 2631 3396 2682 ἐν
3418 2632 3483 2700 τῇ
3519 2630 3732 2700 ἐρήμῳ,
3763 2627 3840 2680 δι-

2262 2722 2425 2792 ῆλθον
2459 2723 2517 2774 ἐν
2542 2722 2661 2774 ποδὶ
2714 2721 2999 2790 ποταμοὺς
3045 2718 3523 2792 (διεπεραιώσαντο
3549 2720 3658 2791 γὰρ
3694 2718 3837 2772 οὕτω

2262 2814 2354 2867 τὸν
2391 2814 2709 2883 Ἰορδάνην),
2729 2812 3186 2883 εἰσεκομίσθησαν
3216 2813 3294 2875 εἰς
3322 2813 3423 2882 τὴν
3466 2813 3567 2883 γῆν
3597 2811 3698 2882 τῆς
3733 2812 3836 2864 ἐπ-

2264 2905 2544 2973 αγγελίας.
2582 2904 2729 2975 Αὕτη
2763 2905 2828 2976 δὴ
2861 2901 2955 2958 οὖν
2989 2907 3022 2975 ἡ
3060 2905 3220 2977 χάρις
3261 2907 3295 2976 ἡ
3343 2904 3554 2976 πρώτη.
3600 2903 3740 2958 Ἀλλ’
3779 2905 3837 2957 ἐν

2269 2997 2473 3066 ἰσότητι
2531 2996 2622 3048 καὶ
2651 2995 2927 3066 ὁμοιότητι
2961 2996 3060 3065 τῆς
3083 2995 3317 3066 ἀρχαίας
3346 2997 3563 3067 ἐκείνης
3591 2997 3833 3068 χάριτος,

584 3094 670 3136 est
742 3081 900 3137 nobis
974 3080 1108 3152 lapis
1151 3091 1214 3136 ut
1277 3081 1712 3148 fundamentum,
1753 3087 1867 3138 sive
1922 3101 2160 3140 summus

2266 3088 2422 3160 χάρις
2451 3088 2659 3142 δέδοται
2690 3088 2837 3160 παρὰ
2866 3089 3126 3158 Χριστοῦ,
3157 3088 3215 3152 ὃς
3253 3089 3476 3158 γέγονεν
3503 3093 3654 3161 ἡμῖν,
3689 3090 3833 3153 λίθος

583 3173 884 3244 angularia,
914 3184 968 3226 et
1021 3187 1236 3228 rursum
1296 3173 1470 3229 bzeres
1503 3184 1564 3228 ut
1610 3174 1802 3230 Filius.
1861 3176 1963 3231 Per
2013 3176 2162 3232 illum

585 3263 784 3332 quippe
809 3262 1051 3319 haeredes
1101 3263 1193 3319 Dei
1230 3263 1464 3320 instituti
1528 3281 1719 3322 sumus
1752 3268 1800 3299 "
1826 3307 1840 3320 .
1882 3267 2164 3333 Quomodo

586 3352 751 3421 igitur
785 3353 836 3405 in
867 3355 1174 3422 aequalitate
1204 3356 1391 3423 prima!
1420 3356 1606 3426 gratim
1640 3357 1916 3411 secunda?
1945 3356 2072 3423 Qum
2109 3358 2161 3412 in

589 3443 696 3497 illis
733 3443 937 3496 ﬁebant
983 3448 1282 3500 secundum
1313 3462 1558 3515 carnem,
1599 3449 1712 3504 sive
1759 3465 1998 3512 sensum.
2049 3451 2165 3505 haec

589 3534 842 3588 Christus
871 3537 1166 3589 secundum
1190 3537 1435 3606 spiritum
1464 3547 1519 3593 et
1542 3540 1867 3594 intellectum
1895 3544 2164 3610 prarstitit.

588 3625 802 3695 Eripuit
836 3641 932 3680 nos
960 3641 992 3682 ο
1042 3627 1303 3684 servitute
1341 3629 1630 3698 diabolica,
1671 3645 1769 3686 ceu
1819 3647 1883 3686 ex
1936 3632 2046 3687 luto
2111 3643 2166 3689 et

586 3715 834 3772 latere”.
868 3718 1143 3773 Liberavit
1184 3719 1557 3778 affectionibus
1614 3724 1900 3780 mundanis
1939 3735 1993 3780 et
2044 3742 2166 3781 car-

589 3805 804 3860 nalibus
867 3807 1243 3863 immunditiis.
1286 3809 1443 3864 Velut
1516 3827 1616 3881 per
1659 3828 1807 3868 mare
1879 3817 2160 3873 transitum

584 3896 890 3950 concessit:
927 3895 1122 3952 [luctus
1164 3900 1306 3953 enim
1353 3899 1510 3967 hujus
1549 3903 1670 3957 vita:
1721 3912 1776 3957 et
1811 3907 2160 3962 acerbitatem

588 3987 707 4056 ejus
738 3988 1160 4043 sollicitudinum
1176 3991 1940 4059 praeterivimus.Comedimus
1968 4014 2161 4068 panem

587 4079 654 4130 de
682 4078 820 4132 creto
853 4077 1114 4150 (mystice
1135 4081 1760 4153 loquimur),Jordauem
1791 4090 2160 4155 transivimus,

587 4169 1053 4224 circumcisionetn
1075 4173 1127 4225 in
1146 4173 1338 4240 spiritu
1360 4176 1691 4244 suscepimus
1711 4177 1775 4244 “,
1796 4179 2160 4238 hmreditatetn

586 4262 890 4315 audivimus
907 4277 1194 4332 supernam
1227 4265 1662 4332 civitatem,vere
1691 4281 1929 4325 sanctam
1964 4284 2160 4327 terram

585 4349 738 4416 cujus
767 4362 820 4404 et
854 4350 1103 4407 Christus
1161 4353 1277 4423 ipse
1310 4357 1552 4411 meminit
1607 4373 1727 4413 cum
1769 4361 1887 4414 ait:
1949 4381 1968 4412 ι
2010 4361 2160 4416 Beati

2271 3181 2369 3250 μὲν
2412 3179 2488 3241 ὡς
2522 3178 2800 3249 Θεμέλιος,
2837 3180 3004 3250 ἧγουν
3044 3182 3458 3252 ἀκρογωνιαῖος,
3504 3181 3837 3252 κληρονόμος

2264 3274 2319 3327 δὲ
2358 3272 2538 3337 πάλιν,
2565 3272 2641 3334 ὡς
2674 3272 2818 3335 Υἱός.
2855 3273 3160 3344 Γεγόναμεν
3195 3274 3301 3345 γὰρ
3331 3275 3398 3328 δι’
3428 3275 3590 3328 αὑτοῦ
3637 3274 3830 3344 κληροο

2265 3367 2420 3435 νόμοι
2449 3362 2604 3417 Θεοῦ.
2634 3363 2758 3428 Πῶς
2783 3359 2877 3418 οὖν
2907 3367 2962 3416 ἐν
2993 3367 3199 3435 ἰσότητι
3231 3365 3331 3431 τῆς
3365 3367 3587 3435 πρώτης
3617 3365 3838 3436 χάριτος

2265 3457 2297 3526 ἡ
2331 3455 2558 3526 δευτέρα
2579 3456 2672 3518 ςἋ
2707 3455 2817 3526 γὰρ
2849 3457 2934 3506 ἐπ’
2956 3455 3186 3515 ἐκείνοις
3206 3454 3506 3520 ἐπράττετο
3536 3453 3836 3524 σαρκικῶς,

2264 3549 2432 3621 ἡγουν
2479 3548 2784 3618 αἰσθητῶς,
2847 3544 3023 3596 ταῦτα
3085 3542 3433 3596 τετελείωκεν
3485 3545 3568 3612 ἐφ’
3623 3546 3757 3615 ἡμῖν
3810 3550 3839 3601 δ

2263 3641 2497 3711 Χριστὸς
2534 3634 2920 3706 πνευματικῶς
2948 3651 3006 3688 τε
3037 3635 3132 3688 καὶ
3156 3635 3379 3706 νοητῶς.
3430 3635 3694 3718 Ἑξείλετο
3720 3639 3839 3692 δου-

2263 3730 2413 3792 λείας
2445 3727 2779 3793 διαδολικῆς,
2813 3725 2888 3786 ὡς
2914 3725 2979 3776 ἐκ
3013 3725 3184 3793 πηλοῦ
3235 3726 3330 3777 καὶ
3371 3726 3667 3790 πλινθείας.
3709 3728 3838 3781 Ἀπ-

2264 3819 2460 3892 ήλλαξε
2510 3815 2618 3868 τῶν
2665 3815 2725 3866 ἐν
2775 3812 2964 3883 κόσμῴ
3015 3813 3202 3866 παθῶν
3272 3814 3367 3866 καὶ
3406 3816 3513 3870 τῶν
3557 3817 3835 3888 σαρκικῶν

2263 3906 2636 3978 ἁκαθαρσιῶν.
2660 3905 2977 3958 Διεὸίσασεν
3009 3905 3083 3969 ώς
3110 3905 3197 3959 διά
3232 3906 3507 3980 θαλάσσης
3525 3927 3542 3942 ο
3567 3910 3838 3982 παρεδρά-

2267 4015 2439 4072 μομεν
2475 3996 2585 4068 γὰρ
2609 3996 2700 4050 τὸν
2733 3997 2976 4051 κλύδωνα
3002 3997 3096 4052 τοῦ
3146 3999 3413 4071 παρόντος
3443 4000 3580 4070 βίου,
3614 4004 3706 4055 καὶ
3738 4003 3835 4071 τῆς

2263 4097 2320 4148 ἐν
2367 4091 2513 4160 αὑτῷ
2545 4091 2823 4160 φροντίδος
2865 4092 2926 4144 τὸ
2969 4093 3185 4163 πικρόν.
3227 4093 3532 4164 Ἐφάγομεν
3575 4095 3739 4165 ἄρτον
3777 4095 3835 4161 ἐξ

2260 4180 2492 4251 οὐρανοῦ
2520 4179 2804 4250 (μυστικὸς
2829 4181 2857 4232 6
2887 4180 3090 4247 λόγος),
3121 4180 3434 4254 διεσιὸἀσθη
3444 4200 3542 4253 μεν
3571 4184 3661 4236 τὸν
3703 4183 3834 4254 Ἰορ-

2263 4271 2448 4340 δάνην,
2494 4269 2796 4340 περιτομὴν
2839 4271 3154 4342 ἐσχήκαμεν
3185 4272 3280 4343 τὴν
3318 4275 3375 4327 ἐν
3403 4276 3701 4345 πνεύματι,
3744 4292 3837 4328 κε-

2266 4361 2757 4430 κληρονομήκαμεν
2798 4359 2896 4430 τὴν
2939 4360 3051 4412 ἄνω
3079 4361 3256 4425 πόλιν,
3299 4362 3396 4433 τὴν
3425 4363 3640 4434 άληθῶς
3678 4365 3838 4433 ἁγίαν

586 4442 769 4509 mites,
806 4442 1062 4510 quoniam
1092 4444 1191 4513 ipsi
1225 4448 1573 4513 pOSsidebunl
1629 4461 1828 4505 terram
1858 4454 1923 4506 ⁸⁸.
1962 4473 1980 4504 ι
2022 4453 2159 4508 Puto

2264 4453 2389 4522 γῆν,
2437 4445 2502 4520 ἦς
2537 4451 2632 4502 καὶ
2675 4449 2836 4513 αὐτὸς
2879 4452 2908 4504 6
2958 4452 3192 4522 Χριστὸς
3233 4452 3582 4525 διεμέμνητο,
3626 4454 3833 4522 λέγων’

584 4542 764 4587 autem
788 4547 887 4603 ego
913 4535 1371 4604 sapientissimum
1398 4554 1610 4611 quoque
1645 4543 2032 4613 evangelistam
2065 4544 2158 4598 Jo-

586 4637 781 4676 annem
816 4623 916 4678 hoc
959 4624 1132 4693 ipsum
1200 4629 1508 4694 signiﬁcare
1551 4633 1706 4698 velle,
1759 4649 1879 4687 cum
1916 4635 2045 4688 dicit
2095 4638 2160 4690 de

586 4714 840 4770 Christo:
876 4716 979 4771 «De
1000 4716 1334 4787 plenitudine
1363 4723 1480 4792 ejus
1497 4740 1596 4780 nos
1619 4739 1809 4778 omnes
1827 4727 2155 4796 accepimus,

585 4813 641 4858 et
663 4807 901 4876 gratiam
934 4822 1030 4876 pro
1059 4810 1252 4877 gratia.
1285 4811 1421 4878 Quia
1454 4813 1539 4868 lex
1569 4828 1664 4883 per
1693 4812 1874 4866 Mosen
1904 4816 2025 4869 data
2056 4829 2165 4884 est,

585 4897 759 4966 gratia
790 4905 845 4952 et
871 4899 1072 4953 veritas
1101 4915 1195 4970 per
1222 4900 1406 4958 Jesum
1439 4903 1713 4958 Christum
1750 4903 1888 4958 facta
1925 4915 2008 4960 cst
2034 4907 2102 4962 ⁸⁸.
2139 4929 2158 4962 ι

584 4987 832 5041 Minister
883 4990 1024 5044 enim
1081 5000 1135 5044 et
1221 4995 1489 5050 mediator
1562 4993 1764 5046 veteris
1849 4993 1991 5050 illius
2044 5013 2169 5067 gra-

588 5080 677 5134 tiae
756 5080 931 5137 Moses
986 5083 1133 5152 fuit;
1180 5088 1434 5140 secundat
1531 5095 1712 5138 autem
1799 5089 2171 5156 gratimtihri~

581 5179 722 5236 stus,
761 5187 879 5242 quae
926 5175 1334 5230 similitudinem
1387 5175 1584 5244 prioris
1642 5175 1782 5232 illius
1807 5178 1987 5235 habet.
2035 5182 2164 5255 Typi

581 5263 728 5316 enim
755 5265 973 5334 quidam
1004 5276 1162 5321 erant
1221 5267 1288 5319 ad
1351 5266 1669 5331 veritatem,
1733 5271 1848 5325 sive
1917 5276 2166 5332 veritatis

582 5354 748 5409 decus
781 5359 1166 5427 parturientes,
1203 5367 1354 5412 tanto
1382 5357 1627 5415 melioris
1659 5372 1713 5415 et
1739 5364 2161 5429 excellentioris,

581 5457 786 5514 quanto
832 5465 952 5520 qua:
1017 5449 1268 5505 sensibus
1319 5463 1382 5505 ea
1452 5465 1574 5520 qua:
1627 5453 1741 5509 sola
1809 5457 2161 5527 intelligentia

651 5647 694 5678 ’⁷
725 5645 1022 5725 ξριιιιηξιχ,
1051 5646 1136 5725 10.
1213 5647 1429 5725 ²¹⁸-1);ιιι.⁸
1453 5653 1636 5725 153%.
1717 5654 1761 5687 ”
1795 5655 2027 5725 Philipp.
2060 5673 2118 5722 ιι,
2161 5656 2246 5719 10,
2287 5656 2370 5709 11.
2449 5656 2492 5688 ³⁰
2527 5657 2723 5724 Ephes.
2780 5675 2836 5723 ll,
2879 5658 2968 5712 20.

2271 4556 2289 4588 ι
2312 4532 2589 4608 Μακάριοι
2623 4539 2672 4590 οἱ
2703 4541 2917 4607 πραεῖς,
2954 4540 3037 4592 ὅτι
3062 4541 3214 4592 αὐτοὶ
3245 4541 3712 4614 κληρονομήσουσι
3739 4544 3837 4615 τὴν

2265 4629 2392 4698 γῆν.
2432 4648 2450 4681 ι
2487 4625 2655 4699 Οἶμαι
2685 4629 2741 4682 δέ
2771 4629 2945 4698 ἔγωγε
2976 4632 3181 4685 καὶτὸν
3219 4633 3528 4700 σοφώτατον
3550 4636 3841 4705 εὐαγγελιο

2267 4721 2399 4789 στὴν
2437 4721 2710 4790 Ἰωάννην,
2746 4722 2878 4775 αὐτὸ
2914 4723 2977 4792 δὴ
3015 4721 3172 4774 τοῦτο
3211 4722 3496 4791 βούλεσθαι
3536 4726 3749 4797 δηλοῦν,
3790 4730 3841 4782 εἰ

2263 4810 2412 4879 λέγοι
2443 4814 2569 4884 περὶ
2591 4814 2850 4884 Χριστοῦ,
2873 4814 2954 4866 ὅτι
2986 4833 3004 4865 ι
3028 4815 3122 4867 Ἐκ
3155 4814 3250 4868 τοῦ
3279 4815 3644 4889 πληρώματος
3671 4820 3840 4874 αὐτοῦ

2265 4904 2426 4974 ἡμεῖς
2452 4904 2652 4968 πάντες
2687 4905 2974 4976 ἐλάϐομεν,
3005 4906 3100 4959 καλ⁵
3129 4907 3286 4978 χάριν
3315 4909 3434 4962 ἀντὶ
3468 4910 3840 4982 χάριτος.⁶’οτι

2263 4997 2292 5050 ό
2322 4997 2484 5067 νόμος
2517 4995 2606 5049 διὰ
2637 4997 2879 5060 Μωσέως
2916 4997 3071 5068 ἐδόθη
3094 5037 3109 5062 ,
3140 5001 3172 5070 ἡ
3220 5001 3376 5071 χάρις
3416 5003 3511 5055 καὶ
3551 5005 3583 5074 ἠ
3615 5003 3842 5074 ἀλήθεια

2265 5089 2352 5143 διὰ
2393 5089 2568 5159 Ἰησοῦ
2596 5087 2832 5158 Χριστοῦ
2859 5089 3095 5157 ἐγένετο.
3124 5109 3142 5142 ι
3168 5093 3425 5156 Διάκονος
3455 5094 3557 5163 μὲν
3586 5095 3694 5164 γὰρ
3745 5097 3843 5149 καὶ

2271 5180 2498 5252 μεσίτης
2525 5181 2623 5249 τῆς
2649 5179 2882 5248 ἀρχαίας
2909 5181 3121 5251 ἐκείνης
3148 5182 3369 5252 χάριτος
3399 5183 3623 5252 γέγονεν
3651 5186 3678 5237 6
3710 5185 3843 5238 Μω-

2268 5271 2502 5342 σῆς’τῆς
2530 5286 2593 5338 γε
2626 5271 2732 5342 μὴν
2751 5271 3010 5344 δευτέρας
3040 5274 3260 5346 χάριτος
3283 5277 3312 5328 ό
3335 5276 3588 5347 Χριστὸς,
3608 5277 3841 5348 ἐχούσης

2268 5364 2367 5433 μὲν
2412 5364 2709 5434 ὁμοιότητα
2761 5365 2898 5435 πρὸς
2943 5367 3161 5437 ἐκείνην
3209 5367 3392 5432 (τύποι
3433 5368 3543 5438 γὰρ
3587 5364 3728 5439 ἦσαν
3762 5369 3839 5433 ὡς

2263 5455 2400 5527 πρὸς
2448 5455 2740 5527 ἀλήθειαν,
2790 5458 2956 5528 ἤγουν
3001 5459 3063 5511 τὸ
3112 5460 3210 5530 τῆς
3257 5460 3515 5532 ἀληθείας
3560 5459 3840 5522 ώδίνοντες

3069 5659 3110 5692 ³⁸
3147 5659 3341 5728 Epltes.
3370 5675 3407 5722 ι,
3446 5661 3478 5714 5
3584 5661 3629 5693 ⁸³
3673 5658 3834 5716 Rom.

580 5729 700 5778 vm,
732 5715 814 5770 17.
895 5717 936 5747 ³³
968 5718 1137 5772 Exod.
1181 5735 1217 5783 ι,
1249 5720 1334 5773 14.
1413 5721 1457 5752 ’³
1491 5723 1660 5778 Exod.
1688 5740 1798 5792 xu,
1835 5726 1852 5778 1
1886 5742 1899 5790 ;
1932 5715 2083 5780 Jdan.
2108 5715 2160 5778 ἰι

2266 5740 2306 5781 ι.
2387 5726 2430 5758 ³⁸
2454 5715 2642 5783 Matth.
2671 5745 2720 5793 v,
2750 5715 2833 5780 4.,
2881 5730 2925 5760 "
2956 5727 3116 5787 Joan.
3149 5715 3208 5796 ιι,
3239 5730 3320 5797 l6,
3355 5715 3441 5785 1⁵1.
