4080 6284
333 282 400 337 69
740 280 743 283 ’
1170 267 1716 329 COMMENTARIUS
1758 266 1820 319 IN
1861 265 2255 322 ZACHABIAM
2297 264 2739 322 PROPHETAM.
3509 264 3578 320 '70

334 395 577 463 κάλλος),
602 393 882 464 ἀμείνονος
911 391 965 444 δὲ
989 391 1081 443 καὶ
1100 385 1653 459 ύπερκειμένης,ὅσῳ
1678 384 1772 437 καὶ
1799 381 1907 434 τῶν

2018 383 2536 452 comprehenduntur
2592 381 2937 436 antecellunt.
2973 381 3192 435 Accedit
3234 382 3387 437 testis
3436 381 3579 436 Pan-

332 485 607 559 αἰσθητῶν
637 484 935 555 ύπερφέροι
967 481 1033 535 ἂν
1057 482 1283 543 εἰκότως
1312 479 1381 532 τὰ
1405 477 1592 548 νοητά.
1628 477 1736 530 Καὶ
1765 492 1903 546 μαρο

333 581 572 650 τυρήσας
602 582 801 646 γράφει
841 578 869 628 6
900 573 1129 637 Παῦλος,
1177 572 1257 625 ὅτι
1303 569 1610 642 κρείττονος
1638 566 1902 636 διαθήκης

334 673 550 742 γέγονεν
582 669 775 737 ἔγγυος
812 664 1039 736 Ἰησοῦς.

404 799 514 856 Καὶ
537 798 769 867 ἐγένετο
808 797 990 864 λόγος
1020 794 1241 862 Κυρίου
1272 794 1418 861 ,πρός
1456 809 1552 861 με,
1576 789 1797 859 λέγων·
1838 788 1904 840 Al

337 894 527 963 χεῖρες
551 888 881 958 Ζοροϐάϐελ
902 888 1307 955 ἐθεμελίωσαν
1336 886 1443 938 τὸν
1478 880 1647 936 οἷκον·
1666 880 1768 933 τοὶ-
1778 895 1902 942 τον,

335 984 432 1037 καὶ
478 985 536 1035 αὶ
582 979 776 1048 χεῖρες
829 978 1017 1033 αὐτοῦ
1056 974 1519 1030 ἐπιτελέσουσιν
1552 971 1768 1032 αὑτὸν,
1807 969 1906 1022 καὶ

334 1072 635 1143 ἐπιγνώσῃ
655 1071 803 1124 διότι
823 1070 1037 1137 Κύριος
1054 1065 1472 1135 παντοκράτωρ
1490 1058 1906 1128 ἐξαπέσταλκέ

328 1181 405 1234 με
437 1163 585 1231 πρὸς
615 1162 708 1214 σέ.

404 1279 551 1343 KG'.
597 1272 726 1326 Ἰδοὺ
786 1270 850 1340 δὴ
883 1268 1045 1324 πάλιν
1073 1269 1202 1337 ἡμῖν
1228 1268 1286 1318 ὲν
1314 1264 1593 1327 αἰσθητοῖς
1620 1262 1905 1332 πράγμασι

336 1365 679 1436 καταγράφει
718 1362 784 1414 τὰ
813 1360 1012 1430 νοητὰ,
1044 1358 1140 1411 καὶ
1177 1356 1285 1409 τῶν
1320 1355 1408 1408 διὰ
1449 1354 1684 1425 Χριστοῦ
1725 1369 1903 1422 παρα-

334 1458 501 1521 δόξως
529 1453 929 1521 τετελεσμένων
974 1447 1336 1521 παρατίθησιν
1383 1448 1463 1509 είς
1503 1445 1673 1497 τύπον
1714 1443 1774 1496 τὸ
1818 1441 1905 1495 διὰ

334 1548 517 1618 χειρὸς
569 1544 871 1616 Ζοροϐάϐελ
917 1541 1060 1596 κατά
1110 1541 1337 1608 καιροὺς
1391 1535 1899 1608 ὲκπεπερασμένον.

349 1640 568 1710 Ἐπειδὴ
601 1641 731 1710 γὰρ,
766 1637 999 1706 ἀλούσης
1032 1638 1129 1705 τῆς
1164 1633 1514 1687 Βαϐυλωνίων
1550 1633 1653 1685 ὑπὸ
1684 1630 1905 1700 Περσῶν

338 1733 432 1786 καὶ
476 1730 658 1802 Κύρου
680 1769 693 1793 ,
723 1729 831 1781 τῶν
862 1729 958 1797 τῆς
987 1727 1230 1788 δουλείας
1269 1726 1480 1778 ἀνεῖντο
1518 1721 1731 1791 δεσμῶν
1764 1724 1811 1771 οἱ
1848 1718 1909 1781 ἐξ

2009 475 2091 528 lus
2129 488 2251 527 cum
2284 474 2474 527 scribit
2507 474 2573 526 ³⁷.
2599 473 2838 527 melioris
2884 474 3194 526 testamenti
3229 475 3578 529 tuediaturetn

2008 577 2126 618 esse
2156 561 2363 617 Jesum.

2083 776 2243 830 Vens.
2269 774 2323 840 8,
2354 774 2406 829 9.
2437 773 2501 828 Ει
2541 775 2712 844 factus
2743 785 2818 829 est
2853 792 3021 830 sermo
3083 775 3292 829 Domini
3348 781 3418 831 ad
3477 796 3579 846 me,

2010 870 2254 922 (licem:
2327 867 2520 920 Manus
2598 865 2889 919 Zorobabel
2955 867 3306 935 fundaverant
3370 870 3580 923 domum

2011 961 2187 1023 istam,
2226 968 2272 1012 et
2320 972 2507 1011 manus
2577 956 2688 1025 ejus
2739 956 3063 1025 complebunt
3134 974 3269 1023 eam,
3329 970 3380 1013 et
3451 964 3580 1014 scies

2011 1052 2133 1121 quia
2201 1048 2452 1103 Dominus
2494 1048 2814 1117 omnipotens
2842 1048 2982 1102 misit
3013 1046 3181 1102 mead
3211 1059 3278 1103 te.

2083 1265 2272 1321 XXVI.
2297 1266 2398 1331 En,
2424 1281 2636 1321 rursum
2673 1266 2723 1320 in
2754 1267 2914 1321 rebus
2958 1282 3094 1335 quas
3147 1284 3305 1324 sensu
3367 1273 3583 1341 attingi-

2012 1374 2147 1418 mus,
2180 1371 2273 1412 eas
2320 1372 2439 1425 quae
2502 1357 2677 1410 solum
2716 1358 3083 1426 intelliguntur
3110 1361 3416 1426 .tlcscribit,
3458 1373 3509 1415 et
3551 1378 3580 1415 a

2009 1448 2227 1503 Christo
2290 1448 2686 1503 admirabiliter
2745 1458 3176 1518 perpetratorum
3214 1462 3394 1520 typum
3462 1470 3579 1522 pro-

2011 1542 2163 1607 ponit
2222 1540 2272 1593 id
2334 1543 2479 1609 quod
2537 1555 2634 1608 per
2684 1555 2900 1593 manum
2967 1539 3263 1596 Zorohabel
3290 1545 3579 1614 aliquando

2012 1632 2317 1684 cmtlectum
2346 1630 2463 1683 fuit.
2495 1630 2781 1698 Postquam
2811 1631 2954 1684 enim
2984 1630 3294 1700 Babyloniis
3344 1650 3373 1686 a
3441 1634 3585 1704 Cyro
3629 1694 3632 1697 ,

2016 1721 2301 1773 Persarum
2322 1735 2446 1790 rege
2467 1722 2703 1775 subactis
2730 1722 2989 1775 servitute
3010 1723 3239 1776 exsoluti
3269 1736 3391 1777 sunt
3415 1724 3588 1780 Israe-

349 1784 583 1894 Ἰσραὴλ,
611 1784 703 1875 καλ.
734 1821 798 1890 δὴ
826 1784 1152 1890 καῖ’-ἀνῆκον
1184 1784 1264 1878 είς
1285 1784 1657 1885 Ἱεροσόλυμα,
1685 1810 1911 1880 Δαρείου

2018 1812 2141 1875 litae,
2173 1821 2227 1865 et
2294 1813 2513 1880 insuper
2586 1811 3021 1882 Hierosolymam
3078 1816 3370 1877 redierunt.
3421 1818 3590 1888 689

335 1915 520 1967 λοιπὸν
565 1914 662 1982 τὴν
709 1911 990 1963 Χαλδαίων
1034 1909 1309 1981 διέποντος
1355 1906 1553 1974 ἀρχὴν,
1605 1902 1911 1974 προῦτρεπε

338 2003 472 2065 Θεὸς
499 2003 626 2064 τοῦς
649 2002 1122 2069 ύπονοστήσαντας
1154 1999 1241 2050 τὸν
1271 1997 1414 2049 θεῖον
1435 1995 1594 2057 εὐθὺς
1627 1993 1915 2062 ἀναδείμα-

346 2093 469 2145 σθαι
497 2094 642 2157 ναὸν,
666 2090 1042 2161 βασιλεύοντος
1077 2090 1173 2160 μὲν
1207 2088 1529 2159 Ζοροϐάϐελ,
1548 2083 1911 2158 ἱερατεύοντός

344 2198 409 2249 γε
448 2180 555 2251 μὴν
590 2178 762 2251 Ἰησοῦ
808 2180 902 2232 τοῦ
948 2177 1212 2232 Ἰωσεδὲκ.
1249 2179 1359 2233 Καὶ
1404 2178 1634 2247 ἥπτοντο
1681 2176 1778 2246 μὲν
1814 2172 1910 2227 τοῦ

343 2271 528 2342 ἔργου,
564 2272 659 2324 καὶ
696 2271 759 2342 δὴ
790 2272 886 2324 καὶ
920 2271 980 2322 ὲν
1014 2269 1255 2341 πρώταις
1279 2269 1561 2339 κρηπίδων
1588 2267 1913 2330 καταϐολαῖς

341 2363 402 2414 τὸ
435 2362 597 2432 ἔργον
620 2358 709 2431 ἦν,
739 2358 874 2433 ἦρτο
899 2362 954 2415 δὲ
982 2363 1074 2415 καὶ
1108 2362 1242 2431 ὑψοῦ
1272 2363 1341 2415 τὰ
1371 2362 1521 2432 τείχη
1554 2360 1760 2424 λοιπὸν,
1796 2355 1911 2412 εἶτα

344 2454 544 2524 μεταξὺ
589 2454 907 2507 κωλυόντων
953 2453 1139 2518 τινῶν,
1191 2454 1283 2507 καὶ
1329 2453 1581 2523 ἐμποδὼν
1626 2451 1911 2520 γεγονότος

339 2546 432 2599 τοῦ
480 2546 673 2616 φθόνου
712 2545 823 2599 τῶν
867 2546 1161 2616 περιοίκων
1200 2545 1402 2607 ὲθνιῖιν,
1440 2544 1628 2612 γέγονέ
1663 2560 1746 2606 τις
1784 2543 1913 2595 ἀνα-

339 2637 515 2707 κωχὴ,
547 2638 639 2690 καὶ
671 2636 1102 2706 σπουδάσματων
1132 2635 1240 2688 τῶν
1287 2636 1380 2689 ἐπὶ
1421 2638 1533 2699 τοῖς
1564 2636 1743 2705 ἔργοις
1778 2634 1911 2687 ἀνά-

341 2729 551 2799 ϐλησις.
594 2728 840 2791 Ἀνέντος
870 2727 924 2781 δὲ
960 2727 1119 2781 πάλιν
1165 2725 1350 2791 αὐτοῖς
1378 2726 1472 2780 τοῦ
1499 2726 1635 2780 Θεοῦ
1674 2726 1734 2779 τὸ
1762 2727 1914 2780 δύνα-

342 2822 467 2875 σθαι
512 2818 812 2889 κατορθοῦν
835 2858 848 2883 ,
900 2818 1242 2872 τετελείωται
1275 2819 1428 2889 μόλις
1460 2820 1490 2871 ό
1514 2817 1682 2880 νεὼς.
1737 2817 1910 2888 Ἰησοῦ

343 2912 443 2984 μὲν
496 2909 886 2982 ίερατεύοντος,
935 2910 1239 2980 Ζοροϐάϐελ
1265 2927 1328 2978 γε
1382 2910 1489 2980 μὴν
1542 2911 1905 2979 ἐφεστηκότος

342 3004 437 3057 καὶ
483 3000 875 3072 βασιλεύοντος.
921 3000 1059 3052 Ἀλλ’
1090 3002 1146 3053 ἐν
1177 3000 1388 3064 τούτοις
1437 3000 1536 3069 μὲν
1569 3002 1596 3053 6
1627 3001 1726 3071 τῆς
1774 3003 1914 3053 ἱστο-

346 3095 464 3165 ρίας
512 3092 969 3163 συμπεπέρασται
1018 3090 1195 3159 λόγος.

349 3183 579 3256 Χριστοῦ
628 3182 999 3253 παρείληπται
1053 3181 1180 3250 παρ’
1224 3181 1382 3250 ἡμῶν
1429 3183 1456 3232 ὁ
1498 3181 1561 3232 ὲκ
1611 3180 1708 3248 τῆς
1749 3180 1915 3232 ’ἰούδα

344 3277 515 3346 φυλῆς
541 3273 866 3344 Ζοροϐάϐελ,
891 3273 1023 3339 φέρε
1050 3271 1114 3341 δὴ
1141 3270 1387 3338 λέγωμεν
1416 3270 1561 3327 ὅπως
1592 3285 1649 3319 τε
1678 3268 1771 3319 καὶ
1796 3268 1921 3321 τίνα

343 3367 542 3436 τρόπον
571 3366 774 3436 ἤρξατο
819 3364 917 3434 μὲν
950 3362 1109 3425 αὐτὸς
1141 3362 1444 3430 οἰκοδομεῖν
1489 3359 1578 3412 τὸν
1619 3357 1765 3413 οἷκον
1804 3362 1917 3412 Κυ-

348 3460 464 3530 ρίου
488 3500 503 3524 ,
539 3458 861 3511 τετελείωκε
895 3456 938 3507 δ’
972 3450 1037 3507 αῦ
1088 3456 1116 3506 6
1150 3455 1339 3523 νοητὸς
1386 3452 1479 3505 καὶ
1528 3452 1916 3523 πνευματικός.

348 3551 733 3619 Κατεστήσατο
786 3549 883 3617 μὲν
934 3547 1039 3618 γὰρ
1073 3548 1129 3598 ὲν
1177 3546 1370 3613 ἀρχαῖς
1422 3539 1569 3596 οἶκόν
1610 3561 1732 3597 τινα
1822 3543 1917 3597 καὶ

348 3639 652 3708 ὲναύλισμα
701 3638 1003 3708 θεοπρεπὲς
1051 3634 1202 3705 αὐτῷ
1242 3651 1303 3686 τε
1348 3636 1440 3688 καὶ
1477 3634 1556 3704 τῷ
1586 3635 1779 3705 Πατρὶ,
1820 3635 1918 3706 τὴν

362 3729 630 3783 Ἰουδαίων
676 3729 1026 3798 Συναγωγήν.
1072 3726 1227 3780 Οῦτω
1270 3726 1377 3796 γὰρ
1423 3727 1594 3797 αὐτὴν
1646 3726 1917 3795 ὠνόμαζε,

348 3819 479 3888 περὶ
509 3816 603 3870 τοῦ
641 3818 919 3886 πανσόφου
970 3816 1212 3879 Μωσέως
1245 3814 1412 3868 εἰπών
1434 3832 1447 3845 ·
1484 3835 1502 3867 ι
1540 3816 1664 3869 Ἐἀν
1694 3817 1918 3885 γένηται

350 3911 633 3981 προφήτης
663 3909 721 3973 ἐξ
747 3909 901 3978 ὑμῶν
924 3908 1209 3979 Κυρίῳ,ὲν
1237 3908 1475 3977 ὁράματι
1503 3906 1651 3977 αὐτῷ
1672 3908 1921 3977 γνωσθήο

351 4017 550 4071 σομαι,
585 4003 672 4054 καὶ
701 4003 758 4055 ὲν
796 4000 949 4070 ὕπνῳ
980 4000 1198 4069 λαλήσω
1233 3998 1403 4068 αὐτῷ.
1430 3997 1545 4068 Ούχ
1580 3997 1752 4061 οὓτως
1788 4000 1864 4062 ὼς
1890 4000 1919 4051 ὁ

353 4090 607 4161 θεράπων
654 4108 753 4161 μου
792 4089 1018 4159 Μωσῆς,
1066 4092 1122 4142 ὲν
1166 4089 1271 4159 ὅλῳ
1301 4089 1379 4159 τῷ
1421 4089 1553 4159 οἴκῳ
1598 4104 1698 4158 μου
1731 4091 1922 4152 πιστός

353 4183 519 4234 ἔστιν,
557 4200 574 4232 ι
612 4181 822 4235 Οὐκοῦν
862 4181 1251 4251 τεθεμελίωται
1285 4182 1381 4251 μὲν
1418 4180 1605 4251 ῶσπερ
1647 4176 1792 4243 οἶκος
1835 4180 1923 4233 διά

351 4269 612 4340 Χριστοῦ·
632 4269 937 4341 καθῄρηται
960 4272 1018 4331 δὲ
1048 4269 1271 4341 μεταξύ.
1296 4271 1403 4323 Καὶ
1431 4269 1560 4339 γοῦν
1582 4272 1610 4322 ό
1638 4272 1922 4341 προφήτης

364 4358 637 4428 Ἱερεμίας
666 4359 739 4422 ὡς
772 4360 1098 4413 πεπτωκότα
1137 4377 1196 4412 τε
1248 4361 1343 4413 καὶ
1401 4362 1745 4431 σεσεισμένον
1787 4378 1921 4414 κατ-

2013 1902 2174 1958 Dario
2212 1913 2393 1971 postea
2417 1903 2787 1957 Chaldaeorum
2812 1918 3032 1973 regnum
3065 1919 3416 1974 procurante,
3452 1910 3579 1962 hor-

2015 2006 2160 2055 tatus
2195 2006 2277 2051 est
2335 1997 2479 2050 Deus
2533 1998 2756 2051 reduces
2817 2006 2873 2048 ut
2916 2008 3041 2050 ante
3109 1999 3287 2052 omnia
3349 2002 3586 2056 divinum

2016 2087 2272 2154 templum
2329 2085 2740 2147 reaediﬁcareut,
2795 2099 2922 2154 rege
2977 2087 3193 2153 quidem
3232 2087 3585 2155 Zorobabele,

2011 2176 2256 2245 principe
2277 2185 2453 2230 autem
2478 2177 2813 2230 sacerdomm
2831 2174 2955 2229 Jesu
2981 2176 3089 2230 lilio
3108 2174 3332 2232 Josedec
3353 2179 3417 2231 ³⁸.
3439 2178 3591 2233 Jam-

2011 2282 2115 2337 que
2144 2268 2209 2320 ad
2250 2281 2384 2337 opus
2418 2266 2883 2337 aggrediebantur,
2910 2278 2963 2320 et
2993 2268 3162 2336 prima
3229 2269 3586 2328 fundamenta

2003 2358 2150 2427 jacta
2176 2367 2354 2420 erant,
2374 2368 2427 2412 et
2454 2361 2595 2412 muri
2617 2359 2667 2410 in
2698 2356 2861 2411 altum
2889 2359 3089 2423 educti,
3120 2375 3261 2425 cum,
3290 2363 3588 2429 prohiben-

2015 2452 2155 2504 tibns
2204 2450 2523 2518 quibusdam
2567 2459 2623 2503 et
2678 2450 2878 2503 invidia
2944 2449 3293 2505 ﬁnitimarum
3349 2456 3588 2521 gentium

2014 2542 2359 2610 impediente,
2391 2556 2420 2593 a
2452 2541 2634 2594 labore
2669 2550 2938 2594 cessatum
2966 2552 3048 2595 est
3085 2548 3139 2594 et
3166 2557 3386 2609 operum
3413 2544 3588 2598 studia

2014 2634 2239 2702 prolata.
2307 2631 2414 2685 Deo
2486 2641 2661 2685 autem
2713 2632 2780 2685 ad
2846 2645 2981 2699 opus
3041 2634 3145 2687 rite
3200 2632 3587 2688 conﬁciendum

2016 2722 2522 2777 rnrsnsfacultatent
2547 2723 3041 2791 suppz-ditatite,vix
3061 2722 3271 2777 tandem
3287 2723 3588 2778 absolutum

2014 2823 2115 2878 est,
2148 2813 2277 2869 Jcsu
2306 2830 2572 2869 summum
2606 2824 2827 2884 gerente
2853 2813 3234 2876 sacerdotium,
3261 2813 3591 2871 Zorobabele

2014 2918 2195 2962 autem
2231 2924 2408 2962 rerum
2456 2908 2711 2976 potiente.
2751 2907 2816 2961 Et
2840 2907 2923 2961 his
2960 2909 3174 2976 quidem
3205 2908 3425 2962 historia
3457 2923 3591 2962 eon-

2016 2998 2217 3053 tinetur
2255 2999 2323 3052 ‘9.
2364 2998 2496 3065 Quia
2534 3015 2663 3055 vero
2689 3015 2786 3070 pro
2819 3010 2946 3071 typo
2972 3000 3171 3055 Christi
3204 2998 3589 3054 Zorobabelem

1251 3091 1471 3162 Ἐπειδὴ
1516 3090 1573 3143 δὲ
1621 3093 1700 3154 είς
1744 3091 1912 3143 τύπον

2018 3090 2083 3143 de
2121 3090 2258 3144 tribu
2298 3088 2434 3143 Juda
2487 3100 2665 3143 ortum
2716 3091 3132 3159 assumpsimus,
3166 3104 3287 3158 age,
3350 3090 3592 3143 dicamus

2021 3179 2293 3245 quomodo
2345 3187 2400 3229 et
2434 3194 2536 3245 qua
2574 3180 2782 3231 ratione
2812 3180 3041 3248 cmperit
3070 3180 3181 3247 ipso
3214 3179 3429 3247 quidem
3459 3180 3593 3234 tedi-

2021 3267 2184 3318 licare
2212 3267 2427 3319 domum
2465 3267 2704 3321 Domini:
2732 3268 2825 3322 sed
2859 3280 3037 3323 mente
3063 3280 3370 3339 conceptus,
3400 3281 3454 3325 et
3482 3271 3593 3340 spi-

2024 3358 2239 3413 ritualis
2277 3357 2582 3414 Zorobahel
2639 3374 2757 3414 eam
2820 3372 3006 3428 postea
3044 3358 3333 3428 perfecerit
3366 3372 3419 3414 et
3461 3377 3593 3416 con-

2021 3451 2394 3504 summavcrit.
2445 3449 2738 3505 Constituit
2822 3453 2967 3506 enim
3052 3453 3315 3521 principio
3377 3454 3591 3507 domum

2021 3541 2305 3608 quamdam
2326 3550 2377 3593 et
2413 3543 2743 3595 mansionem
2765 3542 3000 3595 divinant
3026 3542 3127 3597 eihi
3150 3552 3202 3596 et
3224 3540 3595 3597 PatriJuilaeo-

2022 3646 2139 3683 rum
2183 3633 2543 3701 Synagogatn.
2576 3632 2666 3686 Sic
2693 3648 2925 3701 namque
2983 3633 3132 3686 illam
3187 3634 3495 3702 appellavit,
3527 3634 3594 3689 de

2021 3721 2416 3789 sapientissimo
2453 3724 2691 3777 ninnium
2718 3723 2863 3779 Mose
2893 3726 2964 3778 ita
2995 3724 3255 3794 loquens:
3290 3746 3307 3778 ι
3342 3726 3397 3781 Si
3432 3731 3595 3784 luerit

2022 3815 2284 3882 propheta
2321 3830 2386 3867 ex
2424 3816 2575 3869 vobis
2610 3814 2857 3877 Domino,
2890 3816 2942 3869 in
2968 3816 3171 3870 visione
3193 3817 3268 3871 illi
3300 3834 3595 3889 cognoscar

2020 3911 2075 3956 et
2116 3904 2167 3956 in
2206 3919 2397 3958 somno
2428 3905 2615 3974 loquar
2645 3906 2717 3959 ei.
2798 3905 2913 3960 Non
2958 3907 3038 3962 sic
3092 3917 3148 3961 ut
3191 3922 3378 3963 servus
3444 3926 3594 3965 meus

2023 3991 2217 4055 Muses,
2258 3995 2309 4048 in
2344 3997 2490 4049 omni
2538 3997 2697 4051 domo
2746 4012 2862 4052 mea
2916 3998 3087 4052 fidelis
3126 4010 3205 4054 est
3234 3999 3281 4032 “
3311 4037 3327 4055 .
3364 4019 3384 4053 ι
3452 4002 3597 4069 Ergo

2023 4084 2247 4138 {nitidam
2290 4095 2373 4140 est
2400 4096 2652 4156 tanquam
2685 4090 2874 4144 domus
2898 4105 2992 4159 per
3018 4090 3331 4157 Christum,
3387 4096 3479 4146 sed
3515 4094 3595 4145 in-

2025 4176 2247 4230 tervallo
2275 4178 2683 4244 eversa.Quare
2713 4180 2972 4248 propheta
3021 4178 3286 4235 Jeremias
3342 4192 3402 4237 ut
3462 4198 3595 4237 con-

2023 4283 2236 4323 cussam
2291 4281 2344 4324 et
2370 4271 2664 4340 collapsam
2699 4271 3017 4340 deploratin
3049 4272 3161 4326 haec
3190 4274 3391 4327 verba:
3430 4293 3447 4325 ι
3489 4276 3594 4329 Do-

2025 4375 2144 4415 mus
2172 4361 2335 4416 Israel
2362 4362 2579 4425 cecidit,
2634 4372 2690 4417 et
2738 4378 2842 4417 non
2896 4371 2980 4416 est
3019 4363 3110 4431 qui
3167 4364 3345 4418 denuo
3394 4366 3596 4421 excitet

351 4447 688 4516 ωλοφύρετο,
719 4449 911 4516 λέγων’
942 4468 960 4500 ι
990 4446 1148 4512 Οἶκος
1163 4450 1378 4519 Ἰσραὴλ
1409 4451 1620 4513 ἔπεσεν,
1650 4452 1748 4503 ούκ
1772 4451 1914 4505 ἐστιν

2022 4467 2163 4508 eam.
2198 4471 2221 4505 ι
2274 4454 2649 4508 Verumtamen
2703 4469 2799 4525 per
2824 4454 3097 4509 Christum
3127 4457 3385 4523 excitata,
3434 4469 3488 4513 et
3542 4460 3597 4514 in

348 4541 382 4592 ό
409 4538 733 4607 ἀναστήσων
785 4539 964 4595 αὐτόν.
997 4558 1015 4589 ι
1057 4540 1202 4609 Πλὴν
1238 4543 1535 4611 ἐγήγερται
1564 4542 1651 4595 διὰ
1680 4542 1917 4613 Χριστοῦ

350 4630 447 4684 καὶ
488 4629 900 4700 μετεσκευάσθη
937 4630 1071 4701 πρὸς
1110 4631 1171 4684 τὸ
1219 4631 1463 4700 ἄμεινον,
1497 4632 1919 4703 εἰσκεκομισμέ·

351 4740 460 4777 νων
498 4721 647 4792 αὐτῷ
684 4722 792 4776 τῶν
827 4722 1017 4785 ἐθνῶν,
1061 4724 1154 4776 καὶ
1184 4723 1589 4795 ἀναδειχθείσης
1632 4724 1687 4776 ὲν
1733 4724 1921 4795 κόσμῳ

348 4814 452 4883 τῆς
486 4813 847 4885 Ἐκκλησίας,
890 4834 907 4865 ι
940 4815 1062 4884 ἥτις
1104 4815 1249 4867 ἐστὶν
1296 4809 1444 4878 οἶκος
1472 4815 1603 4869 Θεοῦ
1645 4814 1866 4881 ζῶντος,
1897 4836 1915 4868 ι

350 4899 419 4973 ἦς
448 4903 544 4956 τοῦ
576 4903 803 4965 κάλλους
839 4903 1062 4971 γέγονεν
1088 4905 1321 4975 ἐραστὴς
1353 4908 1382 4958 6
1405 4906 1511 4958 τῶν
1549 4906 1685 4959 ὅλων
1719 4906 1922 4978 Κύριος

354 4995 449 5047 καὶ
477 4994 629 5057 Θεός.
664 4994 785 5047 Ὅτι
832 4995 940 5064 γὰρ
983 4996 1328 5065 ἀσυγκρίτως
1364 4998 1600 5067 ἀμείνων
1646 5000 1796 5071 παρὰ
1831 5001 1922 5053 τὸν

354 5083 571 5153 πρῶτον
618 5086 645 5137 ό
702 5086 759 5137 ὲν
802 5085 1051 5153 ἐσχάτοις
1096 5089 1306 5156 καιροῖς
1356 5088 1723 5158 ἐγηγερμένος
1771 5090 1916 5153 ναὸς,

354 5176 650 5240 τουτέστιν,
678 5177 710 5246 ή
758 5176 1054 5245 Ἐκκλησία
1075 5217 1088 5240 ,
1121 5178 1606 5251 πεπληροφόρηκεν
1638 5181 1808 5234 εἰπὼν
1835 5183 1924 5235 διὰ

357 5272 539 5338 φωνῆς
584 5269 839 5337 Ἀγγαίου
868 5269 962 5323 τοῦ
995 5270 1272 5338 προφήτου
1294 5286 1308 5301 ·
1337 5290 1354 5321 ι
1389 5270 1481 5335 Τίς
1506 5274 1652 5325 ἐστιν
1681 5274 1738 5339 ἐξ
1770 5274 1924 5343 ὑμῶν

355 5357 658 5428 ἄνθρωπος,
690 5360 748 5422 ὃς
779 5356 887 5413 εἶδε
916 5360 1005 5413 τὸν
1031 5355 1179 5412 οἷκον
1211 5361 1395 5414 τοῦτον
1427 5364 1485 5414 ὲν
1512 5367 1577 5433 τῇ
1607 5364 1731 5434 δόξῃ
1759 5365 1922 5417 αὑτοῦ

354 5442 427 5519 τῇ
454 5449 790 5521 ἔμπροσθεν;
844 5451 955 5505 Καὶ
1005 5452 1121 5515 πῶς
1168 5452 1325 5522 ὑμεῖς
1371 5454 1592 5524 βλέπετε
1629 5457 1791 5509 αὐτὸν
1830 5456 1926 5509 νῦν

429 5644 474 5677 ³⁷
507 5645 675 5699 Hebr.
716 5660 745 5699 v
783 5644 826 5677 ³⁸
856 5644 874 5697 ι
902 5645 1056 5700 Esdr.
1093 5664 1179 5712 tv,
1217 5648 1239 5700 t
1273 5664 1426 5719 seqq.
1504 5651 1636 5719 Agg.
1677 5651 1906 5705 1.1244.

2018 5652 2029 5681 ⁵
2065 5653 2220 5709 Num.
2253 5672 2347 5721 xu,
2380 5656 2433 5721 6,
2473 5658 2524 5713 7.

2023 4547 2185 4600 aliam
2241 4546 2629 4615 melioremque
2664 4546 2888 4601 formam
2922 4558 3125 4601 mutata
3154 4550 3599 4615 est,introductis

2020 4637 2074 4692 in
2104 4638 2274 4707 ipsam
2306 4639 2572 4705 gentibus,
2601 4647 2657 4691 et
2683 4639 2917 4692 exhibita
2966 4640 3016 4693 in
3074 4642 3274 4694 mundo
3328 4640 3596 4707 Ecclesia,

2030 4746 2047 4780 ι
2071 4742 2191 4797 quae
2219 4729 2513 4782 estdomus
2551 4727 2643 4780 Dei
2675 4728 2903 4782 viventis
2963 4728 3032 4794 δι,
3060 4747 3078 4781 ι
3140 4730 3294 4799 cujus
3359 4731 3596 4798 pulchri—

2025 4821 2265 4875 tudinem
2294 4820 2666 4872 universorum
2695 4818 2952 4875 Dominus
2982 4835 3043 4874 ac
3095 4821 3234 4877 Deus
3301 4822 3594 4877 adamavit.

2023 4909 2237 4965 Etenim
2275 4912 2546 4980 ,templum
2602 4913 2862 4967 extremis
2936 4910 3597 4982 temporibusex’citatum,

2024 5001 2319 5058 Ecclesium
2347 5003 2570 5067 scilicet,
2614 5002 2839 5058 inﬁnitis
2855 5005 3104 5073 partibus
3130 5006 3304 5073 primo
3340 5015 3598 5072 praestare

2024 5096 2156 5148 satis
2216 5108 2483 5163 superque
2510 5095 2709 5160 docuit,
2759 5110 2853 5164 per
2890 5097 3205 5164 prophetam
3232 5098 3484 5164 Aggzenm
3525 5099 3597 5151 ita

2022 5186 2281 5252 loquens:
2311 5201 2330 5235 ι
2359 5184 2488 5251 Quis
2518 5195 2600 5241 est
2629 5202 2693 5241 ex
2729 5188 2879 5242 vobis
2907 5190 3065 5241 homo
3108 5188 3197 5254 qui
3226 5188 3356 5241 vidit
3380 5189 3599 5245 domum

2024 5275 2165 5328 hanc
2189 5277 2239 5326 in
2266 5275 2431 5339 gloria
2462 5291 2554 5329 sua
2580 5277 2758 5346 priore
2779 5279 2800 5331 ?
2820 5277 2888 5332 Et
2935 5277 3203 5342 quomodo
3248 5292 3342 5334 vos
3404 5280 3602 5336 videtis

2025 5366 2197 5433 ipsam
2244 5379 2384 5418 nunc
2430 5366 2571 5418 sicut
2616 5381 2722 5419 non
2781 5366 3134 5420 exsistentem
3195 5368 3247 5421 in
3307 5382 3603 5426 conspectu

2027 5465 2206 5513 vestro
2238 5458 2281 5489 ⁵⁵³
2316 5458 2338 5510 ?
2376 5478 2393 5510 ι
2435 5457 2499 5513 Ει
2549 5457 2687 5512 inl‘ra
2725 5474 2739 5510 :
2775 5478 2792 5511 ι
2841 5459 2976 5526 Quia
3030 5474 3222 5530 magna
3279 5476 3380 5517 erit
3431 5463 3607 5533 gloria

2606 5656 2645 5688 “
2678 5658 2694 5710 l
2722 5658 2860 5715 Tim.
2926 5676 3006 5724 ιιι,
3042 5660 3328 5730 1.5“Agg.
3396 5676 3453 5721 ιι,
3476 5659 3536 5714 4.
