4080 6284
597 275 656 328 71
1578 269 1633 325 S.
1677 264 1947 323 CYRILLI
1992 256 2456 319 ALEXANDﬂlNl
2502 256 2817 313 ARCHEEP.
3774 255 3848 308 '72

595 391 788 443 domus
819 386 974 443 istius
1014 388 1320 443 novissima:
1353 400 1512 456 super
1541 388 1790 457 primam,
1822 385 1953 440 dicit
1984 384 2164 438 Domi-

2272 377 2451 439 καθὼς
2498 378 2596 446 οὐχ
2640 377 2951 445 ὑπάρχοντα
2998 372 3225 425 ἐνώπιον
3276 369 3463 441 cum;
3499 388 3515 419 ι
3567 368 3677 422 Καὶ
3730 370 3852 438 μεθ’

595 494 697 534 IIIIS
745 482 1086 546 omnipotens
1120 479 1197 530 “.
1232 497 1251 531 ι
1313 479 1784 534 Verumenimvero
1844 479 1942 532 ista
2004 476 2171 530 histo-

598 571 710 622 rice
747 570 1007 622 duntaxat
1052 567 1368 637 intelligere,
1417 568 1545 637 quin
1592 583 1800 635 magna:
1850 568 2069 621 insaniae
2104 566 2174 619 sit

598 658 950 711 dubitandum
987 672 1091 710 non
1132 666 1236 722 est,
1296 656 1341 709 si
1395 658 1517 725 quis
1566 658 1885 727 cogitaverit
1941 670 2172 724 quonam

597 750 754 800 modo
788 748 1054 813 posterior
1072 748 1434 817 gloriatempli
1463 748 1556 802 Dei
1590 747 1929 815 prmstantior
1960 746 2160 815 prioris

609 835 780 904 gloria
813 837 979 889 videri
1014 848 1207 905 queat:
1238 852 1359 890 nam
1407 837 1536 891 illud
1569 837 1806 891 incendit
1856 852 1919 890 ac
1954 835 2175 906 diripuit

602 925 929 995 Babylonius
957 926 1448 984 Nabuchodonosor
1482 948 1494 983 :
1528 930 1691 999 690
1713 930 1812 983 hoc
1844 937 2020 982 autem
2053 938 2174 997 post

604 1020 734 1073 illud
769 1027 1105 1075 exstructum
1138 1030 1256 1091 post
1286 1030 1494 1091 tempus
1527 1022 1873 1090 captivitatis,
1900 1019 2171 1075 nihilomi-

598 1126 700 1165 nus
735 1126 762 1163 a
817 1110 1076 1168 Romanis
1104 1114 1381 1168 incensum
1412 1127 1475 1167 ac
1501 1113 1782 1181 spoliatum
1811 1120 1914 1175 est,
1947 1113 2171 1181 ipsaque

599 1204 966 1273 Hierosolyma
1008 1215 1060 1259 et
1112 1203 1293 1259 iudica
1324 1204 1570 1259 universa
1618 1204 1684 1258 “.
1739 1204 1854 1259 Non
1900 1205 2061 1274 igitur
2103 1206 2169 1257 ad

596 1295 873 1347 veritatem
905 1292 1102 1348 Sufﬁcit
1126 1294 1379 1348 historica
1408 1294 1673 1348 narratio.
1706 1293 1873 1361 Major
1898 1304 2077 1347 autem
2117 1302 2172 1347 et

594 1386 937 1453 praestantior
975 1385 1142 1454 gloria
1198 1385 1470 1455 posterior
1520 1400 1682 1454 quam
1722 1387 1890 1453 prior,
1930 1385 2171 1441 Ecclesia

594 1486 867 1543 assumpta
891 1492 910 1525 ι
939 1474 991 1528 in
1018 1475 1269 1545 templum
1305 1484 1569 1539 sanctum,
1595 1475 1647 1529 iu
1688 1476 2051 1531 habitaculum
2078 1475 2171 1530 Dei

593 1566 645 1619 iu
678 1567 874 1634 Spiritu
911 1565 976 1618 ⁸⁵.
1006 1584 1023 1616 ›
1051 1564 1565 1636 Superaaditicamur
1587 1567 1733 1622 enim
1765 1582 1929 1636 super
1975 1567 2167 1622 funda-

592 1667 763 1710 menta
790 1656 1153 1725 apostolorum
1175 1665 1228 1711 et
1245 1656 1644 1726 prophetarum,
1669 1671 1764 1724 per
1796 1672 2010 1711 omnem
2042 1673 2172 1711 cou-

2276 471 2439 539 ἓτερα
2460 484 2471 496 °
2498 489 2515 519 ι
2540 467 2683 520 Διότι
2715 466 2925 537 μεγάλη
2949 464 3101 517 ἔσται
3135 464 3167 533 ἡ
3200 460 3325 525 δόξα
3357 461 3450 513 τοῦ
3483 459 3631 512 οἴκου
3654 460 3853 515 τούτου

2276 563 2309 631 ὴ
2344 561 2544 631 ἐσχάτη
2591 560 2729 630 ὑπὲρ
2771 560 2869 628 τὴν
2906 556 3126 626 πρώτην
3152 597 3165 621 ,
3217 554 3366 621 λέγει
3412 554 3615 623 Κύριος
3650 570 3839 605 παντο-

2276 654 2516 721 κράτωρ.
2554 670 2572 702 ι
2616 650 2752 702 Ἀλλ’
2795 651 2874 701 ὅτι
2910 648 3007 717 μὲν
3040 647 3198 716 μόνον
3242 641 3529 715 ἱστορικῶς
3562 644 3627 696 τὰ
3672 644 3853 695 τοιάδε

2275 747 2415 797 νοεῖν
2439 743 2811 811 ἀπόπληκτον,
2845 743 2946 793 οὐκ
2974 740 3038 792 ἂν
3068 737 3357 792 ἐνδοιάσειέ
3376 754 3478 799 τις,
3499 734 3853 804 ἐννενοηκὼς,

2274 837 2355 889 ὅτι
2400 834 2515 896 πῶς
2561 834 2626 887 ἂν
2657 834 2826 886 νοοῖτο
2857 830 3265 903 προφερεστέρα
3301 828 3402 897 τῆς
3435 827 3682 897 πρώτης,
3717 828 3750 895 ἡ
3790 828 3852 879 ἐν

2275 928 2527 998 ἐσχάτοις
2572 925 2699 988 δόξα
2747 923 2838 976 τοῦ
2886 923 3031 975 θείου
3081 921 3235 981 ναοῦ,
3273 919 3430 986 εἴπερ
3483 920 3688 970 ἐκεῖνον
3745 916 3849 986 μὲν

2278 1018 2652 1086 κατενέπρησε
2684 1014 2792 1065 ικαὶ
2847 1013 3148 1082 διήρπασεν
3192 1011 3219 1061 ὁ
3260 1007 3599 1068 Βαϐυλώνιος
3630 1008 3848 1060 Ναϐου-

2273 1108 2603 1179 χοδονόσωρ·
2648 1105 2739 1158 τὸν
2785 1103 2842 1156 δὲ
2885 1101 3001 1171 μετ’
3036 1104 3243 1155 ἐκεῖνον
3290 1101 3662 1171 ἐγηγερμένον
3710 1107 3850 1169 μετα

2272 1200 2362 1252 τὸν
2379 1198 2479 1267 τῆς
2500 1194 2874 1267 αἰχμαλωσίας
2889 1192 3105 1265 καιρὸν,
3120 1193 3271 1246 οὐδὲν
3289 1188 3448 1263 ἧττον
3477 1192 3737 1261 Ῥωμαῖοι
3756 1209 3829 1243 κα

2272 1287 2635 1356 τενέπρησαν,
2663 1283 3216 1354 συγκαταδῃώσαντες
3245 1282 3392 1352 αὐτῷ
3417 1284 3504 1335 καὶ
3536 1281 3754 1354 [τ]αὑτὰ
3783 1284 3851 1335 τά

2284 1378 2662 1447 Ἱεροσόλυμα,
2711 1376 2806 1428 καὶ
2844 1374 3060 1428 ἃπασαν
3089 1374 3145 1425 δὲ
3188 1375 3288 1444 τὴν
3322 1373 3591 1427 Ἰουδαίων
3621 1374 3804 1442 χώραν
3834 1390 3850 1438 ;

2274 1468 2483 1523 Οὔκουν
2514 1468 2728 1538 ἀπόχρη
2764 1466 2898 1535 πρὸς
2931 1465 3187 1535 ἀλήθειαν
3221 1467 3253 1535 ή
3294 1466 3391 1536 τῆς
3438 1464 3678 1533 ἱστορίας
3710 1465 3849 1516 ἁπό-

2272 1560 2438 1622 δοσις.
2476 1559 2741 1628 Ἀμείνων
2773 1558 2831 1610 δὲ
2880 1558 2974 1610 καὶ
2997 1557 3411 1627 προφερεστέρα
3436 1558 3535 1626 τῆς
3563 1556 3784 1627 πρώτης
3811 1559 3845 1627 ἡ

2273 1650 2560 1705 τελευταία
2593 1650 2740 1715 δόξα,
2772 1648 3221 1719 παραληφθείσης
3256 1647 3691 1717 τῆςἘκκλησίας
3728 1667 3745 1697 ‹
3769 1649 3849 1709 εἰς

590 1758 791 1803 tactmu
839 1748 1190 1817 suppeditatae
1244 1747 1575 1816 operationis
1624 1747 1884 1815 cujusque
1940 1746 2164 1800 membri

2273 1743 2399 1796 ναὸν
2443 1741 2617 1810 ἅγιον,
2667 1744 2745 1804 είς
2796 1742 3215 1815 κατοικητήριον
3253 1739 3347 1790 τοῦ
3395 1738 3529 1791 Θεοῦ
3578 1741 3636 1791 ἐν
3676 1738 3842 1791 πνεύ-

588 1843 823 1909 roaptati
861 1850 1023 1909 atque
1056 1840 1360 1909 compositi,
1398 1848 1455 1894 et
1484 1840 1645 1893 veluti
1682 1840 1822 1892 inter
1855 1854 1951 1893 nos
2000 1837 2176 1892 foedus

585 1933 833 1987 ineuntes
870 1934 920 1987 iu
970 1932 1231 1986 unitatem
1272 1932 1396 1986 ﬁdei
1424 1940 1479 1985 et
1514 1929 1818 1986 dilectionis
1853 1944 1949 1998 per
2001 1929 2175 1997 Spiri-

590 2035 727 2086 tum,
756 2025 820 2076 ad
852 2024 1183 2078 elliciendum
1204 2021 1458 2092 templum
1482 2032 1754 2077 sanctum.
1781 2019 2008 2089 Lapides
2030 2021 2174 2074 enim

586 2112 695 2165 vivi
721 2128 907 2167 sumus
928 2113 997 2165 ⁸⁸.
1029 2113 1387 2178 Quamobrem
1402 2111 1618 2167 divinus
1632 2110 1828 2165 Paulus
1843 2109 2174 2164 credentium

588 2205 986 2258 multitudinem
1037 2218 1178 2258 nunc
1207 2203 1423 2271 quidem
1465 2202 1557 2256 Dei
1587 2200 1994 2271 agriculturam,
2030 2212 2173 2252 nunc

588 2292 680 2347 Dei
752 2295 1160 2350 aedificationem
1234 2293 1522 2349 vocavit"
1560 2309 1574 2345 :
1614 2292 1770 2360 cujus
1836 2300 1896 2345 ut
1955 2291 2170 2359 sapiens

588 2383 912 2439 architectus
960 2384 1363 2438 fundamentum
1427 2384 1606 2453 posuit
1675 2381 1835 2437 Jesus
1893 2380 2164 2446 Christus,

588 2474 676 2527 cui
730 2488 921 2528 omnes
974 2474 1297 2542 innitimur,
1368 2488 1465 2544 per
1522 2486 1681 2542 quem
1742 2481 1798 2526 et
1843 2480 2071 2534 stamus,
2111 2481 2167 2525 et

589 2564 841 2634 templum
868 2565 1229 2630 nominamur,
1255 2566 1428 2634 ipsum
1448 2564 1710 2619 habentes
1735 2562 1789 2617 in
1830 2573 2011 2617 mente
2033 2563 2162 2616 etin

584 2656 769 2717 corde.
806 2670 903 2724 per
928 2656 1188 2725 Spiritum
1222 2657 1553 2710 habitantem
1593 2664 1648 2709 et
1674 2664 1978 2709 manentem
2005 2654 2073 2687 ἰδ’

2282 1851 2432 1905 ματι.
2474 1852 2492 1884 ι
2541 1830 3071 1901 Ἐποικοδομούμεθα
3104 1831 3212 1899 γὰρ
3241 1829 3332 1882 ἐπὶ
3368 1829 3446 1899 τῷ
3473 1830 3710 1901 θεμελίῳ
3741 1831 3849 1884 τῶν

2277 1927 2594 1982 ἀποστόλων
2639 1926 2733 1978 καὶ
2786 1924 3118 1994 προφητῶν,
3168 1924 3256 1976 διὰ
3311 1925 3491 1995 πάσης
3548 1924 3694 1993 ἁφῆς
3749 1927 3849 1995 τῆς

2278 2016 2636 2087 ἐπιχορηγίας
2695 2015 2794 2084 τῆς
2860 2013 2980 2067 κατ’
3034 2015 3314 2085 ἐνέργειαν
3367 2017 3597 2070 ἑκάστου
3655 2016 3849 2086 μέλους

2279 2106 2874 2178 συναρμολογούμενοι,
2929 2106 3024 2160 καὶ
3090 2107 3498 2178 συντιθέμενοι,
3544 2108 3638 2161 καὶ
3684 2110 3846 2162 οἱονεί

2277 2216 2395 2261 πως
2428 2198 2676 2269 ἀλλήλοις
2699 2216 2762 2250 συ
2773 2198 3087 2268 μϐαίνοντες
3114 2200 3189 2261 είς
3214 2199 3439 2269 ἑνότητα
3488 2200 3723 2264 πίστεως
3752 2201 3845 2253 καὶ

2274 2290 2493 2357 ἀγάπης
2539 2288 2629 2340 ἐπὶ⁹
2668 2287 2761 2340 τοῦ
2810 2288 3124 2358 Πνεύματος
3174 2291 3256 2353 είς
3298 2290 3424 2343 ναὸν
3471 2290 3647 2359 ἅγιον.
3689 2292 3839 2345 Λίθοι

2273 2380 2383 2449 γάρ
2414 2379 2579 2446 ἐσμεν
2604 2376 2823 2440 ζῶντες.
2857 2377 2967 2429 Καὶ
2994 2375 3124 2444 γοῦν
3150 2379 3178 2429 ό
3200 2377 3486 2440 θεσπέσιος
3510 2378 3718 2441 Παῦλος
3744 2379 3844 2449 τὴν

2271 2471 2381 2523 τῶν
2409 2469 2848 2521 πεπιστευκότων
2865 2467 3094 2537 πληθὺν,
3117 2468 3245 2520 ποτέ
3273 2469 3370 2539 μὲν
3395 2468 3530 2523 Θεοῦ
3556 2469 3842 2539 γεώργιον,

2269 2560 2402 2613 ποτὲ
2434 2560 2490 2613 δέ
2521 2560 2584 2630 δὴ
2619 2555 2711 2613 οῦν
2749 2560 2844 2613 καὶ
2881 2559 3169 2630 οἰκοδομὴν
3210 2559 3460 2630 ὠνόμαζε
3492 2560 3654 2614 Θεοῦ·
3688 2561 3784 2613 καὶ
3816 2563 3845 2613 ό

2270 2654 2434 2721 σοφὸς
2466 2652 2803 2724 ἀρχιτέκτων
2849 2650 3094 2722 θεμέλιον
3123 2652 3387 2717 τέθεικεν,
3426 2650 3582 2716 οὗτος
3605 2654 3661 2706 δέ
3697 2655 3843 2706 ἑστιν

599 2744 805 2814 Ἰησοῦς
832 2750 861 2798 ὁ
888 2747 1120 2816 Χριστὸς
1142 2787 1156 2811 ,
1182 2740 1227 2814 ᾧ
1252 2747 1315 2819 δὴ
1345 2747 1544 2810 πάντες
1577 2746 1966 2818 ἑρηρείσμεθα,
2024 2746 2091 2798 δι’
2123 2738 2184 2799 οὗ
2222 2745 2315 2799 καὶ
2353 2746 2684 2815 ἑστήκαμεν,
2741 2744 2833 2796 καὶ
2854 2745 2971 2798 ναοὶ
2996 2762 3099 2817 χρη
3110 2744 3426 2814 ματίζομεν,
3446 2743 3606 2798 αὐτὸν
3628 2744 3844 2813 ἔχοντες

588 2844 671 2904 είς
704 2842 828 2895 νοῦν
856 2842 950 2895 καὶ
974 2844 1203 2914 καῷίαν
1233 2843 1547 2915 ἐνῳκηκότα
1578 2861 1637 2896 τε
1661 2845 1756 2897 καὶ
1774 2842 2160 2915 ἑνηυλισμένον
2195 2840 2284 2895 διὰ
2312 2841 2407 2895 τοῦ
2442 2840 2776 2911 Πνεύματος.

662 2933 925 2990 VzusJO.
958 2934 1087 3001 Quis
1115 2937 1251 2990 enim
1279 2936 1511 3005 despexit
1546 2935 1601 2989 in
1659 2936 1768 2990 dies
1816 2937 2041 3005 parvos?
2087 2932 2157 2987 Et
2188 2942 2230 3000 α

584 3025 925 3090 (relabmrrur,
961 3038 1006 3095 et
1036 3027 1277 3080 videbunt
1300 3026 1527 3095 lapidem
1567 3035 1845 3080 rtunneum
1893 3028 1951 3080 in
2004 3043 2165 3080 manu

582 3114 889 3171 Zorobabel.
936 3090 1140 3185 Septem
1176 3118 1264 3172 isti
1293 3090 1430 3171 oculi
1465 3115 1681 3171 Domini
1702 3127 1846 3186 sunt,
1882 3120 2168 3189 respicien-

584 3219 659 3260 ιη
683 3224 843 3277 ευμεν
866 3224 1069 3263 omnem
1091 3220 1307 3264 terram.

656 3382 872 3438 XXVII.
895 3384 1009 3439 Non
1046 3395 1130 3441 est
1155 3390 1220 3443 de
1249 3403 1374 3443 mox
1406 3390 1603 3445 futuris
1633 3392 1806 3458 visio;
1862 3390 1954 3444 sed
1985 3389 2165 3458 potius

583 3475 650 3529 de
674 3476 1001 3530 deducendis
1042 3478 1107 3530 ad
1142 3480 1470 3547 propositum
1500 3484 1681 3545 linem,
1731 3490 1790 3534 ut
1837 3480 2167 3547 temporibus

582 3569 847 3621 adventus
876 3567 1113 3621 omnium
1162 3581 1405 3625 nostrum
1458 3571 1764 3625 Salvatoris
1820 3570 2042 3634 Christi,
2073 3568 2163 3633 qni

585 3659 638 3711 in
668 3670 910 3713 extrema
942 3668 1182 3729 tempora
1209 3664 1391 3718 saeculi
1423 3664 1584 3733 hujus
1624 3664 1848 3718 incidit:
1909 3670 2163 3715 caeterum

584 3767 691 3806 non
738 3754 810 3805 ita
857 3753 946 3807 diu
1002 3764 1126 3821 post
1190 3756 1326 3809 hanc
1393 3755 1733 3824 prophetiam
1776 3754 1995 3816 editam,
2049 3751 2164 3805 sive

586 3841 840 3908 templum
876 3856 969 3909 per
998 3857 1217 3895 manum
1258 3842 1559 3897 Zorobabcl
1583 3842 1899 3896 excitatum.
1945 3841 2001 3894 Si
2042 3841 2163 3909 quis

482 3923 495 3936 ’
586 3933 771 4001 igitur,
814 3933 1008 3998 inquit,
1055 3934 1363 4002 despexerit
1431 3934 1638 3987 medios
1678 3932 1793 3987 dies
1847 3946 2042 4001 parvos
2110 3939 2164 3984 et

583 4037 811 4090 paucos,
833 4022 943 4077 sive
974 4023 1110 4077 nihil
1132 4025 1442 4092 pependerit
1462 4023 1793 4085 dilationem,
1813 4036 1914 4074 non
1938 4029 2162 4076 maestus

581 4120 798 4181 propter
827 4113 1191 4177 hoc,omuiu0
1224 4115 1369 4167 omni
1400 4113 1584 4168 laetitia
1611 4113 1923 4181 replebitur.
1951 4110 2158 4166 Caude-

580 4203 659 4256 bit
691 4205 857 4267 enim,
882 4213 938 4258 et
958 4206 1158 4260 videbit
1182 4205 1408 4276 lapidem
1438 4216 1719 4261 stanueum
1746 4206 1796 4260 in
1845 4221 2005 4259 manu
2058 4205 2160 4260 Zo-

2333 2933 2487 2985 Διότι
2518 2932 2610 2996 τίς
2640 2928 3055 2994 ἐξουδένωσεν
3078 2931 3166 2996 είς
3200 2930 3428 2998 ἡμέρας
3453 2931 3667 2999 μικράς
3687 2945 3705 2993 ;
3724 2931 3840 2985 Kal

2271 3024 2639 3095 χαρήσονται
2664 3063 2677 3087 ,
2710 3022 2807 3075 καὶ
2839 3023 3090 3090 ὄψονται
3137 3023 3245 3075 τὸν
3277 3024 3453 3076 λίθον
3486 3023 3594 3076 τόν
3628 3039 3842 3076 κασσιο

2269 3117 2504 3184 τέρινον
2527 3115 2596 3167 ἐν
2626 3114 2777 3182 χειρὶ
2812 3113 3160 3181 Ζοροϐάϐελ.
3208 3115 3393 3167 Ἑπτὰ
3421 3111 3586 3169 οὗτοι
3620 3116 3841 3182 ὀφθαλ-

2263 3208 2364 3277 μοὶ
2413 3208 2635 3274 Κυρίου
2681 3204 2857 3269 εἰσὶν,
2909 3209 2963 3258 οἱ
3010 3206 3459 3272 ἀποϐλέποντες
3494 3207 3592 3259 ἐπὶ
3635 3206 3842 3261 πᾶσαν

2265 3300 2382 3367 τὴν
2414 3300 2551 3369 γῆν.

2337 3391 2460 3444 KZ'.
2503 3392 2577 3443 Οὐ
2611 3389 2740 3460 περὶ
2770 3389 2881 3441 τῶν
2929 3389 3089 3452 εὐθὺς
3134 3389 3409 3459 ἐσομένων
3445 3390 3476 3459 ἡ
3505 3390 3724 3460 ὅρασις,
3754 3388 3842 3443 ἐν-

2268 3483 2645 3551 εχθησομένων
2666 3482 2721 3533 δέ
2758 3481 2955 3550 μᾶλλον
2981 3483 3060 3543 εἰς
3090 3482 3282 3551 πέρας,
3316 3482 3389 3543 ὡς
3417 3484 3472 3533 ἑν
3504 3484 3715 3549 καιροῖς
3738 3486 3841 3553 τῆς

2268 3573 2563 3641 ἐπιδημίας
2604 3571 2697 3624 τοῦ
2735 3571 2953 3624 πάντων
2999 3572 3157 3642 ἡμῶν
3205 3574 3451 3642 Σωτῆρος
3480 3571 3751 3642 Χριστοῦ,
3805 3576 3839 3644 ἢ

2265 3662 2458 3731 γέγονε
2493 3661 2589 3729 μὲν
2615 3664 2672 3713 ἐν
2701 3662 2948 3731 ἐσχάτοις
2973 3662 3067 3715 τοῦ
3096 3662 3362 3731 παρόντος
3383 3662 3576 3725 αἰῶνος
3599 3665 3834 3732 καιροῖς·

2267 3753 2402 3823 πλὴν
2431 3751 2490 3804 οὗ
2514 3769 2595 3803 τοι
2629 3752 2842 3811 πολλοῖς
2877 3752 3012 3820 μετὰ
3037 3751 3209 3804 ταῦτα
3238 3752 3450 3821 χρόνοις
3485 3753 3582 3820 τῆς
3615 3769 3838 3821 προκει-

2268 3841 2436 3911 μένης
2457 3842 2589 3910 ήμῖν
2622 3842 2979 3911 προφητείας,
3004 3841 3121 3911 ἦτοι
3150 3842 3247 3909 τῆς
3269 3839 3558 3909 οἰκοδομῆς
3587 3841 3680 3892 τοῦ
3705 3841 3836 3894 ναοῦ

2263 3928 2355 3981 τοῦ
2392 3929 2481 3982 διὰ
2533 3930 2714 3999 χειρὸς
2762 3929 3066 3998 Ζοροδάὸελ
3098 3930 3491 3999 ἐγηγερμένου.
3532 3929 3599 3983 Εἴ
3629 3947 3711 3991 τις
3741 3926 3836 3983 οῦν

2263 4020 2393 4089 ἄρα,
2440 4020 2628 4090 φησιν,
2685 4019 3057 4083 ἐξουδενώσειε
3102 4020 3198 4083 τὰς
3244 4021 3444 4090 μεταξὺ
3492 4022 3692 4093 μικρὰς
3741 4025 3838 4076 καὶ

2263 4112 2663 4182 εὐαριθμήτους
2718 4112 2970 4182 ἡμέρας,
3021 4112 3186 4178 ἤγουν
3228 4111 3380 4163 οὐδὲν
3432 4114 3697 4183 ἡγήσαιτο
3734 4115 3835 4185 τὴν

2263 4204 2580 4272 ἁνάϐλησιν,
2607 4204 2707 4255 οὐκ
2731 4202 3030 4272 άκηδιάσας
3065 4201 3199 4272 πρὸς
3231 4202 3409 4265 τοῦτο,
3440 4202 3615 4273 πάντη
3650 4220 3709 4255 τε
3738 4205 3835 4255 καὶ

582 4294 818 4349 robabel.
850 4294 1138 4350 Stauneum
1169 4274 1295 4352 vero
1339 4296 1565 4367 lapidem
1592 4296 1864 4354 Christum
1896 4296 2157 4353 nominat.

2267 4298 2483 4361 πάντως
2515 4297 2729 4366 ἁπάσης
2752 4296 2902 4348 ἔσται
2926 4294 3190 4365 θυμηδίας
3220 4296 3489 4366 ἔμπλεως.
3516 4298 3835 4366 Χαρήσεται

578 4384 809 4440 Causam
836 4386 882 4440 si
914 4387 1035 4454 quis
1064 4401 1226 4441 nosse
1260 4388 1424 4451 volet,
1472 4402 1595 4441 mox
1648 4387 1876 4441 dixerim
1917 4396 1971 4439 et
2037 4402 2155 4455 quae

580 4476 699 4529 aliis
729 4477 1001 4539 videntur,
1032 4484 1087 4531 et
1140 4477 1295 4532 nobis
1354 4492 1567 4546 quoque
1626 4480 1942 4546 probantur.
1990 4478 2157 4532 Aiunt

578 4566 721 4619 enim
755 4576 1007 4621 stantium
1038 4582 1103 4621 ex
1140 4583 1249 4622 aere
1278 4577 1330 4623 et
1386 4570 1599 4638 plumbo
1630 4569 1938 4638 temperari,
1993 4578 2154 4638 atque

580 4656 785 4711 idcirco
828 4672 927 4711 nec
951 4659 1171 4713 omnino
1196 4674 1381 4714 carere
1399 4660 1616 4726 duritie,
1644 4675 1741 4715 nec
1770 4675 1963 4715 vacare
1990 4660 2152 4713 etiam

576 4746 929 4803 mollitudine.
979 4748 1137 4819 691
1170 4749 1279 4805 Nos
1332 4767 1545 4821 quoque
1626 4751 2022 4819 quodammodo
2083 4764 2150 4803 ex

573 4838 776 4893 deitate
805 4854 925 4907 quae
952 4840 1003 4893 vi
1026 4842 1170 4894 nulla
1201 4844 1375 4911 frangi
1412 4859 1477 4897 ac
1529 4844 1797 4897 debilitari
1839 4849 2032 4910 potest,
2096 4850 2151 4894 et

574 4944 638 4984 ex
666 4931 895 4985 humana
956 4942 1194 4998 matura,
1244 4934 1615 4990 aifectiouibus
1683 4934 1837 5001 quasi
1894 4934 2144 4997 obnoxia,

574 5016 976 5076 Emmanuelem
1039 5024 1431 5092 componimus.
1484 5022 1772 5076 Sciendum
1833 5037 1991 5089 porro
2053 5023 2148 5076 ad-

577 5122 845 5168 amantem
874 5128 1088 5184 quoque
1124 5114 1342 5183 plumbo
1375 5114 1535 5168 facile
1572 5112 1859 5180 confringi,
1885 5124 1942 5166 ut
1975 5114 2144 5179 aiunt,

575 5219 696 5258 cum
728 5215 905 5260 tamen
932 5205 981 5261 id
1005 5222 1101 5275 per
1123 5206 1283 5259 aliam
1354 5205 1639 5259 materiam
1714 5219 1817 5258 non
1893 5206 2144 5274 patiatur.

2260 4390 2390 4462 γὰρ,
2422 4392 2517 4443 καλ⁹
2546 4390 2733 4460 ὄψεται
2763 4388 2851 4441 τὸν
2894 4387 3040 4440 λίθον
3066 4388 3157 4440 τὸν
3189 4389 3563 4457 κασσιτέρινον
3601 4391 3658 4440 ἐν
3688 4390 3835 4458 χειρὶ

2258 4481 2584 4552 Ζοροϐάϐελ.
2640 4480 3080 4547 Κασσιτέρινον
3127 4480 3185 4532 δὲ
3230 4479 3375 4532 λίθον
3439 4479 3687 4550 ὠνόμασε
3739 4479 3833 4532 τὸν

2257 4574 2512 4642 Χριστόν.
2546 4572 2657 4625 Καὶ
2688 4572 2740 4623 εί
2764 4588 2848 4635 τις
2881 4570 3123 4640 βούλοιτο
3155 4571 3253 4641 τὴν
3287 4570 3467 4625 αἰτίαν
3500 4571 3829 4641 ἁναμαθείν,

2259 4663 2425 4731 φαίην
2463 4661 2529 4714 ἂν
2559 4662 2719 4724 εὐθὺς
2752 4662 2820 4714 τὰ
2865 4661 3125 4713 δοκοῦντά
3166 4678 3311 4723 τισι,
3361 4663 3455 4714 καὶ
3483 4666 3616 4735 ἡμῖν
3647 4665 3834 4728 αὐτοῖς

2257 4751 2434 4821 ὀρθῶς
2483 4750 2628 4820 ἔχειν
2678 4751 3080 4822 ὑπειλημμένα.
3131 4752 3194 4803 Οί
3245 4753 3342 4822 μὲν
3393 4756 3502 4825 γάρ
3556 4772 3688 4823 φασι
3739 4757 3833 4807 τὸν

2257 4842 2580 4911 κασσίτερον
2626 4843 2735 4897 ἀπό
2788 4860 2847 4895 τε
2890 4843 3091 4913 χαλκοῦ
3132 4846 3226 4897 καὶ
3271 4845 3519 4915 μολίϐδου
3563 4848 3661 4915 τὴν
3692 4847 3832 4914 σύτο

2256 4949 2456 5002 κρασιν
2494 4932 2658 5002 ἐχειν,
2692 4934 2785 4987 καὶ
2813 4934 3016 5004 ταύτης
3045 4936 3211 4988 ἕνεκα
3244 4937 3341 5005 τῆς
3372 4938 3551 4999 αἰτίας
3578 4937 3701 4989 οὔτε
3731 4939 3831 4991 τοῦ

2255 5020 2393 5076 εἶναι
2432 5023 2665 5095 σκληρὸν
2706 5028 3053 5097 ἀπηλλάχθαι
3086 5028 3389 5091 παντελῶς,
3440 5028 3562 5081 οὔτε
3600 5030 3705 5099 μὴν
3735 5031 3832 5082 άν-

2254 5117 2498 5169 αίνεσθαι
2530 5117 2591 5168 τὸ
2631 5115 2775 5187 ἔχειν
2808 5118 2901 5171 καὶ
2932 5118 3246 5188 μαλθακῶς.
3289 5112 3704 5188 Συντίθεμενδέ
3734 5123 3834 5175 καὶ

2253 5211 2412 5277 ἡμεῖς
2446 5207 2584 5261 κατὰ
2611 5208 2811 5263 τοιόνδε
2866 5210 2988 5262 τινὰ
3027 5212 3227 5280 τρόπον
3261 5211 3352 5263 τὸν
3387 5212 3736 5282 Ἐμμανουὴλ
3764 5213 3832 5267 ἔκ

579 5297 816 5352 Dicimus
860 5314 989 5365 ergo
1017 5297 1314 5360 Christum,
1356 5294 1604 5365 quamvis
1650 5295 1937 5364 benignum
1995 5298 2147 5352 valde

2267 5318 2310 5353 τε
2351 5302 2448 5371 τῆς
2481 5301 2791 5373 ἀθραύστου
2832 5300 3113 5371 θεότητος,
3150 5305 3243 5356 καὶ
3281 5305 3344 5355 ἐκ
3381 5303 3481 5373 τῆς
3512 5305 3674 5356 οἱονεί
3709 5323 3831 5369 πως

576 5386 836 5458 longeque
872 5391 1314 5457 valentissimum,
1346 5397 1401 5442 et
1417 5398 1474 5442 ut
1508 5388 1672 5441 Deum
1698 5389 1839 5442 nulla
1866 5392 2145 5459 praeditum

573 5481 800 5545 Saevitia,
840 5496 938 5535 ceu
967 5480 1307 5535 adamantem
1345 5479 1629 5549 quemdam
1667 5479 2006 5551 confringere
2041 5481 2144 5535 Sa-

642 5658 1041 5726 “Agg.lt,10.
1119 5656 1163 5688 ⁸³
1188 5655 1255 5711 ιν
1279 5653 1413 5722 Reg.
1451 5670 1576 5722 xxv,
1609 5655 1628 5709 1
1664 5673 1796 5727 srqq

2250 5389 2531 5460 ἐμπαθοῦς
2578 5389 3020 5460 ἀνθρωπότητος.
3084 5391 3279 5444 ’ἰστέον
3318 5390 3407 5455 δὲ,
3448 5393 3529 5444 ὅτι
3583 5392 3677 5445 καὶ
3735 5392 3830 5446 τὸν

2251 5483 2533 5552 ἀδάμαντα
2566 5481 2711 5533 λίθον
2756 5481 2990 5551 μολίϐδῳ
3039 5481 3202 5551 φασιν
3246 5483 3482 5546 εὐκόλως
3531 5482 3829 5554 συνθραύε-

1897 5662 1940 5692 ’⁸
1970 5659 2163 5731 Epiros.

2290 5661 2377 5716 9|.
2425 5663 2467 5692 δ’
2498 5662 2516 5715 l
2544 5662 2683 5716 Pctr.
2720 5678 2783 5725 ll,
2810 5661 2860 5713 5.
2906 5659 2947 5689 "
2992 5657 3006 5710 Ι
3034 5659 3159 5714 Cor.
3186 5677 3267 5720 Ill,
3297 5661 3347 5715 9.
3412 5661 3456 5693 ³⁸
3486 5659 3824 5718 ibidJO-i'l.
