4080 6284
309 319 376 375 75
1115 316 1660 376 COMMENTARIUS
1693 319 1760 375 IN
1800 318 2204 376 ZACHARIAM
2238 316 2679 377 PROPIIETAM.
3482 332 3551 389 τι

308 441 454 505 σθαι,
490 438 666 505 καίτοι
709 438 864 492 τοῦτο
906 437 1103 491 παθεῖν
1142 438 1208 491 δι’
1239 440 1434 511 ἐτέρας
1475 440 1609 511 ὕλης
1640 442 1742 495 οὐκ
1780 442 1873 495 ἀν·
1903 460 1919 506 Α

1936 476 1950 506 ι
1979 449 2180 503 lanam,
2214 439 2279 495 de
2311 454 2417 509 quo
2444 441 2701 510 scriptum
2743 453 2954 498 exstat:
2998 466 3014 497 ι
3037 446 3143 502 Cor
3167 448 3282 519 ejus
3334 451 3547 507 indura-

307 530 584 600 εχόμιινον.
619 530 797 600 Φαμὲν
820 522 934 596 οὗν,
976 528 1058 582 ὅτι
1100 529 1277 583 καίτοι
1323 532 1558 601 χρηστὸς
1587 531 1662 585 ὣν
1710 532 1871 601 άγαν,

1979 540 2091 584 tum
2128 539 2209 585 est
2241 530 2361 598 plus
2395 547 2552 600 quam
2586 533 2737 601 lapis.
2784 534 2946 590 Stetit
2996 547 3173 592 autem
3204 542 3343 599 sicut
3394 548 3545 602 incus

307 621 403 672 καὶ
431 620 705 691 παναλκὴς
753 623 781 674 6
822 621 1080 691 Χριστὸς,
1131 622 1225 675 καί¹
1257 623 1319 675 τὸ
1356 624 1565 694 ἀπηνὲς
1592 626 1693 678 οὐκ
1735 624 1875 695 ἔχων

1978 621 2259 691 impulsata
2283 622 2347 677 ‘9.
2385 642 2403 675 ι
2441 622 2505 677 Ει
2539 625 2736 694 alioqui
2795 637 3063 697 stannum,
3118 636 3231 692 sive
3273 642 3543 707 plumbum

306 710 383 773 ὡς
405 710 556 777 Θεὸς,
574 708 685 765 οἷον
709 712 993 783 άδάμαντά
1022 731 1144 767 τινα
1169 714 1459 787 συνθραύει
1484 718 1576 770 τὸν
1606 718 1873 779 Σατανᾶν,

1978 711 2042 763 ad
2076 712 2445 781 purgationem
2477 717 2784 784 per'ignem
2812 718 3034 776 alterius
3088 727 3284 781 metalli
3341 736 3543 787 assumi

307 801 434 870 περὶ
476 796 537 856 οὗ
580 802 921 875 γέγραπται·
980 824 999 856 ι
1036 806 1103 859 Ἠ
1163 808 1359 878 καρδία
1405 808 1570 861 αὐτοῦ
1625 808 1875 876 πέπηγεν

1976 799 2216 853 cernitur
2244 804 2574 867 necessario,
2610 807 2947 872 potissimum
2987 813 3125 880 apud
3152 812 3331 871 fabros
3358 833 3544 889 argen-

304 892 491 963 ῶσπερ
521 894 686 958 λίθος.
720 896 958 968 Ἐστηκε
989 897 1047 950 δὲ
1079 898 1268 969 ὥσπερ
1294 899 1487 969 ἄκμων
1516 900 1804 972 άνήλατος.
1849 920 1867 951 ι

1979 893 2163 947 tarios.
2190 893 2454 979 Quocirca
2496 897 2638 952 Deus
2677 900 2873 956 alicubi
2908 918 3003 971 per
3042 905 3330 967 Jeremiam
3357 930 3542 972 rursus

304 986 460 1037 Δοκεῖ
503 1002 568 1053 γε
616 985 720 1056 μὴν
753 986 847 1040 καὶ
888 988 1092 1058 ἐτέρως
1130 988 1222 1041 τὸν
1262 991 1603 1062 κασσίτερον,
1649 991 1747 1044 εἴτ’
1779 987 1872 1045 οὖν

1976 982 2078 1038 hoc
2118 984 2311 1053 ipsum,
2340 988 2464 1043 licet
2495 991 2778 1048 obscurius
2831 995 2991 1051 dicit:
3033 1017 3053 1051 ι
3093 1000 3294 1060 Defecit
3360 1008 3540 1064 suilla-

300 1075 390 1128 τὸν
440 1076 687 1145 μόλιϐδον
736 1081 816 1142 εἰς
867 1079 1242 1151 ἀποκάθαρσιν
1280 1081 1379 1152 τὴν
1425 1082 1510 1135 διὰ
1556 1072 1726 1154 πυρὸς
1774 1084 1873 1153 τῆς

1978 1074 2171 1128 torium
2190 1077 2259 1130 ab
2290 1078 2432 1145 igne,
2464 1081 2658 1137 defecit
2696 1084 2993 1154 plumbum,
3044 1091 3251 1149 frustra
3298 1111 3541 1169 argenta-

301 1165 495 1235 ἐτέρας
533 1165 665 1237 ὕλης
696 1168 1008 1235 ἀναγκαίως
1041 1170 1599 1239 παραλαμϐάνεσθαι,
1638 1172 1872 1241 μάλιστα

1976 1162 2088 1218 rius
2128 1177 2404 1235 argentum
2435 1174 2687 1237 concidit,
2752 1178 2967 1234 malitia:
3017 1197 3201 1239 eorum
3248 1162 3389 1243 non-
3416 1206 3539 1249 sunt

299 1256 357 1309 δὲ
385 1260 499 1321 τοῖς
522 1257 593 1309 τὰ
624 1257 683 1322 ἐξ
708 1258 947 1329 ἀργύρου
975 1264 1321 1330 τεχνουργεῖν
1344 1262 1559 1314 εἰωθόσι
1588 1262 1649 1314 τὸ
1679 1262 1873 1332 χρῆμά

1974 1255 2275 1322 liquefactae
2294 1259 2360 1315 '°.
2399 1279 2418 1312 ι
2441 1262 2614 1327 Quare
2637 1274 2847 1334 stanno,
2881 1272 2991 1326 sive
3018 1274 3235 1341 plumbo
3263 1280 3536 1340 Christum

301 1348 452 1400 ἐστιν
481 1350 797 1416 ἀναγκαῖον.
842 1350 951 1402 Καὶ
989 1350 1119 1417 γοῦν
1151 1350 1253 1421 ἔφη
1280 1369 1381 1405 που
1410 1352 1539 1415 Θεὸς
1568 1352 1655 1407 διὰ
1687 1355 1871 1423 φωνῆς

1971 1356 2251 1415 comparat
2306 1358 2364 1405 ut
2416 1352 2808 1423 abstergentem
2867 1363 3076 1426 sordes,
3121 1376 3177 1419 ιιι
3203 1370 3534 1429 auferentem

313 1438 577 1508 Ἰερεμίου
612 1441 772 1493 πάλιν
806 1441 935 1493 αὐτὸ
966 1440 1028 1510 δὴ
1058 1441 1215 1495 τοῦτο
1244 1443 1683 1513 αἰνιγματωδῶς⁸
1719 1463 1736 1493 ι
1761 1443 1870 1507 Ἐξ-

1970 1451 2323 1504 Supervacua,
2386 1451 2445 1495 ut
2482 1455 2794 1513 purgantem
2842 1454 3132 1508 secundum
3188 1457 3532 1524 intellectum.

299 1529 454 1582 έλιπε
508 1531 757 1602 φυσητὴρ
803 1532 911 1584 ἀπὸ
956 1533 1147 1600 πυρὴ,
1196 1532 1409 1596 ἐξέλιπε
1458 1534 1735 1603 μόλιϐδος,
1787 1536 1866 1597 εἰς

1969 1529 2124 1583 Unde
2174 1532 2218 1586 si
2275 1533 2396 1602 quis
2451 1536 2822 1606 interiectione
2881 1546 3175 1603 mediorum
3238 1562 3534 1625 temportun

299 1621 454 1673 κενὸν
479 1622 865 1691 άργυροκοπεῖ,
898 1621 1150 1693 πονηρίαι
1177 1623 1358 1676 αὐτῶν
1391 1625 1488 1677 ούκ
1512 1624 1804 1694 ἐτάκησαν.
1839 1642 1857 1674 ι

1968 1619 2104 1672 nihil
2130 1618 2289 1674 fuerit
2316 1628 2687 1693 conturbatus,
2720 1642 2771 1684 et
2796 1647 2892 1700 pro
2920 1637 3086 1691 nihilo
3115 1643 3321 1700 duxerit
3342 1618 3531 1717 parvos

299 1712 620 1783 Κασσιτέρῳ
640 1713 838 1777 τοίνυν,
877 1713 1046 1784 ἦγουν
1080 1714 1334 1784 μολίϐδῳ,
1369 1715 1701 1786 παρεικάζει
1724 1717 1863 1785 Χρι-

1970 1709 2085 1762 dies
2119 1710 2530 1780 intercedentes,
2560 1720 2809 1787 gaudebit
2858 1743 2876 1775 ι
2936 1738 2990 1781 et
3042 1733 3241 1789 videbit
3302 1709 3526 1810 lapidem

296 1803 440 1868 στὸν,
475 1803 552 1865 ὡς
588 1805 889 1874 ἐκτήκοντα
921 1805 1047 1865 τοὺς
1085 1804 1310 1873 ῥύπους,
1352 1805 1429 1868 ὡς
1455 1806 1867 1858 ἀπαλλάττοντα
1900 1825 1907 1882 1

1920 1809 2254 1899 istanneum
2288 1805 2342 1858 in
2374 1821 2534 1860 manu
2574 1808 2890 1869 Zorobabel.
2933 1837 2952 1869 ι
2988 1820 3123 1886 Quid
3162 1840 3288 1881 vero
3327 1803 3426 1899 est,
3478 1841 3531 1891 tu

291 1892 401 1945 τῶν
430 1894 722 1963 περιττῶν,
752 1893 827 1957 ὡς
853 1894 1295 1965 ἁποκαθαίροντα
1330 1896 1557 1965 νοητῶς.
1590 1898 1651 1949 Εἰ
1686 1897 1750 1966 δή
1784 1915 1867 1960 τις

1972 1903 2135 1941 manu
2206 1888 2555 1948 Zorobabel?
2622 1898 2887 1959 Divinitus
2934 1907 3192 1977 inspirata
3252 1888 3531 1990 Scriptura

294 1978 386 2036 οὖν
430 1984 540 2055 ἄρα
580 1985 1103 2055 κατευμεγεθήσειε,
1163 1987 1319 2055 φησὶ,
1364 1986 1464 2055 τῆς
1504 1986 1611 2040 τῶν
1662 1987 1863 2057 μεταξὺ

1967 1994 2184 2033 manum
2217 1983 2410 2054 accipit
2443 1993 2496 2039 et
2527 2003 2624 2056 pro
2663 1992 2882 2060 virtute,
2925 2008 2979 2052 et
3006 2016 3103 2069 pro
3155 1978 3529 2074 potestatem

299 2076 504 2145 καιρῶν
543 2077 815 2147 εἰσϐολῆς,
854 2077 950 2131 καὶ
982 2077 1133 2130 οὐδὲν
1167 2079 1426 2149 ἡγήσοιτο
1457 2080 1553 2142 τὰς
1579 2080 1664 2134 διὰ
1694 2081 1861 2150 μέσου

1966 2067 2164 2123 virtute
2185 2073 2367 2141 igitur,
2405 2078 2518 2132 sive
2554 2080 2716 2135 etiam
2765 2084 2816 2137 in
2862 2067 3128 2155 potes—tate
3155 2067 3531 2163 -Zorobabelis

306 2164 506 2234 μικρὰς
554 2166 791 2235 ἡμέρας,
840 2169 1138 2237 χαρήσεται
1194 2168 1313 2238 μὲν,
1374 2188 1391 2220 ι
1429 2172 1522 2223 καὶ
1554 2171 1739 2240 ὄψεται
1771 2171 1863 2226 τὸν

1961 2160 2163 2217 videbit
2194 2162 2423 2233 lapidem
2449 2180 2754 2239 stanneum,
2781 2176 2881 2233 hoc
2925 2191 3026 2247 est,
3074 2184 3366 2249 Christum.
3418 2160 3527 2254 zdl

299 2254 447 2308 λίθον
478 2255 570 2309 τὸν
599 2257 973 2327 κασσιτέρινον
1003 2262 1061 2312 ἐν
1089 2261 1230 2329 χειρὶ
1266 2259 1590 2331 Ζοροϐάϐελ.
1621 2280 1640 2312 ι
1674 2263 1784 2315 Καὶ
1808 2262 1861 2315 τί

1960 2251 2180 2349 robabel
2208 2259 2428 2326 etenim,
2455 2271 2515 2316 ut
2537 2264 2669 2329 dixi,
2694 2267 2761 2324 de
2798 2270 2938 2327 tribu
2984 2274 3120 2331 Juda
3147 2292 3325 2349 natus,
3358 2251 3528 2346 Israe-

291 2345 355 2416 δὴ
383 2347 491 2418 ἄρα
527 2350 645 2401 ἐστὶ
679 2350 737 2401 τὸ
770 2350 828 2402 ἐν
866 2352 1009 2420 χειρί
1040 2350 1370 2421 Ζοροϐάϐελ;
1414 2352 1479 2404 Ἠ
1508 2351 1860 2417 θεόπνευστος

1959 2340 1993 2394 li
2018 2345 2252 2410 praefuit.
2282 2347 2350 2403 Et
2371 2350 2618 2410 Christus
2646 2372 2859 2428 quoque
2884 2371 3130 2434 regnavit
3150 2340 3522 2447 super'lsraﬁe—l,

289 2438 481 2509 Γραφὴ
510 2440 610 2510 τὴν
653 2443 809 2512 χεῖρα
850 2442 1062 2511 δέχεται
1115 2444 1209 2496 καὶ
1241 2445 1321 2506 είς
1362 2442 1610 2513 δύναμιν,
1645 2444 1739 2497 καὶ
1778 2447 1858 2509 εἰς

1962 2447 2067 2486 non
2105 2450 2255 2490 more
2288 2452 2494 2509 nostro,
2526 2446 2638 2501 sive
2676 2449 3142 2526 circumscriptum
3183 2438 3235 2518 et
3286 2438 3525 2540 tempore

286 2526 553 2591 ἐξουσίαν.
597 2531 682 2583 Ἐν
710 2530 937 2601 δυνάμει
966 2533 1042 2603 δὴ¹
1064 2530 1158 2586 οὖν
1178 2574 1192 2596 ,
1228 2536 1395 2605 ἦγουν
1422 2536 1516 2587 καὶ
1553 2537 1611 2587 ἐν
1638 2535 1857 2608 ἐξουσίᾳ

1957 2533 2106 2581 certo
2138 2528 2415 2586 deﬁnitum
2449 2551 2672 2607 regnum
2732 2552 2919 2600 tenens
2953 2554 3079 2605 :sed
3105 2563 3161 2607 ut
3210 2573 3335 2614 vere
3384 2526 3524 2620 ὁυυέ

283 2623 352 2691 τῇ
374 2619 465 2673 τοῦ
484 2622 790 2691 Ζοροϐάϐελ
815 2623 1006 2693 ὄψεται
1036 2624 1127 2677 τὸν
1158 2625 1303 2678 λίθον
1332 2625 1423 2678 τὸν
1450 2626 1852 2697 κασσιτέρινον,

1955 2616 2021 2709 ad
2050 2617 2259 2674 infinita
2294 2626 2491 2681 saecula
2526 2638 2588 2685 sa
2637 2634 2941 2706 porrigens,
3004 2652 3293 2703 attestante
3366 2616 3520 2709 beato

282 2711 551 2779 τουτέστι,
578 2712 835 2782 Χριστόν.
874 2714 1180 2783 Ζοροϐάϐελ
1212 2716 1310 2786 μὲν
1345 2717 1475 2787 γὰρ,
1505 2718 1579 2780 ὡς
1612 2718 1768 2789 ἐφηοο,
1792 2720 1856 2771 ἐκ

1955 2707 2205 2807 ς-ειωίειε
2233 2729 2295 2767 ac
2328 2715 2499 2772 beata:
2530 2720 2731 2792 Virgini
2761 2726 2825 2781 de
2863 2742 2928 2782 eo
2957 2731 3188 2801 dicente,
3223 2707 3518 2807 parituram

282 2802 458 2871 φυλῆς
487 2802 579 2856 τοῦ
618 2802 786 2856 Ἰούδα
810 2803 1159 2874 βεϐασίλευκε
1191 2807 1300 2860 τῶν
1330 2807 1387 2874 ἐξ
1416 2809 1650 2880 Ἰσραήλ.
1692 2810 1853 2863 Ἐϐα-

1955 2800 2157 2869 lilium,
2188 2816 2243 2861 et.
2292 2822 2601 2868 vocaturam
2642 2831 2834 2873 nomen
2888 2823 3004 2891 ejus
3032 2800 3240 2882 Jesum:
3272 2850 3290 2883 ι
3335 2836 3516 2906 Addit,

281 2891 497 2944 σίλευσε
530 2892 585 2945 δὲ
614 2893 710 2946 καὶ
751 2894 780 2946 6
816 2895 1052 2965 Χριστὸς
1090 2896 1181 2949 ἐπὶ
1223 2896 1315 2950 τὸν
1374 2898 1624 2970 Ἰσραὴλ,
1657 2899 1757 2953 οὐκ
1795 2902 1853 2953 ἐν

1959 2909 1978 2942 ‹
2014 2894 2262 2951 daturum
2306 2901 2379 2954 illi
2413 2902 2696 2959 Dominum
2728 2910 2892 2965 Deum
2931 2917 3112 2972 sedem
3152 2920 3315 2977 David
3348 2891 3516 2994 patris

276 2983 427 3047 τάξει
461 2986 528 3055 τῇ
554 2984 676 3038 καθ’
712 2986 881 3055 ἡμᾶς,
917 2988 1085 3058 ῆγουν
1128 2988 1401 3059 μετρητὴν
1427 2989 1522 3042 καὶ
1549 2990 1723 3061 χρόνῳ
1752 3007 1852 3043 πε-

1952 2984 2088 3052 ejus,
2118 2997 2172 3041 et
2200 3003 2541 3060 regnaturum
2568 3013 2729 3067 super
2767 3003 2982 3059 domum
3020 3008 3181 3065 lsrael
3233 3014 3282 3066 in
3318 2983 3518 3086 sempi-

277 3078 631 3150 περασμένην
657 3079 756 3150 τὴν
784 3079 1062 3148 βασιλείαν
1094 3081 1234 3152 ἔχων
1255 3100 1270 3116 ο
1302 3082 1415 3135 ἀλλ’
1453 3082 1528 3146 ὡς
1565 3084 1697 3146 Θεὸς
1726 3083 1851 3155 άλη-

1955 3083 2183 3142 ternum,
2215 3092 2269 3135 et
2306 3086 2451 3152 regni
2482 3088 2596 3157 ejus
2620 3106 2723 3144 non
2778 3094 2895 3148 fore
2932 3098 3093 3153 finem
3124 3104 3189 3155 ⁸¹.
3219 3122 3238 3154 ι
3280 3106 3331 3157 lu
3358 3078 3518 3164 nia-nu

273 3168 404 3234 θῶς,
438 3172 524 3233 εἰς
547 3172 887 3241 ἀπεράντους
920 3172 1123 3236 αἰῶνας
1146 3174 1549 3245 ἐκτεινομένην⁸
1588 3176 1681 3228 καὶ
1711 3194 1851 3245 μαρ-
1879 3179 1884 3209 ⁴

1909 3167 1921 3219 Ξ
1955 3181 2084 3235 ergo
2112 3168 2431 3238 Zorobabel,
2468 3178 2569 3231 hoc
2598 3189 2681 3233 est
2725 3181 2777 3234 in
2807 3184 3004 3238 virtute
3038 3198 3089 3241 et
3118 3199 3383 3258 potestate
3425 3163 3520 3252 Ζοέ

267 3262 502 3331 τυρήσει
538 3262 709 3329 λέγων
734 3264 763 3314 6
795 3262 1063 3333 μακάριος
1083 3264 1321 3334 Γαϐριὴλ
1345 3268 1410 3333 τῇ
1440 3264 1569 3331 ἁγία
1590 3265 1853 3334 Παρθένῳ

1956 3258 2246 3322 robahelis,
2295 3262 2560 3318 videbitur
2606 3268 2890 3337 aliquando
2927 3275 3061 3344 lapis
3118 3281 3205 3336 ille
3235 3296 3512 3343 stauneus.

271 3353 399 3421 περὶ
429 3352 626 3414 αὑτοῦ,
657 3352 740 3404 ὅτι
765 3352 980 3416 τέξεται
1010 3355 1145 3420 υίὸν,
1184 3356 1277 3409 καὶ
1323 3355 1539 3408 καλέσει
1583 3356 1642 3407 τὸ
1681 3356 1852 3426 ὄνομα

1953 3346 2204 3403 Annectit
2235 3354 2477 3418 protinus
2512 3357 2594 3411 his
2616 3362 2958 3429 propheticus
2989 3384 3165 3426 sermo
3199 3390 3212 3425 :
3238 3393 3257 3426 ι
3298 3374 3512 3446 Septem

267 3440 433 3495 αὑτοῦ
491 3441 725 3513 Ἰησοῦν.
778 3444 1127 3514 Προσεπάγει
1200 3444 1290 3511 δὲ,
1342 3446 1422 3498 ὅτι
1476 3465 1494 3497 ι
1530 3446 1638 3499 Καὶ
1690 3446 1850 3499 δώσει

1954 3438 2006 3493 hi
2042 3442 2179 3497 oculi
2208 3444 2415 3501 Domini
2443 3458 2566 3503 sunt
2592 3455 2940 3522 reSpicientes
2975 3478 3138 3531 super
3159 3438 3384 3523 omneur
3406 3481 3515 3526 ter-

266 3530 416 3600 αὐτῷ
455 3530 665 3600 Κύριος
708 3534 736 3585 6
785 3531 918 3595 Θεὸς
948 3532 1040 3585 τὸν
1085 3532 1274 3605 θρόνον
1300 3534 1467 3587 Δαϐὶδ
1512 3535 1607 3587 τοῦ
1639 3536 1846 3606 πατρὸς

1953 3545 2087 3584 ram.
2121 3550 2140 3583 ι
2184 3532 2411 3600 Quinam
2444 3540 2529 3594 isti
2560 3545 2697 3597 oculi
2730 3546 2752 3597 ?
2780 3548 2941 3619 692
2978 3530 3082 3608 Aut
3126 3560 3267 3613 enim
3309 3573 3510 3632 septem

266 3621 456 3688 αὑτοῦ,
490 3622 591 3674 καὶ
616 3620 919 3690 βασιλεύσει
948 3623 1042 3675 ἐπὶ
1073 3623 1164 3677 τὸν
1192 3619 1340 3678 οἷκον
1378 3626 1593 3697 Ἰσραὴλ
1616 3628 1697 3691 εἰς
1723 3629 1847 3692 τοὺς

1950 3618 2199 3678 lucernas
2230 3641 2364 3694 quas
2394 3630 2525 3684 vidit
2565 3634 2630 3686 ad
2675 3618 2995 3705 lampadem,
3051 3649 3265 3702 vocavit
3326 3618 3513 3710 oculos

265 3712 489 3780 αἰῶνας,
523 3714 618 3767 καὶ
649 3714 748 3782 τῆς
781 3714 1057 3785 βασιλείας
1085 3716 1250 3771 αὐτοῦ
1281 3718 1381 3771 ούκ
1422 3718 1572 3772 ἔσται
1610 3720 1779 3784 τέλος.
1822 3740 1840 3772 ι

1948 3708 2182 3777 Domini,
2210 3724 2268 3768 ut
2293 3717 2648 3788 intelligamus
2676 3736 2914 3794 sanctos,
2948 3746 3043 3798 per
3071 3749 3206 3803 quos
3264 3741 3511 3799 universa

275 3805 362 3857 Ἐν
386 3805 541 3877 Xa:th
568 3804 631 3876 δὴ
654 3800 748 3858 οὖν
776 3807 1101 3877 Ζοροϐάϐελ,
1117 3809 1505 3875 τουτέστιν,ὠς
1532 3814 1590 3864 ἐν
1618 3814 1844 3883 δυνάμει

1950 3810 2092 3857 terra
2124 3805 2471 3874 illuminatur,
2510 3819 2563 3865 et
2594 3813 2771 3870 divina
2809 3800 3115 3878 visitatioue
3149 3827 3363 3897 dignata
3390 3850 3508 3888 cer-

262 3916 322 3952 τε
367 3902 463 3953 καὶ
502 3899 728 3970 ἐξουσίᾳ
768 3903 834 3971 τῇ
884 3900 977 3953 τοῦ
1022 3902 1324 3972 Ζοροϐάϐελ
1367 3904 1661 3975 ὀφθήσεται
1701 3908 1843 3960 κατὰ

1946 3896 2093 3951 nitur
2121 3917 2134 3953 :
2163 3909 2256 3953 aut
2286 3912 2431 3956 certe
2467 3903 2613 3971 illud,
2648 3909 2860 3978 opinor,
2898 3896 3221 3983 significare,
3246 3923 3507 3991 dicemus,

264 3993 495 4060 καιροὺς
522 3993 553 4045 6
581 3990 729 4053 λίθος
760 3993 788 4045 6
818 3992 1210 4062 κασσιτέρινος.
1239 3995 1515 4066 Ἐπιφέρει
1547 3998 1602 4051 δὲ
1634 3998 1842 4063 τούτοις

1945 3988 2110 4043 Deum
2138 4000 2194 4044 et
2224 3990 2439 4048 Patrem
2492 3998 2862 4055 universorum
2921 4018 3198 4065 creaturas
3242 4029 3367 4070 suas
3402 3988 3507 4075 non

261 4080 425 4145 εὐθὺς
457 4081 560 4150 τῆς
590 4081 930 4151 προφητείας
962 4084 990 4134 6
1012 4081 1169 4149 λόγος
1188 4098 1203 4114 ⁸
1228 4102 1246 4135 ι
1269 4084 1439 4138 Ἑπτά
1466 4080 1609 4140 οὗτοι
1641 4089 1842 4157 ὀφθαλ-

1944 4081 2334 4149 neglecturum,
2367 4087 2460 4140 sed
2504 4096 2759 4158 tanquam
2814 4097 2998 4152 multis
3045 4110 3098 4154 et
3159 4117 3374 4175 semper
3431 4113 3508 4164 vi-

265 4173 357 4242 μοὶ
395 4171 613 4242 Κυρίου
652 4172 823 4237 εἰσὶν,
865 4174 915 4226 οἰ
958 4174 1341 4240 ἐπιϐλέποντες
1385 4179 1477 4231 ἐπὶ
1521 4181 1700 4234 πᾶσαν
1741 4183 1841 4253 τὴν

1943 4173 2138 4240 gilibus
2182 4176 2353 4231 oculis
2385 4180 2565 4234 omnia
2595 4183 3144 4255 circumspicientem,
3181 4171 3504 4254 donaturmn

261 4271 385 4341 γῆν.
424 4290 442 4321 ι
477 4271 591 4324 Καὶ
626 4270 772 4333 τίνες
809 4270 875 4324 ἂν
908 4267 1019 4324 εἶεν
1062 4266 1206 4325 οὗτοι
1244 4272 1441 4337 πάλιν;
1473 4276 1543 4327 Ἢ
1572 4277 1681 4347 γὰρ
1716 4279 1841 4339 τοὺς

1945 4267 2255 4321 mortalibus
2292 4269 2522 4338 lapidem
2572 4283 2875 4338 stanneum,
2932 4280 3032 4334 hoc
3066 4292 3149 4336 est
3210 4285 3499 4355 Christum,

258 4360 403 4413 ἑπτά
430 4359 683 4428 λύχνους,
713 4358 808 4422 οὒς
833 4359 1085 4413 τεθέαται
1114 4362 1173 4412 ἐν
1200 4360 1277 4428 τῷ
1295 4361 1605 4432 λαμπαδίῳ,
1636 4363 1836 4433 κέκληι

1944 4368 2036 4422 per
2071 4372 2226 4424 quem
2268 4368 2321 4412 et
2366 4375 2463 4415 nos
2492 4360 2749 4429 visitavit,
2777 4364 2889 4420 sive
2930 4373 3222 4437 respexitn
3263 4375 3509 4433 Visitavit

258 4468 355 4504 κεν
400 4449 721 4525 ὀφθαλμοὺς
746 4450 972 4517 Κυρίου,
1014 4450 1104 4504 ἴνα
1144 4450 1355 4521 νοῶμεν
1382 4454 1507 4517 τοὺς
1533 4454 1739 4519 άγίους,
1773 4454 1837 4506 δι’

1895 4503 1914 4553 )
1944 4446 2084 4499 enim
2105 4463 2200 4502 nos
2221 4448 2413 4506 Oriens
2444 4468 2509 4505 ex
2541 4454 2665 4519 alto,
2694 4474 2711 4506 ι
2750 4465 2807 4511 ιιι
2827 4459 3263 4529 scriptumest".
3286 4466 3353 4522 Et
3373 4486 3506 4540 quo-

256 4537 399 4611 ὧνὴ
443 4538 713 4609 σύμπασα
754 4540 1190 4607 καταφωτίςεται
1241 4541 1348 4611 γῆ,
1402 4543 1494 4594 καὶ
1536 4544 1837 4613 ἐπισκοπῆς

1892 4536 1912 4553 ¹
1943 4536 2084 4590 niam
2112 4555 2298 4597 sumus
2326 4558 2519 4613 corpus
2548 4547 2768 4613 Christi,
2811 4562 2866 4605 et
2923 4555 3160 4608 tnembra
3218 4559 3284 4613 de
3306 4536 3503 4620 .metn-

257 4632 558 4697 ἀξιωθεῖσα
594 4629 843 4697 φαίνεται
888 4632 999 4693 τοῖς
1048 4631 1200 4700 παρὰ
1242 4631 1410 4684 Θεοῦ’
1445 4633 1613 4702 ἧγουν
1642 4638 1835 4698 ἐκεῖνο,

1942 4625 2038 4681 bro
2077 4628 2144 4695 ⁸³,
2179 4646 2279 4685 non
2327 4635 2562 4690 arbitror
2594 4637 2959 4706 improbabile.
2997 4644 3040 4698 si
3072 4656 3287 4703 sanctos
3320 4668 3498 4706 rerum

254 4720 413 4795 οἶμαί
439 4740 568 4788 που,
600 4721 1037 4792 κατασημαίνειν
1065 4722 1317 4792 ἐροῦμεν,
1345 4722 1418 4786 ὡς
1447 4726 1546 4779 οὐκ
1572 4726 1835 4797 ἀμελήσει

1941 4717 2239 4775 divinarum
2280 4725 2550 4791 doctores,
2582 4737 2638 4779 ut
2676 4730 2796 4785 aliis
2841 4734 3251 4791 excellentiores
3298 4753 3349 4794 et
3413 4758 3503 4795 su-

253 4812 363 4865 τῶν
398 4811 548 4864 ἰδίων
590 4810 909 4878 κτισμάτων
937 4812 964 4863 6
1000 4810 1107 4862 τῶν
1150 4810 1287 4863 ὂλων
1319 4812 1450 4875 Θεὸς
1488 4815 1579 4867 καὶ
1608 4816 1795 4887 Πατήρ
1818 4833 1830 4845 ·

1940 4810 2239 4880 blimiores,
2270 4818 2456 4873 oculos
2487 4820 2806 4889 appellatos,
2845 4834 2898 4878 et
2927 4840 2984 4879 ut
3013 4844 3112 4898 ego
3138 4833 3334 4896 sentio,
3363 4833 3499 4896 hanc

254 4902 370 4955 ἀλλ’
418 4895 533 4954 οἷον
576 4898 796 4963 πολλοῖς
835 4917 895 4951 τε
932 4900 1022 4953 καὶ
1057 4902 1284 4964 άΰπνοις
1318 4902 1528 4973 ὄμμασι
1556 4904 1623 4958 τὰ
1655 4907 1831 4960 πάντα

1936 4902 2004 4956 ob
2059 4919 2276 4959 causam
2335 4908 2494 4962 etiam
2533 4912 2814 4980 episcopos
2880 4918 3179 4973 nominatos
3238 4923 3495 4977 dicamus.

257 4993 597 5064 περιαθρῶν,
635 4992 908 5061 χαριεῖται
928 4995 1038 5055 τοῖς
1064 4993 1156 5046 ἐπὶ¹
1189 4994 1289 5063 τῆς
1320 4995 1420 5063 γῆς
1441 4996 1532 5048 τὸν
1563 4996 1705 5050 λίθον
1735 4999 1827 5051 τὸν

1938 4991 2258 5062 Speculatur
2301 5000 2482 5069 itaque
2545 5017 2641 5069 per
2695 5005 2816 5060 illos
2870 5007 2921 5060 in
2978 5009 3149 5077 ipsum
3220 5011 3498 5067 credentes

258 5083 666 5152 κασσιτέρινον,
709 5081 972 5143 τουτέστι,
1012 5083 1274 5154 Χριστὸν,
1317 5085 1382 5137 δι’
1413 5081 1472 5140 οὗ
1504 5088 1693 5156 γέγονε
1734 5090 1828 5141 καὶ

1936 5084 2192 5140 Dominus
2223 5099 2402 5143 noster
2426 5089 2580 5146 Jesus
2604 5092 2866 5150 Christus.
2924 5098 3146 5152 Domum
3196 5101 3330 5166 lapis
3352 5111 3500 5155 stan-

258 5174 334 5236 εἰς
363 5175 513 5243 ἡμᾶς
544 5174 573 5224 6
604 5172 708 5241 τῆς
743 5173 1128 5241 κατασκέψεως
1148 5214 1163 5237 ,
1211 5170 1310 5227 εἶτ’
1350 5173 1443 5229 οὗν
1491 5180 1827 5248 ἐπισκέψεως

1937 5191 2070 5229 neus
2125 5178 2229 5232 alio
2270 5197 2481 5250 quoque
2532 5186 2690 5238 modo
2739 5186 2989 5243 Christus
3035 5199 3207 5257 potest
3249 5192 3491 5262 intelligi.

256 5264 471 5333 τρόπος.
502 5283 520 5315 ι
548 5263 921 5332 Ἐπεσκέψατο
939 5265 1045 5334 γὰρ
1070 5267 1216 5335 ἡμᾶς
1246 5267 1498 5341 Ἀνατολὴ
1515 5271 1572 5334 ἐξ
1589 5272 1775 5340 ὕψους,
1804 5293 1821 5325 ι

1934 5265 2198 5322 Stannum
2217 5273 2359 5325 enim
2379 5274 2649 5343 disjuucta
2669 5278 3076 5345 conjungit,vim
3096 5281 3493 5350 conglutinandi

261 5355 397 5407 κατὰ
452 5356 513 5408 τὸ
580 5355 990 5424 γεγραμμένον.
1054 5357 1163 5409 Καὶ
1228 5359 1385 5428 εἴπερ
1444 5363 1611 5431 ἐσμὲν
1673 5363 1829 5433 σῶμα

1932 5359 2157 5414 habens.
2182 5361 2331 5417 Fecit
2368 5367 2617 5433 quiddam
2651 5370 2750 5421 tale
2787 5378 2840 5421 et
2876 5370 3030 5422 nobis
3091 5369 3358 5436 Christus,
3423 5377 3497 5426 si-

262 5442 510 5511 Χριστοῦ,
560 5447 655 5499 καὶ
707 5444 844 5515 μέλη
892 5446 956 5496 ἐκ
1001 5446 1229 5514 μέρους,
1259 5450 1411 5501 οὐδὲν
1444 5448 1594 5520 οἶμαι
1630 5453 1687 5505 τὸ
1722 5455 1827 5506 ἁπ-

1932 5454 2148 5521 quidem
2186 5472 2369 5510 verum
2399 5468 2499 5522 est,
2535 5474 2655 5511 eum
2697 5460 2747 5511 in
2782 5476 2941 5512 unum
2992 5478 3183 5516 novum
3219 5464 3490 5519 hominem

263 5533 425 5600 εικὸς,
454 5538 511 5589 ὲν
544 5535 839 5605 ὀφθαλμῶν
865 5536 1011 5600 τάξει
1052 5539 1177 5601 τοὺς
1209 5540 1393 5607 ἁγίους
1431 5546 1825 5612 μυσταγωγοὺς

1933 5545 2063 5599 duos
2103 5546 2326 5615 populos
2394 5549 2716 5614 condidisse,
2762 5571 2779 5602 ι
2835 5550 3116 5609 facientem
3177 5572 3384 5625 pacem,
3440 5566 3494 5609 et

327 5703 371 5737 ‘9
413 5704 513 5765 Job
549 5726 655 5774 xu,
704 5710 785 5761 lii.
866 5711 911 5741 ⁵ο
949 5711 1147 5766 Jurem.
1194 5730 1264 5777 vi,
1306 5716 1393 5768 29.
1515 5716 1551 5747 ”
1595 5718 1719 5771 Luc.
1768 5735 1805 5783 ι,
1846 5721 1935 5786 5i,

1644 5736 1719 5771 τερ,
1768 5735 1805 5783 t,
1846 5721 1935 5786 51,
1979 5724 2066 5777 52.
2180 5728 2223 5759 δ’
2266 5728 2389 5781 Luc.
2439 5746 2473 5795 t,
2518 5730 2600 5781 73.
2717 5732 2761 5762 ⁸³
2806 5732 2822 5781 ῐ
2864 5732 2984 5784 (Zur.
3030 5750 3126 5796 xit,
3167 5734 3255 5787 ‘27.

608 5804 882 5865 Ριιτιιυι.
935 5810 1046 5866 lia.
1100 5811 1347 5871 LXVII.
3069 5830 3100 5886 3
