4080 6284
548 334 624 389 15
1541 323 1599 378 S.
1642 322 1921 379 CYRILLI
1961 322 2433 379 ALEXANDRINI
2472 322 2796 379 ABCHIEP'
3752 327 3824 382 7G

558 438 992 500 reconciliantem
1024 440 1077 495 in
1124 453 1231 493 uno
1275 452 1503 509 corpore
1550 440 1735 495 ambos
1763 440 1815 495 in
1879 440 2127 493 unitatem

2242 438 2514 493 τεθεῖσθαι
2552 440 2766 509 λέγειν,
2822 439 2897 503 ὠς
2946 440 3053 494 τῶν
3102 440 3278 494 ἄλλων
3341 441 3683 511 προύχοντας
3722 444 3824 497 καὶ

544 552 650 606 per
678 536 925 604 spiritum
955 531 1023 585 ⁵⁸.
1066 550 1083 582 ι
1109 530 1265 587 Unde
1304 530 1439 599 lapis
1466 546 1708 585 summus
1734 531 2006 601 augularis
2045 540 2127 585 est

553 637 914 695 nuncupatus,
946 631 1277 678 connectens
1308 623 1373 675 ad
1406 622 1668 677 unitatem
1711 622 1845 678 duos
1883 622 2126 692 pOpulos,

553 730 612 772 ut
643 718 774 771 dixi.
800 714 1081 784 Copulavit
1112 714 1237 768 item
1270 714 1486 780 angelos
1508 714 1560 768 in
1614 724 1758 769 terra
1774 716 2125 785 degentibus:

554 824 654 864 nos
677 812 823 877 ipsos
871 822 1083 877 quoque
1106 820 1201 875 per
1229 821 1286 859 se
1335 805 1445 860 Deo
1470 816 1524 860 et
1590 806 1734 861 Patri
1772 808 2128 873 consociavit,

554 902 828 955 destructo
850 908 1088 967 peccato,
1122 897 1262 966 quod
1307 896 1757 966 interjacebat,et
1800 914 1897 954 ceu
1947 914 2131 953 murus

2234 532 2663 603 ύπερκειμένους
2693 573 2709 599 ,
2755 532 3009 603 ταύτῃτοι
3059 534 3154 586 καὶ
3220 533 3551 596 ἐπισκόπους
3602 533 3823 604 ὠνομα-

2236 639 2304 695 σμ
2343 641 2490 689 νους,
2515 624 2767 692 καθάπερ
2805 618 3039 694 ἐγῷμαι.
3063 624 3520 677 Κατασκέπτεται
3546 625 3603 677 δέ
3630 624 3697 677 δι’
3716 626 3822 678 αύ-

2234 714 2345 767 τῶν
2386 716 2512 778 τοὺς
2568 715 2647 777 είς
2696 715 2859 767 αὑτὸν
2910 715 3271 779 πιστεύοντας
3318 718 3347 768 6
3391 715 3596 786 Κύριος
3659 716 3824 786 ἡμῶν

2250 805 2457 876 Ἰησοῦς
2508 807 2763 876 Χριστός.
2816 807 2980 870 Λίθος
3022 824 3086 876 γε
3134 809 3241 878 μὴν
3281 809 3685 879 κασσιτέρινος,
3725 808 3823 861 καὶ

2238 897 2359 951 καθ’
2398 897 2582 968 ἕτερον
2616 898 2681 951 ἂν
2714 900 2886 950 νοοῖτο
2917 899 3119 968 τρόπον
3147 900 3175 950 6
3204 900 3459 969 Χριστός.
3499 899 3559 951 '0
3588 899 3696 969 γάρ
3736 916 3824 951 τοι

554 1008 654 1045 nos
692 992 760 1044 ab
785 1007 850 1044 eo
880 990 1207 1044 secludebat.

2240 991 2565 1061 κασσίτερος
2624 990 2886 1043 συνάπτει
2943 990 3079 1061 πρὸς
3125 990 3321 1044 ἐνωσιν
3374 990 3445 1044 τὰ
3492 990 3821 1063 διῃρημένα⁹

552 1084 876 1153 κολλητικὴν
910 1082 1049 1152 ἔχων
1078 1084 1176 1152 τὴν
1205 1080 1386 1149 φύσιν.
1423 1083 1677 1154 Πέπραχε
1711 1083 1768 1135 δέ
1798 1101 1850 1136 τι
1881 1083 2121 1137 τοιοῦτον
2162 1084 2256 1137 καὶ
2278 1086 2357 1147 είς
2414 1085 2561 1153 ἡμᾶς
2599 1085 2627 1136 6
2666 1084 2924 1150 Χριστὸς,
2996 1083 3154 1154 εἴπερ
3199 1084 3347 1136 ἐστὶν
3378 1084 3599 1155 ἀληθὲς,
3628 1086 3703 1149 ὡς
3737 1086 3820 1149 εἰς

553 1179 647 1232 ἕνα
679 1180 864 1231 καινὸν
894 1178 1178 1249 ἄνθρωπον
1214 1179 1337 1240 τοὺς
1370 1177 1462 1230 δύο
1500 1179 1672 1242 κτίζει
1701 1178 1882 1243 λαοὺς,
1912 1198 1929 1229 ι
1980 1178 2158 1231 Ποιῶν
2232 1179 2477 1247 εἰρήνην,
2512 1177 2607 1229 καὶ
2640 1176 3145 1229 ἀποκαταλλάσσων
3193 1179 3251 1229 ἐν
3298 1176 3379 1230 ἐνὶ
3432 1177 3648 1247 σώματι
3688 1178 3824 1241 τοὺς

552 1272 914 1343 ἀμφοτέρους,
945 1272 1024 1332 είς
1065 1271 1160 1341 τὴν
1192 1270 1279 1323 διὰ
1341 1270 1645 1339 πνεύματος
1709 1271 1924 1324 ἕνωσιν.
1964 1290 1981 1321 ι
2026 1270 2187 1323 Ὅθεν
2228 1270 2323 1323 καὶ
2387 1270 2534 1332 λίθος
2586 1270 2983 1339 ἀκρογωνιαῖος
3036 1270 3391 1339 ὠνόμασται,
3443 1270 3680 1322 συνδέων
3737 1272 3822 1333 είς

553 1372 744 1424 ἐνωσιν
785 1368 910 1430 τοὺς
966 1366 1056 1418 δύο
1104 1367 1280 1427 λαοὺς,
1332 1366 1408 1428 ὡς
1454 1364 1607 1435 ἔφην.
1661 1366 1871 1434 Συνῆψε
1925 1366 1981 1418 δέ
2031 1369 2124 1419 καὶ
2191 1365 2444 1433 ἀγγέλοις
2476 1365 2604 1427 τοὺς
2630 1363 2723 1416 ἐπὶ
2755 1363 2851 1433 τῆς
2878 1364 3014 1433 γῆς·
3047 1364 3184 1418 ἀλλὰ
3257 1365 3351 1417 καὶ
3381 1367 3529 1435 ἡμᾶς
3554 1365 3619 1418 δι’
3654 1366 3821 1420 αὑτοῦ

552 1463 630 1532 τῷ
661 1461 778 1531 Θεῷ
810 1461 899 1513 καὶ
929 1459 1120 1526 Πατρὶ,
1149 1459 1248 1527 τὴν
1280 1457 1483 1527 μεταξὺ
1516 1457 1778 1527 κειμένην
1821 1458 1912 1510 καὶ
1946 1458 2117 1511 πάλαι
2155 1457 2588 1527 διατειχίζουσαν
2628 1456 2873 1510 καθελὼν
2912 1457 3205 1527 ἁμαρτίαν.

624 1555 786 1607 Vsus.
824 1551 1009 1605 11-14.
1036 1548 1100 1602 Ει
1137 1549 1399 1617 respondi,
1427 1559 1473 1600 et
1515 1549 1626 1601 dixi
1674 1550 1739 1601 ad
1784 1565 1941 1602 eum:
1984 1549 2122 1613 Quid

552 1648 671 1698 dua:
703 1644 871 1701 olivm.
900 1658 1015 1709 qua:
1042 1658 1075 1693 a
1103 1640 1301 1692 dextris
1331 1638 1634 1691 candelabri
1672 1650 1717 1692 et
1762 1658 1792 1691 a
1840 1642 2068 1693 sinistris
2094 1641 2120 1693 .9

2304 1549 2414 1602 Kal
2467 1549 2821 1616 ἀπεκρίθην,
2861 1548 2961 1600 καὶ
3008 1546 3145 1601 εἶπα
3202 1547 3352 1615 πρὸς
3393 1548 3612 1602 αὐτόν’
3659 1550 3721 1602 Τί
3762 1552 3821 1603 al

2232 1639 2340 1692 δύο
2373 1638 2567 1692 ἐλαῖαι
2600 1635 2795 1702 αὗται,
2825 1642 2884 1692 αἱ
2915 1639 2982 1691 ἐκ
3018 1637 3231 1701 δεξιῶν
3259 1637 3366 1706 τῆς
3409 1641 3687 1707 λυχνίας,
3720 1640 3819 1694 καί

550 1736 618 1790 Ει
656 1734 965 1801 interrogavi
992 1732 1240 1793 secundo,
1274 1740 1319 1782 et
1344 1730 1455 1781 dixi
1489 1730 1558 1782 ad
1582 1744 1740 1782 eum:
1774 1730 1911 1793 Quid
1935 1731 1988 1782 hi
2017 1733 2122 1783 duo

2233 1731 2298 1792 ἐξ
2335 1731 2686 1798 εὐωνύμων;
2723 1729 2834 1781 Καὶ
2875 1728 3236 1796 ἐπηρώτησα
3276 1729 3343 1781 ἐκ
3381 1728 3684 1798 δευτέρου.
3720 1732 3819 1784 καὶ

546 1828 684 1879 rami
711 1826 987 1887 olivarum,
1019 1822 1107 1889 qui
1144 1824 1195 1873 in
1232 1821 1470 1872 manibus
1509 1822 1737 1873 duarum
1772 1823 1978 1874 narium
2025 1839 2123 1873 nt:-

550 1934 779 1979 rearum,
811 1914 1198 1980 infundentium
1243 1922 1287 1963 et
1315 1912 1687 1964 retra/tentium
1723 1912 1985 1981 inlusoria
2022 1928 2122 1966 au-

554 2008 693 2061 rea?
731 2006 791 2059 Et
824 2005 956 2057 dixit
1003 2003 1070 2055 ad
1100 2018 1213 2055 me:
1249 2000 1369 2054 Non
1407 2004 1508 2055 scis
1538 2003 1665 2071 quid
1703 2012 1820 2055 sunt
1863 2004 2017 2055 lucc?
2056 2002 2124 2056 Et

553 2100 709 2152 diri:
759 2097 1128 2166 Nequaquam,
1178 2093 1417 2146 Domine.
1462 2091 1529 2145 Ει
1569 2095 1639 2145 nil
1670 2109 1688 2146 .'
1736 2093 1835 2146 Isti
1888 2095 1993 2145 duo
2027 2094 2126 2161 ﬁlii

551 2190 881 2261 pinguedinis
915 2189 1190 2240 astiterunt
1222 2185 1441 2237 Domino
1479 2186 1647 2237 omnis
1681 2195 1852 2239 terrm.

630 2448 863 2505 XXVIII.
924 2447 1151 2501 Animus
1200 2454 1510 2500 sanctorum
1552 2446 1792 2501 discendi
1836 2448 2123 2516 cupidissi-

555 2555 677 2595 mus
704 2549 807 2594 est.
839 2538 1071 2593 Proinde
1104 2538 1234 2592 nihil
1271 2538 1322 2591 in
1365 2538 1575 2592 visione
1614 2548 1956 2593 ostensorum
2000 2552 2125 2607 pro-

554 2635 712 2703 pheta
739 2630 1122 2696 praatermittit,
1151 2641 1206 2685 et
1242 2630 1573 2699 perlibenter
1602 2632 1929 2695 sciscitatur,
1974 2640 2028 2686 et
2060 2634 2125 2686 de

554 2725 783 2792 singulis
813 2722 1054 2777 exactius
1081 2722 1323 2790 inquirit,
1351 2725 1607 2791 quidnam
1640 2724 1927 2793 signiticati
1971 2738 2123 2779 com-

554 2814 879 2884 plectantur.
913 2812 1213 2880 Oportebat
1248 2813 1409 2881 igitur
1457 2814 1527 2866 ita
1574 2815 1815 2882 poscenti
1866 2829 1996 2869 voce
2024 2830 2124 2868 an-

554 2906 657 2975 geli
700 2905 960 2958 declarari
990 2943 1005 2967 ,
1045 2903 1197 2969 cujus
1241 2905 1317 2956 rei
1363 2905 1661 2971 symbolum
1704 2914 1909 2970 essent,
1942 2921 2060 2975 quae
2094 2921 2124 2959 a

554 2996 762 3051 dextris
810 3004 865 3049 et
913 2995 1145 3047 sinistris
1175 2994 1337 3065 693
1382 2995 1641 3064 lampadis
1713 2997 1929 3052 stabant
1970 2998 2127 3050 olivae

2227 1818 2365 1875 εἶπα
2397 1819 2546 1887 πρὸς
2580 1821 2796 1873 αὐτόν·
2837 1820 2897 1872 Τί
2923 1822 2976 1872 ol
3004 1819 3114 1872 δύο
3155 1818 3370 1872 κλάδοι
3415 1819 3535 1873 τῶν
3572 1821 3817 1882 ἐλαιῶν,

2226 1914 2279 1965 ol
2314 1912 2385 1964 ἐν
2427 1910 2559 1976 ταῖς
2600 1911 2773 1980 χερσὶ
2823 1909 2944 1963 τῶν
2970 1909 3080 1964 δύο
3120 1909 3491 1979 μυξωτήρων
3525 1910 3643 1964 τῶν
3675 1930 3823 1981 χρυ-

2227 2002 2380 2068 σῶν,
2436 2001 2555 2056 τῶν
2635 2004 3000 2071 ἐπιχεόντων
3074 2002 3175 2056 καὶ
3230 2003 3656 2072 ἐπαγαγόντων
3710 2006 3823 2070 τὰς

2225 2094 2665 2162 ἐπαρυστρίδας
2686 2093 2791 2159 τὰς
2816 2092 3089 2162 χρυσᾶς;
3111 2094 3217 2147 Kal
3241 2090 3371 2147 εἶπε
3393 2097 3542 2163 πρός
3563 2113 3641 2164 με
3657 2112 3671 2126 ο
3697 2099 3821 2149 οὐκ

2227 2179 2392 2248 οἶδας
2425 2184 2483 2236 τί
2528 2184 2659 2237 ἐστι
2690 2184 2876 2237 ταῦτα
2895 2200 2913 2247 ;
2947 2182 3058 2237 Kal
3084 2180 3255 2237 εἶπα·
3289 2183 3456 2251 Οὐχὶ,
3484 2186 3683 2252 Κύριε.
3708 2185 3819 2239 Kal

2224 2270 2421 2327 εἶπεν·
2446 2270 2620 2330 Οὗτοι
2644 2280 2695 2329 οὶ
2718 2275 2827 2329 δύο
2845 2276 2960 2329 υἱοὶ
2976 2274 3084 2344 τῆς
3106 2276 3384 2342 πιότητος
3403 2276 3820 2345 παρεστήκασι

2226 2366 2421 2432 Κυρίῳ
2449 2364 2652 2433 πάσης
2696 2366 2808 2435 τῆς
2842 2366 2977 2435 rvis.

2298 2455 2431 2511 KH'.
2475 2457 2784 2530 Φιλομαθὴς
2813 2459 2951 2526 ἄγαν
2985 2459 3095 2512 τῶν
3142 2462 3314 2530 ἁγίων
3343 2466 3370 2517 6
3397 2463 3541 2527 νοῦς.
3584 2463 3821 2533 Τοιγάρ-

2224 2566 2306 2602 τοι
2341 2549 2572 2620 παρίησι
2609 2550 2703 2620 μὲν
2734 2553 2762 2604 6
2794 2553 3085 2623 προφήτης
3130 2555 3241 2609 τῶν
3287 2559 3345 2609 ἐν
3377 2559 3443 2627 τῇ
3489 2556 3678 2626 ὁράσει
3710 2556 3823 2608 δει-

2226 2640 2509 2710 κνυμένων
2547 2642 2720 2705 οὐδὲν,
2772 2642 3125 2710 φιλοπευστεῖ
3152 2645 3231 2712 δέ,
3270 2648 3364 2701 καὶ
3392 2647 3529 2711 λίαν,
3564 2649 3657 2701 καὶ
3688 2649 3821 2718 περὶ

2228 2732 2460 2784 ἑκάστου
2499 2731 2714 2795 λεπτῶς
2760 2734 3196 2789 ἀναπυνθάνεται
3243 2738 3338 2803 τὸ,
3368 2740 3421 2791 τί
3464 2738 3528 2792 ἂν
3576 2739 3824 2808 βούλοιτο

2226 2824 2439 2894 δηλοῦν.
2477 2824 2623 2876 Ἔδει
2671 2824 2847 2877 τοίνυν
2888 2824 3063 2888 οὕτως
3098 2827 3273 2898 ἔχοντι
3322 2829 3549 2902 γνώμης
3598 2830 3825 2904 διατρα-

2228 2914 2451 2968 νοῦσθαι
2498 2914 2587 2967 διὰ
2629 2915 2721 2967 τοῦ
2771 2916 2873 2985 τῆς
2907 2917 3141 2985 ἀγγέλου
3185 2920 3403 2989 φωνῆς,
3447 2922 3589 2985 τίνος
3622 2921 3689 2975 ἂν
3730 2925 3822 2992 εἴη

2232 3004 2498 3073 σύμϐολον
2534 3006 2567 3071 ἡ
2596 3008 2674 3068 είς
2709 3006 2881 3071 δεξιόν
2912 3025 2971 3060 τε
3016 3010 3112 3061 καὶ
3154 3010 3434 3083 εὐώνυμον
3467 3014 3565 3067 τοῦ
3597 3015 3823 3085 λαμπα-

554 3088 693 3142 dum.
724 3086 999 3141 Curiosius
1032 3086 1215 3154 itaque
1250 3080 1488 3156 indagat,
1508 3096 1560 3140 et
1595 3087 1802 3142 discere
1829 3088 1995 3156 cupit.
2033 3089 2125 3143 Vi-

2233 3094 2342 3146 δίου
2387 3094 2574 3158 στάσις
2626 3096 2731 3148 τῶν
2773 3098 2989 3151 ἐλαιῶν.
3038 3099 3307 3172 Ταύτῃτοι
3359 3105 3821 3174 ττεριεργόιζεται⁹

553 3181 621 3235 de
651 3191 854 3244 autem,
885 3179 1157 3247 quomodo
1200 3180 1395 3232 iterato
1448 3190 1821 3247 percontetur,
1860 3181 2127 3235 modum-

553 3289 657 3342 que
702 3272 1126 3342 percontationis
1183 3274 1249 3325 ad
1304 3273 1585 3326 veritatem
1628 3274 1785 3340 quasi
1852 3273 2123 3328 immutet.

554 3362 698 3415 Duas
726 3363 866 3415 enim
891 3362 1059 3413 olivas
1092 3363 1383 3416 nominavit
1417 3365 1468 3415 in
1498 3366 1761 3433 principio
1796 3382 1809 3418 :
1846 3367 1938 3419 sed
1974 3383 2126 3419 men-

557 3456 626 3507 tis
654 3453 810 3507 oculo
839 3455 1048 3506 aeutius
1093 3454 1203 3506 visa
1237 3454 1483 3515 intuitus,
1530 3470 1636 3506 non
1671 3456 1899 3522 amplius
1934 3458 2126 3521 olivas,

555 3545 648 3599 sed
686 3560 862 3597 ramos
884 3545 1151 3597 olivarum
1193 3544 1456 3595 nominat.
1486 3544 1634 3597 Scite
1665 3545 1846 3612 itaque
1883 3545 2122 3597 interro-

555 3631 701 3701 ganti
747 3633 980 3700 explicat
1033 3648 1155 3685 mox
1209 3634 1396 3684 beatus
1457 3632 1703 3697 angelus,
1744 3641 1801 3685 et
1862 3633 1934 3685 ait
1984 3633 2130 3701 ipsos

555 3740 673 3778 esse
716 3726 850 3777 duos
910 3724 1050 3777 ﬁlios
1090 3723 1451 3793 pinguediuis,
1491 3733 1547 3776 ut
1595 3723 1862 3789 laetantes,
1911 3734 1967 3779 et
2011 3726 2130 3779 oleo

555 3814 754 3868 Citriin
790 3817 840 3867 in
885 3815 1089 3867 deliciis
1117 3817 1379 3877 viventes,
1413 3824 1467 3867 et
1502 3816 1674 3883 gratia
1717 3816 1950 3884 Spiritus
1985 3817 2131 3870 alfa-

556 3908 651 3958 tim
678 3906 1107 3974 pinguescentes.
1140 3905 1565 3959 Misericordiam
1592 3908 1734 3960 enim
1772 3908 2127 3972 obtinuimus,

551 3997 828 4065 justitieati
872 3998 1039 4065 gratis
1073 4012 1166 4063 per
1213 3997 1368 4049 ﬁdem
1400 3997 1468 4060 ⁵⁸,
1525 4008 1581 4051 et
1618 4010 1835 4066 propter
1871 4017 2131 4056 comnm-

557 4088 773 4142 nionein
807 4088 979 4140 sancti
1018 4087 1252 4154 Spiritus
1279 4097 1555 4142 consortes
1588 4090 1781 4143 divina:
1811 4092 1927 4159 ejus
1961 4104 2131 4148 natu-

556 4196 631 4235 rae
664 4178 836 4233 eﬂ‘ecti
876 4178 943 4232 ⁸⁸.
996 4177 1182 4246 Itaque
1240 4178 1291 4231 in
1352 4180 1471 4233 oleo
1518 4188 1572 4233 et
1630 4179 1864 4237 lucernis
1900 4183 2128 4239 duorum

559 4269 875 4340 populorum
937 4267 1179 4321 inundatio
1221 4278 1275 4322 et
1324 4267 1633 4322 assistentia
1688 4269 2023 4341 intelligitur.
2072 4271 2130 4324 In

556 4362 759 4415 lumine
789 4360 933 4415 enim
970 4370 1054 4415 est
1092 4361 1306 4414 vocatio
1337 4372 1544 4427 nostra,
1584 4371 1633 4414 et
1667 4372 1723 4415 ut
1749 4362 1800 4416 in
1838 4364 1958 4418 oleo
1987 4363 2130 4432 quod

2230 3186 2323 3237 καὶ
2364 3186 2762 3255 ἀναμανθάνειν
2811 3188 2973 3254 ἀξιοῖ.
3022 3189 3210 3260 Ἀθρει
3259 3192 3315 3245 δὲ
3367 3194 3516 3257 ὅπως
3558 3195 3823 3264 δευτέραν

2228 3275 2423 3342 ἐπάγει
2448 3275 2545 3345 τὴν
2573 3277 2786 3339 πεῦσιν,
2813 3279 2903 3331 καὶ
2930 3280 3037 3349 μὴν
3066 3282 3159 3334 καὶ
3190 3283 3555 3351 μεταπλάττει
3590 3304 3706 3349 πως
3739 3288 3822 3350 είς

2228 3366 2289 3418 τὸ
2313 3368 2539 3439 ἀτρεκὲς
2570 3370 2659 3422 τὸν
2685 3370 2785 3440 τῆς
2816 3374 3138 3444 ἐρωτήσεως
3168 3376 3388 3445 τρόπον.
3426 3377 3530 3428 Δύο
3571 3378 3671 3445 μὲν
3708 3378 3822 3449 γάρ

2230 3456 2415 3517 ἐλαίας
2457 3458 2738 3527 ὠνόμαζεν
2780 3463 2836 3513 ἐν
2864 3464 3056 3533 ἀρχαῖς
3078 3482 3090 3494 ·
3126 3465 3444 3534 λεπτότερον
3488 3466 3542 3517 δέ
3573 3484 3691 3529 πως
3721 3470 3824 3537 τῆς

2231 3547 2464 3610 διανοίας
2497 3552 2586 3601 τὸν
2618 3551 2895 3623 ὀφθαλμὸν
2922 3560 3033 3618 τοῖς
3069 3555 3365 3625 ὁρωμένοις
3397 3557 3582 3619 ἐνιεὶς,
3609 3559 3711 3611 οὐκ
3739 3560 3820 3612 ἔτι

2236 3638 2331 3707 μὲν
2376 3638 2594 3705 ἐλαίας,
2643 3642 2875 3706 κλάδους
2916 3646 2973 3698 δὲ
3016 3646 3215 3715 μᾶλλον
3268 3645 3553 3715 ὠνόμαζεν
3597 3647 3813 3701 ἐλαιῶν.

2243 3731 2518 3803 Ἐρομένῳ
2544 3734 2608 3802 δὴ
2636 3730 2728 3787 οὖν
2760 3736 3023 3803 εὐτέχνως
3063 3735 3419 3800 ἀποφαίνεται
3451 3736 3634 3790 λοιπὸν
3657 3742 3683 3792 6
3715 3758 3817 3811 μα-

2232 3824 2421 3894 κάριος
2468 3825 2729 3892 ἄγγελος,
2774 3825 2867 3877 καί
2922 3841 3085 3893 φησιν
3133 3824 3329 3889 αὐτοὺς
3379 3828 3505 3891 τοὺς
3544 3830 3637 3884 δύο
3679 3826 3817 3887 εἶναι

2231 3917 2379 3978 υἱοὺς
2408 3916 2510 3986 τῆς
2545 3918 2833 3986 πιότητος,
2878 3915 2953 3979 ὼς
2984 3916 3443 3988 εὐφραινομένους
3485 3938 3544 3973 τε
3587 3924 3682 3975 καὶ
3726 3924 3815 3975 ἐν-

2234 4010 2623 4073 σπαταλῶντας
2669 4009 2831 4079 ἐλαίῳ
2873 4009 2949 4079 τῷ
2981 4009 3131 4077 παρὰ
3174 4011 3439 4080 Χριστοῦ,
3473 4013 3567 4065 καὶ
3611 4017 3675 4083 τῇ
3720 4015 3815 4068 τοῦ

2233 4097 2546 4167 Πνεύματος
2579 4099 2759 4168 χάριτι
2799 4099 3066 4161 πλουσίως
3112 4102 3510 4171 πιαινομένους.
3554 4103 3817 4174 Ἠλεήθη-

2237 4206 2333 4258 μεν
2370 4189 2498 4258 γὰρ,
2533 4188 2900 4257 δικαιούμενοι
2932 4189 3141 4258 δωρεὰν
3170 4190 3255 4243 διὰ
3284 4192 3383 4260 τῆς
3431 4195 3685 4257 πίστεως,
3721 4196 3816 4247 καὶ

2232 4280 2481 4332 κοινωνοὶ
2508 4281 2602 4349 τῆς
2631 4279 2779 4341 θείας
2806 4279 2970 4331 αὑτοῦ
3004 4280 3216 4348 φύσεως
3246 4284 3699 4355 ἁναδεδειγμένοι,
3730 4287 3815 4339 διὰ

2233 4369 2328 4422 τοῦ
2374 4371 2660 4438 μετασχεῖν
2689 4370 2845 4437 ἁγίου
2873 4370 3209 4438 Πνεύματος.
3244 4374 3452 4426 Οὐκοῦν
3484 4377 3541 4427 ἐν
3572 4376 3731 4445 ἐλαίῳ
3754 4394 3813 4430 τε

554 4459 640 4503 est
677 4467 703 4502 ιι
740 4449 886 4503 Deo:
924 4449 1355 4517 quandoquidem
1401 4465 1525 4505 vere
1576 4453 1731 4507 nobis
1771 4455 1952 4508 dicere
1979 4469 2123 4507 con-

2235 4460 2328 4513 κα“ι
2353 4458 2566 4529 λύχνοις
2599 4461 2631 4530 ἡ
2662 4460 2768 4513 τῶν
2791 4460 2883 4513 δύο
2910 4460 3054 4515 λαῶν
3087 4462 3291 4532 ἵδρυσίς
3320 4482 3379 4518 τε
3413 4468 3503 4519 καὶ
3535 4469 3815 4539 παράστα-

560 4554 772 4591 cessum
802 4548 906 4598 cst,
934 4553 1034 4591 nos
1070 4539 1493 4597 misericordiam
1520 4556 1859 4607 consecutos,
1892 4561 1920 4598 a
1970 4560 2128 4599 mor-

565 4639 614 4683 te
642 4640 695 4683 et
752 4638 974 4697 peccato
1004 4629 1277 4695 liberatos,
1313 4642 1366 4687 et
1398 4636 1683 4689 veterrima
1712 4636 1971 4690 servitute
1997 4650 2132 4688 cer-

561 4722 708 4775 vices
757 4727 969 4774 nostras
1013 4722 1311 4790 expeditas.
1340 4722 1629 4779 llluminati
1681 4737 1862 4779 autem
1920 4740 2127 4789 sumus,

564 4829 726 4867 unum
758 4821 950 4865 natura
983 4812 1147 4865 Deum
1179 4827 1552 4883 agnoscentes,
1578 4826 1632 4870 et
1655 4834 1685 4871 e
1728 4816 1965 4871 tenebris
1998 4815 2128 4882 qni-

562 4907 661 4961 bus
692 4919 787 4959 nos
842 4919 996 4959 error
1045 4906 1357 4976 multiplicis
1403 4909 1718 4963 idololatria:
1780 4906 2077 4960 involverat
2118 4948 2132 4974 ,

488 4986 525 5035 ἶ
562 4999 786 5067 egressi.
833 4995 1029 5051 Verum
1070 5000 1197 5067 quid
1222 5002 1320 5054 sibi
1357 5002 1525 5054 velint
1562 5000 1736 5063 olivzc,
1773 5008 1827 5052 et
1857 4998 1985 5066 quid
2020 5014 2132 5053 nio-

562 5090 699 5144 verit
744 5090 959 5143 beatum
1010 5092 1346 5161 prOphetam,
1395 5106 1463 5146 ne
1518 5090 1749 5157 amplius
1792 5089 1991 5151 olivas,
2037 5092 2131 5145 sed

564 5194 742 5233 ramos
766 5182 942 5249 potius
967 5182 1229 5235 olivarum
1259 5183 1510 5236 dicendas
1541 5188 1776 5250 putaret,
1800 5197 1897 5250 age
1922 5183 2131 5251 disqui-

564 5286 768 5326 ramus.
804 5272 952 5325 Bona
986 5274 1169 5340 igitur,
1201 5289 1297 5328 seu
1334 5274 1590 5340 frugifera
1621 5272 1759 5329 oliva
1816 5274 2129 5331 Judaeorum

560 5366 871 5432 Synagoga,
906 5365 1131 5433 agrestis
1157 5364 1296 5417 oliva
1336 5364 1576 5431 gentium
1612 5363 1898 5419 multitudo
1932 5378 2130 5421 vocata

568 5460 668 5507 cst.
700 5453 790 5507 Sic
814 5455 957 5507 enim
987 5454 1223 5523 ipsarum
1261 5457 1448 5509 beatus
1485 5454 1682 5508 Paulus
1713 5458 1980 5522 meminit,
2012 5474 2132 5513 cre-

566 5541 757 5596 dantes
787 5556 851 5595 ex
884 5544 1131 5611 gentibus
1160 5543 1435 5611 alloquens
1463 5562 1475 5597 :
1518 5562 1534 5595 t
1570 5544 1623 5598 Si
1658 5548 1801 5601 enim
1840 5557 1891 5601 tu
1920 5563 1983 5601 ex
2022 5564 2130 5600 na—

639 5717 685 5750 ⁵⁸
722 5715 916 5788 Ephes.
956 5735 1011 5783 ιι,
1059 5719 1141 5771 16.

2237 4567 2339 4614 σις.
2380 4552 2466 4604 Ίίν
2501 4554 2639 4621 φωτὶ
2670 4551 2778 4621 γὰρ
2817 4553 2973 4624 ἡμῶν
3081 4555 3291 4623 κλῆσις,
3326 4558 3419 4609 καὶ
3452 4559 3526 4620 ὼς
3564 4562 3620 4610 ἐν
3652 4560 3816 4627 ἐλαίῳ

2235 4642 2312 4711 τῷ
2350 4643 2500 4711 παρὰ
2528 4645 2681 4697 Θεοῦ·
2714 4644 2872 4717 εἴπερ
2898 4648 3044 4698 ἐστὶν
3068 4649 3295 4715 ἀτρεκὲς
3328 4649 3524 4709 εἰπεῖν,
3561 4649 3636 4709 ὡς
3655 4651 3813 4720 ἠλεή-

2240 4734 2379 4802 μεθα
2443 4736 2563 4804 μὲν,
2625 4736 2856 4790 θανάτου
2900 4741 2992 4788 καὶ
3043 4737 3317 4806 ἁμαρτίας
3369 4737 3814 4809 ἀπηλλαγμένοι,

2236 4827 2328 4879 καὶ
2359 4827 2598 4891 δουλείας
2639 4831 2737 4900 τῆς
2768 4830 3129 4899 ἀρχαιοτάτης
3176 4828 3545 4889 ἀπολύσαντες
3579 4831 3670 4883 τὸν
3719 4835 3815 4883 αύ-

2242 4918 2391 4987 χένα.
2442 4920 2843 4990 Πεφωτίσμεθα
2874 4921 2951 4982 δὲ,
2984 4922 3079 4973 ἕνα
3128 4921 3218 4972 τὸν
3257 4923 3414 4990 φύσει
3453 4922 3586 4973 Θεὸν
3634 4924 3813 4989 ἐπιγι-

2243 5007 2559 5073 νώσκοντες,
2592 5010 2685 5062 καὶ
2717 5014 2816 5079 τῆς
2847 5010 3108 5063 πολυθέου
3156 5011 3359 5081 πλάνης
3387 5012 3477 5063 τὸν
3510 5012 3699 5064 σκότον
3726 5016 3815 5063 ἐκ·

2242 5098 2555 5169 ϐεϐηκότες.
2595 5100 2753 5153 Ἀλλὰ
2783 5102 2864 5163 τίς
2895 5102 2959 5154 ἂν
2985 5102 3069 5171 εἴη
3103 5104 3190 5153 καὶ
3218 5105 3244 5153 6
3274 5102 3379 5155 τῶν
3418 5103 3611 5155 ἐλαιῶν
3637 5103 3812 5169 λόγος,

2241 5190 2292 5242 τί
2323 5190 2380 5242 δὲ
2406 5190 2515 5260 ἄρα
2552 5191 2609 5242 τὸ
2643 5193 2899 5253 πεπεικδς
2939 5193 3028 5245 τὸν
3077 5195 3344 5264 μακάριον
3390 5196 3695 5264 προφήτην,
3744 5197 3814 5264 μὴ

2235 5279 2298 5349 δὴ
2331 5282 2525 5352 χρῆναι
2563 5281 2741 5349 λέγειν
2787 5283 2956 5345 αὑτὰς
3002 5286 3185 5347 ἐλαίας
3228 5286 3325 5354 μὲν
3362 5285 3462 5347 ἔτι,
3508 5286 3732 5346 κλάδους
3762 5286 3815 5336 δὲ

2239 5349 2437 5441 μᾶλλον
2472 5372 2685 5436 ἐλαιῶν,
2720 5375 2848 5443 φέρε
2878 5374 2960 5442 δὴ,
2992 5377 3120 5447 φέρε
3160 5349 3634 5447 περιαθρήσωμεν.
3675 5376 3814 5428 Καλς

2234 5464 2463 5528 λιέλαιος
2517 5466 2613 5535 μὲν
2665 5466 2844 5517 τοίνυν
2906 5469 2938 5535 ἡ
2971 5468 3079 5519 τῶν
3119 5468 3382 5521 Ἰουδαίων
3436 5469 3809 5539 κεχρημάτικε

2238 5555 2568 5625 Συναγωγή,
2616 5554 2923 5624 ἀγριέλαιός
2958 5572 3018 5621 γε
3081 5555 3184 5624 μὴν
3221 5555 3327 5609 τῶν
3381 5555 3548 5608 ἐθνῶν
3591 5555 3623 5624 ἡ
3675 5554 3811 5625 πλη-

1221 5719 1263 5748 "
1304 5717 1457 5772 Rom.
1502 5737 1578 5787 ιιι,
1622 5724 1707 5779 ει.
1754 5727 1796 5755 ³⁸
1838 5726 1879 5779 li
1923 5725 2062 5780 l’otr.
2112 5744 2147 5793 ι,
2189 5730 2239 5782 4.
