4080 6284
319 355 391 413 77
1167 347 1722 408 COMMENTARIUS
1758 350 1827 406 ΙΝ
1865 349 2271 408 ZACHARIAM
2306 350 2750 406 PROPHETAM.
3517 349 3584 408 73

321 463 440 527 θύς.
472 460 631 517 Οὕτω
679 461 788 532 γὰρ
824 463 1004 518 αὐτῶν
1050 461 1414 535 διαμέμνηται
1445 466 1540 518 καὶ
1569 467 1597 519 ό
1639 466 1910 538 μακάριος

2019 465 2174 521 turali
2224 465 2463 521 oleastro
2509 465 2724 522 excisus
2771 479 2852 532 es,
2898 473 2954 519 et
2998 475 3187 520 contra
3224 476 3470 522 naturam
3497 467 3584 520 in.

323 553 569 618 Παῦλος,
618 553 789 622 λέγων
848 555 988 626 πρὸς
1051 555 1178 617 τοὺς
1240 555 1301 618 ἐξ
1362 555 1534 609 ἐθνῶν
1577 557 1905 609 πιστεύσαν-

320 663 421 710 τας
440 663 454 677 ο
490 666 510 698 r
543 647 605 700 Ei
634 646 744 716 γὰρ
780 648 842 700 σὺ
870 649 934 700 ὲκ
961 649 1060 717 τῆς
1099 645 1241 700 κατὰ
1269 645 1430 714 φύσιν
1457 647 1723 716 ἐξεκόπης
1758 649 1908 718 ἀγρι-

323 736 504 790 ελαίου
525 779 540 804 ε
585 739 677 790 καὶ¹
717 738 866 810 παρὰ
912 737 1076 806 φύσιν
1135 737 1548 809 ἐνεκεντρίσθης
1591 740 1671 802 είς
1720 739 1906 791 καλλι-

324 830 522 896 έλαιον,
557 829 736 900 πολλῷ
771 831 972 901 μᾶλλον
997 825 1142 884 οὗτοι
1175 833 1222 884 οἱ
1255 833 1397 884 κατὰ
1438 831 1602 900 φύσιν
1631 835 1909 903 ὲγκεντρι-

325 920 611 990 σθήσονται
655 925 723 990 τῇ
757 922 860 992 ἰδίᾳ
902 921 1079 990 ἐλαίᾳ.
1109 939 1127 970 ›
1167 920 1374 974 Οὐκοῦν
1420 920 1761 981 καλλιέλαιος
1813 923 1909 991 μὲν

322 1013 355 1083 ἡ
384 1011 706 1082 Συναγωγή,
741 1010 992 1084 καθάπερ
1014 1011 1150 1082 ἔφην
1182 1012 1385 1083 ἀρτίως
1411 1054 1426 1078 ,
1455 1013 1764 1083 ἀγριέλαιος
1802 1013 1910 1084 δὲή

319 1101 430 1155 τῶν
461 1102 631 1155 ὲθνῶν
668 1102 860 1172 ἀγέλη.
892 1103 957 1154 ()t
1007 1105 1105 1173 μὲν
1138 1103 1268 1174 γὰρ,
1317 1103 1416 1174 τὴν
1465 1103 1554 1155 διὰ
1581 1103 1746 1172 νόμου
1781 1103 1911 1156 παί-

321 1192 504 1248 δευσιν
549 1193 764 1263 ἔχοντες
784 1234 800 1259 ,
841 1192 943 1246 οὐκ
976 1192 1213 1265 ἄκαρποι
1245 1193 1518 1246 διετέλουν
1538 1211 1552 1224 ·
1603 1197 1652 1246 οἱ
1681 1194 1738 1247 δὲ
1771 1189 1912 1264 ἦσαν

277 1270 286 1325 ἶ
326 1286 555 1357 σφηκῶν
578 1285 786 1356 ἀγρίων
812 1285 1045 1355 ὲνδιαιτή
1056 1303 1221 1350 ματα,
1250 1285 1430 1357 πλήρη
1455 1286 1748 1356 δαιμονίων
1774 1286 1914 1355 ἔχονο

323 1396 416 1441 τες
440 1378 535 1430 τὸν
559 1377 706 1439 νοῦν,
732 1378 822 1430 καὶ
853 1377 1095 1447 ἄκαρποι
1125 1378 1420 1441 παντελῶς.
1445 1376 1740 1449 ΠΧὴνόὖτε
1765 1379 1914 1432 πᾶσα

325 1473 360 1541 ἠ
393 1469 504 1522 τῶν
539 1468 806 1522 Ἰουδαίων
839 1470 1132 1541 Συναγωγὴ
1165 1470 1262 1540 τὴν
1294 1471 1372 1533 εἰς
1422 1469 1548 1524 Υεὸν
1584 1469 1913 1540 παρεδέξατο

327 1562 528 1626 πίστιν,
561 1561 684 1615 οὔτε
717 1562 820 1633 μὴν
849 1563 941 1633 ὅλη
975 1562 1084 1615 τῶν
1129 1564 1298 1616 ἐθνῶν
1329 1564 1362 1633 ἡ
1395 1562 1638 1634 πληθύςο
1675 1563 1911 1627 ὲξεσπα-

330 1657 518 1724 σμένοι
551 1653 608 1705 δὲ
639 1652 827 1723 ὥσπερ
857 1655 941 1721 ἐφ’
986 1654 1222 1723 ἑκάστης
1263 1654 1521 1724 ὴλέηνται
1573 1654 1780 1718 πολλοὶ,
1819 1655 1915 1707 καὶ

327 1745 618 1814 κέκληνται
641 1743 728 1798 διὰ
753 1744 852 1813 τῆς
881 1744 1115 1806 πίστεως
1144 1745 1225 1806 εις
1253 1745 1344 1796 τὸν
1366 1744 1453 1797 διὰ
1474 1745 1570 1798 τοῦ
1601 1743 1915 1813 Πνεύματος

2011 567 2190 612 sertus
2235 572 2296 612 es
2350 557 2405 611 in
2447 557 2645 611 bonam
2693 554 2911 620 olivam,
2940 565 3146 625 quanto
3187 557 3358 626 magis
3397 558 3454 624 ii,
3494 560 3586 628 qui

2010 647 2309 703 secundum
2343 656 2593 702 naturam
2631 660 2744 700 suae
2779 645 2936 700 olivae
2975 645 3285 700 inserentur
3311 647 3400 701 υτ
3433 667 3451 700 ι
3495 649 3591 704 Est

2009 750 2142 806 ergo
2191 738 2331 793 bona
2364 737 2506 791 oliva
2547 735 2872 807 Synagoga,
2910 745 2969 790 ut
3004 736 3117 804 jam
3155 738 3308 803 dixi,
3353 742 3588 808 agrestis

2011 837 2188 882 autem
2228 843 2359 897 grex
2407 828 2672 898 gentium.
2708 827 2787 880 Illi
2827 829 2974 881 enim
3007 843 3103 898 per
3150 827 3322 897 legem
3362 832 3586 896 eruditi,

2012 932 2230 987 semper
2275 927 2433 972 erant
2464 916 2710 988 frugiferi
2738 934 2752 971 :
2779 918 2955 972 at'isti
3000 933 3285 986 vesparum
3322 921 3588 974 atrocium

2013 1009 2333 1075 diversoria,
2387 1018 2626 1064 mentem
2670 1010 2934 1063 habentes
2964 1008 3180 1077 plenam
3230 1010 3588 1072 daeiiiouibus,

2013 1109 2069 1155 et
2127 1098 2446 1154 infructuosi
2507 1114 2571 1154 ac
2624 1099 2836 1154 steriles
2897 1099 3141 1152 omnino.
3204 1098 3588 1154 Verumtamen

2015 1207 2116 1246 nec
2153 1200 2264 1245 tota
2299 1189 2606 1247 .ludteorum
2637 1189 2918 1262 Synagoga
2945 1191 3104 1244 ﬁdem
3137 1191 3192 1244 in
3237 1190 3432 1245 Filium
3473 1209 3593 1244 sus-

2016 1282 2161 1351 cepit
2187 1320 2203 1345 ,
2236 1296 2334 1336 nec
2358 1281 2598 1351 gentium
2631 1282 2980 1343 universitas,
3013 1282 3106 1334 sed
3134 1283 3291 1351 quasi
3334 1283 3592 1349 utrinque

2017 1374 2270 1436 extracti,
2315 1372 2750 1427 misericordiam
2792 1373 2971 1440 adepti
3012 1383 3138 1426 sunt
3179 1373 3354 1435 multi,
3394 1383 3451 1427 et
3497 1387 3594 1442 per

2014 1465 2175 1520 (idem
2216 1465 2280 1518 ad
2320 1465 2771 1518 illuminationem
2801 1478 2896 1532 per
2935 1464 3194 1532 Spiritum
3233 1467 3406 1518 vocati
3442 1476 3589 1518 sunt.

2014 1557 2174 1613 Βοιυί
2207 1573 2339 1627 ergo
2369 1557 2636 1611 olivarum
2659 1558 2750 1624 qui
2775 1557 3007 1610 extracti
3034 1567 3181 1621 sunt,
3204 1561 3594 1612 convenienter

2018 1648 2250 1717 intelligi
2287 1656 2511 1715 queant,
2545 1648 2636 1716 qui
2665 1657 2720 1700 et
2763 1647 3198 1700 misericordiam
3230 1663 3328 1716 per
3361 1650 3592 1718 gratiam

2021 1740 2350 1794 invenerunt
2388 1779 2403 1803 ,
2461 1749 2516 1794 et
2580 1739 2728 1793 velut
2794 1739 2847 1792 in
2893 1740 3073 1792 lumen
3138 1739 3404 1808 lampadis
3435 1780 3452 1802 ,
3495 1743 3597 1793 hoc

325 1838 624 1908 φωτισμόν.
659 1838 860 1891 κλάδοι
909 1838 974 1907 δὴ
1022 1833 1114 1890 οὖν
1150 1837 1344 1889 ἐλαιῶν
1393 1839 1442 1889 οἱ
1495 1837 1914 1904 ἀπεσπασμένοι

2019 1842 2122 1894 ρει,
2165 1831 2389 1897 Christi,
2444 1838 2499 1884 et
2539 1841 2744 1898 septem
2797 1829 3182 1883 collucentium
3227 1831 3596 1891 lucernarum,

324 1929 514 1982 νοοίντ’
543 1930 606 1983 ἂν
638 1931 883 1994 εἰκότως,
911 1930 960 1982 οἳ
997 1930 1092 1982 καὶ
1129 1929 1390 1997 ἠλέηνται
1421 1927 1509 1980 διὰ
1537 1931 1634 1998 τῆς
1671 1927 1914 1997 χάριτος,

327 2021 422 2072 καὶ
454 2020 529 2081 ὼς
560 2021 616 2071 ἐν
651 2019 791 2087 φωτὶ
844 2019 1098 2086 γεγόνασι
1125 2018 1220 2070 τοῦ
1269 2015 1594 2086 λαμπαδίου,
1639 2015 1914 2082 τουτέστι,

329 2110 589 2180 Χριστοῦ,
631 2112 725 2162 καὶ
758 2109 869 2160 τῶν
924 2107 1065 2160 ἑπτὰ
1107 2107 1635 2176 συναναλαμπόντων
1686 2105 1914 2175 λύχνων,

333 2200 600 2265 τουτέστι,
633 2201 728 2269 τῆς
753 2199 862 2252 τῶν
902 2200 1074 2266 ἁγίων
1100 2198 1359 2268 πληθύος.
1399 2199 1587 2268 ’Λθρει
1622 2197 1679 2251 δὲ
1709 2198 1856 2258 ὅπως
1889 2197 1918 2249 ό

335 2291 625 2354 θεσπέσιος
669 2291 901 2359 ἄγγελος
949 2292 1028 2352 εἰς
1060 2291 1244 2342 εἰκόνα
1289 2291 1381 2342 καὶ
1416 2288 1767 2342 ὑποτύπωσιν
1818 2287 1912 2341 τοῦ

346 2383 698 2455 Ἐμμανουὴλ
760 2383 1124 2453 παραδέχεται
1167 2382 1228 2434 τὸ
1271 2381 1598 2452 λαμπάδιον.
1649 2381 1913 2452 Τεθειμέ-

327 2493 436 2527 νων
463 2475 572 2545 γὰρ
594 2475 700 2527 τῶν
730 2475 940 2528 κλάδων
972 2477 1033 2527 ἐκ
1064 2473 1252 2537 δεξιῶν
1282 2473 1470 2536 αὐτοῦ,
1503 2475 1596 2527 καὶ⁴
1624 2474 1681 2540 ἐξ
1711 2473 1915 2526 εὐωνύ-

329 2583 449 2636 μων
479 2564 591 2634 (οὓς
622 2567 715 2618 καὶ
748 2566 896 2627 υἱοὺς
930 2565 1029 2634 τῆς
1058 2567 1310 2632 πιότητος
1341 2565 1593 2635 ὠνόμασε
1613 2564 1747 2633 δύο),
1781 2580 1915 2636 παρ-

325 2656 548 2709 εστάναι
583 2658 745 2726 φησὶν
776 2658 972 2720 αὐτοὺς
996 2657 1074 2727 τῷ
1112 2657 1301 2728 Κυρίῳ
1327 2657 1504 2727 πάσης
1535 2659 1635 2728 τῆς
1666 2659 1789 2726 γῆς,
1816 2657 1915 2725 τῆς

326 2745 730 2815 παραστάσεως
773 2747 830 2798 ἐν
863 2746 1052 2810 τύποις
1099 2747 1616 2818 κατασημαινούσης
1660 2745 1718 2801 εὖ
1769 2747 1917 2818 μάλα

324 2837 426 2908 τὴν
453 2838 759 2909 οἰκειότητα
781 2841 880 2908 τὴν
911 2841 1309 2910 πνευματικὴν,
1343 2841 1437 2894 καὶ
1469 2842 1532 2893 τὸ
1568 2841 1782 2911 ἕτοιμον
1814 2841 1914 2910 τῆς

323 2927 552 2998 γνώμης
578 2929 655 2991 εἵς
689 2945 751 2995 γε
780 2929 842 2980 τὸ
879 2928 989 2982 δεῖν
1026 2930 1345 2984 ὑποκεῖσθαι
1391 2948 1453 2984 τε
1495 2931 1589 2983 καὶ
1620 2932 1916 3002 ὑπηρετεῖν

322 3020 498 3090 αὐτῷ.
521 3014 644 3072 Ὧδε
697 3022 806 3091 γὰρ
847 3022 913 3073 ἂν
943 3023 1114 3074 νοοῖτο
1145 3023 1377 3094 Χριστὸς
1412 3014 1766 3095 ποίραστήσας
1797 3026 1917 3076 ἐαυ-

319 3114 404 3185 τῷ
430 3114 530 3185 τὴν
561 3115 908 3184 Ἐκκλησίαν,
929 3115 1028 3184 τὴν
1048 3115 1111 3167 ἐκ
1131 3115 1223 3167 δύο
1241 3115 1384 3167 λαῶν
1411 3116 1913 3188 συναγηγερμένην.

320 3200 484 3254 Κατὰ
509 3199 720 3265 τοῦτον,
743 3197 916 3270 οἶμαι,
943 3201 1034 3254 τὸν
1059 3203 1260 3273 τρόπον
1286 3200 1364 3272 τῷ
1395 3203 1491 3273 τῆς
1522 3207 1917 3273 παραστάσεως

317 3295 554 3364 ὀνόματι
588 3294 682 3345 καὶ
704 3295 732 3344 ὀ
757 3292 1042 3356 Θεσπέσιος
1069 3295 1274 3363 Μωσῆς
1306 3294 1756 3357 κατεκαλλύνετο,
1783 3295 1918 3345 Θεοῦ

318 3389 461 3457 πρὸς
496 3386 663 3440 αὑτὸν
691 3387 970 3456 εἰρηκότος
993 3401 1006 3414 ⁸
1034 3386 1104 3437 Σὺ
1135 3386 1191 3438 δὲ
1222 3386 1384 3437 αὐτού
1418 3386 1574 3454 στῆθι
1613 3387 1728 3455 μετ’
1762 3386 1916 3455 ἐμοῦ.

314 3481 392 3533 Ut‘;
428 3481 546 3550 γὰρ
578 3478 887 3548 ἀπόϐλητος
918 3479 948 3547 ή
985 3477 1074 3530 διὰ
1120 3477 1286 3547 νόμου
1341 3478 1619 3539 παίδευσις
1661 3479 1812 3547 παρά
1854 3495 1916 3545 γε

312 3573 393 3642 τῷ
431 3575 619 3626 πάντα
648 3571 809 3622 εἰδότι
839 3568 974 3639 Θεῷ.
1010 3568 1109 3622 Διὰ
1145 3569 1304 3622 ποίαν
1333 3569 1540 3633 αἰτίαν;
1575 3569 1922 3637 Παιδαγωγεῖ

2023 1923 2122 1976 hoc
2164 1931 2272 1981 est,
2328 1932 2640 1974 sanctorum
2684 1919 3046 1974 multitudinis
3090 1930 3396 1974 evaserunt.
3430 1919 3599 1992 694

2017 2015 2405 2068 Animadverte
2457 2015 2678 2082 insuper
2724 2013 2997 2081 quomodo
3046 2027 3204 2068 sacer
3260 2014 3484 2082 angelus
3530 2015 3596 2066 ad

2020 2103 2311 2172 imaginem
2356 2109 2412 2156 et
2433 2101 2852 2171 descriptionem
2880 2101 3254 2157 Emmanuelis
3291 2103 3594 2171 lampadem

2020 2200 2282 2246 assumat.
2325 2191 2520 2246 Positis
2561 2193 2704 2244 enim
2749 2193 2915 2246 ramis
2954 2208 2984 2245 a
3025 2193 3230 2246 destris
3269 2192 3384 2260 ejus
3429 2202 3483 2245 et
3517 2194 3597 2244 si-

2020 2285 2208 2338 nistris
2234 2284 2394 2354 (quos
2435 2294 2490 2338 et
2537 2285 2673 2339 duos
2717 2284 2859 2339 lilios
2909 2283 3255 2354 pinguedinis
3301 2283 3596 2354 nominat),

2019 2386 2197 2431 astare
2218 2377 2337 2430 illos
2364 2377 2496 2431 dicit
2531 2377 2760 2431 Domino
2791 2376 3057 2431 universae
3084 2385 3260 2444 terrae,
3285 2376 3599 2430 assistentia

2020 2469 2120 2522 hoc
2164 2467 2282 2522 loco
2337 2467 2768 2522 familiaritatem
2823 2477 2878 2523 et
2919 2477 3221 2539 promptam
3263 2468 3597 2524 voluntatem

2019 2560 2088 2614 ad
2153 2561 2204 2615 ei
2253 2562 2742 2630 obtemperantium
2800 2561 3333 2630 ministramlnmque
3385 2559 3598 2629 signiﬁ-

2017 2662 2200 2708 cante.
2235 2651 2327 2707 Sic
2350 2654 2494 2706 enim
2522 2663 2703 2722 potest
2735 2652 2962 2722 intelligi
2991 2654 3243 2707 Christus
3268 2651 3465 2706 fecisse
3491 2651 3599 2706 sibi

2018 2753 2200 2802 astare
2235 2745 2534 2800 Ecclesiam
2586 2760 2654 2800 ex
2691 2745 2904 2800 duobus
2939 2744 3150 2814 populis
3189 2753 3596 2813 congregatam.
3676 2803 3684 2816 ς

2021 2840 2132 2895 lloc
2149 2841 2329 2904 modo,
2348 2841 2562 2909 opinor,
2586 2839 2807 2894 nomine
2829 2838 3155 2892 assistentiu:
3187 2839 3349 2892 etiam
3387 2837 3605 2889 divinus

2019 2932 2194 2986 Muses
2238 2944 2462 2986 ornatus
2498 2942 2604 2997 est,
2636 2947 2758 2984 cum
2806 2930 2946 2984 Deus
2976 2931 3042 2985 ad
3069 2946 3192 2984 eum
3229 2929 3542 2999 loqueretur
3582 2945 3598 2982 :

2024 3043 2044 3076 ‹
2064 3022 2144 3077 Tu
2160 3039 2286 3078 vero
2298 3033 2378 3077 sta
2397 3023 2508 3077 illic
2527 3038 2736 3077 mecum
2753 3022 2819 3076 ⁸⁸.
2846 3040 2863 3072 ι
2884 3021 2999 3075 Non
3024 3023 3168 3075 enim
3191 3021 3416 3090 legalem
3442 3019 3603 3072 insti-

2025 3117 2286 3170 tutionem
2313 3114 2455 3170 Deus
2481 3117 2662 3170 omnia
2696 3115 2880 3168 sciens
2908 3113 3113 3180 ahjicit.
3143 3113 3316 3178 Quam
3360 3113 3428 3164 oh
3460 3125 3604 3164 cau-

2023 3208 2176 3261 satn?
2206 3207 2342 3273 Quia
2389 3216 2476 3260 est.
2523 3201 2844 3276 piedagogus
2887 3205 2952 3256 ad
2992 3205 3266 3257 Christum
3295 3201 3362 3266 ⁸⁸,
3395 3211 3450 3255 et
3485 3211 3608 3254 tan-

2022 3313 2183 3366 quam
2236 3299 2287 3350 in
2335 3298 2478 3366 typis
2529 3307 2584 3350 et
2635 3297 2847 3350 umbris
2897 3297 3068 3365 ipsam
3120 3295 3276 3348 nobis
3315 3294 3604 3348 veritatem

2025 3389 2277 3457 pniturit.
2329 3388 2507 3442 Testis
2551 3388 2801 3443 Christus
2846 3389 2982 3457 ipse,
3023 3388 3103 3441 sic
3145 3385 3358 3439 aliunde
3387 3383 3603 3440 Judteos

2024 3479 2355 3543 incredulus,
2413 3499 2432 3532 ι
2471 3479 2526 3534 Si
2566 3480 2866 3534 crederetis
2915 3479 3071 3542 Mosi,
3114 3479 3298 3546 utique
3337 3478 3600 3531 credere-

2023 3575 2092 3626 tis
2116 3581 2172 3626 et
2205 3573 2374 3635 mihi;
2405 3573 2472 3626 de
2512 3587 2597 3625 me
2628 3572 2773 3625 enim
2813 3572 2902 3626 ille
2937 3572 3160 3637 scripsit
3185 3570 3254 3625 °°.
3293 3588 3311 3622 ι

317 3667 431 3737 γὰρ
460 3666 551 3726 εἰς
577 3663 806 3732 Χριστὸν
833 3664 927 3715 καὶ
954 3662 1029 3726 ὡς
1057 3663 1116 3715 ἐν
1149 3662 1336 3725 τύποις
1384 3662 1478 3714 καὶ
1509 3666 1686 3726 σκιαῖς
1717 3663 1883 3734 αὐτὴν
1919 3666 2048 3736 ἡμῖν
2089 3665 2267 3718 ὼδίνει
2335 3665 2434 3735 τὴν
2469 3665 2744 3734 ἀλήθειαν,
2788 3665 2882 3717 καὶ
2919 3663 3076 3715 τοῦτο
3123 3664 3269 3733 ἡμᾶς
3334 3659 3604 3716 πιστώσε-

313 3773 408 3810 ται
438 3753 623 3822 λέγων
649 3753 808 3815 αὐτὸς
835 3754 863 3804 ὁ
902 3753 1136 3823 Χριστὸς
1170 3753 1305 3824 πρὸς
1337 3754 1460 3815 τοὺς
1505 3754 1868 3816 ἀπιστοῦντας
1907 3755 2194 3818 Ἰουδαίους
2219 3773 2234 3785 ·
2282 3774 2299 3806 ‹
2331 3757 2392 3806 ΕΞ
2429 3756 2739 3807 ἐπιστεύετε
2772 3757 2979 3820 Minui,
3020 3754 3335 3806 ἐπιστεύετε
3369 3755 3433 3805 ἂν
3457 3754 3601 3823 ἐμοί’

313 3850 450 3921 περὶ
479 3849 600 3918 γὰρ
628 3847 762 3916 ἐμοῦ
794 3848 1001 3910 ἐκεῖνος
1030 3847 1259 3919 ἔγραψε.
1298 3869 1315 3899 ι

949 3983 1197 4038 ΚΕΦΑΛ.
1231 3985 1306 4039 Ε’.

388 4121 505 4176 Kal
542 4117 913 4184 ἐπέστρεψα,
950 4117 1048 4170 καὶ
1077 4113 1192 4188 ἦρα
1221 4117 1360 4186 τοὺς
1401 4120 1746 4188 ὀφθαλμούς
1774 4138 1916 4188 μου,

313 4208 417 4264 καὶ
459 4207 622 4272 ἴδον,
655 4207 752 4259 καὶ
783 4205 912 4259 ἰδοὺ
939 4205 1236 4272 δρέπανον
1261 4210 1607 4276 πετόμενον.
1640 4211 1750 4264 Kal
1787 4207 1918 4265 εἶπε

312 4302 476 4369 πρός
523 4315 640 4369 με·
689 4298 750 4350 Τί
783 4299 865 4350 σὺ
900 4297 1192 4364 ,Βλέπεις
1233 4301 1343 4352 Kal
1390 4296 1564 4353 εἶπαο
1613 4301 1754 4372 Ἐγὼ
1803 4301 1919 4372 ὁρῶ

311 4392 629 4462 δρέπανον
663 4391 992 4457 πετόμενον
1022 4389 1259 4457 μήκους
1287 4391 1530 4460 πήχεων
1567 4395 1786 4458 εἴκοσι,
1820 4395 1919 4449 καὶ

314 4483 610 4546 πλάτους
655 4480 898 4547 πήχεων
933 4479 1098 4534 δέκα.
1127 4482 1236 4535 Kal
1267 4479 1397 4535 εἷπε
1428 4485 1579 4550 πρός
1613 4500 1689 4552 με
1710 4501 1724 4515 ·
1759 4485 1920 4553 Αὕτη

315 4577 357 4646 ἠ
388 4571 515 4643 ἀρὰ
545 4573 586 4638 ἡ
623 4570 1066 4638 ἐκπορευομένη
1096 4572 1192 4624 ἐπὶ
1221 4572 1547 4639 πρόσωπον
1580 4575 1785 4642 πάσης
1814 4575 1922 4643 τῆς

312 4666 453 4739 γῆς.
488 4665 656 4719 Διότι
689 4660 808 4728 πᾶς
834 4664 866 4715 ὀ
894 4661 1158 4728 κλέπτης
1183 4662 1250 4715 ἐκ
1276 4667 1489 4718 τούτου
1518 4664 1628 4731 ἕως
1658 4667 1916 4722 θανάτου

305 4754 825 4824 ἐκδικηθήσεται,
867 4755 963 4807 καὶ
1013 4752 1135 4820 πᾶς
1179 4757 1211 4807 ό
1257 4755 1535 4822 ἐπίορκος
1579 4758 1646 4811 ἐκ
1701 4761 1916 4814 τούτου

305 4855 424 4921 ἕως
475 4849 753 4908 θανάτου
804 4847 1282 4917 ἐκδικηθήσεται.
1325 4846 1436 4901 Kal
1485 4847 1701 4913 ἐξοίσω
1745 4850 1912 4916 αὐτὸ,

304 4944 477 5018 λέγει
515 4945 750 5010 Κύριος
787 4939 1226 5008 παντοκράτωρ,
1261 4938 1358 4993 καὶ
1388 4940 1798 4996 εἰσελεύσεται
1827 4945 1915 5009 εἰς

307 5038 420 5094 τὸν
461 5037 646 5092 οἷκον
703 5031 809 5086 τοῦ
849 5032 1134 5097 κλέπτου,
1184 5032 1283 5086 καὶ
1315 5033 1404 5099 εὶς
1449 5034 1558 5084 τὸν
1592 5028 1762 5088 οἶκον
1808 5035 1914 5090 τοῦ

305 5130 656 5201 ὀμνύοντος
689 5124 774 5191 τῷ
813 5123 1058 5193 ὀνόματί
1094 5141 1212 5192 μου
1243 5123 1343 5177 ἐπὶ
1389 5122 1628 5192 ψεύδει,
1664 5125 1764 5179 καὶ
1812 5143 1914 5180 κα-

2685 3985 2769 4039 CA
2783 3985 2840 4040 P.
2877 3987 2935 4040 ν.

2093 4125 2258 4183 Vatis.
2297 4125 2410 4181 1-4.
2468 4128 2535 4179 Et
2578 4143 2856 4180 conversus
2917 4143 3030 4179 sum
3061 4165 3074 4188 ,
3118 4137 3166 4180 et
3221 4127 3386 4180 levavi
3425 4129 3603 4180 oculos

2023 4230 2183 4278 meos,
2210 4223 2260 4268 et
2285 4215 2408 4280 vidi,
2439 4227 2484 4268 et
2520 4232 2635 4268 ecce
2669 4217 2784 4284 falx
2829 4215 3025 4267 volans.
3070 4213 3135 4266 Et
3176 4215 3310 4267 dixit
3360 4217 3428 4267 ad
3481 4232 3601 4268 me:

2025 4306 2166 4372 Quid
2199 4316 2254 4360 tu
2285 4309 2466 4361 vides?
2495 4305 2563 4360 Et
2591 4308 2707 4359 dixi
2735 4322 2753 4358 :
2783 4305 2892 4373 Ego
2923 4307 3070 4358 video
3106 4307 3296 4376 falcem
3323 4307 3601 4368 volantem,

2023 4397 2368 4469 longitudinis
2419 4398 2712 4452 cubitorum
2769 4399 2976 4467 viginti,
3035 4408 3082 4451 et
3142 4397 3443 4451 latitudinis
3507 4416 3606 4450 cu-

2027 4489 2253 4543 bitorum
2312 4493 2508 4544 decem.
2580 4489 2648 4544 Et
2703 4493 2842 4544 dixit
2904 4495 2973 4544 ad
3042 4508 3121 4544 me
3168 4505 3187 4543 .‘
3251 4491 3376 4546 Hac
3443 4494 3606 4542 male-

2023 4581 2186 4636 dictio
2239 4599 2357 4653 qua:
2413 4583 2677 4652 egreditur
2724 4599 2880 4648 super
2930 4584 3123 4653 faciem
3187 4586 3441 4637 universa:
3498 4594 3605 4636 ter-

2025 4689 2118 4727 rte.
2154 4672 2291 4737 Quia
2319 4673 2487 4726 omnis
2521 4672 2609 4741 fur
2639 4689 2703 4725 ea:
2734 4673 2830 4726 hoc
2860 4691 3020 4744 usque
3054 4675 3122 4726 ad
3160 4685 3380 4728 mortem
3409 4675 3600 4744 punie-

2023 4775 2112 4818 tur
2138 4779 2157 4818 :
2189 4775 2234 4818 et
2259 4765 2426 4817 omnis
2447 4765 2694 4834 perjarus
2726 4782 2789 4818 ea:
2822 4769 2919 4818 hoc
2945 4784 3104 4834 usque
3135 4773 3202 4820 ad
3238 4778 3457 4821 mortem
3489 4783 3604 4818 cru-

2023 4858 2273 4913 ciabitur.
2300 4855 2370 4910 Et
2393 4867 2614 4910 educant
2635 4857 2792 4922 illud,
2813 4860 2939 4911 dicit
2965 4858 3224 4912 Dominus
3247 4859 3600 4925 onmiputem,

2021 4957 2070 5001 et
2094 4949 2413 5017 ingredietur
2434 4949 2486 4999 in
2511 4949 2720 5000 domum
2739 4948 2900 5017 furis,
2921 4959 2964 5001 et
2993 4951 3044 5002 in
3062 4953 3272 5002 domum
3290 4947 3526 5016 jurantis
3548 4948 3601 4999 ia

2023 5041 2232 5092 nomine
2260 5055 2373 5092 meo
2393 5041 2752 5106 inmendacio,
2772 5051 2819 5094 et
2852 5041 3133 5108 requiescet
3152 5041 3205 5092 in
3223 5038 3390 5090 medio
3413 5039 3599 5090 domus

2021 5130 2161 5199 ejus,
2188 5141 2238 5184 et
2264 5140 2530 5184 consumet
2557 5147 2696 5196 eam,
2735 5141 2782 5184 et
2813 5131 2958 5200 ligna
2991 5131 3127 5199 ejus,
3149 5140 3198 5184 et
3227 5128 3427 5193 lapides
3460 5129 3597 5197 ejus.

306 5225 568 5278 ταλύσει
611 5214 886 5285 ἐνμέσῳ
933 5214 1039 5267 τοῦ
1080 5214 1248 5270 οἴκου
1312 5218 1517 5285 αὑτοῦ,
1569 5220 1667 5273 καὶ
1715 5218 2072 5274 συντελέσω
2135 5222 2341 5286 αὐτὸν,
2408 5223 2506 5276 καὶ
2536 5223 2607 5277 τὰ
2635 5222 2793 5287 ξύλα
2826 5220 3034 5284 αὐτοῦ,
3097 5217 3363 5282 καὶτοὺς
3389 5220 3599 5284 λίθους

305 5314 520 5373 αὐτοῦ.

377 5405 510 5463 KH.
544 5404 644 5464 Τὸ,
679 5399 1050 5466 ἐπέστρεψα,
1073 5399 1235 5453 πάλιν
1259 5402 1316 5452 ἐν
1344 5400 1572 5465 τούτοις,
1604 5402 1703 5454 οὐκ
1734 5402 1819 5463 ἂν,
1844 5399 1919 5454 οἷο

313 5516 429 5569 μαι,
471 5497 559 5562 τὶς
596 5490 896 5548 ὲκλάῦοιτο
922 5490 1016 5543 ἐπὶ
1058 5491 1253 5544 τόπου’
1301 5491 1415 5544 ἀλλ’
1457 5491 1532 5554 ὼς
1584 5495 1641 5544 ἐν
1690 5492 1912 5562 ἀμείψει

311 5591 474 5646 πάλιν
520 5592 589 5659 τῇ
644 5580 775 5640 καθ’
807 5582 998 5651 ἑτέραν
1049 5583 1257 5654 ὅρασιν.
1305 5582 1749 5651 Ἐκκοπτομένης
1804 5584 1910 5650 γὰρ

415 5765 460 5795 ⁸⁷
502 5762 663 5816 Rom.
710 5774 787 5819 Χιι
829 5754 919 5809 9“-

999 5757 1044 5789 ⁸⁸
1091 5759 1241 5812 Deut.
1278 5774 1328 5821 ν,
1371 5759 1457 5809 3i.
1503 5758 1544 5787 '9
1588 5757 1761 5811 Culnl.
1808 5745 1887 5822 tit,
1929 5757 2017 5810 “23.

2092 5397 2282 5452 XXIX.
2341 5400 2539 5454 lterum
2601 5404 2654 5457 in
2706 5403 2788 5455 his
2852 5399 3074 5453 verbum
3125 5418 3399 5457 conversus
3453 5424 3592 5470 sum,

2022 5505 2201 5554 nemo,
2245 5500 2301 5542 nt
2331 5491 2606 5558 existimo,
2641 5495 2708 5547 de
2744 5492 2862 5545 loco
2890 5491 3356 5561 intcrpretabitur,
3400 5499 3496 5550 sed
3530 5499 3598 5551 de

2019 5582 2314 5633 mutatione
2343 5582 2640 5634 secundum
2672 5581 3203 5638 alteram'visionem.
3238 5583 3424 5636 Priore
3450 5584 3594 5636 enim

2098 5759 2140 5789 ⁶⁰
2179 5759 2334 5811 Joau.
2382 5776 2428 5823 v,
2482 5760 2562 5812 ιϐ.
