4080 6284
578 342 645 398 79
1338 400 1341 401 ν
1598 340 1655 394 S.
1697 336 1974 393 CYRILLI
2015 336 2479 392 ALEXANDIHNI
2522 334 2841 394 ARCHIEI’.
2908 366 2911 369 ι
3748 336 3826 391 80

574 455 739 512 veluti
763 455 1006 526 praecisa,
1043 455 1355 522 visioueque
1407 456 1473 508 ad
1526 452 1684 508 aliam
1725 452 2124 521 contemplatio-

2241 451 2427 522 ὥσπερ
2454 452 2551 522 τῆς
2585 453 2837 523 πρώτης,
2899 451 2991 504 καὶ
3041 448 3451 520 μεταφοιτώσης
3493 448 3592 517 τῆς
3645 446 3825 516 ὅψεως

558 563 698 603 ςηειῐι
732 556 1068 613 transeunte,
1096 547 1318 600 nomine
1349 547 1726 600 conversionis
1762 548 1812 600 id
1839 546 1981 614 quod
2011 559 2138 600 eve-

564 639 657 714 pit
698 638 860 692 tacite
910 637 1133 691 indicat.
1190 636 1383 692 Mentis
1438 636 1602 704 igitur
1649 637 1835 690 oculos
1883 636 1934 689 in
1972 635 2137 689 altum

576 729 734 794 tollit,
763 728 955 782 deinde
982 727 1172 782 falcem
1208 730 1324 782 avis
1357 728 1529 782 instar
1558 727 1610 781 in
1656 726 1886 781 sublime
1918 726 2139 791 elatam,

573 819 801 888 etquasi
834 819 886 873 in
930 827 1099 872 totum
1146 820 1332 874 orbem
1385 818 1722 874 desilientem
1754 818 1919 872 videt.
1974 816 2137 888 695

558 909 650 964 .Ea
687 919 807 964 erat
835 924 1096 978 perquam
1138 908 1247 963 lata
1296 920 1353 964 et
1383 909 1563 978 longa.
1599 908 1734 963 Nam
1766 908 1940 964 viceni
1970 908 2136 963 cubiti

572 999 849 1069 longitudo
869 998 1004 1066 ejus,
1047 999 1201 1068 cujus
1236 999 1513 1053 dimidium
1555 998 1777 1054 latitudo
1807 998 2133 1054 continebat.

571 1090 857 1157 Quarente
896 1105 1114 1144 rursum
1159 1089 1352 1159 angelo
1391 1089 1517 1159 quid
1572 1098 1733 1155 esset,
1783 1098 1839 1144 et
1876 1090 2135 1160 propheta

571 1182 949 1251 respondente,
976 1196 1035 1235 se
1065 1181 1317 1235 nescires:
1345 1200 1362 1232 ι
1395 1179 1540 1245 Haec,
1576 1181 1751 1250 inquit
1775 1180 1887 1247 ille,
1902 1188 1985 1235 est
2015 1196 2134 1235 ma-

553 1274 789 1327 ledictio
815 1274 1103 1343 egrediens
1141 1288 1301 1341 super
1338 1273 1529 1327 faciem
1576 1273 1845 1327 universae
1888 1280 2067 1338 teme,
2107 1290 2127 1324 ι

562 1376 624 1420 et
670 1366 863 1433 poenis
902 1364 1364 1433 respondentibus
1422 1364 1649 1419 induens
1717 1362 2015 1433 perjurnm,
2078 1370 2135 1416 et

566 1469 690 1507 cum
722 1469 786 1508 eo
818 1444 1013 1507 furem.
1048 1453 1113 1506 Et
1147 1453 1290 1522 quod
1342 1452 1557 1521 quidem
1592 1452 1658 1506 ad
1702 1452 2130 1507 manifestiorem

568 1545 727 1613 hujus
760 1547 958 1599 ostenti
994 1543 1420 1599 declarationem
1463 1544 1676 1608 attinet,
1709 1543 1853 1597 nulla
1890 1552 1973 1598 est
1998 1542 2134 1597 dim-

562 1635 760 1688 cultas.
825 1634 1128 1689 Maledictio
1170 1634 1312 1689 enim
1364 1635 1543 1689 divina
1588 1634 1734 1689 fures
1786 1644 1838 1689 et
1882 1649 2001 1689 cum
2047 1636 2130 1690 his

564 1727 803 1796 pejerare
849 1724 1039 1781 solitos
1083 1725 1240 1795 plane
1284 1726 1592 1793 occupabit,
1638 1735 1693 1779 et
1742 1724 2126 1795 propemodum

559 1818 696 1874 falce
718 1827 1002 1887 protervos
1025 1817 1325 1881 demetens,
1346 1816 1527 1869 fenum
1554 1824 1813 1870 tectorum
1836 1817 2021 1870 reddet
2041 1817 2085 1848 ⁶¹
2108 1858 2124 1884 ,
2158 1798 2201 1858 Β

548 1919 613 1964 et
640 1909 748 1978 igni
769 1908 1085 1961 alimentum
1114 1906 1283 1971 dabit,
1308 1915 1363 1958 et
1391 1906 1442 1958 in
1483 1906 1697 1958 domum
1730 1905 1830 1958 viri
1862 1908 2121 1973 ingressa,

564 1998 723 2051 talem
759 2009 948 2050 rursus
983 1995 1169 2062 ipsum.
1204 1993 1478 2057 conﬁciet,
1525 2002 1579 2047 et
1617 1994 1839 2061 agitabit
1885 2004 2122 2049 strenue.

560 2091 769 2144 Censeo
812 2101 973 2155 porro
1019 2099 1212 2140 causas
1263 2085 1577 2153 proﬁciendi
1629 2085 1807 2139 studio
1857 2087 2124 2141 curiosius

544 2179 1004 2250 ,perscrutandas,
1035 2177 1104 2231 ob
1140 2192 1276 2247 quas
1307 2192 1545 2246 praesens
1573 2191 1735 2245 quam
1782 2176 1833 2229 in
1881 2179 2127 2233 manibus

554 2274 831 2328 .habemus
864 2271 1002 2326 visio
1041 2270 1253 2325 caeteris
1296 2269 1506 2340 adjungi
1546 2267 1752 2323 debuit.
1797 2266 1973 2333 Quare
2022 2270 2127 2339 (in-

562 2364 715 2432 quiet
749 2358 940 2430 aliquis
966 2360 1250 2430 aequitatis
1296 2360 1686 2425 studiosorum)
1729 2372 1850 2411 cum
1893 2358 2123 2427 plurima

558 2463 782 2525 peccata
813 2454 1285 2508 committerentur
1323 2451 1376 2504 in
1418 2452 1549 2513 vita,
1589 2460 1642 2504 et
1684 2460 1795 2503 tum
1830 2451 1919 2503 ﬁlii
1960 2450 2127 2504 Israel

559 2543 788 2595 diversis
826 2554 885 2595 se
927 2540 1250 2595 criminibus
1287 2540 1798 2607 commaculassent,
1834 2540 1962 2594 solis
1996 2539 2126 2593 furi-

558 2635 658 2687 bus
703 2640 757 2685 et
804 2629 1038 2700 perjuris
1092 2628 1415 2697 supplicium
1478 2629 1627 2684 falcis
1660 2630 1928 2698 ingruisse
1971 2630 2122 2695 dicit,

558 2723 673 2775 sive
713 2721 896 2791 egredi
939 2720 1395 2784 maledictionem,
1440 2720 1821 2775 detondentem
1863 2736 1997 2789 quos
2022 2722 2127 2775 .de-

560 2812 925 2883 prehenderit,
966 2821 1021 2865 et
1044 2820 1451 2866 consumentem
1486 2796 1747 2880 penitus?
1780 2814 1862 2867 Ad
1886 2813 2002 2867 haec
2040 2828 2121 2867 τοι

568 2904 916 2970 spondemus,
942 2904 1109 2957 Deum
1150 2901 1377 2971 singulis
1416 2902 1742 2970 temporibus
1766 2903 2124 2957 conducentia

560 2995 797 3049 locutum
856 3007 980 3047 esse
1029 3006 1123 3061 per
1173 2992 1464 3061 prophetas
1514 3000 1730 3047 sanctos
1784 2993 2125 3045 audientibus

556 3099 768 3154 semper
800 3083 1194 3139 consulentem.
1230 3080 1326 3134 lllo
1364 3082 1528 3151 igitur
1556 3091 1795 3152 tempore
1824 3084 2126 3137 viventibus

556 3179 694 3229 hanc
725 3174 988 3228 visionem
1020 3171 1258 3225 maxime
1288 3180 1470 3224 notam
1505 3186 1628 3225 esse
1656 3173 1961 3239 Oportebat.
1988 3172 2123 3223 Cau-

556 3282 642 3323 sas
670 3264 1040 3332 subjiciemus,
1066 3272 1119 3317 et
1141 3262 1653 3332 opportunissimam
1683 3263 1855 3318 fuisse
1891 3266 2117 3318 demon-

553 3358 864 3412 strabimus.
898 3354 1110 3407 Etenim
1142 3356 1300 3407 simul
1327 3364 1487 3423 atque
1515 3354 1767 3408 Chaldzea
1820 3356 2031 3419 relicta,
2067 3365 2123 3409 et

557 3466 585 3500 ιι
612 3449 741 3516 jugo
786 3445 1068 3500 servitutis
1098 3443 1352 3496 vindicati
1382 3443 1636 3498 Israelita
1667 3447 1719 3499 in
1762 3445 1999 3500 Judaeum
2032 3461 2121 3499 re-

556 3546 856 3602 verterunt,
896 3533 1431 3600 Hierosolymamqne
1478 3544 1823 3603 receperunt,
1870 3552 1990 3590 cum
2030 3551 2122 3590 eos

559 3629 831 3683 veteribus
872 3626 976 3679 illis
1010 3624 1219 3679 delictis
1253 3624 1468 3679 modum
1499 3639 1722 3691 ponere,
1755 3635 1807 3681 et
1849 3642 2122 3695 regressus

553 3721 621 3776 ad
654 3719 912 3774 salutaria
938 3758 953 3783 ,
1006 3726 1255 3771 anteacta
1302 3718 1611 3783 emendare,
1661 3726 1714 3770 et
1754 3717 2119 3784 liberatorem,

554 3812 809 3866 voluntati
829 3812 945 3878 ejus
975 3808 1268 3863 serviendo
1306 3822 1553 3862 recreare
1579 3811 1913 3884 conveniret,
1933 3810 2121 3866 nihilo-

554 3902 751 3967 minus.
780 3901 832 3954 in
868 3900 1075 3954 scelere
1106 3898 1544 3967 perseverabant,
1603 3900 1912 3969 praescripta
1945 3900 2119 3970 legum

528 3995 724 4050 ‘libere
749 3992 1028 4047 violantes.
1067 3990 1199 4044 Nam
1241 4006 1361 4045 cum
1388 3991 1647 4044 vetuisset
1675 3992 1848 4045 Moses
1877 3992 2119 4063 conjugia

518 4100 675 4139 .cum
718 4081 1044 4151 alienigenis
1090 4081 1413 4135 mulieribus
1438 4080 1482 4111 “
1508 4119 1523 4147 ,
1565 4080 1640 4134 illi
1678 4081 1837 4148 hujus
1882 4083 2117 4138 mandati

552 4175 750 4243 securi,
784 4190 905 4229 cum
936 4172 1150 4228 ﬁliabus
1179 4172 1477 4227 vicinarum
1506 4171 1743 4241 gentium
1768 4188 1996 4242 corpora
2030 4187 2118 4228 co-

524 4269 827 4335 ,pulabant,
887 4266 1300 4334 alienorumque
1359 4264 1649 4319 liberorum
1701 4273 1881 4334 patres
1922 4262 2118 4319 elﬁcie-

550 4361 767 4423 bantur,
799 4365 851 4411 et
879 4357 1097 4427 insuper
1131 4364 1375 4411 sanctam
1404 4358 1679 4412 civitatem
1714 4356 1879 4427 impio
1910 4357 2118 4411 semine

2242 546 2329 601 ἐπὶ
2372 544 2601 613 θεωρίαν
2645 544 2857 613 ἑτέραν,
2892 541 2969 611 τῷ
3004 541 3103 611 τῆς
3138 538 3471 609 ἐπιστροφῆς
3504 538 3727 606 ὀνόματι
3760 540 3825 590 τὸ

2244 631 2459 700 συμϐὰν
2508 632 2817 696 ὑποφαίνει.
2849 629 3003 700 Αίρει
3045 629 3222 682 τοίνυν
3259 630 3339 690 εἰς
3372 626 3504 695 ὕψος
3552 627 3671 696 τῆς
3702 626 3822 680 δια-

2241 722 2386 785 νοίας
2422 723 2547 784 τοὺς
2580 722 2926 790 ὀφθαλμοὺς,
2966 716 3084 772 εἶτα
3126 719 3391 789 δρέπανον
3432 719 3569 788 ὁρᾷ,
3614 716 3820 785 πτηνοῦ

2238 812 2416 883 δίκην,
2448 812 2583 882 ὑψοῦ
2625 830 2684 865 τε
2710 812 2969 884 ἠρμένον,
2999 812 3095 864 καὶ
3130 807 3242 863 οἷον
3280 812 3358 871 εἰς
3397 810 3577 862 πᾶσαν
3607 808 3822 879 διᾷττον

2236 903 2336 974 τὴν
2368 905 2491 973 γῆν.
2516 899 2623 956 Ἦν
2656 904 2711 956 δέ
2760 903 2825 973 δὴ
2854 902 2973 955 λίαν
3012 899 3144 972 εὐρύ
3190 917 3250 953 τε
3294 899 3387 952 καὶ
3419 897 3683 968 εὖμηκες.
3719 898 3817 950 El-

2238 996 2524 1064 κοσάπηχυ
2556 994 2657 1064 μὲν
2688 993 2793 1064 γὰρ
2820 992 2882 1045 τὸ
2914 992 3084 1063 μῆκος
3111 990 3278 1061 αὐτῷ,
3305 992 3362 1043 ἐν
3393 989 3581 1061 ἡμίσει
3604 988 3663 1042 δὲ
3693 987 3817 1041 τού-

2235 1102 2328 1139 του
2357 1085 2418 1138 τὸ
2451 1084 2673 1149 πλάτος.
2711 1084 3004 1156 Ἐρομένου
3038 1082 3095 1135 δέ
3124 1081 3218 1134 τοῦ
3258 1080 3514 1149 ἀγγέλου,
3544 1080 3597 1131 τί
3632 1078 3697 1132 ἂν
3726 1078 3816 1147 εἴη

2237 1176 2431 1241 πάλιν,
2480 1176 2575 1229 καί⁵
2624 1176 2701 1246 μὴ
2749 1175 2949 1229 εἰδέναι
3000 1173 3298 1242 φάσκοντος
3347 1171 3442 1225 τοῦ
3496 1171 3812 1241 προφήτου,

2240 1287 2259 1319 ι
2288 1267 2458 1337 Αὕτη,
2487 1270 2671 1337 φησὶν,
2702 1268 2736 1337 ἡ
2765 1266 2939 1337 ἀρά’ή
2968 1263 3374 1336 ἐκπορευομένη
3405 1262 3498 1315 ἐπὶ
3524 1262 3815 1333 πρόσωπον

2234 1360 2414 1428 πάσης
2446 1362 2543 1430 τῆς
2583 1360 2707 1429 γῆς,
2735 1378 2753 1411 ι
2788 1358 2883 1412 καί
2918 1361 3039 1421 ταῖς
3070 1358 3205 1428 αὐτῇ
3242 1355 3580 1428 πρεπούσαις
3610 1356 3813 1407 ἐνιεῖσα

2234 1454 2443 1514 ποιναῖς
2469 1452 2560 1504 τὸν
2581 1452 2857 1521 ἐπίορκον,
2888 1450 2980 1503 καὶ
3010 1449 3105 1503 σὺν
3130 1449 3278 1517 αὐτῴ
3304 1448 3391 1501 τὸν
3422 1446 3681 1516 κλέπτην.
3704 1446 3811 1495 Καὶ

2232 1540 2355 1592 ὅσον
2392 1541 2491 1606 μὲν
2522 1541 2644 1610 ἥκει
2672 1542 2750 1603 εἰς
2778 1538 3188 1609 ἐμφανεστέραν
3232 1536 3464 1607 δήλωσιν
3492 1534 3591 1604 τὴν
3616 1532 3708 1585 ἐπί
3746 1548 3808 1599 γε

2230 1633 2308 1704 τῷ
2335 1633 2681 1703 δεδειγμένῳ,
2706 1633 2962 1705 δυσχερὲς
2989 1632 3159 1686 οὐδέν.
3198 1631 3329 1701 Ἃρά
3356 1629 3463 1698 γάρ
3489 1627 3608 1679 θεία
3634 1626 3805 1694 πάντη

2230 1741 2290 1777 τε
2324 1725 2418 1777 καὶ
2452 1724 2669 1787 πάντως
2714 1725 3225 1795 κατανεμηθήσεται
3255 1724 3381 1785 τοὺς
3414 1720 3673 1785 κλέπτας,
3714 1718 3808 1771 καὶ

2229 1816 2451 1887 προσέτι
2500 1816 2597 1869 σὺν
2642 1814 2851 1879 τούτοις
2898 1816 3021 1877 τοὺς
3060 1815 3378 1885 ψευδορκείν
3427 1812 3684 1873 εἰωθότας
3717 1812 3808 1864 καὶ

2231 1907 2513 1976 μονονουχὶ
2538 1906 2788 1977 δρεπάνῳ
2818 1907 2943 1968 τοὺς
2975 1905 3235 1976 ὑϐριστὰς
3262 1903 3646 1974 ἀποκείρουσα,
3678 1902 3805 1972 χόρ-

2227 2012 2316 2049 τον
2342 1997 2607 2064 ἀποφανεῖ
2628 1996 2912 2065 δωμάτων,
2940 1996 3033 2048 καὶ
3063 1996 3195 2064 πυρί
3242 1994 3432 2047 *δώσει
3459 1995 3684 2063 τροφὴν,
3711 1994 3805 2045 καὶ

2228 2088 2308 2147 εἰς
2337 2082 2483 2140 οἰκον
2532 2086 2722 2157 ἀνδρὸς
2767 2086 3066 2152 εἰσελῶσα,
3100 2085 3343 2139 τοιοῦτον
3390 2084 3699 2139 συντελέσει
3746 2103 3803 2137 τε

2228 2176 2388 2229 πάλιν
2424 2177 2608 2239 αὑτὸν,
2656 2179 2749 2231 καὶ
2793 2178 3147 2247 καταδονήσει
3194 2176 3476 2245 γεννικῶς.
3510 2176 3723 2247 Χρῆναι
3751 2176 3803 2229 δέ

2227 2264 2377 2337 οἶμαι
2416 2268 2725 2338 φιλομαθῶς
2755 2269 3225 2340 πολυπραγμονεῖν
3251 2269 3349 2331 τὰς
3380 2269 3574 2333 αἰτίας,
3609 2270 3695 2336 ἐφ’
3719 2264 3803 2330 αἶς

2228 2358 2259 2427 ἡ
2292 2356 2560 2428 παροῦσα,
2588 2359 2682 2410 καί
2711 2360 2767 2409 ὲν
2800 2359 2985 2428 χεροῖν
3032 2361 3163 2427 ἡμῖν
3192 2360 3399 2427 ὅρασις,
3426 2358 3501 2421 ὡς
3535 2357 3803 2426 ἀναγκαία

2225 2452 2343 2512 ταῖς
2372 2449 2557 2511 ἄλλαις
2587 2450 3107 2519 συνεισκεκόμισται.
3149 2450 3287 2501 Ἀνθ’
3309 2450 3431 2503 ὅτου
3457 2449 3534 2510 δὲ,
3562 2449 3697 2518 φαίη
3720 2464 3801 2509 τις

2226 2540 2292 2592 ἂν
2337 2539 2444 2593 τῶν
2478 2541 2912 2611 ἐπιεικεστέρων,
2948 2541 3214 2593 πλείστων
3262 2557 3321 2592 τε
3364 2540 3502 2592 ὅσων
3544 2539 3800 2609 πλημμε-

2226 2629 2479 2699 λημάτων
2524 2633 2692 2686 ὄντων
2740 2633 2881 2686 κατά
2923 2633 3014 2684 τὸν
3075 2630 3207 2699 βίον.
3252 2632 3346 2683 καὶ
3388 2631 3493 2700 μὴν
3526 2632 3581 2682 ἐν
3619 2628 3801 2697 διαφό-

2227 2736 2341 2790 ροις
2373 2720 2540 2774 ὄντων
2572 2722 2912 2791 αἰτιαμάτων
2945 2721 3006 2774 τὸ
3034 2720 3291 2791 τηνικάδε
3317 2721 3424 2773 τῶν
3461 2720 3519 2784 ἐξ
3565 2719 3799 2790 Ἰσραὴλ.

2226 2810 2368 2863 κατά
2399 2811 2571 2880 μόνων
2600 2811 2846 2865 κλεπτῶν
2873 2829 2932 2864 τε
2954 2811 3049 2864 καὶ
3076 2810 3418 2881 ψευδομοτῶν
3459 2809 3555 2880 τὴν
3582 2809 3669 2862 διὰ
3706 2809 3801 2862 τοῦ

2225 2900 2489 2972 δρεπάνου
2538 2903 2728 2975 ποινὴν
2778 2902 3117 2975 ἐπηρτῆσθαί
3173 2903 3573 2975 φησιννῆγουν
3635 2902 3801 2953 ἐκπο-

2231 2991 2479 3062 ρεύεσθαι
2503 2974 2786 3064 τὴν-ἀρὰν,
2818 2974 3218 3065 ἁπνοκείρουσαν
3242 2974 3799 3062 τοὺξάλισκομένους,

2229 3086 2322 3137 καὶ
2362 3086 2713 3140 συντελοῦσαν
2748 3088 2825 3150 εἰς
2857 3086 3039 3153 anew;
3074 3086 3216 3157 Πρὸς
3246 3085 3308 3156 δὴ
3340 3086 3408 3137 τὰ
3435 3084 3661 3140 τοιαῦτά
3698 3102 3802 3154 φα»

2230 3192 2349 3244 μεν,
2381 3177 2460 3229 ὅτι
2498 3176 2566 3230 τὰ
2602 3176 2815 3247 ἑκάστῳ
2863 3180 3109 3247 χρήσιμα
3142 3175 3320 3246 καιρῷ
3351 3175 3439 3229 διὰ
3486 3176 3595 3229 τῶν
3633 3176 3802 3244 ἁγίων

2227 3267 2515 3337 προφητῶν
2542 3267 2718 3320 ἐλάλει
2740 3268 2892 3330 Θεὸς,
2920 3267 3005 3320 ἀεί
3035 3283 3150 3328 πως
3179 3266 3401 3334 ὠφελῶν
3429 3264 3554 3327 τοὺς
3582 3264 3809 3319 ἀκούονδ

2222 3375 2339 3420 τας.
2380 3354 2487 3410 ’Ἦν
2530 3354 2623 3411 οὖν
2674 3361 2965 3426 ἀναγκαῖον
3002 3360 3114 3420 τοῖς
3152 3357 3212 3410 τὸ
3258 3356 3509 3425 τηνικάδε
3565 3356 3800 3426 μάλιστα

2222 3446 2425 3515 ταύτην
2472 3446 2619 3516 σαφῆ
2672 3445 2930 3514 γενέσθαι
2974 3446 3072 3516 τὴν
3117 3446 3325 3517 ὅρασιν.
3376 3443 3695 3510 Ἐποίσομεν
3740 3444 3799 3497 δέ

2222 3536 2319 3598 τὰς
2347 3536 2543 3598 αἰτίας,
2576 3536 2998 3606 ἐπικαιροτάτην
3025 3531 3188 3589 οὖσαν
3217 3535 3538 3595 δεικνύντες.
3575 3532 3801 3603 Ἐπειδὴ

2222 3624 2330 3694 γὰρ
2359 3624 2454 3696 τὴν
2488 3626 2595 3679 τῶν
2623 3628 2903 3680 Χαλδαίων
2932 3628 3159 3696 ἀφέντες
3192 3628 3341 3698 μόλις
3377 3627 3425 3679 οἰ
3457 3624 3516 3689 ἐξ
3554 3623 3798 3695 Ἰσραὴλ,

2224 3716 2317 3767 καί
2364 3717 2454 3769 τὸν
2504 3719 2603 3787 τῆς
2649 3718 2889 3780 δουλείας
2930 3718 3330 3787 ἀπολυσάμενοι
3372 3715 3557 3784 ζυγὸν,
3603 3714 3798 3768 ἀπενό-

2223 3822 2425 3877 στησαν
2452 3809 2531 3870 εἰς
2570 3808 2673 3878 τὴν
2709 3808 2987 3875 Ἰουδαίαν,
3018 3810 3110 3862 καὶ
3153 3804 3290 3879 ἦσαν
3320 3809 3377 3859 ἐν
3416 3809 3529 3869 τοῖς
3573 3805 3800 3876 Ἱεροσο-

2220 3897 2432 3967 λύμοις,
2465 3898 2582 3953 δέον
2611 3900 2908 3972 ἀπέχεσθαι
2939 3900 3049 3954 τῶν
3079 3902 3319 3971 ἀρχαίων
3348 3900 3571 3953 ἐκείνων
3613 3897 3796 3967 πλημ-

2224 3991 2356 4062 μελη
2366 3993 2568 4061 μάτων,
2595 3994 2687 4047 καὶ
2716 3997 2834 4059 ταῖς
2856 3997 2934 4058 εἰς
2955 3995 3016 4047 τὸ
3041 3995 3261 4065 ἄμεινον
3283 3993 3614 4064 ἀναδρομαῖς
3638 3993 3803 4045 ἐπαν-

2220 4084 2409 4153 ορθοῦν
2439 4102 2496 4137 τε
2543 4086 2611 4138 τὰ
2644 4086 2946 4156 φθάσαντα,
2990 4086 3082 4138 ml.
3119 4085 3538 4155 κατευφραίνειν
3569 4082 3663 4136 τὸν
3704 4082 3796 4134 λυ-

2218 4173 2450 4244 τρωτὴν,
2480 4176 2548 4228 τὰ
2568 4175 2716 4245 αὐτῷ
2739 4175 2997 4229 δοκοῦντα
3024 4172 3262 4244 πληροῦν
3287 4171 3614 4244 ᾑρημένους,
3641 4170 3793 4224 οὐδὲν

2218 4258 2378 4335 ἦττον
2402 4261 2541 4336 ἦσαν
2570 4269 2741 4319 ὁποῖοι
2771 4265 2862 4319 καί
2890 4282 3041 4329 ποτε,
3072 4263 3440 4335 παραλύοντες
3467 4262 3795 4332 ἀφυλάκτως

2218 4356 2278 4408 τὸ
2301 4355 2376 4427 τῷ
2413 4357 2560 4427 νόμῳ
2592 4357 2800 4412 δοκοῦν.
2836 4359 3267 4427 Ἀποφάσκοντος
3293 4356 3400 4427 γὰρ
3431 4355 3524 4408 τοῦ
3549 4355 3790 4416 Μωσέως

556 4450 853 4518 replebant.
884 4449 1061 4500 Erant
1092 4461 1257 4514 porro
1291 4448 1505 4515 quidam
1544 4450 1685 4501 inter
1716 4447 1835 4502 illos
1876 4449 2113 4503 honora-

2226 4446 2278 4499 τὸ
2305 4448 2411 4500 δεῖν
2434 4448 2629 4511 αὐτοὺς
2654 4447 2968 4517 ἀλλοφύλοις
2992 4447 3379 4517 ἐπιμίγνυσθαι
3405 4444 3673 4515 γυναιξὶν,
3697 4444 3793 4495 αύ-

551 4542 717 4591 tiores
751 4538 819 4591 ab
860 4535 1227 4603 hujuscemodi
1257 4536 1465 4604 piaculo
1499 4538 1639 4590 haud
1668 4538 1952 4603 immunes,
1977 4538 2118 4606 quod

550 4629 760 4682 Esdras
790 4624 1054 4691 deﬂebat;
1083 4626 1213 4693 quin
1254 4634 1307 4678 et
1333 4626 1596 4680 accedens
1643 4626 1708 4678 ad
1751 4626 1984 4680 divinam
2022 4627 2118 4680 do-

549 4732 695 4771 mum
731 4730 828 4785 pro
865 4716 1046 4784 impiis
1082 4713 1338 4769 fundebat
1369 4728 1576 4783 preces.
1605 4713 1771 4786 696
1808 4715 1943 4780 Quid
1975 4724 2118 4784 post-

548 4808 769 4862 modum
800 4806 1065 4869 evenerit,
1102 4819 1168 4859 ex
1203 4804 1418 4873 scriptis
1447 4804 1565 4873 ejus
1595 4819 2004 4872 cognoscemus,
2028 4807 2117 4860 ubi

540 4900 623 4953 ita
652 4899 880 4967 legimus
909 4914 923 4950 :
958 4917 977 4948 ι
1010 4897 1073 4949 Ει
1105 4904 1385 4965 postquam
1414 4910 1576 4950 orans
1602 4895 1801 4950 Esdras
1826 4898 1967 4966 quod
2000 4906 2117 4950 erat

548 4990 953 5063 exposuit'ﬂens
996 5001 1049 5046 et
1086 4991 1233 5045 humi
1269 4994 1465 5045 cadens
1516 5006 1700 5044 coram
1738 4990 1954 5059 templo,
2005 4991 2113 5043 col-

548 5085 674 5139 lecti
707 5093 834 5138 sunt
866 5082 932 5136 ad
965 5095 1084 5135 eum
1118 5082 1185 5136 ab
1217 5080 1602 5149 Hierosolymis
1636 5081 1803 5135 turbm
1826 5080 2004 5134 multa:
2039 5082 2117 5133 ni-

551 5173 792 5237 mis,viri
820 5182 875 5228 et
904 5173 1154 5228 mulieres
1201 5181 1257 5225 et
1283 5172 1689 5227 adolescentes:
1725 5188 1951 5242 magnus
1972 5173 2114 5226 enim

549 5262 847 5319 erat'ﬁetus
887 5265 939 5318 in
965 5264 1179 5333 populo.
1201 5262 1266 5315 Et
1299 5263 1628 5329 respondens
1657 5260 1943 5317 Jechnnias
1975 5262 2113 5315 ﬁlius

542 5352 681 5409 Jeeli
711 5355 776 5409 de
810 5357 932 5409 ﬁliis
971 5355 1154 5419 Israel,
1193 5354 1328 5407 divit
1357 5352 1538 5407 Esdrm
1573 5373 1585 5407 :
1619 5352 1726 5407 Nos
1768 5353 2111 5422 prmvaricati

540 5460 735 5499 sumus
765 5446 817 5497 in
854 5447 1133 5499 Dominum
1167 5447 1356 5509 Deum,
1402 5455 1451 5500 et
1492 5447 1742 5499 duximus
1788 5447 1942 5499 nobis
1978 5460 2113 5498 uxo-

543 5552 637 5593 res
663 5537 864 5591 alienas
887 5539 951 5591 de
982 5536 1191 5605 populis
1230 5548 1407 5603 terrm,
1440 5546 1492 5591 et
1530 5538 1805 5591 cohabitat
1840 5538 1943 5589 illis
1993 5550 2113 5589 om-

2219 4538 2300 4591 τοί
2337 4538 2442 4592 τῶν
2480 4538 2914 4607 τεθεσπισμένων
2964 4536 3119 4605 ὀλίγα
3167 4536 3623 4606 πεφροντικότες,
3670 4537 3791 4595 ταῖς

2217 4627 2325 4679 τῶν
2350 4628 2560 4698 ὁμόρων
2598 4626 2767 4681 ἐθνῶν
2806 4626 3193 4679 συνεπλέκοντο
3223 4625 3542 4694 θυγατράσι,
3572 4624 3665 4677 καὶ
3699 4624 3789 4675 τέ-

2220 4733 2360 4768 κνων
2396 4713 2533 4787 ἦσαν
2567 4717 2861 4788 ἀλλοτρίων
2908 4715 3175 4785 πατέρες,
3223 4716 3315 4767 καὶ
3357 4715 3567 4768 ἀνοσίου
3622 4713 3794 4783 σπέρη

2223 4824 2388 4876 ματος
2431 4808 2608 4877 πλήρη
2657 4808 2815 4862 πάλιν
2854 4806 3241 4873 ἀποφαίνοντες
3285 4806 3383 4875 τὴν
3416 4806 3574 4874 ἁγίαν
3610 4805 3787 4857 πόλιν.

2220 4893 2400 4949 Ἦσαν
2425 4897 2479 4949 δέ
2509 4916 2653 4960 τινες
2681 4900 2773 4951 καὶ
2799 4899 2905 4950 τῶν
2930 4899 2984 4948 ἐν
3009 4897 3190 4959 αὐτοῖς
3217 4896 3655 4967 ἐπιφανεστέρων
3678 4898 3789 4957 τοῖς

2220 4988 2477 5048 τοιούτοις
2516 4989 2853 5059 ἐνισχημένοι
2894 4988 3256 5057 πταίσμασιν,
3298 4981 3358 5039 οὗ
3396 4986 3458 5057 δὴ
3506 4985 3794 5053 γεγονότος

2223 5080 2540 5147 κατεθρήνει
2573 5080 2669 5149 μὲν
2695 5080 2721 5130 ὁ
2746 5079 2999 5147 Ἔσδρας,
3031 5078 3124 5130 καὶ
3152 5077 3213 5145 δὴ
3238 5078 3330 5129 καὶ
3354 5077 3443 5129 τὸν
3473 5076 3614 5128 θεῖον
3643 5072 3792 5128 οίκςν

2224 5169 2563 5233 καταλαϐὼν,
2610 5169 2705 5231 τὰς
2755 5169 2893 5239 ὑπέρ
2936 5187 2998 5237 γε
3030 5169 3136 5221 τῶν
3170 5168 3515 5238 ἠσεϐηκότων
3554 5168 3794 5220 ἐποιεῖτο

2220 5258 2389 5320 λιτάς.
2418 5256 2549 5311 Εἶτα
2583 5259 2633 5310 τί
2675 5259 2923 5327 γενέσθαι
2953 5258 3317 5328 συμϐέϐηκεν,
3352 5260 3411 5321 ἐξ
3442 5259 3619 5313 αὐτῶν
3650 5260 3795 5310 elad-

2220 5350 2359 5419 μεθα
2400 5350 2506 5403 τῶν
2539 5350 2685 5419 αύτῴ
2722 5352 3146 5421 γεγραμμένων·
3181 5351 3292 5421 ἔχει
3330 5352 3383 5403 δὲ
3418 5350 3590 5404 οὕτω·
3633 5370 3651 5402 ι
3685 5353 3797 5403 Καὶ

2219 5442 2306 5493 ὅτε
2354 5441 2779 5512 προσευχόμενος
2808 5443 3040 5513 Ἔσδρας
3083 5442 3530 5512 ἀνθωμολογεῖτο,
3565 5441 3794 5507 κλαίων,

2221 5533 2564 5603 χαμαιπετὴς
2616 5534 2922 5605 ἔμπροσθεν
2971 5533 3064 5586 τοῦ
3121 5534 3298 5605 ἱεροῦ,
3350 5534 3797 5605 ἓπισυνήχθηταν

608 5692 658 5783 δ”
703 5710 844 5765 Psal.
884 5726 1107 5777 cxxvrtt,
1152 5712 1203 5763 6.
1285 5712 1327 5741 ⁶²
1369 5712 1535 5764 Exod.
1581 5726 1761 5779 xvxrv,
1808 5710 1872 5765 16
1913 5726 1926 5774 ;
1978 5710 2124 5763 Deut.

2234 5725 2267 5773 ι,
2312 5709 2342 5761 '5
2396 5723 2547 5779 seqq.
