4080 6284
334 390 400 448 st
482 350 486 358 ’
1186 394 1744 460 COMMENTARIUS
1787 406 1849 459 IN
1892 408 2290 468 ZACllARlAM
2329 415 2775 480 ruopneran.
3535 452 3601 506 8.2

339 507 477 577 πρὸς
505 507 668 562 αὑτὸν
705 507 811 562 ἀπὸ
843 509 1231 584 Ἰεροσολύμων
1273 516 1418 586 ὄχλοι
1467 520 1649 575 πολλοὶ
1680 525 1883 597 σφόδρα

1993 586 1994 590 η
2026 533 2108 585 nis
2144 533 2331 590 Israel.
2358 538 2417 591 ln
2461 538 2563 594 hoc
2591 544 2959 609 percutiamus
2999 548 3174 605 fmdus
3213 567 3332 607 cum
3373 556 3598 613 Domino

337 598 548 666 ἄνδρες,
582 601 672 652 καὶ
701 604 975 667 γυναῖκες,
1008 604 1102 658 καὶ
1131 608 1372 661 νεανίαι·
1412 612 1685 684 κλαυθμὸς
1717 617 1826 689 γάρ
1854 615 1921 689 ἦν

340 689 515 758 μέγας
545 691 601 743 ὲν
643 691 721 762 τῷ
753 692 966 763 πλήθει.
1000 695 1111 748 Καὶ
1145 700 1402 770 φωνήσας
1438 703 1689 774 Ἰεχονίας
1722 708 1919 778 Ἰεήλου

335 778 443 831 τῶν
474 780 604 834 υίῶν
636 783 851 855 Ἰσραὴλ
881 779 1031 839 εἶπεν
1057 788 1261 861 Ἔσδρᾳ
1280 808 1292 821 ·
1326 811 1344 843 ι
1386 793 1575 865 Ἡμεῖς
1599 800 1920 872 ἡμάρτομεν

338 873 415 933 είς
458 872 658 943 Κύριον
688 875 779 927 τὸν
829 875 984 944 Θεὸν,
1026 880 1120 932 καὶ
1153 884 1532 957 συνῳκίσαμεν
1572 891 1785 957 ἑαυτοῖς
1820 911 1918 963 γυ-

338 964 526 1024 ναῖκας
560 963 865 1033 ἀλλογενεῖς
891 968 999 1021 ἀπὸ
1026 972 1135 1024 τῶν
1164 972 1334 1027 ἐθνῶν
1362 976 1462 1045 τῆς
1495 979 1626 1049 γῆς,
1660 984 1753 1036 καὶ
1795 985 1918 1039 σύν-

332 1063 481 1100 εστιν
512 1049 701 1113 αύταῖς
733 1056 840 1116 πᾶς
878 1055 1114 1128 Ἰσραήλ.
1157 1061 1245 1114 Ἐν
1285 1064 1461 1137 τούτῳ
1494 1071 1736 1136 γενέσθω
1785 1076 1917 1145 ἡμῖν

330 1137 647 1208 ὁρκωμοσία
690 1143 824 1211 πρὸς
862 1144 952 1197 τὸν
1000 1147 1229 1219 Κύριον,
1284 1153 1534 1210 ἐκϐαλεῖν
1587 1162 1765 1227 πάσας
1806 1137 1917 1229 ἰτὰς

331 1232 598 1296 γυναῖκας
655 1234 833 1303 ήμῶν,
894 1237 993 1301 τὰς
1039 1242 1103 1293 ὲκ
1139 1243 1248 1295 τῶν
1295 1246 1622 1316 ἀλλογενῶν,
1672 1255 1767 1307 σὺν
1805 1260 1916 1321 τοῖς

327 1317 542 1384 τέκνοις
571 1322 773 1387 αὐτῶν,
808 1325 882 1389 ὼς
919 1329 1115 1402 ἐκρίθη
1153 1335 1237 1387 σοι
1268 1336 1359 1389 καὶ
1392 1339 1505 1393 ὅσοι
1558 1317 1912 1415 πειθαρχοῦσι

330 1407 410 1478 τῷ
435 1409 605 1481 νόμῳ.
641 1411 895 1481 Ἀνάστα,
922 1418 1181 1473 ἐπιτέλειο
1208 1424 1343 1495 πρὸς
1365 1426 1423 1479 σὲ
1448 1427 1555 1500 γὰρ
1576 1430 1637 1482 τὸ
1659 1407 1909 1503 πράγμα,

330 1501 425 1552 καὶ
465 1503 627 1571 ἡμεῖς
662 1505 798 1573 μετὰ
833 1506 925 1560 σοῦ
959 1511 1109 1580 ἰσχὺν
1145 1517 1332 1568 ποιεῖν.
1378 1518 1486 1570 Καὶ
1515 1520 1753 1586 ἀναστὰς
1781 1501 1912 1577 Ἕσ-

328 1590 482 1661 δρας,
519 1594 721 1667 ὥρκισε
753 1599 881 1662 τοὺς
912 1602 1221 1675 φυλάρχους
1248 1606 1356 1661 τῶν
1387 1611 1598 1681 ἱερέων,
1630 1616 1725 1668 καὶ
1757 1618 1911 1669 Λευῖ-

328 1686 437 1740 τῶν
472 1691 670 1755 παντὸς
705 1690 920 1764 Ἰσραὴλ
963 1698 1182 1768 ποιῆσαι
1226 1701 1367 1756 κατά
1397 1704 1589 1771 ταῦτα,
1638 1709 1733 1761 καλ⁹
1761 1709 1907 1780 ὡμο-

329 1795 447 1834 σαν.
480 1800 499 1832 )
542 1784 889 1856 Ὀμωμοκύσι
919 1788 982 1860 δὴ
1012 1785 1105 1843 οῦν
1134 1790 1212 1860 τῷ
1260 1793 1415 1864 νόμῳ
1463 1796 1727 1852 δοκοῦντα
1773 1800 1912 1872 πλη-

328 1870 474 1940 ροῦν,
515 1868 582 1945 ἦν
620 1893 737 1939 πως
770 1880 1066 1947 ἀναγκαῖον
1104 1883 1412 1953 ὲπαρτῆσαι
1450 1886 1551 1957 τὴν
1601 1889 1761 1957 ἀρὰν,
1818 1868 1915 1961 τήν
1946 1903 1988 1956 Β

325 2144 780 2216 οἰκοδομουμένου
836 2151 930 2203 τοῦ
989 2153 1137 2206 θείου
1192 2158 1320 2210 ναοῦ
1373 2159 1539 2232 πολλὴ
1611 2166 1907 2235 χρημάτων

324 2228 571 2300 ἄθροισις
609 2229 699 2304 ἦν,
742 2236 898 2291 τοῦτο
936 2240 1033 2310 μὲν
1068 2244 1291 2313 Δαρείου
1327 2228 1811 2318 νέμοντοςξητοῦτο
1843 2256 1899 2308 δὲ

320 2321 417 2372 τοῦ
462 2322 590 2376 λαοῦ
622 2332 1142 2401 προσκεκομικότος,
1174 2331 1293 2390 εἶτά
1325 2354 1479 2403 τινας
1518 2337 1585 2411 ἦν
1617 2344 1764 2408 εἰκὸς
1792 2347 1901 2400 τῶν

316 2411 386 2464 τὰ
430 2415 611 2468 τοιάδε
662 2418 884 2474 διοικεῖν
943 2425 1383 2497 ἐπιτεταγμένων
1445 2433 1902 2505 ἀπονοσφίζεσθαί

316 2519 440 2558 τινα
470 2505 575 2560 τῶν
605 2509 684 2571 εἰς
725 2509 882 2575 δόξαν
914 2514 1050 2568 Θεοῦ
1092 2526 1669 2594 προσκεκομισμένων.
1710 2530 1894 2604 Ταύτῃ

314 2614 396 2650 τοι
432 2601 526 2652 καὶ
568 2604 708 2655 κατά
741 2604 989 2660 κλεπτῶν
1038 2610 1172 2665 ξέναι
1218 2614 1315 2686 τὴν
1352 2617 1491 2688 ἀρὰν
1527 2621 1671 2689 μάλα
1708 2601 1895 2693 φησὶν,

314 2688 402 2741 ἵνα
435 2692 529 2745 καὶ
574 2697 729 2750 αὐτοὶ
781 2700 1084 2770 λημμάτων
1116 2708 1356 2776 αἰσχρῶν
1400 2688 1686 2779 γεγονότες
1719 2688 1895 2787 ἀμεί-ζ

311 2798 468 2847 νους,
509 2786 583 2857 μὴ
625 2789 732 2842 τῶν
775 2793 937 2863 ἱερῶν
975 2794 1226 2850 ἃπτοιντο
1266 2803 1588 2871 χρημάτων,
1636 2809 1716 2872 εἰς
1761 2810 1895 2877 ιδίας

310 2874 453 2929 αὐτὰ
480 2877 823 2949 δαπανῶντες
857 2888 1065 2958 χρείας.
1105 2891 1254 2962 Αῦτη
1298 2895 1397 2963 μὲν
1441 2892 1534 2951 οὖν
1572 2901 1604 2971 ἡ

309 3060 442 3122 Θεὸς
481 3065 549 3117 τά
576 3065 939 3140 διωρισμένα,
985 3077 1079 3129 καὶ
1122 3078 1244 3132 οὔτε
1296 3080 1566 3150 κλεπτῶν,
1609 3088 1731 3141 οὔτε

1668 2902 1769 2971 τῆς
1834 2908 2079 2977 ὁράσεως

308 2967 403 3019 τοῦ
448 2966 709 3037 δρεπάνου
744 2977 914 3046 τομὴν
949 2979 1074 3042 τούς
1112 2997 1172 3033 τε
1216 2982 1527 3058 κλέπτεινή
1569 2989 1887 3064 ψευδορκείν
1925 3002 2117 3057 εἰωθὸτ

2022 623 2088 675 ad
2118 623 2437 691 ejiciendum
2472 645 2661 687 omnes
2700 635 2955 693 mulieres
3001 649 3217 696 nostras
3240 660 3307 697 ex
3345 646 3597 719 alienige-

2021 728 2124 779 ms,
2157 730 2281 770 cum
2318 717 2506 775 liberis
2533 722 2798 791 ipsarum,
2834 736 2893 782 ut
2921 729 3219 799 judicatum
3258 744 3342 789 est
3374 751 3404 790 a
3446 717 3601 803 te,vet

2019 807 2270 862 omnibus
2298 811 2387 879 qui
2425 812 2550 868 huic
2575 814 2679 886 legi
2708 819 3105 890 obtemperant.
3148 825 3341 896 Surge,
3388 828 3493 895 fac,
3531 834 3599 887 ad

2021 904 2073 951 te
2100 898 2243 952 enim
2278 902 2552 971 negotium
2599 908 2861 976 pertinet,
2904 920 2958 966 et
3008 928 3107 969 nos
3155 925 3328 987 tecum
3365 920 3430 973 ad
3470 935 3600 975 con-

2019 992 2347 1050 fortandum.
2382 998 2447 1052 Et
2481 1001 2718 1055 surrexit
2748 1002 2969 1071 Esdras,
3008 1015 3061 1061 et
3093 1007 3365 1075 adjuravit
3394 1012 3598 1080 princi—

2017 1097 2113 1153 pes
2152 1086 2490 1143 sacerdotum
2528 1102 2583 1145 et
2623 1092 2939 1150 Levitarum
2995 1098 3163 1153 totius
3210 1098 3376 1154 Israel
3412 1112 3471 1155 ut
3522 1101 3598 1156 fa-

2018 1184 2206 1227 cerent
2245 1178 2539 1233 secundum
2568 1180 2711 1249 haec;
2755 1183 3154 1253 etjuraverunt
3196 1190 3261 1244 ”.
3297 1209 3315 1242 ι
3344 1191 3475 1246 Cum
3511 1192 3599 1262 ju-
3656 1270 3659 1273 Α

2018 1272 2231 1317 rassent
2276 1264 2441 1335 igitur
2485 1270 2551 1323 de
2593 1270 2771 1340 legum
2816 1276 3052 1332 decretis
3082 1282 3467 1350 exsequendis,
3512 1298 3600 1339 ne-

2016 1356 2313 1410 cessarium
2362 1371 2481 1415 erat
2534 1364 2967 1421 maledictionem
3020 1386 3184 1439 supra
3238 1384 3401 1443 caput
3451 1390 3593 1441 esse,

2014 1460 2136 1514 quae
2175 1449 2424 1516 peierare
2457 1455 2648 1510 solitos
2681 1457 3038 1514 inclementer
3081 1464 3306 1530 invadit,
3346 1477 3403 1521 ut
3438 1468 3594 1537 jura-

2015 1540 2083 1593 tis
2109 1550 2336 1597 starent.
2368 1544 2660 1615 Postquam
2697 1560 2875 1606 autem
2935 1554 3133 1622 templo
3170 1558 3359 1611 divino
3390 1562 3593 1615 exaedi-

2013 1629 2227 1685 ﬁcando
2280 1637 2499 1701 grandis
2534 1643 2760 1708 pecunia
2793 1653 2983 1699 exacta
3028 1656 3135 1711 est,
3184 1651 3377 1716 partim
3434 1653 3595 1707 Dario

2014 1722 2271 1789 donante,
2309 1729 2505 1795 partim
2556 1733 3068 1806 populo,oil"erente,
3116 1741 3411 1796 verisimile
3456 1756 3592 1809 erat,

2010 2192 2220 2235 sacram
2259 2198 2327 2237 ne
2366 2187 2728 2257 attingerent,
2763 2196 2828 2247 ad
2856 2196 3097 2263 privatos
3126 2213 3255 2253 usus
3289 2216 3407 2254 eam
3449 2217 3589 2256 con-

2007 2269 2268 2329 ferentes.
2301 2274 2479 2346 Atque
2531 2280 2646 2336 haec
2695 2285 2921 2341 visionis
2959 2300 3043 2343 est
3092 2292 3327 2346 occasio.
3378 2292 3589 2347 Formi-

2012 2365 2188 2420 danda
2225 2378 2406 2424 autem
2454 2383 2537 2426 est
2586 2374 2894 2433 maledictio
2943 2388 2997 2435 et
3038 2380 3194 2437 falcis
3231 2385 3400 2437 sectio
3442 2384 3587 2441 furto

2009 2464 2065 2510 et
2089 2458 2327 2528 perjurio
2355 2466 2608 2529 assuetis,
2640 2468 2894 2536 quoniam
2924 2470 3066 2528 Deus
3107 2475 3175 2529 ad
3226 2476 3431 2530 exitum
3462 2494 3583 2532 om-

2006 2547 2135 2601 nino
2172 2554 2437 2618 perducet
2471 2570 2589 2625 quae
2624 2559 2884 2628 decrevit,
2915 2573 2970 2618 et
3007 2580 3182 2634 neque
3208 2567 3438 2636 furibus,
3490 2588 3585 2626 nec

2006 2652 2109 2706 que
2138 2640 2259 2697 aliis
2282 2655 2489 2713 parcet.
2537 2647 2663 2704 Odit
2702 2654 2847 2707 enim
2895 2670 3111 2727 semper
3142 2661 3380 2716 divinam
3431 2680 3582 2718 suam

2005 2728 2229 2793 gloriam
2283 2744 2714 2809 contemnentes,
2746 2754 2799 2799 et
2850 2747 3036 2804 animo
3088 2750 3400 2823 inexplebili
3446 2756 3584 2811 nihil

2005 2820 2072 2874 ad
2106 2836 2165 2876 se
2188 2827 2513 2892 pertinentia
2544 2837 3010 2905 concupiscentes.

2143 2919 2437 2988 πρόφασις.
2486 2925 2606 2996 Χρὴ
2647 2926 2703 2980 δὲ
2748 2930 2976 2987 δεδιέναι
3017 2936 3116 3007 τὴν
3142 2937 3303 3010 ἀρὰν,
3348 2941 3443 2993 καὶ
3483 2938 3581 3005 τὴν

2121 3024 2206 3071 ας.
2269 3013 2349 3066 ὅτι
2384 3015 2561 3088 πάντη
2593 3037 2652 3072 τε
2695 3023 2790 3074 καὶ
2828 3026 3048 3091 πάντως
3087 3032 3167 3093 εἰς
3237 3032 3409 3102 πέρας
3445 3030 3581 3085 οἴσει

1774 3093 1881 3162 μὴν
1920 3096 2024 3151 τῶν
2090 3101 2291 3172 ἑτέρων
2352 3109 2619 3176 φείσεται.
2656 3114 2895 3170 Ποιείται
2924 3118 3033 3189 γάρ
3061 3138 3179 3184 πως
3207 3124 3293 3175 ἀεὶ
3318 3139 3582 3178 κατεστυ-

1774 3154 1785 3161 _
1838 3155 1847 3162 ,
2185 3154 2195 3172 ι
2223 3154 2281 3159 --ν
2356 3154 2619 3176 τ-νν--νιυι
2656 3154 2895 3170 “vv-Itum
2935 3154 3033 3189 lay
3068 3154 3176 3184 ιιιυυε
3207 3154 3293 3175 utat-
3322 3154 3578 3178 huncoua-

308 3154 712 3224 γμένους,τους
738 3166 837 3233 τῆς
861 3165 1009 3231 θείας
1030 3170 1191 3224 αὐτοῦ
1253 3179 1729 3246 καταφρονοῦντας
1746 3184 1923 3255 δόξης,
1964 3192 2059 3244 καὶ
2100 3196 2225 3258 τοὺς
2292 3199 2556 3271 ἀπλήστῳ
2590 3204 2785 3277 γνώμῃ
2826 3208 2933 3262 τῶν
2976 3211 3132 3263 οὐδὲν
3178 3214 3360 3278 αὐτοῖς
3407 3232 3578 3287 προσ-

308 3246 549 3287 ῃνόυτ-ωυ
581 3251 897 3287 innantium...

304 3246 549 3318 ηκόντων
581 3251 697 3318 ὲφιε
706 3253 918 3322 μένους.

376 3341 486 3393 Kal
520 3341 783 3408 ἐξῆλθεν
813 3349 845 3398 ό
881 3347 1153 3418 ἅγγελος,
1188 3357 1223 3408 ὀ
1254 3358 1460 3412 λαλῶν
1498 3361 1568 3415 ἐν
1595 3362 1755 3432 ἐμοὶ,
1797 3367 1893 3421 καὶ

376 3445 436 3469 [ρ
478 3432 623 3469 σηιξη
674 3452 771 3469 ηρ.
816 3437 1181 3469 nmmum--.
1216 3447 1305 3469 --τ
1408 3451 1423 3469 ,
1481 3456 1505 3469 η
1566 3456 1584 3469 .
1669 3456 1693 3466 -

2074 3372 2235 3427 Vens.
2285 3375 2403 3431 5-8.
2444 3376 2511 3431 Et
2558 3395 2798 3450 egressus
2836 3396 2915 3440 est
2953 3390 3170 3459 angelus
3212 3397 3304 3460 qui
3328 3398 3575 3469 loqueba-

305 3424 436 3483 εἷπε
474 3432 623 3500 πρός
661 3452 771 3503 με’
816 3437 1181 3510 Ἀνάϐλεψον
1215 3447 1340 3514 τοῖς
1392 3424 1720 3523 ὀφθαλμοῖς
1742 3424 1891 3526 σου,

301 3520 405 3573 καὶ
456 3521 545 3577 τδε
581 3524 649 3578 τὸ
697 3526 1177 3601 ἐκπορευόμενον
1222 3538 1416 3595 τοῦτο.
1465 3520 1782 3601 Καὶνεῖῖιαο
1832 3520 1894 3605 Tl

448 3626 468 3673 ;
498 3612 606 3667 Kal
638 3611 765 3670 εἶπε
785 3635 797 3649 ο
832 3618 1016 3676 Τοῦτο
1044 3626 1110 3678 τὸ
1144 3629 1366 3698 μέτρον
1399 3635 1465 3687 τὸ
1498 3636 1891 3712 ἐκπορευόμε-

306 3718 437 3756 νον.
466 3705 573 3758 Kal
611 3704 809 3763 εἶπεν·
857 3715 1021 3786 Αὕτη
1060 3718 1098 3786 ἠ
1141 3721 1340 3780 ἀδικία
1387 3730 1587 3783 αὐτῶν
1717 3704 1888 3807 πείσῃ

302 3793 379 3862 τῇ
407 3796 501 3865 γῇ.
533 3801 638 3854 Kal
676 3803 804 3857 ἰδοὺ
834 3806 1132 3866 τάλαντον
1152 3819 1446 3883 μολίϐδου
1475 3793 1880 3897 ἐξαιρόμενονι,

301 3884 399 3936 καὶ
437 3887 564 3941 ἰδοὺ
592 3892 746 3960 γυνὴ
788 3896 896 3962 μία
937 3898 1192 3969 ἐκάθητο
1224 3905 1293 3957 ἐν
1312 3908 1481 3975 μέσῳ
1512 3884 1617 3968 τοῦ
1640 3884 1880 3986 ,ιίέτρουί

297 3974 409 4027 Καὶ
457 3974 654 4033 εἶπεν
704 3984 867 4054 Αὕτη
918 3988 1090 4043 ἐστὶν
1123 3994 1161 4060 ἡ
1200 3974 1434 4067 ἀνομία.
1471 4004 1581 4057 Kal
1638 3974 1885 4078 ὲρῤἶψεφὲ

298 4069 493 4137 αὐτὴν
549 4076 638 4138 εἰς
690 4075 886 4144 μέσον
928 4081 1033 4134 τοῦ
1082 4086 1325 4156 μέτρου,
1373 4095 1471 4147 καὶ
1521 4069 1732 4168 ἔρριψε
1771 4069 1883 4159 τὸν

293 4160 468 4214 λίθον
506 4165 609 4218 τοῦ
633 4169 926 4234 μολίϐδου
959 4177 1048 4241 εις
1080 4177 1145 4230 τὸ
1181 4182 1377 4250 στόμα
1418 4160 1631 4257 αὐτῆξι.

365 4254 443 4307 A'.
469 4255 683 4320 Φθάσας
709 4259 866 4331 ἔφην,
896 4265 995 4335 τῆς
1021 4269 1100 4331 είς
1131 4270 1224 4324 τὸν
1254 4277 1542 4349 προφήτην
1560 4254 1879 4355 *σαφηνείας

290 4346 616 4416 ἀρχόμενος,
656 4351 735 4404 ὅτι
795 4356 934 4423 μετά
985 4360 1084 4430 τὴν
1126 4362 1193 4416 ἐκ
1226 4346 1550 4435 Βαϐυλῶνος
1594 4346 1874 4445 ἐπάνοδον,

290 4436 437 4506 ἆπερ
466 4440 524 4490 ὲν
554 4440 630 4509 τῷ
653 4443 829 4513 καιρῷ
848 4446 947 4515 τῆς
975 4450 1352 4521 αἰχμαλωσίας
1376 4460 1667 4529 τέθεινται,
1703 4471 1877 4525 ταῦτα

290 4530 409 4591 τοῖς
454 4528 882 4603 λελυτρωμένοις
938 4541 1230 4610 ἀφηγεῖται
1289 4552 1597 4623 χρησίμως.
1658 4558 1875 4633 Ἐπειδὴ

288 4619 401 4690 γάρ
429 4621 629 4687 αὐτοὺς
653 4624 842 4680 ἐθεᾶτο
867 4619 1423 4707 καταρῤᾳθυμοῦντας
1449 4619 1589 4712 ἀγαν
1612 4647 1704 4702 τοῦ
1732 4619 1869 4724 χρῆξ

286 4730 375 4766 ναι
402 4715 643 4785 πληροῦν
670 4718 739 4773 τά
785 4728 1167 4797 νενομισμένα,
1201 4732 1295 4787 καὶ
1339 4715 1867 4815 ἀποκλίναντας-*μέν
1898 4722 1943 4778 D

282 4805 605 4872 ἀκαθέκτως
639 4811 717 4873 εἷς
740 4829 803 4878 γε
832 4814 891 4866 τὸ
920 4817 1102 4886 σφίσιν
1129 4823 1312 4887 αὐτοῖς
1344 4827 1439 4897 ἡδύ
1473 4846 1532 4883 τε
1565 4834 1658 4886 καὶ
1689 4805 1860 4904 φίλον,

281 4894 441 4963 ὀλίγα
465 4897 521 4949 δὲ
552 4901 831 4965 παντελῶς
859 4904 967 4958 τῶν
1012 4907 1098 4962 διά
1139 4894 1384 4979 Μωσέως
1436 4894 1863 4992 πεφροντικότας

280 4986 463 5055 νόμων
508 4988 921 5059 (συνεπλέκοντο
959 5000 1067 5071 γὰρ
1112 5003 1208 5056 καὶ
1257 4986 1573 5078 ἀλλοφύλοις
1624 4986 1857 5086 γυναιξὶ,

283 5078 381 5132 καὶ
406 5080 505 5151 ἤδη
535 5082 680 5146 τινὲς
722 5085 1026 5158 ὁλοτρόπως
1056 5091 1161 5158 ἔξω
1202 5094 1472 5164 βαίνοντες
1505 5103 1597 5156 τοῦ
1629 5078 1856 5175 εἰκότος,

279 5169 641 5241 ὲτελέσθησαν
691 5176 946 5244 εἰδώλοις,
983 5180 1076 5233 καί
1105 5200 1227 5237 τινα
1272 5188 1407 5258 πρὸς
1440 5192 1650 5257 τούτοις
1687 5169 1857 5267 ἔδρων

276 5259 315 5314 ἃ
357 5260 489 5332 μηδὲ
538 5263 696 5335 θέμις
739 5269 956 5337 εἰπεῖν)·
1004 5271 1310 5343 ἀναγκαίαν
1355 5282 1383 5332 ὸ
1432 5287 1717 5356 προφήτης
1750 5259 1858 5343 τῶν

276 5353 569 5425 δραμάτων
597 5361 829 5413 ποιεῖται
858 5360 957 5433 τὴν
990 5364 1286 5437 ἀφήγησιν,
1323 5371 1388 5424 ἵν’
1418 5353 1613 5428 εἰδεῖεν*
1635 5353 1684 5429 oi
1712 5378 1859 5432 λελυ-

274 5446 545 5515 τρωμὲνοι
595 5450 768 5520 μόλις,
802 5454 1013 5521 ὁποίαις
1043 5458 1342 5531 ἀνθρώπων
1370 5466 1459 5519 καὶ
1482 5468 1655 5537 ἁγίων
1688 5472 1855 5539 ἀγγέ-

274 5534 391 5590 λων
422 5538 591 5606 λιταῖς
618 5544 678 5598 τὸ
704 5550 891 5619 χρῆμα
916 5553 1284 5624 κερδαίνοντες
1311 5559 1483 5628 αὐτοὶ,
1531 5534 1670 5618 κατά
1704 5534 1854 5634 σφῶν

274 5630 649 5699 παραθήγουσι
678 5638 835 5693 πάλιν
857 5642 946 5695 τὸν
974 5644 1078 5697 τῶν
1102 5645 1237 5702 ὅλων
1277 5650 1428 5715 Θεὸν,
1468 5656 1583 5716 ταῖς
1618 5656 1724 5709 τῶν
1758 5662 1853 5727 ἁρ-

341 5805 386 5837 "
422 5803 441 5860 I
481 5806 632 5866 Esdr.
679 5830 728 5873 χ.
778 5817 821 5873 l.
863 5819 913 5871 9.
995 5822 1036 5850 “
1075 5820 1091 5875 Ι
1132 5821 1281 5878 Esdr.
1331 5841 1399 5885 γι.
1452 5828 1467 5880 1
1516 5845 1664 5889 scuti.

1997 3472 2084 3516 tur
2105 3466 2158 3519 in
2190 3483 2288 3533 me,
2314 3479 2362 3522 ει
2387 3471 2525 3524 dixit
2546 3474 2617 3526 ad
2646 3490 2761 3529 me:
2789 3475 3008 3547 Suspice
3033 3484 3194 3538 oculis
3223 3488 3353 3555 tuis,
3388 3466 3433 3545 ει
3459 3496 3574 3550 vide

1991 3558 2117 3625 quid
2146 3568 2222 3611 est
2252 3561 2349 3614 hoc
2384 3565 2524 3632 quod
2549 3568 2836 3635 egreditur.
2877 3570 2947 3624 Et
2985 3573 3138 3629 dixi:
3172 3576 3314 3643 Quid
3346 3585 3467 3636 est?
3503 3584 3572 3639 Et

1991 3650 2163 3702 dixit:
2201 3651 2328 3706 Haec
2369 3665 2448 3708 est
2497 3674 2744 3714 mensura
2785 3678 2902 3731 qua:
2955 3671 3243 3736 egreditur.
3296 3672 3361 3724 Et
3395 3674 3570 3731 dixit:

1993 3737 2123 3794 Haec
2148 3751 2226 3795 est
2255 3744 2507 3814 iniquitas
2543 3765 2723 3804 eorum
2768 3754 2822 3806 in
2866 3757 3008 3809 omni
3035 3770 3196 3813 terra.
3235 3760 3303 3814 Et
3332 3780 3450 3818 ecce
3487 3777 3571 3821 ta-

1988 3826 2184 3887 lentum
2209 3836 2407 3904 plumbi
2435 3840 2714 3909 eleuatum,
2740 3855 2787 3899 et
2825 3864 2943 3903 ecce
2982 3852 3172 3906 Mulier
3212 3872 3316 3909 una
3356 3861 3567 3913 sedebat

1986 3927 2042 3981 in
2073 3930 2240 3984 medio
2272 3948 2552 3997 mensura}.
2588 3935 2657 3990 Et
2685 3940 2823 3993 dixit
2850 3956 2870 3994 :
2895 3940 3026 3997 Haec
3060 3954 3138 3999 est
3180 3947 3453 4018 iniquitas.
3496 3951 3565 4007 Et

1985 4018 2208 4089 projecit
2233 4038 2349 4075 eam
2388 4025 2447 4079 in
2490 4028 2721 4084 medium
2764 4047 3041 4100 mensura,
3088 4046 3135 4090 et
3169 4041 3389 4110 projecit
3423 4043 3563 4111 lapi-

1983 4110 2100 4164 dem
2129 4112 2331 4182 plumbi
2352 4114 2409 4169 in
2438 4132 2496 4172 οε
2520 4119 2657 4188 ejus.

2050 4291 2215 4363 697
2276 4294 2448 4350 XXX.
2511 4298 2670 4353 Initio
2708 4300 3139 4359 declarationum
3201 4323 3442 4365 mearum
3504 4313 3558 4368 in

1980 4379 2124 4436 hunc
2182 4386 2498 4453 prophetam
2531 4389 2709 4457 docui,
2743 4406 2864 4447 eum
2896 4404 3018 4464 post
3054 4397 3284 4454 reditum
3317 4415 3347 4456 e
3376 4401 3558 4475 Baby-

1978 4472 2122 4539 lone,
2186 4490 2307 4545 qua:
2346 4485 2593 4550 tempore
2624 4484 2959 4553 captivitatis
3013 4491 3338 4559 acciderint,
3398 4472 3556 4551 liber-

1978 4572 2087 4619 tate
2133 4568 2320 4634 potitis
2386 4569 2665 4629 fructuose
2714 4592 2958 4633 narrare.
2990 4580 3256 4647 Quoniam
3279 4587 3422 4641 enim
3458 4604 3554 4644 eos

1973 4654 2040 4709 ad
2091 4660 2301 4713 sancita
2358 4661 2536 4733 legum
2579 4672 2883 4735 praestanda
2940 4673 3294 4731 vehementer
3357 4693 3553 4749 segnes

1973 4750 2353 4820 perspiciebat,
2415 4766 2473 4810 et
2516 4758 2583 4812 ad
2617 4760 2923 4831 voluptates
2960 4779 3087 4821 suas
3121 4769 3416 4838 explendas
3437 4779 3552 4825 toto

1973 4843 2175 4913 impetu
2232 4848 2553 4915 declinasse,
2585 4861 2638 4906 et
2696 4854 2841 4927 leges
2865 4855 2999 4913 Mosi
3036 4859 3091 4913 in
3116 4862 3405 4930 postremis
3439 4864 3543 4919 du-

1970 4949 2095 4992 cere
2162 4940 2394 5009 cmpisse
2440 4942 2846 5014 (implicuerant
2899 4950 3043 5006 enim
3080 4966 3204 5008 sese
3233 4953 3551 5022 ,peregrinis

1969 5025 2310 5095 mulieribus,
2368 5039 2421 5085 et
2449 5030 2560 5100 jam
2635 5037 2877 5092 nonnulli
2942 5049 3116 5096 metas
3162 5040 3548 5111 aequitatispe-

1968 5115 2114 5171 nitus
2170 5122 2396 5189 egressi,
2463 5124 2620 5181 idolis
2645 5126 2845 5183 initiati
2905 5140 3081 5194 erant,
3127 5138 3181 5185 et
3215 5131 3439 5201 insuper
3461 5134 3545 5190 fa-

1966 5209 2182 5265 ciebant
2205 5228 2324 5281 quae
2356 5216 2603 5285 proferre
2630 5221 2805 5287 pudor
2834 5224 3033 5290 vetat),
3075 5224 3383 5278 necessario
3413 5242 3540 5296 pro-

1961 5298 2121 5365 pheta
2134 5315 2254 5368 quaa
2272 5312 2393 5359 acta
2418 5315 2545 5360 sunt
2571 5319 2985 5375 commemorat,
3026 5318 3083 5363 ut
3108 5325 3441 5382 cognoscant
3472 5318 3539 5372 li-

1960 5390 2132 5445 berati
2193 5396 2447 5463 tandem,
2501 5400 2700 5469 quibus
2757 5400 3037 5457 hominum
3114 5417 3540 5479 sanctorumque

1959 5482 2275 5549 angelorum
2317 5487 2571 5555 precibus
2630 5489 2935 5546 libertatem
2997 5494 3196 5564 adepti,
3223 5507 3411 5553 contra
3450 5516 3537 5554 se-

1958 5574 2218 5643 mctipsos
2278 5579 2455 5632 denuo
2506 5581 2880 5639 universorum
2937 5585 3107 5642 Deum
3161 5591 3459 5655 concitent,
3496 5605 3528 5642 a

1956 5665 2199 5733 pristinis
2230 5670 2442 5727 delictis
2471 5680 2726 5731 tanouam
2749 5676 2950 5733 morbis
2972 5680 3227 5747 correpti.
3255 5681 3343 5734 Ait
3368 5694 3529 5746 ergo:
