4080 6284
540 376 609 432 83
1553 384 1610 439 S.
1653 383 1922 441 CYRILLI
1963 383 2430 440 ALEXANDRINI
2469 386 2785 442 ARCHIEP.
3706 388 3777 442 δ’.

535 520 559 556 ι
595 501 854 569 Egressus
913 507 994 550 est
1047 497 1271 566 angelus
1309 497 1397 566 qui
1441 498 1768 568 loquebatur
1845 500 2032 554 inme.
2073 518 2091 550 ι

2199 499 2366 569 χαίων
2389 498 2729 569 αἰτιαμάτων
2746 497 3144 569 ἐμπλεκόμενοι
3167 498 3377 560 λαϐαῖς.
3412 497 3553 568 Ἔφη
3575 497 3781 565 τοίνυν,

532 591 650 658 Quo
679 589 974 659 egressus?
1003 597 1096 641 aut
1121 589 1208 641 ubi
1250 590 1462 643 tandem
1493 590 1655 644 erat?
1681 593 1762 643 Ah
1788 591 2098 645 ostensione

534 683 689 736 taleis
718 683 782 734 ad
820 682 1148 750 propositam
1181 681 1465 750 visionem,
1492 682 1560 737 de
1597 699 1848 737 mensura
1870 684 2096 746 scilicet,

532 776 676 830 facta
721 785 806 828 est
856 774 1116 843 egreSsio.
1165 773 1326 827 Tollit
1371 791 1499 845 ergo
1559 778 1819 845 prepbcta
1847 776 1898 830 in
1933 777 2097 829 altum

531 867 740 929 oculos,
790 866 986 934 quibus
1017 867 1080 919 ad
1115 865 1362 918 sublimia
1389 868 1750 934 percurrenda
1785 867 2099 923 exercitatis

533 959 616 1012 fas
642 959 712 1012 sit
757 974 878 1011 eum
909 958 1090 1010 divina
1124 957 1322 1011 virtute
1359 960 1670 1028 mysterium
1716 960 2094 1028 contemplari.

531 1049 732 1116 Qumrit
778 1051 940 1119 igitur
965 1049 1113 1118 quid
1175 1051 1267 1113 sit,
1301 1050 1441 1119 quod
1471 1052 1790 1104 ostenditur.
1836 1051 1970 1104 Tum
2000 1067 2098 1104 an-

531 1142 718 1210 gelus:
759 1159 776 1192 ι
821 1140 944 1194 Hac
964 1151 1067 1204 est,
1130 1141 1326 1208 inquit,
1368 1156 1619 1194 mensura
1655 1157 1775 1211 qua:
1800 1143 2093 1208 egreditur.

534 1233 657 1286 llwc
687 1243 764 1285 est
806 1232 1062 1301 iniquitas
1087 1248 1270 1285 eorum
1293 1235 1506 1284 inomni
1535 1243 1697 1286 terra.
1744 1253 1762 1284 ι
1802 1232 1918 1286 Jam
1967 1233 2095 1300 Quid

531 1340 784 1378 mensura
808 1326 897 1387 sit,
961 1326 1245 1378 videndum
1270 1335 1370 1385 est.
1405 1324 1644 1380 Dicimus
1679 1329 1860 1393 itaque
1900 1336 2094 1379 natura

530 1413 728 1466 bonum
784 1424 836 1468 et
891 1415 1168 1468 hominum
1221 1424 1489 1468 amantem
1550 1431 1669 1470 esse
1714 1418 2094 1470 universorum

529 1491 836 1558 Dominum.
861 1503 1152 1557 Peccantes
1183 1506 1324 1558 enim
1352 1506 1566 1567 tolerat,
1597 1515 1649 1558 et
1669 1505 1851 1574 inique
1877 1516 2096 1574 agentes

526 1595 780 1659 sustinet,
829 1594 1250 1664 uniuscujusque
1313 1596 1690 1665 paenitentiam
1747 1606 2095 1665 exspectans.

525 1687 680 1753 Quod
727 1689 772 1742 si
827 1690 947 1756 quis
979 1689 1140 1746 etiam
1173 1688 1263 1740 diu
1319 1689 1590 1756 peccando
1621 1689 1969 1755 processerit,
2005 1704 2095 1741 su-

525 1795 876 1848 premamque
930 1779 1022 1833 Dei
1080 1778 1396 1844 patientiam
1442 1790 1696 1846 expertus
1739 1777 1921 1844 luerit,
1978 1789 2089 1832 tum

2201 594 2280 644 ὅτι
2321 611 2337 641 ι
2382 591 2630 660 Ἐξῆλθεν
2657 594 2684 642 6
2707 589 2936 660 ἄγγελος
2970 592 2998 643 6
3027 589 3203 643 λαλῶν
3228 591 3285 642 ἐν
3309 589 3452 656 ἐμοί.
3497 608 3515 640 ι
3558 589 3777 660 “eam.

2200 683 2255 736 δὲ
2287 685 2438 748 ὃποι;
2471 683 2570 736 ποῦ
2606 684 2714 754 γὰρ
2753 680 2820 755 ἦν
2867 683 3034 748 ὃλως;
3064 682 3273 736 Οὐκοῦν
3305 685 3367 735 ἐκ
3409 684 3508 752 τῆς
3539 682 3632 736 τοῦ
3659 684 3779 754 δρε-

2201 776 2372 828 πάνου
2395 776 2612 842 δείξεως
2647 777 2738 828 ἐπὶ
2779 777 2880 846 τὴν
2913 775 3280 845 προκειμένην
3308 774 3519 844 ὅρασιν,
3555 775 3652 845 τὴν
3685 775 3779 828 ἐπί

2200 886 2284 937 γε,
2313 869 2475 937 φημὶ,
2529 868 2608 938 τῷ
2658 869 2861 939 μέτρῳ,
2894 869 2954 921 τὸ
2980 871 3078 939 τῆς
3121 868 3300 934 ἐξόδου
3347 867 3536 935 γέγονε
3567 869 3774 938 χρῆμα.

2199 960 2353 1029 Αίρει
2391 977 2453 1027 γε
2486 961 2593 1027 μὴν
2625 963 2652 1013 6
2689 960 2973 1029 προφήτης
3001 962 3078 1022 εἰς
3119 957 3252 1027 ὕψος
3290 958 3412 1021 τοὺς
3441 958 3775 1030 ὀφθαλμοὺς,

2199 1044 2278 1113 οἷς
2304 1051 2534 1120 διᾴττειν
2557 1049 2689 1119 ὑψοῦ
2720 1069 2784 1120 με
2794 1051 3135 1121 μελετηκόσι,
3159 1051 3358 1122 πρέποι
3383 1052 3447 1103 ἂν
3471 1051 3692 1113 εἰκότως
3714 1052 3778 1104 τὸ

2199 1143 2291 1196 καὶ
2315 1143 2432 1214 θείᾳ
2451 1144 2676 1214 δυνάμει
2709 1145 3000 1213 καταθρεῖν
3023 1146 3338 1214 μυστήριον.
3377 1146 3578 1214 Ἤρετο
3600 1144 3662 1213 δὴ
3684 1139 3779 1198 οῦν

2197 1232 2250 1283 τί
2301 1231 2406 1300 ἄρα
2463 1232 2578 1284 ἔστι
2635 1233 2695 1284 τὸ
2745 1233 3112 1301 δεικνύμενον.
3161 1232 3216 1284 '0
3275 1232 3331 1283 δὲ
3388 1232 3524 1302 πρὸς
3580 1233 3773 1285 αὐτόν’

2205 1342 2221 1374 ι
2267 1323 2456 1386 Τοῦτο,
2493 1323 2648 1392 φησὶ,
2696 1325 2755 1376 τὸ
2806 1324 3006 1394 μέτρον
3041 1323 3101 1376 τὸ
3143 1324 3598 1393 ἐκπορευόμενον.
3629 1324 3777 1394 Αῦτη

2197 1415 2343 1467 ἐστὶν
2376 1418 2406 1484 ἡ
2438 1415 2616 1466 ἀδικία
2651 1414 2828 1466 αὐτῶν
2859 1416 2914 1465 ἐν
2947 1414 3094 1484 πάσῃ
3131 1417 3196 1484 τῇ
3229 1416 3320 1484 γῇ.
3359 1432 3376 1464 ι
3410 1413 3519 1465 Καὶ
3543 1414 3595 1465 τί
3622 1412 3684 1482 δὴ
3714 1413 3781 1466 τὸ

2201 1505 2418 1576 μέτρον,
2463 1504 2874 1574 ἀναλογίζεσθαι
2904 1506 3032 1574 χρή.
3064 1506 3172 1558 Καὶ
3207 1505 3271 1576 δὴ
3303 1505 3395 1557 καί
3441 1521 3643 1571 φαμεν,
3693 1504 3779 1560 ὅτι

2199 1595 2357 1664 φύσει
2388 1596 2642 1666 χρηστὸς,
2669 1598 2762 1650 καὶ
2803 1595 3183 1665 φιλάνθρωπος
3209 1597 3236 1648 6
3274 1595 3379 1646 τῶν
3409 1594 3545 1648 ὅλων
3574 1594 3782 1647 Δεσπό-

2197 1704 2316 1758 της.
2341 1685 2726 1756 Πλημμελοῦσι
2756 1686 2867 1756 γὰρ
2899 1685 3231 1749 ἀνεξικακεῖ,
3261 1686 3356 1738 καὶ¹
3391 1685 3778 1755 παρανομούν-

2196 1796 2305 1832 των
2346 1780 2615 1848 ἀνέχεται,
2649 1779 2958 1848 περιμένων
3001 1778 3100 1849 τὴν
3142 1778 3374 1831 ἑκάστου
3413 1778 3776 1848 μετάγνωσιν.

522 1868 755 1934 denique
810 1868 986 1934 pretiis
1043 1867 1381 1935 subjicietur,
1403 1877 1457 1920 et
1483 1880 1586 1920 tam
1613 1869 1880 1922 diuturnae
1909 1884 2091 1922 socor-

2198 1870 2256 1922 Εί
2294 1869 2350 1922 δὲ
2379 1871 2440 1940 δή
2469 1887 2552 1932 τις
2586 1869 2654 1922 ἴοι
2695 1869 2790 1922 xai.
2831 1869 2992 1939 μέχρι
3031 1867 3226 1922 πολλοῦ
3261 1867 3396 1938 πρὸς
3425 1867 3485 1919 τὸ
3526 1868 3781 1936 πλημμε-

517 1958 623 2014 diae
656 1973 957 2029 praetexere
985 1961 1118 2014 nihil
1163 1962 1361 2028 poterit
1395 1978 1409 2014 :
1443 1977 1539 2015 nec
1561 1962 1707 2014 illum
1747 1964 2032 2030 quisquam
2063 1977 2092 2014 a

524 2050 720 2113 pmnis,
787 2049 1094 2103 commissis
1126 2048 1240 2116 ejus
1307 2049 1529 2118 paribus
1582 2051 1795 2119 eripiet.
1846 2051 2093 2119 Quapro-

523 2150 642 2208 pter
674 2138 924 2194 Christus
955 2140 1150 2208 populo
1185 2139 1509 2208 Judzcortnn,
1545 2142 1822 2210 impotenti
1873 2142 2090 2195 vesania

519 2231 587 2284 ad
621 2229 836 2300 quidvis
892 2231 1152 2284 nefarium
1220 2235 1416 2296 ruenti,
1464 2236 1637 2303 inquit
1667 2255 1678 2286 :
1723 2251 1740 2283 ι
1772 2235 1832 2286 Et
1863 2250 1959 2286 vos
1990 2235 2088 2286 im-

520 2321 710 2388 pleStis
741 2338 1046 2376 mensuram
1083 2331 1291 2391 patrum
1322 2335 1622 2378 vestrorum
1664 2325 1731 2377 ⁸⁵.
1777 2344 1793 2372 ι
1827 2323 2088 2377 Mensura

523 2416 687 2480 igitur
735 2430 852 2483 quae
896 2417 1211 2483 apparebat,
1244 2426 1586 2484 peccatorum
1617 2416 1794 2483 populi
1829 2415 1879 2468 in
1908 2416 2086 2484 ipsum

521 2506 853 2559 mnnulatam
915 2507 1311 2559 multitudinem
1351 2509 1693 2561 ostendebat.
1744 2508 1798 2560 In
1839 2522 2088 2561 mensura

521 2613 684 2662 porro
705 2597 900 2650 mulier
922 2597 1168 2656 sedebat.
1207 2597 1506 2665 iniquitatis
1567 2598 1780 2649 modum
1835 2612 2090 2649 consum-

521 2704 691 2752 mans,
729 2698 781 2742 et
809 2690 952 2740 velut
983 2702 1077 2755 per
1100 2703 1157 2741 se
1188 2690 1548 2755 capacitatem
1583 2688 1811 2752 impleas
1839 2705 1852 2740 :
1895 2686 2090 2740 fortas-

519 2778 596 2830 sis
629 2779 787 2830 etiam
827 2776 1180 2844 supereﬂusa,
1212 2787 1267 2830 et
1302 2793 1406 2846 qua
1428 2777 1700 2837 exstabat,
1730 2780 2085 2846 prospiciens.

523 2886 542 2917 c
588 2869 650 2921 Et
679 2883 827 2931 ecce,
855 2869 1046 2936 inquit,
1073 2869 1334 2946 talentum
1366 2869 1564 2938 plumbi
1589 2868 1758 2939 693
1792 2871 2086 2935 elevatum,

519 2973 573 3014 et
603 2961 831 3030 proiecit
890 2960 1018 3014 illud
1062 2961 1115 3014 in
1175 2975 1237 3014 os
1264 2962 1404 3026 eius.
1443 2980 1461 3012 ι
1493 2962 1752 3014 Describit
1777 2973 1956 3015 autem
1995 2978 2089 3014 no-

519 3054 599 3106 bis
649 3052 990 3120 iniquitatem
1039 3052 1173 3107 visio
1218 3053 1270 3107 in
1307 3053 1489 3107 habitu
1519 3053 1848 3107 muliercula:
1883 3071 1896 3106 :
1934 3064 2089 3122 typus

2194 1960 2303 2026 λές,
2335 1961 2430 2014 καὶ
2460 1965 2538 2024 εἰς
2571 1961 2741 2030 πέρας
2766 1961 2890 2029 ἥκοι
2921 1959 3109 2012 λοιπὸν
3143 1959 3242 2030 τῆς
3267 1959 3415 2028 αὐτῷ
3443 1959 3777 2029 νεμηθείσης

2193 2049 2562 2114 ἀνεξικακίας,
2585 2050 2646 2102 τὸ
2670 2049 2923 2119 τηνικάδε
2951 2049 3135 2102 λοιπὸν
3164 2051 3371 2111 ποιναῖς
3400 2050 3775 2112 ὑποκείσεται,

2193 2144 2288 2196 καὶ
2319 2143 2474 2210 λόγος
2510 2141 2657 2212 αύτῴ
2705 2145 2803 2212 τῆς
2845 2141 2987 2194 οὕτω
3021 2142 3238 2212 μακρᾶς
3282 2141 3552 2210 ῥᾳθυμίας
3575 2140 3775 2204 οὐδεὶς,

2192 2235 2299 2286 οὐδ’
2333 2233 2398 2286 ἂν
2429 2233 2661 2297 ἐξέλοιτο
2701 2233 2794 2286 τοῦ
2839 2234 3036 2303 χρῆναι
3071 2233 3256 2286 λαϐεῖν
3307 2233 3628 2302 ίσομέτρους
3678 2232 3777 2284 αύ-

2191 2327 2318 2391 τῶν,
2351 2319 2425 2379 ὧν
2465 2325 2529 2378 ἂν
2558 2325 2798 2395 φαίνοιτο
2829 2323 3103 2395 δεδρακὼς
3139 2325 3237 2384 τὰς
3273 2324 3448 2388 δίκας.
3503 2326 3611 2378 Καὶ
3645 2325 3775 2393 γοῦν

2192 2418 2294 2488 ἔφη
2327 2435 2425 2470 που
2476 2418 2710 2488 Χριστὸς
2754 2417 2892 2487 πρὸς
2942 2418 3070 2480 τοὺς
3100 2417 3209 2469 τῶν
3257 2416 3523 2470 Ἰουδαίων
3570 2417 3774 2487 δήμους

2191 2509 2464 2578 ἀχαλίνοις
2491 2509 2770 2569 ἀπονοίαις
2801 2509 2935 2579 πρδς
2974 2510 3081 2561 πᾶν
3106 2507 3213 2560 τῶν
3251 2508 3499 2560 ἐκτόπων
3531 2508 3773 2560 διάττον-

2189 2618 2288 2662 τας
2309 2618 2321 2632 ·
2361 2621 2379 2652 ‹
2420 2601 2530 2653 Καὶ
2567 2603 2721 2671 ὑμεῖς
2753 2598 3177 2670 ἀνεπληρώσατε
3207 2598 3267 2651 τδ
3308 2600 3502 2670 μέτρον
3529 2600 3636 2651 τῶν
3666 2616 3770 2652 πα·

2189 2690 2363 2760 τέρων
2391 2689 2565 2759 ὑμῶν.
2607 2708 2624 2740 ι
2659 2689 2866 2742 Οὐκοῦν
2915 2691 3113 2759 μέτρον
3146 2683 3213 2757 ἦν
3248 2689 3309 2740 τὸ
3344 2687 3641 2758 δρώμενον,
3675 2689 3773 2758 τῆς

2189 2780 2298 2833 τῶν
2329 2779 2471 2833 λαῶν
2501 2780 2877 2849 πλημμελείας
2908 2780 2991 2847 ἐφ’
3025 2779 3202 2850 ἐαυτῷ
3230 2780 3472 2832 δεικνύον
3505 2781 3600 2851 τὴν
3639 2781 3770 2834 ἀνα-

2190 2872 2490 2942 πλήρωσιν.
2546 2872 2823 2940 Ἐνίδρυτο
2866 2871 2922 2922 δέ
2958 2869 3036 2940 τῷ
3091 2871 3273 2940 μέτρῳ
3319 2872 3475 2941 γυνὴ,
3511 2875 3610 2940 τῆς
3650 2874 3768 2924 ἀνο-

2193 2963 2320 3034 μίας
2350 2962 2630 3032 πληροῦσα
2653 2963 2742 3014 τὸν
2774 2963 2959 3024 τόπον,
2994 2961 3089 3012 καὶ
3129 2955 3239 3012 οἷον
3279 2961 3675 3029 ἀναπιμπλᾶσα
3702 2960 3767 3010 δι’

2190 3053 2389 3122 ἑαυτῆς
2422 3052 2483 3104 τὸ
2535 3052 2872 3122 κεχωρηκδς,
2901 3053 3042 3122 τάχα
3076 3070 3177 3104 που
3233 3052 3324 3102 καὶ
3367 3051 3766 3121 ὑπερχεομένη,

515 3146 659 3197 enim
681 3145 969 3212 voluptatis
997 3155 1158 3216 atque
1197 3146 1362 3197 etiam
1393 3144 1725 3198 inﬁrmitatis
1748 3153 1833 3198 est
1861 3145 2086 3196 mulier:

2195 3145 2290 3197 xui.
2328 3143 2404 3214 τῷ
2445 3143 2684 3214 περιττῷ
2725 3143 3115 3196 διακύπτουσα.
3165 3163 3183 3193 ‹
3243 3142 3381 3193 Ἀλλ’
3431 3143 3562 3200 ἰδοὺ,
3613 3143 3763 3212 φησι,

516 3246 571 3290 et
590 3238 768 3290 omnis
793 3236 1048 3306 iniquitas
1093 3251 1198 3289 non
1223 3235 1380 3289 aliter
1435 3236 1817 3298 committitur,
1853 3236 1954 3288 nisi
1991 3249 2089 3288 vo-

2194 3239 2453 3290 τάλαντον
2485 3234 2733 3305 μολίϐδου
2758 3233 3124 3304 ἐξαιρόμενον,
3161 3234 3253 3285 καὶ
3285 3233 3510 3302 ἔρριψεν
3537 3234 3665 3285 αὐτὸ
3691 3234 3769 3294 εἰς

516 3325 720 3396 luptate
748 3327 927 3392 aliqua
966 3327 1030 3376 ad
1057 3326 1256 3377 malum
1313 3326 1614 3390 inescante,
1674 3334 1730 3380 et
1775 3323 2092 3378 inﬁrmitate

517 3419 722 3472 mentis
770 3418 834 3470 ad
889 3418 988 3469 hoc
1045 3416 1436 3470 consentiente.
1500 3416 1633 3468 Nam
1662 3415 1704 3468 si
1776 3415 2000 3469 rnensin
2034 3429 2093 3470 se

523 3510 676 3563 ﬁrma
719 3520 773 3562 et
805 3508 977 3560 virilis
1029 3506 1210 3569 fuerit,
1256 3521 1528 3572 nunquam
1581 3520 1640 3559 se
1674 3505 1739 3558 ad
1778 3506 1969 3558 vilium
1998 3506 2094 3557 de-

517 3601 662 3657 ﬂecti
710 3599 964 3668 patietur.
1005 3598 1061 3652 Si
1115 3606 1296 3651 autem
1347 3596 1587 3650 emollita
1626 3606 1679 3650 et
1710 3597 1983 3650 incantata
2017 3594 2092 3649 ‘ad

520 3693 874 3762 voluptatem,
923 3690 1225 3745 molestiam
1286 3689 1504 3743 sentiet.
1559 3686 1810 3757 Pingitur
1856 3701 2008 3754 ergo,
2040 3695 2095 3741 et

520 3795 882 3855 congruenter
909 3782 1086 3848 valde,
1117 3781 1295 3850 specie
1319 3781 1562 3834 mulieris
1588 3781 1870 3848 iniquitas.
1905 3779 2092 3832 Plum-

521 3880 571 3932 bi
607 3889 784 3931 autem
841 3877 1101 3930 talentum
1148 3875 1415 3929 elevatum
1474 3884 1528 3926 et
1558 3873 1817 3926 obturans
1853 3888 1915 3925 os
1955 3872 2091 3940 ejus,

522 3967 654 4020 nihil
687 3967 855 4030 aliud,
906 3966 1119 4032 opinor,
1171 3963 1625 4033 potestintelligi,
1681 3973 1878 4031 praeter
1914 3963 2096 4016 Domi-

523 4073 649 4112 num
678 4067 923 4110 nostrum
947 4053 1128 4109 .Iesum
1156 4052 1454 4113 Christum,
1481 4051 1571 4122 qui
1605 4066 1702 4120 per
1735 4066 1951 4106 erucem
1971 4066 2094 4116 pre-

524 4150 726 4204 tiosam
785 4147 1078 4208 exaltatus,
1113 4154 1169 4199 et
1203 4144 1517 4211 iniquitates
1549 4153 1764 4197 nostras
1799 4143 2014 4195 sustulit
2039 4143 2092 4196 in

519 4256 719 4312 corpus
742 4254 1072 4308 suumsnper
1101 4238 1304 4303 lignum
1337 4235 1404 4301 “,
1431 4246 1485 4289 et
1509 4235 1931 4304 chirographum
1961 4250 2094 4288 con-

518 4345 601 4388 tra
633 4350 731 4388 nos
768 4330 1116 4400 triumphavit
1143 4331 1210 4393 ",
1238 4338 1318 4393 ut,
1348 4329 1485 4382 sicut
1521 4328 1596 4380 ait
1624 4328 1836 4382 divinus
1864 4340 2089 4381 cantor:

524 4447 543 4477 c
576 4425 765 4479 Omnis
823 4423 1078 4488 iniquitas
1129 4421 1328 4488 uppilet
1375 4433 1436 4472 os
1480 4434 1632 4472 suum
1685 4417 1752 4472 “.
1800 4436 1819 4470 ι
1867 4417 2092 4472 Plumbo

521 4528 696 4572 autem
753 4523 806 4567 et
861 4515 974 4582 ipse
1028 4521 1376 4577 comparatur
1420 4531 1430 4564 :

518 4609 653 4671 dixi,
692 4605 965 4676 plumbum
993 4605 1060 4657 ab
1099 4602 1422 4669 argentariis
1451 4602 1748 4655 artiﬁcibus
1783 4603 1850 4654 ad
1897 4615 2088 4669 purga-

521 4699 723 4751 tionem
755 4709 941 4747 eorum
977 4708 1096 4762 qum
1154 4692 1480 4748 conﬂantur.
1525 4691 1671 4746 Talis
1693 4690 2092 4760 quodammodo

518 4793 694 4843 virtus
744 4787 945 4842 CluiSti
1000 4787 1052 4840 in
1082 4785 1257 4840 nobis.
1291 4785 1348 4840 Si
1390 4787 1534 4840 cnim
1584 4785 1634 4837 in
1660 4794 1890 4837 mentem
1925 4793 2093 4836 etcor

518 4883 746 4942 venerit,
805 4893 994 4934 oxnnes
1031 4878 1219 4933 sordes
1265 4891 1487 4946 prorsus
1545 4873 2093 4942 abstergit.Censent

516 4973 758 5042 quidam,
799 4971 1102 5041 projectum
1157 4984 1277 5024 esse
1317 4968 1590 5037 plumbum
1617 4968 1670 5019 in
1715 4981 1777 5018 os
1829 4963 2091 5031 iniquita-

519 5068 608 5133 tis,
634 5066 913 5120 velutDco
954 5063 1083 5118 illud
1127 5063 1439 5124 obturante,
1499 5068 1554 5112 et
1606 5055 1895 5110 immodice
1947 5054 2086 5108 ultra

516 5168 830 5225 peccatores
883 5169 1144 5210 accusare
1184 5167 1288 5206 non
1351 5149 1720 5219 permittente.
1790 5145 1994 5198 Idcirco
2036 5152 2092 5198 et

517 5249 668 5316 quasi
693 5248 816 5301 huic
849 5244 1336 5308 circumscribitur,
1360 5239 1598 5294 omnium
1635 5236 1954 5291 miseratore
1983 5236 2090 5290 Deo

518 5340 943 5408 tiniuscujusque
979 5352 1194 5408 pix-nam
1243 5331 1543 5387 sceleribus
1591 5329 1940 5398 proportione
2001 5343 2089 5384 re-

518 5434 870 5493 spondentem
906 5429 1218 5482 deiiniente.

2191 3329 2250 3382 τὸ
2273 3328 2447 3398 στόμα
2475 3327 2663 3396 αὐτῆς.
2697 3346 2716 3378 ι
2742 3326 2947 3396 Γράφει
2974 3327 3030 3378 δὲ
3053 3329 3182 3396 ἡμῖν
3211 3326 3307 3396 τὴν
3326 3328 3557 3396 ἀνομίαν
3579 3329 3610 3390 ἡ
3637 3327 3767 3397 δρα-

2195 3438 2276 3484 σις
2306 3423 2382 3484 εἰς
2414 3420 2476 3473 τὸ
2505 3420 2597 3472 τοῦ
2624 3421 2846 3488 γυναίου
2889 3419 3070 3488 σχῆμα
3094 3437 3106 3449 ·
3131 3423 3323 3483 ’τύπος
3357 3420 3466 3488 γὰρ
3505 3419 3701 3488 ἡδονῆς
3733 3419 3766 3488 ἡ

2193 3515 2350 3586 γυνὴ,
2400 3514 2496 3566 καὶ
2549 3514 2731 3583 μέντοι
2774 3512 2870 3565 καὶ
2926 3511 3243 3572 ἀσθενείας·
3293 3510 3488 3578 ἀνομία
3516 3508 3572 3558 δὲ
3616 3508 3768 3560 πᾶσα

2193 3602 2366 3674 ὁρῷτο
2389 3603 2454 3655 ἂν
2480 3602 2577 3670 οὐχ
2619 3603 2843 3673 ἑτέρως,
2879 3600 3019 3671 πλὴν
3053 3601 3131 3652 ὅτι
3171 3599 3260 3652 διά
3288 3615 3428 3660 τινος
3461 3596 3652 3666 ἡδονῆς
3680 3596 3768 3648 δε-

2193 3695 2491 3766 λεαζούσης
2525 3696 2616 3747 ἐπὶ
2649 3696 2709 3747 τό
2740 3693 2962 3762 φαῦλον,
3006 3691 3409 3760 συμϐαινούσης
3437 3689 3574 3760 πρὸς
3595 3689 3770 3760 τούτῳ

2193 3789 2406 3857 καὶτῆς
2430 3789 2509 3850 είς
2551 3787 2672 3838 νοῦν
2702 3783 3004 3845 ἀσθενείας.
3050 3785 3110 3835 Εἰ
3148 3782 3244 3851 μὲν
3271 3780 3378 3851 γὰρ
3403 3781 3487 3848 εἴη
3523 3779 3770 3849 βεϐηκὼς

2193 3877 2276 3946 ἐφ’
2303 3875 2502 3946 ἐαυτῷ,
2529 3876 2624 3928 καὶ
2650 3874 2892 3944 ἀνδρεῖος
2919 3875 2946 3925 ό
2978 3871 3124 3934 νοῦς,
3147 3873 3244 3924 ούκ
3277 3871 3340 3924 ἂν
3373 3870 3546 3923 ἕλοιτο
3577 3869 3771 3922 παθεῖν

2190 3969 2288 4039 τὴν
2327 3968 2405 4031 είς
2437 3967 2498 4018 τὺ
2541 3965 2742 4034 φαῦλον
2785 3965 2974 4035 ῥοπήν.
3012 3964 3075 4015 El
3117 3961 3170 4014 δὲ
3202 3961 3265 4031 δὴ
3313 3959 3678 4030 μαλακισοείη
3710 3975 3768 4011 τε

2193 4061 2285 4113 xai.
2338 4056 2662 4128 γοητευθείη
2698 4055 2832 4126 πρὸς
2870 4052 3080 4123 ἡδονὴν,
3137 4050 3383 4103 πείσεται
3431 4049 3494 4100 τὸ
3543 4046 3766 4100 λυποῦν.

2192 4150 2466 4218 Γράφεται
2495 4148 2557 4217 δὴ
2587 4144 2700 4208 οὖν,
2733 4147 2826 4197 καὶ
2853 4145 2996 4214 μάλα
3019 4142 3214 4214 ὀρθῶς,
3246 4143 3325 4204 εἰς
3349 4140 3580 4208 ἀνομίαν
3608 4140 3639 4208 ἡ
3673 4153 3770 4204 γυ-

2193 4238 2280 4306 νή.
2315 4236 2580 4289 Μολίϐδου
2635 4235 2692 4287 δὲ
2717 4235 2980 4287 τάλαντον
3022 4232 3081 4284 τὸ
3107 4230 3478 4301 ἐξαιρόμενον,
3519 4229 3613 4281 καὶ
3664 4227 3768 4297 μὴν

2194 4330 2286 4381 καὶ
2313 4327 2623 4397 ἐμφράττον
2650 4327 2708 4378 τὸ
2737 4325 2908 4394 στόμα
2933 4324 3119 4391 αὐτῆς,
3156 4322 3373 4392 νοηθείη
3414 4322 3478 4374 ἂν
3518 4321 3614 4389 ούχ
3654 4321 3770 4372 ἓτε-

2197 4436 2309 4490 ρον,
2339 4413 2512 4488 οἶμαι,
2550 4416 2701 4486 παρά
2724 4418 2814 4467 τὸν
2845 4415 3046 4484 Κύριον
3074 4413 3231 4483 ἡμῶν
3275 4411 3481 4482 Ἰησοῦν
3510 4411 3765 4481 Χριστὸν,

1472 4511 1766 4563 assumitur
1817 4511 1982 4581 enim,
2029 4516 2089 4560 ut

2194 4509 2250 4571 δς
2280 4509 2468 4578 ὑψώθη
2499 4509 2586 4560 διὰ
2630 4507 2721 4559 τοῦ
2750 4507 2931 4574 τιμίου
2969 4503 3222 4575 σταυροῦ,
3262 4503 3352 4555 καὶ
3395 4502 3493 4564 τάς
3539 4500 3768 4569 ἀνομίας

2193 4601 2349 4672 ἡμῶν
2372 4603 2669 4670 ἀνήνεγκεν
2709 4601 2764 4651 ἐν
2803 4598 2879 4668 τῷ
2913 4597 3122 4666 σώματι
3163 4594 3325 4648 αὑτοῦ
3370 4596 3462 4647 ἐπὶ
3492 4594 3550 4646 τὸ
3589 4594 3766 4658 ξύλον,

2191 4691 2591 4761 τεθριάμϐευκέ
2635 4707 2693 4742 τε
2739 4691 2798 4743 τὸ
2839 4689 2959 4742 καθ’
3009 4687 3166 4756 ἡμῶν
3212 4689 3593 4757 χειρόγραφον.
3627 4685 3763 4746 Ἵνα,

2193 4781 2336 4834 καθά
2375 4798 2539 4851 φησιν
2585 4782 2614 4832 6
2655 4779 2941 4840 θεσπέσιος
2990 4776 3273 4846 Μελῳδὸς,
3307 4796 3324 4826 ι
3371 4778 3525 4829 Πᾶσα
3570 4773 3769 4843 ἀνομία

2193 4879 2446 4950 ἐμφράξῃ
2480 4875 2540 4928 τὺ
2569 4875 2743 4946 στόμα
2793 4873 2980 4941 αὐτῆς.
3027 4890 3044 4922 ›
3082 4871 3333 4940 Μολίϐδῳ
3373 4871 3430 4922 δὲ
3473 4869 3565 4921 καὶ
3609 4867 3772 4929 αὐτὸς

2194 4968 2618 5040 παρεικάζεται·
2659 4964 3148 5036 παραλαμϐάνεται
3180 4963 3258 5026 δὲ,
3289 4963 3363 5022 ὡς
3385 4961 3542 5029 ἔφην,
3566 4961 3594 5011 ό
3621 4958 3769 5029 μόλι-

2195 5060 2317 5123 ϐδος
2349 5060 2499 5129 παρά
2515 5059 2624 5111 τῶν
2645 5059 3003 5129 ἀργυροχοεῖν
3025 5056 3312 5117 εἰωθότων,
3343 5056 3424 5118 είς
3453 5051 3772 5122 ἀποκάθαρ-

2199 5169 2283 5205 σιν
2310 5151 2417 5204 τῶν
2455 5150 2859 5220 χωνευομένων.
2893 5149 3126 5217 Τοιαύτη
3163 5147 3220 5199 δέ
3259 5165 3374 5210 πως
3406 5145 3499 5198 τοῦ
3534 5142 3770 5215 Χριστοῦ

2198 5241 2230 5310 ἡ
2259 5240 2485 5308 δύναμις
2513 5241 2569 5290 ἐν
2602 5240 2749 5308 ἡμῖν.
2788 5239 2849 5290 Εἰ
2876 5236 2984 5308 γὰρ
3013 5239 3091 5301 εἰς
3121 5235 3246 5289 νοῦν
3275 5236 3481 5299 γένοιτο
3513 5233 3607 5286 καὶ
3638 5249 3776 5302 καρυ

2195 5331 2332 5394 δίαν,
2357 5331 2532 5384 πάντα
2553 5329 2615 5398 δὴ
2650 5331 2864 5390 πάντως
2899 5331 3117 5400 ἐκτήκει
3145 5328 3331 5398 ῥύπον.
3362 5329 3518 5378 Δοκεῖ
3545 5325 3603 5377 δέ
3631 5340 3772 5378 τισιν

2193 5423 2450 5494 ἐρρίφθαι
2496 5423 2586 5475 τὸν
2639 5421 2882 5491 μόλιϐδον
2927 5415 3005 5483 si;
3038 5421 3096 5473 τὸ
3139 5420 3239 5488 τῆς
3289 5420 3518 5488 ἀνομίας
3573 5418 3769 5485 στόμα,

514 5516 625 5575 o'ov
655 5521 1060 5591 I-szgpdzztovro;
1095 5517 1225 5571 αὐτὸ
1257 5514 1351 5568 τοῦ
1383 5513 1541 5578 Θεοῦ,
1576 5514 1671 5567 καὶ
1716 5511 1860 5582 πέρα
1926 5512 2128 5582 μέτρου
2165 5516 2434 5584 καταϐοᾷν
2499 5516 2608 5567 τῶν
2638 5514 3032 5584 ἡμαρτηκότων
3069 5513 3168 5564 οὐκ
3194 5512 3435 5578 ἐφιέντος
3461 5511 3558 5563 ἔτι.
3588 5509 3774 5578 Ταύτῃ

516 5615 623 5686 γάρ
654 5615 716 5682 δη
778 5629 860 5664 τοι
902 5611 996 5662 καὶ⁷
1056 5608 1239 5678 μέτρῳ
1298 5606 1778 5674 περισχοινίζεται,
1835 5607 2382 5675 συναναμετροῦντος,
2427 5601 2579 5672 οἶμαί
2655 5622 2781 5667 που,
2836 5602 2928 5654 τοῦ
2973 5602 3180 5663 πάντας
3228 5599 3583 5668 οἰκτείροντος
3631 5596 3772 5653 Θεοῦ

515 5708 630 5766 τοῖς
680 5704 788 5755 τῶν
842 5699 1197 5767 πταισμάτων
1257 5696 1566 5765 ἐγκλήμασι
1604 5693 1702 5756 τὰς
1743 5694 1828 5760 ἐφ’
1877 5695 2090 5765 ἑκάστῳ
2125 5697 2297 5759 δίκας.

588 5812 630 5845 ⁸⁵
679 5815 869 5870 Matth.
911 5827 1062 5875 xxm,
1106 5811 1192 5864 52.
1313 5809 1403 5864 “l
1447 5810 1586 5863 Petr.
1631 5826 1688 5875 ιι,
1728 5808 1817 5863 2i.

1895 5810 1935 5840 "
1975 5810 2180 5866 Coloss.
2231 5828 2286 5870 tt,
2338 5812 2416 5863 Η.

2502 5812 2541 5839 ⁸⁸
2585 5809 2720 5864 [‘sal.
2764 5822 2873 5869 ενι,
2912 5805 2995 5856 42.
