4080 6284
287 373 360 431 85

1115 371 1673 430 COMMENTARIUS
1713 370 1778 424 IN
1822 370 2223 429 ZACHARIAM
2261 372 2706 430 ΡΒΟΡΗΕΤΑΜ.

3491 380 3561 439 86

361 489 472 544 Kal
515 481 632 559 ἦρα
673 485 815 555 τοὺς
853 485 1197 558 ὀφθαλμούς
1228 506 1372 559 μου,
1413 486 1513 542 καί
1569 486 1719 549 Mor,
1772 483 1872 540 καί

2052 489 2218 554 Vsus,
2242 489 2299 556 9,
2340 489 2424 544 lO.
2456 489 2520 542 Et
2554 490 2717 543 levari
2747 489 2924 542 oculos
2957 507 3117 555 meos,
3146 503 3194 546 et
3219 494 3346 558 ridi,
3379 505 3425 548 et
3448 514 3561 551 ecce

291 581 423 636 εδοὺ
469 579 576 634 δύο
625 579 902 650 γυναῖκες
950 581 1433 650 ἑκπορευόμεναι,
1489 579 1587 633 καί
1635 577 1874 646 πνεῦμα

291 671 363 723 ἐν
393 669 521 734 ταῖς
548 668 833 737 πτέρυξιν
862 670 1078 736 αὐτῶν,
1121 671 1220 723 καί
1260 666 1436 725 αὗται
1467 665 1636 738 εἶχον
1667 666 1874 734 πτέρυ-

293 779 402 831 γας
430 761 676 824 ἔποπος,
724 760 824 814 καὶ
866 759 1164 815 ἀνέλαϐον·
1206 760 1273 814 τὸ
1299 760 1523 826 μέτρον
1568 757 1875 827 ἀναμέσον

294 852 404 920 τῆς
434 852 566 922 γῆς,
616 853 713 905 καὶ
752 852 1061 921 ἀναμέσον
1093 852 1201 906 τοῦ
1243 854 1523 920 οὐρανοῦ.
1578 851 1688 906 Kal
1736 847 1876 908 εἶπα

295 943 445 1008 πρὸς
483 943 590 994 τὸν
626 942 904 1010 ἄγγελον,
945 943 1052 996 τὸν
1098 943 1408 996 λαλοῦντα
1446 943 1516 995 ἑν
1543 942 1711 1010 ἐμοί·
1751 941 1874 996 Ποῦ

292 1029 464 1088 αὗται
490 1032 864 1100 ἀποφέρουσι
893 1033 958 1084 τὸ
993 1031 1253 1101 perper;
1280 1032 1386 1086 Kal
1419 1029 1548 1086 εἷπε
1581 1033 1730 1099 πρός
1762 1049 1838 1102 με
1859 1049 1870 1060 ·

297 1123 696 1194 Οίκοδομῆσαι
733 1123 894 1188 αὐτῷ
931 1127 1128 1179 οὶκίαν
1167 1125 1236 1178 ἐν
1265 1124 1340 1194 τῇ
1371 1125 1744 1190 Βαϐυλῶνος.
1778 1124 1876 1178 καὶ

293 1215 622 1282 ἑτοιμάσαι,
655 1214 749 1266 καὶ
779 1213 1078 1279 θήσουσιν
1116 1213 1260 1267 αὐτὸ
1298 1215 1427 1268 ἐκεῖ
1459 1215 1554 1266 ἐπὶ
1581 1213 1696 1280 τὴν
1729 1214 1875 1266 ἑτοι-

288 1307 524 1374 μασιάν
555 1304 764 1358 αὐτοῦ.

365 1395 492 1449 AA'.
536 1394 601 1446 Τί
633 1394 697 1447 ἂν
730 1393 971 1464 βούλοιτο
1014 1393 1206 1466 δηλοῦν
1236 1394 1344 1448 τῶν
1382 1393 1653 1462 γυναικῶν
1684 1395 1716 1465 ή
1758 1393 1878 1458 ξυν-

297 1486 454 1556 ωρὶς,
500 1485 710 1555 ἦτίνος
754 1483 818 1538 ἂν
863 1481 972 1537 εἷεν
1008 1488 1087 1548 είς
1140 1486 1329 1548 τύπον,
1385 1488 1681 1554 ἀναγκαῖον
1723 1481 1876 1554 οἶμαί

298 1593 400 1630 που
433 1579 523 1629 καὶ
553 1576 656 1647 πρό
685 1593 746 1643 γε
770 1576 878 1628 τῶν
901 1575 1075 1630 ἄλλων
1099 1579 1292 1632 εἰπεῖν.
1322 1578 1463 1646 Ἔφη
1490 1577 1668 1629 τοίνυν
1697 1578 1724 1628 ὁ
1746 1575 1877 1637 Θεὸς

296 1666 374 1738 τῷ
407 1670 660 1739 προφήτῃ
703 1667 961 1738 Ἱεζεχιήλ
985 1683 998 1697 ·
1032 1686 1050 1718 t
1083 1667 1176 1720 Υίὲ
1220 1666 1530 1738 ἀνθρώπου,
1574 1668 1668 1721 δύο
1695 1671 1880 1734 γυναῖ-

298 1777 393 1823 κες
430 1756 591 1831 ἦσαν,
642 1759 942 1831 θυγατέρες
976 1760 1182 1831 μητρὸς
1233 1763 1381 1830 μιᾶς,
1425 1759 1520 1812 καὶ
1573 1760 1882 1828 ἐξεπόρνευ-

1985 582 2106 635 dum
2135 582 2380 636 mulieres
2413 583 2824 650 egredientes,et
2859 582 3077 649 spiritus
3110 583 3163 636 in
3189 583 3561 651 alisipsarum,

1983 681 2033 727 et
2062 675 2190 740 ipsae
2228 673 2484 726 habebant
2523 671 2636 724 οιηε
2668 686 2875 739 ιιριιριε,
2905 678 2951 723 et
2983 669 3310 725 elevaverunt
3352 689 3560 728 mensu-

1985 782 2098 818 ram
2126 766 2264 818 inter
2310 774 2502 818 terram
2538 773 2588 817 et
2650 764 2852 818 calum.
2907 762 2972 817 Et
3019 763 3133 816 dixi
3172 763 3240 816 ad
3287 765 3560 833 angelum,

1983 857 2462 926 quiloquebaturiu
2498 873 2578 908 me
2607 871 2625 909 :
2652 855 2770 920 Quo
2799 858 2913 910 ista:
2945 857 3182 920 deferunt
3212 872 3511 910 mensuram
3537 857 3563 909 .’

1990 948 2054 1002 Et
2082 951 2218 1001 dixit
2248 949 2316 1002 ad
2358 964 2436 1002 me
2464 965 2480 1002 :
2517 946 2584 1001 Ut
2622 948 2878 1015 (edi/irent
2902 950 2947 1001 ei
2969 949 3178 1000 domum
3201 949 3254 1000 in
3282 959 3421 1000 terra
3453 947 3558 1001 Ba-

1986 1039 2210 1112 bylonis,
2243 1049 2623 1109 etprteparent,
2654 1048 2703 1093 et
2736 1050 2931 1108 ponant
2959 1039 3109 1093 illaut
3149 1039 3219 1092 ibi
3237 1054 3396 1108 super
3421 1054 3557 1104 prte-

1983 1133 2307 1203 parationem
2324 1148 2495 1186 suam.

2055 1395 2248 1449 XXXI.
2279 1395 2416 1462 Quid
2469 1410 2566 1463 par
2617 1395 2903 1449 mulierum
2956 1396 3174 1462 indicet,
3213 1403 3269 1451 et
3289 1395 3447 1463 cujus
3479 1395 3559 1450 rei

1986 1498 2168 1559 typum
2221 1499 2391 1556 gerat,
2450 1497 2573 1541 ante
2605 1489 2785 1542 omnia
2809 1488 3181 1554 exponendum
3219 1503 3432 1543 censeo.
3469 1488 3561 1542 Ait

1985 1579 2169 1648 itaque
2235 1579 2372 1632 Deus
2423 1579 2696 1648 prophetae
2748 1577 3014 1632 Ezechieli
3052 1595 3064 1630 :
3097 1596 3115 1629 ι
3156 1578 3255 1632 Fili
3303 1579 3557 1642 hominis,

1991 1671 2110 1724 dum
2141 1669 2394 1722 mulieres
2422 1681 2598 1734 erant,
2632 1670 2754 1724 filiae
2781 1669 2970 1722 matris
3001 1668 3182 1733 unius,
3205 1678 3259 1724 et
3287 1670 3561 1724 fornicata:

1990 1770 2116 1814 sunt
2140 1761 2190 1813 in
2224 1759 2482 1830 Egypto,
2507 1761 2559 1814 in
2585 1761 2946 1815 adolescentia
2979 1777 3075 1814 sua
3100 1761 3381 1815 fornicata;
3411 1773 3557 1824 sunt,

297 1869 397 1904 σαν
421 1853 478 1904 ἐν
501 1855 566 1923 τῇ
595 1853 878 1923 Αἰγύπτῳ,
909 1854 969 1905 ἐν
994 1855 1058 1922 τῇ
1086 1852 1296 1921 νεότητι
1321 1851 1502 1904 αὐτῶν
1526 1851 1885 1918 ἐπόρνευσαν,

1992 1852 2098 1906 illic
2149 1853 2459 1906 ceciderunt.
2516 1856 2680 1906 ubera
2727 1868 2913 1906 earum
2966 1853 3032 1906 ".
3079 1871 3098 1903 ι
3132 1853 3299 1907 Addit
3347 1852 3452 1915 his,
3492 1854 3558 1906 ιι.

294 1947 412 1998 ἐκεῖ
441 1944 637 1997 ἔπεσον
673 1947 720 1997 oi
775 1945 974 2015 μαστοὶ
1011 1943 1211 1997 αὐτῶν.
1252 1961 1269 1994 ι
1309 1941 1627 2013 Προσετίθει
1659 1941 1716 1994 δὲ
1761 1939 1886 1993 τού-

292 2053 428 2100 τοις,
485 2037 820 2107 σαφέστερον
874 2036 1138 2099 καθιστὰς
1187 2035 1248 2088 τὸ
1293 2035 1701 2106 διηγγελμένον,
1739 2053 1757 2086 ι
1795 2036 1888 2088 καὶ

296 2128 366 2180 τὰ
397 2128 641 2197 ὀνόματα
679 2129 881 2193 αὐτῶν,
912 2127 1201 2198 Σαμάρεια
1233 2127 1265 2197 ἢ
1294 2127 1457 2189 Οολὰ,
1487 2127 1579 2180 καὶ
1616 2127 1884 2197 Ἰερουσα-

301 2215 413 2286 λὴμ
429 2218 461 2288 ἢ
480 2217 698 2272 Οολιδά.
713 2237 734 2272 ι
759 2219 872 2273 Μία
902 2220 1002 2290 μὲν
1018 2219 1127 2290 γὰρ
1147 2215 1214 2290 ἦν
1235 2217 1338 2290 [ἐν]
1357 2221 1596 2290 ἀρχαῖςή
1622 2219 1728 2270 τῶν
1759 2219 1886 2271 Ἰου-

301 2307 467 2360 δαίων
511 2313 818 2381 συναγωγή.
878 2311 1034 2364 Κατὰ
1077 2311 1132 2362 δέ
1185 2328 1248 2379 γε
1281 2311 1370 2363 τὸν
1415 2311 1604 2379 καιρὸν
1645 2311 1742 2380 τῆς
1790 2309 1883 2362 τοῦ

311 2399 550 2470 Ῥοϐοάμ
578 2401 873 2471 βασιλείας,
901 2403 1300 2473 ἀπορραγεῖσαι
1331 2403 1440 2454 τῶν
1473 2403 1645 2457 ἄλλων
1675 2405 1729 2456 al
1751 2403 1884 2456 δέκα

298 2491 484 2559 φυλαὶ,
525 2495 884 2562 κατῳκήκασι
931 2495 1266 2565 Σαμάρειαν,
1310 2496 1402 2546 καὶ
1449 2493 1884 2564 πεπορνεύκασιν

294 2584 388 2636 ἐπὶ
419 2586 542 2648 ταῖς
594 2585 857 2655 δαμάλεσι
901 2589 1021 2650 ταῖς
1072 2589 1324 2656 χρυσαῖς,
1368 2585 1433 2649 ἃς
1486 2585 1884 2639 κατεσκεύασεν

307 2673 588 2745 Ἵεροόοὰμ
628 2676 741 2739 υίὸς
794 2677 1004 2730 Ναδάτ.
1057 2675 1203 2747 Πλὴν
1256 2678 1356 2729 οὐκ
1407 2676 1513 2741 ἔξω
1557 2677 1656 2746 τῆς
1704 2677 1885 2740 αἰτίας

293 2765 484 2833 γέγονε
558 2805 574 2820 .
652 2804 668 2820 .
745 2806 761 2824 .
837 2806 854 2822 .
933 2807 948 2822 .
1028 2806 1043 2822 .
1123 2809 1138 2824 .
1217 2807 1232 2822 .
1328 2767 1628 2831 τουτέστιν,
1686 2768 1884 2838 Ἰερου-

293 2855 500 2927 σαλήμ·
537 2858 948 2930 ἐκπεπόρνευκε
1001 2857 1112 2929 γὰρ
1158 2859 1253 2912 καὶ
1297 2857 1438 2928 αὕτη
1483 2858 1626 2911 κατὰ
1656 2859 1885 2923 πολλοὺς

289 2948 550 3020 τρόπους,
579 2949 736 3002 τοῦτο
763 2951 861 3019 μὲν
885 2948 1124 3013 εἰδώλοις
1149 2949 1678 3020 προσκεκυνηκότων
1699 2950 1881 3015 τινῶν,

291 3041 390 3095 καὶ
430 3040 666 3094 θυόντων
711 3044 776 3112 τῇ
813 3040 977 3104 Βαὰλ,
1031 3044 1097 3112 τῇ
1147 3042 1438 3112 Ἀστάρτῃ,
1490 3045 1604 3104 τοῖς
1649 3040 1881 3111 βουνοῖς,

287 3130 454 3202 ἡλίῳ,
496 3132 696 3203 σελήνῃ
755 3132 850 3184 καὶ
886 3133 1107 3203 ἄστροις
1142 3132 1387 3202 ἑτέροις·
1429 3131 1594 3185 τοῦτο
1641 3131 1700 3184 δὲ
1747 3133 1884 3202 πρὸς

284 3225 478 3278 πᾶσαν
522 3222 758 3292 ἑτοίμως
794 3223 982 3278 ίόντων
1023 3223 1388 3295 ἀκαθαρσίαν,
1426 3224 1522 3277 καὶ
1571 3226 1700 3295 παρ’
1730 3224 1883 3278 οὐδὲν

279 3312 355 3365 τὰ
391 3313 488 3368 διὰ
519 3312 613 3367 τοῦ
654 3315 932 3384 πανσόφου
962 3315 1206 3378 Μωσέως
1239 3303 1682 3384 τέθεσπισμένων
1712 3316 1888 3368 τιθέν-

282 3424 416 3464 των.
452 3407 569 3470 Τὰς
595 3405 691 3459 δύο
711 3406 774 3476 δὴ
808 3401 901 3461 οὖν
930 3405 1038 3459 τῶν
1065 3405 1123 3472 ἐξ
1165 3404 1382 3477 Ἰσραὴλ
1408 3404 1734 3472 συναγωγὰς
1762 3405 1885 3459 δυσὶ⁹

283 3497 542 3568 γυναιξὶν
575 3497 836 3566 ἀφομοιοῖ·
866 3493 1096 3564 πάλιν.ὴ
1133 3495 1346 3566 ὅρασις,
1388 3491 1454 3555 ἃς
1483 3493 1577 3546 καὶ
1610 3491 1884 3561 πτέρυγας

283 3588 500 3651 ἔποπος
527 3586 817 3658 ἐσχηκέναι
843 3587 1031 3656 φησὶν,
1064 3586 1150 3638 ἵνα
1174 3585 1274 3657 τὴν
1301 3585 1525 3638 ἐνοῦσαν
1546 3585 1728 3646 αὐτοῖς
1755 3583 1887 3637 ἀκά-

285 3680 498 3753 θαρτον
536 3678 759 3750 γνώμην
810 3679 906 3732 καὶ
949 3678 1011 3731 τὸ
1040 3678 1176 3749 πρὸς
1224 3678 1332 3730 πᾶν
1363 3676 1542 3730 ὁτιοῦν
1587 3675 1696 3729 τῶν
1734 3677 1887 3729 ἐκτό-

284 3790 412 3826 πων
459 3771 688 3833 εὐπετὲς
739 3765 797 3824 εὖ
837 3770 982 3842 μάλα
1032 3769 1493 3838 κατασημήνειεν.
1529 3767 1587 3819 Ὀ
1635 3766 1735 3837 μὲν
1776 3766 1885 3835 γὰρ

284 3863 435 3934 ἔποψ
489 3862 772 3933 στρουθίον
809 3863 955 3914 ἐστὶν
987 3862 1085 3914 οὐκ
1133 3861 1369 3929 ἄσημον,
1405 3857 1792 3930 φιλοδόρϐορον
1826 3858 1884 3912 δὲ

281 3957 382 4012 καὶ
410 3955 777 4026 κοπροϐόρον,
809 3954 903 4006 καὶ
930 3957 1048 4017 ταῖς
1087 3953 1386 4022 σκωλήκων
1419 3952 1646 4019 ἀγέλαις
1676 3951 1885 4022 ἀγρίως

281 4046 744 4119 ἐπιμαινόμενον,
776 4044 871 4097 καὶ
897 4043 1100 4114 τροφὴν
1129 4044 1217 4096 ἀεὶ
1244 4043 1513 4095 ποιεῖσθαι
1539 4042 1887 4111 κατειθισμέ-

281 4153 378 4191 νον
407 4138 515 4208 τὴν
561 4135 797 4205 ἐσχάτην
843 4132 1206 4203 ἀκαθαρσίαν.
1237 4131 1489 4196 Τοιοῦτος
1540 4133 1596 4186 δέ
1628 4149 1745 4196 πως
1793 4135 1886 4187 καὶ

279 4232 401 4295 τοῖς
435 4223 922 4297 είδωλολατροῦσιν
949 4224 1140 4278 ὕπεστι
1181 4224 1324 4288 νοῦς.
1359 4225 1477 4280 Οὐκ
1501 4225 1720 4295 ἔρχεται
1751 4241 1885 4277 κατι

281 4322 422 4378 ευθὺ
456 4321 558 4373 τοῦ
607 4321 909 4389 πρέποντος
931 4335 945 4348 ·
996 4317 1109 4370 ἀλλ’
1141 4317 1245 4382 ἔξω
1277 4317 1503 4388 φέρεται
1532 4316 1627 4369 τοῦ
1655 4316 1882 4383 εἰκότος,

281 4417 382 4470 τὸν
413 4415 566 4468 θεῖον
608 4413 709 4465 οὐκ
749 4406 855 4462 οἶδε
889 4409 1072 4478 νόμον.
1107 4410 1262 4462 Ἔστι
1301 4409 1356 4461 δὲ
1397 4409 1613 4479 ἁπάσης
1642 4408 1885 4479 ἀκαθαρ-

1989 1944 2222 1998 lustrans
2250 1943 2415 2014 699
2445 1945 2586 2013 quod
2619 1945 2918 2007 nuntiabat,
2957 1963 2976 1994 ι
3019 1955 3073 1998 et
3109 1947 3324 1998 nomina
3349 1959 3557 2010 earum,

1989 2035 2256 2099 Samaria,
2290 2038 2402 2089 sive
2442 2035 2594 2102 Oola,
2637 2045 2692 2090 et
2711 2033 3030 2096 Jerusalem,
3060 2035 3173 2088 sive
3197 2032 3390 2088 Oolina
3424 2033 3492 2088 ⁷⁸.
3531 2053 3550 2086 ι

1985 2128 2255 2197 Principio
2305 2128 2447 2181 enim
2481 2142 2583 2179 una
2645 2125 2745 2180 fuit
2796 2125 3103 2180 Judteorum
3128 2141 3420 2194 synagoga.
3459 2126 3560 2179 Re-

1984 2229 2184 2288 gnante
2205 2228 2383 2272 autem
2413 2217 2671 2281 Roboam,
2703 2217 2945 2286 abrupta:
2976 2220 3042 2272 ab
3087 2219 3208 2272 aliis
3227 2218 3420 2272 decem
3463 2217 3561 2270 tri-

1985 2312 2107 2371 bus,
2145 2311 2453 2364 habitarunt
2489 2309 2813 2373 Samariam,
2847 2318 2900 2362 et
2935 2307 3213 2364 fornicatus
3231 2321 3357 2364 sunt
3399 2311 3450 2362 in
3481 2309 3560 2362 vi-

1987 2402 2113 2456 tulis
2130 2401 2329 2466 aureis,
2359 2416 2494 2470 quos
2516 2401 2643 2454 fecit
2669 2399 2954 2456 Jeroboam
2985 2402 3128 2456 filius
3147 2401 3318 2456 Nabal
3344 2402 3411 2454 ⁷¹.
3445 2399 3562 2454 Caro

1989 2506 2160 2566 terum
2224 2511 2329 2548 non
2392 2494 2509 2550 sine
2537 2509 2698 2548 causa
2731 2493 2926 2547 factum
2944 2503 3046 2547 est.
3083 2533 3096 2546 .
3130 2533 3146 2551 .
3178 2533 3193 2548 .
3234 2532 3248 2545 .
3290 2531 3306 2546 .
3345 2530 3360 2544 .
3400 2528 3416 2545 .
3445 2527 3460 2543 .
3493 2530 3508 2543 .
3544 2531 3556 2544 .

1985 2587 2090 2641 hoc
2141 2597 2245 2649 est,
2286 2584 2588 2640 Jerusalem
2621 2605 2636 2639 :
2668 2585 2784 2653 ipsa
2812 2586 2958 2639 enim
2988 2599 3203 2652 quoque
3232 2583 3416 2637 multis
3449 2597 3563 2637 mo-

1985 2675 2070 2732 dis
2099 2676 2363 2732 fornicata
2391 2684 2496 2741 est,
2531 2677 2851 2746 quibusdam
2877 2686 2988 2731 tum
3012 2676 3150 2729 idola
3186 2673 3558 2739 adorantibus,

1985 2778 2040 2823 et
2059 2768 2492 2824 sacriﬁcantibus
2516 2767 2667 2835 Baal,
2709 2768 2960 2834 Astartte,
2987 2767 3240 2829 collibus,
3279 2765 3412 2826 Soli,
3449 2763 3559 2817 Lu-

1987 2876 2091 2927 nae,
2142 2861 2415 2916 sideribus
2461 2861 2682 2930 reliquis
2715 2876 2729 2914 :
2761 2871 2870 2915 tum
2923 2861 2991 2914 ad
3027 2873 3242 2914 omnem
3275 2855 3561 2912 immundi-

1989 2953 2114 3005 tiam
2147 2952 2343 3021 cupide
2392 2952 2737 3018 abeuntibus,
2773 2960 2828 3006 et
2855 2951 3036 3005 divina
3061 2951 3313 3004 mandata
3343 2949 3562 3017 sapien-

1987 3044 2180 3098 tissimi
2213 3044 2378 3098 Mosis
2417 3059 2516 3098 nec
2544 3043 2637 3097 bili
2666 3043 3009 3098 facientibus.
3041 3043 3183 3096 Duas
3211 3042 3393 3108 itaque
3426 3038 3566 3108 Syn-

1984 3148 2186 3203 agogas
2239 3132 2455 3187 lsraelis
2502 3133 2711 3187 duabus
2754 3132 3072 3186 mulieribus
3112 3131 3309 3183 iterum
3340 3128 3446 3180 hac
3481 3127 3565 3180 vi-

1986 3225 2138 3280 sione
2186 3232 2469 3292 comparat
2497 3239 2512 3274 :
2549 3237 2684 3290 quas
2713 3230 2766 3275 et
2792 3221 2907 3274 alas
2925 3235 3117 3288 upupa:
3139 3220 3394 3274 habuisse
3416 3217 3564 3274 allir-

1988 3321 2121 3377 mat,
2153 3321 2211 3366 ut
2248 3313 2511 3378 impuram
2543 3325 2752 3374 earum,
2784 3321 3018 3364 mentem
3059 3321 3110 3364 et
3133 3311 3197 3363 ad
3231 3326 3566 3380 quaecunque

1989 3403 2194 3458 nefaria
2261 3402 2571 3456 facilitatem
2598 3401 2996 3470 appositissime
3053 3401 3313 3456 declaret.
3372 3401 3563 3472 Upupa

1987 3497 2132 3550 enim
2195 3504 2379 3550 uotum
2429 3502 2511 3548 est
2555 3509 2725 3563 genus
2777 3493 3035 3562 passeris,
3101 3509 3291 3549 amans
3318 3497 3482 3561 C(BIIl,
3509 3505 3564 3550 et

1990 3589 2442 3655 stercorivorum,
2499 3597 2552 3640 et
2583 3588 2634 3640 in
2670 3601 2860 3657 greges
2878 3588 3204 3642 crabronum
3235 3587 3563 3643 ferociusin-

1987 3682 2229 3743 saniens,
2287 3688 2342 3735 et
2388 3678 2824 3733 immundissima
2865 3693 3093 3747 quaeque
3151 3695 3249 3748 pro
3305 3679 3565 3734 alimento

1989 3787 2253 3841 usurpare
2300 3771 2541 3826 solitum.
2579 3768 2726 3822 Talis
2779 3769 3370 3836 quodammodomens
3398 3769 3562 3822 etiam

1989 3863 2290 3918 idololatris
2340 3863 2503 3915 inest.
2559 3858 2678 3915 Non
2735 3868 2886 3913 recto
2931 3858 3127 3912 itinere
3179 3859 3247 3913 ad
3278 3859 3564 3912 honestum

1987 3954 2286 4019 contendit,
2315 3954 2408 4008 sed
2433 3963 2584 4006 extra
2610 3953 2683 4016 id,
2715 3951 2858 4021 quod
2889 3961 3312 4006 consentaneum
3349 3958 3432 4006 est
3457 3949 3567 4004 fer-

1987 4055 2097 4100 tur.
2145 4046 2236 4099 Dei
2274 4045 2445 4114 legem
2490 4059 2595 4099 non
2630 4047 2802 4110 novit,
2832 4044 2984 4114 plena
3014 4044 3161 4099 omni
3198 4043 3562 4107 immunditia,

1988 4148 2043 4190 ct
2066 4151 2229 4191 omne
2256 4151 2426 4206 genus
2471 4136 2841 4204 improbitatis
2904 4137 3085 4191 cibum
3125 4152 3280 4191 suum
3333 4137 3560 4189 ducens.

1987 4227 2195 4282 Idcirco
2231 4236 2286 4281 et
2323 4227 2437 4281 alas
2467 4242 2657 4295 upupa:
2684 4227 3016 4281 mulierculis
3045 4237 3255 4296 aptatas
3281 4242 3462 4281 sermo
3491 4225 3566 4278 vi-

1987 4319 2156 4374 sionis
2189 4328 2393 4383 narrat,
2426 4318 2657 4372 similem
2696 4331 2910 4386 quoque
2951 4327 3185 4370 mentem
3216 4329 3272 4371 et
3299 4317 3561 4385 judicium

1989 4411 2094 4465 illis
2141 4411 2320 4466 inesse
2369 4411 2584 4465 docens.
2654 4409 2957 4478 Capessunt
3017 4417 3196 4463 autem
3259 4420 3562 4463 mensuram

259 4507 420 4568 eia;
477 4502 754 4572 ἔμπλεως,
805 4500 899 4552 καὶ
949 4503 1055 4553 πᾶν
1106 4496 1243 4562 εἶδος
1291 4499 1624 4568 φαυλότητος
1671 4499 1882 4567 ἡγεῖται

1990 4503 2279 4572 iniquitate
2338 4502 2622 4571 repletam.
2660 4499 2887 4571 Oportet
2937 4500 3082 4556 enim
3133 4501 3429 4570 quamlibet
3456 4503 3565 4555 ani-

283 4598 534 4672 τροφήν.
574 4594 842 4667 Ταύτῃτοι
875 4593 967 4644 καὶ
1004 4591 1275 4661 πτέρυγας
1318 4591 1518 4653 ἔποπος
1551 4588 1885 4658 ἐνηρμόσθαι

281 4694 407 4753 τοῖς
467 4685 718 4756 γυναίοις
760 4687 788 4738 ὁ
818 4686 917 4754 τῆς
962 4684 1204 4754 ὁράσεως
1249 4681 1352 4752 ἔφη
1400 4681 1576 4748 λόγος,
1627 4679 1726 4751 τὴν
1764 4680 1883 4750 ἴσην

282 4784 523 4838 ἐκείνων
559 4776 782 4848 γνώμην
819 4778 912 4831 καὶ
941 4778 1124 4839 αὐτοῖς
1164 4776 1361 4828 ἐνεῖναι
1391 4773 1674 4827 διδάσκων.
1725 4774 1881 4826 Ἀνα-

283 4873 646 4946 λαμῦάνουσι
678 4871 735 4924 δὲ
773 4870 834 4924 τὸ
876 4870 1072 4940 μέτρον
1105 4870 1168 4939 τῇ
1201 4866 1401 4938 ἀνομίᾳ
1441 4865 1878 4936 μεμεστωμένον.

286 4970 380 5021 Δεῖ
430 4966 553 5036 γὰρ
604 4946 842 5027 ἑκάστην
895 4960 1072 5029 ψυχὴν
1103 4961 1181 5027 τῷ
1229 4959 1343 5030 ίδίῳ
1390 4957 1882 5028 καταφορτίζεσθαι

290 5059 478 5128 βάρει,
509 5053 595 5123 τῷ
629 5053 732 5122 τῆς
781 5052 1084 5122 ἁμαρτίας,
1119 5050 1286 5121 φημί.
1343 5049 1560 5120 Ἐπειδὴ
1593 5050 1650 5102 δὲ
1695 5050 1784 5103 ίσα
1823 5067 1883 5103 τε

288 5151 502 5221 ἀμφοῖν
535 5146 635 5200 καὶ
660 5145 863 5213 ἀδελφὰ
888 5145 956 5198 τὰ
975 5143 1313 5215 ἐγκλήματα,
1335 5145 1434 5214 τῆς
1459 5160 1518 5196 τε
1551 5143 1883 5214 Σαμαρείας,

290 5240 464 5311 φημὶ,
507 5236 609 5292 καὶ
649 5235 747 5304 τῆς
790 5232 1165 5304 Ἰερουσαλὴμ,
1214 5231 1472 5306 ταύτῃτοι
1531 5235 1624 5286 καὶ
1667 5234 1724 5286 ἐν
1786 5231 1886 5302 ῐσῳ

290 5334 486 5404 τρόπῳ
531 5325 982 5398 κατηχθεσμέναι
1031 5324 1108 5395 τῷ
1162 5325 1346 5396 μέτρῳ
1393 5325 1490 5379 καὶ
1537 5327 1605 5395 τῇ
1669 5323 1888 5394 ἀνομίᾳ,

257 5420 263 5440 “
297 5425 622 5495 πνεύματος
665 5417 1029 5488 ἐμπίπτοντος
1065 5418 1187 5480 ταῖς
1241 5417 1498 5486 πτέρυξιν
1545 5416 1743 5479 αὐτῶν,
1783 5415 1896 5479 ὀξεῖ

298 5519 396 5572 καὶ
418 5513 857 5588 ἀπαραποδίστῳ
890 5511 1147 5581 φέρονται
1173 5509 1356 5581 δρόμῳ
1391 5509 1526 5580 πρὸς
1554 5509 1650 5578 τὴν
1679 5508 1785 5560 τῶν
1811 5508 1896 5560 ὰλ-

297 5606 552 5676 λοφύλων
594 5601 804 5674 χώραν,
843 5600 1002 5672 δῆλον
1045 5600 1102 5654 δὲ
1135 5601 1215 5653 ὄτι
1241 5601 1339 5670 τὴν
1369 5599 1480 5652 τῶν
1517 5597 1890 5651 Βαϐυλωνίων.

412 5788 458 5818 ⁶⁹
492 5783 701 5840 Ezcclt.
736 5799 890 5847 χχιιι,
933 5781 1057 5844 Ι,5.
1134 5780 1178 5810 ⁷⁸
1221 5778 1346 5833 ihid.
1390 5777 1441 5829 4.

1995 4611 2137 4649 mam
2171 4609 2270 4649 suo
2296 4609 2462 4649 onere
2492 4595 2730 4660 onerari,
2758 4593 2965 4662 peccati
2993 4593 3235 4664 inquam.
3262 4593 3398 4660 Quia
3435 4609 3565 4649 vero

1991 4685 2145 4755 paria
2186 4693 2310 4740 sunt
2360 4685 2644 4739 ambarum
2701 4693 2757 4738 et
2811 4694 3041 4753 cognata
3081 4692 3328 4754 peccata,
3371 4685 3564 4738 Sama-

1989 4778 2085 4832 riae
2155 4777 2417 4832 nimirum
2469 4787 2522 4831 et
2567 4773 2887 4842 Jerusalem,
2942 4776 3062 4829 ideo
3111 4775 3301 4830 eodem
3351 4790 3566 4844 quoque

1989 4867 2148 4923 modo
2199 4876 2439 4921 oneratae
2485 4879 2737 4919 mensura
2782 4873 2837 4918 et
2877 4862 3187 4932 iniquitate,
3234 4862 3424 4930 spiritu
3466 4861 3566 4914 alis

1989 4974 2178 5013 earum
2229 4957 2524 5019 incidente,
2585 4955 2746 5010 celeri
2787 4969 2850 5008 ac
2893 4969 2996 5018 non
3026 4953 3284 5022 impedito
3313 4967 3475 5004 cursu
3500 4952 3566 5004 ad

1991 5049 2418 5118 alienigenarum
2475 5047 2750 5114 regionem
2802 5043 3216 5114 Babyloniorum
3268 5041 3451 5108 utique
3482 5039 3562 5096 fe-

1993 5149 2208 5194 runtur.
2266 5138 2547 5192 lmmundo
2600 5138 2743 5191 enim
2795 5138 2984 5204 spiritu
3014 5137 3080 5188 ad
3108 5132 3438 5202 peccandum
3473 5148 3567 5189 eas

1994 5228 2328 5298 impellente,
2375 5237 2431 5282 et
2477 5229 2763 5297 iniquitate
2824 5233 3220 5296 praegravante,
3251 5224 3302 5276 in
3349 5225 3568 5293 captivi-

1992 5325 2156 5372 tatem
2221 5315 2531 5382 abstractae,
2558 5328 2612 5372 et
2639 5316 2740 5372 sub
2765 5316 2931 5383 pedes
2956 5312 3297 5367 inimicorum
3341 5316 3569 5367 redactae

1992 5419 2137 5470 sunt.
2168 5408 2462 5478 Postquam
2513 5418 2694 5462 autem
2748 5405 2884 5457 dixit
2937 5404 3130 5458 beatus
3197 5405 3439 5474 angelus,
3473 5419 3569 5458 eos

1992 5502 2204 5558 deferre
2233 5515 2544 5556 mensuram
2604 5499 2671 5551 ad
2716 5495 3091 5551 aedificandam
3124 5494 3224 5564 ipsi
3258 5499 3478 5551 domum
3513 5495 3567 5544 in

1993 5604 2137 5649 terra
2192 5592 2503 5665 Babylonis,
2565 5589 2897 5659 accipiamus
2943 5591 3047 5646 hoc
3103 5587 3230 5642 licet
3265 5603 3362 5658 pro
3395 5587 3568 5652 signo.

1559 5777 1596 5804 ⁷¹
1648 5774 1710 5827 Ill
1757 5774 1887 5842 Reg.
1920 5788 2014 5835 xu,
2058 5772 2124 5824 28
2161 5789 2315 5842 seqq.
