4080 6284
515 311 581 364 87

1503 311 1561 368 S.
1602 309 1872 370 CYRlLLl
1913 313 2387 375 ALEXANDRINI
2425 320 2744 378 ABCHIEP.

3702 313 3791 372 88

512 427 650 481 alios
702 426 863 481 Israel
916 426 1005 482 diu
1048 425 1184 496 apud
1212 426 1394 482 hostes
1420 427 1676 494 victuros,
1729 432 1949 500 quodet
1985 432 2080 488 do-

2191 434 2288 487 Τοῦ
2320 437 2428 506 γὰρ
2476 437 2785 507 ἀκαθάρτου
2835 434 3140 504 πνεύματος
3199 429 3564 492 συνωθοῦντος
3599 430 3786 491 αὑτὰς

2186 533 2264 589 είς
2296 526 2357 580 τὸ
2395 527 2734 598 πλημμελὲς.
2782 526 2874 580 καὶ
2903 529 2968 596 τῇ
3010 523 3209 594 ἀνομίᾳ
3256 519 3781 590 καταφορτίζοντος,

508 611 672 663 statio
704 611 803 679 ipsi
844 609 984 679 apud
1025 611 1209 665 hostes
1257 621 1500 680 paratur.
1541 611 1604 669 1d
1652 617 1794 684 quod
1857 627 2082 672 eventus

2191 617 2636 689 ἀπεκομίσθησαν
2662 622 2740 682 εἷς
2770 616 3170 688 αἰχμαλωσίαν,
3212 613 3308 666 καὶ
3341 612 3446 665 ὑπὸ
3476 611 3645 674 πόδας
3671 627 3781 662 πει

2185 707 2433 761 πτὼκασι
2461 710 2570 762 τῶν
2609 710 2840 779 ἐχθρῶν.
2883 707 3101 777 Ἐπειδὴ
3145 705 3203 758 δέ
3249 704 3460 774 φησινὸ
3497 701 3780 771 μακάριος

511 532 631 572 mus
683 518 962 586 iniquitati
1002 517 1322 586 aediﬁcatur,
1357 521 1520 590 700
1549 529 1602 573 et
1634 521 1797 577 veluti
1831 526 1985 582 sedes
2014 540 2076 580 ac

512 700 856 755 monstravit.
930 697 1025 752 Vix
1075 699 1218 754 enim
1265 701 1664 769 septuagesimo
1709 718 1851 758 anno
1904 704 2076 771 ﬁnito,

509 791 740 845 vinculis
767 791 1046 845 servitutis
1075 790 1233 845 levati
1269 799 1411 844 sunt.

2184 799 2432 865 ἅγγελος,
2459 799 2534 863 ὡς
2566 800 2901 870 ἀποφέρουσι
2931 798 2990 850 τὸ
3020 797 3217 868 μέτρον
3247 793 3597 864 οἰκοδομῆσαι
3618 789 3774 858 αὐτῷ

508 882 685 936 οἰκίαν
722 883 779 936 ὲν
810 884 879 952 γῇ
911 880 1245 944 Βαϐυλῶνος,
1289 882 1584 950 ἀναγκαῖον
1611 885 1757 954 ἡμᾶς
1787 886 1965 938 ἐκεῖνο
2003 889 2161 953 νοεῖν,
2186 888 2261 952 ὠς
2287 889 2400 943 ἐστι
2431 893 2656 962 σημεῖον
2694 889 2787 944 τοῦ
2824 889 3030 962 μακρὸν
3055 888 3182 958 παρ’
3218 885 3430 956 ἐχθροῖς
3458 881 3770 936 διατελέσαι

508 977 697 1050 χρόνον
724 975 847 1037 τοὺς
881 974 938 1038 ἐξ
967 972 1201 1045 Ἰσραὴλ,
1239 972 1303 1026 τὸ
1331 974 1425 1026 καὶ
1447 970 1594 1028 οἶκον
1617 976 2010 1046 οἰκοδομεῖσθαι
2041 982 2107 1049 τῇ
2135 980 2352 1052 ἀνομίᾳ,
2379 982 2473 1036 καὶ
2502 978 2612 1036 οἷον
2633 983 2838 1055 ἴδρυσίν
2859 999 2981 1035 τινα
3010 979 3103 1032 καὶ
3135 978 3321 1031 στάσιν
3358 977 3494 1045 αὐτῇ
3518 972 3767 1042 γίνεσθαι

517 1073 648 1140 παρ’
687 1069 920 1140 ἐχθροῖς.
956 1070 1021 1121 Ὃ
1049 1067 1116 1140 δὴ
1160 1068 1254 1121 καὶ
1275 1067 1603 1123 τετέλεσται.
1645 1071 1812 1135 Μόλις
1842 1073 1952 1144 γὰρ
1985 1074 2168 1138 αὐτοῖς
2197 1075 2597 1148 ἑϐδομηκοστοῦ
2639 1076 3016 1150 πληρωθέντος
3058 1074 3230 1138 ἔτους,
3268 1071 3376 1125 τῶν
3395 1067 3498 1139 τῆς
3521 1067 3763 1128 δουλείας

509 1161 796 1236 ἀνεῖ[ν]ται
822 1160 1054 1221 δεσμῶν.

1159 1255 1308 1310 CAP.
1357 1255 1438 1309 Vl.

588 1347 748 1402 Vens.
770 1347 886 1404 1-8.
914 1345 982 1399 Et
1000 1363 1268 1400 conversus
1298 1363 1436 1410 sum,
1463 1357 1509 1400 et
1529 1346 1691 1401 levavi
1716 1348 1895 1401 oculos
1916 1364 2078 1416 meos,

507 1450 559 1494 et
586 1442 715 1505 vidi,
749 1450 797 1495 et
827 1457 939 1494 ecce
979 1451 1207 1509 quatuor
1235 1455 1423 1493 currus
1461 1439 1781 1508 egredientes
1814 1441 1878 1492 de
1909 1441 2078 1494 medio

508 1537 732 1586 duorum
781 1533 1057 1596 montium,
1113 1540 1161 1584 et
1189 1542 1385 1585 montes
1410 1541 1560 1586 erant
1593 1541 1796 1586 montes
1834 1534 1980 1586 terei.
2013 1530 2080 1586 In

507 1641 668 1678 curru
712 1626 882 1691 primo
902 1625 1019 1694 equi
1051 1623 1186 1691 ruﬁ,
1242 1633 1288 1676 et
1313 1624 1365 1677 in
1397 1641 1554 1677 curru
1580 1627 1806 1679 secundo
1840 1626 1960 1694 equi
1998 1625 2080 1678 ni-

505 1713 607 1782 gri,
647 1723 695 1766 et
719 1713 772 1766 in
800 1729 960 1766 curru
1005 1714 1161 1766 tertio
1207 1716 1324 1783 equi
1357 1715 1506 1778 albi,
1546 1725 1592 1768 et
1617 1715 1670 1767 in
1693 1731 1852 1767 curru
1891 1725 2081 1782 quarto

507 1820 624 1872 equi
677 1805 809 1858 varii
854 1819 899 1857 et
961 1803 1338 1858 multicolores.
1392 1804 1461 1856 Et
1508 1806 1772 1873 respondi,
1801 1814 1848 1859 et
1870 1807 1986 1858 dimi
2013 1806 2081 1857 ad

2765 1262 3022 1315 ΚΕΦΑΛ.
3071 1263 3141 1327 ς’
3168 1299 3181 1312 .

2255 1353 2367 1406 Kal
2394 1352 2757 1422 ἐπέστρεψα,
2794 1353 2891 1407 καί
2921 1349 3036 1423 ἦρα
3064 1350 3204 1416 τοὺς
3243 1346 3588 1417 ὀφθαλμούς
3615 1360 3758 1413 μου,

2184 1444 2281 1496 καί
2313 1443 2463 1510 ἴδον,
2490 1445 2586 1497 καὶ
2613 1443 2741 1498 ἰδοὺ
2771 1444 3039 1510 τέσσαρα
3057 1442 3288 1510 ἅρματα
3319 1435 3763 1504 ἐκπορευόμενα

2185 1536 2254 1589 ἐκ
2281 1536 2477 1605 μέσου
2518 1537 2627 1591 δύο
2661 1537 2866 1604 ὀρέων,
2897 1535 2995 1589 καὶ
3028 1534 3101 1588 τὰ
3135 1533 3240 1600 ὅρη
3289 1525 3368 1600 ἦν
3397 1529 3503 1595 ὅρη
3537 1523 3757 1595 χαλκᾶ.

2202 1628 2297 1680 Ἐν
2330 1627 2409 1692 τῷ
2458 1627 2667 1698 ἅρματι
2700 1625 2778 1692 τῷ
2810 1625 3019 1694 πρώτῳ
3062 1626 3234 1678 ἵπποι
3281 1619 3515 1688 πιψροὶ,
3561 1615 3660 1670 καί
3690 1615 3764 1668 ἐν

2186 1716 2266 1781 τῷ
2297 1716 2509 1786 ἅρματι
2543 1715 2624 1782 τῷ
2661 1715 2916 1784 δευτέρῳ
2949 1716 3117 1768 ἵπποι
3143 1712 3428 1782 μέλανες,
3462 1708 3557 1761 καί
3583 1706 3652 1758 ἐν
3677 1704 3762 1766 τῷ

2187 1807 2398 1876 ἅρματι
2424 1806 2504 1872 τῷ
2539 1807 2714 1875 τρίτῳ
2737 1808 2906 1860 ἵπποι
2935 1804 3165 1867 λευκοὶ,
3195 1802 3292 1856 καί
3327 1801 3396 1854 ἐν
3437 1798 3518 1864 τῷ
3545 1797 3763 1865 ἅρματι

508 1894 753 1966 angelum
784 1895 874 1964 qui
897 1894 1207 1964 loquebatur
1240 1896 1293 1946 in
1326 1910 1406 1948 me
1435 1911 1452 1949 :
1494 1895 1632 1960 Quid
1671 1906 1790 1949 sunt
1814 1897 1946 1961 lucc,
1981 1898 2082 1950 do-

2191 1896 2262 1962 τῷ
2292 1897 2545 1965 τετάρτῳ
2565 1898 2738 1950 ἵπποι
2786 1896 3068 1958 ποικίλοι,
3099 1893 3196 1947 καί
3245 1890 3448 1960 ψαροί.
3496 1889 3605 1942 Kal
3643 1887 3761 1940 ἀπ-

507 1988 690 2041 mine?
719 1985 787 2039 Et
827 1985 1092 2054 respondit
1153 1987 1371 2054 angelus
1405 1989 1492 2057 qui
1523 1986 1832 2056 loquebatur
1858 1989 1912 2041 in
1948 2005 2028 2042 me
2061 2028 2076 2054 ,

509 2089 560 2134 et
593 2080 728 2133 dixit
765 2094 784 2133 :
814 2082 942 2133 Ha'c
999 2086 1121 2132 sunt
1173 2091 1402 2148 quatuor
1453 2082 1590 2134 uenti
1650 2081 1782 2146 caeli,
1815 2083 1905 2151 qui
1927 2098 2076 2151 egre-

2181 1989 2444 2056 εκρίθην,
2492 1987 2591 2044 καί
2624 1985 2764 2041 εἶπα
2809 1985 2962 2055 πρὸς
3010 1986 3117 2039 τὸν
3167 1983 3446 2053 ἄγγελον,
3486 1980 3594 2032 τὸν
3645 1980 3758 2031 ,ια-

2178 2081 2407 2134 λοῦντα
2431 2080 2501 2133 ἐν
2541 2081 2705 2150 ἐμοί’
2748 2079 2810 2134 Τί
2839 2079 2970 2132 ἐστι
2999 2078 3218 2144 ταῦτα,
3261 2075 3466 2144 κύριε;
3505 2072 3614 2126 Kal
3646 2071 3763 2125 ἀπ-

509 2172 732 2226 diuntur
749 2181 804 2225 ut
824 2172 1072 2226 assistant
1091 2170 1320 2225 Domino
1337 2174 1505 2227 omnis
1525 2184 1700 2228 terrw.
1726 2173 1790 2227 In
1804 2191 1905 2244 quo
1923 2184 2073 2229 erant

2191 2174 2379 2240 ςκρίθη
2433 2173 2463 2226 ὁ
2511 2173 2764 2243 ἄγγελος
2820 2175 2852 2226 ὀ
2899 2171 3105 2226 λαλῶν
3153 2171 3222 2224 ἐν
3270 2167 3417 2237 ἐμοὶ,
3467 2164 3565 2220 καὶ
3594 2159 3759 2218 εἴπεο

508 2265 628 2332 equi
667 2262 822 2332 nigri,
857 2262 1260 2332 egrediebantur
1293 2280 1452 2332 super
1487 2274 1680 2317 terram
1715 2265 1997 2334 aquilonis,
2032 2275 2083 2320 et

510 2353 620 2407 albi
667 2353 1066 2424 egrediebantur
1112 2364 1226 2423 post
1260 2371 1367 2408 eos.
1417 2353 1484 2407 Et
1519 2356 1652 2408 varii
1681 2357 1887 2410 exibant
1927 2374 2084 2427 super

512 2457 710 2498 terram
762 2446 952 2507 austri,
981 2455 1029 2499 et
1080 2445 1436 2499 multicolores
1486 2445 1903 2515 egrediebantur,
1929 2457 1975 2500 et
2001 2449 2083 2500 in-

509 2537 794 2602 spiciebant
817 2537 1082 2591 utirentet
1106 2536 1442 2590 circumirent
1465 2534 1754 2590 terram.Et
1779 2537 1912 2590 dixit
1934 2552 1951 2590 :
1975 2535 2079 2602 Ite,

509 2637 557 2682 et
588 2628 806 2682 circuite
833 2640 1046 2681 (errant.
1086 2626 1150 2680 Et
1191 2627 1506 2679 circuierunt
1531 2635 1748 2681 terram.
1779 2625 1849 2679 Et
1883 2627 2082 2681 clama-

511 2721 604 2783 vit,
641 2729 690 2775 et
723 2721 930 2774 locutus
951 2729 1029 2774 est
1052 2720 1120 2773 ad
1146 2719 1438 2780 me,dicens
1458 2733 1477 2770 :
1520 2717 1654 2771 Ecce
1679 2719 1768 2788 qui
1798 2719 2080 2788 egrediun-

512 2819 598 2862 tur
640 2827 796 2880 super
839 2819 1030 2864 terram
1085 2809 1376 2879 aquilonis,
1406 2818 1456 2861 et
1492 2809 1810 2878 requiescere
1846 2809 2080 2876 fecerunt

512 2898 744 2967 furorem
769 2917 935 2954 meum
951 2917 1108 2969 super
1128 2912 1315 2954 terram
1336 2901 1617 2970 aquilonis.

2188 2264 2378 2319 Ταῦτά
2409 2265 2578 2319 ἐστιν
2605 2268 2660 2318 ol
2689 2265 2988 2333 τέσσαρες
3015 2264 3225 2333 ἄνεμοι
3252 2260 3360 2314 τοῦ
3399 2257 3681 2326 οὐρανοῦ,
3703 2255 3765 2310 ot

2182 2357 2609 2424 ἐκπορεύονται
2648 2355 3025 2426 παραστῆναι
3048 2354 3130 2421 τῷ
3175 2354 3368 2422 Κυρίῳ
3405 2351 3610 2417 πάσης
3652 2347 3761 2417 τῆς

2182 2449 2315 2518 γῆς.
2369 2450 2470 2501 Ἐν
2493 2441 2541 2514 ᾧ
2567 2446 2727 2518 ἦσαν
2747 2449 2918 2501 ἵπποι
2943 2450 2995 2501 οι
3021 2446 3302 2516 μέλανες,
3333 2442 3762 2510 ἐξεπορεύοντο

2181 2541 2279 2594 ἐπὶ
2310 2539 2423 2610 γῆν
2447 2540 2660 2609 βορρᾶ,
2685 2541 2784 2594 καὶ
2811 2543 2865 2594 οἱ
2905 2539 3114 2595 λευκοί
3155 2537 3583 2606 ἐξεπορεύοντο
3622 2549 3761 2586 xar-

2185 2631 2434 2684 όπισθεν
2461 2631 2679 2685 αὐτῶν.
2707 2631 2813 2684 Καὶ
2842 2634 2896 2685 ol
2921 2632 3183 2684 ποικίλοι
3206 2627 3634 2695 ἐξεπορεύοντο
3662 2624 3758 2676 ἐπὶ

2186 2723 2303 2792 γῆν
2330 2725 2530 2788 νότου,
2579 2723 2677 2777 καί
2715 2725 2767 2776 οὶ
2805 2722 2986 2792 ψαροὶ
3031 2720 3482 2788 ἐξεπορεύοντο,
3518 2717 3615 2769 καί
3653 2715 3761 2767 ἐπ-

2186 2811 2442 2866 έϐλεπον
2485 2813 2590 2866 τοῦ
2627 2813 3004 2880 πορεύεσθαι,
3057 2811 3162 2865 τοῦ
3215 2807 3598 2877 περιοδεῦσαι
3649 2806 3762 2872 τὴν

2187 2903 2323 2972 γῆν.
2369 2904 2477 2958 Kal
2531 2902 2696 2958 εἷπε·
2772 2905 3126 2972 Πορεύεσθε,
3186 2901 3285 2956 καί
3338 2899 3760 2968 περιοδεῦσαι-ε

510 2989 628 3058 τὴν
681 2987 818 3059 γῆν.
882 2990 991 3044 Kal
1051 2989 1462 3058 περιώδευσαν
1512 2990 1627 3059 τὴν
1673 2990 1808 3061 γῆν.
1860 2991 1968 3046 Kal
2018 2993 2334 3061 ἀνεϐόησε,
2387 2995 2487 3048 καὶ
2546 2995 2818 3063 Aldinae
2877 2996 3027 3063 πρός
3101 3011 3198 3064 με,
3242 2992 3468 3062 λέγων·
3512 2989 3665 3047 Ἰδοὺ
3706 2990 3760 3043 οι

509 3080 967 3149 ἐκπορευόμενοι
1011 3080 1109 3135 ἐπὶ
1149 3080 1268 3151 γῆν
1306 3079 1525 3150 βορρᾶ,
1580 3081 1679 3134 καί
1739 3081 2097 3136 ἀνέπαυσαν
2129 3084 2235 3138 τὸν
2267 3086 2457 3154 θυμόν
2483 3102 2600 3154 μου
2639 3085 2708 3139 ἐν
2738 3084 2817 3154 γῇ
2844 3083 3056 3153 βορρᾶ.
3137 3120 3146 3122 ~

582 3173 792 3228 XXXII.
827 3173 1018 3229 Docuit
1047 3183 1192 3242 ante,
1224 3175 1336 3228 suis
1367 3175 1600 3244 ipsorum
1636 3174 1846 3243 laqueis
1875 3185 2080 3244 captos,

2256 3179 2378 3234 AB’.
2411 3178 2806 3249 Προῦπέδειξεν
2843 3179 2923 3231 ὅτι
2955 3179 3067 3240 τοῖς
3097 3175 3246 3246 σφῶν
3278 3173 3456 3228 αὐτῶν
3485 3173 3760 3235 ὲναλόντες

509 3279 565 3322 ct
622 3268 828 3324 catenis
865 3277 1204 3336 peccatorum
1257 3285 1476 3324 suorum
1533 3271 1879 3338 constrictos,
1943 3271 2084 3326 sicut

513 3358 772 3426 scriptum
822 3359 995 3420 est",
1031 3357 1082 3410 in
1114 3358 1364 3424 ignotam
1421 3360 1694 3428 regionem
1746 3360 2080 3428 discessisse,

517 3451 893 3518 habitasseque
940 3453 1078 3517 apud
1107 3449 1292 3503 hostes
1329 3491 1344 3516 ,
1385 3450 1653 3504 insuetum
1705 3452 2086 3519 servitutisju-

515 3558 642 3613 gum
688 3541 1069 3612 perpetientes.
1101 3543 1367 3595 Caeterum
1392 3552 1446 3596 et
1473 3552 1576 3596 tem
1589 3557 1718 3613 pora
1745 3543 2084 3597 liberatiouis

518 3632 762 3701 redigere
823 3631 878 3685 iu
936 3631 1254 3684 memoriam
1308 3633 1809 3700 oportebat;quare
1867 3633 2086 3687 insertis

515 3722 635 3776 aliis
692 3737 879 3777 eorum
939 3722 1206 3777 meminit.
1252 3722 1453 3778 Doctus
1511 3733 1596 3778 est
1642 3726 1785 3779 enim
1826 3726 2083 3793 propheta

516 3813 836 3882 compendio
865 3812 1045 3866 omnia
1063 3813 1207 3882 genti
1232 3813 1358 3867 olim
1389 3823 1668 3868 eventura.
1693 3813 1834 3884 Ergo
1857 3823 2088 3884 quatuor

517 3921 711 3959 currus
737 3905 791 3958 in
821 3905 998 3958 medio
1025 3903 1285 3958 montium
1307 3920 1568 3959 tereorum
1601 3905 1829 3961 dicimus
1852 3923 1974 3963 esse
2006 3927 2086 3966 re-

517 4013 622 4066 gna
686 3996 1075 4064 illustrissima,
1099 4013 1219 4068 qua!
1250 4000 1301 4052 in
1345 3997 1565 4050 totidem
1595 4000 1778 4052 mundi
1817 4000 2080 4065 climatis,

520 4089 635 4142 sive
667 4089 734 4143 ad
784 4097 1016 4158 quatuor
1056 4100 1248 4144 ventos
1293 4089 1409 4144 suis
1450 4089 1696 4142 aetatibus
1755 4091 2082 4146 claruerunt.

521 4181 730 4236 Montes
771 4195 944 4236 :ereos
970 4182 1072 4236 dici
1093 4181 1323 4249 conjicio
1343 4180 1676 4234 duasmundi
1709 4189 1909 4248 partes.
1928 4184 2081 4253 701

518 4272 745 4337 Quidam
807 4273 951 4327 enim
986 4274 1173 4327 orbem
1225 4280 1393 4326 totum
1421 4273 1472 4324 in
1509 4270 1777 4340 Europam
1823 4284 1875 4327 et
1901 4273 2083 4328 Asiam

517 4363 784 4428 dividunt,
814 4362 966 4430 cujus
999 4373 1178 4432 partes
1210 4378 1362 4417 aereae
1387 4372 1604 4430 propter
1639 4364 1946 4419 ﬁrmitatem
1977 4383 2082 4418 nu-

517 4455 824 4522 dequaque,
856 4462 910 4508 et
937 4454 1391 4518 inunobilitatem,
1421 4463 1474 4506 et
1521 4455 1645 4522 quia
1679 4456 1790 4510 laedi
1820 4472 1925 4511 non
1957 4473 2084 4526 pos-

2192 3271 2424 3342 βρόχοις,
2454 3273 2546 3325 καὶ
2573 3273 2784 3340 σειραῖς
2821 3271 2930 3323 τῶν
2972 3270 3116 3323 ἰδίων
3173 3268 3587 3339 ἁμαρτημάτων
3630 3282 3759 3319 κατ-

2190 3363 2526 3432 εσφιγμένοι,
2569 3362 2712 3416 κατὰ
2780 3362 2841 3414 τὸ
2881 3360 3286 3432 γεγραμμένον,
3334 3361 3414 3422 είς
3456 3357 3763 3426 ἀλλοδαπὴν

2190 3452 2489 3524 ἀπῴχοντο,
2524 3455 2615 3506 καὶ
2647 3454 3005 3523 κατῳκήκασι
3046 3452 3175 3521 παρ’
3209 3451 3438 3521 ἐχθροῖς,
3471 3447 3561 3499 τὸν
3614 3447 3760 3517 ἀήθη

2191 3543 2290 3613 τῆς
2319 3544 2559 3607 δουλείας
2604 3544 2928 3599 ἀνατλάντες
2962 3542 3143 3610 ζυγόν.
3197 3541 3336 3596 Ἀλλ’
3363 3536 3430 3611 ἦν
3466 3539 3765 3606 ἀναγκαῖον

2193 3636 2419 3689 καὶτῶν
2456 3636 2555 3705 τῆς
2600 3633 2921 3705 λυτρώσεως
2962 3631 3364 3703 διαμεμνῆσθαι
3411 3630 3640 3700 καιρῶν,
3671 3628 3764 3680 καὶ

2191 3728 2254 3798 δὴ
2281 3729 2513 3780 ποιεῖται
2537 3725 2637 3796 τὴν
2664 3725 2916 3794 δήλωσιν,
2945 3723 3519 3794 προεμπεπλεγμένων
3541 3721 3760 3792 ἐτέρων.

2206 3822 2543 3874 Ἑδιδάσκετο
2568 3819 2675 3889 γὰρ
2703 3820 2731 3870 ὁ
2773 3819 3058 3890 προφήτης
3099 3816 3399 3886 συλλήϐδην
3435 3813 3670 3878 ἅπαντα,
3698 3812 3766 3865 τὰ

2191 3915 2268 3984 τῷ
2298 3914 2438 3965 ἔθνει
2483 3912 2872 3982 συμϐησόμενα
2920 3911 3060 3964 κατὰ
3105 3910 3352 3979 καιρούς.
3398 3907 3480 3959 Τὰ
3525 3905 3766 3975 τέσσαρα

2191 4006 2368 4057 τοίνυν
2395 4003 2635 4073 ἅρματα,
2660 4003 2734 4065 τὰ
2767 4004 2824 4056 ὲν
2859 4002 3008 4071 μέσῳ
3035 4001 3143 4053 τῶν
3179 4001 3349 4071 ὀρέων
3389 3998 3497 4050 τῶν
3526 3996 3762 4068 χαλκῶν,

2194 4095 2371 4165 φαμὲν
2401 4090 2542 4147 εἶναι
2577 4094 2741 4146 πάλιν
2779 4094 2877 4156 τὰς
2918 4093 3026 4145 τῶν
3055 4091 3230 4146 ἄλλων
3260 4088 3550 4160 βασιλειῶν
3576 4089 3766 4158 ἐπιση-

2197 4183 2449 4255 μοτέρας,
2488 4183 2585 4246 τὰς
2623 4183 2680 4234 ὲν
2713 4185 2825 4244 τοῖς
2851 4181 3108 4251 τέσσαρσι
3138 4179 3416 4248 κλίμασιν,
3451 4180 3618 4249 ἤγουν
3648 4178 3766 4232 ἀνέ-

2197 4289 2341 4344 μοις,
2367 4277 2480 4336 τοῖς
2506 4274 2597 4326 ὑπ’
2629 4273 2856 4343 οὐρανὸν
2877 4272 3020 4324 κατὰ
3045 4273 3268 4340 καιροὺς
3295 4270 3763 4339 ἀναδεδειγμένας.

2198 4368 2337 4436 Ὀρη
2375 4366 2430 4418 δὲ
2454 4361 2605 4436 οἶμαι
2634 4365 2887 4432 λέγεσθαι
2917 4363 2984 4416 τὰ
3025 4364 3202 4432 χαλκᾶ
3230 4363 3299 4414 τὰ
3329 4362 3422 4414 δύο
3465 4363 3562 4432 τῆς
3586 4364 3753 4414 οίκου-

2197 4458 2365 4528 μένης
2391 4459 2671 4528 τμήματα.
2706 4455 2972 4524 Τέμνουσι
3005 4455 3110 4524 γάρ
3143 4471 3287 4515 τινες
3311 4455 3391 4515 εἰς
3413 4453 3684 4523 Εὐρώπην
3707 4469 3764 4503 τε

519 4556 665 4600 sunt.
707 4545 894 4601 Psallit
944 4545 1091 4600 enim
1136 4545 1330 4600 alicubi
1362 4545 1576 4601 divinus
1629 4546 1793 4601 David
1820 4549 2086 4602 universi-

2191 4548 2283 4600 καὶ
2321 4548 2503 4600 Ἀσίαν
2534 4548 2632 4617 τὴν
2665 4545 2955 4615 σύμπασαν
2994 4547 3096 4616 γῆν
3123 4563 3138 4578 ·
3180 4545 3356 4614 χαλκᾶ
3391 4544 3447 4597 δὲ
3485 4545 3667 4605 αὐτοῖς
3699 4541 3766 4593 τὰ

523 4638 650 4694 tatis
678 4637 872 4710 Opiﬁci
907 4657 920 4694 :
955 4656 973 4689 ι
1011 4637 1268 4692 Fundasti
1303 4648 1521 4704 terram,
1551 4647 1604 4693 et
1631 4651 1913 4706 permanet
1949 4639 2088 4694 ordi-

521 4733 737 4789 natione
795 4742 886 4787 tua
909 4732 976 4788 ".
1011 4750 1036 4786 ι
1055 4731 1191 4787 llaec
1235 4731 1395 4802 igitur
1420 4743 1477 4786 ut
1504 4749 1532 4786 a
1558 4742 1791 4801 quatuor
1813 4734 1988 4788 ventis
2011 4748 2091 4786 re-

520 4839 623 4891 gna
677 4825 910 4889 caeteris,
955 4829 1019 4878 ut
1071 4824 1329 4887 diximus,
1388 4827 1692 4892 potentiora
1755 4824 2090 4891 multamque

519 4913 712 4966 sortita
769 4912 1256 4984 gloriam-egressa
1319 4923 1445 4968 sunt
1477 4914 1732 4967 assistere
1757 4909 2088 4966 Domiuatori

521 5003 697 5058 υιηηίε
724 5004 1257 5064 ιεειω.Μεῑειειιιίο
1285 5004 1611 5060 inservieudi
1652 5003 1870 5056 modum
1910 5011 2093 5056 osten-

520 5095 598 5148 dit
626 5113 639 5149 :
673 5097 1143 5151 servieruntenim
1197 5099 1416 5152 nutibus
1451 5097 1590 5163 ejus,
1641 5094 1964 5163 fueruntque
1996 5109 2094 5147 ro-

520 5189 676 5242 lmsta
717 5199 771 5243 et
825 5189 1024 5261 inclyta
1059 5207 1155 5259 per
1182 5192 1382 5258 ipsum,
1426 5186 1696 5256 quodillis
1729 5185 2092 5241 emolumento

523 5279 642 5332 t'uit.
668 5278 800 5332 Nam
846 5280 1040 5349 siquid
1090 5280 1347 5351 praeclare
1401 5286 1705 5348 gesserunt,
1739 5277 2097 5347 regionesque

524 5379 579 5421 et
603 5369 762 5424 nrbes
789 5381 1187 5440 expugnarunt,
1212 5387 1276 5426 eo
1334 5378 1607 5425 annuente
1654 5377 1864 5424 tantum
1914 5371 2097 5424 value-

527 5471 672 5514 runt.
726 5460 936 5515 Etenim
981 5462 1024 5516 si
1057 5477 1242 5516 verum
1292 5462 1423 5516 dicit
1474 5463 1732 5531 pr0plieta
1774 5478 1832 5516 ει
1867 5459 1981 5513 Non
2015 5467 2099 5513 est

527 5552 726 5608 malum
756 5553 810 5608 in
831 5554 1065 5619 civitate,
1099 5554 1240 5622 quod
1271 5566 1375 5605 non
1397 5553 1524 5606 fecit
1552 5553 1813 5608 Dominus
1833 5552 1902 5616 7‘,
1941 5569 1960 5603 ι
1983 5552 2094 5620 (n0-

2200 4640 2360 4709 μέρη,
2396 4640 2486 4692 διά
2507 4657 2566 4691 τε
2599 4639 2662 4690 τὸ
2705 4639 3018 4709 ἐρηρεῖσθαι
3050 4637 3359 4700 διαπαντὸς,
3401 4637 3494 4689 καὶ
3538 4636 3768 4704 ἀκλονή-

2194 4747 2303 4790 τως
2333 4728 2498 4797 ἔχειν,
2525 4727 2619 4780 καὶ
2669 4727 2940 4797 μηδεμιᾶς
2970 4725 3258 4794 ἀνέχεσθαι
3301 4725 3522 4795 βλάϐης.
3562 4724 3767 4777 Ψὰλλει

2197 4821 2306 4889 γάρ
2337 4837 2436 4870 που
2468 4817 2560 4870 καὶ
2606 4819 2635 4869 ὁ
2666 4817 2948 4879 θεσπέσιος
2989 4816 3154 4869 Δαϐὶδ
3185 4817 3320 4887 πρὸς
3354 4817 3446 4869 τὸν
3480 4816 3589 4869 τῶν
3630 4815 3768 4868 ὅλων

2195 4907 2539 4979 Δημιουργόν
2564 4923 2577 4936 ⁸
2615 4925 2633 4958 ι
2677 4907 3075 4976 Ἐθεμελίωσας
3119 4908 3218 4976 τὴν
3243 4909 3368 4979 γῆν,
3400 4907 3494 4960 καὶ
3525 4907 3768 4977 διαμένει.

2197 5002 2262 5069 τῇ
2309 4998 2550 5063 διατάξει
2588 5015 2700 5051 σου.
2735 5018 2752 5049 ι
2789 4995 2954 5053 Abeat
2988 4999 3051 5069 δὴ
3085 4995 3180 5052 οὖν
3208 5000 3265 5051 αἱ
3295 4999 3370 5060 ὡς
3411 4998 3610 5052 ἐκτῶν
3641 5013 3768 5049 τεσ-

2204 5092 2384 5162 σάρων
2431 5091 2646 5160 ἀνέμων
2695 5089 2978 5159 βασιλεῖαι,
3022 5090 3130 5143 τῶν
3183 5089 3378 5155 ἄλλων,
3415 5088 3492 5152 ὡς
3538 5088 3768 5158 ἔφημεν,

2198 5181 2591 5253 ἀλκιμώτεραι,
2625 5182 2721 5234 καὶ
2752 5182 2887 5234 πολὺ
2935 5182 3196 5252 λαχοῦσαι
3235 5181 3295 5234 τὸ
3331 5181 3570 5245 εὐκλεὲς,
3612 5180 3774 5251 ἐξῆλ-

2198 5275 2289 5329 θον
2320 5277 2666 5347 παραστῆναι
2690 5274 2771 5344 τῷ
2796 5275 2986 5346 Κυρίῳ
3020 5277 3201 5346 πάσης
3233 5273 3334 5343 τῆς
3363 5275 3482 5343 γῆς.
3530 5274 3592 5325 Ἡ
3622 5272 3679 5325 δέ
3709 5289 3775 5340 γε

2199 5369 2564 5438 παράστασις,
2582 5367 2674 5421 τὸν
2691 5367 2792 5436 τῆς
2809 5366 3053 5429 δουλείας
3079 5369 3212 5436 ἡμῖν
3235 5365 3522 5435 ὑποφαίνει
3544 5364 3770 5435 τρόπον·

2197 5455 2572 5509 δεδουλεύκασι
2602 5455 2710 5527 γὰρ
2743 5459 2854 5518 τοῖς
2883 5455 3048 5508 αὑτοῦ
3079 5455 3331 5524 νεύμασι,
3365 5455 3458 5508 καὶ
3485 5455 3776 5522 γεγόνασιν

2205 5547 2422 5618 ἰσχυραί
2459 5565 2517 5601 τε
2551 5549 2645 5601 καὶ
2689 5549 2963 5618 διαϐόητοι
3011 5547 3078 5601 δι’
3123 5546 3310 5614 αὐτοῦ,
3356 5548 3450 5603 καὶ
3491 5545 3652 5600 τοῦτο
3677 5563 3778 5602 κεν

594 5734 635 5760 τ’
682 5727 913 5794 Prov.v,
945 5726 1034 5786 ἐξ.
1111 5727 1155 5758 ⁷³
1191 5724 1335 5783 Psal.
1370 5737 1560 5788 cxvru,
1602 5723 1688 5779 90.
1765 5727 1810 5759 “
1836 5730 2000 5783 Amos
2032 5743 2112 5794 ut,
2145 5725 2199 5780 6-

3793 5095 3808 5176 l
