4080 6284
311 386 378 441 SO
1158 380 1709 440 COMMENTARIUS
1745 380 1811 435 1N
1852 381 2256 439 ZACIIARIAM
2291 383 2737 442 PROPHETAM.
3485 393 3555 449 90

305 521 365 557 κε
378 500 656 572 ρδάκασιν.
694 499 755 551 Εἰ
783 498 890 569 γάρ
925 514 975 550 τι
1006 498 1099 551 καὶ
1127 496 1439 569 δεδράκασι.
1468 496 1559 551 καὶ
1588 495 1847 568 κατηνδρί

1980 497 2124 552 mine
2157 498 2281 552 mali
2310 500 2409 553 hoc
2442 499 2561 553 loco
2578 497 2919 553 aﬂlictionem
2949 499 3264 571 accipimus)
3281 504 3553 572 quomodo

304 607 468 645 σαντο
509 591 699 660 χωρῶν
740 589 772 659 ἢ
828 588 1065 654 πόλεων,
1118 587 1284 641 αὐτοῦ
1336 588 1743 652 κατανεύοντος,
1795 588 1876 650 εἰς

301 684 461 736 τοῦτο
488 682 550 752 δὴ
581 680 743 734 πάλιν
778 679 1047 750 προῆλθον
1080 676 1284 749 ίσχύος.
1312 679 1373 732 Ei
1404 680 1513 751 γάρ
1554 681 1700 731 ἐστιν
1740 678 1874 748 άλη-

300 772 399 843 θὴς
426 774 455 825 ὁ
481 772 764 841 προφήτης
786 768 961 838 λέγων
984 785 997 799 °
1033 789 1051 820 ι
1093 770 1207 823 Ούκ
1236 770 1352 823 ἐστι
1399 769 1565 824 κακία
1602 770 1660 823 ἐν
1698 768 1872 835 πόλει,

298 866 365 933 ἦν
399 864 600 934 Κύριος
629 862 729 916 οὐκ
753 860 977 932 ἐποίησε
998 879 1010 891 ·
1055 880 1074 913 ι
1111 862 1309 916 κακίαν
1348 862 1405 915 δέ
1443 878 1625 931 φαμεν
1662 862 1720 914 ἐν
1751 859 1874 914 τού-

297 973 409 1018 τοις
433 955 531 1025 τὴν
552 956 795 1009 κάκωσιν
818 971 833 987 ο
858 952 978 1015 πῶς
1013 951 1079 1007 ἂν
1099 953 1302 1007 ἐκεῖναι
1340 954 1672 1024 κατίσχυσαν
1701 950 1872 1005 ἐθνῶν

296 1047 390 1098 καὶ
428 1045 641 1118 χωρῶν,
674 1047 747 1117 μὴ
780 1048 902 1118 οὐχὶ
938 1048 1003 1120 δὴ
1037 1048 1219 1110 πάλιν,
1255 1046 1425 1101 αὑτοῦ
1453 1045 1515 1099 τὸ
1543 1043 1871 1116 κατισχύσαι

293 1138 553 1208 νέμοντος
581 1138 973 1207 οίκονομικῶς;
1009 1139 1166 1201 Τίνες
1192 1138 1248 1191 δέ
1279 1137 1343 1207 δὴ
1379 1137 1470 1190 καὶ
1497 1138 1554 1189 αί
1582 1136 1869 1206 βασιλεῖαι,

295 1230 485 1301 καιρὸς
535 1230 636 1299 ήδη
668 1229 868 1297 λέγειν.
920 1228 1128 1283 Οὐκοῦν
1154 1232 1211 1283 ἐν
1250 1230 1349 1300 μὲν
1396 1228 1475 1298 τῷ
1535 1228 1742 1299 ἅρματι
1790 1225 1868 1298 τῷ

294 1320 517 1391 πρώτῳ,
542 1321 729 1391 φησὶν,
757 1321 912 1373 ἵπποι
928 1322 1147 1391 πυρῤοὶ,
1169 1320 1269 1391 τῆς
1288 1318 1567 1374 Χαλδαίων
1590 1318 1869 1388 βασιλείας

292 1411 703 1476 ἀνατυποῦντες
736 1412 821 1481 ἐφ’
860 1413 1071 1476 ἑαυτοῖς
1112 1411 1209 1483 τὴν
1255 1412 1535 1482 ὠμότητα.
1582 1412 1867 1483 Πυρροτης

292 1504 558 1582 γὰρὴμῖν
606 1504 705 1576 τὴν
750 1505 982 1575 αἵματος
1010 1504 1165 1576 χύσιν
1198 1505 1564 1559 ὐπαινίττοιτο
1594 1504 1680 1571 ἂν,
1721 1502 1866 1557 κατά

293 1615 356 1665 γε
386 1598 447 1651 τὸ
494 1598 673 1661 εἰκός·
707 1598 1020 1669 φιλαίματοι
1067 1595 1175 1667 γὰρ
1223 1594 1342 1648 λίαν
1392 1596 1442 1647 οί
1491 1591 1859 1647 Βαϐυλώνιοι·

292 1703 433 1762 εἷλον
462 1708 569 1779 γὰρ
620 1709 772 1763 αὐτοὶ
812 1708 913 1779 τὴν
956 1705 1238 1771 Ἰουδαίαν,
1291 1705 1386 1759 καὶ
1422 1703 1524 1766 τὰς
1570 1705 1628 1758 ἐν
1661 1704 1727 1773 τῇ
1754 1703 1863 1755 Σα-

294 1800 494 1871 μαρείᾳ
522 1799 642 1854 πόλε

288 1891 364 1961 τῷ
392 1892 596 1962 άρματι
626 1892 705 1963 τῷ
737 1891 976 1961 δευτέρῳ
1004 1891 1159 1947 ἵπποι
1184 1888 1433 1959 μέλανες.
1466 1888 1649 1939 Ἔοικε
1681 1884 1735 1937 δὲ
1765 1883 1865 1953 τὴν

289 1976 515 2051 Περσῶν
544 1998 604 2032 τε
637 1981 733 2034 καί
754 1980 953 2050 Μήδων
980 1981 1080 2050 τὴν
1099 1978 1202 2031 ὑπό
1223 1995 1286 2047 γε
1308 1977 1498 2048 Κύρῳ,
1519 1977 1683 2046 φημὶ,
1718 1975 1865 2044 βασι-

289 2071 439 2123 λείαν
473 2070 791 2141 ὑποδηλοῦν.
845 2071 1031 2124 Μέλαν
1058 2070 1115 2122 δὲ
1143 2072 1238 2123 καὶ
1274 2069 1485 2131 τούτοις
1524 2067 1862 2137 περιτέθεικε

290 2163 509 2232 Χριῖιμα,
538 2162 627 2217 διὰ
652 2162 733 2224 τὸ,
763 2157 938 2231 οἶμαι,
978 2161 1224 2215 πλεῖστόν
1257 2179 1319 2214 τε
1345 2161 1467 2213 ὅσον
1493 2160 1587 2213 καὶ
1616 2158 1861 2230 ἀμέτρη-

285 2269 381 2305 τον
415 2256 528 2315 τοῖς
569 2253 850 2306 Χαλδαίων
899 2252 1104 2305 ἔθνεσιν
1150 2252 1436 2323 ἐπιρῤίψαι
1483 2251 1735 2313 θάνατον,
1767 2250 1861 2303 καὶ

279 2346 415 2413 ὅλην
456 2346 641 2407 αὐτοῖς
691 2345 785 2414 τὴν
810 2344 994 2414 χώραν
1036 2344 1096 2397 ἐν
1150 2342 1333 2396 πένθει
1380 2340 1631 2410 γενέσθαι
1675 2358 1857 2412 παραο

278 2436 567 2490 σκευάσαι.
618 2435 854 2498 Πένθους
891 2436 947 2489 δέ
984 2435 1080 2487 καὶ
1114 2434 1345 2489 θανάτου
1375 2434 1436 2487 τὸ
1481 2435 1639 2501 φαιὸν
1674 2432 1739 2486 ἂν
1767 2431 1853 2503 εἵη

280 2527 569 2598 σύμϐολον.
598 2527 845 2590 Λευκοὺς
876 2526 932 2580 δὲ
968 2522 1107 2581 εἷναί
1140 2542 1273 2597 φησι
1301 2525 1427 2587 τοὺς
1464 2525 1520 2577 ἐν
1545 2523 1751 2595 ἅρματι
1775 2522 1855 2596 τῷ

280 2620 467 2690 τρίτῳ,
496 2620 596 2690 τὴν
628 2617 896 2688 Ἐλλήνων
928 2635 1032 2672 που
1068 2618 1210 2687 τάχα
1248 2617 1340 2670 καὶ
1367 2615 1695 2671 Μακεδόνων
1722 2615 1855 2668 ὑπο-

279 2712 486 2780 φαίνων
512 2710 707 2781 άρχὴν,
743 2709 842 2763 εἶτ’
876 2705 967 2765 οὖν
1017 2710 1117 2780 τὴν
1160 2708 1512 2780 Ἀλεξάνδρου
1549 2707 1849 2777 βασιλείαν.

277 2804 478 2856 Λευκοὶ
506 2801 583 2867 δὲ,
626 2803 706 2855 ὅτι
746 2802 841 2855 καὶ
880 2801 1231 2872 ἁϐροδίαιτοι,
1265 2802 1359 2855 καὶ
1397 2803 1457 2853 ἐν
1504 2799 1725 2862 λευκαῖς
1775 2798 1851 2862 ώς

276 2895 477 2947 ἐπίπαν
508 2893 719 2957 στολαῖς
742 2893 810 2947 τὰ
848 2893 1115 2964 Ἐλλήνων
1138 2893 1265 2963 ἔθνη
1284 2909 1298 2923 '
1333 2892 1426 2945 καὶ
1451 2892 1534 2947 ὅτι
1556 2891 1655 2962 τὴν
1679 2889 1852 2959 γλῶτ-

273 3001 371 3037 ταν
396 2986 608 3052 σαφεῖς,
639 2985 739 3054 τῆς
778 2983 1051 3057 βαρϐάρου
1093 2987 1276 3055 φωνῆς
1298 2982 1358 3036 τὸ
1387 2983 1548 3038 οἱονεὶ
1574 2981 1850 3036 σκοτεινὸν

272 3074 371 3126 οὐκ
390 3072 626 3143 ἔχοντες.
657 3075 746 3128 Ἐν
772 3076 828 3128 δὲ
860 3075 938 3143 τῷ
958 3074 1224 3145 τετάρτῳ,
1254 3075 1436 3144 φησὶν,
1463 3074 1669 3144 ἆρματι
1692 3075 1850 3127 ἵπποι

271 3166 413 3228 τινὲς
442 3162 590 3236 ἦσαν
626 3167 860 3220 ποικίλοι
906 3167 1000 3219 καὶ
1027 3166 1211 3237 ψαροί’
1253 3165 1430 3218 ίστέον
1454 3164 1533 3230 δὲ,
1562 3168 1644 3219 ὅτι
1675 3168 1707 3235 ἡ
1741 3166 1850 3217 τῶν

282 3255 552 3327 Ἐϐραίων
592 3255 824 3320 ἐκδοσις,
877 3258 972 3308 καὶ
1018 3257 1196 3325 ἕτεροι
1238 3255 1295 3307 δέ
1325 3270 1468 3316 τινες
1522 3254 1630 3307 τῶν
1677 3254 1851 3307 ἄλλων
1878 3263 1921 3321 c

268 3346 644 3419 ἑρμηνευτῶν,
673 3348 793 3400 ἀντὶ
814 3346 931 3410 τοῦ,
957 3347 1161 3415 ψαροὶ,
1184 3345 1460 3398 τεθείκασι
1486 3344 1569 3410 τὸ,
1590 3346 1848 3413 ίσχυροί.

269 3440 413 3511 Πλὴν
440 3439 543 3494 καὶ
597 3438 801 3510 ταύτην
829 3434 970 3492 εἶναί
1017 3456 1196 3509 φαμεν
1234 3438 1333 3509 τὴν
1374 3438 1663 3508 Ῥωμαίων
1696 3438 1850 3509 βασι-

265 3529 433 3595 λείαν,
470 3531 568 3583 ἀεί
596 3548 710 3592 πως
736 3531 967 3599 ἔχουσαν
996 3532 1055 3582 ἐν
1087 3532 1196 3593 τοῖς
1221 3529 1360 3582 κατὰ
1384 3529 1610 3599 καιροὺς
1631 3530 1851 3599 βεϐασι-

266 3622 484 3675 λευκόσι
524 3622 584 3673 τὸ
618 3622 855 3676 ποικίλον
894 3624 973 3684 είς
1017 3608 1078 3674 τὸ
1126 3621 1383 3691 εὐμαθὲς,
1424 3622 1519 3673 καὶ
1568 3620 1702 3691 βαθύ
1730 3638 1847 3683 πως

267 3715 346 3778 εἰς
397 3714 624 3788 φρένας.
668 3713 1027 3771 Συνετώτατοι
1073 3711 1182 3783 γὰρ
1241 3713 1335 3766 καὶ
1384 3713 1520 3786 πρός
1567 3730 1629 3781 γε
1671 3712 1846 3784 τούτῳ

267 3808 361 3861 καὶ
406 3806 780 3878 ἀλκιμώτατοι
824 3805 1080 3873 γεγόνασί
1106 3821 1167 3859 τε
1210 3805 1303 3858 καὶ
1347 3805 1504 3870 εἰσὶν,
1551 3806 1601 3858 οἱ
1642 3805 1711 3858 τὰ
1749 3806 1847 3875 τῆς

278 3900 566 3970 Ῥωμαίων
597 3900 771 3970 ἀρχῆς
800 3898 1078 3961 διέποντες
1117 3898 1315 3968 κράτη.
1351 3898 1628 3953 Τέθεινται
1655 3898 1712 3951 δέ
1753 3899 1845 3951 καὶ

262 3992 562 4045 τελευταῖοι
616 3990 755 4061 μετὰ
794 3991 920 4054 τοὺς
968 3990 1217 4060 πρώτους
1258 3990 1402 4043 κατά
1446 4007 1509 4058 γε
1548 3991 1675 4055 τοὺς
1719 3991 1843 4061 χρό-

263 4100 405 4146 νους.
427 4085 659 4154 Ἴδωμεν
679 4083 734 4136 δὲ
756 4082 849 4135 καὶ
869 4083 968 4152 τὴν
992 4082 1224 4137 ἑκάστου
1250 4082 1358 4136 τῶν
1377 4082 1660 4153 ἁρμάτων,
1675 4082 1843 4152 ήγουν

264 4176 563 4245 βασιλείας,
599 4175 797 4238 ἔξοδον,
836 4175 969 4227 ὅπου
1006 4192 1065 4229 τε
1088 4174 1421 4238 διανένευκε,
1453 4175 1546 4227 καὶ
1569 4175 1662 4226 ἐπὶ
1700 4174 1840 4226 τίσιν

260 4270 502 4339 ἔρχεται.
536 4267 853 4336 Σαφεστάτη
896 4267 1003 4337 γὰρ
1040 4266 1182 4319 οὕτω
1209 4266 1404 4335 γένοιτ’
1430 4264 1495 4319 ἂν
1522 4269 1653 4338 ἡμῖν
1678 4268 1711 4336 ή
1741 4266 1840 4336 τῆς

259 4359 496 4429 θεωρίας
519 4358 791 4419 ἀπόδοσις.
809 4357 1062 4427 Τέσσαρα
1088 4357 1185 4427 μὲν
1204 4358 1310 4427 γὰρ
1330 4360 1358 4410 ὁ
1391 4360 1677 4428 προφήτης
1703 4355 1839 4413 εἷναί

260 4467 416 4518 φησι,
449 4448 817 4516 διαμέμνηται
841 4447 897 4499 δὲ
930 4448 1115 4518 τριῶν,
1140 4449 1236 4501 καὶ
1266 4449 1523 4520 σεσίγηκε
1554 4451 1649 4503 τοῦ
1684 4450 1835 4521 πρώο

257 4561 351 4599 του
375 4540 476 4612 τὴν
505 4539 707 4602 ἔξοδον.
749 4540 1068 4609 Ἀναμνήσω
1092 4539 1147 4591 δὲ
1175 4540 1262 4592 διὰ
1295 4539 1562 4610 βραχέων,
1582 4541 1658 4605 ὼς
1678 4541 1832 4612 ἔφην.

270 4634 355 4687 Ἑν
392 4632 495 4703 μὲν
542 4630 653 4700 γάρ
683 4628 761 4700 τῷ
797 4629 997 4699 πρώτῳ
1048 4631 1182 4699 φησὶ
1227 4630 1469 4700 πυρροὺς
1516 4629 1657 4687 εἶναι

256 4725 474 4787 ίιτπους.
510 4723 775 4792 ’Δρχεται
808 4721 863 4774 δὲ
905 4721 1015 4774 ἀπὸ
1053 4721 1147 4774 τοῦ
1187 4720 1458 4793 δευτέρου,
1491 4724 1582 4778 καί
1635 4742 1828 4795 φησιν’

258 4834 275 4866 ι
320 4817 408 4868 Ἐν
430 4808 475 4882 ᾧ
502 4811 646 4885 ἦσαν
678 4815 727 4866 oi
773 4813 927 4865 ἵπποι
954 4814 1002 4866 οί
1037 4812 1284 4883 μέλανες,
1316 4813 1697 4885 ἐξεπορεύοντο
1738 4819 1831 4873 ἐπὶ

252 4906 351 4977 γῆν
386 4907 584 4978 βορρᾶ,
615 4907 709 4959 καὶ
751 4908 799 4959 οἱ
846 4906 1028 4959 λευκοὶ
1073 4905 1453 4977 ἐξεπορεύοντο
1502 4911 1828 4966 κατόπισθεν

251 5000 447 5052 αὐτῶν.
478 5000 592 5052 Καὶ
616 4999 665 5051 oi
694 4999 925 5052 ποικίλοι
954 4998 1337 5069 ἐξεπορεύοντο
1362 5002 1456 5054 ἐπὶ
1476 5004 1578 5074 γῆν
1597 5004 1769 5058 νότου.
1800 5023 1818 5056 ι

252 5091 312 5144 Εἰ
338 5093 393 5145 δὲ
424 5092 488 5163 δὴ
532 5093 877 5163 προσεπάγει
912 5094 1038 5155 τοὺς
1061 5093 1311 5161 ψαροὺς,
1346 5094 1406 5147 οὐ
1424 5096 1704 5167 τεσσάρων
1736 5099 1826 5168 ἁρ-

257 5184 434 5252 μάτων
467 5186 921 5261 διαμεμνήσεταεο
955 5186 1080 5247 τοὺς
1116 5186 1225 5257 γὰρ
1258 5186 1455 5251 αὐτοὺς
1486 5182 1623 5241 εἶναι
1664 5189 1824 5242 δεδώ-

253 5292 420 5347 καμεν
453 5282 565 5342 τοῖς
610 5278 897 5341 ποικίλοις.
931 5297 949 5330 ι
995 5280 1081 5333 Ἐν
1113 5279 1221 5350 γὰρ
1261 5280 1339 5350 τῷ
1382 5280 1586 5351 ἅρματι
1616 5283 1695 5352 τῷ
1735 5300 1822 5336 τε-

256 5368 448 5438 τάρτῳ,
480 5371 667 5440 φησὶν,
700 5366 840 5441 ἦσαν
862 5372 1020 5424 ἵπποι
1038 5373 1271 5426 ποικίλοι
1295 5374 1389 5425 καὶ
1410 5374 1596 5443 ψαροί.
1623 5393 1641 5425 ›
1673 5374 1819 5430 Οὐκ-

255 5453 345 5507 οὖν
377 5460 541 5528 τριῶν
569 5461 960 5532 διαμέμνηται,
994 5464 1276 5533 σιωπήσας
1332 5463 1394 5517 τὸ
1450 5466 1665 5535 πρῶτον
1725 5466 1823 5528 Τίς

257 5541 345 5597 οὖν
377 5549 481 5618 ἄρα
510 5552 626 5604 ἐστὶ
650 5553 748 5621 τῆς
774 5553 901 5623 ὅλης
934 5555 1245 5625 οἰκονομίας
1274 5558 1301 5608 ὁ
1332 5556 1508 5625 λόγος,
1539 5556 1674 5632 φέρε
1712 5562 1823 5619 τοῖς

256 5638 687 5714 εύμαθεστέροις,
724 5646 797 5707 ὡς
829 5645 926 5708 ἔνι,
968 5646 1235 5718 λέγωμεν.
1266 5649 1403 5710 Τοὺς
1427 5651 1670 5721 πυρροὺς
1684 5647 1825 5705 εἶναι

260 5730 693 5805 διεϐεϐαιούμεθα
725 5738 823 5806 τὴν
846 5738 1167 5809 φιλαίματον
1198 5742 1304 5794 τῶν
1330 5742 1608 5794 Χαλδαίων
1624 5744 1816 5815 ἀρχὴν,

1980 604 2140 659 regna
2172 590 2261 644 illa
2303 599 2489 660 gentes
2518 600 2571 644 et
2597 590 2843 658 regiones
2894 590 3250 655 domuissent,
3282 593 3326 647 si
3354 594 3469 662 ipse
3497 606 3555 650 nt

1976 678 2203 735 domare
2265 690 2484 751 possent
2532 680 2998 735 administratorie
3029 681 3134 736 illis
3160 698 3266 737 non
3297 684 3558 739 donavis-

1977 770 2098 825 set?
2124 770 2253 837 Quae
2309 781 2490 826 autem
2520 786 2682 841 regna
2712 771 2811 826 ista
2847 770 3070 832 fuerint.
3114 773 3357 841 sequitur
3378 783 3437 827 ut
3458 775 3542 828 di-

1976 873 2181 914 camus.
2217 859 2272 915 !n
2319 875 2481 916 curru
2528 862 2693 931 igitur
2748 861 2945 929 primo,
3005 862 3202 931 inquit,
3240 864 3367 932 equi
3425 864 3548 934 ruﬁ,

1974 947 2342 1004 Chaldaeorum
2428 948 2754 1004 monarchia'
2818 948 3189 1005 crudelitatem
3253 966 3549 1021 reprzesen-

1975 1045 2176 1093 tantes.
2238 1040 2409 1094 Rufus
2457 1041 2599 1094 enim
2622 1040 2775 1095 color
2839 1040 3119 1109 sanguinis
3176 1041 3547 1111 profusionem

1972 1129 2130 1183 nobis
2183 1140 2304 1199 apte
2330 1130 2961 1201 insinuat;sanguinarii
3024 1131 3168 1186 enim
3194 1134 3543 1189 vehementer

1971 1218 2251 1290 Babylonii
2285 1222 2425 1291 :ipsi
2488 1222 2630 1277 enim
2684 1222 2928 1277 Iudaeam
2981 1229 3037 1278 et
3075 1224 3237 1279 nrbes
3286 1224 3547 1281 Samaria:

1970 1307 2104 1361 citra
2151 1323 2365 1363 omnem
2402 1309 2829 1365 misericordiam
2869 1318 3232 1367 vastaverunt.
3269 1311 3327 1367 In
3380 1328 3543 1369 curru

1968 1394 2205 1450 secundo
2228 1397 2352 1465 equi
2375 1396 2533 1467 nigri.
2577 1396 2693 1464 Quo
2725 1397 3012 1453 Persarum
3041 1408 3097 1455 et
3134 1400 3407 1456 Medorum
3444 1405 3543 1458 sub

1966 1484 2109 1555 Cyro
2185 1487 2580 1554 monarcbiam,
2650 1489 2892 1558 inquam,
2953 1491 3164 1546 videtur
3218 1493 3538 1562 signiﬁcare.

1966 1573 2137 1646 Niger
2189 1577 2340 1631 color
2372 1577 2457 1633 his
2488 1579 2763 1646 tribuitur,
2792 1582 2935 1651 quod
2973 1581 3128 1651 longe
3182 1581 3439 1652 plurimas
3489 1595 3544 1640 et

1967 1666 2268 1722 immensas
2306 1667 2358 1721 in
2393 1667 2642 1724 Chaldtea
2661 1680 2819 1738 gente
2867 1681 3076 1741 strages
3114 1672 3419 1739 ediderunt,
3462 1682 3541 1728 to-

915 1759 1237 1846 ῦε”’ᾇῄᾶσῇέ
1280 1759 1645 1846 ἐξῃρημένης.
1803 1790 1863 1844 δὲ
1977 1764 2198 1825 tumque
2255 1771 2475 1826 regnum
2516 1759 2568 1813 in
2596 1759 2796 1816 luctum
2834 1762 3195 1831 coniecerunt.
3226 1761 3427 1817 Luctus
3448 1779 3545 1817 au-

652 1818 716 1864 ις,
761 1798 975 1869 φειδοῦς
1016 1799 1233 1868 ἁπάσης
1280 1796 1645 1868 ἐξῃρημένης.
1687 1796 1775 1845 Ἐν
1800 1796 1849 1921 Si

652 1892 703 1921 ατ.
738 1891 975 1921 a...-;-.-.
1004 1891 1157 1921 ειη-...υ
1186 1888 1412 1921 ..μυ-..ορ
1466 1888 1647 1921 νιὶπηνε
1681 1884 1735 1921 κι-
1765 1900 1795 1921 n-
1836 1900 1849 1921 ς

1977 1796 2198 1825 .......,....
2255 1796 2475 1826 ηοω...
2596 1796 2795 1816 mu..."
2834 1796 3195 1831 υνυιςυωυιη.
3226 1796 3427 1817 μυιιυο
3448 1796 3542 1817 ..ιι-

1974 1854 2080 1901 tem
2137 1856 2192 1901 et
2224 1847 2414 1902 mortis
2445 1849 2746 1915 symbolum
2784 1850 2936 1921 niger
2961 1851 3112 1906 color
3158 1862 3261 1906 est.
3298 1853 3351 1906 In
3381 1854 3542 1908 tertio

1965 1937 2040 1991 ait
2068 1952 2191 1993 esse
2239 1938 2408 2003 albos,
2468 1938 2780 1995 Graecorum
2815 1940 3050 1996 fortasse
3103 1949 3158 1996 et
3186 1942 3536 1998 Macedonum

1960 2025 2266 2097 imperium,
2293 2029 2407 2084 sive
2440 2029 2732 2086 Alexandri
2771 2047 2992 2103 regnum
3020 2034 3389 2089 subindicans.
3415 2037 3535 2091 Albi

1958 2123 2163 2184 autem,
2188 2118 2313 2188 quia
2338 2117 2563 2175 delicate
2590 2120 2852 2187 viventes,
2877 2132 2933 2176 et
2957 2122 3093 2177 albis
3117 2125 3356 2180 vestibus
3397 2140 3535 2195 pene

1953 2218 2145 2263 omnes
2205 2207 2499 2278 gaudentes
2545 2208 2768 2266 Graecia:
2823 2212 3003 2282 populi
3041 2232 3055 2268 :
3090 2220 3146 2269 et
3175 2215 3301 2283 quia
3366 2216 3419 2270 in
3449 2216 3531 2270 lo-

1956 2299 2173 2367 quendo
2214 2301 2483 2370 perspicui
2537 2302 2676 2357 citra
2706 2302 2902 2375 lingua:
2931 2306 3175 2361 barbaras
3205 2307 3351 2363 velut
3378 2319 3530 2364 tene-

1955 2388 2103 2445 bras.
2129 2390 2186 2445 ln
2242 2402 2438 2461 quarto
2484 2407 2669 2460 curru,
2702 2396 2893 2466 inquit,
2933 2398 3057 2467 equi
3090 2408 3247 2453 erant
3276 2400 3413 2455 varii
3477 2413 3533 2457 et

1958 2479 2326 2537 multicolores
2359 2500 2374 2549 ;
2414 2484 2559 2539 scias
2603 2484 2750 2550 licet,
2799 2485 3076 2543 Hebraeam
3130 2490 3446 2553 editionem,
3476 2502 3531 2548 et

1953 2572 2212 2639 quosdam
2268 2573 2594 2644 interpretes
2631 2591 2729 2645 pro
2754 2576 2924 2648 ψαροι
2951 2620 2966 2645 ,
3007 2580 3387 2645 multicolores,
3433 2598 3532 2653 po-

1951 2661 2125 2718 suisse
2156 2664 2385 2735 ισχυροι,
2407 2667 2589 2733 validi,
2614 2683 2708 2723 seu
2737 2669 3367 2728 robusti.Verumtamen
3392 2673 3529 2729 banc

1953 2753 2321 2810 Romanorum
2378 2759 2753 2813 monarchiam
2788 2776 2909 2817 esse
2948 2762 3200 2829 dicimus,
3234 2780 3354 2835 qua:
3382 2779 3528 2820 sem-

1952 2859 2047 2912 per
2080 2845 2217 2900 inter
2269 2847 2503 2904 diversis
2545 2850 2879 2920 temporibus
2926 2865 3212 2922 regnantes
3265 2858 3528 2912 varietate

1952 2935 2241 2991 docilitatis
2274 2939 2434 3008 702
2469 2951 2524 2995 et
2574 2941 2681 2996 alta
2707 2942 3051 3014 intelligentia
3075 2946 3259 3001 valuit.
3282 2946 3527 3003 Pruden~

1954 3027 2147 3082 tissimi
2190 3030 2334 3083 enim
2360 3040 2415 3085 et
2462 3033 2685 3103 insuper
2719 3033 3004 3092 fortissimi
3031 3036 3269 3102 fuerunt,
3304 3049 3524 3106 etsunt,

1952 3114 2183 3171 Romani
2272 3119 2608 3189 principatus
2695 3123 2979 3192 imperium
3062 3126 3523 3186 administrantes.

1953 3206 2232 3261 Ponuntur
2250 3220 2431 3263 autem
2462 3211 2581 3265 loco
2611 3222 2883 3280 postremo
2907 3230 2938 3268 a
2974 3216 3192 3283 primis,
3225 3222 3523 3275 secundum

1957 3299 2655 3366 tempora.Consideremus
2686 3301 2799 3372 jam
2862 3305 3283 3377 uniuscuiusque
3307 3324 3520 3378 currus,

1953 3401 2047 3442 seu
2108 3389 2436 3444 monarcbias
2491 3405 2795 3461 egressum,
2846 3409 2956 3464 quo
3006 3395 3244 3467 inclinet,
3303 3408 3358 3454 et
3414 3415 3523 3470 quo

1956 3478 2159 3531 tendat.
2215 3478 2307 3534 Sic
2338 3481 2482 3535 enim
2528 3498 2687 3551 quam
2713 3484 3023 3554 planissime
3046 3489 3188 3558 quod
3211 3492 3522 3549 considera-

1949 3582 2066 3621 mus
2119 3567 2547 3637 explanabimus.
2597 3572 2836 3638 Quatuor
2886 3578 3103 3646 quidem
3167 3581 3342 3652 inquit
3395 3599 3521 3639 esse

1950 3660 2233 3726 propheta,
2258 3660 2352 3714 sed
2385 3662 2548 3715 trium
2574 3669 3105 3737 egressusmeminit,
3158 3672 3315 3741 primi
3357 3682 3517 3730 tacet.

1948 3746 2201 3818 Repetam
2236 3751 2420 3817 paucis
2446 3754 2589 3823 quod
2644 3754 2776 3809 dixi.
2808 3755 2865 3810 lu
2900 3759 3075 3826 primo
3095 3762 3171 3817 ait
3224 3762 3371 3818 rufos
3398 3778 3519 3820 esse

1948 3852 2137 3907 equos.
2197 3837 2389 3909 Incipit
2446 3852 2629 3898 autem
2679 3859 2710 3899 a
2738 3847 2998 3913 secundo,
3024 3849 3179 3905 etait
3209 3869 3223 3905 :
3259 3869 3279 3903 ι
3325 3852 3381 3907 In
3407 3868 3517 3923 quo

1946 3942 2102 3984 erant
2131 3933 2255 4001 equi
2280 3932 2440 4003 nigri,
2466 3934 2888 4000 egrediebantur
2914 3937 2981 3992 ad
3000 3947 3200 3995 terram
3225 3943 3515 4011 aquilonis,

1945 4032 1994 4075 et
2037 4022 2145 4077 albi
2170 4026 2537 4092 sequebantur
2591 4040 2707 4081 eos.
2736 4026 2803 4081 Et
2831 4030 2966 4082 varii
2996 4032 3417 4099 egrediebantur
3445 4036 3513 4089 ad

1947 4122 2144 4166 terram
2191 4115 2505 4170 australem.
2539 4134 2557 4167 ι
2587 4116 2693 4173 Sed
2734 4120 2984 4187 quamvis
3007 4121 3172 4174 addat
3213 4124 3512 4178 multicolo-

1946 4219 2044 4267 res,
2078 4217 2182 4257 non
2216 4204 2333 4259 ideo
2350 4214 2582 4273 quatuor
2613 4220 2807 4259 currus
2858 4208 3179 4261 memorabit
3207 4225 3221 4262 :
3248 4225 3370 4263 nam
3400 4226 3513 4265 eos-

1943 4293 2064 4345 dem
2102 4307 2224 4348 esse
2280 4308 2404 4349 cum
2467 4296 2636 4349 variis
2692 4296 2963 4362 ponimus.
3021 4299 3114 4352 Ait
3165 4299 3353 4355 enim:
3391 4319 3410 4352 s
3453 4301 3510 4355 ln

1943 4397 2105 4436 curru
2154 4395 2345 4454 quarto
2392 4393 2549 4440 erant
2594 4387 2720 4455 equi
2777 4387 2911 4441 varii
2961 4397 3017 4443 et
3059 4390 3448 4447 multicolores.
3484 4412 3504 4445 ι

1942 4478 2125 4533 'l'rium
2192 4480 2455 4545 meminit,
2482 4481 2656 4550 primo
2696 4483 2994 4551 praeterito.
3022 4485 3151 4552 Quae
3182 4487 3404 4558 sit-ergo
3428 4499 3503 4544 to-

1775 4571 1832 4651 t"
1866 4591 1910 4646 ι)
1943 4571 2047 4625 tius
2076 4572 2393 4626 oeconomiae
2422 4573 2583 4638 ratio,
2614 4587 2714 4643 age
2746 4574 3097 4632 docilioribus
3118 4592 3215 4646 pro
3246 4580 3385 4633 virili
3412 4598 3505 4636 no-

1707 4650 1835 4698 τους
1938 4672 2049 4716 stra
2071 4663 2395 4732 aperiamus.
2415 4662 2594 4732 Equos
2625 4664 2775 4720 rufos
2804 4668 3142 4722 asseruimus
3170 4685 3291 4725 esse
3311 4688 3505 4727 cruen-

1942 4762 2051 4808 tum
2115 4754 2495 4809 Chaldaeorum
2545 4756 2856 4825 imperium,
2904 4760 3047 4828 quod
3076 4760 3317 4825 funditus
3340 4772 3501 4816 totam

1936 4845 2174 4900 Iudaeam
2219 4848 2439 4911 evertit,
2470 4856 2526 4902 et
2581 4848 2823 4904 incensis
2846 4848 2963 4917 ejus
2996 4851 3220 4906 urbibus
3243 4850 3497 4906 lsraclem

1935 4938 2207 5006 captivum
2231 4936 2451 4992 abduxit
2478 4938 2730 5005 ;nomine
2755 4940 3058 5010 nigrorum,
3080 4940 3368 4995 Persarum
3387 4941 3500 4997 Me-

1942 5027 2246 5097 dorumque
2291 5027 2659 5082 monarchiam
2716 5030 3041 5097 accepimus.
3096 5027 3154 5082 In
3184 5027 3320 5083 albis
3342 5043 3504 5097 porro

1932 5118 2221 5172 Alexandri
2282 5128 2337 5173 et
2370 5118 2721 5174 Macedonum
2752 5120 3040 5189 imperium
3068 5119 3500 5185 describebatur,

1927 5222 2050 5275 quae
2082 5207 2242 5261 ambo
2292 5206 2557 5262 Chaldaeis!
2585 5222 2733 5262 arma
2758 5208 3075 5270 intulerunt,
3104 5221 3331 5275 eamque
3360 5209 3502 5263 bello

1928 5296 2192 5350 acerrimo
2210 5306 2562 5367 occuparunt,
2601 5298 2837 5368 primum
2865 5297 3082 5366 quidem
3116 5296 3313 5368 Cyrus,
3346 5308 3498 5367 post-

1926 5400 1987 5439 ea
2041 5385 2363 5453 Alexander,
2416 5389 2506 5454 qui
2551 5398 2607 5443 et
2683 5388 2854 5455 ipsum
2909 5386 3128 5442 Darium
3185 5386 3324 5458 cepit
3347 5390 3498 5459 juxta

1924 5474 2451 5543 lssum,utvocatur,
2478 5480 2663 5533 urbem
2695 5476 2917 5545 Ciliciae,
2964 5478 3190 5535 inﬁnitis
3211 5480 3495 5538 Persarum

1927 5567 2158 5623 millibus
2208 5570 2573 5639 interemptis.
2616 5570 2779 5626 Fama
2833 5580 2935 5638 est,
2966 5585 3220 5640 magnum
3280 5573 3497 5627 ossium

1925 5673 2180 5713 acervum
2209 5660 2501 5715 excitatum
2521 5664 2586 5716 de
2608 5663 2694 5731 iis,
2717 5664 2807 5733 qui
2849 5662 3049 5716 ibidem
3080 5664 3487 5716 occubuerunt;

1926 5747 2152 5803 incisum
2174 5760 2257 5805 est
2284 5767 2498 5820 quoque
2531 5756 2858 5823 epitaphium
2884 5754 2936 5807 in
2969 5752 3083 5804 hac
3107 5751 3267 5802 verba
3300 5770 3310 5800 :

260 5820 295 5883 ἢ
328 5824 416 5877 καὶ
449 5829 623 5883 πᾶσαν
658 5829 905 5882 ἐκποδὼν
935 5831 1105 5902 ᾕρηκε
1147 5834 1245 5904 τὴν
1283 5834 1567 5899 Ἰουδαίων,
1602 5836 1814 5902 καὶτὰς
1841 5837 1896 5890 ὲν
1983 5842 2114 5911 αὐτῇ
2166 5844 2607 5913 κατεμπιπρῶσα
2648 5846 2848 5908 πόλεις,
2908 5837 3251 5899 ἀπεκόμισεν
3282 5836 3360 5893 εἰς
3410 5830 3495 5881 αι-
