4080 6284
280 407 350 464 95
1129 402 1678 461 COMMENTARIUS
1716 403 1780 458 IN
1825 403 2231 464 ZACHARIAM
2271 407 2716 468 PROPHETAM.
3462 426 3533 485 94

277 522 354 588 τῇ
388 520 572 592 ἡμέρᾳ
599 519 916 588 ἐκείνῃ-είς
943 521 1049 575 τίν
1072 524 1240 577 οἷκον
1276 523 1500 578 Ἰωσίου
1527 503 1635 577 τοῦ
1664 527 1822 592 Σοφο

1958 526 2146 579 nientis
2169 543 2232 580 ex
2257 525 2540 599 Babylone.
2577 528 2643 582 Et
2663 533 2885 602 accipies
2927 547 3198 605 argentum
3223 550 3270 594 et
3318 561 3532 601 aurum.

269 614 433 672 νιόυ,
463 613 566 668 τοῦ
607 611 858 678 ἥκοντος
888 613 955 666 ἐκ
990 613 1366 681 Βαϐυλῶνος.
1405 616 1510 668 Kal
1540 614 1712 683 λήψῃ
1746 617 1848 683 ἀρ-

275 707 482 772 γύριον
523 704 620 758 καί
661 707 958 774 χρυσίον,
1012 707 1110 760 καὶ
1161 706 1436 774 ποιήσεις
1486 707 1848 775 στεφάνους,

273 796 371 846 καὶ
414 795 719 861 ἐπιθήσεις
753 797 850 848 ἐπὶ
892 796 1007 864 τὴν
1032 797 1311 866 κεφαλὴν
1349 798 1544 862 Ἰησοῦ
1589 798 1694 850 τοῦ
1739 799 1850 849 Ἰω-

275 889 474 953 σεδὲκ,
502 890 606 943 τοῦ
655 891 855 958 ίερέως
884 891 988 943 τοῦ
1037 889 1326 959 μεγάλου.
1359 889 1465 942 Kal
1506 888 1658 956 ἐρεῖς
1703 887 1852 954 πρίλς

273 979 488 1032 αὐτόν’
544 981 688 1035 Τάδε
731 981 893 1048 ,λέγει
931 983 1144 1048 Κύριος
1186 979 1610 1048 παντοκράτωρ
1637 996 1647 1006 ·
1697 977 1850 1032 Ἰδοὺ

272 1071 446 1139 ἀνὴρ,
465 1074 746 1139 Ἀνατολὶι
787 1073 974 1141 ὄνομα
1005 1072 1184 1137 αὐτῷ.
1220 1073 1318 1125 καὶ
1345 1071 1727 1126 ὑποκάτωθεν
1749 1072 1852 1122 αὑ-

271 1166 376 1218 τοῦ
399 1166 698 1224 ἀνατελεῖ.
736 1168 829 1218 aal
875 1164 1258 1232 οἰκοδομήσει
1289 1165 1395 1216 τὸν
1419 1160 1587 1217 οἶκον
1607 1161 1850 1227 Κυρίου,

272 1257 368 1309 καὶ
419 1258 604 1321 αὐτὸς
658 1256 916 1324 λήψεται
966 1256 1207 1323 ἀρετὴν,
1253 1257 1348 1307 καὶ
1400 1254 1702 1313 καθιεῖται,
1753 1251 1854 1304 καὶ

271 1349 549 1414 κατιιρξει
589 1349 686 1400 ἐπὶ
721 1349 826 1401 τοῦ
870 1349 1085 1414 θρόνου
1129 1347 1334 1408 αὑτοῦ,
1367 1346 1465 1399 καὶ
1512 1347 1682 1399 ἔσται
1711 1347 1740 1396 ὁ
1775 1347 1850 1396 le-

262 1439 412 1504 ρεὺς
442 1439 510 1491 ἐκ
545 1438 758 1501 δεξιῶν
782 1438 986 1496 αὐτοῦ,
1012 1439 1105 1490 καὶ
1142 1437 1346 1501 ,ϐουλὴ
1383 1435 1650 1504 εἰρηνικὴ
1677 1437 1848 1488 ἔσται

270 1529 578 1595 ἀναμέσον
604 1528 966 1597 ἀμφοτέρων.
987 1530 1047 1581 '0
1073 1528 1141 1581 δὲ
1167 1530 1467 1596 στέφανος
1494 1527 1661 1579 ἔσται
1695 1529 1844 1579 ὐπο-

262 1619 538 1686 μένουσι,
571 1620 668 1672 καὶ
704 1619 829 1683 τοῖς
861 1621 1178 1688 χρησίμοις
1207 1619 1416 1687 αὐτῆς,
1460 1619 1555 1670 καὶ
1583 1617 1707 1684 coit
1737 1620 1844 1671 sx-

263 1713 596 1778 εγνωκέσιν
638 1711 849 1776 αὐτὴν.
883 1713 979 1763 καὶ
1025 1715 1112 1776 είς
1157 1711 1365 1779 χάριτα
1393 1710 1517 1775 τοῖς
1549 1709 1701 1774 υἱοῖς
1741 1712 1846 1763 Σο-

1957 625 2006 670 et
2032 617 2191 684 [acies
2213 634 2454 683 coronas,
2475 631 2522 674 et
2556 639 2712 685 pones
2739 641 2893 690 super
2909 637 3060 693 (aput
3127 627 3256 683 Jesu
3312 632 3412 695 lilii
3440 635 3530 688 Jo-

1957 710 2105 761 serlec
2127 712 2413 764 sacerdotis
2439 716 2632 780 magni.
2660 716 2722 768 Et
2750 718 2889 770 dices
2912 721 2981 772 ad
3018 720 3180 792 ’ῖθά1
3205 739 3319 776 eum
3345 743 3364 780 :
3401 725 3529 783 Haec

1956 799 2083 853 dicit
2117 800 2369 856 Dominus
2403 807 2761 871 omnipotens:
2793 809 2926 863 Ecce
2969 813 3068 874 vir,
3097 813 3287 868 Oriens
3343 832 3528 870 nomen

1956 893 2077 958 ipsi,
2103 902 2151 946 et
2178 896 2350 947 subter
2380 913 2494 949 eum
2514 901 2726 962 orietur,
2752 910 2801 954 et
2837 903 3118 970 mdiﬁcabit
3183 907 3394 960 domum
3421 908 3528 962 Do-

1960 987 2108 1039 mini.
2142 986 2205 1039 Et
2241 994 2347 1055 ipse
2379 991 2593 1056 accipiet
2621 993 2882 1060 uirtutem,
2910 1009 2953 1048 et
2979 997 3194 1063 sedebit,
3219 1008 3267 1052 et
3296 1000 3526 1057 impera-

1959 1078 2050 1140 bit,
2075 1094 2230 1140 super
2252 1081 2434 1133 throno
2470 1098 2584 1142 suo,
2613 1095 2659 1135 et
2692 1085 2791 1136 erit
2809 1087 3052 1139 sacerdos
3090 1104 3122 1140 a
3167 1089 3366 1142 dextris
3390 1090 3525 1158 ejus,

1957 1181 2001 1222 et
2026 1170 2300 1222 consilium
2327 1173 2604 1239 paciﬁcum
2635 1177 2730 1227 erit
2751 1177 2884 1229 inter
2911 1188 3206 1246 utrumque.
3236 1181 3301 1233 At
3335 1197 3528 1234 corona

1956 1259 2053 1310 erit
2081 1262 2518 1323 exspectantibus.
2545 1273 2593 1316 et
2622 1265 2834 1317 utilibus
2865 1267 2996 1334 ejus,
3030 1280 3078 1321 et
3114 1269 3193 1322 his
3215 1271 3301 1342 qui
3330 1287 3526 1340 cogito-1

1956 1359 2139 1403 uerunt
2161 1368 2298 1414 eam,
2329 1363 2378 1404 et
2414 1355 2466 1405 in
2484 1358 2710 1423 gratiam
2736 1357 2866 1418 [iiiis
2902 1358 3202 1425 Sophoniw,
3227 1373 3270 1415 et
3301 1363 3352 1416 in
3379 1361 3522 1428 psal-
3564 1353 3565 1361 “

1954 1455 2094 1491 mum
2119 1441 2170 1494 in
2187 1442 2340 1494 domo
2362 1443 2592 1498 Domini.
2632 1444 2699 1498 Et
2725 1447 2817 1516 qui
2845 1446 2994 1515 longe
3027 1450 3088 1502 ab
3115 1452 3190 1504 eis
3229 1452 3453 1517 venient,
3477 1460 3526 1505 et

1955 1529 2291 1596 a'di/icubunt
2313 1534 2366 1586 in
2397 1534 2554 1587 doma
2591 1534 2825 1601 Domini,
2847 1549 2892 1590 et
2919 1539 3092 1592 scietis
3121 1542 3244 1608 quia
3273 1539 3525 1595 Dominus

1953 1623 2274 1685 omnipotens
2339 1625 2481 1677 misit
2533 1643 2610 1680 me
2650 1630 2718 1680 ad
2784 1645 2894 1683 vos.
2954 1630 3020 1684 Et
3041 1632 3158 1698 erit,
3191 1632 3235 1687 si
3259 1636 3526 1690 audientes

1955 1713 2228 1765 audieritis
2249 1731 2419 1768 uocem
2453 1716 2665 1771 Domini
2700 1720 2793 1774 Dei
2819 1722 2992 1775 uestri.

256 1802 502 1869 φονίου,
539 1802 634 1853 καὶ
671 1804 757 1864 εἱς
785 1801 1034 1868 ψαλμὸν
1062 1802 1130 1854 ἑν
1164 1802 1308 1864 οἴκῳ
1337 1801 1585 1866 Κυρίου.
1626 1800 1736 1852 Καὶ
1772 1801 1826 1851 οί
1889 1801 2130 1866 μακρὰν
2169 1804 2268 1857 ἀπ’
2293 1805 2491 1860 αὐτῶν
2519 1807 2763 1874 ἥξουσι,
2799 1812 2899 1865 καὶ
2931 1813 3528 1883 οίκοδομήσουσινέν

254 1891 342 1957 τῷ
391 1894 535 1958 οἴκῳ
584 1894 826 1959 Κυρίου.
881 1893 980 1945 καὶ
1043 1891 1352 1960 ’γνώσεσθε
1378 1929 1394 1955 ,
1445 1891 1594 1942 διότι
1640 1891 1854 1954 Κύριος
1890 1893 2312 1964 παντοκράτωρ
2331 1897 2682 1953 ἀπέσταλκέ
2697 1917 2776 1969 με
2830 1904 2980 1971 πρὸς
3005 1904 3178 1974 ὑμᾶς.
3204 1907 3313 1961 Kal
3354 1908 3528 1962 ἔσται

260 1989 369 2042 ἐὰν
388 1990 809 2052 εἰσακούοντος
832 1991 1235 2054 εὶσακούσητε
1264 1987 1374 2054 τῆς
1397 1985 1598 2056 φωνῆς
1622 1986 1841 2051 Κυρίου
1874 1987 1980 2040 τοῦ
2022 1989 2170 2043 Θεοῦ
2203 1992 2391 2060 ὑμῶν.

336 2080 456 2133 ΛΓ’.
509 2081 567 2132 '0
603 2081 759 2147 λόγος
794 2078 860 2151 ἦν
890 2081 966 2150 τῷ
992 2081 1110 2150 Θεῷ
1135 2082 1272 2150 πρὸς
1291 2082 1381 2133 τὸν
1416 2081 1680 2150 μακάριον
1705 2096 1831 2148 προ-

2011 2081 2248 2136 ΧΧΧΙΙΙ.
2289 2085 2678 2155 Alloqnebatur
2736 2087 2878 2144 Deus
2927 2089 3146 2146 beatum
3199 2093 3521 2162 prophetam

269 2170 445 2238 φήτην
491 2172 788 2240 Ζαχαρίαν.
821 2173 938 2241 ἦτοι
988 2173 1052 2225 δι’
1080 2172 1247 2224 αὐτοῦ
1297 2172 1432 2243 πρὸς
1479 2173 1682 2235 πάντας
1716 2171 1844 2242 περὶ⁹

265 2257 358 2310 τοῦ
390 2259 714 2328 Ζοροϐάϐελ,
743 2261 800 2322 ὃς
829 2257 896 2331 ἦν
934 2263 1030 2331 μὲν
1059 2264 1121 2314 ἐκ
1149 2263 1318 2333 φυλῆς
1347 2263 1440 2315 τοῦ
1471 2263 1661 2326 Ἰούδα,
1707 2263 1844 2316 καθ-

261 2352 449 2416 ηγείτο
476 2350 532 2402 δὲ
563 2351 672 2402 τῶν
720 2352 777 2417 ἐξ
811 2352 1042 2421 Ἰσραὴλ,
1074 2353 1343 2422 καλούσης
1381 2354 1542 2406 αὐτὸν
1578 2357 1657 2417 είς
1686 2354 1842 2407 τοῦτο

257 2441 356 2508 τῆς
399 2438 788 2510 βασιλευούσης
833 2443 1020 2512 φυλῆς.
1061 2445 1102 2495 Τ
1109 2445 1193 2496 ίνα
1221 2444 1277 2496 δὲ
1309 2440 1378 2515 ἦν
1405 2445 1473 2497 τά
1507 2446 1632 2515 περὶ
1674 2445 1838 2498 αὐτοῦ

257 2530 523 2600 λεγόμενα
577 2532 726 2602 παρὰ
775 2533 931 2594 Θεοῦ.
973 2538 1464 2606 προαναμνήσομεν
1503 2539 1835 2604 ἀναγκαίως.

261 2623 406 2690 Ἔφη
456 2622 670 2674 τοίνυν·
720 2641 738 2673 ι
770 2625 835 2676 Ai.
890 2627 1070 2694 χεῖρες
1117 2627 1421 2696 Ζοροϐάϐελ
1472 2629 1838 2698 ὲθεμελίωσαν

253 2713 346 2766 τὸν
373 2709 518 2765 οἷκον
543 2713 750 2778 τοῦτον,
778 2717 872 2768 καὶ
916 2717 971 2768 αἱ
1013 2720 1190 2786 χεῖρες
1228 2719 1394 2772 αὑτοῦ
1435 2721 1837 2776 ἐπιτελέσουσιν

255 2805 437 2858 αὐτόν.
473 2823 490 2855 ι
514 2805 650 2857 Ἀλλ’
680 2801 748 2876 ἦν
783 2808 878 2859 σὺν
907 2796 1056 2878 αὐτῷ
1084 2809 1161 2879 τῷ
1191 2811 1526 2880 θεμελιοῦντι
1551 2813 1642 2866 τὸν
1666 2810 1832 2878 οἷκον,

254 2894 349 2948 καὶ
379 2893 486 2964 μὴν
526 2896 621 2947 καὶ
651 2897 1071 2966 άποπεραίνοντι
1105 2900 1199 2952 καὶ
1225 2901 1433 2971 Ἰησοῦς
1463 2903 1491 2954 ὁ
1529 2903 1622 2956 τοῦ
1658 2904 1836 2956 Ἰωσε-

249 2987 343 3040 δὲκ
372 2990 402 3039 ὁ
427 2988 616 3056 ηἱερεὺς
649 2989 676 3039 ὁ
703 2988 892 3056 μέγας.
925 2989 1192 3061 Ἰάύτῃτοι
1242 2995 1606 3066 προστέταχεν
1650 2998 1678 3049 ὁ
1724 2995 1833 3050 τῶν

247 3074 384 3126 ὅλων
415 3073 546 3134 θεὸς
582 3074 660 3143 τῷ
707 3074 980 3148 θεσπεσίῳ
1020 3082 1273 3152 προφήτῃ
1299 3083 1367 3136 τὰ
1412 3085 1478 3136 ἐκ
1525 3086 1626 3156 τῆς
1665 3089 1832 3156 αιχμ-

244 3163 483 3227 αλωσίας
510 3164 690 3218 λαϐεῖν
719 3168 871 3237 παρὰ
907 3169 1018 3220 τῶν
1047 3173 1343 3240 ἀρχόντων,
1377 3175 1472 3228 καὶ
1513 3169 1673 3246 ’παρὰ
1722 3176 1832 3228 τῶν

243 3256 534 3324 χρησίμων
561 3258 753 3324 αὐτῆς,
793 3258 884 3309 καὶ
913 3262 1064 3328 παρὰ
1089 3262 1195 3314 τῶν
1225 3264 1616 3330 ὲπεγνωκὸτων
1641 3267 1829 3334 αὑτήν.

243 3352 397 3413 τίνες
426 3352 474 3403 δ’
506 3351 572 3403 ἂν
605 3347 716 3402 εἷεν
747 3343 912 3416 οὗτοι,
949 3355 1076 3405 ποῖα
1103 3353 1160 3406 δὲ
1203 3356 1296 3408 καὶ
1326 3356 1395 3408 τά
1441 3358 1506 3409 ὲκ
1537 3357 1636 3427 τῆς
1668 3359 1832 3428 αἰχμ-

242 3445 506 3508 αλωσίας,
541 3445 904 3514 ἀφηγήσομαι
936 3445 1229 3514 χρειωδῶς.
1267 3446 1723 3518 Ἀνεκομίσθησαν
1766 3449 1830 3502 ἐκ

240 3536 338 3603 τῆς
369 3537 693 3599 Βαϐυλῶνος
730 3537 780 3589 οἱ
824 3535 884 3599 ἐξ
913 3536 1149 3607 Ἰσραὴλ,
1181 3539 1240 3590 ού
1267 3539 1453 3608 χύδην,
1485 3541 1517 3611 ἢ
1545 3541 1830 3612 πεφυρμέ-

239 3644 366 3688 νως.
403 3627 522 3680 ἀλλ’
544 3629 600 3678 ἐν
624 3628 810 3698 κόσμῳ
834 3645 892 3680 τε
917 3630 1010 3680 καὶ
1038 3629 1209 3696 τάξει,
1240 3631 1378 3684 κατὰ
1412 3632 1542 3700 γένη
1573 3632 1665 3685 καὶ
1688 3632 1828 3686 κατὰ

240 3717 437 3784 φυλάς,
482 3723 943 3788 προεκκειμένους
988 3719 1204 3788 ἔχοντες
1249 3722 1344 3774 καὶ
1383 3722 1716 3792 καθηγητὰς.
1752 3724 1829 3787 ὡς

238 3807 297 3859 ἐν
326 3807 406 3876 τῷ
439 3807 646 3876 Ἕσδρᾳ
671 3807 1002 3876 γέγραπται.
1021 3809 1235 3880 Ἐπειδὴ
1263 3811 1319 3863 δὲ
1343 3812 1602 3878 ἀφίκοντο
1640 3813 1827 3866 λοιπὸν

240 3899 320 3959 εἷς
368 3895 742 3965 Ἱεροσόλυμα,
768 3896 904 3948 Θεοῦ
931 3897 1020 3948 τὸν
1063 3897 1188 3950 ναὸν
1238 3899 1469 3969 ἐγείρειν
1505 3903 1824 3971 ἐπαναγκά-

240 3985 450 4049 ξοντος,
501 3985 735 4048 ἔστησαν
772 3987 832 4038 τὸ
876 3986 1298 4055 γαζοφυλάκιον,
1329 3990 1416 4042 ἵνα
1448 3993 1540 4044 καὶ
1578 3993 1824 4061 ἂθροισις

237 4079 450 4142 γένοιτο
495 4079 793 4147 χρημάτων
838 4081 917 4141 είς
964 4078 1062 4150 τὴν
1107 4079 1218 4132 τῶν
1257 4080 1430 4149 ἔργων
1457 4086 1821 4156 κατασκευὴν,

235 4167 332 4219 καὶ
365 4169 448 4229 εἰς
474 4168 575 4228 τὰς
599 4169 704 4219 τῶν
732 4169 918 4238 ἱερέων
954 4170 1166 4233 στολὰς,
1202 4173 1293 4224 καὶ
1321 4174 1400 4236 είς
1430 4175 1529 4237 τὰς
1557 4178 1821 4246 τεταγμέ-

235 4273 332 4318 νας
369 4258 559 4320 αὐτοῖς
588 4258 728 4310 κατὰ
762 4259 923 4327 νόμον
948 4260 1158 4323 θυσίας·
1189 4261 1444 4316 τέτακται
1465 4265 1522 4317 δὲ
1549 4266 1658 4318 τῶν
1687 4285 1825 4339 χρη-

235 4350 425 4417 μάτων
465 4350 690 4417 ταμίας,
711 4350 914 4413 Ἰωσίας
949 4353 1062 4414 υἱὸς
1092 4355 1367 4421 Σοφονίου.
1400 4358 1734 4427 Προστάττει
1758 4361 1822 4432 δὴ

231 4435 327 4492 οὖν
372 4442 402 4492 ὁ
446 4439 560 4489 τῶν
609 4440 744 4492 ὅλων
791 4441 940 4503 Θεὸς,
983 4444 1090 4496 άπὸ
1127 4446 1234 4497 τῶν
1267 4454 1821 4521 προσκεκομισμένων

233 4529 392 4600 παρὰ
421 4529 534 4580 τῶν
558 4529 827 4598 ἀρχόντων
856 4533 953 4600 τῆς
983 4535 1377 4603 αἰχμαλωσίας,
1401 4539 1437 4592 ἃ
1471 4527 1564 4592 καὶ
1594 4538 1660 4612 ἦν
1684 4546 1821 4598 ὀιπὸ-

232 4620 365 4674 Οετα
403 4618 560 4689 παρὰ
594 4619 672 4689 τῷ
703 4620 904 4692 Ἰωσίᾳ,
934 4625 1157 4693 χρυσίον
1191 4629 1286 4680 καὶ
1329 4630 1588 4699 ἀργύριον
1613 4634 1815 4701 λαϐεῖν,

1947 2171 2288 2240 Zachariam,
2317 2175 2431 2228 sive
2460 2192 2556 2245 per
2585 2177 2758 2247 ipsum
2794 2194 2984 2235 omnes
3017 2183 3221 2236 amicos
3280 2181 3522 2237 Zur-oba-

1944 2263 2050 2328 bel,
2079 2266 2336 2335 principis
2389 2267 2573 2331 Israel,
2637 2271 2776 2324 tribu
2833 2273 3000 2342 regia,
3038 2274 3179 2328 unde
3219 2275 3520 2343 prodierat,

1945 2356 2094 2409 illum
2137 2359 2202 2410 ad
2261 2375 2484 2426 regnum
2540 2372 2787 2416 vocante.
2841 2363 2978 2428 Quid
3056 2375 3236 2420 autem
3293 2367 3358 2421 de
3405 2367 3522 2436 ipso

1943 2445 2143 2498 dictum
2176 2447 2247 2500 sit
2281 2464 2308 2499 a
2338 2446 2468 2512 Deo,
2495 2449 2643 2515 prius
2666 2465 2693 2502 a
2726 2465 2810 2502 me
2842 2455 3260 2508 commemorari
3292 2470 3520 2511 necesse

1940 2546 2044 2589 εει.
2075 2536 2166 2589 Ait
2200 2553 2328 2603 ergo
2358 2557 2370 2590 :
2408 2557 2426 2588 ι
2462 2539 2648 2596 Manus
2669 2541 2965 2596 Zorohabel
2986 2545 3520 2600 iundaruntdomum

1941 2625 2099 2691 hanc,
2125 2636 2178 2680 et
2199 2643 2386 2681 manus
2415 2627 2528 2696 ejus
2555 2632 2836 2699 perﬁcient
2891 2647 3009 2685 eam
3046 2632 3114 2685 “.
3163 2652 3184 2685 ι
3241 2632 3346 2688 Sed
3401 2633 3520 2689 fun-

1939 2717 2086 2772 danti
2125 2720 2366 2784 domum,
2416 2730 2579 2788 atque
2604 2723 2768 2776 etiam
2847 2725 3172 2792 perﬁcienti,
3215 2725 3397 2780 socius
3463 2735 3520 2780 et

1937 2809 2150 2876 adjutor
2179 2809 2472 2867 eratlesus
2509 2814 2650 2867 ﬁlius
2677 2811 2906 2869 .losedec
2956 2815 3213 2871 sacerdos
3263 2833 3514 2888 rttagnus.

1937 2900 2199 2967 Quocirca
2225 2905 2474 2972 praecepit
2503 2907 2874 2960 universorum
2942 2906 3082 2962 Deus
3139 2918 3328 2964 sancto
3386 2926 3515 2980 pro-

1936 2993 2131 3062 phetae,
2159 2995 2318 3048 allata
2341 2997 2407 3050 de
2457 2999 2771 3067 captivitate
2816 3000 3064 3069 accipere
3096 3018 3124 3054 a
3155 3001 3514 3070 principibus.

1935 3095 1987 3138 et
2015 3085 2080 3138 ab
2103 3087 2322 3142 utilibus
2355 3089 2492 3158 ejus,
2528 3099 2583 3144 et
2623 3092 2693 3145 ab
2725 3091 2809 3144 bis
2839 3093 2930 3160 qui
2964 3103 3333 3160 cognoverunt
3369 3106 3513 3150 eain.

1935 3176 2164 3242 Quinam
2189 3179 2273 3231 isti
2315 3179 2542 3245 fuerint,
2572 3191 2626 3234 et
2662 3198 2779 3249 quan
2813 3184 2922 3236 sint
2958 3184 3045 3235 illa
3086 3185 3152 3236 de
3178 3183 3512 3250 captivitate,

1935 3271 2217 3322 commode
2247 3285 2530 3336 exponam.
2558 3269 2810 3326 Israelita:
2849 3289 2880 3326 e
2931 3271 3204 3342 Babylone
3237 3275 3515 3330 redierunt

1942 3375 2046 3412 non
2096 3360 2329 3426 confusi,
2355 3377 2454 3416 nec
2481 3364 2746 3432 permisti,
2782 3366 2874 3418 sed
2903 3367 3210 3434 aguﬁnihus
3245 3369 3514 3437 composi-

1941 3453 2030 3516 tis,
2065 3462 2114 3507 et
2139 3453 2346 3519 ordine,
2393 3456 2687 3509 secundum
2719 3471 2915 3524 genera
2966 3467 3017 3512 et
3070 3458 3261 3524 tribus,
3305 3463 3512 3514 antesi-

1930 3560 2137 3613 gnanos
2176 3557 2229 3599 et
2259 3548 2422 3600 duces
2464 3547 2747 3612 habentes,
2787 3558 2844 3602 ut
2892 3549 2945 3602 in
2990 3550 3162 3605 Esdra
3181 3551 3406 3618 legimus
3435 3551 3507 3608 ".

1929 3634 2218 3704 Postquam
2258 3638 2420 3707 igitur
2443 3639 2554 3706 jam
2609 3640 3035 3712 Hierosolymam
3086 3654 3369 3709 venerunt,
3403 3645 3512 3701 Deo

1927 3729 2341 3804 aediﬁcationem
2378 3730 2556 3797 templi
2597 3740 2844 3798 urgente,
2876 3733 3324 3804 gazophylacium
3380 3751 3504 3790 cum

1927 3819 1995 3873 ad
2029 3803 2309 3888 pecuniam
2343 3835 2438 3889 pro
2469 3837 2633 3890 opere
2663 3823 3020 3887 conﬁciendo,
3081 3803 3190 3878 tuin
3237 3827 3301 3880 ad
3329 3837 3509 3883 vestes

1927 3913 2292 3968 sacerdotales
2321 3923 2373 3965 et
2407 3914 2472 3966 ad
2518 3915 2788 3968 sacriﬁcia
2827 3915 2942 3980 lege
3001 3919 3314 3986 prmscripta
3355 3920 3507 3975 colli-

1926 4004 2153 4072 gendam
2193 4003 2338 4058 Jusia
2367 4005 2654 4073 Sophonia:
2682 4007 2792 4060 lilio
2830 4020 3098 4076 qua'sture
3133 4027 3196 4064 ac
3221 4013 3504 4080 dispensa-

1929 4106 2043 4151 tore
2073 4098 2326 4164 prmfccto
2386 4099 2755 4154 instituerunt.
2797 4099 3015 4154 Mandat
3067 4104 3248 4172 itaque
3287 4107 3506 4160 univer-

1925 4203 2106 4243 sorum
2143 4190 2281 4242 Deus
2321 4189 2387 4243 de
2423 4193 2506 4244 his
2557 4206 2678 4258 qua:
2730 4207 2760 4244 e
2788 4193 3099 4259 captivitate
3133 4209 3318 4247 secum
3355 4205 3499 4248 attu-

1925 4279 2097 4334 lerant
2132 4282 2420 4346 principes,
2451 4297 2678 4350 quamque
2700 4285 2841 4348 apud
2869 4282 3076 4335 Josiam
3105 4285 3348 4350 deposita
3383 4301 3501 4338 ma-

1925 4373 2142 4437 nebant,
2183 4389 2373 4427 aurum
2408 4386 2798 4441 argentumque
2828 4373 2998 4440 aet-ipi
3047 4388 3060 4425 :
3102 4375 3294 4428 deinde
3319 4376 3499 4444 parari

1923 4480 2175 4529 coronas,
2201 4483 2404 4535 easque
2434 4466 2483 4518 in
2512 4463 2818 4533 caputJesu
2853 4466 2944 4518 ﬁlii
2973 4464 3202 4520 Josedec
3245 4469 3501 4521 sacerdo-

1924 4558 1991 4612 tis
2030 4559 2207 4623 magni
2248 4557 2471 4624 imponi,
2508 4557 2812 4625 diciqneilli
2849 4559 2913 4612 de
2969 4557 3264 4614 Zurobabel
3295 4579 3308 4614 '.

1926 4669 1944 4700 ι
1981 4649 2119 4704 Ecce
2147 4651 2258 4712 vir,
2294 4649 2485 4703 Oriens
2525 4665 2715 4703 nomen
2751 4649 2885 4716 ejus.
2926 4649 3120 4706 Vocem
3157 4655 3352 4718 oriens,
3392 4653 3496 4708 He-

231 4709 350 4766 εἶτα
383 4713 800 4766 κατασκευάσαι
850 4717 1169 4784 στεφάνους,
1199 4720 1468 4776 ἐπιθεῖναί
1515 4743 1573 4778 τε
1620 4728 1818 4794 αὐτοὺς

1935 4756 2060 4796 mea
2088 4741 2252 4793 editio
2306 4755 2434 4794 voce
2483 4740 2741 4809 germinis
2798 4743 3084 4807 expressit.
3125 4762 3144 4796 ›
3199 4744 3262 4798 Ει
3310 4746 3498 4799 subter

231 4805 324 4855 ἐπὶ
349 4802 451 4873 τὴν
487 4803 734 4873 κεφαλὴν
764 4806 940 4874 Ἰησοῦ
969 4808 1062 4861 τοῦ
1086 4811 1352 4870 Ἰωσεδὲκ,
1381 4813 1472 4866 τοῦ
1509 4815 1698 4887 ἱερέως
1721 4821 1812 4874 τοῦ

234 4894 498 4961 μεγάλου,
538 4895 704 4960 φάναι
733 4912 792 4947 τε
819 4897 967 4968 αὐτῷ
1011 4902 1138 4969 περὶ
1164 4903 1259 4956 τοῦ
1289 4906 1612 4975 Ζοροϐάϐελ·
1641 4929 1660 4960 ι
1687 4913 1812 4966 Ἰδοὺ

231 4986 674 5058 ἁνὴρ,“Ανατολὴ
723 4988 893 5058 ὄνομα
935 4992 1101 5063 αὐτῷ.
1136 5013 1152 5044 ι
1196 4995 1268 5048 Τὸ
1297 4996 1353 5049 δὲ
1391 4999 1656 5069 ἀνατολὴ
1706 5003 1814 5057 τῶν

242 5077 511 5149 Ἐϐραίων
565 5080 600 5150 ἡ
645 5079 855 5144 ἔκδοσις
902 5081 982 5153 τῷ
1032 5085 1128 5138 τοῦ
1178 5086 1557 5161 βλαστήματος
1587 5094 1812 5163 ὀνόματι

234 5173 608 5242 κατεσήμηνε.
663 5190 682 5223 ι
711 5174 822 5227 Καὶ
868 5175 1217 5232 ὑποκάτωθεν
1266 5182 1430 5236 αὐτοῦ
1474 5185 1753 5251 ἁνατελεί,
1785 5209 1804 5239 ι

233 5263 540 5326 τουτέστιν,
577 5265 644 5317 ἐκ
678 5266 775 5335 τῆς
807 5267 971 5320 αὐτοῦ
1005 5268 1162 5341 ῥίζης
1196 5273 1482 5344 ἀναφύσει.
1519 5298 1537 5328 ι
1570 5279 1812 5348 Λήψεται

237 5353 291 5405 δὲ
337 5359 429 5410 καὶ
457 5356 688 5428 ἀρετὴν.
724 5377 742 5411 s
774 5361 1071 5428 τουτέστιν,
1105 5365 1464 5437 εὐπρέπειαν,
1488 5371 1606 5441 ἦτοι
1631 5370 1808 5436 δόξαν

237 5445 563 5503 ἑκδεδὼκασι
613 5449 723 5518 γὰρ
765 5448 938 5516 οὕτως
984 5455 1033 5506 oi
1079 5455 1254 5526 ἕτεροι
1297 5459 1405 5513 τῶν
1438 5463 1810 5534 ὲρμηνευτῶν.

239 5537 548 5605 Προσετίθει
596 5541 655 5593 δὲ
700 5541 931 5608 τούτοις,
972 5545 1048 5609 ὡς
1091 5546 1257 5618 ἄμφω
1305 5552 1424 5622 μὲν,
1471 5554 1676 5622 Ἰησοῦς
1721 5557 1816 5610 καὶ

239 5631 558 5700 Ζοροϐάϐελ,
609 5635 704 5687 ἐπὶ
756 5635 847 5689 τὸν
895 5638 1056 5694 αὐτὸν
1103 5643 1450 5701 καθεδοῦνται
1501 5647 1708 5718 θρόνον,
1741 5649 1815 5714 ὡς

303 5808 350 5842 3"
389 5807 616 5866 Lacltar.
650 5827 720 5873 tr,
764 5813 814 5866 9.
891 5815 933 5845 ⁷⁷
979 5816 1167 5871 lEsdr.
1214 5837 1286 5884 xi,
1334 5821 1415 5875 19.

1919 4850 2038 4889 ellln
2071 4832 2368 4896 exorietur,
2397 4850 2415 4882 ι
2463 4831 2561 4886 hoc
2591 4842 2697 4896 est,
2727 4842 2783 4885 ut
2837 4849 2899 4885 ex
2943 4833 3058 4901 ejus
3089 4835 3268 4888 radice
3294 4837 3495 4904 germi-

1921 4926 2089 4980 nubit.
2137 4943 2155 4974 ι
2177 4923 2418 4990 Accipiet
2451 4933 2631 4976 autem
2661 4924 2943 4988 virtutem,
2974 4943 2992 4976 ι
3055 4926 3155 4978 hoc
3203 4935 3304 4987 est,
3339 4926 3496 4978 deco-

1921 5032 2057 5081 rem,
2090 5015 2203 5070 sive
2225 5015 2473 5083 gloriam,
2501 5014 2770 5081 quomodo
2797 5013 2884 5066 alii
2939 5015 3263 5082 interpretes
3309 5015 3494 5070 edide-

1919 5118 2064 5161 runt.
2095 5107 2302 5176 Adjecit
2328 5107 2431 5171 bis,
2456 5107 2665 5171 ambos,
2692 5105 2874 5161 Jesum
2900 5116 2954 5160 et
2981 5107 3302 5170 Zorobabel,
3329 5123 3494 5176 super

1918 5199 2106 5253 eodem
2140 5197 2275 5252 solio
2301 5213 2568 5260 sessurus,
2589 5207 2645 5252 ut
2668 5213 2951 5252 conmnune
2974 5199 3043 5251 sit
3085 5213 3306 5265 regnum
3329 5201 3490 5254 etiam

1915 5288 2275 5346 sacerdotium
2311 5289 2642 5357 procuranti,
2671 5299 2724 5340 et
2754 5287 2988 5355 dignitas
3004 5289 3292 5342 sacerdotii
3328 5291 3494 5344 etiam

1916 5397 2036 5437 cum
2068 5388 2326 5447 regnante
2347 5381 2809 5442 cowmuuicetur;
2844 5376 3186 5447 laturumque
3209 5381 3496 5435 amborum

1917 5487 2074 5524 unam
2108 5468 2391 5536 paciﬁcum
2427 5478 2482 5522 et
2511 5467 2950 5544 consentientem
3003 5467 3350 5532 voluntatem,
3433 5480 3492 5523 ul

1916 5561 1970 5614 in
2013 5559 2154 5615 nullo
2186 5574 2407 5628 prorsus
2437 5558 2747 5628 discrepare
2772 5558 3075 5615 videantur.
3107 5558 3305 5613 Deinde
3337 5559 3492 5629 jubet

1918 5667 2146 5710 coronas
2177 5653 2317 5720 ﬁeri,
2345 5651 2687 5724 splendidum
2715 5650 3025 5716 donarium,
3049 5651 3188 5719 quod
3234 5650 3494 5705 oneratur
