4080 6284
557 402 627 456 93
1553 403 1611 459 s.
1653 402 1929 459 CYRlLLl
1972 403 2443 460 ALExANpmNt
2482 403 2804 460 ARCHIEP.
3749 386 3819 440 96

563 524 671 577 Deo
704 520 755 575 in
778 521 938 577 domo
966 521 1104 589 ejus,
1160 522 1389 591 gratiam
1450 524 1768 592 concilians,
1803 536 1857 582 et
1910 527 2137 596 gloriam

2251 522 2380 582 εἶναι
2415 526 2590 580 κοινὸν
2635 527 2695 579 τὸ
2740 526 2841 596 τῆς
2893 522 3165 594 βασιλείας
3208 522 3304 575 καὶ
3347 519 3424 592 τῷ
3460 516 3606 591 μετὰ
3638 523 3826 593 χεῖρας

564 609 1166 681 pariensofferentibus.
1197 610 1658 683 Josiwﬁinquam,
1708 626 1763 671 et
1803 618 2139 686 captivitatis

564 703 809 772 utilibus,
842 712 897 759 et
925 703 1255 772 principibus
1306 706 1443 774 ejus.
1497 707 1743 763 Dedicari
1790 717 1970 764 autem
2025 725 2133 764 non

567 792 767 849 frustra
796 812 811 849 :
841 796 935 852 sed
966 804 1023 848 ut
1062 797 1373 851 cantoribus
1401 799 1610 867 templi,
1646 810 1701 854 et
1748 802 1922 857 sacris
1951 802 2140 873 psaltis

567 885 816 939 cantandi
847 894 1219 954 argumentum
1249 886 1337 941 sit.
1390 888 1561 955 Tunc,
1594 889 1834 960 inquam,
1863 911 1882 944 ι
1950 902 2005 947 et
2049 895 2137 962 qui

567 970 725 1040 longe
772 972 836 1026 ab
866 973 989 1038 illis,
1030 993 1049 1027 ι
1074 974 1176 1030 hoc
1224 986 1326 1041 est,
1374 979 1464 1046 qui
1503 980 1569 1033 de
1620 980 1738 1036 aliis
1768 981 2015 1048 gentibus
2046 999 2137 1038 ve-

566 1063 737 1127 nient,
771 1073 825 1117 et
849 1066 1152 1121 adorabunt
1186 1068 1494 1124 Dominum.
1518 1070 1791 1127 Eventura
1819 1082 2001 1129 autem
2037 1076 2136 1129 ista

565 1153 815 1218 aﬂirmat,
837 1158 879 1211 si
917 1158 1086 1212 velint
1113 1160 1431 1216 obedientite
1452 1173 1768 1220 ornamento
1817 1180 1877 1220 se
1910 1181 2139 1221 venera-

567 1246 702 1301 biles
734 1248 980 1314 reddere,
1010 1259 1066 1303 et
1103 1250 1291 1305 audire
1318 1266 1502 1307 vocem
1532 1255 1738 1310 Domini
1777 1255 1895 1311 Dei.
1927 1256 2005 1312 Ac
2026 1266 2137 1313 tum

568 1337 804 1402 demum,
865 1340 951 1394 ubi
1033 1343 1394 1410 praenuntiata
1458 1345 1639 1401 exitus
1682 1350 2137 1416 comprobaverit,

567 1427 711 1482 haud
744 1430 903 1485 dubie
918 1432 1229 1502 cognituros
1262 1435 1580 1504 praphetam
1619 1437 1844 1491 missum
1901 1452 2024 1494 esse
2082 1446 2141 1492 ut

567 1519 662 1575 Dei
688 1520 1012 1577 voluntatem
1055 1525 1186 1595 ipsis
1234 1528 1490 1596 aperiret,
1531 1544 1636 1583 non
1698 1538 1873 1583 autem
1930 1540 1988 1585 ut
2042 1546 2141 1601 pro

566 1627 719 1670 more
779 1617 1133 1684 quorumdam
1193 1620 1565 1676 mentientium
1606 1623 1786 1678 cordis
1840 1624 1922 1677 Sui
1979 1637 2139 1679 sensa

567 1702 896 1771 loqueretur,
928 1721 1093 1761 verax
1118 1711 1317 1777 potius,
1345 1726 1443 1767 nec
1475 1710 1726 1766 falsitatis
1754 1714 1993 1769 nuntius.
2014 1712 2139 1769 H320

562 1790 822 1849 facillima
858 1805 914 1851 et
965 1799 1124 1853 obvia
1178 1812 1263 1856 est
1310 1802 1552 1857 historiae
1578 1804 1890 1871 explicatio.

2240 618 2415 689 ἔχοντι
2463 617 2561 687 τὴν
2604 614 2937 685 ἱερουργίαν,
2965 613 3025 665 τό
3070 629 3132 681 γε
3181 614 3290 683 μὴν
3342 612 3437 664 τοῦ
3490 611 3682 682 ἱερέως
3732 614 3827 665 καὶ

2240 710 2388 780 αὐτῷ
2431 708 2785 779 προσκεῖσθαι
2818 705 2896 775 τῷ
2936 704 3304 775 βασιλεύοντι’
3336 703 3489 757 ἔσται
3523 705 3583 757 δὲ
3625 705 3828 774 ἀμφοῖν

2238 801 2334 853 καὶ
2381 800 2627 870 βούλημα
2670 798 2968 869 εἰρηνικὸν,
2996 796 3072 859 ὡς
3103 794 3246 849 κατά
3290 813 3346 847 τι
3397 794 3528 863 γοῦν
3573 794 3711 857 ὅλως
3751 796 3826 864 μὴ
3932 817 3951 825 ’

2240 887 2813 961 ἐτερογνωμονοῦντας
2871 886 3123 957 ὁρᾶσθαι.
3175 882 3306 940 Εἶτα
3351 886 3480 949 τοὺς
3532 887 3827 954 στεφάνους

2238 983 2490 1055 λαμπρὸν
2542 982 2787 1051 γίνεσθαι
2839 979 3206 1052 προστέταχεν
3257 979 3539 1049 ἀνάθημα,
3586 978 3665 1049 τῷ
3709 977 3829 1048 Θεῴ

2239 1074 2722 1145 εἱσκεκομισμένον
2771 1074 2852 1136 εἱς
2900 1072 2991 1125 τὸν
3032 1067 3181 1125 οἷκον
3224 1068 3414 1135 αὑτοῦ,
3445 1069 3589 1123 ὥστε
3627 1070 3719 1123 καὶ
3748 1071 3827 1133 εἱς

2239 1165 2419 1236 χάριν,
2458 1166 2577 1236 ’ήτοι
2609 1165 2896 1235 καύχημα,
2931 1163 3188 1231 γενέσθαι
3219 1162 3327 1215 τῶν
3347 1162 3827 1233 προσαγηοχότων,

2251 1258 2454 1312 Ἰωσίου
2473 1275 2552 1323 τε,
2573 1258 2737 1327 φημὶ,
2761 1257 2854 1310 καὶ
2876 1255 2984 1309 τῶν
3003 1255 3103 1325 τῆς
3121 1252 3499 1323 αἰχμαλωσίας
3520 1252 3827 1323 χρησίμων,

2239 1352 2334 1404 καὶ
2363 1350 2473 1404 τῶν
2506 1349 2783 1421 ἀρχόντων
2814 1347 3008 1417 αὐτῆς.
3027 1344 3395 1399 Ἀνατεθεῖναι
3424 1344 3501 1409 δὲ,
3532 1346 3594 1397 οὑ
3630 1346 3826 1415 μάτην,

2240 1442 2352 1495 ἀλλ’
2376 1442 2516 1497 ὥστε
2542 1442 2636 1495 καὶ
2660 1440 2803 1511 ᾠδῆς
2831 1437 3083 1508 γενέσθαι
3112 1437 3384 1508 πρόφασιν
3413 1439 3527 1498 τοῖς
3552 1435 3709 1505 ᾠδοῖς
3733 1436 3828 1487 τοῦ

2239 1532 2369 1587 ναοῦ
2395 1535 2488 1587 καὶ
2523 1532 2886 1604 ἱεροψάλταις.
2922 1532 3057 1585 Τότε
3102 1547 3167 1599 γε
3192 1530 3256 1601 δή
3289 1546 3432 1599 φημι
3466 1547 3487 1581 ι
3510 1528 3605 1582 καὶ
3635 1529 3684 1580 οἱ
3722 1544 3827 1597 μα-

2240 1626 2380 1696 κράν
2440 1625 2537 1677 ἀπ’
2583 1622 2784 1687 αὐτῶν,
2823 1640 2843 1674 ι
2901 1621 3202 1685 τουτέστιν,
3257 1619 3306 1673 οἳ
3362 1621 3425 1673 ὲκ
3469 1618 3579 1672 τῶν
3627 1617 3829 1689 ἑτέρων

2241 1716 2410 1771 ἐθνῶν
2438 1716 2649 1786 ἥξουσι,
2676 1715 2771 1768 καὶ
2800 1714 3245 1785 προσκυνήσουσι
3271 1712 3348 1783 τῷ
3373 1711 3585 1783 Κυρίῳ.
3612 1710 3827 1780 Συμϐή-

2243 1810 2432 1861 σεσθαι
2482 1806 2539 1860 δὲ
2594 1806 2659 1860 τά
2707 1805 2885 1858 τοιάδε
2934 1806 3119 1875 φησὶν,
3150 1804 3308 1875 εἴπερ
3359 1804 3565 1856 ἕλοιντο
3608 1800 3686 1873 τῷ
3728 1801 3828 1870 τῆς

566 1888 875 1953 εὐπειθείας
903 1893 1401 1963 κατασεμνύνεσθαι
1427 1896 1639 1966 κόσμῳ,
1671 1898 1765 1950 καὶ
1796 1898 2012 1952 ἀκούειν
2038 1900 2362 1971 τῆς’φωνῆς
2394 1900 2599 1972 Κυρίου
2667 1898 2761 1954 τοῦ
2792 1897 2949 1953 Θεοῦ.
2984 1899 3097 1953 Καὶ
3159 1899 3281 1951 τότε
3323 1896 3510 1951 λοιπὸν
3544 1897 3623 1960 εἱς
3657 1896 3830 1966 πέρας

568 1982 947 2053 ὲκϐεϐηκότων
998 1983 1108 2038 τῶν
1172 1987 1632 2058 προηγγελμένων
1662 2028 1677 2055 ,
1738 1988 2137 2059 ὲπιγνώσεσθαι
2178 1992 2385 2063 σαφῶς,
2425 1993 2506 2046 ὅτι
2531 1993 2603 2046 τὰ
2665 1990 2821 2064 παρὰ
2881 1990 3017 2045 Θεοῦ
3059 1991 3205 2060 σαφῆ
3242 1991 3604 2060 καταστήσων
3633 1989 3661 2040 ὁ
3695 2005 3831 2056 προ-

569 2077 746 2147 φήτης
767 2076 1070 2148 ἀπεστάλη,
1100 2079 1194 2131 καὶ
1220 2079 1339 2149 ούχὶ
1364 2080 1429 2151 δὴ
1463 2080 1662 2151 μᾶλλον
1690 2083 1834 2137 κατά
1850 2101 2004 2146 τινας
2029 2084 2138 2139 τῶν
2173 2085 2490 2157 ψευδοεπεῖν
2553 2086 2845 2148 εἰωθότων,
2863 2084 2933 2138 τὰ
2957 2084 3065 2138 ἀπὸ
3120 2083 3350 2154 καρδίας
3369 2084 3558 2145 αὐτοῖς
3586 2080 3829 2150 λαλήσει,

567 2168 661 2222 καὶ
690 2167 893 2239 ἀληθὴς
912 2168 969 2222 δὲ
998 2170 1217 2239 μᾶλλον,
1246 2172 1341 2223 καὶ
1366 2171 1427 2224 οὐ
1453 2170 1836 2242 ψευδάγγελος.
1866 2173 2015 2246 Δῦτη
2040 2175 2137 2245 μὲν
2170 2177 2204 2247 ὴ
2268 2177 2593 2248 ἐτοιμοτάτη
2644 2175 2741 2230 καὶ
2772 2175 3066 2246 πρόχειρος
3109 2173 3219 2227 τῶν
3262 2174 3320 2227 ὲν
3357 2172 3621 2244 ἱστορίαις
3692 2173 3832 2225 ἀπό-

564 2262 731 2325 δοσις.

636 2354 855 2410 Certum
908 2364 992 2411 est
1048 2372 1233 2427 porro,
1289 2358 1663 2416 dubitaturum
1718 2364 2015 2427 neminem,
2070 2364 2139 2419 ad

2296 2364 2481 2439 Aﬁlov
2513 2363 2571 2417 δὲ
2602 2364 2684 2417 ὅτι
2716 2361 2778 2416 τὸ
2806 2362 2997 2435 χρῆμα
3034 2360 3097 2414 τὸ
3144 2359 3384 2429 Χριστοῦ
3422 2359 3744 2429 μυστήριον,
3777 2362 3834 2411 εἱ

566 2447 767 2502 Christi
796 2448 1112 2517 mysterium
1144 2465 1258 2504 rem
1287 2460 1554 2521 spectare,
1590 2455 1636 2508 si
1671 2455 1807 2509 bene
1833 2455 2139 2526 indagetur.

564 2535 1014 2591 Confirmavimus
1058 2538 1202 2593 enim
1282 2540 1352 2595 ab
1417 2542 1591 2609 initio,
1638 2543 1692 2598 in
1744 2543 2036 2601 Zorobabel
2090 2552 2145 2600 et

558 2627 691 2683 'Jesu
714 2627 1063 2684 informatum
1091 2645 1213 2687 esse
1236 2630 1537 2700 Christum,
1560 2635 1900 2704 etsigillatim
1924 2636 1976 2690 in
1996 2645 2144 2690 utro-

564 2720 668 2784 vis,
696 2728 752 2774 et
776 2720 830 2775 in
858 2719 1121 2777 ambobus
1145 2724 1498 2794 conjunctiin,
1558 2732 1618 2779 ut
1646 2740 1834 2779 unum.
1864 2725 1961 2782 Est
1998 2726 2142 2781 enim

566 2809 706 2864 idem
730 2820 786 2865 et
853 2826 949 2866 rex
984 2811 1173 2877 lsrael,
1197 2823 1253 2869 et
1312 2830 1541 2884 magnus
1598 2816 1873 2884 sacerdos,
1931 2832 1954 2869 ι
2007 2817 2145 2872 San-

564 2910 705 2968 ctus,
732 2903 1011 2967 innocens,
1059 2905 1375 2975 impollutus
1421 2908 1485 2962 ⁷⁸.
1528 2925 1547 2959 ι
1603 2907 1869 2973 ρυοιιίδω
1897 2922 2024 2965 vero
2078 2910 2146 2964 de

562 2994 707 3051 tribu
742 2995 876 3051 Jnda
905 2997 1245 3067 progenerati
1272 3012 1495 3068 regnum
1557 3000 2045 3066 administrabant,
2090 3010 2145 3057 et

559 3086 670 3142 orti
700 3086 768 3142 de
810 3088 947 3143 tribu
981 3086 1109 3145 Levi
1161 3091 1449 3147 sacerdotii
1499 3107 1694 3146 munus
1749 3092 1991 3156 obibant.
2024 3093 2144 3150 ideo

564 3193 662 3245 per
686 3180 820 3235 duos
844 3180 894 3234 in
924 3196 1089 3235 unum
1114 3181 1399 3238 Dominum
1434 3184 1873 3250 transformatur,
1900 3193 2140 3255 utpatet.

563 3271 741 3337 Quare
794 3272 838 3327 si
895 3275 1040 3328 dicat
1087 3275 1227 3330 Deus
1286 3276 1356 3331 de
1412 3277 1735 3343 Zorohabel,
1774 3296 1792 3331 ι
1828 3278 2017 3335 Manus
2041 3280 2144 3336 Zo-

564 3363 788 3417 robabel
814 3364 1111 3419 fundarunt
1132 3368 1351 3420 domum
1378 3369 1556 3435 istam,
1587 3379 1642 3425 et
1673 3386 1863 3427 manus
1891 3374 2008 3440 ejus
2032 3389 2145 3442 per-

565 3455 746 3508 ficient
805 3469 925 3508 eam
945 3456 1014 3519 ”,
1047 3473 1065 3506 ι
1106 3457 1363 3511 historice
1398 3459 1613 3526 quidem
1640 3460 1706 3513 de
1732 3474 1798 3513 eo
1826 3463 2027 3515 dictum
2051 3477 2143 3517 ac-

566 3544 771 3615 cipies;
807 3546 1102 3600 secundum
1160 3546 1305 3601 aliud
1347 3560 1475 3601 vero
1530 3549 1671 3618 quod
1696 3549 2033 3619 intelligitur,
2077 3553 2144 3607 ad

567 3636 843 3691 Christum
879 3637 1101 3693 referes.
1131 3638 1247 3707 Ipse
1271 3638 1415 3693 enim
1470 3638 1643 3696 factus
1676 3647 1764 3695 est
1813 3641 1969 3697 nobis
2018 3641 2146 3696 fun-

2249 2455 2518 2527 ἐρευνῷτο
2562 2454 2765 2519 καλῶς,
2796 2454 2899 2508 οὐκ
2930 2453 2998 2507 ἂν
3031 2452 3322 2505 ἐνδοιάσειέ
3365 2467 3471 2514 τις.
3510 2449 3835 2503 Διεϐεϐαιὼο

2250 2544 2392 2614 μεθα
2418 2544 2526 2615 γὰρ
2550 2543 2610 2609 ἐξ
2637 2544 2831 2615 ἀρχῆς,
2877 2542 2954 2606 ὡς
2987 2542 3044 2595 ἐν
3075 2558 3140 2610 γε
3172 2541 3250 2611 τῷ
3290 2539 3595 2611 Ζοροϐάϐελ
3615 2540 3709 2592 καὶ
3734 2539 3836 2609 μέν

2247 2654 2350 2703 τοι,
2380 2634 2657 2706 καῖ’ῐησοῦ
2682 2632 3172 2706 διαμεμορφῶσθαι
3196 2632 3449 2704 Χριστὸν,
3484 2632 3577 2684 καὶ
3601 2631 3704 2684 ἀνὰ
3732 2631 3829 2701 μέ-

2253 2746 2344 2801 ρος
2375 2729 2433 2781 ὲν
2460 2728 2729 2799 ἑκατέρῳ,
2757 2726 2854 2780 καὶ
2895 2727 2955 2779 ὲν
3001 2725 3205 2796 ἀμφοῖν
3246 2723 3567 2793 συλλήϐδην,
3598 2722 3674 2786 ὡς
3717 2723 3834 2777 ἕνα.

2253 2819 2411 2874 Ἔστι
2439 2819 2548 2891 γάρ
2572 2821 2632 2874 ὲν
2663 2817 2845 2890 ταυτῷ
2889 2818 2984 2872 καὶ
3034 2816 3287 2887 βασιλεὺς
3331 2816 3423 2869 τοῦ
3456 2814 3694 2887 Ἰσραὴλ,
3743 2815 3841 2868 καὶ

2254 2912 2427 2982 μέγας
2489 2910 2800 2983 ἀρχιερεὺς,
2863 2930 2881 2963 ι
2913 2911 3134 2976 Ὅσιος,
3188 2908 3430 2972 ἄκακος,
3486 2907 3770 2978 ἀμίαντος.
3814 2925 3835 2958 ι

2262 3000 2481 3071 Ἐπειδὴ
2507 3001 2565 3054 δὲ
2587 3002 2638 3053 οἱ
2670 3001 2769 3071 μὲν
2788 3000 2854 3053 ὲκ
2883 2999 3057 3069 φυλῆς
3076 2997 3251 3052 Ἰούδα
3276 2998 3403 3060 τοὺς
3422 2997 3525 3066 τῆς
3556 2995 3843 3064 βασιλείας

2249 3092 2452 3146 διεῖπον
2494 3090 2723 3156 θώκους,
2762 3091 2811 3143 οἱ
2853 3089 2911 3143 δὲ
2944 3089 3042 3158 τῆς
3072 3087 3208 3143 Λευῒ
3239 3087 3477 3140 τέθειντο
3508 3084 3641 3154 πρὸς
3676 3085 3844 3153 ίερω-

2252 3184 2442 3258 σύνην,
2488 3184 2747 3256 ταύτῃτοι
2792 3182 2980 3252 σαφῶς
3010 3181 3098 3235 διὰ
3143 3180 3250 3233 τῶν
3279 3179 3421 3232 δυοῖν
3458 3177 3537 3239 εἱς
3578 3174 3678 3229 ἕνα
3702 3192 3844 3245 μορ-

2252 3277 2446 3348 φοῦται
2469 3276 2693 3349 Κύριον.
2726 3272 2937 3329 Οὐκοῦν
2964 3275 3012 3326 εί
3040 3273 3187 3341 λέγοι
3215 3269 3345 3333 Θεὸς
3380 3267 3509 3339 περὶ
3545 3266 3637 3320 τοῦ
3671 3268 3841 3337 Ζορο-

2253 3369 2445 3436 ϐάϐελ,
2484 3368 2562 3432 ὡς
2612 3385 2631 3419 ε
2662 3368 2728 3420 Al
2776 3368 2957 3437 χεῖρες
2991 3360 3296 3433 Ζοροϐάϐελ
3342 3358 3708 3427 ὲθεμελὶωσαν
3747 3356 3842 3409 τὸν

2252 3456 2400 3513 οἷκον
2429 3459 2638 3523 τοῦτον,
2669 3457 2765 3509 καὶ
2805 3458 2861 3507 αἱ
2891 3457 3073 3522 χεῖρες
3102 3450 3268 3502 αὑτοῦ
3299 3448 3706 3501 ὲπιτελέσουσιν
3736 3448 3839 3501 αύ-

2251 3549 2362 3613 τὸν,
2397 3568 2415 3601 ι
2455 3544 2866 3617 ἱστορικώτερον
2904 3543 3002 3612 μὲν
3036 3541 3121 3592 ἐπ’
3150 3538 3384 3600 ἐκείνου,
3410 3539 3628 3609 νοήσεις
3659 3540 3716 3593 δὲ
3745 3540 3841 3592 ὲπί

2252 3632 2490 3705 Χριστὸν
2526 3631 2752 3703 νοητῶς.
2781 3630 2952 3691 Αὐτὸς
2996 3627 3103 3699 γάρ
3152 3626 3308 3697 ἡμῶν
3349 3626 3540 3696 γέγονε
3569 3628 3839 3699 θεμέλιος,

569 3732 906 3796 damentum,
932 3741 988 3787 et
1040 3746 1207 3802 super
1242 3732 1415 3801 ipsum
1447 3748 1638 3789 omnes
1694 3735 2052 3803 spiritualiter
2096 3734 2147 3788 in

2254 3724 2350 3777 καὶ⁵
2382 3721 2531 3792 αὐτῷ
2558 3720 2760 3781 πάντες
2788 3714 3293 3786 ὲποικοδομούμεθα
3320 3716 3729 3787 πνευματικῶς,
3760 3718 3841 3780 εἰς

570 3823 828 3890 templum
896 3831 1143 3877 sanctum
1197 3824 1449 3879 aediﬁcati
1525 3839 1745 3891 sumus;
1817 3826 1931 3894 ipse
1990 3826 2145 3881 nobis

571 3914 735 3984 706
761 3914 1081 3982 principium
1111 3920 1166 3968 et
1208 3913 1331 3969 linis
1369 3924 1474 3969 est.
1539 3915 1649 3970 Nos
1708 3916 1852 3970 enim
1901 3918 2147 3972 sanctifi-

572 4014 721 4058 catos
744 4005 796 4057 in
822 4002 1023 4071 Spiritu
1046 4042 1060 4068 ,
1088 4003 1518 4073 praeclarumque
1547 4014 1601 4060 et
1631 4016 1877 4059 sanctum
1932 4006 2147 4061 habita-

573 4094 750 4148 culum
805 4093 907 4148 sibi
964 4105 1020 4149 et
1084 4094 1253 4160 Patri,
1296 4094 1471 4151 deleto
1524 4106 1747 4165 peccato
1804 4097 2046 4152 funditus
2096 4106 2151 4152 et

564 4189 916 4258 corruptione
946 4186 1168 4254 abolita,
1212 4187 1476 4243 exhibuit.
1510 4186 1629 4258 Ipse
1670 4190 1813 4243 enim
1867 4200 1950 4244 est
1991 4186 2151 4243 Jesus

573 4280 827 4336 sacerdos
858 4296 1102 4352 magnus,
1140 4290 1195 4336 et
1216 4290 1372 4338 sonat
1398 4282 1614 4351 quidem
1647 4279 1808 4337 Jesus
1836 4282 1982 4336 salus
2048 4297 2148 4351 po-

573 4370 704 4437 puli.
730 4373 821 4428 Sic
844 4390 1077 4444 namque
1130 4375 1346 4430 divinus
1406 4375 1626 4431 Gabriel
1688 4376 1756 4431 ad
1793 4374 2092 4445 ‘Virginem
2135 4391 2149 4431 :

582 4480 602 4512 ε
642 4464 706 4516 Et
751 4478 901 4531 ecce,
954 4465 1228 4534 concipies
1268 4466 1321 4519 in
1364 4476 1541 4530 utero,
1564 4477 1619 4521 et
1648 4468 1827 4537 paries
1856 4467 2048 4531 filium,
2098 4478 2155 4522 et

575 4553 797 4608 vocabis
818 4570 1017 4609 nomen
1048 4554 1164 4622 ejus
1183 4554 1367 4610 Jesum
1405 4554 1451 4588 ⁸⁸
1475 4573 1490 4623 ;
1521 4557 1637 4626 ipse
1665 4558 1809 4611 enim
1834 4557 2043 4612 salvum
2076 4555 2155 4610 fa-

554 4636 685 4699 ciet
715 4646 965 4715 papulnm
998 4662 1153 4701 suum
1190 4663 1217 4701 a
1270 4649 1507 4716 peccatis
1554 4663 1742 4703 eorum
1779 4648 1846 4703 ⁸¹.
1880 4668 1899 4701 ι
1931 4646 2158 4703 Josedec

580 4746 761 4793 autem
806 4739 1046 4793 redditur
1090 4739 1302 4808 justitia
1355 4740 1469 4793 Dei.
1524 4737 1818 4795 Justilicati
1882 4741 2027 4793 enim
2103 4740 2156 4794 in

580 4830 696 4898 ipso
738 4845 833 4899 per
856 4828 1011 4884 fidem
1031 4830 1222 4897 ",‘eta
1254 4831 1504 4885 sordibus
1528 4841 1771 4885 veterum
1808 4839 2157 4900 peccatorum

581 4921 745 4976 abluti
791 4936 994 4976 sumus.
1037 4923 1159 4990 Ipse
1213 4936 1309 4977 nos
1339 4922 1580 4991 captivos
1626 4922 1875 4977 liberavit
1926 4919 1997 4986 ⁸³,
2023 4932 2078 4975 et
2129 4934 2159 4975 a

580 5014 856 5078 servitute,
922 5027 1083 5083 quam
1145 5022 1325 5069 mente
1372 5014 1617 5083 capimus
1667 5029 1765 5069 nos
1824 5014 2042 5079 exemit,
2092 5023 2160 5087 et

581 5120 839 5173 tanquam
885 5120 949 5161 ex
996 5107 1280 5176 peregrina
1348 5116 1404 5162 et
1460 5105 1881 5176 alienigenarum
1915 5104 2153 5175 regione,

581 5215 652 5253 ex
707 5198 967 5254 diabolica
1028 5200 1341 5256 seductione
1391 5201 1459 5257 ad
1511 5198 1607 5255 Dei
1662 5199 2043 5270 cognitionem,
2104 5205 2158 5252 et

584 5296 893 5344 sanctorum
930 5291 1202 5347 civitatem
1235 5292 1513 5358 eximiam,
1553 5304 1681 5347 vere
1759 5298 1999 5346 sanctam
2062 5287 2157 5343 Je-

588 5379 847 5446 rusalem,
912 5397 1031 5452 quae
1081 5392 1166 5439 est
1223 5383 1486 5449 Ecclesia,
1551 5381 1785 5439 reduxit.
1820 5381 2160 5450 Quapropter

588 5481 737 5528 recta
787 5481 843 5528 et
900 5472 1170 5544 inculpata
1221 5475 1345 5541 fide,
1389 5484 1445 5531 et
1508 5475 1769 5530 virtutum
1824 5469 2162 5528 ornamentis

590 5561 917 5633 bymnisque
935 5564 1136 5633 gratias
1170 5566 1453 5635 agentibus
1485 5580 1516 5620 a
1539 5565 1699 5621 nobis
1723 5572 2037 5620 coronatur.
2096 5558 2162 5614 Et

594 5668 810 5710 coronae
836 5654 1050 5725 quidem
1079 5655 1182 5711 illa:
1240 5671 1417 5713 aurea:
1462 5666 1519 5711 et
1572 5663 1837 5727 argenteae
1881 5661 2058 5715 erant,
2108 5658 2164 5705 et

2245 3813 2373 3870 ναὸν
2406 3813 2582 3881 ἀγιον·
2634 3810 2797 3873 αὐτὸς
2820 3807 2980 3879 ἡμῶν
3017 3809 3051 3877 ή
3082 3807 3223 3878 ἀρχὴ
3254 3807 3347 3860 καὶ
3378 3807 3441 3860 τὸ
3472 3807 3663 3876 πέρας.
3686 3809 3843 3879 Παρ-

2250 3904 2428 3975 ίστησι
2459 3904 2567 3974 γάρ
2599 3901 2747 3973 ἡμᾶς
2774 3897 3140 3969 ἡγιασμένους
3170 3899 3229 3950 ὲν
3262 3897 3555 3968 πνεύματι,
3590 3897 3845 3968 λαμπρόν

2247 4013 2308 4049 τε
2356 3994 2451 4049 καὶ
2504 3993 2646 4063 ἱερὸν
2698 3991 3022 4061 ἐνδιαίτημα
3069 3989 3247 4060 ἑαυτῷ
3294 4007 3354 4042 τε
3403 3989 3499 4042 καὶ
3532 3988 3609 4056 τῷ
3642 3990 3843 4061 Πατρὶ,

2251 4085 2668 4159 περιῃρημένης
2700 4086 2779 4148 εἰς
2810 4084 2959 4139 ἅπαν
2984 4082 3085 4153 τῆς
3108 4083 3403 4154 ἁμαρτίας,
3432 4082 3526 4135 καὶ
3556 4099 3842 4153 κατηργη..

2252 4179 2420 4251 μένης
2462 4178 2561 4248 τῆς
2591 4178 2815 4248 φθορᾶς.
2843 4176 3014 4238 Αὐτὸς
3048 4175 3156 4246 γάρ
3187 4176 3334 4226 ἐστιν
3373 4173 3577 4243 Ἰησοῦς
3607 4174 3787 4244 ἱερεὺς
3813 4175 3844 4226 ὁ

2256 4272 2447 4345 μέγας,
2485 4272 2578 4325 καὶ
2610 4268 2976 4341 ἑρμηνεύεται
3012 4266 3109 4336 μὲν
3135 4263 3342 4334 Ἰησοῦς
3370 4263 3634 4331 σωτηρία
3661 4263 3837 4316 λαοῦ.

2253 4362 2407 4418 Οῦτω
2435 4362 2544 4433 γάρ
2574 4363 2670 4415 καὶ
2697 4362 2725 4413 ὁ
2754 4358 3043 4420 θεσπέσιος
3068 4355 3308 4426 Γαϐριὴλ
3348 4352 3484 4422 πρὸς
3511 4352 3611 4423 τὴν
3632 4352 3843 4422 ιΙαρθέ⁶

2253 4473 2343 4511 νον
2378 4454 2543 4527 φησίν
2562 4470 2575 4483 ·
2614 4472 2632 4504 ι
2666 4452 2777 4505 Καὶ
2812 4450 2920 4505 ἰδοὺ
2951 4448 3196 4518 συλλήψῃ
3225 4449 3284 4499 ὲν
3314 4444 3533 4513 γαστρὶ.
3556 4445 3649 4496 καὶ
3670 4443 3841 4509 τέξεις

2254 4550 2389 4614 υἱὸν,
2421 4550 2515 4603 καὶ
2543 4545 2793 4608 καλέσεις
2821 4544 2882 4596 τὸ
2908 4541 3081 4611 ὄνομα
3108 4536 3272 4592 αὐτοῦ
3297 4535 3524 4605 Ἰησοῦψ
3557 4534 3718 4596 αὐτὸς
3735 4535 3843 4601 γὰρ

2258 4641 2420 4695 σώσει
2467 4640 2558 4692 τὸν
2596 4638 2722 4691 λαὸν
2752 4634 2915 4689 αὐτοῦ
2939 4634 3049 4687 ἀπὸ
3096 4630 3206 4684 τῶν
3252 4626 3535 4698 ἁμαρτιῶν
3585 4625 3776 4679 αὑτοῦ.
3818 4644 3833 4675 ο

2270 4732 2515 4786 Ἰωσεδὲκ
2543 4731 2600 4783 δὲ
2629 4731 2830 4783 νοεῖται
2855 4723 3211 4789 δικαιοσύνη
3243 4720 3414 4774 Θεοῦ.
3436 4718 3843 4787 Δεδικαιῶμεθα

2257 4822 2367 4895 γὰρ
2393 4822 2450 4875 ὲν
2478 4820 2627 4891 αὐτῷ
2658 4819 2748 4872 διὰ
2778 4818 3038 4877 πίστεως,
3062 4812 3156 4865 καὶ
3179 4810 3286 4864 τῶν
3316 4810 3562 4880 ἀρχαίων
3589 4808 3842 4878 αἱτιαμά-

2256 4933 2366 4969 των
2404 4914 2496 4968 τὸν
2541 4913 2712 4985 ῥύπον
2741 4905 3150 4976 ἀπενιψάμεθα.
3184 4902 3355 4965 Αὐτὸς
3391 4902 3537 4971 ἡμᾶς
3563 4899 3836 4969 αἰχμαλώ-

2259 5022 2387 5070 τους
2421 5004 2580 5066 ὄντας
2624 5001 2911 5074 ἐρρύσατο,
2943 4997 3037 5051 καὶ
3069 4995 3168 5065 τῆς
3200 4991 3397 5063 νοητῆς
3430 4990 3675 5052 δουλείας
3704 4990 3844 5056 ἐξεί-

2266 5097 2408 5161 λετο,
2444 5096 2537 5149 καὶ
2565 5089 2763 5162 οἷάπερ
2816 5090 2877 5154 ἐξ
2924 5085 3230 5154 ἀλλοδαπῆς
3256 5082 3351 5137 καὶ
3390 5081 3491 5151 τῆς
3532 5077 3846 5146 ἀλλοφύλων

2262 5190 2363 5258 τῆς
2389 5184 2773 5256 δαιμονιώδους
2816 5181 3034 5250 ἀπάτης
3082 5175 3481 5243 ἀνακεκόμικεν
3512 5172 3591 5233 εἱς
3616 5169 3844 5258 θεογνω-

2264 5256 2408 5341 σίαν,
2444 5277 2540 5331 καὶ
2581 5277 2661 5338 εἱς
2692 5274 2791 5344 τὴν
2824 5271 2932 5325 τῶν
2971 5269 3141 5340 ἁγίων
3176 5263 3511 5326 καλλίπολιν,
3542 5261 3644 5330 τὴν
3683 5256 3845 5327 ἁγίαν

2267 5369 2481 5441 άληθῶς
2516 5363 2904 5439 Ἰερουσαλὴμ,
2945 5364 3067 5435 ἥτις
3111 5361 3257 5414 ἐστὶν
3307 5359 3341 5427 ὴ
3378 5352 3697 5422 Ἐκκλησία.
3751 5348 3846 5403 Διά

2267 5464 2425 5518 τοῦτο
2446 5460 2804 5530 στεφανοῦται
2830 5457 2968 5529 πρὸς
2996 5453 3152 5525 ἡμῶν
3178 5450 3312 5523 ὀρθῇ
3337 5448 3432 5502 καὶ
3457 5443 3845 5515 ἀνεπιπλήκτῳ

2271 5556 2473 5621 πίστει,
2507 5555 2601 5608 καὶ
2644 5556 2758 5618 τοῖς
2806 5552 2887 5615 εἰς
2926 5548 3129 5621 ἀρετὴν
3176 5546 3511 5617 αὐχήμασιν,
3547 5538 3738 5610 ὕμνοις
3788 5551 3844 5589 τε

2266 5653 2379 5715 τοῖς
2406 5647 2798 5720 χαριστηρίοις.
2844 5644 2956 5700 Καὶ
2993 5642 3043 5695 οἱ
3079 5640 3177 5711 μὲν
3207 5639 3267 5692 τὸ
3294 5634 3551 5706 τηνικάδε
3595 5631 3847 5714 στέφανοι

663 5831 714 5866 ’⁸
751 5831 910 5891 Hebr.
960 5851 1052 5903 vn,
1092 5836 1180 5891 26.
1258 5838 1301 5870 ⁷³
1344 5835 1568 5892 Zachar.
1608 5848 1679 5900 iv,
1713 5834 1764 5889 9.
1842 5834 1885 5864 “
1919 5831 2049 5889 Luc.
2093 5850 2129 5901 ι,

2316 5829 2358 5861 ⁸³
2392 5826 2579 5903 Matth.
2621 5839 2660 5891 ι,
2695 5823 2783 5878 ει.
2862 5821 2905 5852 ⁸¹
2948 5819 3103 5873 Rom.
3139 5830 3190 5883 ν,
3218 5815 3263 5867 l.
3344 5810 3388 5843 ⁸³
3429 5808 3605 5865 Galat.
3652 5821 3721 5873 ιν,
3764 5804 3846 5859 51.
