4080 6284
244 302 308 354 07
1086 290 1643 348 COMMENTARIUS
1684 289 1752 345 IN
1792 290 2197 347 ZACHARIAM
2237 292 2682 350 PBOPHETAM.
3424 301 3497 360 98

245 415 435 486 χρυσοῖ
464 429 523 465 τε
556 407 719 482 ἦσαν,
741 411 834 464 καὶ
856 410 1109 480 ἀργυροῖ,
1136 409 1231 461 καὶ
1257 408 1317 473 ὲξ
1339 408 1477 477 ὕλης
1500 409 1826 463 κατεσκευά-

1935 424 2000 463 ex
2032 411 2254 465 materia
2278 412 2513 480 peritura
2542 413 2760 468 ﬁebant.
2787 415 2987 483 Atquze
3008 430 3038 469 a
3076 417 3229 473 nobis
3258 422 3500 487 plectun-
3567 386 3573 391 θ

242 508 397 570 ζοντο
423 506 521 575 τῆς
556 504 818 574 φθαρτῆς.
844 503 907 554 Οἱ
939 502 994 554 δέ
1027 518 1092 569 γε
1123 502 1258 571 πρὸς
1281 500 1442 571 ἡμῶν
1467 498 1831 569 πεπλεγμένοι

243 612 299 648 τε
336 595 433 647 καὶ
457 590 834 663 ἀνημ[μ]ένοι,
866 593 1053 661 γήϊνον
1079 590 1180 658 μὲν
1199 589 1414 659 ἔχουσιν
1429 588 1604 641 οὐδέν·
1643 589 1829 642 συντέ-

245 684 449 736 θεινται
477 683 534 735 δὲ
566 680 764 752 μᾶλλον
795 683 860 732 ὲκ
892 680 990 749 τῆς
1023 679 1101 751 τῷ
1133 679 1252 751 Θεῷ
1295 680 1617 751 πρεπούσης
1650 679 1827 751 δόξης.

259 774 601 843 Ἀνατίθεμεν
620 771 726 841 γάρ
747 770 897 840 αὑτῷ
913 771 1209 841 ὼςιχρυσὺν
1231 771 1349 841 μὲν,
1376 771 1485 825 τῶν
1513 772 1645 840 περὶ
1666 771 1829 823 αὐτοῦ

245 865 522 934 δογμάτων
554 863 655 933 τὴν
685 862 905 930 ἀπλανῆ
937 861 1202 932 θεωρίαν·
1240 860 1315 925 ὡς
1351 862 1595 933 ἄργυρον
1620 862 1697 926 δὲ,
1731 860 1831 931 τὴν

246 957 305 1021 ἐξ
331 957 504 1027 ἔργων
550 954 775 1024 ἀγαθῶν
803 954 1137 1024 φαιδρότητα
1181 954 1401 1023 νοητήν.
1426 954 1582 1006 Ἔστι
1638 952 1696 1006 δὲ
1735 952 1829 1004 καὶ

244 1047 438 1117 ἑτέρως
466 1046 807 1115 στέφανόςξτε
831 1046 926 1099 καὶ
947 1046 1073 1111 δόξα
1101 1043 1360 1115 Χριστοῦ,
1380 1044 1488 1098 τῶν
1512 1046 1642 1115 παρ’
1660 1042 1827 1097 αὑτοῦ

244 1134 598 1203 σεσωσμένων
630 1136 665 1204 ἡ
698 1132 961 1203 σωτηρία.
990 1133 1263 1188 Σέσωσται.
1290 1133 1400 1204 γὰρ
1434 1133 1533 1186 οὐκ
1558 1133 1707 1197 έθνος
1744 1132 1824 1197 ἓν,

241 1221 490 1292 καθάπερ
537 1223 735 1292 ἀμέλει
790 1222 886 1275 καὶ
936 1222 1106 1277 πάλαι
1151 1223 1239 1277 διὰ
1263 1224 1506 1287 Μωσέως
1532 1227 1560 1276 6
1587 1224 1826 1296 Ἰσραὴλ,

240 1310 351 1362 ἀλλ’
396 1311 495 1380 ὅλη
532 1296 847 1364 λοιπὸνὺπ’
873 1311 1103 1382 οὐρανόν
1122 1329 1136 1343 ο
1168 1312 1375 1384 ἔπρεπε
1406 1315 1516 1383 γὰρ
1543 1315 1637 1367 καὶ
1668 1315 1826 1367 τοῦτο

240 1403 318 1472 τῷ
340 1403 787 1474 Χριστῷ.”Αθρει
815 1403 893 1470 δὲ,
925 1405 1073 1468 ὅπως
1106 1405 1253 1476 παρά
1282 1406 1389 1459 τῶν
1417 1406 1703 1476 χρησίμων
1726 1408 1823 1460 αὐ-

239 1492 339 1560 τῆς
378 1493 473 1543 καὶ
516 1492 625 1543 τῶν
677 1491 1068 1559 ὲπεγνωκότων
1117 1493 1294 1563 ,αὐτὴν
1339 1494 1406 1547 τὰ
1463 1497 1543 1557 είς
1586 1495 1684 1563 τὴν
1714 1496 1820 1549 τῶν

240 1584 520 1651 στεφάνων
547 1584 893 1652 κατασκευὴν
926 1585 1405 1654 προσκομίζονται.
1439 1586 1501 1637 Οἱ
1540 1586 1647 1657 γὰρ
1676 1585 1819 1639 λαῶν

239 1674 551 1743 ἡγούμενοι,
575 1676 669 1726 καὶ
688 1675 769 1737 είς
788 1674 959 1746 ἀρχὰς
979 1674 1285 1745 τεθειμένοι
1305 1675 1403 1739 τὰς
1427 1676 1638 1730 τοιάσδε
1668 1677 1819 1748 παρά

1936 501 2526 571 turimponunturque,
2576 513 2846 559 terrenum
2901 506 3035 560 nihil
3078 509 3312 563 habent:
3369 513 3497 581 quin

1932 591 2111 659 potius
2143 606 2209 646 ex
2243 592 2408 661 gloria
2444 596 2552 650 Deo
2579 596 2736 666 digna
2765 598 3073 666 compositas
3114 610 3258 654 sunt.
3287 601 3496 657 Etenim

1932 679 2050 736 loco
2082 683 2199 737 auri
2249 683 2557 755 dogmatum
2587 688 2654 741 de
2692 688 2809 756 ipso
2834 704 3017 741 veram
3048 697 3362 759 certamque
3409 693 3495 746 in—

1932 771 2310 842 telligentiam,
2358 776 2566 846 argenti
2600 786 2777 831 autem
2799 792 2863 830 ex
2892 778 3047 833 bonis
3082 779 3337 847 Operibus
3358 782 3498 835 nito-

1929 876 2041 916 rem
2066 864 2248 918 animo
2267 866 2641 933 aspectabilem
2670 866 2966 922 oll‘erimus.
2996 867 3090 922 Est
3119 870 3275 923 aliter
3300 886 3495 925 corona

1928 961 1983 1006 et
2012 952 2179 1022 gloria
2205 953 2407 1010 Christi
2443 956 2770 1011 salvatorum
2800 960 2868 1012 ab
2908 959 3025 1027 ipso
3085 960 3253 1013 salus.
3282 960 3494 1014 Salvata

1928 1051 2013 1097 est
2030 1046 2173 1098 enim
2198 1061 2303 1101 non
2338 1061 2441 1099 una
2465 1063 2619 1117 gens,
2652 1049 3103 1118 quemadmodum
3136 1050 3343 1105 scilicet
3367 1051 3494 1105 olim

1927 1146 2028 1199 per
2055 1131 2239 1188 Mosen
2271 1133 2452 1201 Israel,
2512 1137 2605 1191 sed
2637 1138 2897 1207 quidquid
2938 1141 3098 1193 etiam
3124 1142 3362 1210 gentium
3396 1145 3497 1197 sub

1933 1220 2073 1276 caelo
2107 1232 2227 1277 est:
2256 1223 2358 1279 hoc
2375 1226 2571 1294 quippe
2593 1225 2864 1281 Christum
2900 1228 3147 1284 decebat.
3189 1229 3306 1286 Jam
3354 1250 3497 1289 nunc

1927 1311 2071 1375 vide,
2109 1318 2382 1381 quomodo
2403 1316 2469 1369 ab
2497 1317 2714 1370 utilibus
2772 1318 2908 1387 ejus,
2957 1331 3012 1374 et
3066 1322 3149 1375 his
3184 1324 3275 1391 qui
3302 1339 3495 1393 cogno-

1925 1413 2116 1457 verunt
2140 1420 2258 1458 eam
2281 1408 2348 1460 ad
2383 1421 2635 1462 coronam
2659 1410 2990 1465 eliiciendam
3041 1417 3340 1469 necessaria
3370 1432 3497 1473 con-

1920 1495 2188 1549 ferantur.
2218 1494 2496 1567 Principes
2523 1500 2667 1553 enim
2697 1501 2910 1569 populi,
2937 1512 2991 1556 et
3020 1504 3071 1556 in
3096 1504 3494 1574 inagistratibus

1920 1584 2229 1654 huiusmodi
2275 1602 2304 1639 a
2338 1585 2446 1641 Deo
2465 1587 2648 1653 locati,
2706 1599 2760 1644 et
2815 1591 3010 1659 quibus
3061 1594 3296 1663 antiquae
3326 1597 3495 1663 capti—

1918 1678 2103 1733 vitatis
2139 1687 2334 1733 nostrze
2363 1680 2501 1734 ratio
2527 1691 2652 1736 nota
2683 1692 2785 1745 est,
2819 1684 3021 1752 quique
3082 1685 3240 1739 utiles
3272 1697 3395 1740 sunt
3428 1688 3493 1740 li-

240 1762 393 1827 Θεοῦ,
424 1765 517 1816 καὶ
549 1763 601 1815 οἱ
628 1763 720 1816 τὸν
745 1764 844 1834 τῆς
883 1764 1119 1834 ἀρχαίας
1149 1765 1306 1835 ήμῶν
1335 1766 1711 1836 αἰχμαλωσίας
1748 1769 1819 1820 εί-

1929 1769 2123 1823 heratis
2150 1779 2208 1823 ut
2239 1771 2425 1835 duces,
2449 1782 2516 1840 ,et
2544 1773 2786 1841 magistri
2816 1776 2880 1827 ad
2898 1777 3289 1829 admonendum
3321 1787 3373 1830 et
3402 1779 3496 1832 de-

242 1854 387 1916 δότες
434 1853 656 1923 τρόπον,
692 1854 954 1924 χρήσιμοί
1000 1872 1059 1907 τε
1107 1858 1218 1919 τοῖς
1266 1856 1712 1928 λελυτρωμένοις,
1743 1859 1817 1924 ὡς

244 1942 567 2013 καθηγηταὶ,
594 1943 690 1996 καὶ
713 1942 1023 1996 διδάσκαλοι
1068 1945 1161 1997 καὶ
1192 1946 1460 1999 νουθετεῖν
1489 1947 1581 2000 καὶ
1606 1948 1816 2001 ἀποκο-

250 2035 422 2103 μίζειν
459 2031 517 2088 εὖ
554 2035 699 2105 μάλα
743 2035 879 2105 πρὸς
930 2036 1311 2107 ὲννομωτάτην
1359 2038 1525 2109 ζωὴν,
1554 2040 1706 2093 αὐτοὶ
1748 2040 1817 2094 τὰ

250 2127 388 2196 ὑπὲρ
421 2126 671 2179 ἁπάντων
716 2125 1048 2198 προσάγουσι
1094 2127 1262 2197 δῶρα,
1295 2131 1364 2181 τὰ
1402 2129 1511 2183 τῶν
1542 2130 1817 2184 ἀδυνάτων

252 2216 603 2287 ἀσθενήματα
652 2217 982 2288 πληροῦντες
1022 2218 1089 2272 δι’
1120 2220 1347 2274 ἑαυτῶν.
1367 2221 1817 2291 Ἐπιτεθειμένων

252 2307 310 2360 δὲ
342 2308 449 2361 τῶν
484 2308 759 2378 στεφάνων
809 2311 900 2363 ἐπὶ
949 2310 1048 2381 τὴν
1092 2310 1334 2382 κεφαλὴν
1367 2312 1568 2383 Ἰησοῦ,
1600 2314 1815 2382 λέγεται

252 2400 389 2471 πρὸς
430 2401 594 2455 αὐτὸν
637 2403 762 2473 περὶ
792 2404 884 2457 τοῦ
918 2405 1240 2475 Ζοροϐάϐελ·
1278 2425 1296 2457 ι
1320 2406 1449 2459 Ἰδοὺ
1486 2408 1820 2479 ἀνὴρ,Ἀνα-

249 2491 373 2562 τολὴ
406 2492 575 2561 ὄνομα
603 2492 770 2563 αὐτῷ,
801 2493 894 2547 καὶ
925 2494 1272 2549 ὑποκάτωθεν
1305 2495 1469 2549 αὑτοῦ
1495 2498 1759 2552 ἀνατελεῖ.
1793 2517 1812 2550 ι

248 2583 510 2637 Τεθέαται
555 2584 646 2637 τὸν
670 2584 879 2655 Ἰησοῦν
914 2587 1345 2658 στεφανούμενον
1395 2587 1471 2651 ὼς
1521 2589 1688 2660 ἱερέα,
1723 2590 1819 2644 καὶ

245 2675 551 2746 προῦχοντα
566 2676 621 2729 δὲ
637 2678 737 2748 ὁρᾷ
754 2678 915 2733 πάλιν
939 2680 1097 2732 αὐτὸν
1119 2680 1195 2742 ὡς
1224 2679 1280 2732 έν
1306 2696 1370 2747 γε
1394 2680 1471 2750 τῷ
1492 2682 1816 2752 Ζοροϐάϐελ,

243 2768 336 2819 καὶ
361 2770 418 2820 ὲν
440 2766 568 2840 δόξῃ
582 2770 648 2839 τῇ
679 2768 950 2839 βασιλικῇ.
986 2769 1150 2833 Σύνες
1178 2769 1265 2841 δὴ,
1296 2771 1378 2823 ὅτι
1402 2770 1567 2833 αὐτός
1601 2773 1750 2824 ἐστιν
1782 2774 1817 2843 ή

256 2859 537 2929 Ἀνατολὴ,
574 2860 838 2929 τουτέστι,
872 2862 934 2914 τὸ
979 2861 1284 2932 βλάστημα,
1322 2862 1450 2933 περὶ
1493 2855 1553 2915 οὗ
1597 2881 1763 2935 φησιν
1792 2866 1822 2918 6

241 2950 532 3015 θεσπέσιος
577 2952 836 3016 Ἠσαῖαςο
874 2972 892 3005 ι
915 2953 1188 3007 Ἀνατελεῐ
1215 2954 1407 3024 ῥάϐδος
1432 2955 1496 3007 ἐκ
1524 2954 1623 3024 τῆς
1666 2954 1821 3026 ῥίζης

254 3044 475 3109 Ἰεσσαὶ,
496 3044 590 3097 καὶ
610 3044 768 3106 ἄνθος
793 3046 859 3097 ὲκ
882 3044 981 3115 τῆς
1007 3045 1160 3115 ῥίζης
1188 3045 1541 3116 ἀναϐήσεται.
1568 3064 1587 3098 ι
1609 3046 1824 3103 Ἀνεθά-

237 3129 401 3199 λομεν
432 3131 495 3185 δὲ
531 3134 696 3202 ἡμεῖς
733 3133 992 3187 ὑποκάτω
1020 3133 1204 3188 αὐτοῦ.
1222 3134 1373 3199 Ῥίζα
1411 3134 1521 3206 γὰρ
1548 3136 1771 3205 γέγονεν
1798 3138 1827 3190 6

237 3220 481 3287 Χριστὸς
527 3219 630 3289 τῆς
685 3220 1123 3292 ἀνθρωπότητος,
1154 3224 1274 3294 ήτοι
1304 3224 1413 3279 τῶν
1460 3226 1548 3279 διὰ
1595 3228 1829 3290 πίστεως

235 3309 602 3381 κεκλημένων
639 3310 893 3380 δευτέρα,
920 3313 1017 3364 καὶ
1065 3313 1126 3363 οὐ
1181 3313 1325 3365 κατά
1365 3329 1429 3380 γε
1460 3312 1559 3383 τὴν
1585 3313 1829 3385 πρώτην,

234 3402 378 3472 φημὶ
424 3402 499 3473 δὴ
527 3402 622 3455 τὸν
647 3401 842 3471 Ἀδὰμ,
873 3401 988 3455 ἀλλ’
1022 3404 1080 3455 ὲν
1118 3402 1397 3472 ἀμείνοσιν
1445 3406 1829 3475 ἀσυγκρίτως⁶

232 3492 578 3563 ἀνεθάλομεν
627 3492 737 3563 γάρ
782 3495 862 3556 είς
896 3492 1103 3565 φθορὰν
1142 3493 1326 3546 οὐκέτι
1372 3495 1467 3549 καὶ
1494 3497 1575 3559 είς
1604 3495 1832 3551 θάνατον

229 3582 321 3636 διά
340 3583 445 3654 τὴν
481 3584 645 3653 ἀρὰν,
682 3583 799 3638 ἀλλ’
828 3586 907 3647 είς
932 3583 1076 3655 ζωήν
1102 3601 1162 3637 τε
1190 3585 1282 3638 καὶ
1313 3584 1640 3658 ἀφθαρσίαν,
1676 3587 1831 3657 ῥίζαν

228 3673 458 3744 ἔχοντες
517 3672 615 3744 τὴν
662 3673 824 3744 ζωὴν,
875 3673 1142 3738 τουτέστι,
1190 3674 1442 3744 Χριστόν.
1490 3675 1599 3728 Kal
1644 3674 1831 3747 ὥσπερ

230 3765 387 3818 ἐστὶν
422 3763 597 3827 αὐτὸς
641 3762 741 3834 μὲν
787 3767 820 3833 ἡ
866 3763 1130 3835 ἄμπελος,
1165 3767 1326 3835 ἡμεῖς
1364 3764 1420 3817 δὲ
1456 3764 1523 3817 τά
1556 3765 1828 3836 κλήματα,

230 3854 700 3926 προσπεφυκότες
721 3854 869 3925 αὐτῷ
896 3856 981 3910 διὰ
1007 3856 1106 3926 τῆς
1136 3858 1193 3909 ὲν
1220 3854 1495 3927 Πνεύματι
1520 3857 1825 3920 κοινωνίας·

227 3945 378 4002 οὕτω
431 3946 536 4000 καὶ
576 3947 771 4016 ῥάϐδος
814 3948 909 3999 καὶ
963 3947 1246 4018 βλάστημα
1300 3948 1397 4017 μὲν
1446 3948 1629 4015 αὐτὸς,
1665 3949 1831 4019 ήγουν

228 4039 366 4109 φυὴ,
389 4039 493 4093 καὶ
517 4038 770 4109 ἀνατολὴ,
799 4039 960 4108 ἡμεῖς
987 4038 1042 4092 δὲ
1065 4040 1153 4093 ἐπ’
1179 4038 1328 4110 αὐτῷ
1360 4039 1828 4111 βεϐλαστήκαμεν,

227 4130 327 4181 καὶ
362 4128 712 4199 ἀνεθάλομεν
760 4131 840 4192 είς
868 4129 1200 4200 ἀφθαρσίαν,
1231 4130 1306 4193 ὡς
1342 4131 1499 4205 ἔφην,
1533 4133 1627 4185 καὶ
1662 4130 1828 4203 ζωήν.

224 4218 413 4283 Αὐτὸς
465 4219 790 4293 ᾠκοδόμησε
846 4220 938 4273 τὸν
982 4217 1132 4274 οἷκον
1168 4222 1396 4293 Κυρίου.
1431 4224 1589 4276 Ἐστι
1634 4224 1691 4277 δὲ
1736 4224 1832 4278 καὶ

226 4309 461 4380 ἁπάσης
519 4291 781 4379 ἔμπλεως.
823 4311 1045 4382 ἀρετῆς,
1091 4291 1388 4375 τουτέστιν,
1441 4314 1689 4377 εὐκλείας
1733 4315 1832 4384 τῆς

1920 1861 2222 1915 ducendum
2265 1863 2573 1918 rectissimo
2598 1864 2794 1918 itinere
2827 1866 2893 1917 ad
2926 1866 3093 1919 vitam
3127 1868 3334 1933 legibus
3361 1884 3495 1923 con-

1919 1950 2377 2018 gruentissimam,
2434 1951 2534 2019 ipsi
2590 1950 2733 2004 dona
2799 1967 2895 2021 pro
2919 1954 3178 2007 omnibus
3233 1952 3490 2016 offerunt,

1918 2039 2258 2096 inﬁrmitates
2282 2041 2628 2097 imbecillium
2661 2058 2756 2111 per
2789 2058 2848 2098 se
2874 2045 3179 2114 explentes.
3213 2048 3517 2118 Ιιιιροςιίιὶε⁸

1919 2139 2096 2183 autem
2134 2131 2352 2186 coronis
2410 2147 2576 2201 super
2628 2144 2794 2203 caput
2850 2134 2998 2201 Jesu,
3050 2137 3116 2191 de
3165 2136 3494 2192 Zurobabele

1920 2219 1992 2273 illi
2022 2221 2222 2275 dicitur
2250 2237 2263 2273 :
2295 2240 2314 2272 ι
2348 2222 2488 2277 Ecce
2519 2224 2623 2289 vir,
2651 2223 2844 2281 Oriens
2872 2241 3063 2281 nomen
3098 2228 3197 2292 illi,
3225 2238 3278 2281 et
3307 2230 3494 2285 subter

1918 2323 2039 2364 eum
2072 2312 2364 2367 exorietur.
2398 2332 2417 2365 ι
2447 2312 2594 2369 Vidit
2623 2313 2809 2371 Jesum
2832 2330 3143 2374 coronatum
3171 2331 3227 2374 ut
3249 2323 3495 2375 sacerdo-

1922 2408 2050 2464 tem,
2081 2408 2137 2454 et
2170 2416 2357 2457 rursus
2386 2403 2634 2457 eumdem
2680 2406 3095 2473 praecellentem,
3146 2419 3201 2463 et
3241 2411 3293 2463 in
3320 2410 3493 2478 gloria

1920 2492 2081 2560 regali
2107 2493 2273 2558 videt,
2306 2504 2364 2547 ut
2396 2495 2446 2548 in
2476 2494 2793 2551 Zorobabel.
2826 2498 2986 2568 707
3044 2500 3289 2569 lntcllige
3334 2505 3494 2572 igitur

1921 2583 2093 2652 ipsum
2125 2600 2248 2639 esse
2270 2585 2572 2651 Orientem,
2647 2588 2749 2643 hoc
2781 2599 2884 2652 est,
2909 2606 3152 2658 germen,
3189 2593 3254 2646 de
3275 2610 3383 2662 quo
3412 2597 3493 2649 di-

1921 2675 2078 2730 vinus
2106 2674 2270 2730 Isaias
2303 2695 2316 2732 :
2354 2696 2373 2728 ι
2401 2676 2689 2734 Exorietur
2712 2680 2861 2749 virga
2892 2683 2960 2736 de
2985 2684 3167 2738 radice
3208 2684 3380 2751 Jesse,
3439 2698 3495 2741 et

1919 2764 2018 2820 ﬂos
2041 2767 2108 2821 de
2134 2769 2313 2823 radice
2342 2770 2456 2840 ejus
2486 2772 2743 2827 ascendet
2776 2772 2845 2826 ⁸³.
2906 2790 2924 2823 ι
2982 2772 3492 2843 Regerminavimus

1920 2855 2066 2909 enim
2104 2872 2203 2911 nos
2235 2857 2420 2913 subter
2443 2874 2591 2913 eum.
2650 2858 2819 2913 Radix
2868 2860 3068 2929 quippe
3102 2861 3202 2914 fuit
3246 2861 3496 2919 Christus

1922 2944 2171 3002 humanae
2195 2958 2418 3014 naturae,
2448 2950 2561 3004 sive
2598 2965 2697 3019 per
2753 2951 2912 3006 tidem
2965 2963 3273 3007 vocatorum
3302 2954 3495 3017 altera,

1928 3052 2035 3092 non
2060 3039 2353 3092 secundum
2390 3040 2620 3109 primam
2657 3042 3072 3105 humanitatem,
3125 3043 3387 3095 Adamum
3420 3043 3499 3099 vi-

1928 3127 2143 3193 delicet,
2167 3131 2262 3184 sed
2290 3130 2427 3183 citra
2455 3132 2913 3197 comparationem
2974 3131 3316 3197 praestantior
3351 3149 3366 3184 :
3414 3145 3499 3185 re-

1931 3220 2354 3286 germinavimus
2407 3220 2672 3286 siquidem
2695 3234 2799 3273 non
2834 3218 3064 3286 amplius
3093 3219 3145 3272 in
3187 3221 3495 3288 corruptio-

1933 3318 2056 3359 nem
2083 3314 2139 3360 et
2185 3315 2415 3359 mortem
2451 3315 2670 3377 propter
2716 3306 3171 3372 maledictionem,
3210 3310 3304 3364 sed
3338 3312 3390 3364 in
3423 3312 3501 3366 vi-

1934 3403 2045 3450 tam
2076 3404 2131 3451 et
2160 3396 2655 3465 incorruptionem,
2693 3397 2929 3452 radicem
2996 3399 3257 3456 habentes
3301 3402 3490 3469 vitam,

1932 3487 2034 3542 hoc
2062 3497 2165 3554 est,
2194 3486 2489 3542 Christum.
2527 3486 2595 3542 Et
2621 3490 2760 3542 sicut
2808 3489 2922 3560 ipse
2944 3498 3029 3543 est
3054 3489 3199 3552 vitis.
3243 3507 3342 3547 nos
3400 3508 3499 3547 au-

1932 3588 2039 3633 tem
2074 3578 2411 3649 palmites”,
2468 3581 2652 3652 agnati
2717 3579 2795 3636 illi
2848 3586 3389 3651 percommuuionem
3445 3590 3499 3641 in

1934 3669 2175 3738 Spiritu:
2210 3671 2284 3724 ita
2309 3669 2556 3741 etvirga,
2582 3681 2637 3726 et
2657 3686 2880 3741 germen
2912 3674 3047 3741 ipse,
3072 3676 3186 3727 sive
3215 3677 3501 3743 productio

1931 3767 1987 3813 et
2013 3760 2219 3825 oriens,
2243 3774 2341 3815 nos
2364 3770 2545 3816 autem
2567 3776 2731 3832 super
2782 3763 2899 3832 ipso
2945 3765 3393 3833 germinavimus,
3448 3777 3504 3822 et
3616 3770 3621 3779 '

1934 3849 2274 3907 reﬂoruimus
2325 3852 2378 3906 in
2432 3852 2890 3922 incorruptionem
2934 3863 2989 3909 et
3018 3856 3220 3922 vitam,
3261 3866 3320 3911 ut
3368 3858 3501 3915 dixi.

1932 3941 2052 4012 Ipse
2070 3940 2593 3998 aadiﬁcavitdomum
2644 3942 2876 4026 Domini.
2942 3944 3038 4001 Est
3086 3962 3247 4015 porro
3272 3958 3324 4001 et
3353 3952 3500 4004 omni

1932 4036 2132 4092 virtute
2157 4038 2366 4107 plenus,
2396 4038 2497 4094 hoc
2529 4048 2632 4104 est,
2684 4039 2853 4109 gloria
2907 4040 3015 4094 Deo
3044 4042 3275 4096 maxime
3302 4057 3501 4099 conve-

1934 4126 2135 4181 niente.
2179 4145 2198 4179 ι
2237 4124 2624 4197 Operuitenim
2686 4129 2853 4183 caelos
2896 4130 3067 4183 virtus
3097 4131 3233 4199 ejus,
3257 4134 3501 4187 etlamh‘s

1933 4216 2049 4286 ejus
2070 4217 2223 4287 plena
2255 4229 2340 4274 est
2364 4230 2533 4286 terra,
2557 4238 2575 4271 ι
2595 4228 2653 4272 ιιι
2678 4219 2840 4273 habet
2868 4221 3129 4289 propheta
3159 4221 3497 4295 ilabacuc".

1935 4306 2136 4362 Scribit
2174 4309 2299 4362 item
2335 4307 2529 4383 alicubi
2568 4307 2785 4374 sapiens
2846 4304 3124 4360 Joannes:
3190 4325 3209 4357 ‹
3264 4306 3503 4361 Vidimus

224 4400 353 4471 Θεῷ
406 4400 901 4470 πρεπωδεστάτης.
943 4419 962 4451 ι
1006 4402 1273 4472 Ἐκάλυψε
1308 4403 1417 4471 γάρ
1447 4404 1707 4473 οὐρανοὺς
1739 4406 1826 4459 καὶ

1937 4397 2166 4466 gloriam
2212 4396 2349 4466 ejus,
2373 4397 2597 4467 gloriam
2629 4396 2783 4464 quasi
2824 4394 3098 4462 Unigeniti
3123 4410 3154 4449 a
3177 4394 3355 4465 Patre,
3390 4397 3504 4466 ple-

223 4490 411 4561 ἀρετὴ
445 4489 639 4553 αὐτοῦ,
673 4490 765 4542 καὶ
788 4490 890 4559 τῆς
921 4491 1178 4554 αἰνέσεως
1208 4492 1374 4545 αὐτοῦ
1401 4493 1614 4562 πλήρης
1637 4495 1670 4563 ἡ
1700 4493 1827 4562 γῆ,›

226 4579 384 4633 καθά
418 4594 594 4648 φησιν
623 4581 651 4631 6
678 4580 963 4650 προφήτης
991 4580 1323 4651 Ἀϐϐακούμ.
1365 4583 1614 4653 Γέγραφε
1640 4584 1699 4637 δέ
1730 4601 1834 4638 που

223 4671 325 4724 καὶ
381 4673 413 4723 6
467 4670 639 4738 σοφὸς
669 4670 946 4740 Ἰωάννης,
980 4672 1062 4723 ὅτι
1120 4690 1138 4722 ι
1166 4672 1483 4742 Τεθεάμεθα
1535 4674 1631 4744 τὴν
1678 4674 1836 4739 δόξαν

224 4760 429 4825 αὑτοῦ,
487 4759 650 4825 δόξαν
682 4759 758 4824 ὠς
794 4760 1132 4830 Μονογενοῦς
1162 4762 1313 4833 παρὰ
1348 4763 1581 4834 Πατρὸς,
1622 4765 1835 4837 πλήρης

223 4853 464 4923 χάριτος
497 4852 595 4903 καὶ
628 4852 911 4922 ἀληθείας.
942 4870 960 4901 ι
1017 4852 1320 4906 Κεκάθικεν
1353 4854 1447 4906 ἐπὶ
1488 4854 1700 4923 θρόνου,
1741 4856 1831 4925 βε-

224 4943 573 4996 ϐασίλευκεν
602 4942 677 5005 ὡς
704 4944 854 5007 Θεὸς,
884 4944 979 4996 καὶ
1005 4943 1119 4996 ἐστι
1146 4943 1399 5015 σύνεδρος
1440 4943 1519 5015 τῷ
1565 4945 1679 5017 ίδίῳ
1716 4948 1830 5000 Πα-

222 5038 340 5108 τρὶς
373 5038 481 5091 καὶ
515 5035 890 5106 συγκατάρχει
916 5034 1024 5089 τῶν
1049 5035 1333 5089 ὅλωνοὊτι
1362 5036 1417 5089 δὲ
1443 5037 1750 5108 Ζοροϐάϐελ,
1767 5056 1829 5092 τε

227 5130 325 5181 καὶ
360 5127 591 5195 Ἰησοῦς
622 5127 873 5199 ἀλλήλοις
898 5126 1087 5197 ὥσπερ
1132 5129 1211 5190 είς
1244 5127 1471 5200 ἑνότητα
1498 5129 1833 5200 συνημμέναι

228 5222 703 5292 κατασημήνειαν
731 5215 789 5272 εὖ
823 5219 967 5289 μάλα
1009 5219 1260 5288 Χριστὸν,
1290 5219 1458 5284 ἔδειξε
1498 5222 1832 5291 προστιθεὶς,

224 5313 303 5376 ὡς
348 5314 487 5385 περί
518 5329 591 5381 γε
618 5312 712 5365 τοῦ
742 5312 1075 5381 Ζοροϐάϐελο
1132 5332 1149 5364 ι
1180 5313 1287 5366 Καὶ
1320 5314 1470 5367 ἔσται
1501 5316 1529 5366 6
1560 5315 1735 5385 ἱερεὺς
1770 5317 1835 5367 ἐκ

222 5402 424 5465 δεξιῶν
457 5402 659 5467 αὐτοῦ,
694 5420 713 5454 ι
748 5402 1044 5468 τουτέστιν,
1062 5403 1121 5457 ἐν
1148 5406 1280 5475 τιμῇ
1308 5421 1367 5457 τε
1393 5404 1488 5458 xal
1515 5404 1657 5474 δόξῃ.
1685 5422 1702 5455 ι
1724 5405 1835 5458 Καὶ

232 5492 402 5565 βουλὴ
429 5493 698 5565 εἰρηνικὴ
725 5493 877 5549 ἔσται
918 5494 1023 5549 ἀνὰ
1055 5494 1217 5565 μέσον
1249 5495 1595 5567 ἀμφοτέρων.
1628 5514 1645 5545 ι
1678 5495 1834 5546 Ἔστι

301 5672 350 5703 ⁸⁵
390 5670 499 5728 lsa.
549 5687 628 5735 ιι,
673 5673 723 5727 1.
796 5672 844 5705 ³⁵
875 5672 1031 5728 Joan.
1074 5690 1160 5737 xv,
1193 5675 1245 5729 5.
1322 5675 1366 5706 ⁸⁸
1401 5675 1599 5727 llahac.
1650 5688 1727 5737 ιιι,
1771 5674 1821 5724 3.

1935 4506 2060 4544 num
2087 4491 2273 4559 gratiae
2315 4498 2369 4544 et
2410 4489 2651 4544 veritatis
2699 4488 2765 4540 ".
2831 4508 2850 4541 ι
2898 4487 3041 4543 Sedit
3094 4504 3254 4557 super
3290 4489 3503 4554 throno,

1936 4582 2180 4650 regnavit
2212 4580 2451 4643 utDeus,
2488 4588 2543 4633 et
2577 4580 2776 4634 assidet
2809 4578 2918 4633 Deo
2946 4579 3111 4641 Patri,
3132 4590 3184 4634 et
3216 4579 3372 4634 simul
3403 4582 3503 4634 im-

1938 4680 2087 4739 pet'at
2113 4670 2385 4724 omnibus.
2423 4667 2721 4723 Zorobabel
2743 4676 2920 4721 autem
2972 4676 3025 4720 et
3055 4664 3241 4720 Jesutn
3271 4667 3411 4720 inter
3444 4681 3505 4721 se

1938 4770 1993 4815 ut
2048 4761 2113 4815 ad
2156 4760 2416 4814 unitatem
2472 4758 2785 4829 conjunctos
2855 4759 3135 4826 aptissime
3202 4759 3505 4827 signiﬁcare

1934 4852 2208 4907 Christum
2236 4865 2416 4923 posse,
2472 4852 2707 4907 ostendit
2762 4851 2903 4918 quod
2961 4849 3110 4904 addit
3141 4858 3398 4918 tanquam
3434 4849 3501 4903 de

1935 4945 2231 5003 Zorobahel
2258 4963 2272 4999 :
2308 4966 2327 4998 ι
2372 4944 2439 4998 Ει
2464 4946 2566 4998 erit
2600 4943 2855 4999 sacerdos
2880 4958 2911 4995 a
2941 4943 3146 4997 dextris
3175 4940 3313 5009 ejus,
3353 4960 3372 4991 ι
3404 4942 3505 4996 hoc

1937 5046 2039 5101 est,
2088 5038 2140 5092 in
2174 5039 2379 5093 honore
2398 5045 2450 5090 et
2477 5035 2670 5105 gloria.
2721 5055 2739 5088 ι
2781 5037 2847 5091 Ει
2895 5037 3177 5091 consilium
3225 5035 3503 5102 paciﬁcum

1938 5127 2202 5180 eritinter
2252 5136 2560 5194 utrumque.
2593 5144 2612 5178 ι
2646 5125 2744 5180 Est
2779 5125 2920 5180 enim
2951 5126 3161 5191 ipse,ut
3192 5123 3305 5190 jam
3326 5122 3503 5186 docui,

1944 5234 2036 5272 rex
2069 5217 2227 5272 simul
2259 5226 2313 5271 et
2341 5234 2584 5272 summus
2618 5218 2891 5279 sacerdos,
2919 5225 2975 5269 ut
3001 5231 3097 5282 per
3123 5216 3255 5267 duos
3276 5227 3371 5281 pro
3401 5229 3508 5269 uno

1942 5308 2289 5362 Emmanuele
2317 5318 2654 5362 numeratus.
2702 5306 3081 5361 Verumtamen
3125 5319 3230 5359 non
3302 5304 3510 5359 carebit

1942 5401 2190 5455 mercede
2220 5399 2372 5454 labor
2401 5400 2677 5454 Christum
2714 5395 3124 5449 coronantinm:
3176 5394 3269 5450 sed
3298 5393 3503 5450 [ructus

1944 5491 2065 5545 inde
2100 5499 2387 5560 perceptus
2414 5490 2615 5545 creabit
2646 5488 2725 5543 eis
2744 5487 3057 5543 memoriam
3091 5486 3503 5554 sempiternam.

1936 5671 1975 5701 ⁸⁷
2018 5670 2169 5726 Joan.
2216 5687 2249 5736 t,
2302 5671 2384 5723 14.
