  <div class='ocr_page' id='page_1' title='image "/cluster/home/n/w/nwhite01/storage/ocr_20150623/72/mdp.39015019355984/065.png"; bbox 0 0 4080 6284; ppageno 0'>
   <div class='ocr_carea' id='block_1_1' title="bbox 572 286 2831 377">
    <p class='ocr_par' dir='ltr' id='par_1_1' title="bbox 572 286 2831 377">
     <span class='ocr_line' id='line_1_1' title="bbox 572 286 2831 377; baseline -0.008 -18"><span class='ocrx_word' id='word_1_1' title='bbox 572 322 639 377; x_wconf 78' lang='lat'><strong>99</strong></span> <span class='ocrx_word' id='word_1_2' title='bbox 1594 296 1653 351; x_wconf 86' lang='lat' dir='ltr'><strong>S.</strong></span> <span class='ocrx_word' id='word_1_3' title='bbox 1693 292 1966 349; x_wconf 83' lang='lat' dir='ltr'><strong>CYRlLLl</strong></span> <span class='ocrx_word' id='word_1_4' title='bbox 2008 288 2473 345; x_wconf 75' lang='lat' dir='ltr'><strong>ALEXANDRINI</strong></span> <span class='ocrx_word' id='word_1_5' title='bbox 2514 286 2831 344; x_wconf 77' lang='lat' dir='ltr'><strong>ARCHIEP.</strong></span> 
     </span>
    </p>
   </div>
   <div class='ocr_carea' id='block_1_2' title="bbox 3720 290 3826 346">
    <p class='ocr_par' dir='ltr' id='par_1_2' title="bbox 3720 290 3826 346">
     <span class='ocr_line' id='line_1_2' title="bbox 3720 290 3826 346; baseline 0.028 -3"><span class='ocrx_word' id='word_1_6' title='bbox 3720 290 3826 346; x_wconf 70' lang='grc'><strong>(00</strong></span> 
     </span>
    </p>
   </div>
   <div class='ocr_carea' id='block_1_3' title="bbox 576 399 2159 499">
    <p class='ocr_par' dir='ltr' id='par_1_3' title="bbox 576 408 2136 499">
     <span class='ocr_line' id='line_1_3' title="bbox 576 408 2136 499; baseline -0.019 -9"><span class='ocrx_word' id='word_1_7' title='bbox 576 435 715 491; x_wconf 73' lang='lat' dir='ltr'><strong>Vera</strong></span> <span class='ocrx_word' id='word_1_8' title='bbox 747 441 910 499; x_wconf 85' lang='lat' dir='ltr'><strong>porro</strong></span> <span class='ocrx_word' id='word_1_9' title='bbox 966 439 1027 480; x_wconf 81' lang='lat' dir='ltr'><strong>se</strong></span> <span class='ocrx_word' id='word_1_10' title='bbox 1074 421 1257 477; x_wconf 83' lang='lat' dir='ltr'><strong>dicere</strong></span> <span class='ocrx_word' id='word_1_11' title='bbox 1304 414 1611 479; x_wconf 83' lang='lat' dir='ltr'><strong>conﬁrmat,</strong></span> <span class='ocrx_word' id='word_1_12' title='bbox 1670 427 1792 468; x_wconf 91' lang='lat' dir='ltr'><strong>cum</strong></span> <span class='ocrx_word' id='word_1_13' title='bbox 1838 408 2081 479; x_wconf 83' lang='lat' dir='ltr'><strong>atljnngit</strong></span> <span class='ocrx_word' id='word_1_14' title='bbox 2123 426 2136 461; x_wconf 89' lang='lat'><strong>:</strong></span> 
     </span>
    </p>
   </div>
   <div class='ocr_carea' id='block_1_4' title="bbox 2261 399 3824 499">
    <p class='ocr_par' dir='ltr' id='par_1_4' title="bbox 2261 399 3824 477">
     <span class='ocr_line' id='line_1_4' title="bbox 2261 399 3824 477; baseline -0.002 -16"><span class='ocrx_word' id='word_1_15' title='bbox 2261 407 2353 477; x_wconf 65' lang='lat' dir='ltr'><strong>(ap</strong></span> <span class='ocrx_word' id='word_1_16' title='bbox 2390 406 2663 471; x_wconf 80' lang='grc' dir='ltr'>αὑτὸς,ὼς</span> <span class='ocrx_word' id='word_1_17' title='bbox 2698 405 2798 477; x_wconf 76' lang='grc' dir='ltr'><strong>ήδη</strong></span> <span class='ocrx_word' id='word_1_18' title='bbox 2844 404 3126 474; x_wconf 72' lang='grc' dir='ltr'>προεῖπον,</span> <span class='ocrx_word' id='word_1_19' title='bbox 3176 399 3429 471; x_wconf 82' lang='grc' dir='ltr'>βασιλεύς</span> <span class='ocrx_word' id='word_1_20' title='bbox 3449 419 3508 455; x_wconf 88' lang='grc' dir='ltr'><strong>τε</strong></span> <span class='ocrx_word' id='word_1_21' title='bbox 3558 403 3670 474; x_wconf 72' lang='grc' dir='ltr'><strong>ἅμα</strong></span> <span class='ocrx_word' id='word_1_22' title='bbox 3726 408 3824 457; x_wconf 71' lang='grc' dir='ltr'><strong>καὶ</strong></span> 
     </span>
    </p>
   </div>
   <div class='ocr_carea' id='block_1_5' title="bbox 582 500 2143 580">
    <p class='ocr_par' dir='ltr' id='par_1_5' title="bbox 582 500 2143 580">
     <span class='ocr_line' id='line_1_5' title="bbox 582 500 2143 580; baseline -0.016 -2"><span class='ocrx_word' id='word_1_23' title='bbox 582 544 600 577; x_wconf 83' lang='grc' dir='ltr'><strong>ι</strong></span> <span class='ocrx_word' id='word_1_24' title='bbox 635 523 845 578; x_wconf 87' lang='lat' dir='ltr'><strong>Corona</strong></span> <span class='ocrx_word' id='word_1_25' title='bbox 880 526 1059 572; x_wconf 86' lang='lat' dir='ltr'><strong>autem</strong></span> <span class='ocrx_word' id='word_1_26' title='bbox 1084 513 1187 568; x_wconf 87' lang='lat' dir='ltr'><strong>erit</strong></span> <span class='ocrx_word' id='word_1_27' title='bbox 1210 506 1671 580; x_wconf 82' lang='lat' dir='ltr'><strong>exspectantibus,</strong></span> <span class='ocrx_word' id='word_1_28' title='bbox 1689 512 1743 558; x_wconf 87' lang='lat' dir='ltr'><strong>et</strong></span> <span class='ocrx_word' id='word_1_29' title='bbox 1765 503 1986 556; x_wconf 89' lang='lat' dir='ltr'><strong>utilibus</strong></span> <span class='ocrx_word' id='word_1_30' title='bbox 2005 500 2143 568; x_wconf 87' lang='lat' dir='ltr'><strong>ejus,</strong></span> 
     </span>
    </p>
   </div>
   <div class='ocr_carea' id='block_1_6' title="bbox 572 587 2147 681">
    <p class='ocr_par' dir='ltr' id='par_1_6' title="bbox 572 587 2147 681">
     <span class='ocr_line' id='line_1_6' title="bbox 572 587 2147 681; baseline -0.015 -12"><span class='ocrx_word' id='word_1_31' title='bbox 572 624 631 669; x_wconf 81' lang='lat' dir='ltr'><strong>et</strong></span> <span class='ocrx_word' id='word_1_32' title='bbox 660 611 752 681; x_wconf 96' lang='lat' dir='ltr'><strong>qui</strong></span> <span class='ocrx_word' id='word_1_33' title='bbox 776 612 1141 678; x_wconf 87' lang='lat' dir='ltr'><strong>cognoverunt</strong></span> <span class='ocrx_word' id='word_1_34' title='bbox 1172 618 1315 667; x_wconf 90' lang='lat' dir='ltr'><strong>eam,</strong></span> <span class='ocrx_word' id='word_1_35' title='bbox 1349 612 1404 654; x_wconf 91' lang='lat' dir='ltr'><strong>et</strong></span> <span class='ocrx_word' id='word_1_36' title='bbox 1435 600 1487 653; x_wconf 91' lang='lat' dir='ltr'><strong>in</strong></span> <span class='ocrx_word' id='word_1_37' title='bbox 1524 587 1749 665; x_wconf 73' lang='lat' dir='ltr'><strong>gratiam</strong></span> <span class='ocrx_word' id='word_1_38' title='bbox 1786 594 1908 647; x_wconf 86' lang='lat' dir='ltr'><strong>ﬁliis</strong></span> <span class='ocrx_word' id='word_1_39' title='bbox 1936 592 2147 659; x_wconf 81' lang='lat' dir='ltr'><strong>Sopho-</strong></span> 
     </span>
    </p>
   </div>
   <div class='ocr_carea' id='block_1_7' title="bbox 579 681 2145 765">
    <p class='ocr_par' dir='ltr' id='par_1_7' title="bbox 579 681 2145 765">
     <span class='ocr_line' id='line_1_7' title="bbox 579 681 2145 765; baseline -0.015 -10"><span class='ocrx_word' id='word_1_40' title='bbox 579 703 702 763; x_wconf 65' lang='lat' dir='ltr'><strong>rtiae,</strong></span> <span class='ocrx_word' id='word_1_41' title='bbox 728 697 861 752; x_wconf 88' lang='lat' dir='ltr'><strong>etin</strong></span> <span class='ocrx_word' id='word_1_42' title='bbox 920 693 1183 765; x_wconf 85' lang='lat' dir='ltr'><strong>psalmum</strong></span> <span class='ocrx_word' id='word_1_43' title='bbox 1231 691 1282 743; x_wconf 93' lang='lat' dir='ltr'><strong>in</strong></span> <span class='ocrx_word' id='word_1_44' title='bbox 1343 691 1500 742; x_wconf 90' lang='lat' dir='ltr'><strong>domo</strong></span> <span class='ocrx_word' id='word_1_45' title='bbox 1527 684 1762 740; x_wconf 87' lang='lat' dir='ltr'><strong>Domini.</strong></span> <span class='ocrx_word' id='word_1_46' title='bbox 1799 702 1818 735; x_wconf 71' lang='grc' dir='ltr'><strong>ι</strong></span> <span class='ocrx_word' id='word_1_47' title='bbox 1854 681 1967 735; x_wconf 87' lang='lat' dir='ltr'><strong>Erit</strong></span> <span class='ocrx_word' id='word_1_48' title='bbox 2003 682 2145 733; x_wconf 91' lang='lat' dir='ltr'><strong>enim</strong></span> 
     </span>
    </p>
   </div>
   <div class='ocr_carea' id='block_1_8' title="bbox 581 776 2149 860">
    <p class='ocr_par' dir='ltr' id='par_1_8' title="bbox 581 776 2149 860">
     <span class='ocr_line' id='line_1_8' title="bbox 581 776 2149 860; baseline -0.016 -13"><span class='ocrx_word' id='word_1_49' title='bbox 581 793 635 847; x_wconf 93' lang='lat' dir='ltr'><strong>in</strong></span> <span class='ocrx_word' id='word_1_50' title='bbox 662 788 890 860; x_wconf 90' lang='lat' dir='ltr'><strong>gratiam</strong></span> <span class='ocrx_word' id='word_1_51' title='bbox 947 785 1013 838; x_wconf 93' lang='lat' dir='ltr'><strong>iis</strong></span> <span class='ocrx_word' id='word_1_52' title='bbox 1056 782 1147 852; x_wconf 91' lang='lat' dir='ltr'><strong>qui</strong></span> <span class='ocrx_word' id='word_1_53' title='bbox 1183 779 1619 835; x_wconf 84' lang='lat' dir='ltr'><strong>consecraverint</strong></span> <span class='ocrx_word' id='word_1_54' title='bbox 1643 776 1841 839; x_wconf 86' lang='lat' dir='ltr'><strong>oblata,</strong></span> <span class='ocrx_word' id='word_1_55' title='bbox 1895 781 1950 825; x_wconf 89' lang='lat' dir='ltr'><strong>et</strong></span> <span class='ocrx_word' id='word_1_56' title='bbox 1989 777 2149 824; x_wconf 89' lang='lat' dir='ltr'><strong>erunt</strong></span> 
     </span>
    </p>
   </div>
   <div class='ocr_carea' id='block_1_9' title="bbox 581 861 2149 940">
    <p class='ocr_par' dir='ltr' id='par_1_9' title="bbox 581 861 2149 940">
     <span class='ocr_line' id='line_1_9' title="bbox 581 861 2149 940; baseline -0.017 -1"><span class='ocrx_word' id='word_1_57' title='bbox 581 884 672 940; x_wconf 85' lang='lat' dir='ltr'><strong>illa</strong></span> <span class='ocrx_word' id='word_1_58' title='bbox 704 879 919 935; x_wconf 83' lang='lat' dir='ltr'><strong>occasio</strong></span> <span class='ocrx_word' id='word_1_59' title='bbox 940 876 1155 929; x_wconf 88' lang='lat' dir='ltr'><strong>laudum</strong></span> <span class='ocrx_word' id='word_1_60' title='bbox 1179 873 1505 925; x_wconf 87' lang='lat' dir='ltr'><strong>divinarum.</strong></span> <span class='ocrx_word' id='word_1_61' title='bbox 1525 868 1829 934; x_wconf 90' lang='lat' dir='ltr'><strong>Principum</strong></span> <span class='ocrx_word' id='word_1_62' title='bbox 1863 862 2004 918; x_wconf 90' lang='lat' dir='ltr'><strong>enim</strong></span> <span class='ocrx_word' id='word_1_63' title='bbox 2030 861 2149 929; x_wconf 59' lang='lat' dir='ltr'><strong>“pie-</strong></span> 
     </span>
    </p>
   </div>
   <div class='ocr_carea' id='block_1_10' title="bbox 584 952 2149 1029">
    <p class='ocr_par' dir='ltr' id='par_1_10' title="bbox 584 952 2149 1029">
     <span class='ocr_line' id='line_1_10' title="bbox 584 952 2149 1029; baseline -0.015 -3"><span class='ocrx_word' id='word_1_64' title='bbox 584 981 670 1026; x_wconf 87' lang='lat' dir='ltr'><strong>tas</strong></span> <span class='ocrx_word' id='word_1_65' title='bbox 698 968 908 1023; x_wconf 67' lang='lat' dir='ltr'><strong>caeteris</strong></span> <span class='ocrx_word' id='word_1_66' title='bbox 940 966 1023 1018; x_wconf 93' lang='lat' dir='ltr'><strong>via</strong></span> <span class='ocrx_word' id='word_1_67' title='bbox 1058 965 1339 1018; x_wconf 89' lang='lat' dir='ltr'><strong>charitatis</strong></span> <span class='ocrx_word' id='word_1_68' title='bbox 1389 977 1515 1029; x_wconf 82' lang='lat' dir='ltr'><strong>erga</strong></span> <span class='ocrx_word' id='word_1_69' title='bbox 1544 961 1707 1013; x_wconf 90' lang='lat' dir='ltr'><strong>Deum</strong></span> <span class='ocrx_word' id='word_1_70' title='bbox 1770 955 2014 1009; x_wconf 79' lang='lat' dir='ltr'><strong>efﬁcitur.</strong></span> <span class='ocrx_word' id='word_1_71' title='bbox 2045 952 2149 1005; x_wconf 86' lang='lat' dir='ltr'><strong>Co-</strong></span> 
     </span>
    </p>
   </div>
   <div class='ocr_carea' id='block_1_11' title="bbox 582 1045 2147 1118">
    <p class='ocr_par' dir='ltr' id='par_1_11' title="bbox 582 1045 2147 1118">
     <span class='ocr_line' id='line_1_11' title="bbox 582 1045 2147 1118; baseline -0.014 -1"><span class='ocrx_word' id='word_1_72' title='bbox 582 1071 777 1118; x_wconf 84' lang='lat' dir='ltr'><strong>ronato</strong></span> <span class='ocrx_word' id='word_1_73' title='bbox 810 1070 987 1111; x_wconf 87' lang='lat' dir='ltr'><strong>autem</strong></span> <span class='ocrx_word' id='word_1_74' title='bbox 1020 1072 1048 1108; x_wconf 89' lang='lat' dir='ltr'><strong>a</strong></span> <span class='ocrx_word' id='word_1_75' title='bbox 1078 1056 1230 1109; x_wconf 86' lang='lat' dir='ltr'><strong>nobis</strong></span> <span class='ocrx_word' id='word_1_76' title='bbox 1257 1054 1497 1115; x_wconf 77' lang='lat' dir='ltr'><strong>Christo,</strong></span> <span class='ocrx_word' id='word_1_77' title='bbox 1534 1062 1659 1105; x_wconf 91' lang='lat' dir='ltr'><strong>tunc</strong></span> <span class='ocrx_word' id='word_1_78' title='bbox 1697 1050 1859 1102; x_wconf 87' lang='lat' dir='ltr'><strong>etiam</strong></span> <span class='ocrx_word' id='word_1_79' title='bbox 1912 1045 2147 1114; x_wconf 79' lang='lat' dir='ltr'><strong>gentium</strong></span> 
     </span>
    </p>
   </div>
   <div class='ocr_carea' id='block_1_12' title="bbox 583 1138 2151 1215">
    <p class='ocr_par' dir='ltr' id='par_1_12' title="bbox 583 1138 2151 1215">
     <span class='ocr_line' id='line_1_12' title="bbox 583 1138 2151 1215; baseline -0.012 -9"><span class='ocrx_word' id='word_1_80' title='bbox 583 1152 872 1207; x_wconf 88' lang='lat' dir='ltr'><strong>multitudo</strong></span> <span class='ocrx_word' id='word_1_81' title='bbox 902 1149 968 1200; x_wconf 88' lang='lat' dir='ltr'><strong>ad</strong></span> <span class='ocrx_word' id='word_1_82' title='bbox 1002 1147 1331 1215; x_wconf 81' lang='lat' dir='ltr'><strong>agnitionem</strong></span> <span class='ocrx_word' id='word_1_83' title='bbox 1353 1146 1469 1210; x_wconf 79' lang='lat' dir='ltr'><strong>ejus</strong></span> <span class='ocrx_word' id='word_1_84' title='bbox 1497 1141 1824 1209; x_wconf 82' lang='lat' dir='ltr'><strong>properabit,</strong></span> <span class='ocrx_word' id='word_1_85' title='bbox 1844 1147 1895 1190; x_wconf 86' lang='lat' dir='ltr'><strong>et</strong></span> <span class='ocrx_word' id='word_1_86' title='bbox 1918 1138 2007 1204; x_wconf 83' lang='lat' dir='ltr'><strong>qni</strong></span> <span class='ocrx_word' id='word_1_87' title='bbox 2030 1151 2151 1203; x_wconf 88' lang='lat' dir='ltr'><strong>pro-</strong></span> 
     </span>
    </p>
   </div>
   <div class='ocr_carea' id='block_1_13' title="bbox 584 1228 2151 1305">
    <p class='ocr_par' dir='ltr' id='par_1_13' title="bbox 584 1228 2151 1305">
     <span class='ocr_line' id='line_1_13' title="bbox 584 1228 2151 1305; baseline -0.011 -13"><span class='ocrx_word' id='word_1_88' title='bbox 584 1241 671 1293; x_wconf 91' lang='lat' dir='ltr'><strong>cul</strong></span> <span class='ocrx_word' id='word_1_89' title='bbox 693 1248 820 1292; x_wconf 87' lang='lat' dir='ltr'><strong>sunt</strong></span> <span class='ocrx_word' id='word_1_90' title='bbox 847 1245 1065 1305; x_wconf 87' lang='lat' dir='ltr'><strong>propter</strong></span> <span class='ocrx_word' id='word_1_91' title='bbox 1087 1248 1348 1293; x_wconf 84' lang='lat' dir='ltr'><strong>errorem,</strong></span> <span class='ocrx_word' id='word_1_92' title='bbox 1379 1245 1471 1298; x_wconf 89' lang='lat' dir='ltr'><strong>per</strong></span> <span class='ocrx_word' id='word_1_93' title='bbox 1498 1230 1655 1281; x_wconf 85' lang='lat' dir='ltr'><strong>ﬁdem</strong></span> <span class='ocrx_word' id='word_1_94' title='bbox 1688 1228 2075 1283; x_wconf 70' lang='lat' dir='ltr'><strong>vocabuntnm</strong></span> <span class='ocrx_word' id='word_1_95' title='bbox 2098 1231 2151 1275; x_wconf 90' lang='lat' dir='ltr'><strong>et</strong></span> 
     </span>
    </p>
   </div>
   <div class='ocr_carea' id='block_1_14' title="bbox 584 1314 2153 1384">
    <p class='ocr_par' dir='ltr' id='par_1_14' title="bbox 584 1314 2153 1384">
     <span class='ocr_line' id='line_1_14' title="bbox 584 1314 2153 1384; baseline -0.013 0"><span class='ocrx_word' id='word_1_96' title='bbox 584 1330 927 1384; x_wconf 65' lang='lat' dir='ltr'><strong>aediliCabnnt</strong></span> <span class='ocrx_word' id='word_1_97' title='bbox 968 1326 1018 1377; x_wconf 92' lang='lat' dir='ltr'><strong>in</strong></span> <span class='ocrx_word' id='word_1_98' title='bbox 1065 1326 1223 1376; x_wconf 85' lang='lat' dir='ltr'><strong>domo</strong></span> <span class='ocrx_word' id='word_1_99' title='bbox 1280 1320 1513 1374; x_wconf 76' lang='lat' dir='ltr'><strong>Domini.</strong></span> <span class='ocrx_word' id='word_1_100' title='bbox 1551 1336 1569 1369; x_wconf 72' lang='grc' dir='ltr'><strong>ι</strong></span> <span class='ocrx_word' id='word_1_101' title='bbox 1607 1318 1861 1382; x_wconf 68' lang='grc' dir='ltr'>ριιαιιιιιιιι</span> <span class='ocrx_word' id='word_1_102' title='bbox 1908 1314 2153 1367; x_wconf 68' lang='lat' dir='ltr'><strong>.mdilica-</strong></span> 
     </span>
    </p>
   </div>
   <div class='ocr_carea' id='block_1_15' title="bbox 583 1407 2154 1484">
    <p class='ocr_par' dir='ltr' id='par_1_15' title="bbox 583 1407 2154 1484">
     <span class='ocr_line' id='line_1_15' title="bbox 583 1407 2154 1484; baseline -0.013 -9"><span class='ocrx_word' id='word_1_103' title='bbox 583 1419 758 1475; x_wconf 84' lang='lat' dir='ltr'><strong>bunt?</strong></span> <span class='ocrx_word' id='word_1_104' title='bbox 786 1419 1003 1484; x_wconf 84' lang='lat' dir='ltr'><strong>Seipsos</strong></span> <span class='ocrx_word' id='word_1_105' title='bbox 1032 1414 1299 1475; x_wconf 79' lang='lat' dir='ltr'><strong>videlicet,</strong></span> <span class='ocrx_word' id='word_1_106' title='bbox 1324 1417 1642 1477; x_wconf 81' lang='lat' dir='ltr'><strong>coaptantes</strong></span> <span class='ocrx_word' id='word_1_107' title='bbox 1676 1407 1903 1467; x_wconf 80' lang='lat' dir='ltr'><strong>sanctis,</strong></span> <span class='ocrx_word' id='word_1_108' title='bbox 1927 1414 1977 1457; x_wconf 93' lang='lat' dir='ltr'><strong>et</strong></span> <span class='ocrx_word' id='word_1_109' title='bbox 2013 1419 2154 1456; x_wconf 90' lang='lat' dir='ltr'><strong>com-</strong></span> 
     </span>
    </p>
   </div>
   <div class='ocr_carea' id='block_1_16' title="bbox 2246 492 3824 569">
    <p class='ocr_par' dir='ltr' id='par_1_16' title="bbox 2246 492 3824 569">
     <span class='ocr_line' id='line_1_16' title="bbox 2246 492 3824 569; baseline -0.002 -18"><span class='ocrx_word' id='word_1_110' title='bbox 2246 498 2555 569; x_wconf 82' lang='grc' dir='ltr'>ἀρχιερεὺς,</span> <span class='ocrx_word' id='word_1_111' title='bbox 2584 497 2661 560; x_wconf 85' lang='grc' dir='ltr'>ὡς</span> <span class='ocrx_word' id='word_1_112' title='bbox 2691 497 2779 550; x_wconf 72' lang='grc' dir='ltr'>διὰ</span> <span class='ocrx_word' id='word_1_113' title='bbox 2800 496 2943 549; x_wconf 80' lang='grc' dir='ltr'>δυοῖν</span> <span class='ocrx_word' id='word_1_114' title='bbox 2968 496 3049 557; x_wconf 86' lang='grc' dir='ltr'><strong>είς</strong></span> <span class='ocrx_word' id='word_1_115' title='bbox 3074 494 3170 546; x_wconf 74' lang='grc' dir='ltr'>ἕνα</span> <span class='ocrx_word' id='word_1_116' title='bbox 3199 492 3548 563; x_wconf 82' lang='grc' dir='ltr'><strong>γραφόμενος</strong></span> <span class='ocrx_word' id='word_1_117' title='bbox 3571 495 3663 547; x_wconf 91' lang='grc' dir='ltr'><strong>τὸν</strong></span> <span class='ocrx_word' id='word_1_118' title='bbox 3698 497 3824 566; x_wconf 81' lang='grc' dir='ltr'><strong>Ἐμ-</strong></span> 
     </span>
    </p>
   </div>
   <div class='ocr_carea' id='block_1_17' title="bbox 2252 584 3824 660">
    <p class='ocr_par' dir='ltr' id='par_1_17' title="bbox 2252 584 3824 660">
     <span class='ocr_line' id='line_1_17' title="bbox 2252 584 3824 660; baseline 0 -19"><span class='ocrx_word' id='word_1_119' title='bbox 2252 590 2511 660; x_wconf 84' lang='grc' dir='ltr'>μανουήλ,</span> <span class='ocrx_word' id='word_1_120' title='bbox 2544 589 2692 660; x_wconf 84' lang='grc' dir='ltr'><strong>Πλὴν</strong></span> <span class='ocrx_word' id='word_1_121' title='bbox 2720 590 2819 641; x_wconf 80' lang='grc' dir='ltr'><strong>οὐκ</strong></span> <span class='ocrx_word' id='word_1_122' title='bbox 2848 587 3078 657; x_wconf 83' lang='grc' dir='ltr'>ἄμισθος</span> <span class='ocrx_word' id='word_1_123' title='bbox 3105 586 3135 637; x_wconf 99' lang='lat'><strong>6</strong></span> <span class='ocrx_word' id='word_1_124' title='bbox 3164 584 3323 646; x_wconf 80' lang='grc' dir='ltr'><strong>πόνος</strong></span> <span class='ocrx_word' id='word_1_125' title='bbox 3361 588 3475 648; x_wconf 83' lang='grc' dir='ltr'>τοῖς</span> <span class='ocrx_word' id='word_1_126' title='bbox 3502 588 3824 654; x_wconf 80' lang='grc' dir='ltr'>στεφανοῦσι</span> 
     </span>
    </p>
   </div>
   <div class='ocr_carea' id='block_1_18' title="bbox 2248 676 3826 753">
    <p class='ocr_par' dir='ltr' id='par_1_18' title="bbox 2248 676 3826 753">
     <span class='ocr_line' id='line_1_18' title="bbox 2248 676 3826 753; baseline -0.004 -18"><span class='ocrx_word' id='word_1_127' title='bbox 2248 681 2499 753; x_wconf 84' lang='grc' dir='ltr'>Χριστὸν,</span> <span class='ocrx_word' id='word_1_128' title='bbox 2532 680 2647 735; x_wconf 84' lang='grc' dir='ltr'>ἀλλ’</span> <span class='ocrx_word' id='word_1_129' title='bbox 2677 682 2758 743; x_wconf 86' lang='grc' dir='ltr'><strong>είς</strong></span> <span class='ocrx_word' id='word_1_130' title='bbox 2787 678 3140 747; x_wconf 84' lang='grc' dir='ltr'><strong>ἀτελεύτητον</strong></span> <span class='ocrx_word' id='word_1_131' title='bbox 3173 676 3355 738; x_wconf 69' lang='grc' dir='ltr'>αὐτοῖς</span> <span class='ocrx_word' id='word_1_132' title='bbox 3377 676 3663 748; x_wconf 79' lang='grc' dir='ltr'><strong>δραμεῖται</strong></span> <span class='ocrx_word' id='word_1_133' title='bbox 3694 680 3826 748; x_wconf 82' lang='grc' dir='ltr'>μνή-</span> 
     </span>
    </p>
   </div>
   <div class='ocr_carea' id='block_1_19' title="bbox 2253 763 3830 840">
    <p class='ocr_par' dir='ltr' id='par_1_19' title="bbox 2253 763 3830 840">
     <span class='ocr_line' id='line_1_19' title="bbox 2253 763 3830 840; baseline -0.003 -19"><span class='ocrx_word' id='word_1_134' title='bbox 2253 788 2358 840; x_wconf 88' lang='grc' dir='ltr'><strong>μην</strong></span> <span class='ocrx_word' id='word_1_135' title='bbox 2390 772 2423 839; x_wconf 82' lang='grc' dir='ltr'><strong>ἡ</strong></span> <span class='ocrx_word' id='word_1_136' title='bbox 2458 768 2957 840; x_wconf 84' lang='grc' dir='ltr'>καρποφορία.”οτι</span> <span class='ocrx_word' id='word_1_137' title='bbox 2982 767 3039 819; x_wconf 80' lang='grc' dir='ltr'>δὲ</span> <span class='ocrx_word' id='word_1_138' title='bbox 3061 763 3298 836; x_wconf 79' lang='grc' dir='ltr'>ἀτρεκὴς</span> <span class='ocrx_word' id='word_1_139' title='bbox 3338 765 3367 815; x_wconf 91' lang='grc' dir='ltr'>ὁ</span> <span class='ocrx_word' id='word_1_140' title='bbox 3395 766 3572 835; x_wconf 80' lang='grc' dir='ltr'>λόγος,</span> <span class='ocrx_word' id='word_1_141' title='bbox 3604 765 3830 836; x_wconf 79' lang='grc' dir='ltr'>ἐμπεδοί</span> 
     </span>
    </p>
   </div>
   <div class='ocr_carea' id='block_1_20' title="bbox 2249 856 3823 933">
    <p class='ocr_par' dir='ltr' id='par_1_20' title="bbox 2249 856 3823 933">
     <span class='ocr_line' id='line_1_20' title="bbox 2249 856 3823 933; baseline -0.004 -18"><span class='ocrx_word' id='word_1_142' title='bbox 2249 861 2586 933; x_wconf 86' lang='grc' dir='ltr'>προστιθείς·</span> <span class='ocrx_word' id='word_1_143' title='bbox 2637 879 2655 911; x_wconf 78' lang='grc' dir='ltr'><strong>ι</strong></span> <span class='ocrx_word' id='word_1_144' title='bbox 2679 861 2735 912; x_wconf 86' lang='grc' dir='ltr'><strong>Ὀ</strong></span> <span class='ocrx_word' id='word_1_145' title='bbox 2763 858 2820 911; x_wconf 82' lang='grc' dir='ltr'>δὲ</span> <span class='ocrx_word' id='word_1_146' title='bbox 2849 860 3112 927; x_wconf 65' lang='grc' dir='ltr'><strong>στέφανος⁹</strong></span> <span class='ocrx_word' id='word_1_147' title='bbox 3151 858 3303 915; x_wconf 79' lang='grc' dir='ltr'>ἔσται</span> <span class='ocrx_word' id='word_1_148' title='bbox 3334 864 3446 923; x_wconf 83' lang='grc' dir='ltr'>τοῖς</span> <span class='ocrx_word' id='word_1_149' title='bbox 3473 856 3823 928; x_wconf 85' lang='grc' dir='ltr'>ὑπομένουσι,</span> 
     </span>
    </p>
   </div>
   <div class='ocr_carea' id='block_1_21' title="bbox 2249 949 3822 1022">
    <p class='ocr_par' dir='ltr' id='par_1_21' title="bbox 2249 949 3822 1022">
     <span class='ocr_line' id='line_1_21' title="bbox 2249 949 3822 1022; baseline -0.005 -13"><span class='ocrx_word' id='word_1_150' title='bbox 2249 960 2342 1009; x_wconf 68' lang='grc' dir='ltr'>καὶ</span> <span class='ocrx_word' id='word_1_151' title='bbox 2372 957 2483 1015; x_wconf 83' lang='grc' dir='ltr'>τοῖς</span> <span class='ocrx_word' id='word_1_152' title='bbox 2511 952 2800 1022; x_wconf 81' lang='grc' dir='ltr'><strong>χρησίμοις</strong></span> <span class='ocrx_word' id='word_1_153' title='bbox 2832 950 3021 1019; x_wconf 81' lang='grc' dir='ltr'>αὐτῆς,</span> <span class='ocrx_word' id='word_1_154' title='bbox 3053 951 3148 1004; x_wconf 78' lang='grc' dir='ltr'><strong>καὶ</strong></span> <span class='ocrx_word' id='word_1_155' title='bbox 3186 955 3299 1015; x_wconf 81' lang='grc' dir='ltr'>τοῖς</span> <span class='ocrx_word' id='word_1_156' title='bbox 3328 951 3697 1019; x_wconf 82' lang='grc' dir='ltr'>ὲπεγνωκόσιν</span> <span class='ocrx_word' id='word_1_157' title='bbox 3728 949 3822 1002; x_wconf 82' lang='grc' dir='ltr'>αὐ·</span> 
     </span>
    </p>
   </div>
   <div class='ocr_carea' id='block_1_22' title="bbox 2247 1038 3831 1113">
    <p class='ocr_par' dir='ltr' id='par_1_22' title="bbox 2247 1038 3831 1113">
     <span class='ocr_line' id='line_1_22' title="bbox 2247 1038 3831 1113; baseline -0.002 -19"><span class='ocrx_word' id='word_1_158' title='bbox 2247 1044 2371 1113; x_wconf 82' lang='grc' dir='ltr'>τὴν,</span> <span class='ocrx_word' id='word_1_159' title='bbox 2402 1041 2496 1094; x_wconf 75' lang='grc' dir='ltr'>καὶ</span> <span class='ocrx_word' id='word_1_160' title='bbox 2519 1043 2600 1102; x_wconf 83' lang='grc' dir='ltr'>εἰς</span> <span class='ocrx_word' id='word_1_161' title='bbox 2621 1040 2819 1110; x_wconf 83' lang='grc' dir='ltr'><strong>χάριτα</strong></span> <span class='ocrx_word' id='word_1_162' title='bbox 2848 1041 2960 1101; x_wconf 87' lang='grc' dir='ltr'>τοῖς</span> <span class='ocrx_word' id='word_1_163' title='bbox 2993 1042 3130 1102; x_wconf 78' lang='grc' dir='ltr'>υἱοῖς</span> <span class='ocrx_word' id='word_1_164' title='bbox 3155 1041 3431 1109; x_wconf 83' lang='grc' dir='ltr'>Σοφονίου,</span> <span class='ocrx_word' id='word_1_165' title='bbox 3463 1040 3555 1093; x_wconf 78' lang='grc' dir='ltr'>καὶ</span> <span class='ocrx_word' id='word_1_166' title='bbox 3589 1044 3667 1103; x_wconf 81' lang='grc' dir='ltr'>εἰς</span> <span class='ocrx_word' id='word_1_167' title='bbox 3693 1038 3831 1109; x_wconf 76' lang='grc' dir='ltr'>ψαλ-</span> 
     </span>
    </p>
   </div>
   <div class='ocr_carea' id='block_1_23' title="bbox 2254 1131 3832 1204">
    <p class='ocr_par' dir='ltr' id='par_1_23' title="bbox 2254 1131 3832 1204">
     <span class='ocr_line' id='line_1_23' title="bbox 2254 1131 3832 1204; baseline -0.002 -18"><span class='ocrx_word' id='word_1_168' title='bbox 2254 1135 2352 1204; x_wconf 85' lang='grc' dir='ltr'>μὸν</span> <span class='ocrx_word' id='word_1_169' title='bbox 2406 1135 2464 1185; x_wconf 86' lang='grc' dir='ltr'>ὲν</span> <span class='ocrx_word' id='word_1_170' title='bbox 2513 1133 2647 1202; x_wconf 80' lang='grc' dir='ltr'>οἴκῳ</span> <span class='ocrx_word' id='word_1_171' title='bbox 2693 1131 2918 1201; x_wconf 81' lang='grc' dir='ltr'><strong>Κυρίου.</strong></span> <span class='ocrx_word' id='word_1_172' title='bbox 2951 1150 2969 1181; x_wconf 76' lang='grc' dir='ltr'><strong>ι</strong></span> <span class='ocrx_word' id='word_1_173' title='bbox 3003 1131 3195 1184; x_wconf 84' lang='grc' dir='ltr'>Ἔσται</span> <span class='ocrx_word' id='word_1_174' title='bbox 3238 1134 3347 1203; x_wconf 87' lang='grc' dir='ltr'>γὰρ</span> <span class='ocrx_word' id='word_1_175' title='bbox 3386 1135 3467 1196; x_wconf 87' lang='grc' dir='ltr'><strong>είς</strong></span> <span class='ocrx_word' id='word_1_176' title='bbox 3514 1132 3673 1202; x_wconf 82' lang='grc' dir='ltr'>χάριν</span> <span class='ocrx_word' id='word_1_177' title='bbox 3718 1134 3832 1193; x_wconf 83' lang='grc' dir='ltr'>τοῖς</span> 
     </span>
    </p>
   </div>
   <div class='ocr_carea' id='block_1_24' title="bbox 2249 1222 3832 1293">
    <p class='ocr_par' dir='ltr' id='par_1_24' title="bbox 2249 1222 3832 1293">
     <span class='ocr_line' id='line_1_24' title="bbox 2249 1222 3832 1293; baseline -0.002 -17"><span class='ocrx_word' id='word_1_178' title='bbox 2249 1223 2620 1276; x_wconf 78' lang='grc' dir='ltr'>ἁνατεθεικόσι</span> <span class='ocrx_word' id='word_1_179' title='bbox 2648 1223 2714 1275; x_wconf 77' lang='grc' dir='ltr'>τὰ</span> <span class='ocrx_word' id='word_1_180' title='bbox 2749 1225 3284 1293; x_wconf 70' lang='grc' dir='ltr'>προσκεκομισμένα,</span> <span class='ocrx_word' id='word_1_181' title='bbox 3314 1225 3636 1292; x_wconf 83' lang='grc' dir='ltr'>γενήσονται</span> <span class='ocrx_word' id='word_1_182' title='bbox 3659 1222 3713 1274; x_wconf 81' lang='grc' dir='ltr'>δὲ</span> <span class='ocrx_word' id='word_1_183' title='bbox 3738 1222 3832 1274; x_wconf 72' lang='grc' dir='ltr'><strong>καὶ</strong></span> 
     </span>
    </p>
   </div>
   <div class='ocr_carea' id='block_1_25' title="bbox 2250 1314 3834 1386">
    <p class='ocr_par' dir='ltr' id='par_1_25' title="bbox 2250 1314 3834 1386">
     <span class='ocr_line' id='line_1_25' title="bbox 2250 1314 3834 1386; baseline -0.001 -20"><span class='ocrx_word' id='word_1_184' title='bbox 2250 1314 2556 1381; x_wconf 85' lang='grc' dir='ltr'>δοξολογίας</span> <span class='ocrx_word' id='word_1_185' title='bbox 2602 1314 2893 1385; x_wconf 83' lang='grc' dir='ltr'>πρόφασις.</span> <span class='ocrx_word' id='word_1_186' title='bbox 2913 1315 2977 1366; x_wconf 78' lang='grc' dir='ltr'><strong>Ἠ</strong></span> <span class='ocrx_word' id='word_1_187' title='bbox 3025 1314 3135 1385; x_wconf 84' lang='grc' dir='ltr'>γὰρ</span> <span class='ocrx_word' id='word_1_188' title='bbox 3180 1314 3290 1367; x_wconf 81' lang='grc' dir='ltr'><strong>τῶν</strong></span> <span class='ocrx_word' id='word_1_189' title='bbox 3325 1316 3642 1386; x_wconf 79' lang='grc' dir='ltr'>ἡγουμένων</span> <span class='ocrx_word' id='word_1_190' title='bbox 3679 1314 3834 1366; x_wconf 83' lang='grc' dir='ltr'>εὐσέ·</span> 
     </span>
    </p>
   </div>
   <div class='ocr_carea' id='block_1_26' title="bbox 2252 1406 3829 1477">
    <p class='ocr_par' dir='ltr' id='par_1_26' title="bbox 2252 1406 3829 1477">
     <span class='ocr_line' id='line_1_26' title="bbox 2252 1406 3829 1477; baseline 0.002 -19"><span class='ocrx_word' id='word_1_191' title='bbox 2252 1406 2399 1467; x_wconf 76' lang='grc' dir='ltr'>ϐεια,</span> <span class='ocrx_word' id='word_1_192' title='bbox 2428 1407 2528 1475; x_wconf 82' lang='grc' dir='ltr'>τῆς</span> <span class='ocrx_word' id='word_1_193' title='bbox 2554 1407 2633 1467; x_wconf 84' lang='grc' dir='ltr'><strong>είς</strong></span> <span class='ocrx_word' id='word_1_194' title='bbox 2660 1406 2792 1458; x_wconf 83' lang='grc' dir='ltr'>Θεὸν</span> <span class='ocrx_word' id='word_1_195' title='bbox 2814 1406 3034 1477; x_wconf 83' lang='grc' dir='ltr'><strong>ἀγάπης</strong></span> <span class='ocrx_word' id='word_1_196' title='bbox 3065 1408 3179 1470; x_wconf 80' lang='grc' dir='ltr'>ὁδὸς</span> <span class='ocrx_word' id='word_1_197' title='bbox 3213 1411 3324 1469; x_wconf 79' lang='grc' dir='ltr'>τοῖς</span> <span class='ocrx_word' id='word_1_198' title='bbox 3358 1409 3569 1477; x_wconf 78' lang='grc' dir='ltr'>ἑτέροις</span> <span class='ocrx_word' id='word_1_199' title='bbox 3599 1407 3829 1474; x_wconf 85' lang='grc' dir='ltr'>γίνεται.</span> 
     </span>
    </p>
   </div>
   <div class='ocr_carea' id='block_1_27' title="bbox 584 1481 2159 1582">
    <p class='ocr_par' dir='ltr' id='par_1_27' title="bbox 584 1481 2153 1582">
     <span class='ocr_line' id='line_1_27' title="bbox 584 1481 2153 1582; baseline -0.012 -17"><span class='ocrx_word' id='word_1_200' title='bbox 584 1522 846 1582; x_wconf 77' lang='lat' dir='ltr'><strong>ponentes</strong></span> <span class='ocrx_word' id='word_1_201' title='bbox 871 1481 1033 1579; x_wconf 62' lang='lat'><strong>708</strong></span> <span class='ocrx_word' id='word_1_202' title='bbox 1068 1506 1120 1559; x_wconf 89' lang='lat' dir='ltr'><strong>in</strong></span> <span class='ocrx_word' id='word_1_203' title='bbox 1160 1507 1260 1558; x_wconf 77' lang='lat' dir='ltr'><strong>[ide</strong></span> <span class='ocrx_word' id='word_1_204' title='bbox 1285 1506 1350 1556; x_wconf 92' lang='lat' dir='ltr'><strong>ad</strong></span> <span class='ocrx_word' id='word_1_205' title='bbox 1383 1504 1643 1556; x_wconf 83' lang='lat' dir='ltr'><strong>unitatem</strong></span> <span class='ocrx_word' id='word_1_206' title='bbox 1682 1514 1802 1551; x_wconf 88' lang='lat' dir='ltr'><strong>cum</strong></span> <span class='ocrx_word' id='word_1_207' title='bbox 1828 1498 1892 1549; x_wconf 88' lang='lat' dir='ltr'><strong>iis</strong></span> <span class='ocrx_word' id='word_1_208' title='bbox 1911 1499 1999 1564; x_wconf 89' lang='lat' dir='ltr'><strong>qui</strong></span> <span class='ocrx_word' id='word_1_209' title='bbox 2028 1504 2153 1549; x_wconf 84' lang='lat' dir='ltr'><strong>sunt</strong></span> 
     </span>
    </p>
   </div>
   <div class='ocr_carea' id='block_1_28' title="bbox 2261 1481 3831 1582">
    <p class='ocr_par' dir='ltr' id='par_1_28' title="bbox 2261 1496 3831 1570">
     <span class='ocr_line' id='line_1_28' title="bbox 2261 1496 3831 1570; baseline 0.001 -23"><span class='ocrx_word' id='word_1_210' title='bbox 2261 1496 2698 1565; x_wconf 80' lang='grc' dir='ltr'>Στεφανουμένου</span> <span class='ocrx_word' id='word_1_211' title='bbox 2727 1496 2783 1548; x_wconf 79' lang='grc' dir='ltr'>δὲ</span> <span class='ocrx_word' id='word_1_212' title='bbox 2817 1499 2955 1566; x_wconf 77' lang='grc' dir='ltr'>πρὸς</span> <span class='ocrx_word' id='word_1_213' title='bbox 2985 1497 3142 1567; x_wconf 83' lang='grc' dir='ltr'>ἡμῶν</span> <span class='ocrx_word' id='word_1_214' title='bbox 3177 1499 3270 1551; x_wconf 87' lang='grc' dir='ltr'><strong>τοῦ</strong></span> <span class='ocrx_word' id='word_1_215' title='bbox 3302 1500 3563 1570; x_wconf 88' lang='grc' dir='ltr'>Χριστοῦ,</span> <span class='ocrx_word' id='word_1_216' title='bbox 3596 1501 3713 1552; x_wconf 85' lang='grc' dir='ltr'>τότε</span> <span class='ocrx_word' id='word_1_217' title='bbox 3740 1500 3831 1550; x_wconf 79' lang='grc' dir='ltr'><strong>καὶ</strong></span> 
     </span>
    </p>
   </div>
   <div class='ocr_carea' id='block_1_29' title="bbox 583 1585 2159 1663">
    <p class='ocr_par' dir='ltr' id='par_1_29' title="bbox 583 1585 2156 1663">
     <span class='ocr_line' id='line_1_29' title="bbox 583 1585 2156 1663; baseline -0.013 -8"><span class='ocrx_word' id='word_1_218' title='bbox 583 1616 652 1655; x_wconf 78' lang='lat' dir='ltr'><strong>ex</strong></span> <span class='ocrx_word' id='word_1_219' title='bbox 672 1599 856 1663; x_wconf 73' lang='lat' dir='ltr'><strong>Israel,</strong></span> <span class='ocrx_word' id='word_1_220' title='bbox 890 1602 1106 1652; x_wconf 71' lang='lat' dir='ltr'><strong>Christo</strong></span> <span class='ocrx_word' id='word_1_221' title='bbox 1136 1608 1346 1647; x_wconf 81' lang='lat' dir='ltr'><strong>summo</strong></span> <span class='ocrx_word' id='word_1_222' title='bbox 1381 1590 1622 1658; x_wconf 80' lang='lat' dir='ltr'><strong>augulari</strong></span> <span class='ocrx_word' id='word_1_223' title='bbox 1656 1588 1831 1656; x_wconf 81' lang='lat' dir='ltr'><strong>lapide</strong></span> <span class='ocrx_word' id='word_1_224' title='bbox 1847 1585 1912 1647; x_wconf 81' lang='grc'><strong>⁸⁸,</strong></span> <span class='ocrx_word' id='word_1_225' title='bbox 1947 1595 2002 1637; x_wconf 88' lang='lat' dir='ltr'><strong>et</strong></span> <span class='ocrx_word' id='word_1_226' title='bbox 2027 1600 2156 1638; x_wconf 81' lang='lat' dir='ltr'><strong>cou-</strong></span> 
     </span>
    </p>
   </div>
   <div class='ocr_carea' id='block_1_30' title="bbox 2261 1585 3831 1663">
    <p class='ocr_par' dir='ltr' id='par_1_30' title="bbox 2261 1586 3831 1659">
     <span class='ocr_line' id='line_1_30' title="bbox 2261 1586 3831 1659; baseline 0.001 -20"><span class='ocrx_word' id='word_1_227' title='bbox 2261 1588 2288 1655; x_wconf 80' lang='grc' dir='ltr'><strong>ή</strong></span> <span class='ocrx_word' id='word_1_228' title='bbox 2321 1586 2428 1639; x_wconf 86' lang='grc' dir='ltr'><strong>τῶν</strong></span> <span class='ocrx_word' id='word_1_229' title='bbox 2456 1587 2623 1639; x_wconf 74' lang='grc' dir='ltr'>ἐθνῶν</span> <span class='ocrx_word' id='word_1_230' title='bbox 2652 1588 2818 1659; x_wconf 85' lang='grc' dir='ltr'>ἀγέλη</span> <span class='ocrx_word' id='word_1_231' title='bbox 2848 1588 3135 1659; x_wconf 82' lang='grc' dir='ltr'>δραμεῖται</span> <span class='ocrx_word' id='word_1_232' title='bbox 3170 1590 3305 1659; x_wconf 86' lang='grc' dir='ltr'>πρὸς</span> <span class='ocrx_word' id='word_1_233' title='bbox 3329 1591 3623 1655; x_wconf 74' lang='grc' dir='ltr'>ἐπίγνωσιν</span> <span class='ocrx_word' id='word_1_234' title='bbox 3644 1588 3831 1651; x_wconf 79' lang='grc' dir='ltr'>αὑτοῦ,</span> 
     </span>
    </p>
   </div>
   <div class='ocr_carea' id='block_1_31' title="bbox 586 1672 2159 1751">
    <p class='ocr_par' dir='ltr' id='par_1_31' title="bbox 586 1672 2151 1748">
     <span class='ocr_line' id='line_1_31' title="bbox 586 1672 2151 1748; baseline -0.015 -4"><span class='ocrx_word' id='word_1_235' title='bbox 586 1697 834 1744; x_wconf 76' lang='lat' dir='ltr'><strong>neclente</strong></span> <span class='ocrx_word' id='word_1_236' title='bbox 867 1688 917 1740; x_wconf 89' lang='lat' dir='ltr'><strong>in</strong></span> <span class='ocrx_word' id='word_1_237' title='bbox 951 1684 1295 1740; x_wconf 82' lang='lat' dir='ltr'><strong>concordiam</strong></span> <span class='ocrx_word' id='word_1_238' title='bbox 1316 1697 1408 1748; x_wconf 88' lang='lat' dir='ltr'><strong>per</strong></span> <span class='ocrx_word' id='word_1_239' title='bbox 1425 1694 1504 1744; x_wconf 88' lang='lat' dir='ltr'><strong>se,</strong></span> <span class='ocrx_word' id='word_1_240' title='bbox 1538 1693 1657 1744; x_wconf 69' lang='lat' dir='ltr'><strong>qua:</strong></span> <span class='ocrx_word' id='word_1_241' title='bbox 1702 1676 1829 1727; x_wconf 81' lang='lat' dir='ltr'><strong>olim</strong></span> <span class='ocrx_word' id='word_1_242' title='bbox 1887 1672 2151 1739; x_wconf 66' lang='lat' dir='ltr'><strong>disjnncla</strong></span> 
     </span>
    </p>
   </div>
   <div class='ocr_carea' id='block_1_32' title="bbox 2261 1672 3834 1751">
    <p class='ocr_par' dir='ltr' id='par_1_32' title="bbox 2261 1677 3834 1751">
     <span class='ocr_line' id='line_1_32' title="bbox 2261 1677 3834 1751; baseline 0.001 -23"><span class='ocrx_word' id='word_1_243' title='bbox 2261 1677 2350 1730; x_wconf 79' lang='grc' dir='ltr'>καὶ</span> <span class='ocrx_word' id='word_1_244' title='bbox 2380 1680 2427 1729; x_wconf 82' lang='lat' dir='ltr'><strong>oi</strong></span> <span class='ocrx_word' id='word_1_245' title='bbox 2467 1679 2685 1748; x_wconf 75' lang='grc' dir='ltr'>μακρὰν</span> <span class='ocrx_word' id='word_1_246' title='bbox 2717 1678 2868 1742; x_wconf 77' lang='grc' dir='ltr'>ὄντες</span> <span class='ocrx_word' id='word_1_247' title='bbox 2896 1679 2985 1732; x_wconf 78' lang='grc' dir='ltr'><strong>διὰ</strong></span> <span class='ocrx_word' id='word_1_248' title='bbox 3018 1681 3115 1751; x_wconf 86' lang='grc' dir='ltr'>τὴν</span> <span class='ocrx_word' id='word_1_249' title='bbox 3159 1682 3447 1750; x_wconf 83' lang='grc' dir='ltr'>πλάνησιν,</span> <span class='ocrx_word' id='word_1_250' title='bbox 3478 1680 3834 1749; x_wconf 84' lang='grc' dir='ltr'>κεκλήσονται</span> 
     </span>
    </p>
   </div>
   <div class='ocr_carea' id='block_1_33' title="bbox 586 1766 2159 1851">
    <p class='ocr_par' dir='ltr' id='par_1_33' title="bbox 586 1767 2156 1836">
     <span class='ocr_line' id='line_1_33' title="bbox 586 1767 2156 1836; baseline -0.013 -2"><span class='ocrx_word' id='word_1_251' title='bbox 586 1780 823 1834; x_wconf 78' lang='lat' dir='ltr'><strong>fuerant.</strong></span> <span class='ocrx_word' id='word_1_252' title='bbox 863 1795 881 1828; x_wconf 80' lang='grc' dir='ltr'><strong>ι</strong></span> <span class='ocrx_word' id='word_1_253' title='bbox 910 1776 1161 1831; x_wconf 83' lang='lat' dir='ltr'><strong>Condidit</strong></span> <span class='ocrx_word' id='word_1_254' title='bbox 1191 1775 1334 1828; x_wconf 91' lang='lat' dir='ltr'><strong>enim</strong></span> <span class='ocrx_word' id='word_1_255' title='bbox 1366 1773 1501 1824; x_wconf 86' lang='lat' dir='ltr'><strong>duos</strong></span> <span class='ocrx_word' id='word_1_256' title='bbox 1554 1767 1776 1836; x_wconf 87' lang='lat' dir='ltr'><strong>populos</strong></span> <span class='ocrx_word' id='word_1_257' title='bbox 1798 1768 1849 1817; x_wconf 91' lang='lat' dir='ltr'><strong>in</strong></span> <span class='ocrx_word' id='word_1_258' title='bbox 1881 1777 2156 1818; x_wconf 90' lang='lat' dir='ltr'><strong>unnmno-</strong></span> 
     </span>
    </p>
   </div>
   <div class='ocr_carea' id='block_1_34' title="bbox 2261 1766 3834 1851">
    <p class='ocr_par' dir='ltr' id='par_1_34' title="bbox 2261 1766 3834 1843">
     <span class='ocr_line' id='line_1_34' title="bbox 2261 1766 3834 1843; baseline 0.001 -25"><span class='ocrx_word' id='word_1_259' title='bbox 2261 1766 2343 1819; x_wconf 85' lang='grc' dir='ltr'>διὰ</span> <span class='ocrx_word' id='word_1_260' title='bbox 2386 1766 2643 1830; x_wconf 87' lang='grc' dir='ltr'>πίστεως,</span> <span class='ocrx_word' id='word_1_261' title='bbox 2693 1788 2711 1819; x_wconf 80' lang='grc' dir='ltr'><strong>ι</strong></span> <span class='ocrx_word' id='word_1_262' title='bbox 2745 1769 2850 1821; x_wconf 78' lang='grc' dir='ltr'><strong>Καὶ</strong></span> <span class='ocrx_word' id='word_1_263' title='bbox 2872 1770 3314 1843; x_wconf 86' lang='grc' dir='ltr'>οἰκοδομήσουσιν</span> <span class='ocrx_word' id='word_1_264' title='bbox 3364 1774 3421 1823; x_wconf 83' lang='grc' dir='ltr'>ἐν</span> <span class='ocrx_word' id='word_1_265' title='bbox 3463 1770 3538 1840; x_wconf 82' lang='grc' dir='ltr'><strong>τῷ</strong></span> <span class='ocrx_word' id='word_1_266' title='bbox 3581 1772 3712 1838; x_wconf 74' lang='grc' dir='ltr'>οἴκῳ</span> <span class='ocrx_word' id='word_1_267' title='bbox 3741 1768 3834 1821; x_wconf 84' lang='grc' dir='ltr'><strong>τοῦ</strong></span> 
     </span>
    </p>
   </div>
   <div class='ocr_carea' id='block_1_35' title="bbox 582 1850 2159 1934">
    <p class='ocr_par' dir='ltr' id='par_1_35' title="bbox 582 1850 2151 1927">
     <span class='ocr_line' id='line_1_35' title="bbox 582 1850 2151 1927; baseline -0.013 -3"><span class='ocrx_word' id='word_1_268' title='bbox 582 1886 708 1924; x_wconf 75' lang='lat' dir='ltr'><strong>vum</strong></span> <span class='ocrx_word' id='word_1_269' title='bbox 736 1871 1025 1927; x_wconf 83' lang='lat' dir='ltr'><strong>hominem,</strong></span> <span class='ocrx_word' id='word_1_270' title='bbox 1081 1864 1287 1916; x_wconf 80' lang='lat' dir='ltr'><strong>faciens</strong></span> <span class='ocrx_word' id='word_1_271' title='bbox 1344 1875 1552 1927; x_wconf 78' lang='lat' dir='ltr'><strong>pacem,</strong></span> <span class='ocrx_word' id='word_1_272' title='bbox 1598 1866 1654 1909; x_wconf 85' lang='lat' dir='ltr'><strong>et</strong></span> <span class='ocrx_word' id='word_1_273' title='bbox 1698 1853 2055 1909; x_wconf 88' lang='lat' dir='ltr'><strong>reconcilians</strong></span> <span class='ocrx_word' id='word_1_274' title='bbox 2098 1850 2151 1903; x_wconf 88' lang='lat' dir='ltr'><strong>in</strong></span> 
     </span>
    </p>
   </div>
   <div class='ocr_carea' id='block_1_36' title="bbox 2261 1850 3838 1934">
    <p class='ocr_par' dir='ltr' id='par_1_36' title="bbox 2261 1859 3838 1934">
     <span class='ocr_line' id='line_1_36' title="bbox 2261 1859 3838 1934; baseline 0.001 -22"><span class='ocrx_word' id='word_1_275' title='bbox 2261 1859 2412 1913; x_wconf 85' lang='grc' dir='ltr'>Θεοῦ.</span> <span class='ocrx_word' id='word_1_276' title='bbox 2468 1878 2486 1910; x_wconf 81' lang='grc' dir='ltr'><strong>ι</strong></span> <span class='ocrx_word' id='word_1_277' title='bbox 2525 1860 2661 1913; x_wconf 84' lang='grc' dir='ltr'>Τίνα</span> <span class='ocrx_word' id='word_1_278' title='bbox 2711 1861 2769 1913; x_wconf 85' lang='grc' dir='ltr'>δὲ</span> <span class='ocrx_word' id='word_1_279' title='bbox 2809 1863 3281 1934; x_wconf 82' lang='grc' dir='ltr'>οίκοδομήσουσιν;</span> <span class='ocrx_word' id='word_1_280' title='bbox 3329 1865 3555 1923; x_wconf 70' lang='grc' dir='ltr'>ἑαυτοὺς</span> <span class='ocrx_word' id='word_1_281' title='bbox 3597 1862 3838 1932; x_wconf 79' lang='grc' dir='ltr'>δηλονότι</span> 
     </span>
    </p>
   </div>
   <div class='ocr_carea' id='block_1_37' title="bbox 585 1947 2159 2031">
    <p class='ocr_par' dir='ltr' id='par_1_37' title="bbox 585 1947 2155 2031">
     <span class='ocr_line' id='line_1_37' title="bbox 585 1947 2155 2031; baseline -0.014 -14"><span class='ocrx_word' id='word_1_282' title='bbox 585 1978 817 2031; x_wconf 85' lang='lat' dir='ltr'><strong>corpore</strong></span> <span class='ocrx_word' id='word_1_283' title='bbox 859 1976 958 2013; x_wconf 89' lang='lat' dir='ltr'><strong>suo</strong></span> <span class='ocrx_word' id='word_1_284' title='bbox 993 1957 1139 2010; x_wconf 80' lang='lat' dir='ltr'><strong>Patri</strong></span> <span class='ocrx_word' id='word_1_285' title='bbox 1177 1956 1355 2008; x_wconf 90' lang='lat' dir='ltr'><strong>omnia</strong></span> <span class='ocrx_word' id='word_1_286' title='bbox 1384 1954 1451 2007; x_wconf 77' lang='grc'><strong>⁸³.</strong></span> <span class='ocrx_word' id='word_1_287' title='bbox 1498 1972 1516 2004; x_wconf 75' lang='grc' dir='ltr'><strong>ι</strong></span> <span class='ocrx_word' id='word_1_288' title='bbox 1550 1951 1678 2016; x_wconf 81' lang='lat' dir='ltr'><strong>Quae</strong></span> <span class='ocrx_word' id='word_1_289' title='bbox 1706 1962 1826 2001; x_wconf 91' lang='lat' dir='ltr'><strong>cum</strong></span> <span class='ocrx_word' id='word_1_290' title='bbox 1876 1947 2155 2000; x_wconf 77' lang='lat' dir='ltr'><strong>evenerint</strong></span> 
     </span>
    </p>
   </div>
   <div class='ocr_carea' id='block_1_38' title="bbox 2261 1947 3841 2031">
    <p class='ocr_par' dir='ltr' id='par_1_38' title="bbox 2263 1951 3841 2024">
     <span class='ocr_line' id='line_1_38' title="bbox 2263 1951 3841 2024; baseline -0.012 -1"><span class='ocrx_word' id='word_1_291' title='bbox 2263 1951 2791 2021; x_wconf 64' lang='grc' dir='ltr'>συναρμολογοιῖντες</span> <span class='ocrx_word' id='word_1_292' title='bbox 2824 1957 2934 2017; x_wconf 84' lang='grc' dir='ltr'>τοῖς</span> <span class='ocrx_word' id='word_1_293' title='bbox 2962 1957 3157 2024; x_wconf 81' lang='grc' dir='ltr'><strong>ἁγίοις,</strong></span> <span class='ocrx_word' id='word_1_294' title='bbox 3183 1960 3276 2011; x_wconf 69' lang='grc' dir='ltr'><strong>καὶ</strong></span> <span class='ocrx_word' id='word_1_295' title='bbox 3303 1954 3639 2017; x_wconf 77' lang='grc' dir='ltr'>συντιθέντες</span> <span class='ocrx_word' id='word_1_296' title='bbox 3663 1954 3722 2005; x_wconf 84' lang='grc' dir='ltr'>ὲν</span> <span class='ocrx_word' id='word_1_297' title='bbox 3749 1952 3841 2005; x_wconf 90' lang='grc' dir='ltr'>πί-</span> 
     </span>
    </p>
   </div>
   <div class='ocr_carea' id='block_1_39' title="bbox 582 2035 2159 2123">
    <p class='ocr_par' dir='ltr' id='par_1_39' title="bbox 582 2035 2155 2123">
     <span class='ocr_line' id='line_1_39' title="bbox 582 2035 2155 2123; baseline -0.013 -18"><span class='ocrx_word' id='word_1_298' title='bbox 582 2052 718 2123; x_wconf 84' lang='lat' dir='ltr'><strong>jam,</strong></span> <span class='ocrx_word' id='word_1_299' title='bbox 745 2051 946 2103; x_wconf 81' lang='lat' dir='ltr'><strong>sanctis</strong></span> <span class='ocrx_word' id='word_1_300' title='bbox 975 2046 1248 2114; x_wconf 84' lang='lat' dir='ltr'><strong>prophetis</strong></span> <span class='ocrx_word' id='word_1_301' title='bbox 1273 2042 1586 2105; x_wconf 71' lang='lat' dir='ltr'><strong>sumaginm</strong></span> <span class='ocrx_word' id='word_1_302' title='bbox 1611 2036 1852 2093; x_wconf 82' lang='lat' dir='ltr'><strong>veritatis</strong></span> <span class='ocrx_word' id='word_1_303' title='bbox 1888 2035 2155 2099; x_wconf 88' lang='lat' dir='ltr'><strong>dabimus,</strong></span> 
     </span>
    </p>
   </div>
   <div class='ocr_carea' id='block_1_40' title="bbox 2261 2035 3838 2123">
    <p class='ocr_par' dir='ltr' id='par_1_40' title="bbox 2265 2042 3838 2119">
     <span class='ocr_line' id='line_1_40' title="bbox 2265 2042 3838 2119; baseline 0.003 -28"><span class='ocrx_word' id='word_1_304' title='bbox 2265 2057 2378 2092; x_wconf 87' lang='grc' dir='ltr'>στει</span> <span class='ocrx_word' id='word_1_305' title='bbox 2402 2042 2537 2110; x_wconf 89' lang='grc' dir='ltr'>πρὸς</span> <span class='ocrx_word' id='word_1_306' title='bbox 2563 2042 2754 2097; x_wconf 75' lang='grc' dir='ltr'>ἕνωσιν</span> <span class='ocrx_word' id='word_1_307' title='bbox 2778 2047 2890 2108; x_wconf 86' lang='grc' dir='ltr'>τοῖς</span> <span class='ocrx_word' id='word_1_308' title='bbox 2920 2044 2980 2111; x_wconf 78' lang='grc' dir='ltr'><strong>ἐξ</strong></span> <span class='ocrx_word' id='word_1_309' title='bbox 3002 2048 3241 2119; x_wconf 87' lang='grc' dir='ltr'>Ἰσραὴλ,</span> <span class='ocrx_word' id='word_1_310' title='bbox 3268 2049 3419 2111; x_wconf 75' lang='grc' dir='ltr'>ὄντος</span> <span class='ocrx_word' id='word_1_311' title='bbox 3442 2045 3838 2117; x_wconf 77' lang='grc' dir='ltr'>ἀκρογωνιαίου</span> 
     </span>
    </p>
   </div>
   <div class='ocr_carea' id='block_1_41' title="bbox 590 2124 2159 2210">
    <p class='ocr_par' dir='ltr' id='par_1_41' title="bbox 590 2124 2156 2205">
     <span class='ocr_line' id='line_1_41' title="bbox 590 2124 2156 2205; baseline -0.011 -8"><span class='ocrx_word' id='word_1_312' title='bbox 590 2142 877 2197; x_wconf 80' lang='lat' dir='ltr'><strong>manifeste</strong></span> <span class='ocrx_word' id='word_1_313' title='bbox 930 2148 1344 2205; x_wconf 79' lang='lat' dir='ltr'><strong>cognoscentes,</strong></span> <span class='ocrx_word' id='word_1_314' title='bbox 1402 2135 1566 2188; x_wconf 84' lang='lat' dir='ltr'><strong>Deum</strong></span> <span class='ocrx_word' id='word_1_315' title='bbox 1621 2131 1857 2185; x_wconf 88' lang='lat' dir='ltr'><strong>locutum</strong></span> <span class='ocrx_word' id='word_1_316' title='bbox 1914 2141 2034 2181; x_wconf 88' lang='lat' dir='ltr'><strong>esse</strong></span> <span class='ocrx_word' id='word_1_317' title='bbox 2093 2124 2156 2179; x_wconf 85' lang='lat' dir='ltr'><strong>in</strong></span> 
     </span>
    </p>
   </div>
   <div class='ocr_carea' id='block_1_42' title="bbox 2261 2124 3838 2210">
    <p class='ocr_par' dir='ltr' id='par_1_42' title="bbox 2262 2133 3838 2210">
     <span class='ocr_line' id='line_1_42' title="bbox 2262 2133 3838 2210; baseline 0.004 -26"><span class='ocrx_word' id='word_1_318' title='bbox 2262 2133 2519 2202; x_wconf 77' lang='grc' dir='ltr'>Χριστοῦ,</span> <span class='ocrx_word' id='word_1_319' title='bbox 2558 2136 2652 2188; x_wconf 76' lang='grc' dir='ltr'><strong>καὶ</strong></span> <span class='ocrx_word' id='word_1_320' title='bbox 2686 2138 3020 2210; x_wconf 79' lang='grc' dir='ltr'>συνείροντος</span> <span class='ocrx_word' id='word_1_321' title='bbox 3072 2142 3151 2202; x_wconf 86' lang='grc' dir='ltr'><strong>είς</strong></span> <span class='ocrx_word' id='word_1_322' title='bbox 3208 2140 3508 2210; x_wconf 69' lang='grc' dir='ltr'>ὁμοψυχίαν</span> <span class='ocrx_word' id='word_1_323' title='bbox 3553 2138 3619 2190; x_wconf 86' lang='grc' dir='ltr'>δι’</span> <span class='ocrx_word' id='word_1_324' title='bbox 3644 2135 3838 2191; x_wconf 79' lang='grc' dir='ltr'>ἑαυτοῦ</span> 
     </span>
    </p>
   </div>
   <div class='ocr_carea' id='block_1_43' title="bbox 589 2220 2159 2305">
    <p class='ocr_par' dir='ltr' id='par_1_43' title="bbox 589 2220 2083 2305">
     <span class='ocr_line' id='line_1_43' title="bbox 589 2220 2083 2305; baseline -0.013 -15"><span class='ocrx_word' id='word_1_325' title='bbox 589 2234 743 2305; x_wconf 85' lang='lat' dir='ltr'><strong>ipsis,</strong></span> <span class='ocrx_word' id='word_1_326' title='bbox 791 2241 846 2287; x_wconf 88' lang='lat' dir='ltr'><strong>et</strong></span> <span class='ocrx_word' id='word_1_327' title='bbox 901 2231 1213 2302; x_wconf 76' lang='lat' dir='ltr'><strong>mysterium</strong></span> <span class='ocrx_word' id='word_1_328' title='bbox 1256 2225 1455 2281; x_wconf 89' lang='lat' dir='ltr'><strong>Christi</strong></span> <span class='ocrx_word' id='word_1_329' title='bbox 1484 2222 1637 2279; x_wconf 91' lang='lat' dir='ltr'><strong>nobis</strong></span> <span class='ocrx_word' id='word_1_330' title='bbox 1674 2220 2083 2290; x_wconf 77' lang='lat' dir='ltr'><strong>przenuntiasse.</strong></span> 
     </span>
    </p>
   </div>
   <div class='ocr_carea' id='block_1_44' title="bbox 2261 2220 3841 2305">
    <p class='ocr_par' dir='ltr' id='par_1_44' title="bbox 2261 2224 3841 2304">
     <span class='ocr_line' id='line_1_44' title="bbox 2261 2224 3841 2304; baseline 0.009 -29"><span class='ocrx_word' id='word_1_331' title='bbox 2261 2225 2329 2275; x_wconf 79' lang='grc' dir='ltr'><strong>τὰ</strong></span> <span class='ocrx_word' id='word_1_332' title='bbox 2366 2224 2531 2279; x_wconf 86' lang='grc' dir='ltr'>πάλαι</span> <span class='ocrx_word' id='word_1_333' title='bbox 2559 2227 2885 2300; x_wconf 79' lang='grc' dir='ltr'>διῃρημένα.</span> <span class='ocrx_word' id='word_1_334' title='bbox 2917 2231 3173 2285; x_wconf 76' lang='grc' dir='ltr'>«Ἐκτισε</span> <span class='ocrx_word' id='word_1_335' title='bbox 3219 2236 3327 2304; x_wconf 79' lang='grc' dir='ltr'><strong>γὰρ</strong></span> <span class='ocrx_word' id='word_1_336' title='bbox 3370 2234 3497 2295; x_wconf 80' lang='grc' dir='ltr'>τοὺς</span> <span class='ocrx_word' id='word_1_337' title='bbox 3539 2231 3634 2284; x_wconf 71' lang='grc' dir='ltr'>δύο</span> <span class='ocrx_word' id='word_1_338' title='bbox 3679 2229 3841 2290; x_wconf 77' lang='grc' dir='ltr'>λαοὺς</span> 
     </span>
    </p>
   </div>
   <div class='ocr_carea' id='block_1_45' title="bbox 2263 2310 3844 2392">
    <p class='ocr_par' dir='ltr' id='par_1_45' title="bbox 2263 2310 3844 2392">
     <span class='ocr_line' id='line_1_45' title="bbox 2263 2310 3844 2392; baseline 0.006 -31"><span class='ocrx_word' id='word_1_339' title='bbox 2263 2310 2343 2372; x_wconf 85' lang='grc' dir='ltr'><strong>είς</strong></span> <span class='ocrx_word' id='word_1_340' title='bbox 2368 2310 2466 2366; x_wconf 75' lang='grc' dir='ltr'>ἕνα</span> <span class='ocrx_word' id='word_1_341' title='bbox 2480 2314 2664 2367; x_wconf 92' lang='grc' dir='ltr'>καινὸν</span> <span class='ocrx_word' id='word_1_342' title='bbox 2681 2318 2986 2385; x_wconf 85' lang='grc' dir='ltr'>ἄνθρωπον,</span> <span class='ocrx_word' id='word_1_343' title='bbox 3013 2320 3182 2372; x_wconf 86' lang='grc' dir='ltr'>ποιῶν</span> <span class='ocrx_word' id='word_1_344' title='bbox 3210 2324 3456 2392; x_wconf 84' lang='grc' dir='ltr'>είρήνην,</span> <span class='ocrx_word' id='word_1_345' title='bbox 3487 2322 3580 2373; x_wconf 73' lang='grc' dir='ltr'>καὶ</span> <span class='ocrx_word' id='word_1_346' title='bbox 3608 2320 3844 2372; x_wconf 84' lang='grc' dir='ltr'>ἀποκατ-</span> 
     </span>
    </p>
   </div>
   <div class='ocr_carea' id='block_1_46' title="bbox 592 2398 3843 2482">
    <p class='ocr_par' dir='ltr' id='par_1_46' title="bbox 592 2398 3843 2482">
     <span class='ocr_line' id='line_1_46' title="bbox 592 2398 3843 2482; baseline -0.002 -15"><span class='ocrx_word' id='word_1_347' title='bbox 592 2411 877 2467; x_wconf 83' lang='grc' dir='ltr'>αλλάσσων</span> <span class='ocrx_word' id='word_1_348' title='bbox 906 2410 966 2463; x_wconf 83' lang='grc' dir='ltr'>ὲν</span> <span class='ocrx_word' id='word_1_349' title='bbox 993 2409 1071 2479; x_wconf 84' lang='grc' dir='ltr'>τῷ</span> <span class='ocrx_word' id='word_1_350' title='bbox 1107 2408 1317 2478; x_wconf 87' lang='grc' dir='ltr'>σώματι</span> <span class='ocrx_word' id='word_1_351' title='bbox 1347 2403 1511 2459; x_wconf 84' lang='grc' dir='ltr'>αὐτοῦ</span> <span class='ocrx_word' id='word_1_352' title='bbox 1558 2403 1628 2457; x_wconf 81' lang='grc' dir='ltr'>τὰ</span> <span class='ocrx_word' id='word_1_353' title='bbox 1668 2401 1848 2457; x_wconf 85' lang='grc' dir='ltr'>πάντα</span> <span class='ocrx_word' id='word_1_354' title='bbox 1913 2398 2049 2470; x_wconf 88' lang='grc' dir='ltr'>πρὸς</span> <span class='ocrx_word' id='word_1_355' title='bbox 2086 2398 2178 2450; x_wconf 85' lang='grc' dir='ltr'><strong>τὸν</strong></span> <span class='ocrx_word' id='word_1_356' title='bbox 2216 2400 2457 2473; x_wconf 82' lang='grc' dir='ltr'>Πατέρα.</span> <span class='ocrx_word' id='word_1_357' title='bbox 2489 2398 2615 2457; x_wconf 72' lang='grc' dir='ltr'><strong>»Ὧν</strong></span> <span class='ocrx_word' id='word_1_358' title='bbox 2637 2408 2717 2469; x_wconf 87' lang='grc' dir='ltr'><strong>είς</strong></span> <span class='ocrx_word' id='word_1_359' title='bbox 2773 2410 2946 2478; x_wconf 79' lang='grc' dir='ltr'>πέρας</span> <span class='ocrx_word' id='word_1_360' title='bbox 2969 2410 3371 2481; x_wconf 79' lang='grc' dir='ltr'>ὲκὸεόηκότων,</span> <span class='ocrx_word' id='word_1_361' title='bbox 3394 2409 3843 2482; x_wconf 76' lang='grc' dir='ltr'>ὲπιψηφιούμεθα</span> 
     </span>
    </p>
   </div>
   <div class='ocr_carea' id='block_1_47' title="bbox 591 2486 3844 2580">
    <p class='ocr_par' dir='ltr' id='par_1_47' title="bbox 591 2486 3844 2580">
     <span class='ocr_line' id='line_1_47' title="bbox 591 2486 3844 2580; baseline -0.003 -16"><span class='ocrx_word' id='word_1_362' title='bbox 591 2503 704 2563; x_wconf 76' lang='grc' dir='ltr'>τοῖς</span> <span class='ocrx_word' id='word_1_363' title='bbox 733 2500 904 2567; x_wconf 78' lang='grc' dir='ltr'>ἁγίοις</span> <span class='ocrx_word' id='word_1_364' title='bbox 930 2500 1236 2568; x_wconf 81' lang='grc' dir='ltr'>προφήταις</span> <span class='ocrx_word' id='word_1_365' title='bbox 1260 2495 1320 2547; x_wconf 80' lang='grc' dir='ltr'><strong>τὸ</strong></span> <span class='ocrx_word' id='word_1_366' title='bbox 1349 2493 1598 2580; x_wconf 55' lang='grc' dir='ltr'>ἀτρεκὲς,</span> <span class='ocrx_word' id='word_1_367' title='bbox 1627 2491 1925 2561; x_wconf 73' lang='grc' dir='ltr'>ἐγνωκότες</span> <span class='ocrx_word' id='word_1_368' title='bbox 1987 2486 2196 2557; x_wconf 80' lang='grc' dir='ltr'>σαφῶς,</span> <span class='ocrx_word' id='word_1_369' title='bbox 2235 2489 2311 2552; x_wconf 85' lang='grc' dir='ltr'><strong>ὡς</strong></span> <span class='ocrx_word' id='word_1_370' title='bbox 2358 2488 2426 2562; x_wconf 80' lang='grc' dir='ltr'>ἦν</span> <span class='ocrx_word' id='word_1_371' title='bbox 2471 2492 2603 2558; x_wconf 84' lang='grc' dir='ltr'>Θεὸς</span> <span class='ocrx_word' id='word_1_372' title='bbox 2646 2496 2704 2549; x_wconf 82' lang='grc' dir='ltr'>ἐν</span> <span class='ocrx_word' id='word_1_373' title='bbox 2750 2499 2934 2563; x_wconf 74' lang='grc' dir='ltr'>αὐτοῖς</span> <span class='ocrx_word' id='word_1_374' title='bbox 2977 2502 3006 2553; x_wconf 90' lang='lat'><strong>6</strong></span> <span class='ocrx_word' id='word_1_375' title='bbox 3074 2502 3251 2557; x_wconf 85' lang='grc' dir='ltr'>λαλῶν</span> <span class='ocrx_word' id='word_1_376' title='bbox 3295 2504 3390 2556; x_wconf 74' lang='grc' dir='ltr'><strong>καὶ</strong></span> <span class='ocrx_word' id='word_1_377' title='bbox 3438 2501 3844 2575; x_wconf 72' lang='grc' dir='ltr'>προαναφωνῶν</span> 
     </span>
    </p>
   </div>
   <div class='ocr_carea' id='block_1_48' title="bbox 595 2592 1433 2668">
    <p class='ocr_par' dir='ltr' id='par_1_48' title="bbox 595 2592 1433 2668">
     <span class='ocr_line' id='line_1_48' title="bbox 595 2592 1433 2668; baseline -0.007 -17"><span class='ocrx_word' id='word_1_378' title='bbox 595 2598 728 2668; x_wconf 74' lang='grc' dir='ltr'>ἡμῖν</span> <span class='ocrx_word' id='word_1_379' title='bbox 758 2596 817 2648; x_wconf 85' lang='grc' dir='ltr'><strong>τὸ</strong></span> <span class='ocrx_word' id='word_1_380' title='bbox 854 2592 1087 2664; x_wconf 80' lang='grc' dir='ltr'>Χριστοῦ</span> <span class='ocrx_word' id='word_1_381' title='bbox 1121 2594 1433 2663; x_wconf 87' lang='grc' dir='ltr'>μυστήριον.</span> 
     </span>
    </p>
   </div>
   <div class='ocr_carea' id='block_1_49' title="bbox 1214 2680 1513 2739">
    <p class='ocr_par' dir='ltr' id='par_1_49' title="bbox 1214 2680 1513 2739">
     <span class='ocr_line' id='line_1_49' title="bbox 1214 2680 1513 2739; baseline -0.007 -2"><span class='ocrx_word' id='word_1_382' title='bbox 1214 2683 1368 2739; x_wconf 84' lang='lat' dir='ltr'><strong>CAP.</strong></span> <span class='ocrx_word' id='word_1_383' title='bbox 1403 2680 1513 2736; x_wconf 78' lang='lat' dir='ltr'><strong>VII.</strong></span> 
     </span>
    </p>
   </div>
   <div class='ocr_carea' id='block_1_50' title="bbox 662 2764 2160 2843">
    <p class='ocr_par' dir='ltr' id='par_1_50' title="bbox 662 2764 2160 2843">
     <span class='ocr_line' id='line_1_50' title="bbox 662 2764 2160 2843; baseline -0.011 -10"><span class='ocrx_word' id='word_1_384' title='bbox 662 2778 826 2832; x_wconf 68' lang='lat' dir='ltr'><strong>Vens.</strong></span> <span class='ocrx_word' id='word_1_385' title='bbox 853 2776 965 2830; x_wconf 79' lang='lat' dir='ltr'><strong>~l-5.</strong></span> <span class='ocrx_word' id='word_1_386' title='bbox 994 2773 1057 2828; x_wconf 84' lang='lat' dir='ltr'><strong>Et</strong></span> <span class='ocrx_word' id='word_1_387' title='bbox 1093 2774 1286 2843; x_wconf 77' lang='lat' dir='ltr'><strong>factum</strong></span> <span class='ocrx_word' id='word_1_388' title='bbox 1309 2784 1380 2826; x_wconf 74' lang='lat' dir='ltr'><strong>est</strong></span> <span class='ocrx_word' id='word_1_389' title='bbox 1405 2774 1459 2825; x_wconf 82' lang='lat' dir='ltr'><strong>in</strong></span> <span class='ocrx_word' id='word_1_390' title='bbox 1495 2781 1680 2839; x_wconf 86' lang='lat' dir='ltr'><strong>quarto</strong></span> <span class='ocrx_word' id='word_1_391' title='bbox 1697 2784 1857 2832; x_wconf 81' lang='lat' dir='ltr'><strong>anno,</strong></span> <span class='ocrx_word' id='word_1_392' title='bbox 1873 2766 1966 2820; x_wconf 75' lang='lat' dir='ltr'><strong>sub</strong></span> <span class='ocrx_word' id='word_1_393' title='bbox 1997 2764 2160 2817; x_wconf 84' lang='lat' dir='ltr'><strong>Dario</strong></span> 
     </span>
    </p>
   </div>
   <div class='ocr_carea' id='block_1_51' title="bbox 594 2857 2160 2936">
    <p class='ocr_par' dir='ltr' id='par_1_51' title="bbox 594 2857 2160 2936">
     <span class='ocr_line' id='line_1_51' title="bbox 594 2857 2160 2936; baseline -0.011 -13"><span class='ocrx_word' id='word_1_394' title='bbox 594 2885 733 2936; x_wconf 79' lang='lat' dir='ltr'><strong>rege,</strong></span> <span class='ocrx_word' id='word_1_395' title='bbox 756 2868 927 2933; x_wconf 80' lang='lat' dir='ltr'><strong>[actus</strong></span> <span class='ocrx_word' id='word_1_396' title='bbox 954 2874 1028 2917; x_wconf 80' lang='lat' dir='ltr'><strong>est</strong></span> <span class='ocrx_word' id='word_1_397' title='bbox 1059 2880 1228 2917; x_wconf 83' lang='lat' dir='ltr'><strong>sermo</strong></span> <span class='ocrx_word' id='word_1_398' title='bbox 1257 2862 1465 2916; x_wconf 80' lang='lat' dir='ltr'><strong>Domini</strong></span> <span class='ocrx_word' id='word_1_399' title='bbox 1501 2862 1568 2913; x_wconf 79' lang='lat' dir='ltr'><strong>ad</strong></span> <span class='ocrx_word' id='word_1_400' title='bbox 1595 2857 1913 2912; x_wconf 79' lang='lat' dir='ltr'><strong>Zachariam</strong></span> <span class='ocrx_word' id='word_1_401' title='bbox 1965 2862 2160 2923; x_wconf 80' lang='lat' dir='ltr'><strong>quarta</strong></span> 
     </span>
    </p>
   </div>
   <div class='ocr_carea' id='block_1_52' title="bbox 594 2944 2161 3026">
    <p class='ocr_par' dir='ltr' id='par_1_52' title="bbox 594 2944 2161 3026">
     <span class='ocr_line' id='line_1_52' title="bbox 594 2944 2161 3026; baseline -0.013 -9"><span class='ocrx_word' id='word_1_402' title='bbox 594 2961 785 3018; x_wconf 81' lang='lat' dir='ltr'><strong>mensis</strong></span> <span class='ocrx_word' id='word_1_403' title='bbox 809 2960 953 3022; x_wconf 81' lang='lat' dir='ltr'><strong>noni,</strong></span> <span class='ocrx_word' id='word_1_404' title='bbox 981 2959 1157 3026; x_wconf 77' lang='lat' dir='ltr'><strong>quiest</strong></span> <span class='ocrx_word' id='word_1_405' title='bbox 1184 2955 1428 3010; x_wconf 77' lang='lat' dir='ltr'><strong>Chusleu.</strong></span> <span class='ocrx_word' id='word_1_406' title='bbox 1457 2951 1521 3005; x_wconf 86' lang='lat' dir='ltr'><strong>Et</strong></span> <span class='ocrx_word' id='word_1_407' title='bbox 1544 2953 1684 3004; x_wconf 80' lang='lat' dir='ltr'><strong>misit</strong></span> <span class='ocrx_word' id='word_1_408' title='bbox 1714 2951 1767 3003; x_wconf 86' lang='lat' dir='ltr'><strong>in</strong></span> <span class='ocrx_word' id='word_1_409' title='bbox 1798 2947 1976 3002; x_wconf 78' lang='lat' dir='ltr'><strong>Betltel</strong></span> <span class='ocrx_word' id='word_1_410' title='bbox 1997 2944 2161 3000; x_wconf 87' lang='lat' dir='ltr'><strong>Sara-</strong></span> 
     </span>
    </p>
   </div>
   <div class='ocr_carea' id='block_1_53' title="bbox 596 3034 2164 3113">
    <p class='ocr_par' dir='ltr' id='par_1_53' title="bbox 596 3034 2164 3113">
     <span class='ocr_line' id='line_1_53' title="bbox 596 3034 2164 3113; baseline -0.012 -8"><span class='ocrx_word' id='word_1_411' title='bbox 596 3067 704 3113; x_wconf 86' lang='lat' dir='ltr'><strong>sar,</strong></span> <span class='ocrx_word' id='word_1_412' title='bbox 729 3059 777 3103; x_wconf 82' lang='lat' dir='ltr'><strong>et</strong></span> <span class='ocrx_word' id='word_1_413' title='bbox 805 3048 1023 3102; x_wconf 78' lang='lat' dir='ltr'><strong>Arseber</strong></span> <span class='ocrx_word' id='word_1_414' title='bbox 1047 3062 1139 3100; x_wconf 70' lang='lat' dir='ltr'><strong>res:</strong></span> <span class='ocrx_word' id='word_1_415' title='bbox 1160 3057 1207 3099; x_wconf 86' lang='lat' dir='ltr'><strong>et</strong></span> <span class='ocrx_word' id='word_1_416' title='bbox 1230 3045 1325 3098; x_wconf 69' lang='lat' dir='ltr'><strong>tiri</strong></span> <span class='ocrx_word' id='word_1_417' title='bbox 1350 3044 1487 3112; x_wconf 82' lang='lat' dir='ltr'><strong>ejus,</strong></span> <span class='ocrx_word' id='word_1_418' title='bbox 1519 3050 1574 3095; x_wconf 84' lang='lat' dir='ltr'><strong>ut</strong></span> <span class='ocrx_word' id='word_1_419' title='bbox 1613 3040 1955 3109; x_wconf 80' lang='lat' dir='ltr'><strong>propitiarent</strong></span> <span class='ocrx_word' id='word_1_420' title='bbox 1989 3034 2164 3089; x_wconf 87' lang='lat' dir='ltr'><strong>Domi-</strong></span> 
     </span>
    </p>
   </div>
   <div class='ocr_carea' id='block_1_54' title="bbox 596 3130 2165 3212">
    <p class='ocr_par' dir='ltr' id='par_1_54' title="bbox 596 3130 2165 3212">
     <span class='ocr_line' id='line_1_54' title="bbox 596 3130 2165 3212; baseline -0.012 -15"><span class='ocrx_word' id='word_1_421' title='bbox 596 3159 742 3207; x_wconf 79' lang='lat' dir='ltr'><strong>num,</strong></span> <span class='ocrx_word' id='word_1_422' title='bbox 778 3140 991 3212; x_wconf 82' lang='lat' dir='ltr'><strong>loquens</strong></span> <span class='ocrx_word' id='word_1_423' title='bbox 1024 3141 1091 3191; x_wconf 83' lang='lat' dir='ltr'><strong>ad</strong></span> <span class='ocrx_word' id='word_1_424' title='bbox 1122 3141 1418 3191; x_wconf 71' lang='lat' dir='ltr'><strong>sacerdotes</strong></span> <span class='ocrx_word' id='word_1_425' title='bbox 1442 3139 1531 3203; x_wconf 87' lang='lat' dir='ltr'><strong>qui</strong></span> <span class='ocrx_word' id='word_1_426' title='bbox 1553 3136 1605 3186; x_wconf 85' lang='lat' dir='ltr'><strong>in</strong></span> <span class='ocrx_word' id='word_1_427' title='bbox 1638 3137 1792 3184; x_wconf 86' lang='lat' dir='ltr'><strong>domo</strong></span> <span class='ocrx_word' id='word_1_428' title='bbox 1817 3130 2028 3183; x_wconf 79' lang='lat' dir='ltr'><strong>Domini</strong></span> <span class='ocrx_word' id='word_1_429' title='bbox 2058 3143 2165 3180; x_wconf 90' lang='lat' dir='ltr'><strong>om-</strong></span> 
     </span>
    </p>
   </div>
   <div class='ocr_carea' id='block_1_55' title="bbox 598 3216 2163 3298">
    <p class='ocr_par' dir='ltr' id='par_1_55' title="bbox 598 3216 2163 3298">
     <span class='ocr_line' id='line_1_55' title="bbox 598 3216 2163 3298; baseline -0.011 -14"><span class='ocrx_word' id='word_1_430' title='bbox 598 3234 896 3298; x_wconf 77' lang='lat' dir='ltr'><strong>nipotentis,</strong></span> <span class='ocrx_word' id='word_1_431' title='bbox 917 3240 962 3283; x_wconf 87' lang='lat' dir='ltr'><strong>et</strong></span> <span class='ocrx_word' id='word_1_432' title='bbox 996 3230 1064 3280; x_wconf 82' lang='lat' dir='ltr'><strong>ad</strong></span> <span class='ocrx_word' id='word_1_433' title='bbox 1088 3230 1387 3295; x_wconf 80' lang='lat' dir='ltr'><strong>prophetas,</strong></span> <span class='ocrx_word' id='word_1_434' title='bbox 1411 3226 1627 3279; x_wconf 81' lang='lat' dir='ltr'><strong>dicens:</strong></span> <span class='ocrx_word' id='word_1_435' title='bbox 1664 3220 1910 3290; x_wconf 77' lang='lat' dir='ltr'><strong>Ingresso</strong></span> <span class='ocrx_word' id='word_1_436' title='bbox 1956 3230 2029 3271; x_wconf 78' lang='lat' dir='ltr'><strong>est</strong></span> <span class='ocrx_word' id='word_1_437' title='bbox 2063 3216 2163 3268; x_wconf 86' lang='lat' dir='ltr'><strong>huc</strong></span> 
     </span>
    </p>
   </div>
   <div class='ocr_carea' id='block_1_56' title="bbox 597 3312 2165 3390">
    <p class='ocr_par' dir='ltr' id='par_1_56' title="bbox 597 3312 2165 3390">
     <span class='ocr_line' id='line_1_56' title="bbox 597 3312 2165 3390; baseline -0.008 -16"><span class='ocrx_word' id='word_1_438' title='bbox 597 3324 651 3375; x_wconf 84' lang='lat' dir='ltr'><strong>in</strong></span> <span class='ocrx_word' id='word_1_439' title='bbox 683 3324 863 3390; x_wconf 85' lang='lat' dir='ltr'><strong>quinto</strong></span> <span class='ocrx_word' id='word_1_440' title='bbox 899 3336 1070 3372; x_wconf 80' lang='lat' dir='ltr'><strong>mense</strong></span> <span class='ocrx_word' id='word_1_441' title='bbox 1123 3320 1493 3386; x_wconf 74' lang='lat' dir='ltr'><strong>sanctiﬁcatio,</strong></span> <span class='ocrx_word' id='word_1_442' title='bbox 1528 3315 1684 3384; x_wconf 75' lang='lat' dir='ltr'><strong>juxta</strong></span> <span class='ocrx_word' id='word_1_443' title='bbox 1727 3314 1864 3383; x_wconf 84' lang='lat' dir='ltr'><strong>quod</strong></span> <span class='ocrx_word' id='word_1_444' title='bbox 1931 3312 2165 3381; x_wconf 76' lang='lat' dir='ltr'><strong>fecerunt</strong></span> 
     </span>
    </p>
   </div>
   <div class='ocr_carea' id='block_1_57' title="bbox 592 3411 1166 3484">
    <p class='ocr_par' dir='ltr' id='par_1_57' title="bbox 592 3411 1166 3484">
     <span class='ocr_line' id='line_1_57' title="bbox 592 3411 1166 3484; baseline -0.009 -18"><span class='ocrx_word' id='word_1_445' title='bbox 592 3413 707 3484; x_wconf 78' lang='lat' dir='ltr'><strong>jam</strong></span> <span class='ocrx_word' id='word_1_446' title='bbox 732 3412 965 3478; x_wconf 75' lang='lat' dir='ltr'><strong>pluribus</strong></span> <span class='ocrx_word' id='word_1_447' title='bbox 994 3411 1166 3461; x_wconf 85' lang='lat' dir='ltr'><strong>annis.</strong></span> 
     </span>
    </p>
   </div>
   <div class='ocr_carea' id='block_1_58' title="bbox 672 3683 2170 3749">
    <p class='ocr_par' dir='ltr' id='par_1_58' title="bbox 672 3683 2170 3749">
     <span class='ocr_line' id='line_1_58' title="bbox 672 3683 2170 3749; baseline -0.008 -2"><span class='ocrx_word' id='word_1_448' title='bbox 672 3692 913 3749; x_wconf 77' lang='lat' dir='ltr'><strong>XXXIV.</strong></span> <span class='ocrx_word' id='word_1_449' title='bbox 938 3692 1065 3747; x_wconf 79' lang='lat' dir='ltr'><strong>Post</strong></span> <span class='ocrx_word' id='word_1_450' title='bbox 1095 3691 1459 3745; x_wconf 76' lang='lat' dir='ltr'><strong>OSIensionem</strong></span> <span class='ocrx_word' id='word_1_451' title='bbox 1526 3686 1791 3741; x_wconf 81' lang='lat' dir='ltr'><strong>visionum</strong></span> <span class='ocrx_word' id='word_1_452' title='bbox 1841 3684 2005 3739; x_wconf 83' lang='lat' dir='ltr'><strong>verba</strong></span> <span class='ocrx_word' id='word_1_453' title='bbox 2065 3683 2170 3736; x_wconf 84' lang='lat' dir='ltr'><strong>alia</strong></span> 
     </span>
    </p>
   </div>
   <div class='ocr_carea' id='block_1_59' title="bbox 599 3778 2172 3847">
    <p class='ocr_par' dir='ltr' id='par_1_59' title="bbox 599 3778 2172 3847">
     <span class='ocr_line' id='line_1_59' title="bbox 599 3778 2172 3847; baseline -0.009 -4"><span class='ocrx_word' id='word_1_454' title='bbox 599 3803 629 3843; x_wconf 86' lang='lat' dir='ltr'><strong>a</strong></span> <span class='ocrx_word' id='word_1_455' title='bbox 667 3787 772 3842; x_wconf 81' lang='lat' dir='ltr'><strong>Deo</strong></span> <span class='ocrx_word' id='word_1_456' title='bbox 813 3787 948 3840; x_wconf 78' lang='lat' dir='ltr'><strong>facta</strong></span> <span class='ocrx_word' id='word_1_457' title='bbox 968 3796 1113 3847; x_wconf 88' lang='lat' dir='ltr'><strong>sunt,</strong></span> <span class='ocrx_word' id='word_1_458' title='bbox 1172 3783 1317 3837; x_wconf 84' lang='lat' dir='ltr'><strong>brevi</strong></span> <span class='ocrx_word' id='word_1_459' title='bbox 1372 3791 1611 3847; x_wconf 88' lang='lat' dir='ltr'><strong>tempore</strong></span> <span class='ocrx_word' id='word_1_460' title='bbox 1672 3778 1987 3845; x_wconf 87' lang='lat' dir='ltr'><strong>interlapso.</strong></span> <span class='ocrx_word' id='word_1_461' title='bbox 2034 3779 2172 3829; x_wconf 86' lang='lat' dir='ltr'><strong>Ante</strong></span> 
     </span>
    </p>
   </div>
   <div class='ocr_carea' id='block_1_60' title="bbox 600 3867 2171 3940">
    <p class='ocr_par' dir='ltr' id='par_1_60' title="bbox 600 3867 2171 3940">
     <span class='ocr_line' id='line_1_60' title="bbox 600 3867 2171 3940; baseline -0.006 -9"><span class='ocrx_word' id='word_1_462' title='bbox 600 3880 836 3932; x_wconf 88' lang='lat' dir='ltr'><strong>visiones</strong></span> <span class='ocrx_word' id='word_1_463' title='bbox 872 3879 1014 3929; x_wconf 89' lang='lat' dir='ltr'><strong>enim</strong></span> <span class='ocrx_word' id='word_1_464' title='bbox 1048 3876 1304 3940; x_wconf 87' lang='lat' dir='ltr'><strong>scriptum</strong></span> <span class='ocrx_word' id='word_1_465' title='bbox 1332 3882 1413 3925; x_wconf 85' lang='lat' dir='ltr'><strong>est</strong></span> <span class='ocrx_word' id='word_1_466' title='bbox 1445 3886 1459 3923; x_wconf 88' lang='lat'>:</span> <span class='ocrx_word' id='word_1_467' title='bbox 1514 3888 1532 3919; x_wconf 81' lang='grc' dir='ltr'><strong>ι</strong></span> <span class='ocrx_word' id='word_1_468' title='bbox 1569 3868 1623 3921; x_wconf 89' lang='lat' dir='ltr'><strong>lu</strong></span> <span class='ocrx_word' id='word_1_469' title='bbox 1652 3876 1845 3935; x_wconf 85' lang='lat' dir='ltr'><strong>quarta</strong></span> <span class='ocrx_word' id='word_1_470' title='bbox 1898 3878 1950 3920; x_wconf 88' lang='lat' dir='ltr'><strong>et</strong></span> <span class='ocrx_word' id='word_1_471' title='bbox 1977 3867 2171 3921; x_wconf 84' lang='lat' dir='ltr'><strong>vicesi-</strong></span> 
     </span>
    </p>
   </div>
   <div class='ocr_carea' id='block_1_61' title="bbox 602 3958 2172 4027">
    <p class='ocr_par' dir='ltr' id='par_1_61' title="bbox 602 3958 2172 4027">
     <span class='ocr_line' id='line_1_61' title="bbox 602 3958 2172 4027; baseline -0.008 -4"><span class='ocrx_word' id='word_1_472' title='bbox 602 3983 689 4024; x_wconf 88' lang='lat' dir='ltr'><strong>ma</strong></span> <span class='ocrx_word' id='word_1_473' title='bbox 722 3966 987 4019; x_wconf 84' lang='lat' dir='ltr'><strong>undecimi</strong></span> <span class='ocrx_word' id='word_1_474' title='bbox 1020 3964 1240 4023; x_wconf 86' lang='lat' dir='ltr'><strong>mensis,</strong></span> <span class='ocrx_word' id='word_1_475' title='bbox 1268 3962 1358 4027; x_wconf 81' lang='lat' dir='ltr'><strong>qui</strong></span> <span class='ocrx_word' id='word_1_476' title='bbox 1387 3970 1470 4013; x_wconf 86' lang='lat' dir='ltr'><strong>est</strong></span> <span class='ocrx_word' id='word_1_477' title='bbox 1535 3960 1737 4011; x_wconf 81' lang='lat' dir='ltr'><strong>mensis</strong></span> <span class='ocrx_word' id='word_1_478' title='bbox 1784 3958 1974 4023; x_wconf 86' lang='lat' dir='ltr'><strong>Sabat,</strong></span> <span class='ocrx_word' id='word_1_479' title='bbox 2031 3972 2172 4011; x_wconf 89' lang='lat' dir='ltr'><strong>anno</strong></span> 
     </span>
    </p>
   </div>
   <div class='ocr_carea' id='block_1_62' title="bbox 598 4048 2174 4115">
    <p class='ocr_par' dir='ltr' id='par_1_62' title="bbox 598 4048 2174 4115">
     <span class='ocr_line' id='line_1_62' title="bbox 598 4048 2174 4115; baseline -0.008 -2"><span class='ocrx_word' id='word_1_480' title='bbox 598 4057 839 4113; x_wconf 84' lang='lat' dir='ltr'><strong>secundo</strong></span> <span class='ocrx_word' id='word_1_481' title='bbox 874 4056 1036 4115; x_wconf 89' lang='lat' dir='ltr'><strong>Darii,</strong></span> <span class='ocrx_word' id='word_1_482' title='bbox 1078 4055 1278 4105; x_wconf 82' lang='lat' dir='ltr'><strong>factum</strong></span> <span class='ocrx_word' id='word_1_483' title='bbox 1312 4062 1393 4105; x_wconf 90' lang='lat' dir='ltr'><strong>est</strong></span> <span class='ocrx_word' id='word_1_484' title='bbox 1433 4052 1653 4103; x_wconf 83' lang='lat' dir='ltr'><strong>verbum</strong></span> <span class='ocrx_word' id='word_1_485' title='bbox 1688 4048 1897 4102; x_wconf 86' lang='lat' dir='ltr'><strong>Domini</strong></span> <span class='ocrx_word' id='word_1_486' title='bbox 1954 4050 2019 4102; x_wconf 89' lang='lat' dir='ltr'><strong>ad</strong></span> <span class='ocrx_word' id='word_1_487' title='bbox 2069 4049 2174 4102; x_wconf 85' lang='lat' dir='ltr'><strong>Za-</strong></span> 
     </span>
    </p>
   </div>
   <div class='ocr_carea' id='block_1_63' title="bbox 602 4140 2172 4211">
    <p class='ocr_par' dir='ltr' id='par_1_63' title="bbox 602 4140 2172 4211">
     <span class='ocr_line' id='line_1_63' title="bbox 602 4140 2172 4211; baseline -0.009 -6"><span class='ocrx_word' id='word_1_488' title='bbox 602 4147 842 4205; x_wconf 84' lang='lat' dir='ltr'><strong>chariam</strong></span> <span class='ocrx_word' id='word_1_489' title='bbox 867 4146 1033 4199; x_wconf 84' lang='lat' dir='ltr'><strong>tilium</strong></span> <span class='ocrx_word' id='word_1_490' title='bbox 1070 4142 1363 4203; x_wconf 67' lang='lat' dir='ltr'><strong>Barachiaz,</strong></span> <span class='ocrx_word' id='word_1_491' title='bbox 1393 4141 1555 4195; x_wconf 82' lang='lat' dir='ltr'><strong>lilium</strong></span> <span class='ocrx_word' id='word_1_492' title='bbox 1584 4140 1734 4194; x_wconf 83' lang='lat' dir='ltr'><strong>Addo</strong></span> <span class='ocrx_word' id='word_1_493' title='bbox 1762 4141 2053 4211; x_wconf 59' lang='lat' dir='ltr'><strong>propheta),</strong></span> <span class='ocrx_word' id='word_1_494' title='bbox 2087 4140 2172 4192; x_wconf 89' lang='lat' dir='ltr'><strong>di-</strong></span> 
     </span>
    </p>
   </div>
   <div class='ocr_carea' id='block_1_64' title="bbox 2873 2679 3241 2738">
    <p class='ocr_par' dir='ltr' id='par_1_64' title="bbox 2873 2679 3241 2738">
     <span class='ocr_line' id='line_1_64' title="bbox 2873 2679 3241 2738; baseline 0.019 -7"><span class='ocrx_word' id='word_1_495' title='bbox 2873 2679 3127 2736; x_wconf 79' lang='grc' dir='ltr'><strong>ΚΕΦΑΛ.</strong></span> <span class='ocrx_word' id='word_1_496' title='bbox 3169 2684 3241 2738; x_wconf 90' lang='lat' dir='ltr'><strong>Z&#39;.</strong></span> 
     </span>
    </p>
   </div>
   <div class='ocr_carea' id='block_1_65' title="bbox 2338 2766 3847 2847">
    <p class='ocr_par' dir='ltr' id='par_1_65' title="bbox 2338 2766 3847 2847">
     <span class='ocr_line' id='line_1_65' title="bbox 2338 2766 3847 2847; baseline 0.011 -28"><span class='ocrx_word' id='word_1_497' title='bbox 2338 2766 2448 2819; x_wconf 74' lang='grc' dir='ltr'><strong>Καὶ</strong></span> <span class='ocrx_word' id='word_1_498' title='bbox 2483 2767 2719 2837; x_wconf 75' lang='grc' dir='ltr'>ἐγένετο</span> <span class='ocrx_word' id='word_1_499' title='bbox 2742 2770 2820 2823; x_wconf 82' lang='grc' dir='ltr'>ἐν</span> <span class='ocrx_word' id='word_1_500' title='bbox 2862 2771 2943 2836; x_wconf 83' lang='grc' dir='ltr'>τῷ</span> <span class='ocrx_word' id='word_1_501' title='bbox 2988 2772 3240 2841; x_wconf 78' lang='grc' dir='ltr'>τετάρτῳ</span> <span class='ocrx_word' id='word_1_502' title='bbox 3288 2773 3428 2838; x_wconf 79' lang='grc' dir='ltr'>ἔτει,</span> <span class='ocrx_word' id='word_1_503' title='bbox 3461 2775 3560 2830; x_wconf 81' lang='grc' dir='ltr'>ἐπί</span> <span class='ocrx_word' id='word_1_504' title='bbox 3600 2780 3847 2847; x_wconf 79' lang='grc' dir='ltr'>Δαρείου</span> 
     </span>
    </p>
   </div>
   <div class='ocr_carea' id='block_1_66' title="bbox 2266 2854 3849 2940">
    <p class='ocr_par' dir='ltr' id='par_1_66' title="bbox 2266 2854 3849 2940">
     <span class='ocr_line' id='line_1_66' title="bbox 2266 2854 3849 2940; baseline 0.012 -33"><span class='ocrx_word' id='word_1_505' title='bbox 2266 2854 2373 2908; x_wconf 81' lang='grc' dir='ltr'><strong>τοῦ</strong></span> <span class='ocrx_word' id='word_1_506' title='bbox 2398 2856 2724 2924; x_wconf 79' lang='grc' dir='ltr'>βασιλέως,</span> <span class='ocrx_word' id='word_1_507' title='bbox 2755 2860 2992 2927; x_wconf 80' lang='grc' dir='ltr'>ἐγένετο</span> <span class='ocrx_word' id='word_1_508' title='bbox 3018 2864 3200 2933; x_wconf 77' lang='grc' dir='ltr'>λόγος</span> <span class='ocrx_word' id='word_1_509' title='bbox 3229 2864 3454 2933; x_wconf 79' lang='grc' dir='ltr'>Κυρίου</span> <span class='ocrx_word' id='word_1_510' title='bbox 3483 2869 3633 2936; x_wconf 79' lang='grc' dir='ltr'>πρὸς</span> <span class='ocrx_word' id='word_1_511' title='bbox 3656 2873 3849 2940; x_wconf 83' lang='grc' dir='ltr'>Ζαχα-</span> 
     </span>
    </p>
   </div>
   <div class='ocr_carea' id='block_1_67' title="bbox 2259 2946 3849 3028">
    <p class='ocr_par' dir='ltr' id='par_1_67' title="bbox 2259 2946 3849 3028">
     <span class='ocr_line' id='line_1_67' title="bbox 2259 2946 3849 3028; baseline 0.014 -32"><span class='ocrx_word' id='word_1_512' title='bbox 2259 2946 2403 3013; x_wconf 84' lang='grc' dir='ltr'>ρίαν</span> <span class='ocrx_word' id='word_1_513' title='bbox 2452 2946 2683 3014; x_wconf 82' lang='grc' dir='ltr'>τετράδι</span> <span class='ocrx_word' id='word_1_514' title='bbox 2735 2951 2840 3004; x_wconf 84' lang='grc' dir='ltr'><strong>τοῦ</strong></span> <span class='ocrx_word' id='word_1_515' title='bbox 2883 2952 3077 3020; x_wconf 79' lang='grc' dir='ltr'>μηνὸς</span> <span class='ocrx_word' id='word_1_516' title='bbox 3130 2956 3235 3009; x_wconf 86' lang='grc' dir='ltr'><strong>τοῦ</strong></span> <span class='ocrx_word' id='word_1_517' title='bbox 3294 2959 3570 3026; x_wconf 85' lang='grc' dir='ltr'>ἐννάτου,</span> <span class='ocrx_word' id='word_1_518' title='bbox 3611 2961 3679 3028; x_wconf 85' lang='grc' dir='ltr'>ὅς</span> <span class='ocrx_word' id='word_1_519' title='bbox 3715 2965 3849 3019; x_wconf 77' lang='grc' dir='ltr'>ἐστι</span> 
     </span>
    </p>
   </div>
   <div class='ocr_carea' id='block_1_68' title="bbox 2267 3036 3843 3122">
    <p class='ocr_par' dir='ltr' id='par_1_68' title="bbox 2267 3036 3843 3122">
     <span class='ocr_line' id='line_1_68' title="bbox 2267 3036 3843 3122; baseline 0.014 -36"><span class='ocrx_word' id='word_1_520' title='bbox 2267 3036 2530 3090; x_wconf 83' lang='grc' dir='ltr'>Χασλεῦ.</span> <span class='ocrx_word' id='word_1_521' title='bbox 2566 3039 2676 3091; x_wconf 83' lang='grc' dir='ltr'><strong>Καὶ</strong></span> <span class='ocrx_word' id='word_1_522' title='bbox 2705 3039 3137 3104; x_wconf 78' lang='grc' dir='ltr'>ἐξαπέστειλεν</span> <span class='ocrx_word' id='word_1_523' title='bbox 3167 3048 3253 3110; x_wconf 85' lang='grc' dir='ltr'><strong>είς</strong></span> <span class='ocrx_word' id='word_1_524' title='bbox 3282 3050 3509 3116; x_wconf 72' lang='grc' dir='ltr'>Βαιθὶιλ</span> <span class='ocrx_word' id='word_1_525' title='bbox 3543 3055 3843 3122; x_wconf 84' lang='grc' dir='ltr'>Σαρασὰρ,</span> 
     </span>
    </p>
   </div>
   <div class='ocr_carea' id='block_1_69' title="bbox 2270 3128 3846 3211">
    <p class='ocr_par' dir='ltr' id='par_1_69' title="bbox 2270 3128 3846 3211">
     <span class='ocr_line' id='line_1_69' title="bbox 2270 3128 3846 3211; baseline 0.013 -31"><span class='ocrx_word' id='word_1_526' title='bbox 2270 3128 2367 3181; x_wconf 78' lang='grc' dir='ltr'><strong>καί</strong></span> <span class='ocrx_word' id='word_1_527' title='bbox 2413 3129 2681 3198; x_wconf 78' lang='grc' dir='ltr'>Ἀρσεϐὲρ</span> <span class='ocrx_word' id='word_1_528' title='bbox 2728 3136 2761 3185; x_wconf 84' lang='grc' dir='ltr'><strong>ό</strong></span> <span class='ocrx_word' id='word_1_529' title='bbox 2802 3135 3123 3202; x_wconf 78' lang='grc' dir='ltr'>βασιλεὺς,</span> <span class='ocrx_word' id='word_1_530' title='bbox 3152 3140 3251 3191; x_wconf 76' lang='grc' dir='ltr'><strong>καί</strong></span> <span class='ocrx_word' id='word_1_531' title='bbox 3298 3144 3351 3193; x_wconf 80' lang='grc' dir='ltr'>οἱ</span> <span class='ocrx_word' id='word_1_532' title='bbox 3391 3142 3605 3210; x_wconf 79' lang='grc' dir='ltr'>ἄνδρες</span> <span class='ocrx_word' id='word_1_533' title='bbox 3656 3147 3846 3211; x_wconf 75' lang='grc' dir='ltr'>αὐτοῦ</span> 
     </span>
    </p>
   </div>
   <div class='ocr_carea' id='block_1_70' title="bbox 2265 3220 3850 3304">
    <p class='ocr_par' dir='ltr' id='par_1_70' title="bbox 2265 3220 3850 3304">
     <span class='ocr_line' id='line_1_70' title="bbox 2265 3220 3850 3304; baseline 0.011 -31"><span class='ocrx_word' id='word_1_534' title='bbox 2265 3220 2663 3285; x_wconf 81' lang='grc' dir='ltr'>ἐξιλάσασθαι</span> <span class='ocrx_word' id='word_1_535' title='bbox 2691 3224 2797 3276; x_wconf 85' lang='grc' dir='ltr'>τὸν</span> <span class='ocrx_word' id='word_1_536' title='bbox 2833 3228 3069 3295; x_wconf 83' lang='grc' dir='ltr'>Κύριον,</span> <span class='ocrx_word' id='word_1_537' title='bbox 3103 3230 3295 3299; x_wconf 78' lang='grc' dir='ltr'>λέγων</span> <span class='ocrx_word' id='word_1_538' title='bbox 3325 3234 3472 3300; x_wconf 78' lang='grc' dir='ltr'>πρὸς</span> <span class='ocrx_word' id='word_1_539' title='bbox 3502 3235 3643 3300; x_wconf 87' lang='grc' dir='ltr'>τοὺς</span> <span class='ocrx_word' id='word_1_540' title='bbox 3672 3237 3850 3304; x_wconf 74' lang='grc' dir='ltr'>ἱερεῖς</span> 
     </span>
    </p>
   </div>
   <div class='ocr_carea' id='block_1_71' title="bbox 2268 3311 3850 3391">
    <p class='ocr_par' dir='ltr' id='par_1_71' title="bbox 2268 3311 3850 3391">
     <span class='ocr_line' id='line_1_71' title="bbox 2268 3311 3850 3391; baseline 0.008 -27"><span class='ocrx_word' id='word_1_541' title='bbox 2268 3311 2409 3376; x_wconf 81' lang='grc' dir='ltr'>τοὺς</span> <span class='ocrx_word' id='word_1_542' title='bbox 2435 3311 2504 3365; x_wconf 83' lang='grc' dir='ltr'>ἐν</span> <span class='ocrx_word' id='word_1_543' title='bbox 2530 3311 2611 3377; x_wconf 86' lang='grc' dir='ltr'>τῷ</span> <span class='ocrx_word' id='word_1_544' title='bbox 2636 3314 2780 3380; x_wconf 79' lang='grc' dir='ltr'>οἴκῳ</span> <span class='ocrx_word' id='word_1_545' title='bbox 2810 3318 3028 3382; x_wconf 80' lang='grc' dir='ltr'>Κυρίου</span> <span class='ocrx_word' id='word_1_546' title='bbox 3058 3319 3554 3387; x_wconf 83' lang='grc' dir='ltr'>παντοκράτορος,</span> <span class='ocrx_word' id='word_1_547' title='bbox 3571 3323 3665 3375; x_wconf 82' lang='grc' dir='ltr'><strong>καί</strong></span> <span class='ocrx_word' id='word_1_548' title='bbox 3697 3324 3850 3391; x_wconf 80' lang='grc' dir='ltr'>πρὸς</span> 
     </span>
    </p>
   </div>
   <div class='ocr_carea' id='block_1_72' title="bbox 2266 3401 3851 3481">
    <p class='ocr_par' dir='ltr' id='par_1_72' title="bbox 2266 3401 3851 3481">
     <span class='ocr_line' id='line_1_72' title="bbox 2266 3401 3851 3481; baseline 0.008 -28"><span class='ocrx_word' id='word_1_549' title='bbox 2266 3401 2410 3467; x_wconf 80' lang='grc' dir='ltr'>τοὺς</span> <span class='ocrx_word' id='word_1_550' title='bbox 2447 3403 2777 3471; x_wconf 69' lang='grc' dir='ltr'>προφήτας,</span> <span class='ocrx_word' id='word_1_551' title='bbox 2817 3406 3011 3475; x_wconf 74' lang='grc' dir='ltr'>λέγων</span> <span class='ocrx_word' id='word_1_552' title='bbox 3033 3424 3044 3437; x_wconf 91' lang='grc'><strong>·</strong></span> <span class='ocrx_word' id='word_1_553' title='bbox 3084 3410 3496 3477; x_wconf 81' lang='grc' dir='ltr'>Είσελήλυθεν</span> <span class='ocrx_word' id='word_1_554' title='bbox 3519 3408 3634 3465; x_wconf 77' lang='grc' dir='ltr'>ὧδε</span> <span class='ocrx_word' id='word_1_555' title='bbox 3664 3413 3735 3465; x_wconf 84' lang='grc' dir='ltr'>ἐν</span> <span class='ocrx_word' id='word_1_556' title='bbox 3767 3412 3851 3481; x_wconf 82' lang='grc' dir='ltr'><strong>τῷ</strong></span> 
     </span>
    </p>
   </div>
   <div class='ocr_carea' id='block_1_73' title="bbox 2268 3492 3857 3572">
    <p class='ocr_par' dir='ltr' id='par_1_73' title="bbox 2268 3492 3857 3572">
     <span class='ocr_line' id='line_1_73' title="bbox 2268 3492 3857 3572; baseline 0.012 -31"><span class='ocrx_word' id='word_1_557' title='bbox 2268 3492 2413 3558; x_wconf 59' lang='lat' dir='ltr'><strong>miri</strong></span> <span class='ocrx_word' id='word_1_558' title='bbox 2460 3493 2540 3556; x_wconf 80' lang='grc' dir='ltr'>τῷ</span> <span class='ocrx_word' id='word_1_559' title='bbox 2578 3494 2825 3562; x_wconf 81' lang='grc' dir='ltr'><strong>πέμπτῳ</strong></span> <span class='ocrx_word' id='word_1_560' title='bbox 2865 3498 2932 3550; x_wconf 86' lang='grc' dir='ltr'><strong>τὸ</strong></span> <span class='ocrx_word' id='word_1_561' title='bbox 2982 3499 3262 3570; x_wconf 78' lang='grc' dir='ltr'>άγίασμα,</span> <span class='ocrx_word' id='word_1_562' title='bbox 3309 3504 3510 3557; x_wconf 81' lang='grc' dir='ltr'>καθότι</span> <span class='ocrx_word' id='word_1_563' title='bbox 3547 3503 3857 3572; x_wconf 83' lang='grc' dir='ltr'>ἐποίησαν</span> 
     </span>
    </p>
   </div>
   <div class='ocr_carea' id='block_1_74' title="bbox 2271 3579 2759 3651">
    <p class='ocr_par' dir='ltr' id='par_1_74' title="bbox 2271 3579 2759 3651">
     <span class='ocr_line' id='line_1_74' title="bbox 2271 3579 2759 3651; baseline 0.01 -21"><span class='ocrx_word' id='word_1_564' title='bbox 2271 3579 2389 3647; x_wconf 82' lang='grc' dir='ltr'>ἤδη</span> <span class='ocrx_word' id='word_1_565' title='bbox 2422 3582 2600 3634; x_wconf 68' lang='grc' dir='ltr'>ἱκανὰ</span> <span class='ocrx_word' id='word_1_566' title='bbox 2631 3583 2759 3651; x_wconf 83' lang='grc' dir='ltr'>ἕτη.</span> 
     </span>
    </p>
   </div>
   <div class='ocr_carea' id='block_1_75' title="bbox 2342 3672 3855 3756">
    <p class='ocr_par' dir='ltr' id='par_1_75' title="bbox 2342 3672 3855 3756">
     <span class='ocr_line' id='line_1_75' title="bbox 2342 3672 3855 3756; baseline 0.012 -34"><span class='ocrx_word' id='word_1_567' title='bbox 2342 3672 2459 3723; x_wconf 87' lang='grc' dir='ltr'><strong>ΛΔ’.</strong></span> <span class='ocrx_word' id='word_1_568' title='bbox 2502 3674 2653 3727; x_wconf 72' lang='grc' dir='ltr'>Μετὰ</span> <span class='ocrx_word' id='word_1_569' title='bbox 2684 3675 2779 3745; x_wconf 80' lang='grc' dir='ltr'>τὴν</span> <span class='ocrx_word' id='word_1_570' title='bbox 2804 3677 2912 3729; x_wconf 85' lang='grc' dir='ltr'><strong>τῶν</strong></span> <span class='ocrx_word' id='word_1_571' title='bbox 2934 3679 3175 3749; x_wconf 83' lang='grc' dir='ltr'>ὁράσεων</span> <span class='ocrx_word' id='word_1_572' title='bbox 3202 3682 3476 3746; x_wconf 83' lang='grc' dir='ltr'>ἀπόδειξιν</span> <span class='ocrx_word' id='word_1_573' title='bbox 3499 3685 3675 3755; x_wconf 77' lang='grc' dir='ltr'>ἕτεροι</span> <span class='ocrx_word' id='word_1_574' title='bbox 3699 3686 3855 3756; x_wconf 75' lang='grc' dir='ltr'>παρὰ</span> 
     </span>
    </p>
   </div>
   <div class='ocr_carea' id='block_1_76' title="bbox 2272 3760 3851 3842">
    <p class='ocr_par' dir='ltr' id='par_1_76' title="bbox 2272 3760 3851 3842">
     <span class='ocr_line' id='line_1_76' title="bbox 2272 3760 3851 3842; baseline 0.011 -30"><span class='ocrx_word' id='word_1_575' title='bbox 2272 3760 2406 3813; x_wconf 81' lang='grc' dir='ltr'>Θεοῦ</span> <span class='ocrx_word' id='word_1_576' title='bbox 2440 3765 2692 3830; x_wconf 84' lang='grc' dir='ltr'>γεγόνασι</span> <span class='ocrx_word' id='word_1_577' title='bbox 2742 3766 2908 3835; x_wconf 82' lang='grc' dir='ltr'>λόγοι,</span> <span class='ocrx_word' id='word_1_578' title='bbox 2945 3769 3141 3838; x_wconf 79' lang='grc' dir='ltr'>μικροῦ</span> <span class='ocrx_word' id='word_1_579' title='bbox 3180 3770 3381 3838; x_wconf 81' lang='grc' dir='ltr'>μεταξὺ</span> <span class='ocrx_word' id='word_1_580' title='bbox 3424 3773 3851 3842; x_wconf 82' lang='grc' dir='ltr'>διιππεύσαντος</span> 
     </span>
    </p>
   </div>
   <div class='ocr_carea' id='block_1_77' title="bbox 2271 3852 3855 3932">
    <p class='ocr_par' dir='ltr' id='par_1_77' title="bbox 2271 3852 3855 3932">
     <span class='ocr_line' id='line_1_77' title="bbox 2271 3852 3855 3932; baseline 0.01 -29"><span class='ocrx_word' id='word_1_581' title='bbox 2271 3852 2487 3921; x_wconf 88' lang='grc' dir='ltr'>χρόνου.</span> <span class='ocrx_word' id='word_1_582' title='bbox 2519 3856 2632 3926; x_wconf 87' lang='grc' dir='ltr'>Πρὸ</span> <span class='ocrx_word' id='word_1_583' title='bbox 2680 3858 2778 3927; x_wconf 81' lang='grc' dir='ltr'><strong>μὲν</strong></span> <span class='ocrx_word' id='word_1_584' title='bbox 2825 3860 2934 3930; x_wconf 81' lang='grc' dir='ltr'>γὰρ</span> <span class='ocrx_word' id='word_1_585' title='bbox 2981 3861 3088 3912; x_wconf 86' lang='grc' dir='ltr'>τῶν</span> <span class='ocrx_word' id='word_1_586' title='bbox 3119 3860 3359 3930; x_wconf 82' lang='grc' dir='ltr'>ὁράσεων</span> <span class='ocrx_word' id='word_1_587' title='bbox 3391 3862 3730 3932; x_wconf 83' lang='grc' dir='ltr'>γέγραπται.</span> <span class='ocrx_word' id='word_1_588' title='bbox 3767 3868 3855 3919; x_wconf 82' lang='grc' dir='ltr'><strong>ὃτι</strong></span> 
     </span>
    </p>
   </div>
   <div class='ocr_carea' id='block_1_78' title="bbox 2278 3944 3853 4025">
    <p class='ocr_par' dir='ltr' id='par_1_78' title="bbox 2278 3944 3853 4025">
     <span class='ocr_line' id='line_1_78' title="bbox 2278 3944 3853 4025; baseline 0.008 -31"><span class='ocrx_word' id='word_1_589' title='bbox 2278 3944 2409 3996; x_wconf 79' lang='grc' dir='ltr'>«Ἐν</span> <span class='ocrx_word' id='word_1_590' title='bbox 2441 3949 2505 4017; x_wconf 83' lang='grc' dir='ltr'>τῇ</span> <span class='ocrx_word' id='word_1_591' title='bbox 2556 3949 2771 4018; x_wconf 83' lang='grc' dir='ltr'>τετράδι</span> <span class='ocrx_word' id='word_1_592' title='bbox 2807 3952 2900 4002; x_wconf 78' lang='grc' dir='ltr'>κα¹ι</span> <span class='ocrx_word' id='word_1_593' title='bbox 2951 3951 3124 4004; x_wconf 78' lang='grc' dir='ltr'>εἰκάδι</span> <span class='ocrx_word' id='word_1_594' title='bbox 3171 3950 3263 4005; x_wconf 82' lang='grc' dir='ltr'><strong>τοῦ</strong></span> <span class='ocrx_word' id='word_1_595' title='bbox 3319 3952 3606 4005; x_wconf 80' lang='grc' dir='ltr'>ἑνδεκάτου</span> <span class='ocrx_word' id='word_1_596' title='bbox 3661 3955 3853 4025; x_wconf 76' lang='grc' dir='ltr'>μηνὸς,</span> 
     </span>
    </p>
   </div>
   <div class='ocr_carea' id='block_1_79' title="bbox 2273 4032 3856 4114">
    <p class='ocr_par' dir='ltr' id='par_1_79' title="bbox 2273 4032 3856 4114">
     <span class='ocr_line' id='line_1_79' title="bbox 2273 4032 3856 4114; baseline 0.004 -24"><span class='ocrx_word' id='word_1_597' title='bbox 2273 4032 2427 4102; x_wconf 73' lang='grc' dir='ltr'>οὗτός</span> <span class='ocrx_word' id='word_1_598' title='bbox 2462 4041 2610 4093; x_wconf 79' lang='grc' dir='ltr'>ἐστιν</span> <span class='ocrx_word' id='word_1_599' title='bbox 2638 4042 2666 4091; x_wconf 91' lang='lat'><strong>6</strong></span> <span class='ocrx_word' id='word_1_600' title='bbox 2701 4040 2806 4111; x_wconf 82' lang='grc' dir='ltr'><strong>μὴν</strong></span> <span class='ocrx_word' id='word_1_601' title='bbox 2842 4044 2869 4093; x_wconf 90' lang='lat'><strong>6</strong></span> <span class='ocrx_word' id='word_1_602' title='bbox 2907 4043 3106 4108; x_wconf 81' lang='grc' dir='ltr'>Σαόὰτ,</span> <span class='ocrx_word' id='word_1_603' title='bbox 3136 4043 3193 4094; x_wconf 83' lang='grc' dir='ltr'>ὲν</span> <span class='ocrx_word' id='word_1_604' title='bbox 3224 4042 3302 4112; x_wconf 88' lang='grc' dir='ltr'>τῷ</span> <span class='ocrx_word' id='word_1_605' title='bbox 3334 4044 3568 4114; x_wconf 82' lang='grc' dir='ltr'>δευτέρῳ</span> <span class='ocrx_word' id='word_1_606' title='bbox 3603 4044 3712 4097; x_wconf 78' lang='grc' dir='ltr'>ἔτει</span> <span class='ocrx_word' id='word_1_607' title='bbox 3749 4049 3856 4097; x_wconf 84' lang='grc' dir='ltr'><strong>Δα-</strong></span> 
     </span>
    </p>
   </div>
   <div class='ocr_carea' id='block_1_80' title="bbox 2277 4130 3852 4205">
    <p class='ocr_par' dir='ltr' id='par_1_80' title="bbox 2277 4130 3852 4205">
     <span class='ocr_line' id='line_1_80' title="bbox 2277 4130 3852 4205; baseline 0.006 -25"><span class='ocrx_word' id='word_1_608' title='bbox 2277 4130 2443 4199; x_wconf 89' lang='grc' dir='ltr'>ρείου,</span> <span class='ocrx_word' id='word_1_609' title='bbox 2478 4131 2692 4198; x_wconf 80' lang='grc' dir='ltr'>ἐγένετο</span> <span class='ocrx_word' id='word_1_610' title='bbox 2729 4132 2887 4199; x_wconf 79' lang='grc' dir='ltr'>λόγος</span> <span class='ocrx_word' id='word_1_611' title='bbox 2916 4136 3119 4204; x_wconf 81' lang='grc' dir='ltr'>Κυρίου</span> <span class='ocrx_word' id='word_1_612' title='bbox 3159 4135 3297 4204; x_wconf 85' lang='grc' dir='ltr'>πρὸς</span> <span class='ocrx_word' id='word_1_613' title='bbox 3328 4136 3604 4205; x_wconf 77' lang='grc' dir='ltr'>Ζαχαρίαν</span> <span class='ocrx_word' id='word_1_614' title='bbox 3633 4138 3723 4188; x_wconf 89' lang='grc' dir='ltr'><strong>τὸν</strong></span> <span class='ocrx_word' id='word_1_615' title='bbox 3755 4137 3852 4190; x_wconf 78' lang='grc' dir='ltr'><strong>τοῦ</strong></span> 
     </span>
    </p>
   </div>
   <div class='ocr_carea' id='block_1_81' title="bbox 602 4216 2159 4297">
    <p class='ocr_par' dir='ltr' id='par_1_81' title="bbox 602 4232 2159 4296">
     <span class='ocr_line' id='line_1_81' title="bbox 602 4232 2159 4296; baseline -0.006 -2"><span class='ocrx_word' id='word_1_616' title='bbox 602 4252 737 4296; x_wconf 83' lang='lat' dir='ltr'><strong>cens</strong></span> <span class='ocrx_word' id='word_1_617' title='bbox 761 4237 830 4291; x_wconf 80' lang='lat'><strong>&#39;°.</strong></span> <span class='ocrx_word' id='word_1_618' title='bbox 873 4254 893 4287; x_wconf 74' lang='grc' dir='ltr'><strong>ι</strong></span> <span class='ocrx_word' id='word_1_619' title='bbox 926 4233 981 4288; x_wconf 92' lang='lat' dir='ltr'><strong>In</strong></span> <span class='ocrx_word' id='word_1_620' title='bbox 1018 4234 1264 4287; x_wconf 74' lang='lat' dir='ltr'><strong>adductis</strong></span> <span class='ocrx_word' id='word_1_621' title='bbox 1290 4243 1468 4287; x_wconf 87' lang='lat' dir='ltr'><strong>autem</strong></span> <span class='ocrx_word' id='word_1_622' title='bbox 1501 4232 1845 4286; x_wconf 86' lang='lat' dir='ltr'><strong>theorematis</strong></span> <span class='ocrx_word' id='word_1_623' title='bbox 1870 4232 2010 4284; x_wconf 83' lang='lat' dir='ltr'><strong>aliud</strong></span> <span class='ocrx_word' id='word_1_624' title='bbox 2036 4242 2159 4285; x_wconf 88' lang='lat' dir='ltr'><strong>tem-</strong></span> 
     </span>
    </p>
   </div>
   <div class='ocr_carea' id='block_1_82' title="bbox 2261 4216 3854 4297">
    <p class='ocr_par' dir='ltr' id='par_1_82' title="bbox 2276 4220 3854 4297">
     <span class='ocr_line' id='line_1_82' title="bbox 2276 4220 3854 4297; baseline 0.006 -27"><span class='ocrx_word' id='word_1_625' title='bbox 2276 4220 2572 4290; x_wconf 75' lang='grc' dir='ltr'>Βαραχίου,</span> <span class='ocrx_word' id='word_1_626' title='bbox 2614 4223 2728 4274; x_wconf 86' lang='grc' dir='ltr'>υίὸν</span> <span class='ocrx_word' id='word_1_627' title='bbox 2757 4223 2923 4275; x_wconf 86' lang='grc' dir='ltr'>Ἀδδὼ</span> <span class='ocrx_word' id='word_1_628' title='bbox 2953 4225 3047 4277; x_wconf 88' lang='grc' dir='ltr'><strong>τοῦ</strong></span> <span class='ocrx_word' id='word_1_629' title='bbox 3074 4227 3373 4297; x_wconf 84' lang='grc' dir='ltr'>προφήτου,</span> <span class='ocrx_word' id='word_1_630' title='bbox 3403 4226 3592 4292; x_wconf 85' lang='grc' dir='ltr'>λέγων.</span> <span class='ocrx_word' id='word_1_631' title='bbox 3626 4246 3642 4278; x_wconf 74' lang='grc' dir='ltr'><strong>ι</strong></span> <span class='ocrx_word' id='word_1_632' title='bbox 3679 4228 3764 4279; x_wconf 87' lang='grc' dir='ltr'>Ἐν</span> <span class='ocrx_word' id='word_1_633' title='bbox 3792 4227 3854 4279; x_wconf 81' lang='grc' dir='ltr'><strong>δέ</strong></span> 
     </span>
    </p>
   </div>
   <div class='ocr_carea' id='block_1_83' title="bbox 606 4312 2159 4397">
    <p class='ocr_par' dir='ltr' id='par_1_83' title="bbox 606 4320 2159 4397">
     <span class='ocr_line' id='line_1_83' title="bbox 606 4320 2159 4397; baseline -0.006 -16"><span class='ocrx_word' id='word_1_634' title='bbox 606 4341 707 4397; x_wconf 86' lang='lat' dir='ltr'><strong>pus</strong></span> <span class='ocrx_word' id='word_1_635' title='bbox 736 4333 853 4393; x_wconf 89' lang='lat' dir='ltr'><strong>post</strong></span> <span class='ocrx_word' id='word_1_636' title='bbox 902 4323 1030 4376; x_wconf 88' lang='lat' dir='ltr'><strong>illud</strong></span> <span class='ocrx_word' id='word_1_637' title='bbox 1078 4321 1421 4391; x_wconf 87' lang='lat' dir='ltr'><strong>exprimitur.</strong></span> <span class='ocrx_word' id='word_1_638' title='bbox 1476 4320 1533 4374; x_wconf 91' lang='lat' dir='ltr'><strong>In</strong></span> <span class='ocrx_word' id='word_1_639' title='bbox 1586 4331 1779 4389; x_wconf 88' lang='lat' dir='ltr'><strong>quarto</strong></span> <span class='ocrx_word' id='word_1_640' title='bbox 1834 4321 1975 4374; x_wconf 89' lang='lat' dir='ltr'><strong>enim</strong></span> <span class='ocrx_word' id='word_1_641' title='bbox 2007 4336 2159 4374; x_wconf 35' lang='lat' dir='ltr'><strong>anno,</strong></span> 
     </span>
    </p>
   </div>
   <div class='ocr_carea' id='block_1_84' title="bbox 2261 4312 3855 4397">
    <p class='ocr_par' dir='ltr' id='par_1_84' title="bbox 2276 4312 3855 4387">
     <span class='ocr_line' id='line_1_84' title="bbox 2276 4312 3855 4387; baseline 0.005 -27"><span class='ocrx_word' id='word_1_642' title='bbox 2276 4324 2339 4376; x_wconf 87' lang='grc' dir='ltr'><strong>γε</strong></span> <span class='ocrx_word' id='word_1_643' title='bbox 2371 4313 2483 4373; x_wconf 85' lang='grc' dir='ltr'>τοῖς</span> <span class='ocrx_word' id='word_1_644' title='bbox 2516 4312 2894 4382; x_wconf 81' lang='grc' dir='ltr'>προκειμένοις</span> <span class='ocrx_word' id='word_1_645' title='bbox 2924 4316 3054 4384; x_wconf 78' lang='grc' dir='ltr'>ἡμῖν</span> <span class='ocrx_word' id='word_1_646' title='bbox 3102 4315 3452 4387; x_wconf 85' lang='grc' dir='ltr'>θεωρήμασιν</span> <span class='ocrx_word' id='word_1_647' title='bbox 3502 4318 3687 4386; x_wconf 75' lang='grc' dir='ltr'>ἕτερος</span> <span class='ocrx_word' id='word_1_648' title='bbox 3723 4317 3855 4387; x_wconf 85' lang='grc' dir='ltr'>μετ’</span> 
     </span>
    </p>
   </div>
   <div class='ocr_carea' id='block_1_85' title="bbox 606 4401 2159 4487">
    <p class='ocr_par' dir='ltr' id='par_1_85' title="bbox 606 4411 2159 4487">
     <span class='ocr_line' id='line_1_85' title="bbox 606 4411 2159 4487; baseline -0.003 -17"><span class='ocrx_word' id='word_1_649' title='bbox 606 4428 798 4487; x_wconf 86' lang='lat' dir='ltr'><strong>quarta</strong></span> <span class='ocrx_word' id='word_1_650' title='bbox 824 4413 1024 4469; x_wconf 89' lang='lat' dir='ltr'><strong>mensis</strong></span> <span class='ocrx_word' id='word_1_651' title='bbox 1050 4414 1199 4478; x_wconf 87' lang='lat' dir='ltr'><strong>noni,</strong></span> <span class='ocrx_word' id='word_1_652' title='bbox 1227 4414 1318 4479; x_wconf 86' lang='lat' dir='ltr'><strong>qui</strong></span> <span class='ocrx_word' id='word_1_653' title='bbox 1346 4422 1428 4465; x_wconf 86' lang='lat' dir='ltr'><strong>est</strong></span> <span class='ocrx_word' id='word_1_654' title='bbox 1450 4412 1702 4475; x_wconf 87' lang='lat' dir='ltr'><strong>Chasleu,</strong></span> <span class='ocrx_word' id='word_1_655' title='bbox 1727 4427 1859 4466; x_wconf 83' lang='lat' dir='ltr'><strong>voce</strong></span> <span class='ocrx_word' id='word_1_656' title='bbox 1911 4411 2159 4465; x_wconf 70' lang='lat' dir='ltr'><strong>Hebraic:</strong></span> 
     </span>
    </p>
   </div>
   <div class='ocr_carea' id='block_1_86' title="bbox 2261 4401 3850 4487">
    <p class='ocr_par' dir='ltr' id='par_1_86' title="bbox 2276 4401 3850 4479">
     <span class='ocr_line' id='line_1_86' title="bbox 2276 4401 3850 4479; baseline 0.004 -28"><span class='ocrx_word' id='word_1_657' title='bbox 2276 4401 2482 4453; x_wconf 75' lang='grc' dir='ltr'>ἐκεῖνον</span> <span class='ocrx_word' id='word_1_658' title='bbox 2513 4402 2754 4471; x_wconf 81' lang='grc' dir='ltr'>ὁρίζεται</span> <span class='ocrx_word' id='word_1_659' title='bbox 2783 4404 2989 4474; x_wconf 83' lang='grc' dir='ltr'>χρόνος.</span> <span class='ocrx_word' id='word_1_660' title='bbox 3010 4407 3098 4458; x_wconf 86' lang='grc' dir='ltr'>Ἑν</span> <span class='ocrx_word' id='word_1_661' title='bbox 3128 4406 3235 4477; x_wconf 79' lang='grc' dir='ltr'><strong>γὰρ</strong></span> <span class='ocrx_word' id='word_1_662' title='bbox 3267 4406 3343 4476; x_wconf 84' lang='grc' dir='ltr'><strong>τῷ</strong></span> <span class='ocrx_word' id='word_1_663' title='bbox 3374 4410 3617 4478; x_wconf 84' lang='grc' dir='ltr'>τετάρτῳ</span> <span class='ocrx_word' id='word_1_664' title='bbox 3643 4408 3753 4460; x_wconf 80' lang='grc' dir='ltr'>ἔτει</span> <span class='ocrx_word' id='word_1_665' title='bbox 3782 4410 3850 4479; x_wconf 82' lang='grc' dir='ltr'>τῇ</span> 
     </span>
    </p>
   </div>
   <div class='ocr_carea' id='block_1_87' title="bbox 607 4493 2159 4573">
    <p class='ocr_par' dir='ltr' id='par_1_87' title="bbox 607 4502 2159 4573">
     <span class='ocr_line' id='line_1_87' title="bbox 607 4502 2159 4573; baseline -0.002 -14"><span class='ocrx_word' id='word_1_666' title='bbox 607 4506 879 4569; x_wconf 83' lang='lat' dir='ltr'><strong>videlicet,</strong></span> <span class='ocrx_word' id='word_1_667' title='bbox 916 4504 1450 4573; x_wconf 64' lang='lat' dir='ltr'><strong>prophetmqnacdam</strong></span> <span class='ocrx_word' id='word_1_668' title='bbox 1479 4503 1657 4555; x_wconf 85' lang='lat' dir='ltr'><strong>divina</strong></span> <span class='ocrx_word' id='word_1_669' title='bbox 1688 4502 1826 4556; x_wconf 83' lang='lat' dir='ltr'><strong>visio</strong></span> <span class='ocrx_word' id='word_1_670' title='bbox 1846 4502 2023 4556; x_wconf 88' lang='lat' dir='ltr'><strong>oblata</strong></span> <span class='ocrx_word' id='word_1_671' title='bbox 2065 4510 2159 4557; x_wconf 86' lang='lat' dir='ltr'><strong>est.</strong></span> 
     </span>
    </p>
   </div>
   <div class='ocr_carea' id='block_1_88' title="bbox 2261 4493 3853 4573">
    <p class='ocr_par' dir='ltr' id='par_1_88' title="bbox 2275 4493 3853 4564">
     <span class='ocr_line' id='line_1_88' title="bbox 2275 4493 3853 4564; baseline 0.005 -21"><span class='ocrx_word' id='word_1_672' title='bbox 2275 4493 2497 4563; x_wconf 82' lang='grc' dir='ltr'>τετράδι</span> <span class='ocrx_word' id='word_1_673' title='bbox 2525 4493 2617 4546; x_wconf 89' lang='grc' dir='ltr'><strong>τοῦ</strong></span> <span class='ocrx_word' id='word_1_674' title='bbox 2658 4496 2824 4564; x_wconf 86' lang='grc' dir='ltr'>μηνὸς</span> <span class='ocrx_word' id='word_1_675' title='bbox 2850 4496 2942 4548; x_wconf 92' lang='grc' dir='ltr'><strong>τοῦ</strong></span> <span class='ocrx_word' id='word_1_676' title='bbox 2974 4498 3218 4564; x_wconf 83' lang='grc' dir='ltr'>ὲννάτου,</span> <span class='ocrx_word' id='word_1_677' title='bbox 3235 4500 3292 4562; x_wconf 83' lang='grc' dir='ltr'><strong>ὃς</strong></span> <span class='ocrx_word' id='word_1_678' title='bbox 3314 4500 3430 4551; x_wconf 79' lang='grc' dir='ltr'>ἐστι</span> <span class='ocrx_word' id='word_1_679' title='bbox 3450 4497 3684 4561; x_wconf 84' lang='grc' dir='ltr'>Χασλεῦ,</span> <span class='ocrx_word' id='word_1_680' title='bbox 3711 4498 3853 4551; x_wconf 81' lang='grc' dir='ltr'>κατὰ</span> 
     </span>
    </p>
   </div>
   <div class='ocr_carea' id='block_1_89' title="bbox 603 4584 2159 4661">
    <p class='ocr_par' dir='ltr' id='par_1_89' title="bbox 603 4590 2159 4659">
     <span class='ocr_line' id='line_1_89' title="bbox 603 4590 2159 4659; baseline -0.007 -6"><span class='ocrx_word' id='word_1_681' title='bbox 603 4596 958 4653; x_wconf 86' lang='lat' dir='ltr'><strong>Occasionem</strong></span> <span class='ocrx_word' id='word_1_682' title='bbox 985 4594 1221 4649; x_wconf 87' lang='lat' dir='ltr'><strong>narratio</strong></span> <span class='ocrx_word' id='word_1_683' title='bbox 1253 4592 1494 4645; x_wconf 66' lang='lat' dir='ltr'><strong>historiae</strong></span> <span class='ocrx_word' id='word_1_684' title='bbox 1518 4593 1679 4644; x_wconf 87' lang='lat' dir='ltr'><strong>etiam</strong></span> <span class='ocrx_word' id='word_1_685' title='bbox 1704 4601 1865 4659; x_wconf 86' lang='lat' dir='ltr'><strong>atque</strong></span> <span class='ocrx_word' id='word_1_686' title='bbox 1883 4592 2044 4643; x_wconf 84' lang='lat' dir='ltr'><strong>etiam</strong></span> <span class='ocrx_word' id='word_1_687' title='bbox 2074 4590 2159 4643; x_wconf 88' lang='lat' dir='ltr'><strong>de-</strong></span> 
     </span>
    </p>
   </div>
   <div class='ocr_carea' id='block_1_90' title="bbox 2261 4584 3853 4661">
    <p class='ocr_par' dir='ltr' id='par_1_90' title="bbox 2269 4584 3853 4661">
     <span class='ocr_line' id='line_1_90' title="bbox 2269 4584 3853 4661; baseline 0.001 -24"><span class='ocrx_word' id='word_1_688' title='bbox 2269 4584 2369 4655; x_wconf 82' lang='grc' dir='ltr'>τὴν</span> <span class='ocrx_word' id='word_1_689' title='bbox 2412 4585 2677 4657; x_wconf 72' lang='grc' dir='ltr'>Ἐίῖραίων</span> <span class='ocrx_word' id='word_1_690' title='bbox 2723 4588 2905 4658; x_wconf 77' lang='grc' dir='ltr'>φωνὴν</span> <span class='ocrx_word' id='word_1_691' title='bbox 2952 4588 3227 4657; x_wconf 85' lang='grc' dir='ltr'>δηλονότι,</span> <span class='ocrx_word' id='word_1_692' title='bbox 3284 4590 3721 4661; x_wconf 75' lang='grc' dir='ltr'>μεταπεφοίτηκε</span> <span class='ocrx_word' id='word_1_693' title='bbox 3772 4588 3853 4659; x_wconf 73' lang='grc' dir='ltr'>τῷ</span> 
     </span>
    </p>
   </div>
   <div class='ocr_carea' id='block_1_91' title="bbox 603 4678 2159 4753">
    <p class='ocr_par' dir='ltr' id='par_1_91' title="bbox 603 4680 2159 4750">
     <span class='ocr_line' id='line_1_91' title="bbox 603 4680 2159 4750; baseline -0.006 -7"><span class='ocrx_word' id='word_1_694' title='bbox 603 4687 851 4743; x_wconf 83' lang='lat' dir='ltr'><strong>clarabit.</strong></span> <span class='ocrx_word' id='word_1_695' title='bbox 886 4685 999 4740; x_wconf 86' lang='lat' dir='ltr'><strong>Non</strong></span> <span class='ocrx_word' id='word_1_696' title='bbox 1031 4684 1176 4738; x_wconf 90' lang='lat' dir='ltr'><strong>enim</strong></span> <span class='ocrx_word' id='word_1_697' title='bbox 1223 4682 1380 4736; x_wconf 85' lang='lat' dir='ltr'><strong>aliter</strong></span> <span class='ocrx_word' id='word_1_698' title='bbox 1424 4681 1667 4750; x_wconf 88' lang='lat' dir='ltr'><strong>quidam,</strong></span> <span class='ocrx_word' id='word_1_699' title='bbox 1723 4681 1824 4733; x_wconf 90' lang='lat' dir='ltr'><strong>nisi</strong></span> <span class='ocrx_word' id='word_1_700' title='bbox 1871 4680 1971 4733; x_wconf 90' lang='lat' dir='ltr'><strong>hoc</strong></span> <span class='ocrx_word' id='word_1_701' title='bbox 2012 4680 2159 4733; x_wconf 71' lang='lat' dir='ltr'><strong>modo</strong></span> 
     </span>
    </p>
   </div>
   <div class='ocr_carea' id='block_1_92' title="bbox 2261 4678 3849 4753">
    <p class='ocr_par' dir='ltr' id='par_1_92' title="bbox 2273 4678 3849 4753">
     <span class='ocr_line' id='line_1_92' title="bbox 2273 4678 3849 4753; baseline 0.002 -24"><span class='ocrx_word' id='word_1_702' title='bbox 2273 4678 2525 4748; x_wconf 85' lang='grc' dir='ltr'>προφήτῃ</span> <span class='ocrx_word' id='word_1_703' title='bbox 2558 4678 2658 4749; x_wconf 82' lang='grc' dir='ltr'>τῆς</span> <span class='ocrx_word' id='word_1_704' title='bbox 2693 4680 2947 4742; x_wconf 85' lang='grc' dir='ltr'>θεοπτίας</span> <span class='ocrx_word' id='word_1_705' title='bbox 2976 4681 3004 4731; x_wconf 87' lang='lat'><strong>6</strong></span> <span class='ocrx_word' id='word_1_706' title='bbox 3032 4682 3246 4750; x_wconf 84' lang='grc' dir='ltr'>τρόπος.</span> <span class='ocrx_word' id='word_1_707' title='bbox 3281 4682 3377 4742; x_wconf 84' lang='grc' dir='ltr'><strong>Τίς</strong></span> <span class='ocrx_word' id='word_1_708' title='bbox 3402 4682 3459 4734; x_wconf 83' lang='grc' dir='ltr'>δὲ</span> <span class='ocrx_word' id='word_1_709' title='bbox 3494 4684 3526 4753; x_wconf 79' lang='grc' dir='ltr'>ἡ</span> <span class='ocrx_word' id='word_1_710' title='bbox 3554 4684 3849 4750; x_wconf 72' lang='grc' dir='ltr'>πρόφασις,</span> 
     </span>
    </p>
   </div>
   <div class='ocr_carea' id='block_1_93' title="bbox 605 4767 2159 4848">
    <p class='ocr_par' dir='ltr' id='par_1_93' title="bbox 605 4768 2159 4848">
     <span class='ocr_line' id='line_1_93' title="bbox 605 4768 2159 4848; baseline -0.007 -16"><span class='ocrx_word' id='word_1_711' title='bbox 605 4778 1007 4848; x_wconf 75' lang='lat' dir='ltr'><strong>propositorum</strong></span> <span class='ocrx_word' id='word_1_712' title='bbox 1033 4775 1316 4829; x_wconf 89' lang='lat' dir='ltr'><strong>verborum</strong></span> <span class='ocrx_word' id='word_1_713' title='bbox 1350 4771 1674 4826; x_wconf 89' lang='lat' dir='ltr'><strong>sententiam</strong></span> <span class='ocrx_word' id='word_1_714' title='bbox 1703 4768 2159 4837; x_wconf 87' lang='lat' dir='ltr'><strong>concipient.0m-</strong></span> 
     </span>
    </p>
   </div>
   <div class='ocr_carea' id='block_1_94' title="bbox 2261 4767 3852 4848">
    <p class='ocr_par' dir='ltr' id='par_1_94' title="bbox 2274 4767 3852 4843">
     <span class='ocr_line' id='line_1_94' title="bbox 2274 4767 3852 4843; baseline 0.002 -24"><span class='ocrx_word' id='word_1_715' title='bbox 2274 4769 2309 4838; x_wconf 80' lang='grc' dir='ltr'><strong>ἡ</strong></span> <span class='ocrx_word' id='word_1_716' title='bbox 2341 4770 2440 4837; x_wconf 84' lang='grc' dir='ltr'>τῆς</span> <span class='ocrx_word' id='word_1_717' title='bbox 2476 4771 2712 4841; x_wconf 80' lang='grc' dir='ltr'>ἱστορίας</span> <span class='ocrx_word' id='word_1_718' title='bbox 2740 4772 3017 4841; x_wconf 81' lang='grc' dir='ltr'>ἀφήγησις</span> <span class='ocrx_word' id='word_1_719' title='bbox 3050 4767 3110 4823; x_wconf 79' lang='grc' dir='ltr'><strong>εὖ</strong></span> <span class='ocrx_word' id='word_1_720' title='bbox 3144 4772 3287 4841; x_wconf 85' lang='grc' dir='ltr'>μάλα</span> <span class='ocrx_word' id='word_1_721' title='bbox 3329 4776 3602 4843; x_wconf 70' lang='grc' dir='ltr'>σαφηνιεῖ.</span> <span class='ocrx_word' id='word_1_722' title='bbox 3637 4769 3852 4823; x_wconf 80' lang='grc' dir='ltr'>Συνεῖεν</span> 
     </span>
    </p>
   </div>
   <div class='ocr_carea' id='block_1_95' title="bbox 604 4860 2159 4937">
    <p class='ocr_par' dir='ltr' id='par_1_95' title="bbox 604 4862 2159 4937">
     <span class='ocr_line' id='line_1_95' title="bbox 604 4862 2159 4937; baseline -0.006 -14"><span class='ocrx_word' id='word_1_723' title='bbox 604 4871 895 4924; x_wconf 83' lang='lat' dir='ltr'><strong>ninoenim</strong></span> <span class='ocrx_word' id='word_1_724' title='bbox 927 4869 1144 4937; x_wconf 87' lang='lat' dir='ltr'><strong>quinam</strong></span> <span class='ocrx_word' id='word_1_725' title='bbox 1177 4862 1647 4930; x_wconf 80' lang='lat' dir='ltr'><strong>fucrintSarasar,</strong></span> <span class='ocrx_word' id='word_1_726' title='bbox 1681 4873 1738 4917; x_wconf 90' lang='lat' dir='ltr'><strong>et</strong></span> <span class='ocrx_word' id='word_1_727' title='bbox 1767 4863 2003 4917; x_wconf 84' lang='lat' dir='ltr'><strong>Arseber</strong></span> <span class='ocrx_word' id='word_1_728' title='bbox 2049 4877 2159 4926; x_wconf 73' lang='lat' dir='ltr'><strong>rex,</strong></span> 
     </span>
    </p>
   </div>
   <div class='ocr_carea' id='block_1_96' title="bbox 2261 4860 3853 4937">
    <p class='ocr_par' dir='ltr' id='par_1_96' title="bbox 2275 4860 3853 4933">
     <span class='ocr_line' id='line_1_96' title="bbox 2275 4860 3853 4933; baseline 0.003 -22"><span class='ocrx_word' id='word_1_729' title='bbox 2275 4860 2383 4929; x_wconf 86' lang='grc' dir='ltr'>γὰρ</span> <span class='ocrx_word' id='word_1_730' title='bbox 2420 4862 2518 4929; x_wconf 82' lang='grc' dir='ltr'><strong>οὐχ</strong></span> <span class='ocrx_word' id='word_1_731' title='bbox 2548 4861 2748 4931; x_wconf 79' lang='grc' dir='ltr'>ἑτέρως</span> <span class='ocrx_word' id='word_1_732' title='bbox 2772 4863 2913 4924; x_wconf 83' lang='grc' dir='ltr'>τινὲς</span> <span class='ocrx_word' id='word_1_733' title='bbox 2945 4862 3083 4933; x_wconf 74' lang='grc' dir='ltr'>πλὴν</span> <span class='ocrx_word' id='word_1_734' title='bbox 3110 4864 3190 4915; x_wconf 84' lang='grc' dir='ltr'>ὅτι</span> <span class='ocrx_word' id='word_1_735' title='bbox 3220 4864 3361 4915; x_wconf 76' lang='grc' dir='ltr'>κατὰ</span> <span class='ocrx_word' id='word_1_736' title='bbox 3382 4865 3592 4915; x_wconf 75' lang='grc' dir='ltr'>τουτονὶ</span> <span class='ocrx_word' id='word_1_737' title='bbox 3614 4863 3705 4915; x_wconf 86' lang='grc' dir='ltr'><strong>τὸν</strong></span> <span class='ocrx_word' id='word_1_738' title='bbox 3725 4863 3853 4933; x_wconf 74' lang='grc' dir='ltr'>τρόο</span> 
     </span>
    </p>
   </div>
   <div class='ocr_carea' id='block_1_97' title="bbox 598 4948 2159 5025">
    <p class='ocr_par' dir='ltr' id='par_1_97' title="bbox 598 4948 2159 5025">
     <span class='ocr_line' id='line_1_97' title="bbox 598 4948 2159 5025; baseline -0.009 -10"><span class='ocrx_word' id='word_1_739' title='bbox 598 4971 658 5014; x_wconf 79' lang='lat' dir='ltr'><strong>et</strong></span> <span class='ocrx_word' id='word_1_740' title='bbox 686 4960 915 5014; x_wconf 86' lang='lat' dir='ltr'><strong>comites</strong></span> <span class='ocrx_word' id='word_1_741' title='bbox 946 4956 1085 5025; x_wconf 85' lang='lat' dir='ltr'><strong>ejus,</strong></span> <span class='ocrx_word' id='word_1_742' title='bbox 1119 4963 1246 5008; x_wconf 85' lang='lat' dir='ltr'><strong>ante</strong></span> <span class='ocrx_word' id='word_1_743' title='bbox 1274 4952 1377 5006; x_wconf 81' lang='lat' dir='ltr'><strong>alia</strong></span> <span class='ocrx_word' id='word_1_744' title='bbox 1407 4952 1693 5007; x_wconf 87' lang='lat' dir='ltr'><strong>dicendum</strong></span> <span class='ocrx_word' id='word_1_745' title='bbox 1749 4959 1851 5004; x_wconf 91' lang='lat' dir='ltr'><strong>est.</strong></span> <span class='ocrx_word' id='word_1_746' title='bbox 1904 4948 2159 5002; x_wconf 69' lang='lat' dir='ltr'><strong>Praeterea</strong></span> 
     </span>
    </p>
   </div>
   <div class='ocr_carea' id='block_1_98' title="bbox 2261 4948 3854 5025">
    <p class='ocr_par' dir='ltr' id='par_1_98' title="bbox 2277 4948 3854 5021">
     <span class='ocr_line' id='line_1_98' title="bbox 2277 4948 3854 5021; baseline 0.001 -22"><span class='ocrx_word' id='word_1_747' title='bbox 2277 4966 2379 5000; x_wconf 87' lang='grc' dir='ltr'><strong>πον</strong></span> <span class='ocrx_word' id='word_1_748' title='bbox 2403 4948 2511 5000; x_wconf 82' lang='grc' dir='ltr'>τῶν</span> <span class='ocrx_word' id='word_1_749' title='bbox 2540 4952 2916 5020; x_wconf 82' lang='grc' dir='ltr'>προκειμένων</span> <span class='ocrx_word' id='word_1_750' title='bbox 2944 4951 3033 5003; x_wconf 88' lang='grc' dir='ltr'><strong>τὸν</strong></span> <span class='ocrx_word' id='word_1_751' title='bbox 3067 4951 3211 5006; x_wconf 86' lang='grc' dir='ltr'>νοῦν.</span> <span class='ocrx_word' id='word_1_752' title='bbox 3236 4951 3391 5014; x_wconf 84' lang='grc' dir='ltr'>Τίνες</span> <span class='ocrx_word' id='word_1_753' title='bbox 3420 4953 3527 5021; x_wconf 78' lang='grc' dir='ltr'>γὰρ</span> <span class='ocrx_word' id='word_1_754' title='bbox 3559 4951 3715 5013; x_wconf 77' lang='grc' dir='ltr'>ὅλως,</span> <span class='ocrx_word' id='word_1_755' title='bbox 3745 4952 3771 5002; x_wconf 86' lang='grc' dir='ltr'>ὅ</span> <span class='ocrx_word' id='word_1_756' title='bbox 3796 4966 3854 5001; x_wconf 84' lang='grc' dir='ltr'><strong>τε</strong></span> 
     </span>
    </p>
   </div>
   <div class='ocr_carea' id='block_1_99' title="bbox 599 5042 2176 5119">
    <p class='ocr_par' dir='ltr' id='par_1_99' title="bbox 599 5042 2176 5119">
     <span class='ocr_line' id='line_1_99' title="bbox 599 5042 2176 5119; baseline -0.008 -16"><span class='ocrx_word' id='word_1_757' title='bbox 599 5052 731 5119; x_wconf 86' lang='lat' dir='ltr'><strong>quid</strong></span> <span class='ocrx_word' id='word_1_758' title='bbox 770 5048 1126 5105; x_wconf 75' lang='lat' dir='ltr'><strong>sanctiﬁcatio</strong></span> <span class='ocrx_word' id='word_1_759' title='bbox 1161 5046 1214 5099; x_wconf 92' lang='lat' dir='ltr'><strong>in</strong></span> <span class='ocrx_word' id='word_1_760' title='bbox 1246 5046 1435 5113; x_wconf 88' lang='lat' dir='ltr'><strong>quinto</strong></span> <span class='ocrx_word' id='word_1_761' title='bbox 1455 5057 1644 5098; x_wconf 87' lang='lat' dir='ltr'><strong>mense</strong></span> <span class='ocrx_word' id='word_1_762' title='bbox 1680 5061 1693 5095; x_wconf 91' lang='lat'>:</span> <span class='ocrx_word' id='word_1_763' title='bbox 1749 5044 1874 5097; x_wconf 87' lang='lat' dir='ltr'><strong>item</strong></span> <span class='ocrx_word' id='word_1_764' title='bbox 1941 5042 2176 5095; x_wconf 82' lang='lat' dir='ltr'><strong>interro-</strong></span> 
     </span>
    </p>
   </div>
   <div class='ocr_carea' id='block_1_100' title="bbox 598 5134 2171 5208">
    <p class='ocr_par' dir='ltr' id='par_1_100' title="bbox 598 5134 2171 5208">
     <span class='ocr_line' id='line_1_100' title="bbox 598 5134 2171 5208; baseline -0.004 -15"><span class='ocrx_word' id='word_1_765' title='bbox 598 5141 835 5208; x_wconf 86' lang='lat' dir='ltr'><strong>gationis</strong></span> <span class='ocrx_word' id='word_1_766' title='bbox 873 5140 1063 5194; x_wconf 87' lang='lat' dir='ltr'><strong>modus</strong></span> <span class='ocrx_word' id='word_1_767' title='bbox 1086 5152 1319 5207; x_wconf 82' lang='lat' dir='ltr'><strong>quonam</strong></span> <span class='ocrx_word' id='word_1_768' title='bbox 1358 5136 1629 5205; x_wconf 85' lang='lat' dir='ltr'><strong>respiciat,</strong></span> <span class='ocrx_word' id='word_1_769' title='bbox 1652 5135 1861 5203; x_wconf 89' lang='lat' dir='ltr'><strong>etquod</strong></span> <span class='ocrx_word' id='word_1_770' title='bbox 1898 5134 1970 5189; x_wconf 86' lang='lat' dir='ltr'><strong>sit</strong></span> <span class='ocrx_word' id='word_1_771' title='bbox 2001 5135 2171 5187; x_wconf 82' lang='lat' dir='ltr'><strong>inter-</strong></span> 
     </span>
    </p>
   </div>
   <div class='ocr_carea' id='block_1_101' title="bbox 600 5230 1250 5302">
    <p class='ocr_par' dir='ltr' id='par_1_101' title="bbox 600 5230 1250 5302">
     <span class='ocr_line' id='line_1_101' title="bbox 600 5230 1250 5302; baseline -0.006 -15"><span class='ocrx_word' id='word_1_772' title='bbox 600 5234 902 5302; x_wconf 81' lang='lat' dir='ltr'><strong>rogantium</strong></span> <span class='ocrx_word' id='word_1_773' title='bbox 942 5230 1250 5284; x_wconf 87' lang='lat' dir='ltr'><strong>consilium.</strong></span> 
     </span>
    </p>
   </div>
   <div class='ocr_carea' id='block_1_102' title="bbox 2272 5039 3853 5112">
    <p class='ocr_par' dir='ltr' id='par_1_102' title="bbox 2272 5039 3853 5112">
     <span class='ocr_line' id='line_1_102' title="bbox 2272 5039 3853 5112; baseline 0.001 -21"><span class='ocrx_word' id='word_1_774' title='bbox 2272 5039 2531 5110; x_wconf 82' lang='grc' dir='ltr'>Σαρασὰρ</span> <span class='ocrx_word' id='word_1_775' title='bbox 2566 5041 2657 5093; x_wconf 84' lang='grc' dir='ltr'><strong>καὶ</strong></span> <span class='ocrx_word' id='word_1_776' title='bbox 2686 5043 2948 5112; x_wconf 78' lang='grc' dir='ltr'>Ἀρσεόὲρ</span> <span class='ocrx_word' id='word_1_777' title='bbox 2982 5044 3011 5095; x_wconf 88' lang='lat'><strong>6</strong></span> <span class='ocrx_word' id='word_1_778' title='bbox 3043 5043 3317 5112; x_wconf 77' lang='grc' dir='ltr'>βασιλεὺς,</span> <span class='ocrx_word' id='word_1_779' title='bbox 3349 5043 3442 5095; x_wconf 72' lang='grc' dir='ltr'>καὶ</span> <span class='ocrx_word' id='word_1_780' title='bbox 3490 5044 3540 5094; x_wconf 75' lang='lat' dir='ltr'><strong>oi</strong></span> <span class='ocrx_word' id='word_1_781' title='bbox 3580 5041 3773 5112; x_wconf 83' lang='grc' dir='ltr'>ἄνδρες</span> <span class='ocrx_word' id='word_1_782' title='bbox 3806 5042 3853 5092; x_wconf 79' lang='grc' dir='ltr'>οἱ</span> 
     </span>
    </p>
   </div>
   <div class='ocr_carea' id='block_1_103' title="bbox 2275 5133 3855 5207">
    <p class='ocr_par' dir='ltr' id='par_1_103' title="bbox 2275 5133 3855 5207">
     <span class='ocr_line' id='line_1_103' title="bbox 2275 5133 3855 5207; baseline -0.001 -21"><span class='ocrx_word' id='word_1_783' title='bbox 2275 5133 2593 5203; x_wconf 81' lang='grc' dir='ltr'>μετάὑτοῦ,</span> <span class='ocrx_word' id='word_1_784' title='bbox 2613 5134 2730 5197; x_wconf 82' lang='grc' dir='ltr'><strong>πῶς</strong></span> <span class='ocrx_word' id='word_1_785' title='bbox 2749 5137 2850 5188; x_wconf 75' lang='grc' dir='ltr'><strong>οὐκ</strong></span> <span class='ocrx_word' id='word_1_786' title='bbox 2877 5138 3173 5204; x_wconf 80' lang='grc' dir='ltr'>ἀναγκαῖον</span> <span class='ocrx_word' id='word_1_787' title='bbox 3198 5138 3295 5189; x_wconf 70' lang='grc' dir='ltr'><strong>καὶ</strong></span> <span class='ocrx_word' id='word_1_788' title='bbox 3329 5136 3434 5207; x_wconf 91' lang='grc' dir='ltr'><strong>πρό</strong></span> <span class='ocrx_word' id='word_1_789' title='bbox 3457 5152 3520 5204; x_wconf 85' lang='grc' dir='ltr'><strong>γε</strong></span> <span class='ocrx_word' id='word_1_790' title='bbox 3548 5134 3655 5187; x_wconf 80' lang='grc' dir='ltr'><strong>τῶν</strong></span> <span class='ocrx_word' id='word_1_791' title='bbox 3681 5134 3855 5187; x_wconf 79' lang='grc' dir='ltr'>ἄλλων</span> 
     </span>
    </p>
   </div>
   <div class='ocr_carea' id='block_1_104' title="bbox 2270 5225 3851 5299">
    <p class='ocr_par' dir='ltr' id='par_1_104' title="bbox 2270 5225 3851 5299">
     <span class='ocr_line' id='line_1_104' title="bbox 2270 5225 3851 5299; baseline -0.001 -22"><span class='ocrx_word' id='word_1_792' title='bbox 2270 5225 2603 5296; x_wconf 75' lang='grc' dir='ltr'>ἀναμαθεῖν·</span> <span class='ocrx_word' id='word_1_793' title='bbox 2639 5226 2690 5279; x_wconf 84' lang='grc' dir='ltr'><strong>τί</strong></span> <span class='ocrx_word' id='word_1_794' title='bbox 2718 5244 2777 5279; x_wconf 88' lang='grc' dir='ltr'><strong>τε</strong></span> <span class='ocrx_word' id='word_1_795' title='bbox 2799 5229 2860 5281; x_wconf 89' lang='grc' dir='ltr'><strong>τὸ</strong></span> <span class='ocrx_word' id='word_1_796' title='bbox 2887 5228 3134 5297; x_wconf 85' lang='grc' dir='ltr'>ἁγίασμα</span> <span class='ocrx_word' id='word_1_797' title='bbox 3163 5228 3223 5280; x_wconf 85' lang='grc' dir='ltr'><strong>τὸ</strong></span> <span class='ocrx_word' id='word_1_798' title='bbox 3244 5231 3298 5280; x_wconf 81' lang='grc' dir='ltr'><strong>ὲν</strong></span> <span class='ocrx_word' id='word_1_799' title='bbox 3326 5229 3404 5297; x_wconf 73' lang='grc' dir='ltr'>τῷ</span> <span class='ocrx_word' id='word_1_800' title='bbox 3426 5228 3659 5299; x_wconf 79' lang='grc' dir='ltr'>πέμπτῳ</span> <span class='ocrx_word' id='word_1_801' title='bbox 3687 5225 3816 5297; x_wconf 83' lang='grc' dir='ltr'>μηνί</span> <span class='ocrx_word' id='word_1_802' title='bbox 3835 5252 3851 5266; x_wconf 79' lang='grc' dir='ltr'><strong>ο</strong></span> 
     </span>
    </p>
   </div>
   <div class='ocr_carea' id='block_1_105' title="bbox 601 5318 3857 5394">
    <p class='ocr_par' dir='ltr' id='par_1_105' title="bbox 601 5318 3857 5394">
     <span class='ocr_line' id='line_1_105' title="bbox 601 5318 3857 5394; baseline -0.002 -15"><span class='ocrx_word' id='word_1_803' title='bbox 601 5324 695 5379; x_wconf 74' lang='grc' dir='ltr'>καὶ</span> <span class='ocrx_word' id='word_1_804' title='bbox 744 5324 850 5394; x_wconf 81' lang='grc' dir='ltr'>μὴν</span> <span class='ocrx_word' id='word_1_805' title='bbox 894 5324 985 5377; x_wconf 76' lang='grc' dir='ltr'>καὶ</span> <span class='ocrx_word' id='word_1_806' title='bbox 1038 5321 1257 5385; x_wconf 85' lang='grc' dir='ltr'>αὐτὸςό</span> <span class='ocrx_word' id='word_1_807' title='bbox 1291 5320 1391 5391; x_wconf 86' lang='grc' dir='ltr'>τῆς</span> <span class='ocrx_word' id='word_1_808' title='bbox 1438 5320 1755 5391; x_wconf 74' lang='grc' dir='ltr'>ἐρωτήσεως</span> <span class='ocrx_word' id='word_1_809' title='bbox 1787 5318 2021 5391; x_wconf 85' lang='grc' dir='ltr'>τρόπος,</span> <span class='ocrx_word' id='word_1_810' title='bbox 2085 5319 2207 5371; x_wconf 83' lang='grc' dir='ltr'>ὅποι</span> <span class='ocrx_word' id='word_1_811' title='bbox 2247 5320 2376 5372; x_wconf 82' lang='grc' dir='ltr'>ποτὲ</span> <span class='ocrx_word' id='word_1_812' title='bbox 2424 5318 2631 5386; x_wconf 75' lang='grc' dir='ltr'>βλέπει,</span> <span class='ocrx_word' id='word_1_813' title='bbox 2700 5321 2792 5372; x_wconf 72' lang='grc' dir='ltr'>καὶ</span> <span class='ocrx_word' id='word_1_814' title='bbox 2838 5321 2922 5385; x_wconf 88' lang='grc' dir='ltr'><strong>τίς</strong></span> <span class='ocrx_word' id='word_1_815' title='bbox 2973 5321 3039 5374; x_wconf 89' lang='grc' dir='ltr'><strong>ἂν</strong></span> <span class='ocrx_word' id='word_1_816' title='bbox 3089 5322 3299 5391; x_wconf 83' lang='grc' dir='ltr'>γένοιτο</span> <span class='ocrx_word' id='word_1_817' title='bbox 3344 5322 3453 5372; x_wconf 83' lang='grc' dir='ltr'><strong>τῶν</strong></span> <span class='ocrx_word' id='word_1_818' title='bbox 3500 5322 3778 5390; x_wconf 75' lang='grc' dir='ltr'>ἐρομένων</span> <span class='ocrx_word' id='word_1_819' title='bbox 3826 5322 3857 5374; x_wconf 88' lang='lat'><strong>6</strong></span> 
     </span>
    </p>
   </div>
   <div class='ocr_carea' id='block_1_106' title="bbox 603 5422 825 5484">
    <p class='ocr_par' dir='ltr' id='par_1_106' title="bbox 603 5422 825 5484">
     <span class='ocr_line' id='line_1_106' title="bbox 603 5422 825 5484; baseline 0.005 -12"><span class='ocrx_word' id='word_1_820' title='bbox 603 5422 825 5484; x_wconf 75' lang='grc' dir='ltr'>σκοπόςς</span> 
     </span>
    </p>
   </div>
   <div class='ocr_carea' id='block_1_107' title="bbox 674 5505 2164 5581">
    <p class='ocr_par' dir='ltr' id='par_1_107' title="bbox 674 5505 2164 5581">
     <span class='ocr_line' id='line_1_107' title="bbox 674 5505 2164 5581; baseline -0.003 -17"><span class='ocrx_word' id='word_1_821' title='bbox 674 5512 950 5581; x_wconf 73' lang='lat' dir='ltr'><strong>llegnaute</strong></span> <span class='ocrx_word' id='word_1_822' title='bbox 980 5509 1137 5579; x_wconf 85' lang='lat' dir='ltr'><strong>igitur</strong></span> <span class='ocrx_word' id='word_1_823' title='bbox 1169 5508 1306 5564; x_wconf 87' lang='lat' dir='ltr'><strong>Osee</strong></span> <span class='ocrx_word' id='word_1_824' title='bbox 1332 5507 1441 5563; x_wconf 79' lang='lat' dir='ltr'><strong>ﬁlio</strong></span> <span class='ocrx_word' id='word_1_825' title='bbox 1463 5507 1552 5562; x_wconf 81' lang='lat' dir='ltr'><strong>Ela</strong></span> <span class='ocrx_word' id='word_1_826' title='bbox 1577 5522 1733 5576; x_wconf 85' lang='lat' dir='ltr'><strong>super</strong></span> <span class='ocrx_word' id='word_1_827' title='bbox 1758 5506 1941 5561; x_wconf 88' lang='lat' dir='ltr'><strong>decem</strong></span> <span class='ocrx_word' id='word_1_828' title='bbox 1995 5505 2164 5561; x_wconf 85' lang='lat' dir='ltr'><strong>tribus</strong></span> 
     </span>
    </p>
   </div>
   <div class='ocr_carea' id='block_1_108' title="bbox 672 5684 1179 5754">
    <p class='ocr_par' dir='ltr' id='par_1_108' title="bbox 672 5684 1179 5754">
     <span class='ocr_line' id='line_1_108' title="bbox 672 5684 1179 5754; baseline -0.008 -15"><span class='ocrx_word' id='word_1_829' title='bbox 672 5686 717 5718; x_wconf 80' lang='lat'><strong>&quot;</strong></span> <span class='ocrx_word' id='word_1_830' title='bbox 755 5684 948 5754; x_wconf 81' lang='lat' dir='ltr'><strong>Ephes.</strong></span> <span class='ocrx_word' id='word_1_831' title='bbox 993 5701 1052 5749; x_wconf 86' lang='lat' dir='ltr'><strong>ll,</strong></span> <span class='ocrx_word' id='word_1_832' title='bbox 1092 5684 1179 5736; x_wconf 75' lang='lat'><strong>20.</strong></span> 
     </span>
    </p>
   </div>
   <div class='ocr_carea' id='block_1_109' title="bbox 2344 5502 3850 5573">
    <p class='ocr_par' dir='ltr' id='par_1_109' title="bbox 2344 5502 3850 5573">
     <span class='ocr_line' id='line_1_109' title="bbox 2344 5502 3850 5573; baseline 0.004 -19"><span class='ocrx_word' id='word_1_833' title='bbox 2344 5503 2725 5566; x_wconf 83' lang='grc' dir='ltr'>Βασιλεύοντος</span> <span class='ocrx_word' id='word_1_834' title='bbox 2750 5504 2929 5557; x_wconf 80' lang='grc' dir='ltr'>τοίνυν</span> <span class='ocrx_word' id='word_1_835' title='bbox 2957 5504 3117 5573; x_wconf 79' lang='grc' dir='ltr'>Ὠσηὲ</span> <span class='ocrx_word' id='word_1_836' title='bbox 3155 5502 3249 5556; x_wconf 86' lang='grc' dir='ltr'><strong>τοῦ</strong></span> <span class='ocrx_word' id='word_1_837' title='bbox 3278 5503 3395 5555; x_wconf 82' lang='grc' dir='ltr'>υἱοῦ</span> <span class='ocrx_word' id='word_1_838' title='bbox 3427 5502 3563 5557; x_wconf 80' lang='grc' dir='ltr'><strong>Ἥλᾶ</strong></span> <span class='ocrx_word' id='word_1_839' title='bbox 3590 5502 3699 5557; x_wconf 82' lang='grc' dir='ltr'>τῶν</span> <span class='ocrx_word' id='word_1_840' title='bbox 3721 5504 3850 5560; x_wconf 79' lang='grc' dir='ltr'>δέκα</span> 
     </span>
    </p>
   </div>
   <div class='ocr_carea' id='block_1_110' title="bbox 1291 5681 2264 5749">
    <p class='ocr_par' dir='ltr' id='par_1_110' title="bbox 1291 5681 2264 5749">
     <span class='ocr_line' id='line_1_110' title="bbox 1291 5681 2264 5749; baseline 0 -12"><span class='ocrx_word' id='word_1_841' title='bbox 1291 5681 1334 5713; x_wconf 74' lang='grc' dir='ltr'>ιο</span> <span class='ocrx_word' id='word_1_842' title='bbox 1356 5682 1484 5737; x_wconf 87' lang='lat' dir='ltr'><strong>ibid.</strong></span> <span class='ocrx_word' id='word_1_843' title='bbox 1532 5682 1614 5745; x_wconf 85' lang='lat' dir='ltr'><strong>t5,</strong></span> <span class='ocrx_word' id='word_1_844' title='bbox 1660 5682 1746 5735; x_wconf 76' lang='grc' dir='ltr'><strong>ιθ.</strong></span> <span class='ocrx_word' id='word_1_845' title='bbox 1827 5684 1875 5713; x_wconf 78' lang='grc' dir='ltr'>η</span> <span class='ocrx_word' id='word_1_846' title='bbox 1917 5682 2081 5737; x_wconf 79' lang='lat' dir='ltr'><strong>Zach.</strong></span> <span class='ocrx_word' id='word_1_847' title='bbox 2129 5699 2165 5749; x_wconf 83' lang='grc' dir='ltr'><strong>ι,</strong></span> <span class='ocrx_word' id='word_1_848' title='bbox 2214 5684 2264 5738; x_wconf 84' lang='lat' dir='ltr'><strong>t.</strong></span> 
     </span>
    </p>
   </div>
  </div>
