4080 6284
257 299 350 354 illi

1101 294 1651 353 COMMENTARIUS
1689 294 1754 350 IN
1796 294 2203 352 ZACHARIAM
2237 295 2682 353 PROPHETAM.

3425 300 3526 357 £02

255 412 439 482 φυλῶν
467 411 578 466 τῶν
615 414 673 465 ἐν
702 413 769 482 τῇ
801 410 1106 483 Σαμαρείᾳ,
1136 414 1231 466 καὶ
1271 413 1405 467 πολὺ
1435 411 1840 476 διανενευκότος

1947 413 1999 467 in
2026 412 2296 477 Samaria,
2326 414 2523 483 insigni
2576 414 2876 481 desertore,
2903 433 2923 466 ι
2963 416 3342 471 servivitenim
3405 416 3526 470 ido-

242 504 320 562 είς
340 504 644 558 ἀπόστασιν
665 502 1011 573 (λελάτρευκε
1037 502 1147 574 γὰρ
1176 503 1457 576 εἰδώλοις),
1478 504 1841 575 παροξύνεται

258 594 392 657 Θεὸς
415 594 507 647 ἐπὶ
528 594 618 647 τὸν
642 594 882 663 Ἰσραήλ.
908 590 1044 646 Εἶτα
1068 595 1506 666 κατεστράτευσε
1537 595 1637 665 τῆς
1657 594 1843 666 χώρας

260 691 292 743 ὁ
320 686 682 757 Σαλμανασὰρ
730 685 981 754 βασιλεὺς
1014 687 1337 757 Ἀσσυρίων,
1371 681 1485 740 εἷλε
1517 688 1618 758 τὴν
1658 688 1844 757 Σαμά-

268 795 437 851 ρειαν,
466 777 560 831 καὶ
609 777 876 847 ἀπῴκησε
922 778 1020 846 μὲν
1061 778 1154 831 τὸν
1191 778 1427 851 Ἰσραὴλ,
1462 778 1842 850 παρεσκεύασε

263 869 320 923 δέ
346 886 493 931 τινας
519 868 626 921 τῶν
654 870 719 920 ὲκ
748 871 847 938 τῆς
876 868 1160 922 Χαλδαίων
1184 869 1367 940 χώρας
1394 870 1721 940 κατοικῆσαι
1744 869 1845 938 τὴν

265 964 388 1031 γῆν,
426 960 507 1014 ἵνα
537 960 602 1030 δὴ
635 961 843 1028 γένοιτο
875 961 1120 1031 Περσῶν,
1152 962 1228 1023 ὡς
1260 962 1468 1017 ἐκεῖθεν
1505 962 1700 1032 ἔχουσα
1735 962 1844 1014 λοι-

266 1053 363 1106 πὸν
381 1054 504 1116 τοὺς
528 1054 1035 1123 οἰκήτορας.Ἐχεις
1052 1054 1152 1124 τὴν
1180 1055 1420 1125 ἱστορίαν
1439 1058 1496 1108 ὲν
1522 1058 1586 1125 τῇ
1608 1055 1843 1127 τετάρτῃ

262 1143 371 1197 τῶν
423 1144 742 1200 Βασιλειῶν.
776 1146 1092 1216 Γέγραπται
1138 1146 1246 1216 γὰρ
1293 1145 1498 1211 οὓτως*
1555 1149 1684 1201 «Ἔν
1734 1148 1845 1200 ἔτει

260 1235 550 1305 δωδεκάτῳ
569 1235 741 1304 Ἀχὰζ
776 1235 1040 1304 βασιλέως
1068 1236 1258 1300 Ἰούδα,
1301 1238 1652 1292 ἐϐασίλευσεν
1680 1239 1846 1308 Ὠσηὲ

262 1323 379 1386 υἱὸς
413 1324 554 1376 Ἦλᾶ
584 1325 642 1375 ὲν
676 1324 963 1395 Σαμαρείᾳ
1006 1326 1096 1376 ἐπὶ
1126 1325 1343 1397 Ἰσραὴλ
1394 1327 1551 1380 ἐννέα
1596 1327 1708 1397 ἔτη.
1741 1328 1848 1381 Kal

262 1414 491 1483 ἐποίησε
523 1414 583 1466 τὸ
613 1414 847 1484 πονηρὸν
887 1418 944 1468 ὲν
978 1416 1275 1484 ὀφθαλμοῖς
1313 1418 1545 1488 Κυρίου,
1576 1419 1715 1488 πλὴν
1746 1420 1846 1489 οὐχ

258 1503 339 1566 ὡς
385 1505 433 1557 οἱ
488 1503 724 1573 βασιλεῖς
763 1504 996 1575 Ἰσραὴλ,
1025 1506 1075 1557 οἳ
1108 1502 1249 1574 ἦσαν
1298 1507 1610 1577 ἔμπροσθεν
1655 1510 1840 1564 αὑτοῦ.

270 1596 388 1647 Ἐπ’
408 1595 556 1664 αὑτῴ
579 1594 745 1665 ἀνέϐη
771 1597 1132 1667 Σαλμανασὰρ
1145 1596 1724 1669 βασιλεὺςἈσσυρίων,
1750 1601 1845 1654 καὶ

258 1689 492 1759 ἐγενήθη
527 1688 676 1758 αὐτῷ
700 1690 861 1758 Ὠσηὲ
889 1690 1091 1751 δοῦλος.
1122 1708 1140 1741 ι
1176 1692 1282 1743 Καὶ
1320 1691 1439 1760 μεθ’
1460 1692 1621 1762 ἕτερα
1647 1693 1839 1747 πάλιν’

1943 505 2032 567 lis,
2071 524 2091 557 ι
2131 505 2297 576 709
2325 506 2577 561 irascitur
2601 505 2972 562 Deuslsraeli.
3007 508 3209 561 Deinde
3239 508 3523 561 Salmans-

1944 611 2033 652 sar
2062 595 2405 667 Assyriorum
2439 610 2527 650 rex
2554 597 2887 663 provinciam
2924 597 3091 651 armis
3146 596 3371 661 invadit,
3424 594 3526 651 Sa-

1944 691 2172 744 mariam
2216 699 2470 756 occupat,
2511 688 2762 743 lsraelem
2799 688 3035 756 migrare
3070 689 3232 756 cogit,
3275 698 3324 741 et
3364 704 3525 756 quos-

1943 780 2067 835 dam
2099 782 2164 835 de
2195 782 2414 849 regione
2444 780 2817 834 Chaldaeorum
2864 780 3104 833 vicissim
3157 778 3362 833 incolas
3423 781 3525 832 im-

1945 870 2135 933 mittit,
2174 880 2230 924 ut
2263 869 2550 923 Persarum
2612 871 2825 939 propria
2860 870 3032 934 lien-et,
3086 868 3351 936 siqnidcm
3404 869 3526 920 inde

1947 962 2151 1016 incolas
2181 962 2432 1029 deinceps
2474 963 2721 1016 haberet.
2778 961 3068 1014 Historiam
3140 960 3306 1013 habes
3386 959 3525 1013 libro

1944 1064 2140 1124 quarto
2176 1055 2377 1122 Regum
2414 1054 2465 1107 in
2501 1056 2611 1107 haec
2630 1053 2789 1107 verba
2823 1070 2839 1109 :
2892 1072 2909 1103 ι
2948 1053 3001 1104 In
3035 1067 3175 1106 anno
3206 1051 3526 1106 duodecimo

1944 1144 2131 1198 Achaz
2195 1147 2345 1213 regis
2379 1145 2512 1198 Jnda
2547 1146 2793 1212 regnavit
2825 1142 2962 1199 Osee
2990 1145 3128 1199 [ilius
3164 1145 3255 1198 Ela
3320 1148 3370 1197 in
3424 1147 3526 1198 Sa-

1948 1236 2121 1289 maria
2151 1250 2313 1301 Snper
2364 1233 2525 1288 Israel
2567 1251 2757 1290 novem
2784 1237 2958 1289 antiis.
2986 1237 3046 1289 Et
3083 1236 3208 1289 fecit
3248 1237 3443 1289 malum
3471 1236 3523 1289 in

1947 1338 2238 1397 conspectu
2274 1328 2522 1392 Domini,
2560 1339 2930 1381 verumtamen
2964 1346 3067 1381 non
3101 1332 3239 1382 sicut
3274 1344 3427 1395 reges
3457 1324 3526 1380 ls-

1949 1421 2084 1481 rael,
2109 1421 2200 1489 qui
2236 1420 2451 1472 fuerunt
2474 1431 2598 1474 ante
2633 1437 2774 1475 eum.
2817 1421 2928 1474 Sub
2963 1438 3026 1474 eo
3049 1422 3288 1473 ascendit
3316 1420 3525 1472 Salma-

1946 1526 2107 1563 naszir
2157 1526 2246 1563 rex
2299 1513 2666 1579 Assyriorum,
2725 1521 2779 1565 et
2836 1512 3007 1565 fartus
3057 1521 3139 1564 est
3164 1511 3212 1564 ei
3242 1511 3378 1565 Osee
3407 1526 3522 1565 ser-

1944 1617 2044 1655 vus
2079 1602 2146 1655 ".
2187 1622 2206 1655 ι
2242 1604 2305 1656 Ει
2329 1603 2466 1656 infra
2502 1622 2516 1657 :
2553 1623 2571 1654 ι
2613 1604 2676 1657 Ει
2715 1605 3011 1657 translatus
3041 1606 3310 1659 estlsrael
3338 1607 3390 1657 in
3428 1607 3526 1657 As-

1945 1694 2123 1764 syrios
2149 1710 2317 1762 usque
2348 1696 2399 1747 in
2434 1696 2576 1747 diem
2612 1697 2769 1749 hanc.
2803 1696 2870 1749 Et
2898 1696 3123 1750 adduxit
3158 1713 3247 1750 rex
3282 1698 3527 1767 Assyrio-

265 1800 284 1831 ι
318 1782 425 1834 Καὶ
470 1781 761 1851 ἀπῳκίσθη
808 1782 1025 1851 Ἰσραὴλ
1093 1784 1173 1844 είς
1219 1784 1534 1853 ’Λσσυρίους
1587 1784 1691 1847 ἕως
1746 1783 1848 1853 τῆς

1954 1801 2069 1838 rum
2094 1785 2161 1839 de
2192 1786 2460 1855 Babylone
2484 1786 2688 1839 Echnta
2724 1789 2790 1840 ab
2823 1788 2953 1849 Aia,
2986 1799 3036 1840 et
3065 1789 3131 1840 ab
3186 1786 3430 1847 Emam,
3475 1796 3528 1840 et

262 1873 474 1942 ἡμέρας
521 1871 748 1940 ταύτης.
790 1874 900 1925 Kal
949 1873 1125 1943 ἤγαγε
1172 1872 1421 1943 βασιλεὺς
1453 1875 1751 1945 ’Δσσυρίων
1783 1877 1846 1929 ὲκ

262 1965 577 2027 Βαϐυλῶνος
606 1964 698 2018 τὸν
733 1968 795 2017 ὲκ
830 1966 1011 2019 Χουθᾶ
1038 1966 1145 2019 ἀπὸ
1176 1968 1318 2032 Ἀῖά,
1349 1968 1444 2020 καὶ⁵
1487 1969 1595 2022 ἀπὸ
1640 1968 1843 2038 sipara.

265 2055 360 2108 καὶ
385 2053 797 2126 Σεπφαρουαῒμ,
830 2056 923 2108 καί
959 2057 1385 2126 κατῳκίσθησαν
1411 2059 1467 2110 ὲν
1493 2060 1612 2121 ταῖς
1657 2059 1846 2111 πόλεσι

269 2147 599 2217 Σαμαρείας,
632 2149 749 2200 ἀντὶ
778 2147 885 2200 τῶν
917 2148 1048 2200 υἱῶν
1077 2149 1309 2219 Ἰσραὴλ,
1341 2152 1436 2203 καὶ
1473 2150 1844 2221 ἐκληρονόμη-

272 2252 373 2290 σαν
401 2238 493 2308 τὴν
521 2240 850 2309 Σαμάρειαν.
885 2260 905 2292 ι
946 2234 1105 2294 Οὗτοι
1139 2242 1204 2312 δὴ
1232 2237 1345 2307 οὖν,
1372 2244 1420 2294 oi
1451 2241 1651 2311 κλῆρον
1696 2242 1843 2294 ἐλόνο

266 2346 363 2393 τες
393 2330 484 2382 τὸν
516 2331 891 2402 Σαμαρειτῶν,
914 2336 1011 2388 καὶ
1055 2336 1442 2405 κατῳκηκότες
1468 2335 1564 2406 τὴν
1591 2334 1715 2403 γῆν,
1747 2334 1842 2387 καὶ

264 2421 471 2475 τέκνων
519 2423 659 2492 τάχα
707 2440 807 2476 που
856 2426 1112 2493 γεγόνασι
1144 2427 1398 2495 πατέρες,
1439 2427 1531 2478 καὶ
1570 2429 1680 2488 τοῖς
1707 2426 1843 2477 Ἰου-

261 2512 427 2565 δαίων
460 2512 636 2566 ἔθνεσι
689 2516 1140 2585 προσνενεύκασι,
1172 2518 1270 2579 τὰς
1315 2517 1422 2569 τῶν
1476 2517 1705 2585 λεόντων
1747 2518 1845 2584 ἐφ-

260 2603 414 2667 όδους
448 2606 980 2676 κατορῤωδήσαντες,
1009 2609 1103 2661 καὶ
1157 2609 1336 2661 αὐτῶν
1384 2608 1639 2675 γεγόνασι
1671 2608 1847 2677 Σαρα-

260 2694 385 2766 σὰρ,
443 2696 537 2749 καὶ
598 2697 881 2769 Ἀρϐεσὲρ,
929 2700 986 2761 ὂς
1042 2700 1138 2752 καὶ
1192 2699 1506 2769 ὠνόμασται
1569 2698 1841 2767 βασιλεὺς,

254 2784 344 2839 διά
367 2804 452 2840 τοι
483 2787 545 2855 τὸ
574 2787 931 2859 καθηγεῖσθαι
971 2790 1031 2842 τὸ
1060 2790 1314 2859 τηνικάδε
1351 2790 1458 2842 τῶν
1490 2793 1547 2842 ὲν
1565 2788 1847 2861 Σαμαρείᾳ

1945 1877 2324 1943 Sepbarvairn,
2355 1888 2409 1931 et
2456 1878 2707 1931 collocati
2741 1888 2865 1931 sunt
2902 1879 2953 1930 in
2995 1879 3218 1930 urbibus
3267 1878 3527 1932 Samaria:

1944 1984 2041 2038 pro
2073 1968 2196 2022 ﬁliis
2229 1966 2416 2031 Israel,
2452 1978 2506 2021 et
2536 1969 2891 2037 possederunt
2950 1968 3255 2021 Samariam
3282 1968 3350 2022 ’³.
3389 1986 3407 2020 ι
3461 1966 3524 2021 Hi

1943 2059 2266 2127 suntigitur,
2300 2059 2391 2127 qni
2450 2060 2843 2113 Samaritarum
2918 2069 3119 2113 sortem
3181 2059 3526 2128 regionemvc

1944 2152 2283 2214 insederunt,
2312 2160 2366 2205 et
2398 2152 2761 2215 incoluerunt,
2794 2165 2859 2206 ac
2920 2151 3121 2203 liberos
3158 2151 3296 2205 forte
3331 2165 3527 2218 genue-

1949 2251 2171 2308 runt,et
2203 2243 2268 2295 ad
2304 2240 2609 2295 Judmorum
2657 2256 2836 2296 mores
2868 2256 2960 2295 seu
2999 2245 3131 2295 ritus
3171 2242 3526 2303 inclinarunt,

1950 2336 2161 2389 leonum
2191 2336 2441 2390 incursus
2476 2335 2847 2399 formidantes,
2932 2349 2963 2389 e
3017 2350 3246 2404 quorum
3299 2348 3527 2387 numero

1947 2425 2166 2478 fuerunt
2191 2424 2441 2487 Sarasar,
2473 2432 2526 2478 et
2555 2424 2813 2488 Arbeser,
2838 2425 2931 2494 qui
2974 2433 3028 2478 et
3076 2439 3165 2478 rex
3221 2425 3527 2477 nominatus

1945 2528 2048 2583 est,
2084 2518 2227 2585 quod
2260 2517 2364 2570 dux
2402 2532 2611 2580 eorum,
2642 2532 2704 2571 ac
2757 2518 3007 2586 princeps
3033 2525 3198 2579 esset,
3228 2518 3316 2584 qui
3346 2518 3397 2570 in
3428 2515 3531 2567 Sa-

1948 2610 2175 2661 mariam
2228 2623 2292 2662 ex
2335 2607 2515 2662 Persis
2571 2609 2870 2662 habitatum
2960 2609 3407 2678 connnigrarnnt.
3462 2606 3529 2659 Et

1949 2700 2064 2753 haec
2102 2701 2317 2768 quidem
2351 2700 2416 2752 de
2466 2700 2616 2752 viris.
2682 2700 2753 2753 De
2775 2698 3205 2752 sanctiﬁcatione
3259 2712 3385 2751 vero
3431 2710 3531 2768 age

1948 2803 2093 2842 nunc
2119 2789 2428 2841 verisimilia
2461 2790 2727 2842 dicamus.

253 2880 715 2933 κατοικισθέντων
744 2883 809 2932 ὲκ
837 2882 939 2950 τῆς
978 2882 1225 2953 Περσῶν.
1252 2881 1363 2935 Kal
1420 2882 1595 2935 ταῦτα
1660 2882 1758 2952 μὲν
1785 2880 1915 2952 περὶ
1951 2880 2063 2935 τῶν
2108 2880 2338 2954 ἀνδρῶν.
2376 2880 2513 2951 Περὶ
2548 2880 2607 2932 δέ
2652 2896 2715 2949 γε
2758 2878 2852 2932 τοῦ
2899 2882 3258 2952 ἁγιάσματος,
3289 2878 3421 2951 φέρε
3464 2872 3534 2944 δὴ

252 2971 415 3027 πάλιν
442 2971 517 3025 τὰ
548 2973 733 3026 εἰκότα
765 2973 1033 3043 λέγωμεν.

321 3066 541 3121 Οὐκοῦν
575 3067 706 3137 πρὶν
738 3067 938 3121 ἁλῶναι
966 3071 1064 3140 τὴν
1103 3070 1365 3127 Ἰουδαίαν
1404 3070 1553 3142 παρὰ
1592 3067 1685 3122 τοῦ
1728 3067 1847 3121 Να-

2022 3062 2207 3131 Itaque
2228 3071 2518 3131 antequam
2550 3060 2731 3116 Juda-a
2766 3079 2796 3117 a
2826 3062 3351 3117 Nabucliodonosore
3398 3066 3530 3119 sub-

248 3158 666 3229 ϐλυχοδονόσορ,
720 3161 748 3211 ό
794 3160 1061 3228 μακάριος
1107 3163 1396 3231 προφήτης
1453 3160 1607 3228 Ίωὴλ
1645 3159 1845 3213 ἀνακέ-

245 3265 422 3319 κραγε
456 3248 527 3300 τὸ
576 3249 1011 3318 συμϐησόμενον.
1063 3251 1173 3302 Kal
1216 3250 1279 3319 δὴ
1322 3251 1416 3301 καὶ
1469 3249 1687 3301 πενθεῖν
1736 3250 1847 3308 τοῖς

246 3339 453 3409 ἱερεῦσι
498 3339 918 3408 παρεκελεύετο,
944 3340 1039 3391 καὶ
1065 3340 1289 3408 προσέτι
1311 3340 1407 3392 καὶ
1435 3342 1547 3400 τοῖς
1569 3338 1673 3390 ὑπὸ
1693 3341 1849 3407 χεῖρα

242 3428 413 3495 λαοῖς,
451 3431 562 3483 καὶ
608 3432 733 3483 ὅσον
784 3429 995 3481 οὐδέπω
1049 3430 1147 3497 τῆς
1201 3428 1299 3497 μὲν
1358 3428 1711 3498 Ἰερουσαλὴμ
1745 3427 1849 3479 ὑπὸ

241 3522 412 3584 πόδας
480 3520 755 3590 ἐσομένης
812 3520 1043 3593 ἐχθρῶν,
1101 3519 1736 3590 κατεμπρησθησομένου
1790 3518 1847 3572 δὲ

239 3612 338 3664 καὶ
384 3610 567 3663 αὑτοῦ
600 3611 693 3662 τοῦ
735 3610 880 3662 θείου
914 3611 1064 3667 ναοῦ.
1103 3613 1246 3681 Ἔφη
1282 3611 1338 3664 δὲ
1368 3610 1539 3672 οὕτως
1561 3627 1573 3641 ·
1615 3626 1634 3660 ι
1681 3611 1845 3680 Περι-

240 3700 535 3765 ζώσασθε,
581 3701 672 3753 καὶ
712 3702 1001 3767 κόπτεσθε,
1031 3704 1079 3755 οἱ
1114 3703 1297 3772 ἱερεῖς·
1334 3700 1604 3771 θρηνεῖτε,
1638 3702 1689 3753 οί
1730 3700 1845 3752 λει-

242 3790 623 3862 τουργοῦντες
673 3790 1062 3863 θυσιαστηρίῳ,
1116 3792 1405 3856 είσέλθετε,
1457 3790 1742 3844 ὑπνώσατε
1786 3792 1845 3843 ὲν

245 3883 508 3947 σάκκοις.
539 3882 976 3951 λειτουργοῦντες
1001 3884 1137 3953 Θεῷ,
1163 3886 1247 3937 ὅτι
1274 3885 1583 3955 ἀπέσχηκεν
1611 3884 1670 3949 ἐξ
1695 3883 1844 3936 οῖκου

242 3970 384 4024 Θεοῦ
424 3971 598 4041 ὑμῶν,
631 3970 791 4024 θυσία
828 3972 921 4025 καὶ
954 3972 1175 4043 σπονδή.
1229 3972 1517 4040 Ἀγιάσατε
1553 3972 1842 4042 νηστείαν,

241 4062 536 4133 κηρύξατε
567 4062 884 4133 θεραπείαν,
915 4065 1250 4132 συναγάγετε
1277 4064 1608 4134 πρεσϐύτας,
1634 4063 1844 4126 πάντας

241 4155 653 4219 κατοικοῦντας
685 4155 818 4224 γῆν,
846 4158 926 4219 είς
944 4150 1093 4209 οἶκον
1124 4155 1258 4209 Θεοῦ
1295 4156 1469 4226 ὑμῶν,
1493 4156 1588 4208 καὶ
1608 4155 1845 4224 κράξατε

237 4245 384 4315 πρὸς
437 4245 652 4317 Κύριον
706 4246 967 4309 ἐκτενῶς·
1002 4248 1159 4315 Οῖμοι
1207 4249 1286 4309 είς
1335 4246 1584 4317 ὴμέρανῑ
1650 4264 1668 4297 ι
1730 4245 1845 4299 Καὶ

235 4336 424 4389 ταῦτα
459 4337 565 4406 μὲν
594 4339 622 4389 ὁ
658 4340 963 4406 προφήτης.
995 4338 1127 4390 Τίνα
1148 4337 1205 4391 δὲ
1229 4337 1293 4408 δὴ
1318 4339 1520 4406 τρόπον
1561 4337 1842 4406 διεπεραί-

1950 3152 2209 3221 igeretur,
2256 3153 2447 3205 beatus
2495 3154 2753 3220 propheta
2782 3153 2897 3207 Joel
2948 3156 3089 3221 quod
3124 3154 3363 3206 futurum
3414 3164 3531 3208 erat

1951 3243 2322 3311 proclamavit.
2354 3243 2494 3307 Quin
2526 3245 2689 3295 etiam
2718 3246 3047 3305 sacerdotes,
3079 3254 3132 3298 et
3165 3246 3382 3313 insuper
3406 3249 3533 3299 sub-

1947 3333 2150 3402 jectum
2202 3333 2335 3401 ipsis
2388 3335 2662 3403 populum,
2706 3336 2858 3403 quasi
2914 3351 3033 3389 mox
3080 3335 3378 3390 Jerusalem
3430 3340 3529 3391 sub

1952 3422 2176 3490 pedibus
2206 3423 2436 3475 hostium
2476 3423 2674 3489 futura,
2714 3426 2830 3494 ipso
2861 3441 3074 3494 quoque
3108 3428 3290 3482 divino
3333 3430 3532 3498 templo

1951 3512 2306 3577 inﬂammato,
2363 3516 2427 3566 ad
2475 3515 2675 3569 luctum
2735 3519 2982 3572 hortatus
3030 3528 3134 3572 est.
3196 3521 3286 3574 Sic
3345 3533 3525 3575 autem

1949 3606 2024 3659 ait
2056 3624 2069 3661 :
2100 3624 2118 3657 ι
2142 3606 2519 3676 Accingimini,
2551 3618 2601 3661 et
2629 3608 2882 3676 plangite,
2903 3611 3233 3675 sacerdotes,
3265 3611 3529 3665 lamenta-

1951 3697 2107 3759 tnini,
2128 3697 2221 3759 qui
2255 3697 2579 3750 ministratis
2610 3698 2792 3760 altari,
2815 3696 3183 3763 ingredimini,
3207 3700 3441 3751 dormite
3471 3700 3524 3753 in

1949 3788 2143 3850 saccis,
2188 3788 2559 3842 ministrantes
2590 3787 2723 3853 Deo,
2755 3787 2876 3855 quia
2908 3787 3103 3841 defecit
3135 3789 3200 3841 de
3228 3789 3392 3842 domo
3433 3790 3523 3843 Dei

1950 3878 2113 3930 vestri
2148 3877 2475 3931 sacriﬁcium
2524 3886 2579 3930 et
2624 3877 2830 3929 libatio.
2872 3876 3218 3931 Sanctificate
3241 3877 3525 3945 jejunium,

1947 3970 2239 4038 pra-dicate
2276 3970 2638 4035 curationem,
2676 3981 3005 4039 cougregale
3031 3970 3294 4034 seniores,
3334 3986 3523 4027 omnes

1948 4062 2257 4117 habitantes
2291 4070 2490 4114 terram
2526 4061 2576 4113 in
2603 4061 2819 4114 domum
2851 4062 2941 4115 Dei
2986 4064 3175 4127 vestri,
3212 4073 3267 4116 et
3295 4063 3525 4119 clamate

1947 4154 2013 4205 ad
2049 4152 2329 4205 Dominum
2378 4153 2728 4206 vehementer
2760 4168 2773 4204 :
2805 4151 2915 4205 Heu
2962 4153 3091 4205 mihi
3135 4153 3186 4206 in
3228 4154 3464 4208 diem“!
3496 4174 3517 4206 ι

1949 4243 2016 4296 Et
2065 4243 2175 4297 haec
2222 4244 2439 4310 quidem
2503 4244 2789 4311 propheta.
2838 4242 3079 4305 Quonam
3133 4254 3312 4296 autem
3366 4247 3525 4299 modo

1948 4336 2202 4402 praedicta
2263 4334 2621 4403 contigerint,
2668 4332 2779 4400 jam
2833 4334 3071 4396 docebo,
3123 4335 3305 4388 verbis
3355 4350 3527 4393 sacra:

235 4444 366 4481 νετο
400 4429 478 4479 τὰ
515 4429 956 4496 προηγγελμένα,
995 4429 1241 4498 σαφηνιῶ
1275 4429 1459 4492 πάλιν,
1499 4428 1632 4480 αὐτὸ
1662 4444 1844 4498 παρα-

1952 4425 2244 4494 Scripturte
2274 4424 2537 4479 recitatis.
2572 4423 2661 4478 Sic
2704 4423 2845 4477 enim
2880 4434 3053 4478 exstat
3096 4425 3147 4479 in
3188 4435 3380 4494 quarto
3420 4425 3525 4482 Re-

234 4517 361 4580 θεὶς
404 4519 475 4567 τὸ
514 4515 754 4585 Γράμμα
785 4517 850 4569 τὸ
901 4518 1063 4587 ἱερὸν.
1122 4519 1432 4588 Γέγραπται
1472 4518 1531 4571 δὲ
1573 4516 1745 4579 οὕτως
1788 4518 1845 4568 ὲν

230 4609 304 4678 τῇ
364 4604 624 4675 τετάρτῃ
676 4603 783 4659 τῶν
844 4594 1169 4657 Βᾶσιλειῶν·
1229 4625 1247 4656 ι
1314 4608 1403 4658 Ἐν
1455 4605 1535 4675 τῷ
1590 4607 1719 4675 μηνὶ
1767 4604 1845 4674 τῷ

232 4699 521 4768 πέμπτῳ,
575 4698 640 4767 τῇ
687 4695 891 4769 ἑϐδόμῃ
931 4695 1023 4749 τοῦ
1069 4697 1257 4766 μηνὸς,
1301 4692 1453 4760 οὗτος
1485 4697 1725 4759 ἐνιαυτὸς
1755 4698 1843 4749 ὲν-

234 4787 686 4850 νεακαιδέκατο;
728 4786 805 4859 τῷ
843 4788 1311 4859 Ναϐουχοδονόσορ
1354 4788 1561 4858 βασιλεῖ
1590 4788 1843 4841 Βαϐυλῶ-

233 4894 349 4945 νος,
399 4874 548 4949 ἦλθε
590 4877 980 4948 Ναϐουζαρδὰν
1016 4882 1043 4931 ὁ
1081 4880 1498 4949 ἀρχιμάγειρος,
1541 4877 1713 4943 ἑστὼς
1754 4881 1844 4931 ὲν-

232 4965 418 5022 ώπιον
490 4966 763 5037 βασιλέως
803 4967 1119 5030 Βαϐυλῶνος
1177 4971 1256 5031 εὶς
1293 4968 1680 5038 Ἰερουσαλὴμ,
1744 4970 1841 5022 καὶ

236 5059 528 5129 ἐνέπρησε
558 5056 651 5109 τὸν
693 5054 841 5109 οἷκον
885 5057 1114 5126 Κυρίου,
1150 5060 1244 5110 καὶ
1279 5058 1369 5111 τὸν
1392 5055 1538 5111 οἶκον
1557 5058 1649 5111 τοῦ
1690 5058 1843 5127 βασι-

236 5147 403 5214 λέως,
455 5150 559 5202 καὶ
594 5149 801 5210 πάντας
846 5150 970 5211 τοὺς
1014 5150 1195 5211 οἴκους
1238 5150 1613 5219 Ἰερουσαλήμ.
1654 5170 1672 5202 r
1713 5145 1843 5201 Εἶτα

239 5241 709 5311 κεχειροτόνηκεν
738 5241 830 5292 ἐπὶ
863 5241 953 5295 τὸν
1000 5242 1411 5311 περιλειφθέντα
1440 5243 1611 5313 δῆμον
1641 5244 1699 5308 ἐξ
1745 5243 1843 5294 Ίσο

241 5334 381 5403 ραὴλ
412 5334 509 5387 τὸν
542 5332 587 5384 Γ
590 5333 821 5398 οδολίαν,
861 5335 917 5386 ὲν
950 5335 1083 5404 μηνὶ
1114 5335 1191 5405 τῷ
1231 5335 1464 5405 ἑϐδόμῳ,
1503 5335 1561 5387 ὃν
1594 5334 1843 5387 ὑπελθὼν

238 5424 592 5496 ἐχειρώσατο
638 5424 731 5477 καὶ
762 5426 1080 5479 ἀπέκτεινεν
1123 5426 1347 5497 Ίσμαὴλ
1389 5428 1502 5489 υίὸς
1549 5426 1841 5488 Ναθανίου,

241 5514 361 5568 υίοῦ
416 5513 709 5580 Ἐλισάϐα,
763 5518 826 5568 ἐκ
872 5517 965 5570 τοῦ
1022 5518 1334 5589 σπέρματος
1380 5519 1489 5570 τῶν
1534 5518 1839 5587 βασιλέων·

1952 4530 2076 4583 gum
2124 4533 2190 4569 ει
2230 4513 2287 4568 ln
2341 4530 2527 4569 mense
2577 4516 2767 4582 quinto
2798 4514 2959 4585 710
3000 4517 3225 4585 septima
3283 4521 3522 4581 mensis,

1952 4618 2094 4658 arino
2125 4606 2333 4660 decimo
2373 4621 2517 4660 nono
2560 4607 2699 4673 regis
2724 4604 3220 4662 Nabuchodonosor
3247 4610 3392 4662 venit
3420 4608 3524 4661 Na-

1952 4696 2226 4749 buzardan
2272 4698 2522 4766 princeps
2569 4712 2900 4766 coquorum,
2957 4708 3108 4753 stans
3162 4714 3344 4753 coram
3401 4716 3524 4768 rege

1952 4784 2264 4857 Babylonis,
2299 4787 2747 4856 Hierosolymam,
2782 4797 2835 4841 et
2864 4790 3140 4842 succendit
3173 4790 3390 4843 domum
3423 4789 3526 4841 Do-

1952 4878 2104 4944 mini,
2149 4888 2203 4930 et
2252 4878 2467 4931 domum
2519 4880 2681 4948 regis,
2744 4888 2799 4932 et
2845 4895 3033 4936 onmes
3079 4881 3270 4934 domus
3315 4878 3525 4933 Jerusa-

1948 4969 2050 5024 lem
2077 4969 2144 5024 ".
2178 4988 2197 5022 ι
2232 4970 2431 5023 Deinde
2476 4972 2718 5039 reliquiis
2761 4972 2939 5040 populi
2989 4971 3203 5025 lsraelis
3242 4971 3520 5025 Godoliam

1949 5063 2245 5133 prmposuit
2292 5077 2477 5116 mense
2521 5064 2772 5131 septimo,
2808 5080 2966 5129 quem
2998 5063 3205 5116 insidiis
3237 5075 3525 5128 aggressus

1947 5157 2112 5223 cepit,
2167 5164 2221 5209 et
2261 5154 2840 5219 oblruucavitlsmael,
2896 5156 3037 5209 ﬁlius
3080 5152 3382 5217 Nathanize,
3429 5153 3521 5207 ﬁlii

1950 5245 2186 5305 Elisaba,
2215 5246 2424 5299 semine
2463 5247 2608 5313 regio
2647 5249 2907 5301 oriundus
2937 5266 2948 5299 :
2979 5246 3031 5297 in
3063 5246 3198 5297 hanc
3223 5243 3366 5296 enim
3402 5258 3524 5299 scn-

1949 5338 2175 5389 teutiam
2212 5336 2475 5403 scriptmn
2519 5337 2769 5405 legimus.
2819 5338 3004 5402 Itaque
3037 5344 3317 5403 postquam
3348 5337 3526 5389 conti-

1947 5428 2023 5497 git
2083 5428 2135 5479 in
2196 5441 2379 5479 mense
2436 5429 2623 5494 quinto
2678 5428 2765 5480 die
2825 5428 3051 5495 septima
3096 5425 3520 5497 Hierosolymam

1948 5518 2085 5587 capi,
2114 5518 2371 5584 templum
2398 5517 2678 5580 succendi,
2703 5526 2756 5572 et
2790 5517 3011 5588 insuper
3038 5518 3211 5574 occidi
3239 5516 3524 5575 Godoliam

316 5689 362 5722 "
403 5687 472 5743 IV
510 5688 651 5758 Heg.
694 5705 825 5756 xvii,
876 5691 989 5744 1-5.
1104 5692 1146 5722 ⁵³
1190 5692 1317 5746 ibid.
1359 5692 1449 5753 23,
1490 5692 1579 5743 24.
1698 5691 1741 5721 ⁹²
1781 5689 1860 5741 ,Ιοι

1947 5706 1972 5755 ς,
2009 5689 2089 5756 l5,
2136 5690 2216 5743 15.
2302 5690 2343 5720 ⁵⁸
2388 5689 2451 5746 IV
2496 5690 2627 5763 Heg.
2676 5710 2861 5759 txvm,
2904 5694 2958 5747 8.
