4080 6284
560 291 665 348 103

1548 279 1606 337 S.
1649 280 1922 338 CYRILLI
1959 283 2431 342 ALEXANDRINI
2464 285 2788 342 ARCHIEP.

3714 275 3822 331 MM

557 420 744 463 mense
783 403 1035 475 septimo,
1088 400 1180 470 qui
1236 408 1613 455 remanserant
1652 399 1844 469 Judaei,
1890 401 2137 459 fortassis

2242 406 2545 477 γέγραπται
2577 404 2687 472 γὰρ
2725 402 2842 458 ὡδί.
2896 398 3107 455 Οὐκοῦν
3135 394 3434 466 ἐπειδήπερ
3471 392 3823 465 συμϐέϐηκεν

557 499 612 554 in
666 495 983 553 memoriam
1043 493 1313 548 dictorum
1377 504 1407 544 a
1455 491 1721 560 propheta
1771 490 2004 547 Jeremia
2058 507 2141 548 re-

553 586 751 657 gressi,
805 592 1138 655 statuerunt,
1188 589 1248 636 ut
1293 595 1361 636 ex
1410 582 1665 637 omnibus
1715 582 1853 638 locis
1896 582 2140 639 ﬁnitimis

554 678 731 747 quinti
785 673 990 729 mensis
1046 673 1134 728 die
1188 672 1422 741 septimo
1463 686 1653 727 omnes
1702 672 2136 743 Hierosolymam

553 767 933 832 ascenderent,
959 776 1014 820 et
1036 763 1298 835 jejunium
1328 763 1750 831 sanctiﬁcarent,
1780 775 1836 820 et
1865 766 2137 836 planctum

555 859 917 929 susciperent,
967 857 1121 925 quasi
1157 869 1321 925 super
1357 864 1594 923 mortuo,
1641 866 1698 910 et
1740 858 2138 929 quodammodo

556 964 723 1019 super
748 951 1014 1003 cadavere
1046 948 1235 1018 templi
1266 947 1558 1017 ejularent,
1579 956 1634 1002 et
1659 961 1820 1016 super
1844 950 1980 1003 urbe
2014 962 2138 1002 cre-

556 1053 704 1096 mata
740 1056 804 1095 es
846 1040 1239 1110 posterioribus
1283 1038 1527 1093 consiliis
1555 1037 1827 1108 profectas
1860 1037 2138 1110 lacrymas

557 1132 916 1188 eﬂunderent.
966 1131 1369 1186 Existimabam
1411 1138 1593 1184 autem
1641 1144 1701 1184 se
1742 1132 1963 1184 modum
1992 1131 2139 1187 hunc

556 1225 654 1280 Dei
701 1224 913 1283 colendi
973 1223 1077 1292 ipsi
1133 1231 1342 1292 gratum
1389 1221 1791 1291 sapientissime
1840 1223 2133 1277 invenisse.

556 1317 727 1372 Porro
754 1316 981 1385 degebat
1005 1316 1180 1369 adhuc
1214 1313 1379 1368 Israel
1414 1314 1515 1368 sub
1538 1313 1667 1384 jugo
1709 1315 1974 1383 impositae
2018 1330 2137 1369 ser-

556 1407 767 1470 vitulis,
799 1420 899 1459 nec
931 1404 998 1458 de
1027 1402 1212 1456 divino
1242 1402 1442 1472 templo
1474 1404 1763 1472 quisquam
1786 1413 1904 1457 erat
1934 1404 2136 1459 sollici-

558 1509 663 1553 tus.
710 1500 809 1552 Ast
859 1497 946 1551 ubi
1004 1511 1072 1551 ex
1114 1494 1296 1550 Persis
1338 1504 1395 1549 et
1457 1494 1627 1549 Medis
1675 1505 2040 1560 reverterunt,
2086 1504 2141 1550 et

559 1602 803 1645 sanctam
838 1590 1113 1644 civitatem
1163 1590 1229 1643 de
1277 1588 1491 1657 integro
1526 1587 1861 1653 habitarunt,
1911 1598 1967 1641 et
2004 1588 2142 1641 divi-

558 1694 684 1733 num
722 1681 975 1748 templum
1010 1686 1359 1747 repararunt,
1388 1676 1566 1730 visum
1590 1685 1698 1741 est,
1730 1677 1872 1747 quod
1906 1677 2138 1744 solebat,

2240 499 2300 550 ὲν
2328 497 2407 565 τῷ
2436 495 2672 566 πέμπτῳ
2720 494 2873 565 μηνὶ,
2921 493 3016 545 καὶ⁵
3043 491 3102 543 ὲν
3126 489 3313 560 ἡμέρᾳ.
3338 489 3405 557 τῇ
3446 485 3651 555 ἐϐδόμῃ
3679 483 3825 538 ἀλῶ-

2238 606 2327 643 ναι
2373 588 2473 660 μὲν
2510 588 2581 641 τά
2635 586 3016 657 Ἰεροσόλυμα,
3076 576 3569 650 κατεμπρησθῆναι
3621 577 3678 629 δὲ
3725 575 3821 628 τόν

2237 681 2399 744 ναὸν,
2452 678 2886 750 προσαποθανεῖν
2932 676 2992 728 δὲ
3046 674 3141 728 καὶ
3196 671 3289 723 τὸν
3335 668 3586 723 Γοδολίαν
3632 669 3692 721 ὲν
3740 665 3823 735 τῷ

2237 773 2451 844 ἑϐδόμῳ
2506 771 2659 842 μηνὶ,
2710 771 2850 840 τάχα
2879 784 2993 837 ,που
3043 764 3179 835 πρὸς
3218 762 3522 833 ἀνάμνησιν
3568 760 3672 829 τῆς
3724 758 3819 811 τοῦ

2237 871 2522 940 προφήτου
2554 865 2762 936 φωνῆς,
2786 863 2837 915 οἱ
2869 860 3187 915 κατάλοιποι
3214 855 3323 908 τῶν
3363 853 3628 907 Ἰουδαίων
3668 853 3823 920 ὲνηνο

2237 962 2458 1031 εγμένοι
2483 956 2864 1013 τετυπὼκασιν
2897 952 2996 1024 (1),
3028 951 3086 1017 te
3119 950 3334 1018 ἀπάσης
3360 947 3458 1017 τῆς
3493 942 3822 1015 περιοικίδος

2239 1054 2297 1107 έν
2333 1052 2462 1122 μηνὶ
2494 1049 2573 1120 τῷ
2606 1049 2840 1118 πέμπτῳ
2878 1046 2935 1097 ὲν
2979 1046 3047 1113 τῇ
3099 1040 3304 1113 ἑϐδόμῃ
3331 1037 3427 1091 τοῦ
3478 1036 3649 1106 μηνὸς
3690 1035 3823 1088 ἀνα-

2238 1141 2441 1195 ϐαίνειν
2468 1139 2712 1201 ἅπαντας
2756 1137 2837 1199 είς
2895 1132 3266 1205 Ἰεροσόλυμα,
3315 1128 3411 1181 καὶ
3446 1126 3671 1195 ἁγιάσαι
3721 1123 3821 1193 μὲν

2238 1234 2514 1304 νηστείαν,
2567 1228 2779 1300 κομμὸν
2822 1227 2879 1279 δὲ
2924 1224 3168 1278 τίθεσθαι
3220 1220 3470 1289 καθάπερ
3519 1218 3614 1270 ἐπὶ
3642 1213 3821 1285 νεκρῷ

2240 1322 2334 1375 καὶ
2363 1318 2692 1389 έποιμώζειν
2729 1315 2968 1386 κειμένῳ
3000 1313 3201 1384 τρόπον
3232 1309 3353 1363 τινά
3384 1306 3463 1377 τῷ
3498 1304 3632 1376 ναῷ,
3660 1308 3726 1375 τῇ
3759 1320 3821 1357 τε

2241 1414 2392 1468 πόλει
2428 1411 2919 1483 κατεμπρησθείσῃ
2946 1410 3007 1461 τὸ
3040 1409 3105 1461 ὲκ
3137 1406 3237 1476 τῆς
3277 1400 3695 1473 ὑστεροϐουλίας
3722 1399 3822 1451 δά-

2241 1523 2405 1578 κρυον
2449 1508 2680 1575 ἐπιχεῖν.
2730 1505 2921 1574 ’ῼοντο
2954 1501 3010 1555 δὲ
3062 1501 3144 1553 ὅτι
3193 1496 3449 1570 λατρείας
3495 1496 3682 1556 αὐτοῖς
3724 1494 3822 1562 τῆς

2241 1596 2579 1671 ἀρεσκούσης
2607 1596 2727 1666 Θεῷ
2772 1594 2971 1666 τρόπος
3001 1586 3157 1655 οὗτος
3195 1590 3470 1657 πάνσοφος
3500 1584 3818 1655 ἐξηύρηται.

2256 1688 2397 1741 Ἀλλ’
2435 1688 2738 1758 ἐπράττετο
2782 1686 2902 1755 μὲν,
2928 1683 3009 1736 ἔτι
3042 1680 3182 1754 [τοῦ]
3228 1678 3446 1750 Ἰσραὴλ
3478 1677 3584 1730 ὑπὸ
3606 1676 3698 1728 τὸν
3721 1672 3823 1742 τῆς

554 1786 660 1826 non
689 1769 799 1839 jam
845 1770 900 1824 in
944 1777 1229 1841 tempore,
1268 1784 1369 1823 nec
1406 1784 1527 1824 cum
1555 1770 1769 1837 ratione
1801 1770 1937 1827 ﬁeri.
1972 1770 2139 1839 Magis

2242 1777 2619 1849 αἰχμαλωσίας
2657 1774 2912 1845 κειμένου
2948 1772 3132 1842 ζυγὸν,
3164 1770 3421 1841 οὐδεμιᾶς
3454 1768 3510 1821 δὲ
3545 1765 3823 1837 φροντίδος

552 1865 699 1920 enim
740 1872 1000 1932 tanquam
1038 1877 1067 1915 a
1096 1860 1386 1929 praeteritis
1417 1861 1483 1915 ad
1520 1860 1848 1914 hilaritatem
1887 1862 2138 1928 transire,

554 1963 610 2008 et
642 1952 917 2007 celebrare
945 1951 1061 2006 dies
1092 1948 1287 2015 festos,
1319 1948 1619 2021 etqhymnis
1644 1947 1908 2003 libertatis
1935 1950 2140 2004 auctori

555 2046 760 2115 gratias
809 2058 972 2115 agere
1043 2044 1420 2099 conveniebat.
1478 2040 1797 2097 Dubitantes
1854 2041 2020 2106 igitur
2073 2042 2142 2097 de

556 2138 752 2207 quibus
799 2150 981 2192 sermo
1034 2142 1141 2199 est,
1186 2136 1440 2199 Sarazar,
1494 2141 1552 2187 et
1607 2132 1867 2199 Arseber,
1920 2133 2143 2188 mittunt

556 2228 819 2297 quosdam
898 2227 1291 2295 interrogatum
1343 2223 1653 2280 sacerdotes
1709 2234 1765 2279 et
1806 2223 2137 2295 prophetas:

563 2337 583 2371 ι
612 2318 862 2389 lngressa
906 2327 990 2373 est
1038 2318 1146 2372 huc
1192 2314 1552 2371 sanctiﬁcatio
1584 2315 1637 2369 in
1691 2329 1878 2381 mense
1923 2315 2138 2386 quinto,

555 2410 700 2465 sicut
745 2408 991 2465 fecerunt
1029 2408 1140 2479 jam
1192 2407 1349 2462 annis
1399 2406 1604 2470 multis,
1640 2424 1657 2458 ι
1703 2406 1805 2461 hoc
1843 2414 1948 2473 est,
1986 2421 2139 2472 num,

556 2503 647 2573 qui
678 2502 1068 2575 Hierosolymis
1099 2502 1368 2567 habitant,
1407 2514 1531 2555 cum
1572 2500 1704 2570 ipsis
1737 2500 1977 2570 lugeant,
2010 2514 2143 2555 con-

556 2594 1010 2665 suetudinemque
1058 2593 1113 2649 in
1160 2592 1333 2648 forma
1374 2591 1831 2647 sanctiﬁcationis
1882 2591 2140 2646 usitatam

555 2686 843 2756 recipiant,
876 2686 1041 2742 etiam
1078 2684 1317 2741 excitato
1344 2682 1569 2753 templo,
1607 2693 1663 2737 et
1702 2682 1881 2737 soluta
1912 2683 2140 2753 captivi-

558 2786 687 2833 tate.
733 2777 1156 2833 Sanctiﬁcabant
1200 2776 1346 2831 enim
1376 2774 1668 2844 jejunium,
1715 2782 1776 2829 ut
1818 2774 1955 2841 dixi,
1996 2774 2142 2830 sicut

554 2869 806 2926 fecerant
831 2868 959 2925 inde
996 2869 1067 2923 ab
1093 2868 1252 2923 annis
1288 2867 1494 2922 multis.
1525 2866 1750 2937 Captivo
1774 2866 1920 2921 enim
1944 2865 2141 2922 lsraele

558 2966 777 3029 tempus
825 2959 1006 3014 luctus
1050 2967 1106 3013 et
1148 2957 1250 3027 ipsi
1297 2965 1613 3012 constanter
1661 2955 2140 3040 servabant,jeju;

559 3050 711 3106 nium
745 3049 1178 3115 sanctiﬁcantes,
1204 3058 1264 3103 ut
1284 3048 1397 3118 jam
1428 3048 1579 3118 prius
1608 3047 1864 3104 diximus.
1892 3048 1989 3104 Est
2008 3064 2140 3119 ergo

2241 1870 2335 1923 τοῦ
2366 1866 2511 1922 θείου
2541 1868 2904 1938 τετυχηκότος
2944 1865 3097 1920 ναοῦ.
3134 1864 3354 1933 Ἐπειδὴ
3395 1861 3453 1914 δὲ
3494 1859 3821 1929 ἐπανῆλθον,

2241 1961 2341 2031 τὴν
2361 1959 2589 2033 Περσῶν
2612 1960 2844 2030 ἀφέντες
2864 1958 2962 2013 καὶ
2984 1957 3204 2028 Μήδων,
3228 1954 3324 2008 καὶ
3347 1953 3704 2022 κατῳκήκασι
3724 1950 3824 2019 τὴν

2243 2052 2404 2120 ἁγίαν
2438 2052 2613 2118 πόλιν,
2656 2051 2752 2105 καὶ
2795 2046 2915 2103 εἶτα
2954 2050 3046 2103 τὸν
3079 2049 3222 2102 θεῖον
3268 2045 3623 2115 ἀνεδείμαντο
3662 2040 3822 2107 νεὼν,

2243 2145 2419 2199 ἐδόκει
2454 2162 2571 2208 πως
2604 2143 2664 2196 τὸ
2700 2143 2821 2206 ῐθος
2858 2144 3039 2206 αὐτοῖς
3087 2142 3187 2196 οὐκ
3232 2139 3292 2193 ὲν
3325 2136 3503 2209 καιρῷ
3550 2130 3645 2189 καὶ
3680 2132 3823 2201 λόγῳ

2244 2229 2580 2302 πράττεσθαι
2601 2229 2806 2284 λοιπόν.
2832 2230 2979 2283 Ἔδει
3005 2228 3113 2300 γὰρ
3140 2228 3339 2298 μᾶλλον
3368 2226 3443 2289 ὡς
3466 2224 3572 2278 ἀπό
3612 2240 3675 2291 γε
3714 2222 3823 2275 τῶν

2242 2320 2625 2391 γεγενημένων
2658 2320 3048 2393 μταχωρῆσαι
3080 2317 3216 2390 πρὸς
3240 2316 3524 2388 εὐθυμίαν,
3562 2313 3657 2368 καὶ
3684 2312 3825 2384 πλη-

2246 2412 2372 2483 ροῦν
2420 2414 2633 2484 έορτάς,
2678 2415 2774 2466 καὶ
2818 2411 3207 2484 χαριστηρίους
3254 2410 3515 2463 ἀνάπτειν
3557 2406 3698 2477 ᾡδάς
3744 2404 3825 2475 τῷ

2242 2503 2534 2574 κεκληκότι
2562 2504 2700 2574 πρὸς
2727 2502 3042 2573 ἐλευθερίαν
3074 2500 3292 2563 αὐτούς.
3338 2495 3731 2560 Ἐνδοιάζοντες
3759 2495 3825 2566 δὴ

2241 2590 2334 2648 οὖν
2370 2596 2419 2647 οἱ
2450 2595 2578 2666 περὶ
2611 2588 2686 2648 ὧν
2713 2596 2743 2647 ό
2770 2594 2951 2662 λόγος,
2992 2592 3256 2664 Σαρασάρ
3292 2608 3354 2644 τε
3398 2590 3493 2644 καὶ
3539 2586 3824 2658 Ἀρσεϐὲρ,

2243 2685 2521 2756 πέμπουσί
2568 2702 2721 2749 τινας
2762 2684 3128 2756 ἐρησομένους
3174 2684 3302 2747 τοὺς
3356 2684 3538 2753 ίερεϊς,
3572 2680 3826 2741 καὶτοὺς

2243 2777 2562 2849 προφήταςο
2602 2794 2621 2827 ι
2664 2775 3027 2843 Είσελήλυθεν
3081 2769 3184 2828 ὧδε
3237 2773 3299 2826 τὸ
3350 2773 3597 2841 ἀγίασμα
3639 2772 3697 2823 ὲν
3744 2767 3826 2839 τῷ

2245 2868 2376 2938 μηνὶ
2401 2867 2479 2938 τῷ
2510 2868 2769 2938 πέμπτῳ,
2801 2865 2992 2921 καθότι
3025 2865 3287 2936 ἐποίησαν
3316 2864 3418 2934 ἤδη
3455 2861 3613 2915 ίκανά
3642 2860 3756 2930 ἐτη·
3798 2877 3821 2911 s

2241 2959 2539 3024 τουτέστιν,
2582 2960 2631 3012 ει
2679 2958 3184 3030 συνδεδραμήκασιν
3226 2958 3275 3009 οἱ
3313 2954 3529 3009 πενθεῖν
3575 2951 3824 3015 εἰωθότες

2243 3051 2301 3105 έν
2326 3054 2439 3114 τοῖς
2482 3050 2894 3123 Ἰεροσολύμοις,
2943 3052 3038 3104 καὶ
3076 3050 3126 3102 εί
3166 3045 3531 3119 παρεδέξαντο
3571 3045 3670 3116 τὴν
3700 3060 3823 3096 συνο

560 3140 925 3197 dubitautium
972 3115 1347 3209 interrogatio,
1393 3115 1575 3194 utrum
1618 3139 1795 3195 adhuc
1837 3115 2139 3210 praestanda

2244 3143 2433 3214 ήθειαν
2450 3115 2622 3207 αὐτοὶ,
2640 3141 2738 3213 τὴν
2754 3115 2835 3206 ib;
2867 3115 2924 3195 έν
2952 3141 3139 3212 τρόπῳ
3158 3115 3355 3209 γενενη
3364 3138 3532 3208 μένην
3556 3115 3827 3204 ἀγιάσμαο

559 3235 633 3290 sit
665 3233 1025 3288 sanctiﬁcatio
1053 3240 1108 3287 et
1145 3232 1354 3297 luctus,
1383 3232 1634 3300 quamvis
1670 3230 1870 3300 templo
1908 3232 2139 3287 reaediﬁ-

2246 3250 2358 3299 τος,
2394 3232 2572 3287 καίτοι
2597 3234 2691 3287 καὶ
2721 3233 3095 3304 έγηγερμένου
3121 3232 3215 3285 τοῦ
3245 3232 3391 3285 θείου
3424 3228 3574 3295 ναοῦ,
3609 3227 3705 3281 καὶ
3738 3227 3826 3279 λε-

560 3333 731 3381 cato:
781 3324 942 3395 711
984 3331 1078 3377 aut
1128 3331 1275 3377 certe
1315 3321 1697 3378 abstinendum
1749 3321 1803 3377 in
1837 3332 2136 3392 posterum,

2246 3322 2485 3394 λυμένης
2520 3323 2623 3394 τῆς
2653 3323 3049 3395 αἰχμαλωσίας.
3101 3322 3365 3391 Ἠγίασαν
3391 3320 3520 3392 γὰρ,
3552 3319 3629 3382 ὼς
3666 3318 3827 3387 ἔφην.

560 3429 726 3471 causa
760 3414 935 3470 luctus
970 3422 1179 3467 remota
1211 3414 1442 3470 scilicet.

2246 3416 2504 3485 νηστείαν
2547 3416 2689 3469 καΘά
2738 3416 3060 3487 δεδράκασιν
3108 3417 3173 3468 ὲκ
3216 3414 3427 3467 πολλῶν
3459 3411 3615 3466 ὲτῶν.
3649 3411 3827 3480 Αἰχμ-

558 3505 767 3560 αλῶτου
801 3505 909 3578 γάρ
963 3504 1116 3569 ὄντος
1167 3505 1262 3559 τοῦ
1304 3504 1542 3577 Ἰσραὴλ,
1591 3505 1995 3561 διατετελέκασι
2052 3508 2147 3562 καὶ
2185 3509 2339 3562 αὐτοὶ
2366 3510 2459 3562 τὸν
2530 3509 2627 3562 τοῦ
2670 3509 2899 3572 πένθους
2928 3508 3221 3582 τηροῦντες
3269 3509 3478 3579 καιρὸν,
3545 3505 3639 3558 καὶ
3668 3504 3833 3573 ἁγιά-

558 3599 744 3663 ζοντες
773 3597 872 3669 τὴν
897 3598 1169 3666 νηστείαν,
1200 3597 1456 3671 καθάπερ
1490 3598 1589 3670 ήδη
1625 3601 1908 3672 προεῖπον.
1940 3599 2151 3652 Οὐκοῦν
2190 3600 2570 3664 ὲνδοιαζόντων
2599 3602 2633 3671 ἠ
2700 3599 2986 3671 ἐρώτησις,
3031 3600 3258 3670 πότερον
3296 3601 3401 3672 χρὴ
3462 3595 3704 3671 πληροῦν
3749 3595 3831 3651 ἔτι

559 3694 620 3747 τὸ
645 3695 914 3764 ἀγίασμα,
943 3694 1038 3747 καὶ
1072 3693 1287 3760 πένθος,
1310 3694 1405 3749 καὶ
1430 3694 1572 3765 μετά
1625 3712 1691 3764 γε
1712 3695 1814 3767 τὴν
1843 3694 2061 3768 ἔγερσιν
2081 3694 2176 3749 τοῦ
2210 3696 2340 3750 ναοῦ
2362 3713 2377 3727 ι
2412 3696 2581 3767 ἡγουν
2610 3696 2942 3766 ἀποσχέσθαι
2967 3696 3174 3762 λοιπὸν,
3215 3696 3312 3767 τῆς
3344 3693 3437 3747 τοῦ
3485 3694 3717 3759 πένθους
3746 3693 3829 3745 αί-
3926 3754 3929 3755 ν

558 3787 678 3850 τίας
705 3786 949 3839 ἐκποδὼν
973 3786 1281 3858 οἰχομένης.

633 3880 804 3937 Vsus.
839 3880 955 3935 4-7,
996 3878 1065 3931 Ει
1106 3880 1277 3947 {actus
1321 3891 1394 3933 est
1434 3897 1602 3934 sermo
1650 3879 1858 3935 Domini
1899 3883 2139 3935 virtutum

2323 3880 2433 3935 Kal
2458 3879 2695 3949 ἐγένετο
2714 3881 2895 3951 λόγος
2935 3882 3159 3950 Κυρίου
3187 3883 3306 3937 τῶν
3329 3881 3641 3952 δυνάμεων
3679 3884 3828 3953 πρὸς

561 3974 630 4028 ad
663 3989 767 4035 me,
797 3972 972 4023 dicens
1004 3982 1023 4019 :
1069 3967 1167 4020 Dic
1198 3970 1339 4022 omni
1378 3972 1569 4039 populo
1596 3982 1771 4034 terra,
1795 3982 1842 4024 et
1872 3972 1939 4024 ad
1972 3987 2139 4025 sacer

2251 3969 2377 4040 ἐμὲ,
2402 3969 2630 4040 λέγων’
2673 3967 2865 4025 Εἶπον
2898 3972 3048 4039 πρὸς
3087 3971 3322 4026 ἅπαντα
3357 3972 3509 4026 λαὸν
3538 3973 3651 4041 τῆς
3694 3974 3825 4041 γῆς,

561 4066 742 4128 dotes,
786 4064 962 4117 dicens
990 4078 1009 4116 :
1045 4061 1107 4118 Si
1144 4062 1557 4130 jejunuveritis,
1606 4071 1696 4113 aut
1730 4062 2042 4126 planxeritis
2091 4063 2139 4117 in

2252 4059 2351 4112 καὶ
2384 4060 2534 4126 πρὸς
2562 4059 2701 4126 τοὺς
2746 4059 2940 4127 ἱερεῖς,
2982 4060 3207 4130 λέγων’
3257 4062 3397 4115 Ἐὰν
3424 4065 3825 4131 νηστεύσητε,

562 4155 800 4225 quintis,
830 4162 923 4207 aut
968 4155 1023 4205 in
1071 4151 1324 4217 septimis,
1361 4160 1409 4205 et
1460 4167 1575 4205 ecce
1619 4153 1951 4221 septuaginta
1998 4154 2139 4219 anni,

2251 4149 2350 4204 καὶ
2394 4151 2669 4218 κόψησθε
2711 4150 2781 4203 ἐν
2809 4151 2939 4217 ταῖς
2968 4152 3283 4220 πέμπταις,
3327 4152 3366 4221 ἢ
3403 4153 3473 4206 ἐν
3502 4153 3631 4219 ταῖς
3664 4154 3828 4208 ἐϐδό-

566 4246 804 4315 nunquid
836 4243 1103 4314 jejunium
1123 4242 1412 4312 jejunastis
1442 4240 1696 4296 milti?Et
1720 4242 1766 4296 si
1794 4245 2139 4309 comederitis,

2245 4258 2410 4310 μαις,
2444 4241 2545 4294 καὶ
2596 4240 2746 4307 ἰδοὺ,
2800 4242 3209 4311 ἐϐδομήκοντα
3245 4245 3371 4311 ἐτη,
3411 4246 3498 4313 μὴ
3535 4248 3827 4312 νηστείαν

564 4348 656 4394 aut
698 4337 956 4397 bibet-itis.
1004 4352 1177 4390 nonne
1226 4351 1314 4390 vos
1361 4337 1654 4406 comeditis,
1704 4346 1751 4391 et
1789 4352 1879 4390 vos
1926 4335 2139 4390 bibitis?

2250 4331 2688 4400 νενηστεύκατέ
2737 4349 2875 4403 p01;
2928 4334 3038 4388 Καὶ
3090 4334 3199 4387 ἐὰν
3251 4335 3496 4405 φάγητε,
3544 4337 3582 4405 ἢ
3630 4339 3824 4403 πίητε,

566 4445 734 4484 nonne
758 4430 861 4482 ista
907 4427 1056 4481 verba
1089 4436 1231 4491 sunt,
1280 4442 1397 4496 qua:
1425 4427 1633 4481 locutus
1684 4438 1759 4481 est
1798 4427 2052 4481 Dominus
2086 4429 2139 4480 in

2246 4424 2360 4492 οὐχ
2398 4422 2566 4492 ὑμεῖς
2597 4423 2844 4487 ἐσθίετε,
2896 4425 2994 4477 καὶ
3026 4424 3193 4493 ὑμεῖς
3226 4426 3463 4490 πίνετε;
3500 4429 3621 4496 Οὐχ
3662 4424 3827 4483 οὗτοι

566 4521 805 4575 manibus
834 4518 1228 4589 prophetarum,
1250 4517 1341 4587 qui
1371 4529 1491 4572 ante
1516 4519 1729 4587 fuerunt
1751 4518 1776 4571 ?
1795 4520 2007 4587 quando
2030 4527 2139 4572 erat

2250 4518 2304 4569 οί
2353 4516 2557 4584 λόγοι,
2616 4514 2725 4578 οὓς
2780 4514 3048 4581 ἐλάλησε
3101 4517 3315 4584 Κύριος
3368 4517 3438 4569 ἐν
3488 4519 3659 4585 χερσὶ
3710 4518 3826 4571 τῶν

565 4610 863 4665 Jerusalem
895 4610 1157 4675 habitata,
1202 4618 1251 4664 et
1281 4608 1579 4672 abundans,
1615 4620 1662 4662 et
1693 4608 1927 4662 civitates
1950 4609 2063 4678 ejus
2089 4609 2139 4664 in

2244 4606 2571 4676 προφητῶν
2622 4606 2743 4660 τῶν
2794 4606 3169 4674 ἐμπροσθεν;
3222 4607 3352 4660 Ὅτε
3405 4604 3483 4678 ἦν
3530 4609 3825 4676 Ἰερουσα-

566 4703 814 4767 circuitu,
837 4712 884 4758 et
919 4712 1189 4767 montana,
1220 4712 1268 4756 et
1308 4702 1618 4771 campestris
1645 4700 1882 4755 habitata
1906 4712 2001 4757 est.

2242 4696 2374 4766 λὴμ
2399 4696 2855 4764 κατοικουμένη.
2882 4697 2979 4749 καὶ
3007 4697 3374 4780 εὐθηνοῦσα,
3403 4699 3499 4751 καὶ
3530 4702 3589 4751 al
3619 4700 3825 4765 πόλεις

1916 4792 1921 4799 ‘
2250 4790 2552 4842 κυκλόθεν
2602 4786 2811 4855 αὐτῆς,
2860 4789 2956 4841 καὶ
3004 4789 3042 4856 ή
3096 4786 3317 4858 ὀρεινὴ,
3372 4790 3467 4843 καὶ
3518 4791 3556 4858 ἡ
3607 4792 3823 4859 πεδινὴ

2249 4879 2586 4945 κατῳκεῖτο.

2319 4965 2448 5016 ΛΕ’.
2494 4966 2725 5036 Ἤροντό
2762 4984 2929 5031 τινες,
2975 4968 3050 5031 ὡς
3085 4968 3186 5040 ἠδη
3236 4972 3515 5039 προεῖπον,
3558 4972 3691 5042 περὶ
3731 4972 3823 5025 τοῦ

2250 5055 2480 5126 ἐπίκλην
2521 5058 2878 5128 ἀγιὰσματος,
2928 5058 3053 5123 τούς
3080 5077 3138 5112 τε
3188 5061 3365 5130 ἱερέας
3410 5063 3503 5115 καὶ
3538 5062 3665 5126 τοὺς
3696 5078 3828 5134 προ·

2251 5147 2447 5218 φήτας,
2488 5149 2628 5200 κατά
2653 5148 2709 5200 δὲ
2744 5150 2805 5202 τὸ
2833 5150 3000 5214 εἰκὸς,
3041 5153 3497 5222 προσαγηοχότων
3523 5154 3622 5217 τὰς
3650 5155 3823 5219 λιτάς,

2250 5240 2346 5291 καὶ
2378 5238 2459 5290 ὅτι
2491 5239 2758 5309 προσήκοι
2797 5242 2911 5303 τοῖς
2942 5242 3010 5295 τά
3056 5243 3229 5295 τοιάδε
3276 5244 3655 5312 φιλοπευστεῐν
3690 5249 3828 5318 ᾑρη-

2253 5324 2433 5394 μένοις
2458 5326 2847 5396 ἀποκρίνεσθαι
2876 5331 3061 5398 σαφῶς
3085 5331 3571 5397 διεσπουδακότων,
3598 5333 3716 5389 εἶτα
3744 5354 3825 5397 τις

2248 5418 2276 5469 ὀ
2310 5417 2462 5486 λόγος
2491 5420 2519 5470 ό
2554 5417 2701 5490 παρά
2729 5418 2885 5484 Θεοῦ,
2919 5420 3124 5492 βραχύς
3153 5439 3211 5475 τε
3247 5426 3340 5477 καὶ
3376 5425 3436 5477 οὐ
3470 5425 3701 5497 μακρὸς,
3734 5429 3825 5479 καὶ

2249 5509 2401 5562 οὐδὲν
2433 5509 2572 5578 έχων
2610 5510 2672 5563 τὸ
2704 5513 3038 5582 περισκεπές
3061 5531 3073 5543 ·
3106 5515 3219 5568 ἀλλ’
3246 5518 3311 5568 ἵν’
3344 5516 3515 5581 οὕτως
3556 5519 3823 5589 εἴπωμεν,

638 4954 859 5011 XXXV.
895 4954 1220 5022 Quaerebam
1242 4968 1483 5025 quidam,
1517 4964 1577 5011 ut
1609 4958 1721 5026 jam
1764 4955 1946 5021 docui,
1980 4954 2048 5010 de
2078 4969 2143 5010 ea

570 5062 689 5117 quae
724 5059 949 5104 vocatur
988 5046 1349 5101 sanctiﬁcatio
1373 5084 1390 5112 ,
1437 5061 1467 5101 a
1512 5046 1886 5102 sacerdotibus
1916 5056 1971 5102 et
2012 5061 2142 5118 pro-

572 5140 768 5209 phetis,
796 5140 912 5209 qui,
941 5146 1000 5193 ut
1032 5138 1288 5193 credibile
1324 5137 1403 5202 ﬁt,
1431 5153 1554 5194 cum
1588 5152 1775 5207 preces
1797 5138 2141 5203 obtulissent,

571 5240 627 5286 et
658 5231 785 5300 quid
822 5231 947 5285 talia
989 5231 1186 5299 cupide
1227 5229 1631 5285 sciscitantibus
1665 5229 1868 5300 liquido
1913 5244 2141 5299 respon-

572 5322 781 5386 derent,
822 5322 963 5391 apud
991 5337 1051 5377 se
1078 5321 1367 5392 diligenter
1390 5321 1744 5391 cogitassent,
1776 5333 2021 5378 secutum
2059 5331 2144 5378 est

572 5412 796 5467 verbum
823 5427 853 5467 a
883 5411 1013 5479 Deo,
1043 5414 1227 5478 breve,
1264 5427 1330 5467 ac
1360 5412 1582 5467 minime
1617 5412 1856 5483 longum,
1901 5414 2144 5481 nihilque

573 5503 857 5560 continens
897 5504 1193 5561 involutum
1224 5524 1238 5560 :
1270 5505 1364 5561 sed
1398 5512 1455 5559 ut
1489 5504 1563 5559 ita
1598 5502 1866 5569 dicamus,
1915 5505 2140 5569 nudum,

648 5686 725 5760 (Ι)
765 5686 872 5746 Vox
931 5697 1207 5758 corrupta,
1251 5694 1306 5741 ut
1341 5693 1561 5755 apparet
1590 5704 1603 5739 :
1655 5694 1748 5741 aut
1777 5697 1985 5754 expone
2026 5683 2289 5740 decretum
2326 5688 2581 5757 (reorum,
2610 5700 2657 5743 et
2685 5690 3043 5761 obsignaram,
3070 5709 3095 5745 a
3125 5695 3330 5755 τυπόω.
