4080 6284
317 347 420 413 ἰοῖς

1162 343 1706 406 COMMENTARIUS
1744 349 1810 404 lN
1851 333 2254 407 ZACiiARlAM
2294 333 2736 403 PROPiiETAM.

3475 342 3576 401 ititl

314 476 560 546 γυμνὸς,
613 474 706 528 καὶ
757 472 1162 535 gemmam;
1211 471 1310 542 τὴν
1374 470 1468 524 τοῦ
1528 471 1899 540 συμφέροντος

2006 481 2059 525 et
2090 473 2141 525 in
2175 486 2282 540 quo
2310 470 2466 524 facile
2492 469 2779 522 utilitatem
2821 465 3218 536 deprehendas.
3255 465 3392 534 Quid
3430 469 3573 522 enim

317 567 542 637 γνῶσιν.
568 565 630 620 Τί
653 565 757 636 γὰρ
784 565 848 632 δὴ
877 564 938 618 τὸ
962 565 1176 636 χρῆμα,
1203 567 1390 634 φησιν,
1421 563 1578 616 εἶκαὶ
1608 562 1896 632 νενηστεύ-

319 680 453 718 κατε
479 662 636 732 τυχὸν
673 663 731 714 ἐν
761 663 882 724 ταῖς
913 660 1190 729 πέμπταις
1221 660 1314 712 καὶ
1344 660 1401 711 ἐν
1434 660 1553 721 ταῖς
1601 657 1896 728 ἐϐδόμαιςς

317 755 352 824 ἢ
385 753 512 808 ποία
540 768 622 814 τις
647 750 783 814 ὅλως
815 750 1155 821 κατόρθωσις
1197 750 1420 819 ἀρετῆς,
1459 749 1520 803 τὸ
1558 749 1900 813 ἐπολολύζειν

321 844 545 915 ἀμαθῶς
576 842 754 908 ξύλοις
795 859 856 895 τε
889 843 982 895 καὶ
1020 841 1188 904 λίθοις
1219 841 1737 912 ἐμπεπρησμένοις;
1768 841 1902 893 Τίνα

319 935 601 1005 δὲτρόπον
631 935 744 996 τοίς
786 932 916 1003 παρ’
951 932 1103 1002 ὑμῶν
1144 930 1440 1001 δρωμένοις
1484 929 1717 1002 ἑφήδοιτ⁹
1759 931 1825 984 ἂν
1875 933 1902 984 6

317 1027 466 1090 Θεὸς,
497 1026 586 1079 ὅτε
613 1023 722 1077 τῶν
749 1023 1064 1092 ἀναγκαίων
1091 1023 1171 1085 είς
1213 1021 1400 1092 ὄνησιν
1447 1022 1788 1093 πεπραχότες
1815 1023 1904 1084 οὑν

314 1117 422 1181 δὲν,
459 1116 638 1170 eis.qu
664 1115 808 1168 κατὰ
837 1116 977 1182 σφᾶς
1016 1113 1086 1166 τὰ
1128 1113 1306 1166 πάντα
1336 1112 1531 1184 ἄριστα
1561 1113 1861 1184 κατορθοῦν
1887 1129 1901 1178 ;

311 1209 375 1262 Εἰ
399 1206 511 1278 γὰρ
540 1207 642 1276 τῆς
665 1201 926 1274 τοιαύτης
953 1204 1208 1275 δεδέημαι
1230 1204 1503 1273 νηστείας,
1538 1206 1633 1257 καὶ
1658 1205 1816 1257 ἐπαιν
1838 1206 1903 1254 ,ἵν

313 1299 464 1365 ἄξιον
501 1295 727 1367 νομικὸν
756 1295 1194 1365 γυναικοπρεπῆ,
1236 1293 1326 1346 διὰ
1359 1293 1517 1347 ποίαν
1547 1294 1724 1346 αἰτίαν
1757 1295 1905 1346 ἐϐδο-

303 1386 592 1459 .μηκοστὺν
629 1385 747 1448 ἔτος
785 1383 1292 1456 διατετελείύματε,
1324 1386 1507 1454 φησὶν,
1541 1385 1601 1436 οὐ
1626 1402 1906 1454 νενηστεύ-

315 1479 506 1544 κότες;
529 1476 912 1546 Διατρίϐοντες
944 1475 1051 1546 γὰρ
1085 1475 1165 1528 ἔτι
1200 1474 1350 1544 παρὰ
1384 1478 1494 1535 τοῖς
1519 1474 1898 1537 Βαϐυλωνίοις,

311 1571 374 1623 ού
406 1569 662 1640 νηστείαν
700 1566 1016 1620 τετελέκασι
1052 1566 1344 1636 δημοτελῆ,
1389 1565 1505 1620 ἀλλ’
1533 1566 1810 1637 οὐδέτερόν
1849 1583 1902 1619 τι

313 1660 454 1714 κατὰ
483 1660 572 1714 τὸν
607 1659 772 1728 νόμον
802 1658 892 1711 τὸν
933 1658 1177 1721 Μωσέως
1219 1657 1605 1729 ἀποπεραίνειν
1639 1658 1904 1712 ὲσποιδα-

313 1751 467 1815 κότες
497 1751 678 1804 ἁλοῖεν
711 1748 796 1803 ἄν.
844 1744 980 1804 Εἶτα
1026 1747 1145 1811 πῶς
1189 1747 1417 1819 ἠλέησα,
1452 1748 1608 1818 φησὶ,
1655 1749 1752 1802 καὶ
1804 1749 1904 1816 τῆς

2005 577 2259 632 magnum
2295 569 2395 626 est,
2452 559 2648 630 inquit,
2681 558 2892 613 etiamsi
2920 555 3208 625 jejunastis
3249 558 3390 614 forte
3417 560 3577 628 quin-

2005 653 2075 708 tis
2116 663 2168 707 et
2234 653 2516 722 septimis,
2557 659 2648 706 aut
2693 650 2834 720 quod
2883 650 3102 704 virtutis
3133 648 3366 705 cilicium
3415 663 3577 720 super

2004 746 2164 816 lignis
2217 756 2271 800 ct
2299 745 2570 813 lapidibus
2597 743 2805 798 exustis
2833 741 3080 798 ululare?
3104 741 3352 809 Quonam
3392 753 3574 798 autem

1999 840 2165 896 modo
2207 839 2350 894 Deus
2387 837 2545 893 factis
2589 837 2789 893 vestris
2821 836 3140 901 delectetur,
3173 837 3390 907 quando
3441 838 3572 890 nihil

2001 931 2342 988 conducibile
2376 946 2498 986 cum
2533 929 2798 997 feceritis,
2841 930 3046 999 optima
3078 944 3305 1000 quaeque
3337 929 3576 998 legitime

2005 1023 2200 1080 fecisse
2245 1020 2516 1079 statuitis?
2571 1021 2703 1076 Nam
2745 1021 2790 1076 si
2836 1019 3147 1089 bujusmodi
3185 1017 3447 1090 jejunium
3501 1036 3579 1074 re-

2005 1115 2186 1184 quiro,
2230 1124 2284 1170 et
2324 1114 2536 1169 feminis
2563 1114 2784 1184 dignum
2815 1111 3122 1166 institutum
3167 1108 3436 1165 laudabile
3467 1120 3574 1174 est,

2005 1206 2133 1276 quid
2173 1213 2256 1259 est
2323 1206 2464 1274 quod
2511 1219 2604 1273 per
2648 1202 2986 1272 septuaginta
3027 1216 3200 1256 annos
3234 1213 3340 1256 non
3367 1199 3576 1270 jejuna-

2005 1294 2140 1349 stis?
2162 1292 2372 1347 Etenim
2403 1295 2542 1362 apud
2573 1292 2895 1362 Babylonios
2923 1293 3195 1359 degentes,
3235 1289 3448 1358 publice
3472 1305 3575 1343 non

1998 1387 2350 1455 jejunabant,
2404 1399 2584 1454 neque
2634 1383 2756 1438 illos
2806 1382 3078 1452 quidpiam
3137 1381 3283 1436 aliud
3337 1395 3403 1436 ex
3462 1380 3579 1448 lege

2005 1475 2171 1532 Mosis
2198 1476 2440 1530 studiose
2473 1483 2836 1544 exsequentes
2861 1474 3107 1528 vidisses.
3146 1473 3348 1528 Deinde
3384 1472 3578 1526 miser—

2007 1580 2095 1624 tus
2127 1584 2274 1632 sum,
2316 1569 2512 1636 inquit,
2543 1576 2597 1622 et
2628 1567 2696 1620 de
2742 1581 2905 1620 manu
2934 1565 3322 1620 dominantium
3351 1579 3448 1620 vos
3469 1565 3579 1619 eris

2004 1661 2119 1730 pui,
2155 1669 2210 1715 et
2238 1659 2525 1714 comeditis
2551 1658 2830 1713 ac'bibitis
2852 1699 2867 1724 ,
2900 1672 3008 1713 non
3041 1657 3170 1712 mihi
3214 1656 3393 1726 potius
3421 1670 3580 1724 quam

2005 1753 2160 1809 vobis
2191 1751 2600 1822 'gratificantes.
2653 1751 2834 1817 Quare
2880 1751 3080 1804 frustra
3111 1757 3165 1803 et
3216 1747 3480 1808 inutiliter
3503 1746 3584 1816 je-

313 1841 419 1896 τῶν
447 1840 794 1913 κρατούντων
828 1839 1010 1910 χειρὸς
1036 1839 1343 1911 ἐξειλόμην,
1367 1839 1460 1893 καὶ
1490 1839 1566 1910 (1)
1608 1843 1770 1904 πιεῖν,
1798 1841 1898 1894 ούκ

1999 1839 2238 1908 iuuantis
2271 1840 2436 1892 etiam
2463 1839 2715 1908 lacrymae
2751 1838 2939 1893 inanes
2969 1846 3114 1901 sunt,
3147 1846 3202 1892 et
3235 1837 3402 1891 sudor
3435 1851 3574 1890 meri

316 1934 440 2003 ἐμοὶ
472 1932 672 2004 μᾶλλον
699 1933 731 2004 ἢ
765 1934 984 1996 ἐαυτοῖς
1023 1931 1317 2002 χαρίζεσθε
1361 1931 1420 1984 τὸ
1449 1933 1658 2002 χρῆμα.
1691 1933 1900 1986 Οὐκοῦν

315 2022 410 2076 τοῦ
452 2022 806 2092 νηστεύοντος
838 2022 959 2092 εικῆ
979 2061 995 2087 ,
1030 2023 1124 2075 καὶ
1163 2020 1252 2074 ἐπ’
1279 2021 1452 2074 οὐδενὶ
1482 2022 1586 2073 τῶν
1618 2022 1902 2092 χρησίμων

319 2113 414 2166 καὶ
440 2113 499 2166 τὸ
527 2113 758 2186 δάκρυον
785 2112 1082 2181 ἀνωφελὲς,
1117 2113 1210 2165 καὶ
1265 2111 1491 2181 ἄμισθος
1521 2115 1547 2165 6
1576 2112 1754 2182 i69tbg.
1791 2113 1900 2183 Οὐχ

320 2199 470 2260 οὗτοι
493 2206 542 2259 οἱ
570 2205 716 2274 λόγοι
747 2205 853 2258 εἰσὶ
880 2203 987 2258 τῶν
1013 2203 1309 2276 προφητῶν
1330 2202 1437 2256 τῶν
1463 2203 1790 2275 ἔμπροσθεν,
1814 2206 1902 2258 ὅτε

318 2291 388 2367 ἦν
442 2295 791 2367 Ἰερουσαλὴμ
833 2295 1258 2366 κατοικουμένη,
1296 2297 1390 2348 καὶ
1436 2295 1776 2364 εὐθηνοῦσα,
1809 2313 1902 2349 πε-

318 2383 723 2456 ριεχομένη[ἵσ.
750 2381 1134 2456 περιχεομένη]
1159 2401 1218 2437 τε
1232 2386 1343 2447 τοῖς
1369 2384 1614 2452 ἀγαθοῖς,
1640 2386 1733 2438 καὶ
1755 2387 1902 2458 ἀπη-

318 2475 539 2546 μάντοις
559 2475 638 2528 ἔτι
655 2478 773 2539 ταῖς
803 2477 958 2540 ἰδίαις
979 2474 1304 2545 ἐπαυχοῦσα
1321 2473 1528 2542 πόλεσι,
1547 2478 1664 2538 ταῖς
1683 2477 1816 2528 τεέν
1833 2479 1898 2548 τῇ

313 2568 496 2638 ὀρεινῇ
527 2569 616 2621 καὶ
635 2570 700 2638 τῇ
723 2569 1086 2638 πεδινῇ;”Εφη
1118 2569 1215 2637 μὲν
1235 2566 1340 2636 γὰρ
1358 2569 1385 2620 6
1410 2568 1696 2639 προφήτης
1724 2567 1898 2638 Ἰωὴλ,

314 2659 398 2711 ὅτι
419 2659 501 2711 δεῖ
515 2659 917 2731 πρεσϐυτέρους
940 2659 1182 2730 θρηνεῖν,
1210 2659 1456 2729 ίερέαςτε
1484 2660 1578 2714 καὶ
1597 2660 1781 2727 λαοὺς,
1802 2661 1899 2722 καὶ

315 2750 450 2822 πρός
479 2768 541 2819 γε
579 2751 644 2823 δὴ
678 2751 888 2814 τούτοις
917 2752 1010 2804 καί
1045 2752 1269 2819 ἁγιάσαι
1304 2751 1574 2822 νηστείαν.
1605 2752 1714 2805 Καὶ
1740 2753 1768 2803 6
1801 2752 1899 2822 τῆς

314 2844 690 2914 παραινέσεως
732 2844 932 2907 σκοπὸς
987 2843 1171 2897 ἐκάλει
1220 2845 1356 2916 πρὸς
1405 2844 1766 2915 μετάγνωσιν.
1821 2847 1896 2900 Ut)

311 2938 424 3009 γὰρ
445 2939 762 3010 περιμένειν
785 2938 941 3010 ἡθελε
967 2939 1072 2992 τῶν
1103 2939 1524 3010 συμϐεϐηκότων
1548 2940 1648 3010 τὴν
1677 2942 1892 3012 πεῖραν,

313 3027 402 3082 ἴνα
453 3029 545 3081 καὶ
592 3030 981 3101 ἐμπρησθέντα
1022 3031 1399 3100 καταθρηνῆτε
1445 3031 1536 3083 τὸν
1585 3030 1730 3096 ναὸν,
1781 3031 1896 3087 ἀλλ’

2002 1929 2136 1981 cede
2172 1937 2340 1980 caret.
2372 1923 2565 1979 Nonne
2597 1925 2682 1979 isti
2716 1939 2998 1979 sermones
3034 1935 3162 1980 sunt
3194 1925 3578 1995 prophetarum

1997 2017 2265 2087 priorum,
2317 2018 2532 2086 quando
2566 2017 2914 2072 habitabatur
2945 2016 3273 2084 Jerusalem,
3323 2026 3378 2072 et
3415 2018 3583 2072 abun-

2001 2109 2186 2176 dabat,
2222 2119 2278 2163 et
2314 2109 2730 2165 circumlinebat
2770 2109 2961 2175 bonis,
2998 2121 3053 2166 et
3091 2113 3156 2167 de
3196 2113 3312 2167 suis
3358 2112 3582 2168 urbibus

1997 2220 2125 2260 cum
2163 2204 2436 2259 montanis
2485 2214 2596 2260 tum
2649 2206 3048 2277 campestribus
3093 2206 3270 2262 adhuc
3321 2207 3486 2263 salvis
3527 2220 3582 2262 et

2003 2297 2360 2352 incolumibus
2396 2295 2717 2352 lmtabatur?
2757 2298 2849 2352 Ait
2885 2298 3032 2354 enim
3068 2300 3328 2369 propheta
3371 2297 3578 2365 Joel”,

2001 2387 2406 2442 lamentaudum
2467 2388 2794 2454 senioribus,
2837 2389 3214 2444 sacerdotibus
3261 2398 3316 2443 et
3363 2391 3576 2458 populo,

2001 2491 2058 2535 et
2083 2490 2342 2549 praeterea
2378 2480 2830 2535 sanetiiicandum
2867 2481 3154 2552 jejunium.
3188 2483 3350 2553 712
3384 2481 3581 2538 Horta‘

2003 2571 2162 2625 tionis
2206 2586 2400 2640 scopus
2459 2581 2577 2627 erat
2629 2585 2827 2626 vocare
2881 2571 2949 2625 ad
3006 2572 3403 2641 pmnileutiatn.
3464 2573 3579 2626 Non

1999 2663 2145 2718 enim
2201 2671 2522 2733 exspectare
2567 2678 2662 2720 eos
2709 2663 2944 2732 volebat,
2980 2663 3107 2717 dum
3153 2665 3266 2732 ipsa
3315 2663 3578 2719 malorum

2000 2754 2336 2822 experientia
2373 2755 2720 2824 docerentur,
2758 2767 2817 2812 ut
2865 2758 2939 2812 ita
2978 2756 3238 2827 templum
3281 2765 3579 2812 crematum

2001 2837 2268 2915 delicatis,
2299 2849 2494 2917 inquit,
2526 2849 2622 2904 sed
2663 2859 2722 2903 ut
2751 2859 2877 2904 ante
2905 2848 3322 2920 experientiam,
3357 2857 3417 2902 ut
3444 2848 3577 2912 dixi,

1999 2937 2290 3009 ejulatibus
2358 2939 2721 3007 lamentisque
2783 2938 2950 2994 Deum
3015 2939 3360 3007 mitigantes,
3441 2939 3578 2992 mala

1996 3031 2266 3086 evadatis.
2309 3029 2694 3097 Quamobrem,
2739 3046 2919 3087 nonne
2975 3031 3063 3085 isti
3109 3040 3235 3085 sunt
3273 3042 3576 3089 sermones,

316 3119 403 3173 ἵνα
449 3119 557 3190 πρὸ
603 3121 818 3192 πείρας,
851 3121 926 3185 ὡς
972 3121 1128 3191 ἔφην,
1179 3124 1411 3191 κομμοῖς
1443 3139 1502 3174 τε
1534 3123 1628 3175 καὶ
1678 3122 1895 3194 θρήνοις

1999 3124 2196 3193 inquit,
2235 3127 2620 3194 prophetarum
2664 3122 2942 3192 priorum?
2994 3137 3225 3192 quorum
3279 3121 3454 3190 ignari
3486 3136 3580 3174 vos

312 3181 791 3283 ἐκμειλισσόμενοι
805 3181 921 3268 *τὸν*
952 3181 1506 3283 Θεὺνίέξωγένησθε
1538 3214 1646 3268 τῶν
1689 3181 1897 3272 κακῶν;

2003 3216 2205 3270 frustra
2236 3181 2471 3284 equ-atis,
2518 3226 2572 3270 et
2599 3216 2810 3283 lapides
2846 3215 2995 3269 humi
3031 3215 3277 3284 jacentes
3311 3227 3418 3268 non
3462 3215 3578 3269 sine

317 3303 527 3359 Οὐκοῦν
567 3307 667 3376 ούχ
696 3300 841 3360 οὗτοί
871 3307 1008 3359 εἰσιν
1051 3307 1098 3358 oi
1133 3306 1281 3374 λόγοι
1315 3307 1424 3360 τῶν
1456 3306 1752 3376 προφητῶν
1797 3306 1906 3360 τῶν

318 3395 627 3469 ἔμπροσθεν
647 3415 661 3464 ;
685 3395 780 3462 οὒς
811 3395 1140 3467 ἠγνοηκότες
1171 3398 1326 3466 ὑμεῖς
1354 3397 1480 3463 εἰκῆ
1514 3397 1902 3466 κατοιμώζετε,

318 3486 412 3538 καὶ
438 3486 603 3550 λίθοις
631 3485 908 3557 κειμένοις
934 3485 994 3539 τὸ
1023 3485 1083 3549 ἐξ
1114 3485 1385 3556 ἀμαθείας
1415 3486 1651 3557 δάκρυον
1681 3486 1908 3540 ἐπιστά-

311 3572 494 3641 ζεσθε.
532 3577 723 3630 Καίτοι
751 3577 870 3631 δέον
898 3576 1232 3646 ἐπανορθοῦν
1263 3578 1362 3648 τῆς
1391 3577 1600 3630 ἑαυτῶν
1630 3577 1904 3641 πολιτείας

2003 3308 2233 3363 stultitia
2277 3307 2530 3378 laerymis
2564 3307 2910 3379 perfunditis.
2937 3308 3102 3377 Atqui
3128 3308 3414 3377 oportebat
3462 3322 3578 3361 mo-

2004 3413 2093 3454 res
2125 3415 2251 3455 suos
2277 3400 2567 3469 corrigere,
2600 3408 2655 3454 et
2686 3399 2943 3455 laudabili
2976 3401 3170 3455 semita
3210 3401 3349 3455 citra
3392 3399 3577 3468 cujus-

2003 3503 2164 3558 quam
2204 3489 2682 3558 reprehensionem
2723 3489 3025 3557 ambulare,
3063 3490 3329 3546 voluntati
3365 3489 3573 3558 legisla-

2003 3578 2138 3633 toris
2175 3579 2346 3646 probe
2397 3586 2453 3632 et
2494 3580 2746 3634 omnibus
2781 3579 3026 3634 numeris
3053 3595 3244 3649 parcre
3273 3581 3572 3649 cupientes.

308 3666 411 3736 τὴν
441 3666 579 3732 666v,
609 3666 702 3721 καὶ
735 3669 835 3740 τὴν
877 3667 1076 3722 εὐκλεᾶ
1113 3669 1207 3722 καὶ
1272 3667 1575 3740 ἀμώμητον
1643 3669 1777 3723 ἰέναι
1818 3671 2026 3742 τρίϐον,
2080 3670 2382 3740 κατορθοῦν
2441 3666 2500 3725 εὖ
2548 3670 2694 3740 μάλα
2740 3670 2800 3724 δὲ
2843 3671 3151 3739 ἐγνωκότας
3193 3672 3254 3725 τὸ
3285 3671 3362 3742 τῷ
3410 3689 3576 3741 νομοί

310 3755 443 3826 θέτῃ
471 3753 678 3810 δοκοῦν.

385 3847 491 3902 Καὶ
546 3847 782 3917 ἐγένετο
835 3851 1017 3918 λόγος
1076 3852 1297 3918 Κυρίου
1351 3852 1502 3920 πρὸς
1553 3854 1884 3923 Ζαχαρίαν,

308 3941 503 4012 λέγων
522 3959 535 3972 ·
571 3941 714 3996 Τάδε
754 3941 914 4012 λέγει
945 3943 1166 4010 Κύριος
1207 3945 1657 4015 παντοκράτωρ
1702 3946 1893 4016 Κρῖμα

308 4032 544 4086 δίκαιον
570 4035 822 4101 κρίνετε,
849 4033 948 4086 καὶ
985 4033 1178 4099 ἕλεος,
1210 4036 1306 4088 καὶ
1343 4037 1648 4104 οἱκτιρμὸν
1673 4037 1891 4092 ποιεῖτε

307 4124 565 4192 ἕκαστος
602 4125 709 4179 τὸν
745 4126 1014 4194 ἀδελφὸν
1042 4126 1231 4181 αὑτοῦ
1267 4127 1366 4182 καὶ
1399 4129 1623 4197 χήραν,
1665 4129 1758 4183 καὶ
1793 4130 1891 4197 ὀρ-

308 4217 523 4285 φανὸν,
563 4217 660 4270 καὶ
690 4217 1101 4288 προσήλυτον,
1130 4220 1228 4273 καὶ
1261 4219 1490 4288 πένητα
1516 4221 1604 4290 μὴ
1637 4221 1891 4276 καταδυ-

307 4311 629 4364 ναστεύετε
647 4349 662 4374 ,
718 4310 814 4363 καὶ
873 4311 1093 4365 κακίαν
1140 4311 1400 4378 ἕκαστος
1450 4314 1557 4368 τοῦ
1620 4312 1890 4382 ἀδελφοῦ

306 4399 495 4452 αὐτοῦ
539 4398 626 4466 μὴ
661 4400 1102 4465 μνησικακείτω
1133 4401 1203 4454 ἐν
1238 4404 1369 4467 ταῖς
1400 4401 1674 4471 καρδίαις
1700 4401 1886 4470 ὑμῶν.

2073 3849 2234 3904 Vens.
2266 3849 2419 3904 8—10.
2469 3847 2536 3903 Et
2577 3850 2749 3918 factus
2791 3857 2871 3905 est
2913 3863 3082 3906 sermo
3115 3852 3326 3908 Domini
3361 3859 3430 3911 ad
3466 3857 3575 3912 Zae

2002 3944 2268 4010 citat-iam,
2317 3934 2496 3996 dicens
2526 3958 2544 3996 :
2575 3941 2704 3996 Htec
2755 3944 2880 3996 dicit
2921 3943 3174 4000 Dominus
3205 3951 3529 4018 omnipotens
3557 3971 3574 4007 :

1998 4033 2272 4089 Iudicium
2290 4034 2497 4103 justum
2518 4033 2780 4102 jndicale,
2822 4045 2869 4087 et
2908 4037 3322 4093 misericordiam
3349 4052 3395 4095 et
3422 4044 3573 4097 mise-

1999 4127 2258 4181 rationem
2289 4123 2446 4194 {act'te
2495 4127 2852 4198 unusquisque
2893 4142 3022 4197 erga
3068 4126 3283 4197 fratrem
3318 4149 3492 4200 suum,
3527 4148 3574 4190 et

1995 4218 2228 4283 uiduam,
2272 4227 2320 4272 et
2355 4218 2637 4288 pupillum,
2680 4226 2730 4271 et
2780 4219 3050 4284 advenam,
3102 4232 3148 4274 et
3186 4239 3466 4289 pauperem
3515 4243 3575 4282 ne

1997 4310 2326 4378 opprimatis,
2380 4320 2427 4363 et
2468 4308 2690 4362 malitia
2739 4310 3096 4379 unusquisque
3144 4311 3331 4379 fratris
3374 4318 3456 4369 sui
3512 4335 3574 4372 ne

1998 4401 2341 4454 memineritis
2371 4401 2427 4454 in
2456 4399 2701 4454 cordibus
2736 4400 2936 4455 uestris.

381 4490 526 4553 Λςο.
569 4488 1084 4557 Κατακιὸδηλεύσας
1124 4492 1186 4544 τὺ
1235 4493 1452 4556 πένθος,
1506 4488 1581 4555 ὡς
1609 4493 1893 4564 ,ἄχρηστον

2075 4489 2314 4546 XXXVI.
2359 4489 2580 4560 Rejecto
2608 4490 2754 4545 luctu
2800 4499 2859 4545 ut
2895 4491 3229 4550 iufructuoso
3270 4504 3323 4550 et
3375 4496 3570 4563 inutili,

307 4575 405 4630 καὶ
456 4574 757 4642 ἀνωφελὲς,
808 4575 1020 4630 καὶτὸν
1057 4581 1261 4633 εἰκαῖον
1311 4581 1490 4634 αὐτῶν
1538 4583 1736 4654 ἱδρῶτα
1779 4585 1893 4638 διαο

305 4666 594 4736 χλευάσας,
629 4666 956 4736 ἁποκομίζει
1009 4669 1145 4740 πρὸς
1189 4670 1249 4722 τὸ
1299 4671 1380 4725 ὅτι
1424 4672 1657 4741 μάλιστα
1701 4674 1890 4728 τελοῠν

305 4759 385 4818 είς
410 4756 616 4826 ὄνησιν,
649 4757 742 4809 καὶ
778 4758 875 4827 τῆς
914 4760 1246 4831 ἀνδανούσης
1267 4761 1415 4832 αὐτῷ
1445 4763 1716 4828 πολιτείας
1744 4769 1887 4836 σαφῆ

231 4923 238 4928 Ξ
303 4863 363 4899 τε
399 4847 492 4898 καὶ
525 4848 728 4917 ἐναργῆ
763 4851 1113 4920 καταστήσας
1158 4851 1256 4921 τὴν
1293 4852 1430 4918 ὁδὸν,
1476 4856 1888 4911 καταλευκαίνει

305 4957 369 5008 γε
418 4939 608 5010 ὥσπερ
658 4939 823 4992 αὑτοῦ
858 4958 916 4994 τε
960 4943 1052 4995 τοῦ
1101 4943 1267 5012 νόμου
1303 4945 1395 4997 καὶ
1441 4947 1550 4999 τῶν
1592 4949 1886 5019 προφητῶν

302 5033 396 5084 τὸν
442 5031 586 5087 νοῦν.
660 5033 946 5103 Ἐφήδεται
980 5035 1087 5106 γὰρ
1127 5039 1154 5089 6
1196 5037 1489 5109 νομοθέτης
1520 5039 1662 5111 ὀρθῷ
1684 5033 1757 5094 ’τε
1793 5043 1887 5095 καὶ

305 5123 594 5196 ἀμωμήτῳ
647 5125 898 5195 κρίματι,
933 5128 1283 5200 ἐκτετίμηται
1319 5130 1375 5184 δὲ
1409 5133 1502 5185 κα)⁸
1543 5133 1661 5186 λίαν
1691 5137 1889 5186 ἐσπου-

303 5216 588 5286 δασμένως
637 5217 788 5270 ἔλεόν
841 5236 900 5271 τε
957 5221 1052 5272 καὶ
1100 5221 1467 5293 φιλαλληλίαν,
1510 5226 1604 5278 καὶ
1649 5227 1889 5279 ἐπαινεῖν

307 5306 448 5371 ἁξιοί
471 5305 568 5377 τὴν
597 5309 677 5368 είς
708 5307 982 5376 ὀρφανοὺς
1011 5310 1308 5387 ἀγάπησιν,
1344 5314 1437 5365 καὶ
1466 5313 1633 5381 φειδὼ
1666 5315 1763 5384 τὴν
1796 5315 1888 5366 ἐπὶ

306 5398 548 5464 γυναίοις
583 5400 750 5472 χηρίᾳ
785 5401 1267 5472 κατηχθεσμένοις.
1316 5405 1652 5459 Ἀποσείεταί
1685 5424 1746 5473 γε
1781 5408 1888 5477 μὴν

379 5572 427 5606 ’⁸
467 5573 582 5628 Joel
617 5594 652 5637 ι,
693 5577 758 5629 15
785 5593 942 5645 seqq.

1998 4592 2051 4637 et
2092 4583 2239 4637 inani
2273 4597 2458 4637 eorum
2487 4583 2671 4637 labore
2693 4581 2876 4646 irriso,
2914 4585 2978 4636 ad
3008 4599 3271 4641 summam
3300 4602 3392 4643 eos
3424 4590 3572 4643 utili-

1999 4683 2161 4730 tatem
2193 4676 2433 4740 deducit,
2469 4685 2524 4730 et
2567 4676 2688 4730 vita:
2734 4677 2835 4731 sibi
2870 4690 3106 4749 acceptae
3149 4683 3232 4735 ria
3290 4685 3572 4752 perspicue

1997 4766 2388 4836 manifesthue
2425 4767 2654 4830 munita.
2697 4777 2804 4822 tam
2844 4769 2978 4840 legis
3017 4771 3188 4841 ipsius
3241 4789 3400 4842 quam
3448 4789 3571 4843 pro-

1996 4857 2280 4925 phetarum
2335 4873 2555 4912 sensum
2602 4863 2981 4928 quadantenus
3028 4863 3288 4917 declarat.
3339 4864 3571 4918 Laitatttr

1995 4952 2138 5004 enim
2181 4952 2457 5021 legislator
2511 4963 2660 5007 recto
2703 4961 2758 5008 et
2801 4953 3112 5023 inculpabili
3140 4955 3362 5022 judicio,
3406 4957 3569 5010 mise-

1992 5043 2284 5096 ricordiam
2317 5058 2445 5096 vero
2487 5053 2542 5097 et
2584 5054 2828 5098 mutuum
2888 5045 3226 5114 gratificandi
3269 5045 3570 5100 inservien-

1992 5134 2153 5202 dique
2182 5135 2418 5187 studium
2451 5135 2503 5189 in
2531 5136 2720 5204 primis
2745 5137 2997 5203 honorat,
3041 5147 3095 5191 et
3124 5137 3464 5191 dilectionem
3514 5139 3566 5193 in

1990 5224 2300 5290 orpltanos,
2360 5225 2745 5295 lenitatemque
2793 5243 2919 5298 erga
2981 5227 3237 5283 mulieres
3294 5227 3568 5284 viduitatis

1990 5327 2131 5366 onus
2165 5312 2497 5368 sustinentes
2540 5316 2859 5369 laudandam
2891 5326 3096 5371 censet.
3131 5317 3426 5372 Avaritiam
3471 5334 3568 5372 au-

1993 5415 2099 5458 tem
2169 5411 2223 5460 et
2290 5403 2648 5458 inﬁrmiurum
2716 5408 3116 5474 oppressionem
3179 5419 3237 5466 ut
3289 5407 3567 5479 profanam

381 5754 452 5827 (Ι)
491 5753 689 5809 Desunt
754 5757 997 5824 qnzndatn
1064 5770 1264 5812 voces:
1301 5773 1494 5814 sensus
1557 5767 1734 5814 tamen
1766 5767 1846 5814 est
1888 5760 2102 5828 plenus.

548 5849 816 5908 Parnm.
865 5849 952 5908 Gn
974 5895 983 5907 .
1024 5848 1277 5909 LXXII.
