4080 6284
553 379 654 433 107

1578 378 1634 432 8.
1678 378 1950 436 CYBII.“
1990 381 2461 448 Αιειμυωκι
2503 379 2822 435 ΑΒΩΠΠΞΡ.

3705 384 3804 441 19³

551 491 777 561 repellit.
825 491 952 544 \‘nlt
985 501 1165 546 autem
1211 492 1289 546 sle
1338 492 1562 548 allectos
1597 509 1719 549 esse
1759 495 2036 564 benignos,
2067 508 2117 548 et

2223 498 2296 557 ὡς
2338 494 2567 563 βέϐηλον
2605 495 2705 566 τὴν
2754 494 3082 560 πλεονεξίαν,
3135 495 3226 548 καὶ
3266 497 3412 565 ἥπερ
3464 496 3529 551 ἀν
3579 497 3805 570 γένηται

548 579 864 645 iniuriarum
915 579 1283 634 immemores.
1317 580 1404 634 Ait
1450 581 1612 650 p‘orro
1647 593 1700 636 et
1740 581 1988 636 Christus
2017 583 2116 636 ali-

544 673 666 725 cubi
697 688 709 723 :
748 688 764 720 ι
802 670 1088 734 Dimittite,
1133 679 1187 723 et
1229 671 1533 725 diutiltetur
1568 673 1719 726 vobis
1739 674 1804 727 °'.
1838 692 1856 725 ι
1894 673 2030 739 Quin
2063 682 2118 728 et

545 771 766 814 orantes
805 761 986 815 dicere
1030 762 1209 815 docuit
1239 778 1254 815 :
1285 780 1304 812 ι
1339 753 1562 816 Dimitte
1616 764 1770 817 nobis
1801 762 1980 817 debila
2030 780 2119 816 no-

546 862 657 906 stra
681 894 696 918 ,
728 853 868 905 sicut
887 861 940 906 et
964 868 1061 907 nos
1083 853 1405 907 dimittimus
1429 853 1765 909 debitoribus
1789 858 1986 908 nostris
2004 855 2068 909 ".
2093 874 2110 906 ι

549 944 776 997 Dimittit
803 946 944 998 enim
981 954 1199 1014 peccata
1231 945 1626 1000 dimitteutibus
1649 946 1770 999 aliis
1807 947 2116 1001 misericors

549 1035 688 1088 Deus
722 1052 734 1088 :
773 1053 791 1087 ι
833 1035 939 1088 Vite
979 1045 1157 1088 autem
1191 1050 1378 1088 eorum
1414 1037 1504 1104 qui
1556 1035 1878 1101 injuriarum
1927 1037 2117 1090 memi-

547 1135 760 1190 nerunt,
794 1129 859 1181 ad
911 1136 1140 1181 mortem
1193 1129 1438 1192 tendunt,
1471 1145 1490 1180 ι
1527 1138 1584 1182 ιιι
1626 1129 1679 1183 in
1716 1127 1852 1184 libro
1886 1128 2116 1184 Prover-

544 1219 754 1272 biorum
793 1230 876 1273 est
907 1221 1084 1286 legere
1105 1223 1171 1277 ".

803 1320 850 1356 εἰ»

620 1393 782 1447 Vens.
816 1392 1000 1446 H-H.
1047 1391 1118 1444 Et
1147 1407 1248 1444 non
1275 1403 1566 1459 paruerunt
1599 1403 1652 1446 ut
1690 1395 2038 1457 attenderem,
2071 1406 2116 1446 et

540 1487 800 1540 dederunt
837 1486 1047 1538 dorsum
1093 1493 1446 1548 contemnens,
1482 1496 1527 1538 et
1572 1502 1724 1537 aures
1767 1503 1889 1538 snas
1927 1503 2119 1555 aggra-

543 1586 732 1630 uarunt
779 1592 840 1629 ne
875 1576 1136 1638 audirent,
1183 1585 1230 1627 et
1273 1591 1365 1628 cor
1407 1592 1561 1628 suum
1610 1587 1892 1645 posuerunt
1942 1577 2119 1629 inobe-

541 1667 710 1730 diens,
751 1681 812 1718 ne
859 1666 1102 1718 audirent
1145 1679 1308 1734 tegens
1359 1682 1550 1731 meam,
1591 1677 1638 1719 et
1687 1682 1949 1720 sermones
1987 1685 2117 1736 quos

539 1758 680 1811 misit
716 1757 875 1826 713
911 1757 1162 1810 Dominus
1194 1758 1521 1823 omnipotens
1567 1757 1622 1810 in
1666 1757 1857 1824 spiritu
1901 1775 2020 1824 suo,
2065 1761 2118 1812 in

2225 586 2364 638 κατὰ
2398 585 2504 636 τῶν
2539 586 2940 655 ἀσθενεστέρων
2972 587 3253 657 συντριϐή.
3287 587 3545 642 Βουλεται
3573 588 3630 641 δὲ
3665 585 3806 642 εἶναι

2217 675 2343 738 τοὺς
2393 675 2562 729 ταῦτα
2599 679 2815 747 φρονεῖν
2853 676 3162 747 ᾑρημένους
3206 679 3477 750 χρηστοὺς
3503 680 3595 732 καὶ
3627 680 3802 749 ἀμνη·

2220 768 2496 830 σικάιιους.
2525 769 2665 838 Ἔφη
2683 768 2738 820 δέ
2759 785 2857 821 που
2887 770 2980 822 καὶ
3001 770 3162 831 αὐτὸς
3183 771 3211 822 ὁ
3229 771 3462 840 Χριστός
3478 788 3490 800 ·
3523 789 3540 822 ι
3575 772 3800 838 Ἄφετε.

2217 859 2312 910 καὶ
2340 858 2674 928 ἀφεθήσεται
2701 861 2848 929 ὑμῖν.
2888 879 2906 910 ι
2937 861 3047 912 Καὶ
3075 859 3181 930 μὴν
3209 862 3303 912 καὶ
3333 863 3803 932 προσευχομένους

2216 951 2421 1017 ἐδίδαξε
2466 950 2676 1018 λέγειν·
2715 969 2732 1001 r
2781 951 2951 1019 Ἀφες
2975 953 3108 1020 ἡμῖν
3139 951 3207 1002 τὰ
3234 952 3578 1021 ὀφειλήματα
3622 953 3803 1023 ⁴ἡμῶν,

2215 1041 2290 1102 ὡς
2319 1041 2412 1093 καὶ
2435 1043 2594 1110 ἡμεῖς
2617 1040 2847 1109 ἀφίεμεν
2870 1043 2981 1102 τοῖς
2998 1039 3300 1108 ὀφειλέταις
3324 1041 3500 1110 ὴμιῶν.
3533 1060 3552 1091 s
3591 1042 3804 1112 ’Δνίησι

2219 1133 2317 1202 μὲν
2345 1133 2453 1205 γὰρ
2479 1133 2799 1202 ἐγκλήματα
2822 1134 2935 1194 τοῖς
2968 1132 3194 1184 ἀνιεῖσιν
3219 1132 3427 1202 ἑτέροις
3449 1135 3478 1184 ὁ
3503 1132 3800 1203 φιλοικτίρ-

2220 1242 2338 1292 μων
2385 1225 2537 1287 Θεὸς,
2575 1243 2592 1274 ι
2647 1223 2786 1274 Ὀδοὶ
2835 1224 2889 1276 δὲ
2945 1224 3298 1292 μνησικακῶν
3345 1223 3423 1286 είς
3471 1223 3724 1288 θάνατον,
3777 1242 3795 1272 s

2216 1315 2356 1367 κατά
2389 1314 2448 1367 τὸ
2483 1317 2539 1366 ἐν
2573 1314 2739 1384 βίϐλῳ
2770 1315 3084 1384 Παροιμιῶν
3109 1315 3516 1384 γεγραμμένον.

2288 1407 2395 1459 Καὶ
2441 1407 2782 1475 ἠπείθησαν
2835 1407 2942 1460 τοῦ
3001 1406 3356 1475 προσέχειν,
3412 1408 3511 1460 καί
3567 1407 3797 1462 ἔδωκαν

2216 1495 2408 1550 νῶτον
2439 1497 2957 1565 παραφρονοῦντα,
2995 1499 3093 1551 καὶ
3145 1501 3215 1554 τὰ
3255 1496 3373 1554 ὦτα
3420 1498 3620 1552 αὐτῶν
3663 1499 3799 1552 ἐϐά-

2208 1606 2410 1656 ρυναν
2457 1590 2563 1644 τοῦ
2593 1589 2678 1658 μὴ
2708 1591 2977 1655 ἀκούειν,
3011 1591 3105 1644 καί
3138 1592 3252 1660 τὴν
3289 1591 3540 1660 καρδίαν
3578 1591 3800 1655 ἔταξαν

2217 1679 2431 1748 ἀπειθῆ
2468 1679 2572 1733 τοῦ
2601 1681 2688 1750 μὴ
2728 1681 2986 1736 ἀκοῦσαι
3011 1682 3118 1736 τοῦ
3159 1684 3348 1752 νόμου
3379 1701 3522 1752 μου,
3558 1685 3655 1736 καὶ
3700 1684 3799 1736 ἐπὶ

2217 1771 2360 1834 τοὺς
2405 1772 2646 1839 λόγους,
2705 1772 2812 1836 οὓς
2847 1772 3266 1838 ἐξαπέσταλκε
3313 1777 3528 1840 Κύριος
3579 1789 3799 1827 narro-

541 1848 783 1902 manibus
808 1847 1179 1913 prophetarum
1215 1847 1471 1914 priorum.
1514 1845 1580 1897 Et
1613 1847 1756 1914 facta
1790 1857 1861 1900 est
1895 1849 1976 1900 ira
2002 1865 2116 1900 ma-

2219 1862 2447 1931 κράτωρ
2497 1864 2567 1916 ἐν
2611 1865 2900 1933 πνεύματι
2943 1865 3150 1928 αὐτοῦ,
3183 1865 3252 1918 ἐν
3279 1866 3452 1934 χερσὶ
3496 1865 3616 1919 τῶν
3658 1880 3798 1933 προ-

538 1957 644 2010 gna
675 1955 707 1991 a
733 1938 954 1991 Domino
998 1937 1367 2004 omnipotente.
1422 1934 1490 1988 Et
1535 1938 1634 1989 erit
1680 1938 1819 1990 sicut
1851 1939 2006 1994 dixit.
2049 1938 2116 1991 Et

543 2047 646 2085 non
675 2030 954 2083 audierunt
984 2044 1124 2082 eum.
1151 2027 1241 2082 Sic
1269 2026 1591 2093 clamabunt,
1623 2037 1671 2081 et
1696 2045 1797 2082 non
1828 2030 2116 2082 exaudiam

543 2138 651 2185 eos,
687 2121 814 2174 dicit
871 2119 1129 2174 Dominus
1177 2119 1524 2188 omnipotens,
1571 2128 1620 2173 et
1668 2121 1877 2188 ejiciam
1917 2137 2002 2175 eos
2047 2121 2117 2174 ad

544 2228 720 2266 onmes
750 2221 926 2282 gentes
963 2226 1096 2280 quas
1145 2225 1248 2264 non
1285 2222 1658 2278 cognoverunt,
1702 2219 1752 2264 et
1797 2220 1938 2264 terra
1967 2211 2117 2265 deso-

543 2303 740 2359 iabitur
782 2311 897 2370 post
953 2317 1041 2356 eos
1076 2319 1107 2355 a
1151 2300 1545 2370 perambulante
1607 2311 1654 2355 et
1705 2313 2001 2358 reuertente.
2047 2301 2114 2357 Et

537 2403 826 2463 posuerunt
868 2401 1063 2447 terram
1091 2392 1305 2446 electam
1337 2394 1389 2445 in
1431 2393 1832 2448 desolationem.

613 2655 877 2712 XXXVII.
919 2655 1285 2722 Testiticatur,
1329 2669 1424 2711 eos
1456 2671 1562 2711 non
1611 2657 1884 2711 destitisse
1927 2665 2116 2712 contra

545 2763 603 2804 se
635 2749 852 2802 irritare
883 2745 1542 2815 universorumjudicem.
1581 2744 1718 2800 Nam
1760 2760 1884 2800 cum
1929 2746 2118 2800 liceret

544 2850 856 2896 sanctorum
903 2839 1290 2909 prephetarum
1341 2839 1680 2894 sermonibus
1716 2838 2114 2908 obtemperare,

543 2933 772 3001 etjussa
821 2931 1436 3000 legislatorisgenerose
1476 2931 1782 2999 complecti,
1813 2930 1912 3000 ipsi
1953 2932 2114 2984 vitam

545 3023 700 3077 laude
756 3023 970 3092 dignam
1007 3022 1322 3090 legibusque
1369 3036 1463 3090 per
1498 3021 1679 3075 omnia
1709 3036 2024 3087 consonam,
2063 3028 2117 3075 et

542 3114 646 3167 iter
676 3111 890 3166 virtutis
936 3121 1137 3166 rectum
1170 3111 1303 3164 velis
1357 3113 1630 3180 remisque
1660 3111 1949 3182 fugientes,
1983 3127 2116 3180 prte-

2219 1952 2423 2021 φητῶν
2452 1952 2572 2006 τῶν
2599 1955 2960 2023 ἔμπροσθεν.
2987 1955 3095 2008 Καὶ
3127 1953 3363 2023 ἐγένετο
3393 1955 3536 2025 ὀργὴ
3563 1954 3794 2024 μεγάλη

2219 2043 2375 2110 παρὰ
2391 2043 2612 2110 Κυρίου
2629 2043 3126 2112 παντοκράτορος.
3151 2045 3259 2098 Καὶ
3276 2045 3465 2110 ἔσται,
3487 2046 3558 2098 ὃν
3573 2047 3798 2112 τρόπον

2216 2129 2362 2187 εἶπε.
2434 2135 2540 2188 Καὶ
2592 2137 2702 2189 οὐκ
2769 2135 3147 2202 εἰσήκουσαν
3201 2137 3409 2191 αὐτοῦ.
3462 2136 3661 2201 Οὕτως
3701 2152 3797 2188 κε-

2217 2224 2558 2293 κράξονται,
2582 2227 2682 2280 καί
2707 2230 2777 2282 οὐ
2792 2228 2879 2296 μὴ
2900 2229 3240 2284 είσακούσω
3255 2226 3476 2292 αὐτῶν,
3500 2227 3655 2297 λέγει
3681 2229 3795 2280 Kr}-

2210 2333 2343 2384 ριος
2359 2318 2794 2388 παντοκράτωρ,
2817 2320 2914 2376 καί
2930 2319 3163 2374 ἐκϐαλῶ
3179 2321 3399 2386 αὐτοὺς
3413 2323 3498 2386 εις
3516 2321 3708 2374 πάντα
3725 2318 3795 2373 τὰ

2216 2406 2382 2474 ἔθνη,
2431 2407 2469 2462 ἄ
2505 2412 2616 2462 οὐκ
2646 2410 2945 2479 ἔγνωσαν,
2994 2410 3091 2463 καὶ
3130 2411 3167 2478 ἡ
3199 2409 3274 2479 γῆ
3320 2410 3793 2479 ἀφανισθήσεται

2216 2500 2579 2554 κατόπισθεν
2593 2501 2792 2554 αὐτῶν
2807 2502 2873 2554 ἐκ
2889 2501 3265 2568 διοδεύοντος
3304 2503 3399 2555 καὶ
3417 2502 3485 2566 ἐξ
3503 2503 3791 2568 ἀναστρέ-

2219 2606 2462 2658 φοντος.
2494 2591 2599 2644 Καὶ
2631 2593 2852 2655 ἔταξαν
2876 2591 2990 2661 γῆν
3010 2593 3308 2660 ἐκλεκτήν
3329 2595 3416 2658 είς
3430 2593 3791 2662 ἀφανισμόν.

2288 2679 2406 2732 AZ'.
2451 2679 2912 2750 Πεπληροφὸρηκε
2957 2681 3044 2733 διά
3077 2681 3299 2741 τούτων,
3331 2684 3411 2735 ὅτι
3451 2683 3791 2753 παραθήγον-

2216 2787 2306 2832 τες
2333 2771 2392 2823 οὐ
2419 2771 2785 2824 διαλελοίπασι
2825 2773 2964 2824 κατὰ
2993 2773 3141 2841 σφῶν
3161 2773 3250 2826 τὸν
3271 2773 3379 2825 τῶν
3406 2773 3544 2825 ὅλων
3575 2775 3788 2845 κριτήν.

2229 2859 2379 2924 Ἐξὸν
2407 2861 2516 2930 γὰρ
2559 2862 2755 2924 αὐτοὺς
2787 2865 2897 2924 τοῖς
2921 2862 3027 2914 τῶν
3075 2863 3246 2930 ἁγίων
3290 2863 3585 2934 προφητῶν
3627 2881 3790 2915 κατα-

2219 2950 2501 3005 πείθεσθαι
2551 2953 2748 3019 λόγοις,
2779 2953 2872 3005 καὶ
2905 2953 2965 3006 τὸ
3005 2953 3386 3023 ἀντιφέρεσθαι
3421 2954 3650 3018 γενικῶς
3682 2957 3793 3015 τοῖς

2216 3041 2310 3094 τοῦ
2341 3043 2626 3114 νομοθέτου
2655 3043 2940 3113 θελήμασι,
2979 3045 3268 3114 ρίπτοντας
3300 3045 3374 3107 ὡς
3388 3045 3677 3108 ἀπωτάτω,
3698 3044 3790 3113 τὴν

2221 3134 2418 3204 εὐκλεῆ
2462 3138 2552 3189 καὶ
2582 3137 2961 3206 ἐννομωτάτην
2995 3137 3312 3190 ἀνθελέσθαι
3345 3138 3489 3206 ζωὴν
3513 3174 3526 3198 ,
3566 3138 3660 3188 καὶ
3697 3136 3793 3203 τὴν

542 3203 699 3258 tracti
737 3203 970 3266 luerunt,
1013 3209 1066 3256 et
1105 3201 1266 3254 verba
1299 3202 1494 3270 quibus
1533 3203 1936 3256 erudiebantur'
1969 3203 2117 3257 llocci

2222 3201 2522 3297 ἀμώμητον
2577 3201 2717 3280 ίέναι
2764 3201 2970 3298 τρίϐον,
3006 3228 3232 3298 σκληροὶ
3270 3201 3544 3296 γεγόνασι,
3593 3226 3687 3279 καὶ

543 3294 862 3363 pendentes,
910 3294 1074 3347 corde
1139 3291 1415 3347 inﬂexibili
1480 3308 1544 3347 ac
1600 3309 1738 3362 pene
1787 3294 1960 3348 ferreo
2005 3294 2120 3349 lue-

546 3394 695 3438 runt.
729 3383 1050 3452 Neutiquam
1095 3385 1239 3437 enim
1281 3387 1557 3438 desierunt
1602 3386 1692 3440 Dei
1725 3388 1944 3441 verbum
1989 3403 2118 3441 con-

549 3476 692 3528 vitiis
732 3474 1102 3544 proscindere,
1141 3483 1197 3527 et
1243 3474 1370 3526 illud
1414 3484 1785 3543 apportantes,
1826 3479 2117 3546 propheta-

547 3581 774 3635 rumque
797 3563 971 3618 ollicio
993 3564 1278 3633 fungentes
1319 3567 1512 3618 acerbe
1533 3574 1588 3618 et
1627 3565 1788 3634 impie
1815 3567 2118 3636 obiurgare,

548 3657 793 3726 quanwis
826 3655 878 3709 in
927 3653 1130 3724 Spiritu
1185 3663 1376 3710 sancto
1423 3655 1792 3724 loquerentur.
1831 3656 1906 3709 Eo
1940 3667 2118 3710 autem

545 3751 651 3817 iam
700 3747 934 3804 feritatis
979 3755 1033 3802 ct
1065 3746 1408 3800 delirationis
1437 3761 1650 3800 omnem
1696 3747 2117 3802 admonitionem

550 3840 883 3909 repudiaritis
918 3849 1323 3908 processerant,
1368 3848 1426 3892 ut
1463 3839 1728 3903 pmnitere
1773 3839 1996 3903 nollent,
2027 3841 2121 3892 do-

549 3945 649 3984 nec
689 3929 1045 3998 praenuntiata
1078 3928 1216 3982 mala
1251 3927 1516 3981 sentirent
1545 3945 1558 3981 :
1584 3936 1639 3982 et
1665 3927 1738 3981 ita
1774 3928 1826 3981 in
1859 3929 2119 3998 supplicia

550 4040 577 4075 a
632 4021 742 4075 Deo
794 4020 932 4074 irato
990 4019 1096 4074 illis
1153 4019 1390 4090 iniuncta
1443 4019 1771 4074 inciderunt.
1827 4019 1944 4074 Jam
1995 4035 2117 4075 cum

547 4115 688 4168 Deus
729 4114 814 4167 hic
861 4112 1033 4167 dicit:
1063 4130 1081 4164 ι
1113 4110 1338 4180 EJiciam
1375 4126 1468 4166 eos
1495 4112 1561 4166 ad
1594 4127 1782 4167 omnes
1819 4120 2026 4183 gentes,
2067 4124 2120 4169 et

546 4204 876 4259 desolabitur
910 4211 1050 4257 terra
1091 4219 1120 4257 a
1154 4203 1564 4272 perambulante
1618 4213 1673 4257 et
1720 4214 2022 4260 rerertente
2045 4245 2061 4270 ,
2094 4224 2114 4256 ι

547 4313 643 4352 ceu
687 4296 1000 4366 prophetica
1041 4295 1391 4366 przedictioue
1430 4297 1638 4366 prolata
1689 4296 1805 4352 btec
1853 4298 2120 4367 intelligu-

547 4405 686 4442 mus.
719 4389 886 4456 Ejecti
918 4399 1042 4443 sunt
1070 4390 1216 4442 enim
1263 4391 1332 4441 ad
1373 4387 1571 4446 Persas
1607 4401 1661 4445 et
1689 4390 1890 4457 Medos,
1921 4400 1975 4446 et
2005 4391 2117 4459 jam

545 4480 756 4546 experti
806 4489 931 4531 sunt
985 4479 1377 4547 captivitatem,
1443 4489 1498 4533 et
1543 4481 1781 4534 desolata
1835 4494 2002 4544 terra,
2064 4491 2118 4536 et

548 4571 696 4637 regio
727 4568 924 4636 optima
961 4567 1202 4621 omnium
1237 4587 1254 4618 ι
1284 4568 1478 4633 posita,
1509 4579 1567 4622 ut
1604 4580 1889 4625 contextus
1931 4573 2114 4636 habet,

549 4660 602 4712 in
646 4657 1056 4719 desolationem,
1091 4675 1108 4708 ι
1150 4657 1616 4725 peramlntlantes,
1650 4672 1742 4711 seu
1788 4670 2120 4716 revertentes

550 4749 726 4802 nullos
777 4749 1002 4802 habens.
1035 4747 1183 4802 Alios
1225 4749 1369 4802 cnim
1418 4748 1616 4802 bellum
1669 4764 2119 4818 consumpserat;

547 4845 638 4896 alii
693 4856 816 4895 cum
853 4841 1132 4895 servitutis
1162 4840 1291 4910 jugo
1335 4839 1385 4892 in
1436 4840 1808 4910 captivitatem
1849 4842 2115 4895 abierunt.

549 4936 812 5002 Quocirca
851 4943 904 4986 et
943 4934 1076 5001 inec,
1125 4942 1184 4984 ut
1219 4931 1344 4993 alia,
1385 4932 1764 4998 prrcdictorum
1814 4931 1931 4986 loco
1972 4934 2116 4986 acci-

551 5028 782 5098 piemus.
834 5024 1022 5081 Verbis
1063 5033 1239 5076 autem
1290 5023 1484 5078 ditinis
1531 5039 1635 5076 non
1677 5023 1896 5077 obedire
1949 5023 2118 5077 detri-

553 5129 878 5184 mentosum,
905 5117 1013 5171 imo
1046 5116 1406 5186 perniciosum
1440 5131 1580 5182 esse,
1620 5116 1782 5170 etiam
1813 5131 1875 5170 ex
1905 5117 2120 5172 casibus

553 5211 898 5276 antiquorum
932 5209 1113 5262 videre
1143 5206 1290 5270 licet,
1341 5223 1437 5260 nec
1471 5208 1654 5260 multis
1686 5207 1752 5260 ad
1801 5207 1853 5261 id
1889 5211 2121 5278 probauc

553 5300 676 5351 dum
710 5313 842 5366 Opus
883 5309 987 5362 εει,
1036 5315 1156 5351 cum
1207 5313 1294 5351 res
1327 5298 1550 5352 cuilibet
1580 5297 1860 5353 manifesta
1911 5299 1999 5364 sit,
2029 5297 2118 5367 qui

551 5389 716 5444 Semel
745 5402 1002 5459 prompta:
1034 5392 1350 5445 (ιιιιειίξυιιιίω
1381 5393 1516 5444 bona
1550 5397 1881 5461 cognoverit.

2218 3319 2394 3373 οὐδενὶ
2441 3319 2717 3372 τεθείκασι
2764 3318 2904 3390 λόγῳ
2950 3320 3039 3372 τὸν
3091 3320 3404 3390 παιδευτὴν,
3446 3317 3682 3387 ἀκαμπῆ
3735 3333 3791 3368 τε

2220 3410 2314 3461 καὶ
2343 3409 2605 3476 ἄτεγκτον
2631 3409 2894 3478 ἐσχήκασι
2927 3408 3025 3477 τὴν
3059 3409 3308 3479 καρδίαν.
3349 3408 3665 3475 Κατέληξαν
3688 3408 3793 3476 γὰρ

2219 3499 2468 3567 οὐδαμῶς
2513 3501 2639 3560 τοὺς
2692 3499 2870 3562 θείους
2917 3499 3160 3561 ἐκτόπως
3221 3497 3528 3567 ὑϐρίζοντες
3583 3497 3793 3564 λόγους,

2221 3591 2314 3641 καὶ
2350 3591 2461 3650 τοῖς
2490 3587 2690 3640 τούτων
2725 3588 3118 3658 διακομισταῖς,
3147 3589 3194 3642 οἳ
3237 3589 3296 3641 τὸ
3328 3589 3424 3657 τῆς
3457 3588 3794 3657 προφητείας

2221 3677 2488 3750 ὲχείριζον
2514 3679 2718 3749 χρῆμα,
2753 3679 2938 3744 δεινῶς
2967 3698 3024 3732 τε
3052 3681 3144 3733 καὶ
3187 3680 3412 3740 ἀνοσίως
3441 3679 3794 3747 ὲπιπλήττον·

2219 3783 2330 3829 τες,
2363 3766 2536 3819 καίτοι
2580 3767 2873 3830 λαλοῦντας
2912 3770 2968 3820 ὲν
3000 3769 3136 3835 ἁγίῳ
3168 3767 3464 3836 Πνεύματι.
3504 3767 3594 3828 Ei;
3639 3766 3796 3819 τοῦτο

2218 3857 2275 3909 δὲ
2304 3857 2402 3928 ήδη
2440 3856 2767 3910 κατώλισθον
2812 3859 3132 3930 ἀγριότητος
3177 3858 3270 3910 καὶ
3304 3858 3656 3926 ἀνουθετήτου
3696 3856 3793 3924 λη-

2223 3949 2364 4021 ρίας,
2396 3949 2470 4013 ὡς
2514 3951 2586 4021 μὴ
2619 3951 2835 4004 ἑλέσθαι
2878 3953 3156 4021 μετανοεῖν
3197 3952 3355 4020 ἀχρις
3385 3951 3452 4003 ἂν
3497 3950 3680 4012 αὐτοῖς
3717 3952 3792 4011 είς

2223 4043 2414 4110 πεῖραν
2451 4041 2609 4112 ἐξέϐη
2638 4043 2704 4094 τὰ
2763 4042 3202 4113 προηγγελμένα,
3236 4043 3329 4094 καὶ
3367 4041 3793 4093 ὑποπεπτώκασι

2220 4135 2330 4195 τοῖς
2364 4135 2426 4184 ὲκ
2463 4133 2612 4196 θείας
2643 4136 2811 4204 ὀργῆς
2851 4134 3320 4204 ἐπενηνεγμένοις.
3356 4133 3416 4185 Εἰ
3450 4133 3506 4186 δὲ
3535 4135 3598 4203 δὴ
3647 4132 3796 4200 λέγοι

2219 4225 2350 4286 Θεὸς
2382 4227 2438 4277 ἐν
2467 4227 2696 4288 τούτοις,
2727 4227 2808 4277 ὅτι
2851 4245 2869 4276 ι
2925 4226 3162 4278 Ἐκὸαλῶ
3191 4226 3388 4287 αὐτοὺς
3420 4226 3500 4288 είς
3528 4227 3704 4279 πάντα
3727 4225 3793 4276 τὰ

2220 4314 2350 4385 ἔθνη
2368 4356 2383 4379 ,
2417 4316 2843 4386 ἀφανισθήσεται
2871 4317 2928 4370 δὲ
2956 4320 3048 4371 καὶ
3075 4321 3109 4387 ἡ
3151 4319 3221 4388 γῆ
3261 4320 3324 4371 ὲκ
3351 4317 3677 4380 διοδεύοντος
3702 4317 3795 4369 καὶ

2219 4406 2668 4478 ἁναστρέφοντος,
2707 4425 2724 4458 ι
2760 4408 2834 4468 ὡς
2867 4409 2924 4459 ὲν
2959 4407 3350 4479 προαγορεύσει
3382 4411 3694 4478 προφητικῇ
3729 4411 3796 4460 τὰ

2220 4489 2397 4551 τοιάδε.
2440 4498 2600 4550 πάλιν
2637 4498 2886 4568 εἰρῆσθαι
2931 4501 3215 4570 νοήσομεν.
3269 4499 3656 4566 Ἐκόέὸληνται
3699 4499 3796 4566 μὲν

2221 4588 2329 4659 γὰρ
2365 4591 2441 4652 εἰς
2482 4590 2694 4660 Πέρσας
2731 4590 2821 4642 καὶ
2869 4592 3106 4661 Μήδους,
3154 4591 3246 4643 καὶ
3287 4591 3388 4660 ἤδη
3437 4591 3794 4660 πεπείρανται

2221 4682 2318 4749 τῆς
2348 4681 2742 4748 αἰχμαλωσίας,
2773 4683 3068 4752 ἠρήμωται
3110 4684 3165 4734 δὲ
3201 4685 3291 4735 καὶ
3324 4685 3355 4752 ή
3387 4683 3477 4752 γῆ.
3513 4685 3662 4750 καὶὴ
3693 4701 3798 4733 πα-

2227 4769 2335 4819 σῶν
2383 4770 2578 4840 ἀρίστη
2627 4773 2776 4842 χώρα
2809 4791 2826 4822 ι
2864 4773 3138 4836 τέτακται,
3187 4772 3327 4825 καθά
3359 4791 3522 4843 φησιν
3559 4777 3587 4826 ὁ
3621 4774 3798 4841 λόγος,

2223 4861 2302 4921 εἰς
2347 4861 2672 4930 ἀφανισμὸν,
2737 4882 2756 4912 ι
2821 4863 2921 4915 οὐκ
2971 4863 3169 4932 ἔχουσα
3227 4864 3579 4928 διοδεύοντας,
3634 4866 3802 4934 ἤγουν

2223 4952 2750 5024 ἀναστρεφομένους.
2798 4957 2860 5009 Οἱ
2907 4955 3012 5026 μὲν
3030 4956 3138 5027 γὰρ
3174 4957 3567 5028 δεδαπάνηνται
3594 4959 3670 5027 τῷ
3713 4973 3806 5010 πο-

2223 5041 2407 5110 λέμῳο
2457 5044 2506 5095 οἱ
2546 5044 2602 5096 δὲ
2635 5045 2710 5114 τῷ
2740 5047 2837 5115 τῆς
2874 5047 3114 5109 δουλείας
3149 5047 3576 5117 κατηχθεσμένοι
3626 5046 3798 5116 ζυγῷ,

2223 5132 2627 5203 δεδραμήκασιν
2662 5137 2740 5198 εἰς
2772 5138 3168 5206 αἰχμαλωσίαν.
3217 5137 3426 5191 Οὐκοῦν
3468 5137 3544 5200 ὼς
3578 5139 3636 5189 ὲν
3679 5153 3806 5206 προ-

2227 5223 2513 5292 αγορεύσει
2537 5224 2632 5277 καὶ
2657 5227 2781 5278 τάδε
2803 5230 2914 5290 τοῖς
2941 5229 3120 5291 ἄλλοις
3143 5227 3491 5298 συνειρῆσθαι
3515 5228 3804 5296 νοήσομεν.

2230 5313 2351 5364 Ὅτι
2393 5314 2450 5368 δὲ
2494 5314 2554 5366 τὸ
2596 5317 2708 5379 τοῖς
2759 5316 2921 5380 θείοις
2971 5319 3147 5387 λόγοις
3200 5320 3442 5372 ἀπειθεῖν
3488 5317 3805 5386 ἐπιζήμιον,

2234 5405 2432 5474 μᾶλλον
2456 5407 2510 5459 δὲ
2539 5409 2632 5459 καὶ
2658 5408 2880 5479 ὀλέθρου
2910 5411 3187 5481 πρόξενον,
3222 5412 3315 5463 καὶ
3345 5411 3404 5475 ἐξ
3423 5408 3602 5464 αὐτῶν
3632 5411 3699 5463 ἀν
3722 5425 3805 5468 τις

560 5481 658 5532 iam
704 5483 809 5532 τῶν
844 5484 955 5544 τοῖς
1002 5483 1244 5551 ἀρχαίοις
1297 5482 1746 5552 συμϐεϐηκότων·
1825 5490 1918 5541 καὶ
1961 5491 2020 5541 οὐ
2065 5494 2294 5564 μακρῶν
2329 5497 2393 5550 ἄν
2461 5515 2543 5561 τις
2595 5498 2764 5553 δέοιτο
2803 5500 2974 5570 λόγων
3019 5503 3152 5574 πρὸς
3215 5503 3508 5569 ἀπόδειξιν,
3543 5498 3657 5555 ἀλλ’
3691 5499 3801 5553 ἐστι

553 5577 611 5628 τὸ
643 5579 827 5646 χρῆμα
860 5578 1016 5628 παντί
1048 5595 1122 5646 τῳ
1156 5579 1342 5644 σαφὲς,
1376 5579 1450 5647 τῷ
1482 5596 1540 5644 γε
1571 5581 1730 5634 nam
1760 5581 1903 5637 ἅπαξ
1934 5583 1998 5633 τὰ
2044 5587 2105 5636 ἐκ
2151 5591 2246 5658 τῆς
2279 5591 2586 5654 εὐπειθείας
2619 5592 2818 5660 ἀγαθά..

621 5753 667 5789 ⁸⁸
710 5754 834 5807 Luc.
873 5770 941 5814 τι,
977 5755 1061 5806 37.
1141 5757 1182 5787 "‘
1217 5755 1400 5807 ﬁbula.
1448 5771 1518 5819 \I,
1570 5756 1648 5808 l2.

1723 5758 1764 5787 "
1813 5757 1962 5810 l’t‘m.
2014 5777 2105 5818 λιι,
2141 5764 2225 5814 358.
