  <div class='ocr_page' id='page_1' title='image "/cluster/home/n/w/nwhite01/storage/ocr_20150623/72/mdp.39015019355984/071.png"; bbox 0 0 4080 6284; ppageno 0'>
   <div class='ocr_carea' id='block_1_1' title="bbox 531 391 618 496">
    <p class='ocr_par' dir='ltr' id='par_1_1' title="bbox 531 391 618 496">
     <span class='ocr_line' id='line_1_1' title="bbox 531 391 618 496; baseline 0.057 -6"><span class='ocrx_word' id='word_1_1' title='bbox 531 391 618 496; x_wconf 63' lang='lat' dir='ltr'><strong>Hi</strong></span> 
     </span>
    </p>
   </div>
   <div class='ocr_carea' id='block_1_2' title="bbox 1510 429 2753 493">
    <p class='ocr_par' dir='ltr' id='par_1_2' title="bbox 1510 429 2753 493">
     <span class='ocr_line' id='line_1_2' title="bbox 1510 429 2753 493; baseline -0.005 0"><span class='ocrx_word' id='word_1_2' title='bbox 1510 438 1566 493; x_wconf 90' lang='lat' dir='ltr'><strong>S.</strong></span> <span class='ocrx_word' id='word_1_3' title='bbox 1608 434 1884 490; x_wconf 72' lang='lat' dir='ltr'><strong>CYlllLLl</strong></span> <span class='ocrx_word' id='word_1_4' title='bbox 1925 429 2399 490; x_wconf 68' lang='lat' dir='ltr'><strong>ALEXANDRINI</strong></span> <span class='ocrx_word' id='word_1_5' title='bbox 2439 432 2753 487; x_wconf 68' lang='lat' dir='ltr'><strong>ARCHiEP.</strong></span> 
     </span>
    </p>
   </div>
   <div class='ocr_carea' id='block_1_3' title="bbox 3690 429 3794 485">
    <p class='ocr_par' dir='ltr' id='par_1_3' title="bbox 3690 429 3794 485">
     <span class='ocr_line' id='line_1_3' title="bbox 3690 429 3794 485; baseline 0.019 -2"><span class='ocrx_word' id='word_1_6' title='bbox 3690 429 3794 485; x_wconf 64' lang='lat' dir='ltr'><strong>H2</strong></span> 
     </span>
    </p>
   </div>
   <div class='ocr_carea' id='block_1_4' title="bbox 519 539 2111 620">
    <p class='ocr_par' dir='ltr' id='par_1_4' title="bbox 519 550 2096 620">
     <span class='ocr_line' id='line_1_4' title="bbox 519 550 2096 620; baseline -0.006 -9"><span class='ocrx_word' id='word_1_7' title='bbox 519 567 640 612; x_wconf 84' lang='lat' dir='ltr'><strong>vata</strong></span> <span class='ocrx_word' id='word_1_8' title='bbox 673 565 791 620; x_wconf 87' lang='lat' dir='ltr'><strong>est;</strong></span> <span class='ocrx_word' id='word_1_9' title='bbox 840 569 964 609; x_wconf 78' lang='lat' dir='ltr'><strong>vera</strong></span> <span class='ocrx_word' id='word_1_10' title='bbox 1000 561 1179 607; x_wconf 86' lang='lat' dir='ltr'><strong>autem</strong></span> <span class='ocrx_word' id='word_1_11' title='bbox 1231 552 1424 606; x_wconf 77' lang='lat' dir='ltr'><strong>civitas</strong></span> <span class='ocrx_word' id='word_1_12' title='bbox 1470 550 2096 615; x_wconf 82' lang='lat' dir='ltr'><strong>vocabiturJerusalem,</strong></span> 
     </span>
    </p>
   </div>
   <div class='ocr_carea' id='block_1_5' title="bbox 2214 539 3790 620">
    <p class='ocr_par' dir='ltr' id='par_1_5' title="bbox 2214 539 3790 620">
     <span class='ocr_line' id='line_1_5' title="bbox 2214 539 3790 620; baseline 0.001 -22"><span class='ocrx_word' id='word_1_13' title='bbox 2214 546 2324 610; x_wconf 75' lang='grc' dir='ltr'>Ξας,</span> <span class='ocrx_word' id='word_1_14' title='bbox 2372 545 2600 617; x_wconf 79' lang='grc' dir='ltr'>ἀληθινὴ</span> <span class='ocrx_word' id='word_1_15' title='bbox 2643 545 2698 599; x_wconf 83' lang='grc' dir='ltr'>δὲ</span> <span class='ocrx_word' id='word_1_16' title='bbox 2747 545 2899 609; x_wconf 84' lang='grc' dir='ltr'>πόλις</span> <span class='ocrx_word' id='word_1_17' title='bbox 2949 543 3281 620; x_wconf 77' lang='grc' dir='ltr'>κληθήσεται</span> <span class='ocrx_word' id='word_1_18' title='bbox 3341 539 3378 610; x_wconf 77' lang='grc' dir='ltr'><strong>ὴ</strong></span> <span class='ocrx_word' id='word_1_19' title='bbox 3412 546 3790 619; x_wconf 81' lang='grc' dir='ltr'>Ἰερουσαλὴμ,</span> 
     </span>
    </p>
   </div>
   <div class='ocr_carea' id='block_1_6' title="bbox 533 641 2102 717">
    <p class='ocr_par' dir='ltr' id='par_1_6' title="bbox 533 641 2102 717">
     <span class='ocr_line' id='line_1_6' title="bbox 533 641 2102 717; baseline -0.005 -16"><span class='ocrx_word' id='word_1_20' title='bbox 533 663 640 701; x_wconf 94' lang='lat' dir='ltr'><strong>non</strong></span> <span class='ocrx_word' id='word_1_21' title='bbox 671 647 805 717; x_wconf 85' lang='lat' dir='ltr'><strong>jam,</strong></span> <span class='ocrx_word' id='word_1_22' title='bbox 837 655 895 699; x_wconf 89' lang='lat' dir='ltr'><strong>ut</strong></span> <span class='ocrx_word' id='word_1_23' title='bbox 936 645 1089 709; x_wconf 91' lang='lat' dir='ltr'><strong>olim,</strong></span> <span class='ocrx_word' id='word_1_24' title='bbox 1119 644 1220 698; x_wconf 85' lang='lat' dir='ltr'><strong>diis</strong></span> <span class='ocrx_word' id='word_1_25' title='bbox 1252 659 1414 696; x_wconf 87' lang='lat' dir='ltr'><strong>manu</strong></span> <span class='ocrx_word' id='word_1_26' title='bbox 1453 643 1732 698; x_wconf 76' lang='lat' dir='ltr'><strong>fabricatis</strong></span> <span class='ocrx_word' id='word_1_27' title='bbox 1774 653 1828 698; x_wconf 90' lang='lat' dir='ltr'><strong>et</strong></span> <span class='ocrx_word' id='word_1_28' title='bbox 1880 641 2102 696; x_wconf 88' lang='lat' dir='ltr'><strong>simula-</strong></span> 
     </span>
    </p>
   </div>
   <div class='ocr_carea' id='block_1_7' title="bbox 521 734 2098 793">
    <p class='ocr_par' dir='ltr' id='par_1_7' title="bbox 521 734 2098 793">
     <span class='ocr_line' id='line_1_7' title="bbox 521 734 2098 793; baseline -0.004 -3"><span class='ocrx_word' id='word_1_29' title='bbox 521 740 628 792; x_wconf 87' lang='lat' dir='ltr'><strong>cris</strong></span> <span class='ocrx_word' id='word_1_30' title='bbox 671 736 840 792; x_wconf 90' lang='lat' dir='ltr'><strong>Deum</strong></span> <span class='ocrx_word' id='word_1_31' title='bbox 884 735 1272 790; x_wconf 83' lang='lat' dir='ltr'><strong>mentientibus</strong></span> <span class='ocrx_word' id='word_1_32' title='bbox 1315 735 1516 789; x_wconf 90' lang='lat' dir='ltr'><strong>cultum</strong></span> <span class='ocrx_word' id='word_1_33' title='bbox 1562 735 1800 789; x_wconf 88' lang='lat' dir='ltr'><strong>divinum</strong></span> <span class='ocrx_word' id='word_1_34' title='bbox 1837 734 2098 793; x_wconf 86' lang='lat' dir='ltr'><strong>tribuens,</strong></span> 
     </span>
    </p>
   </div>
   <div class='ocr_carea' id='block_1_8' title="bbox 521 826 2103 896">
    <p class='ocr_par' dir='ltr' id='par_1_8' title="bbox 521 826 2103 896">
     <span class='ocr_line' id='line_1_8' title="bbox 521 826 2103 896; baseline -0.003 -14"><span class='ocrx_word' id='word_1_35' title='bbox 521 835 612 883; x_wconf 73' lang='lat' dir='ltr'><strong>sed</strong></span> <span class='ocrx_word' id='word_1_36' title='bbox 659 845 846 896; x_wconf 89' lang='lat' dir='ltr'><strong>unum,</strong></span> <span class='ocrx_word' id='word_1_37' title='bbox 885 838 938 883; x_wconf 92' lang='lat' dir='ltr'><strong>et</strong></span> <span class='ocrx_word' id='word_1_38' title='bbox 968 837 1162 882; x_wconf 89' lang='lat' dir='ltr'><strong>natura</strong></span> <span class='ocrx_word' id='word_1_39' title='bbox 1197 835 1249 880; x_wconf 91' lang='lat' dir='ltr'><strong>et</strong></span> <span class='ocrx_word' id='word_1_40' title='bbox 1281 842 1465 881; x_wconf 86' lang='lat' dir='ltr'><strong>verum</strong></span> <span class='ocrx_word' id='word_1_41' title='bbox 1527 826 1694 882; x_wconf 91' lang='lat' dir='ltr'><strong>Deum</strong></span> <span class='ocrx_word' id='word_1_42' title='bbox 1726 826 1872 880; x_wconf 92' lang='lat' dir='ltr'><strong>omni</strong></span> <span class='ocrx_word' id='word_1_43' title='bbox 1908 840 2103 896; x_wconf 80' lang='lat' dir='ltr'><strong>genere</strong></span> 
     </span>
    </p>
   </div>
   <div class='ocr_carea' id='block_1_9' title="bbox 522 914 2104 986">
    <p class='ocr_par' dir='ltr' id='par_1_9' title="bbox 522 914 2104 986">
     <span class='ocr_line' id='line_1_9' title="bbox 522 914 2104 986; baseline -0.004 -12"><span class='ocrx_word' id='word_1_44' title='bbox 522 919 785 974; x_wconf 78' lang='lat' dir='ltr'><strong>bonitatis</strong></span> <span class='ocrx_word' id='word_1_45' title='bbox 817 916 1024 980; x_wconf 89' lang='lat' dir='ltr'><strong>colens,</strong></span> <span class='ocrx_word' id='word_1_46' title='bbox 1049 924 1106 969; x_wconf 90' lang='lat' dir='ltr'><strong>ut</strong></span> <span class='ocrx_word' id='word_1_47' title='bbox 1131 915 1182 969; x_wconf 94' lang='lat' dir='ltr'><strong>in</strong></span> <span class='ocrx_word' id='word_1_48' title='bbox 1219 914 1459 969; x_wconf 81' lang='lat' dir='ltr'><strong>futurum</strong></span> <span class='ocrx_word' id='word_1_49' title='bbox 1490 916 1694 986; x_wconf 74' lang='lat' dir='ltr'><strong>legibus</strong></span> <span class='ocrx_word' id='word_1_50' title='bbox 1723 916 2104 970; x_wconf 71' lang='lat' dir='ltr'><strong>convenienter</strong></span> 
     </span>
    </p>
   </div>
   <div class='ocr_carea' id='block_1_10' title="bbox 521 1002 1792 1071">
    <p class='ocr_par' dir='ltr' id='par_1_10' title="bbox 521 1002 1792 1071">
     <span class='ocr_line' id='line_1_10' title="bbox 521 1002 1792 1071; baseline -0.001 -10"><span class='ocrx_word' id='word_1_51' title='bbox 521 1011 706 1063; x_wconf 67' lang='lat' dir='ltr'><strong>\irere</strong></span> <span class='ocrx_word' id='word_1_52' title='bbox 737 1007 886 1071; x_wconf 87' lang='lat' dir='ltr'><strong>velit,</strong></span> <span class='ocrx_word' id='word_1_53' title='bbox 916 1014 970 1058; x_wconf 88' lang='lat' dir='ltr'><strong>et</strong></span> <span class='ocrx_word' id='word_1_54' title='bbox 1005 1006 1072 1058; x_wconf 86' lang='lat' dir='ltr'><strong>ad</strong></span> <span class='ocrx_word' id='word_1_55' title='bbox 1115 1004 1294 1057; x_wconf 83' lang='lat' dir='ltr'><strong>omnia</strong></span> <span class='ocrx_word' id='word_1_56' title='bbox 1328 1002 1485 1059; x_wconf 78' lang='lat' dir='ltr'><strong>facile</strong></span> <span class='ocrx_word' id='word_1_57' title='bbox 1517 1004 1792 1060; x_wconf 88' lang='lat' dir='ltr'><strong>obediens.</strong></span> 
     </span>
    </p>
   </div>
   <div class='ocr_carea' id='block_1_11' title="bbox 591 1095 2105 1166">
    <p class='ocr_par' dir='ltr' id='par_1_11' title="bbox 591 1095 2105 1166">
     <span class='ocr_line' id='line_1_11' title="bbox 591 1095 2105 1166; baseline -0.003 -12"><span class='ocrx_word' id='word_1_58' title='bbox 591 1097 1042 1155; x_wconf 76' lang='lat' dir='ltr'><strong>Accommodabis</strong></span> <span class='ocrx_word' id='word_1_59' title='bbox 1072 1111 1234 1166; x_wconf 91' lang='lat' dir='ltr'><strong>porro</strong></span> <span class='ocrx_word' id='word_1_60' title='bbox 1264 1112 1368 1151; x_wconf 92' lang='lat' dir='ltr'><strong>non</strong></span> <span class='ocrx_word' id='word_1_61' title='bbox 1402 1097 1579 1164; x_wconf 83' lang='lat' dir='ltr'><strong>inepte</strong></span> <span class='ocrx_word' id='word_1_62' title='bbox 1609 1095 1916 1164; x_wconf 88' lang='lat' dir='ltr'><strong>hujusmodi</strong></span> <span class='ocrx_word' id='word_1_63' title='bbox 1947 1110 2105 1150; x_wconf 91' lang='lat' dir='ltr'><strong>voces</strong></span> 
     </span>
    </p>
   </div>
   <div class='ocr_carea' id='block_1_12' title="bbox 519 1185 2102 1262">
    <p class='ocr_par' dir='ltr' id='par_1_12' title="bbox 519 1185 2102 1262">
     <span class='ocr_line' id='line_1_12' title="bbox 519 1185 2102 1262; baseline -0.004 -17"><span class='ocrx_word' id='word_1_64' title='bbox 519 1198 565 1245; x_wconf 82' lang='lat' dir='ltr'><strong>ei</strong></span> <span class='ocrx_word' id='word_1_65' title='bbox 605 1193 699 1262; x_wconf 85' lang='lat' dir='ltr'><strong>qui</strong></span> <span class='ocrx_word' id='word_1_66' title='bbox 755 1200 976 1261; x_wconf 83' lang='lat' dir='ltr'><strong>propter</strong></span> <span class='ocrx_word' id='word_1_67' title='bbox 1003 1203 1102 1244; x_wconf 90' lang='lat' dir='ltr'><strong>nos</strong></span> <span class='ocrx_word' id='word_1_68' title='bbox 1132 1198 1190 1242; x_wconf 90' lang='lat' dir='ltr'><strong>ut</strong></span> <span class='ocrx_word' id='word_1_69' title='bbox 1220 1202 1360 1241; x_wconf 88' lang='lat' dir='ltr'><strong>unus</strong></span> <span class='ocrx_word' id='word_1_70' title='bbox 1386 1201 1452 1242; x_wconf 81' lang='lat' dir='ltr'><strong>ex</strong></span> <span class='ocrx_word' id='word_1_71' title='bbox 1487 1187 1640 1241; x_wconf 91' lang='lat' dir='ltr'><strong>nobis</strong></span> <span class='ocrx_word' id='word_1_72' title='bbox 1667 1185 1840 1242; x_wconf 79' lang='lat' dir='ltr'><strong>factus</strong></span> <span class='ocrx_word' id='word_1_73' title='bbox 1869 1197 1980 1254; x_wconf 87' lang='lat' dir='ltr'><strong>est,</strong></span> <span class='ocrx_word' id='word_1_74' title='bbox 2010 1188 2102 1241; x_wconf 88' lang='lat' dir='ltr'><strong>Dei</strong></span> 
     </span>
    </p>
   </div>
   <div class='ocr_carea' id='block_1_13' title="bbox 521 1278 2103 1352">
    <p class='ocr_par' dir='ltr' id='par_1_13' title="bbox 521 1278 2103 1352">
     <span class='ocr_line' id='line_1_13' title="bbox 521 1278 2103 1352; baseline -0.004 -13"><span class='ocrx_word' id='word_1_75' title='bbox 521 1285 712 1349; x_wconf 85' lang='lat' dir='ltr'><strong>Filius,</strong></span> <span class='ocrx_word' id='word_1_76' title='bbox 745 1283 836 1352; x_wconf 88' lang='lat' dir='ltr'><strong>qui</strong></span> <span class='ocrx_word' id='word_1_77' title='bbox 871 1297 996 1336; x_wconf 91' lang='lat' dir='ltr'><strong>cum</strong></span> <span class='ocrx_word' id='word_1_78' title='bbox 1028 1281 1081 1335; x_wconf 88' lang='lat' dir='ltr'><strong>in</strong></span> <span class='ocrx_word' id='word_1_79' title='bbox 1117 1279 1287 1334; x_wconf 85' lang='lat' dir='ltr'><strong>forma</strong></span> <span class='ocrx_word' id='word_1_80' title='bbox 1320 1278 1498 1334; x_wconf 88' lang='lat' dir='ltr'><strong>Patris</strong></span> <span class='ocrx_word' id='word_1_81' title='bbox 1527 1288 1691 1343; x_wconf 80' lang='lat' dir='ltr'><strong>esset,</strong></span> <span class='ocrx_word' id='word_1_82' title='bbox 1721 1287 1776 1334; x_wconf 92' lang='lat' dir='ltr'><strong>et</strong></span> <span class='ocrx_word' id='word_1_83' title='bbox 1805 1280 2027 1349; x_wconf 60' lang='lat' dir='ltr'><strong>a‘qnalis</strong></span> <span class='ocrx_word' id='word_1_84' title='bbox 2057 1281 2103 1334; x_wconf 91' lang='lat' dir='ltr'><strong>ei</strong></span> 
     </span>
    </p>
   </div>
   <div class='ocr_carea' id='block_1_14' title="bbox 523 1371 2107 1447">
    <p class='ocr_par' dir='ltr' id='par_1_14' title="bbox 523 1371 2107 1447">
     <span class='ocr_line' id='line_1_14' title="bbox 523 1371 2107 1447; baseline 0 -20"><span class='ocrx_word' id='word_1_85' title='bbox 523 1393 619 1447; x_wconf 62' lang='grc' dir='ltr'>μοι’</span> <span class='ocrx_word' id='word_1_86' title='bbox 660 1377 841 1429; x_wconf 86' lang='lat' dir='ltr'><strong>omnia</strong></span> <span class='ocrx_word' id='word_1_87' title='bbox 866 1417 880 1440; x_wconf 96' lang='lat'><strong>,</strong></span> <span class='ocrx_word' id='word_1_88' title='bbox 919 1393 938 1425; x_wconf 87' lang='grc'><em>‹</em></span> <span class='ocrx_word' id='word_1_89' title='bbox 978 1373 1218 1441; x_wconf 90' lang='lat' dir='ltr'><strong>seipsum</strong></span> <span class='ocrx_word' id='word_1_90' title='bbox 1253 1371 1556 1425; x_wconf 75' lang='lat' dir='ltr'><strong>exinanivit</strong></span> <span class='ocrx_word' id='word_1_91' title='bbox 1580 1413 1595 1437; x_wconf 94' lang='lat'><strong>,</strong></span> <span class='ocrx_word' id='word_1_92' title='bbox 1634 1371 1805 1425; x_wconf 85' lang='lat' dir='ltr'><strong>lorma</strong></span> <span class='ocrx_word' id='word_1_93' title='bbox 1842 1373 1980 1426; x_wconf 81' lang='lat' dir='ltr'><strong>servi</strong></span> <span class='ocrx_word' id='word_1_94' title='bbox 2017 1387 2107 1428; x_wconf 83' lang='lat' dir='ltr'><strong>ac-</strong></span> 
     </span>
    </p>
   </div>
   <div class='ocr_carea' id='block_1_15' title="bbox 523 1466 2107 1537">
    <p class='ocr_par' dir='ltr' id='par_1_15' title="bbox 523 1466 2107 1537">
     <span class='ocr_line' id='line_1_15' title="bbox 523 1466 2107 1537; baseline -0.003 -16"><span class='ocrx_word' id='word_1_95' title='bbox 523 1479 700 1537; x_wconf 73' lang='lat' dir='ltr'><strong>cepta.</strong></span> <span class='ocrx_word' id='word_1_96' title='bbox 729 1479 784 1522; x_wconf 85' lang='lat' dir='ltr'><strong>et</strong></span> <span class='ocrx_word' id='word_1_97' title='bbox 812 1466 986 1521; x_wconf 83' lang='lat' dir='ltr'><strong>factus</strong></span> <span class='ocrx_word' id='word_1_98' title='bbox 1013 1472 1097 1518; x_wconf 90' lang='lat' dir='ltr'><strong>est</strong></span> <span class='ocrx_word' id='word_1_99' title='bbox 1130 1467 1310 1524; x_wconf 86' lang='lat' dir='ltr'><strong>homo.</strong></span> <span class='ocrx_word' id='word_1_100' title='bbox 1339 1472 1394 1517; x_wconf 87' lang='lat' dir='ltr'><strong>et</strong></span> <span class='ocrx_word' id='word_1_101' title='bbox 1420 1479 1626 1532; x_wconf 81' lang='lat' dir='ltr'><strong>egenus</strong></span> <span class='ocrx_word' id='word_1_102' title='bbox 1656 1474 1875 1533; x_wconf 87' lang='lat' dir='ltr'><strong>propter</strong></span> <span class='ocrx_word' id='word_1_103' title='bbox 1902 1480 2018 1527; x_wconf 88' lang='lat' dir='ltr'><strong>nos,</strong></span> <span class='ocrx_word' id='word_1_104' title='bbox 2051 1473 2107 1517; x_wconf 90' lang='lat' dir='ltr'><strong>ut</strong></span> 
     </span>
    </p>
   </div>
   <div class='ocr_carea' id='block_1_16' title="bbox 523 1555 2105 1627">
    <p class='ocr_par' dir='ltr' id='par_1_16' title="bbox 523 1555 2105 1627">
     <span class='ocr_line' id='line_1_16' title="bbox 523 1555 2105 1627; baseline -0.004 -13"><span class='ocrx_word' id='word_1_105' title='bbox 523 1576 621 1615; x_wconf 88' lang='lat' dir='ltr'><strong>nos</strong></span> <span class='ocrx_word' id='word_1_106' title='bbox 651 1561 793 1614; x_wconf 82' lang='lat' dir='ltr'><strong>illius</strong></span> <span class='ocrx_word' id='word_1_107' title='bbox 828 1558 1005 1626; x_wconf 83' lang='lat' dir='ltr'><strong>inopia</strong></span> <span class='ocrx_word' id='word_1_108' title='bbox 1035 1556 1236 1611; x_wconf 80' lang='lat' dir='ltr'><strong>divites</strong></span> <span class='ocrx_word' id='word_1_109' title='bbox 1264 1570 1508 1612; x_wconf 83' lang='lat' dir='ltr'><strong>essemus</strong></span> <span class='ocrx_word' id='word_1_110' title='bbox 1533 1557 1600 1609; x_wconf 83' lang='lat'><strong>&quot;.</strong></span> <span class='ocrx_word' id='word_1_111' title='bbox 1636 1573 1653 1607; x_wconf 73' lang='grc' dir='ltr'><strong>ι</strong></span> <span class='ocrx_word' id='word_1_112' title='bbox 1687 1555 1828 1627; x_wconf 80' lang='lat' dir='ltr'><strong>Ergo</strong></span> <span class='ocrx_word' id='word_1_113' title='bbox 1858 1557 1948 1626; x_wconf 89' lang='lat' dir='ltr'><strong>qui</strong></span> <span class='ocrx_word' id='word_1_114' title='bbox 1980 1557 2105 1609; x_wconf 87' lang='lat' dir='ltr'><strong>olim</strong></span> 
     </span>
    </p>
   </div>
   <div class='ocr_carea' id='block_1_17' title="bbox 523 1648 2107 1722">
    <p class='ocr_par' dir='ltr' id='par_1_17' title="bbox 523 1648 2107 1722">
     <span class='ocr_line' id='line_1_17' title="bbox 523 1648 2107 1722; baseline -0.005 -15"><span class='ocrx_word' id='word_1_115' title='bbox 523 1662 739 1722; x_wconf 81' lang='lat' dir='ltr'><strong>propter</strong></span> <span class='ocrx_word' id='word_1_116' title='bbox 763 1649 1249 1720; x_wconf 79' lang='lat' dir='ltr'><strong>transgressionem</strong></span> <span class='ocrx_word' id='word_1_117' title='bbox 1291 1648 1346 1702; x_wconf 89' lang='lat' dir='ltr'><strong>in</strong></span> <span class='ocrx_word' id='word_1_118' title='bbox 1375 1648 1567 1710; x_wconf 78' lang='lat' dir='ltr'><strong>Adam,</strong></span> <span class='ocrx_word' id='word_1_119' title='bbox 1604 1665 1623 1698; x_wconf 79' lang='grc' dir='ltr'><strong>ι</strong></span> <span class='ocrx_word' id='word_1_120' title='bbox 1655 1659 1709 1702; x_wconf 90' lang='lat' dir='ltr'><strong>et</strong></span> <span class='ocrx_word' id='word_1_121' title='bbox 1741 1649 1865 1717; x_wconf 82' lang='lat' dir='ltr'><strong>quia</strong></span> <span class='ocrx_word' id='word_1_122' title='bbox 1897 1648 2107 1703; x_wconf 67' lang='lat' dir='ltr'><strong>incus-n-</strong></span> 
     </span>
    </p>
   </div>
   <div class='ocr_carea' id='block_1_18' title="bbox 519 1739 2101 1812">
    <p class='ocr_par' dir='ltr' id='par_1_18' title="bbox 519 1739 2101 1812">
     <span class='ocr_line' id='line_1_18' title="bbox 519 1739 2101 1812; baseline -0.004 -16"><span class='ocrx_word' id='word_1_123' title='bbox 519 1744 596 1797; x_wconf 87' lang='lat' dir='ltr'><strong>bit</strong></span> <span class='ocrx_word' id='word_1_124' title='bbox 620 1743 876 1812; x_wconf 80' lang='lat' dir='ltr'><strong>cogitatio</strong></span> <span class='ocrx_word' id='word_1_125' title='bbox 902 1740 1138 1796; x_wconf 80' lang='lat' dir='ltr'><strong>hominis</strong></span> <span class='ocrx_word' id='word_1_126' title='bbox 1160 1740 1226 1793; x_wconf 86' lang='lat' dir='ltr'><strong>ad</strong></span> <span class='ocrx_word' id='word_1_127' title='bbox 1255 1739 1393 1793; x_wconf 87' lang='lat' dir='ltr'><strong>mala</strong></span> <span class='ocrx_word' id='word_1_128' title='bbox 1417 1739 1484 1792; x_wconf 90' lang='lat' dir='ltr'><strong>ab</strong></span> <span class='ocrx_word' id='word_1_129' title='bbox 1508 1739 1870 1794; x_wconf 79' lang='lat' dir='ltr'><strong>adolescentia</strong></span> <span class='ocrx_word' id='word_1_130' title='bbox 1896 1754 1992 1794; x_wconf 86' lang='lat' dir='ltr'><strong>sua</strong></span> <span class='ocrx_word' id='word_1_131' title='bbox 2014 1742 2051 1802; x_wconf 84' lang='lat'><strong>‘,</strong></span> <span class='ocrx_word' id='word_1_132' title='bbox 2085 1762 2101 1789; x_wconf 71' lang='grc' dir='ltr'><em>υ</em></span> 
     </span>
    </p>
   </div>
   <div class='ocr_carea' id='block_1_19' title="bbox 515 1831 2108 1902">
    <p class='ocr_par' dir='ltr' id='par_1_19' title="bbox 515 1831 2108 1902">
     <span class='ocr_line' id='line_1_19' title="bbox 515 1831 2108 1902; baseline -0.002 -15"><span class='ocrx_word' id='word_1_133' title='bbox 515 1835 659 1902; x_wconf 82' lang='lat' dir='ltr'><strong>juste</strong></span> <span class='ocrx_word' id='word_1_134' title='bbox 686 1847 912 1888; x_wconf 88' lang='lat' dir='ltr'><strong>aversus</strong></span> <span class='ocrx_word' id='word_1_135' title='bbox 935 1841 1040 1895; x_wconf 90' lang='lat' dir='ltr'><strong>est,</strong></span> <span class='ocrx_word' id='word_1_136' title='bbox 1065 1831 1133 1884; x_wconf 82' lang='lat' dir='ltr'><strong>ad</strong></span> <span class='ocrx_word' id='word_1_137' title='bbox 1162 1844 1264 1884; x_wconf 87' lang='lat' dir='ltr'><strong>nos</strong></span> <span class='ocrx_word' id='word_1_138' title='bbox 1289 1831 1489 1894; x_wconf 87' lang='lat' dir='ltr'><strong>denuo,</strong></span> <span class='ocrx_word' id='word_1_139' title='bbox 1516 1839 1573 1883; x_wconf 93' lang='lat' dir='ltr'><strong>ut</strong></span> <span class='ocrx_word' id='word_1_140' title='bbox 1600 1845 1666 1885; x_wconf 81' lang='lat' dir='ltr'><strong>ex</strong></span> <span class='ocrx_word' id='word_1_141' title='bbox 1698 1833 1925 1886; x_wconf 85' lang='lat' dir='ltr'><strong>naturali</strong></span> <span class='ocrx_word' id='word_1_142' title='bbox 1955 1849 2108 1886; x_wconf 84' lang='lat' dir='ltr'><strong>man-</strong></span> 
     </span>
    </p>
   </div>
   <div class='ocr_carea' id='block_1_20' title="bbox 2205 636 3795 710">
    <p class='ocr_par' dir='ltr' id='par_1_20' title="bbox 2205 636 3795 710">
     <span class='ocr_line' id='line_1_20' title="bbox 2205 636 3795 710; baseline 0.001 -20"><span class='ocrx_word' id='word_1_143' title='bbox 2205 636 2387 692; x_wconf 80' lang='grc' dir='ltr'>οὑκέτι</span> <span class='ocrx_word' id='word_1_144' title='bbox 2416 638 2558 692; x_wconf 86' lang='grc' dir='ltr'><strong>καθὰ</strong></span> <span class='ocrx_word' id='word_1_145' title='bbox 2600 641 2693 691; x_wconf 70' lang='grc' dir='ltr'>καὶ</span> <span class='ocrx_word' id='word_1_146' title='bbox 2732 637 2897 691; x_wconf 81' lang='grc' dir='ltr'>πάλαι</span> <span class='ocrx_word' id='word_1_147' title='bbox 2927 641 3040 702; x_wconf 90' lang='grc' dir='ltr'>τοῖς</span> <span class='ocrx_word' id='word_1_148' title='bbox 3089 639 3482 710; x_wconf 83' lang='grc' dir='ltr'><strong>χειροκμήτοις</strong></span> <span class='ocrx_word' id='word_1_149' title='bbox 3518 637 3659 701; x_wconf 85' lang='grc' dir='ltr'>Θεοῖς</span> <span class='ocrx_word' id='word_1_150' title='bbox 3701 643 3795 695; x_wconf 74' lang='grc' dir='ltr'><strong>καὶ</strong></span> 
     </span>
    </p>
   </div>
   <div class='ocr_carea' id='block_1_21' title="bbox 2204 729 3795 801">
    <p class='ocr_par' dir='ltr' id='par_1_21' title="bbox 2204 729 3795 801">
     <span class='ocr_line' id='line_1_21' title="bbox 2204 729 3795 801; baseline 0.001 -19"><span class='ocrx_word' id='word_1_151' title='bbox 2204 732 2317 792; x_wconf 86' lang='grc' dir='ltr'>τοῖς</span> <span class='ocrx_word' id='word_1_152' title='bbox 2343 729 2716 798; x_wconf 71' lang='grc' dir='ltr'>ψευδωνύμως</span> <span class='ocrx_word' id='word_1_153' title='bbox 2759 729 3044 800; x_wconf 77' lang='grc' dir='ltr'>ίνδάλμασι</span> <span class='ocrx_word' id='word_1_154' title='bbox 3087 730 3533 801; x_wconf 78' lang='grc' dir='ltr'>προσκομίζουσα</span> <span class='ocrx_word' id='word_1_155' title='bbox 3560 731 3660 793; x_wconf 78' lang='grc' dir='ltr'><strong>τὰς</strong></span> <span class='ocrx_word' id='word_1_156' title='bbox 3701 731 3795 784; x_wconf 85' lang='grc' dir='ltr'>λα-</span> 
     </span>
    </p>
   </div>
   <div class='ocr_carea' id='block_1_22' title="bbox 2205 820 3801 892">
    <p class='ocr_par' dir='ltr' id='par_1_22' title="bbox 2205 820 3801 892">
     <span class='ocr_line' id='line_1_22' title="bbox 2205 820 3801 892; baseline -0.002 -18"><span class='ocrx_word' id='word_1_157' title='bbox 2205 822 2426 891; x_wconf 80' lang='grc' dir='ltr'>τρείας’</span> <span class='ocrx_word' id='word_1_158' title='bbox 2456 821 2591 874; x_wconf 80' lang='grc' dir='ltr'>ἀλλὰ</span> <span class='ocrx_word' id='word_1_159' title='bbox 2629 821 2718 874; x_wconf 86' lang='grc' dir='ltr'>τὸν</span> <span class='ocrx_word' id='word_1_160' title='bbox 2773 821 2870 876; x_wconf 73' lang='grc' dir='ltr'><strong>ἕνα</strong></span> <span class='ocrx_word' id='word_1_161' title='bbox 2910 822 3005 874; x_wconf 78' lang='grc' dir='ltr'><strong>καὶ</strong></span> <span class='ocrx_word' id='word_1_162' title='bbox 3035 821 3193 890; x_wconf 76' lang='grc' dir='ltr'>φύσει</span> <span class='ocrx_word' id='word_1_163' title='bbox 3243 823 3336 874; x_wconf 71' lang='grc' dir='ltr'><strong>καὶ</strong></span> <span class='ocrx_word' id='word_1_164' title='bbox 3375 820 3627 892; x_wconf 75' lang='grc' dir='ltr'>ἀληθινὸν</span> <span class='ocrx_word' id='word_1_165' title='bbox 3665 821 3801 874; x_wconf 76' lang='grc' dir='ltr'>Θεὸν</span> 
     </span>
    </p>
   </div>
   <div class='ocr_carea' id='block_1_23' title="bbox 2207 913 3799 984">
    <p class='ocr_par' dir='ltr' id='par_1_23' title="bbox 2207 913 3799 984">
     <span class='ocr_line' id='line_1_23' title="bbox 2207 913 3799 984; baseline -0.002 -19"><span class='ocrx_word' id='word_1_166' title='bbox 2207 913 2586 983; x_wconf 84' lang='grc' dir='ltr'>θεραπεύουσα</span> <span class='ocrx_word' id='word_1_167' title='bbox 2629 915 2745 977; x_wconf 82' lang='grc' dir='ltr'>ταῖς</span> <span class='ocrx_word' id='word_1_168' title='bbox 2771 913 3118 977; x_wconf 83' lang='grc' dir='ltr'>ὲπιεικείαις,</span> <span class='ocrx_word' id='word_1_169' title='bbox 3150 913 3238 967; x_wconf 79' lang='grc' dir='ltr'>διὰ</span> <span class='ocrx_word' id='word_1_170' title='bbox 3267 913 3362 966; x_wconf 79' lang='grc' dir='ltr'>τοῦ</span> <span class='ocrx_word' id='word_1_171' title='bbox 3409 913 3507 984; x_wconf 75' lang='grc' dir='ltr'><strong>ζῇν</strong></span> <span class='ocrx_word' id='word_1_172' title='bbox 3550 914 3799 983; x_wconf 79' lang='grc' dir='ltr'><strong>ἐννόμως</strong></span> 
     </span>
    </p>
   </div>
   <div class='ocr_carea' id='block_1_24' title="bbox 2209 1004 3792 1071">
    <p class='ocr_par' dir='ltr' id='par_1_24' title="bbox 2209 1004 3792 1071">
     <span class='ocr_line' id='line_1_24' title="bbox 2209 1004 3792 1071; baseline 0 -14"><span class='ocrx_word' id='word_1_173' title='bbox 2209 1005 2422 1058; x_wconf 76' lang='grc' dir='ltr'><strong>ἑλέσθαι</strong></span> <span class='ocrx_word' id='word_1_174' title='bbox 2451 1005 2659 1071; x_wconf 76' lang='grc' dir='ltr'>λοιπὸν,</span> <span class='ocrx_word' id='word_1_175' title='bbox 2703 1007 2798 1059; x_wconf 73' lang='grc' dir='ltr'><strong>καὶ</strong></span> <span class='ocrx_word' id='word_1_176' title='bbox 2825 1007 2944 1068; x_wconf 85' lang='grc' dir='ltr'>ταῖς</span> <span class='ocrx_word' id='word_1_177' title='bbox 2984 1007 3060 1068; x_wconf 88' lang='grc' dir='ltr'><strong>είς</strong></span> <span class='ocrx_word' id='word_1_178' title='bbox 3089 1006 3196 1058; x_wconf 83' lang='grc' dir='ltr'>πᾶν</span> <span class='ocrx_word' id='word_1_179' title='bbox 3229 1005 3407 1058; x_wconf 79' lang='grc' dir='ltr'>ὁτιοῦν</span> <span class='ocrx_word' id='word_1_180' title='bbox 3442 1004 3792 1067; x_wconf 70' lang='grc' dir='ltr'><strong>εὐπαθείαις.</strong></span> 
     </span>
    </p>
   </div>
   <div class='ocr_carea' id='block_1_25' title="bbox 2284 1095 3799 1167">
    <p class='ocr_par' dir='ltr' id='par_1_25' title="bbox 2284 1095 3799 1167">
     <span class='ocr_line' id='line_1_25' title="bbox 2284 1095 3799 1167; baseline 0 -18"><span class='ocrx_word' id='word_1_181' title='bbox 2284 1095 2576 1167; x_wconf 87' lang='grc' dir='ltr'>Περιθείης</span> <span class='ocrx_word' id='word_1_182' title='bbox 2605 1097 2649 1150; x_wconf 90' lang='grc' dir='ltr'>δ’</span> <span class='ocrx_word' id='word_1_183' title='bbox 2681 1095 2747 1150; x_wconf 82' lang='grc' dir='ltr'><strong>ἂν</strong></span> <span class='ocrx_word' id='word_1_184' title='bbox 2795 1097 3022 1160; x_wconf 78' lang='grc' dir='ltr'><strong>εἰκότως</strong></span> <span class='ocrx_word' id='word_1_185' title='bbox 3053 1095 3153 1160; x_wconf 86' lang='grc' dir='ltr'>τὰς</span> <span class='ocrx_word' id='word_1_186' title='bbox 3175 1096 3387 1149; x_wconf 86' lang='grc' dir='ltr'>τοιάσδε</span> <span class='ocrx_word' id='word_1_187' title='bbox 3418 1097 3602 1164; x_wconf 72' lang='grc' dir='ltr'>φωνὰς</span> <span class='ocrx_word' id='word_1_188' title='bbox 3627 1095 3704 1166; x_wconf 81' lang='grc' dir='ltr'>τῷ</span> <span class='ocrx_word' id='word_1_189' title='bbox 3731 1095 3799 1149; x_wconf 76' lang='grc' dir='ltr'>δι’</span> 
     </span>
    </p>
   </div>
   <div class='ocr_carea' id='block_1_26' title="bbox 2209 1186 3794 1261">
    <p class='ocr_par' dir='ltr' id='par_1_26' title="bbox 2209 1186 3794 1261">
     <span class='ocr_line' id='line_1_26' title="bbox 2209 1186 3794 1261; baseline 0.001 -23"><span class='ocrx_word' id='word_1_190' title='bbox 2209 1187 2356 1256; x_wconf 79' lang='grc' dir='ltr'>ἡμᾶς</span> <span class='ocrx_word' id='word_1_191' title='bbox 2385 1186 2504 1240; x_wconf 84' lang='grc' dir='ltr'>καθ’</span> <span class='ocrx_word' id='word_1_192' title='bbox 2532 1188 2681 1257; x_wconf 83' lang='grc' dir='ltr'>ἡμᾶς</span> <span class='ocrx_word' id='word_1_193' title='bbox 2710 1186 2957 1261; x_wconf 83' lang='grc' dir='ltr'>γεγονότι</span> <span class='ocrx_word' id='word_1_194' title='bbox 2985 1186 3164 1257; x_wconf 84' lang='grc' dir='ltr'>Λόγῳ,</span> <span class='ocrx_word' id='word_1_195' title='bbox 3201 1187 3260 1250; x_wconf 80' lang='grc' dir='ltr'>ὃς</span> <span class='ocrx_word' id='word_1_196' title='bbox 3282 1187 3542 1257; x_wconf 80' lang='grc' dir='ltr'>ὑπάρχων</span> <span class='ocrx_word' id='word_1_197' title='bbox 3568 1188 3626 1242; x_wconf 83' lang='grc' dir='ltr'>ὲν</span> <span class='ocrx_word' id='word_1_198' title='bbox 3657 1204 3794 1259; x_wconf 83' lang='grc' dir='ltr'>μορ-</span> 
     </span>
    </p>
   </div>
   <div class='ocr_carea' id='block_1_27' title="bbox 2210 1277 3797 1349">
    <p class='ocr_par' dir='ltr' id='par_1_27' title="bbox 2210 1277 3797 1349">
     <span class='ocr_line' id='line_1_27' title="bbox 2210 1277 3797 1349; baseline 0.001 -18"><span class='ocrx_word' id='word_1_199' title='bbox 2210 1281 2282 1346; x_wconf 82' lang='grc' dir='ltr'>φῇ</span> <span class='ocrx_word' id='word_1_200' title='bbox 2323 1277 2415 1330; x_wconf 82' lang='grc' dir='ltr'>τοῦ</span> <span class='ocrx_word' id='word_1_201' title='bbox 2473 1279 2899 1349; x_wconf 83' lang='grc' dir='ltr'>γεγεννηκότος,</span> <span class='ocrx_word' id='word_1_202' title='bbox 2951 1279 3046 1332; x_wconf 76' lang='grc' dir='ltr'><strong>καὶ</strong></span> <span class='ocrx_word' id='word_1_203' title='bbox 3099 1281 3156 1331; x_wconf 78' lang='grc' dir='ltr'>ὲν</span> <span class='ocrx_word' id='word_1_204' title='bbox 3213 1279 3418 1348; x_wconf 82' lang='grc' dir='ltr'>ἰσότητι</span> <span class='ocrx_word' id='word_1_205' title='bbox 3468 1278 3612 1331; x_wconf 87' lang='grc' dir='ltr'><strong>κατὰ</strong></span> <span class='ocrx_word' id='word_1_206' title='bbox 3655 1279 3797 1339; x_wconf 86' lang='grc' dir='ltr'>πᾶν,</span> 
     </span>
    </p>
   </div>
   <div class='ocr_carea' id='block_1_28' title="bbox 2215 1370 3791 1442">
    <p class='ocr_par' dir='ltr' id='par_1_28' title="bbox 2215 1370 3791 1442">
     <span class='ocr_line' id='line_1_28' title="bbox 2215 1370 3791 1442; baseline 0 -20"><span class='ocrx_word' id='word_1_207' title='bbox 2215 1389 2233 1422; x_wconf 81' lang='grc' dir='ltr'><strong>ι</strong></span> <span class='ocrx_word' id='word_1_208' title='bbox 2273 1371 2462 1423; x_wconf 76' lang='grc' dir='ltr'>ἑαυτὸν</span> <span class='ocrx_word' id='word_1_209' title='bbox 2503 1372 2764 1436; x_wconf 83' lang='grc' dir='ltr'>ὲκένωσε,</span> <span class='ocrx_word' id='word_1_210' title='bbox 2813 1372 3028 1442; x_wconf 75' lang='grc' dir='ltr'>μορφὴν</span> <span class='ocrx_word' id='word_1_211' title='bbox 3071 1370 3259 1423; x_wconf 81' lang='grc' dir='ltr'>δούλου</span> <span class='ocrx_word' id='word_1_212' title='bbox 3312 1370 3496 1422; x_wconf 81' lang='grc' dir='ltr'>λαϐὼν</span> <span class='ocrx_word' id='word_1_213' title='bbox 3528 1413 3543 1437; x_wconf 92' lang='grc'><strong>,</strong></span> <span class='ocrx_word' id='word_1_214' title='bbox 3578 1371 3674 1423; x_wconf 55' lang='grc' dir='ltr'><strong>καὶ⁸</strong></span> <span class='ocrx_word' id='word_1_215' title='bbox 3703 1371 3791 1438; x_wconf 84' lang='grc' dir='ltr'><strong>γέ-</strong></span> 
     </span>
    </p>
   </div>
   <div class='ocr_carea' id='block_1_29' title="bbox 2210 1462 3798 1535">
    <p class='ocr_par' dir='ltr' id='par_1_29' title="bbox 2210 1462 3798 1535">
     <span class='ocr_line' id='line_1_29' title="bbox 2210 1462 3798 1535; baseline -0.001 -19"><span class='ocrx_word' id='word_1_216' title='bbox 2210 1481 2362 1532; x_wconf 86' lang='grc' dir='ltr'>γονεν</span> <span class='ocrx_word' id='word_1_217' title='bbox 2387 1464 2691 1535; x_wconf 82' lang='grc' dir='ltr'>ἄνθρωπος,</span> <span class='ocrx_word' id='word_1_218' title='bbox 2728 1464 2822 1517; x_wconf 73' lang='grc' dir='ltr'><strong>καὶ</strong></span> <span class='ocrx_word' id='word_1_219' title='bbox 2875 1462 3188 1533; x_wconf 80' lang='grc' dir='ltr'>ἐπτώχευσε</span> <span class='ocrx_word' id='word_1_220' title='bbox 3215 1462 3282 1515; x_wconf 79' lang='grc' dir='ltr'>δι’</span> <span class='ocrx_word' id='word_1_221' title='bbox 3311 1463 3480 1532; x_wconf 77' lang='grc' dir='ltr'>ἡμᾶς,</span> <span class='ocrx_word' id='word_1_222' title='bbox 3517 1462 3606 1514; x_wconf 79' lang='grc' dir='ltr'><strong>ἴνα</strong></span> <span class='ocrx_word' id='word_1_223' title='bbox 3635 1462 3798 1531; x_wconf 81' lang='grc' dir='ltr'>ἡμεῖς</span> 
     </span>
    </p>
   </div>
   <div class='ocr_carea' id='block_1_30' title="bbox 2208 1551 3799 1626">
    <p class='ocr_par' dir='ltr' id='par_1_30' title="bbox 2208 1551 3799 1626">
     <span class='ocr_line' id='line_1_30' title="bbox 2208 1551 3799 1626; baseline -0.001 -18"><span class='ocrx_word' id='word_1_224' title='bbox 2208 1560 2274 1626; x_wconf 82' lang='grc' dir='ltr'>τῇ</span> <span class='ocrx_word' id='word_1_225' title='bbox 2307 1555 2470 1609; x_wconf 77' lang='grc' dir='ltr'>αὐτοῦ</span> <span class='ocrx_word' id='word_1_226' title='bbox 2501 1556 2744 1626; x_wconf 74' lang='grc' dir='ltr'>πτωχεία</span> <span class='ocrx_word' id='word_1_227' title='bbox 2799 1555 3215 1624; x_wconf 80' lang='grc' dir='ltr'>πλουτήσωμεν.</span> <span class='ocrx_word' id='word_1_228' title='bbox 3255 1573 3274 1604; x_wconf 71' lang='grc' dir='ltr'><strong>ι</strong></span> <span class='ocrx_word' id='word_1_229' title='bbox 3316 1552 3525 1606; x_wconf 79' lang='grc' dir='ltr'>Οὐκοῦν</span> <span class='ocrx_word' id='word_1_230' title='bbox 3555 1555 3582 1606; x_wconf 86' lang='grc' dir='ltr'><strong>ό</strong></span> <span class='ocrx_word' id='word_1_231' title='bbox 3631 1551 3799 1607; x_wconf 81' lang='grc' dir='ltr'>πάλαι</span> 
     </span>
    </p>
   </div>
   <div class='ocr_carea' id='block_1_31' title="bbox 2209 1643 3797 1718">
    <p class='ocr_par' dir='ltr' id='par_1_31' title="bbox 2209 1643 3797 1718">
     <span class='ocr_line' id='line_1_31' title="bbox 2209 1643 3797 1718; baseline -0.001 -18"><span class='ocrx_word' id='word_1_232' title='bbox 2209 1647 2298 1700; x_wconf 77' lang='grc' dir='ltr'>διά</span> <span class='ocrx_word' id='word_1_233' title='bbox 2323 1665 2378 1700; x_wconf 89' lang='grc' dir='ltr'><strong>τε</strong></span> <span class='ocrx_word' id='word_1_234' title='bbox 2411 1647 2510 1718; x_wconf 78' lang='grc' dir='ltr'><strong>τὴν</strong></span> <span class='ocrx_word' id='word_1_235' title='bbox 2536 1647 2594 1699; x_wconf 82' lang='grc' dir='ltr'>ὲν</span> <span class='ocrx_word' id='word_1_236' title='bbox 2645 1647 2816 1716; x_wconf 76' lang='grc' dir='ltr'>Ἀδὰμ</span> <span class='ocrx_word' id='word_1_237' title='bbox 2861 1645 3194 1717; x_wconf 84' lang='grc' dir='ltr'>παράϐασιν,</span> <span class='ocrx_word' id='word_1_238' title='bbox 3236 1669 3254 1697; x_wconf 73' lang='grc' dir='ltr'><strong>ι</strong></span> <span class='ocrx_word' id='word_1_239' title='bbox 3301 1646 3392 1698; x_wconf 71' lang='grc' dir='ltr'><strong>καὶ</strong></span> <span class='ocrx_word' id='word_1_240' title='bbox 3417 1645 3478 1697; x_wconf 87' lang='grc' dir='ltr'><strong>τὸ</strong></span> <span class='ocrx_word' id='word_1_241' title='bbox 3513 1643 3797 1714; x_wconf 76' lang='grc' dir='ltr'>ἐγκεῖσθαι</span> 
     </span>
    </p>
   </div>
   <div class='ocr_carea' id='block_1_32' title="bbox 2209 1733 3798 1807">
    <p class='ocr_par' dir='ltr' id='par_1_32' title="bbox 2209 1733 3798 1807">
     <span class='ocr_line' id='line_1_32' title="bbox 2209 1733 3798 1807; baseline -0.001 -18"><span class='ocrx_word' id='word_1_242' title='bbox 2209 1737 2306 1807; x_wconf 85' lang='grc' dir='ltr'>τὴν</span> <span class='ocrx_word' id='word_1_243' title='bbox 2327 1737 2567 1790; x_wconf 83' lang='grc' dir='ltr'>διάνοιαν</span> <span class='ocrx_word' id='word_1_244' title='bbox 2600 1734 2693 1788; x_wconf 79' lang='grc' dir='ltr'><strong>τοῦ</strong></span> <span class='ocrx_word' id='word_1_245' title='bbox 2723 1733 3013 1806; x_wconf 83' lang='grc' dir='ltr'>ἀνθρώπου</span> <span class='ocrx_word' id='word_1_246' title='bbox 3059 1735 3152 1788; x_wconf 74' lang='grc' dir='ltr'><strong>ἐπὶ</strong></span> <span class='ocrx_word' id='word_1_247' title='bbox 3174 1735 3242 1788; x_wconf 88' lang='grc' dir='ltr'><strong>τὰ</strong></span> <span class='ocrx_word' id='word_1_248' title='bbox 3273 1734 3486 1805; x_wconf 71' lang='grc' dir='ltr'>πονηρὰ</span> <span class='ocrx_word' id='word_1_249' title='bbox 3516 1735 3577 1786; x_wconf 80' lang='grc' dir='ltr'>ὲκ</span> <span class='ocrx_word' id='word_1_250' title='bbox 3613 1735 3798 1802; x_wconf 85' lang='grc' dir='ltr'>νεότη-</span> 
     </span>
    </p>
   </div>
   <div class='ocr_carea' id='block_1_33' title="bbox 2211 1825 3798 1898">
    <p class='ocr_par' dir='ltr' id='par_1_33' title="bbox 2211 1825 3798 1898">
     <span class='ocr_line' id='line_1_33' title="bbox 2211 1825 3798 1898; baseline -0.001 -18"><span class='ocrx_word' id='word_1_251' title='bbox 2211 1845 2322 1890; x_wconf 80' lang='grc' dir='ltr'>τος,</span> <span class='ocrx_word' id='word_1_252' title='bbox 2355 1846 2372 1878; x_wconf 66' lang='grc' dir='ltr'><strong>ι</strong></span> <span class='ocrx_word' id='word_1_253' title='bbox 2408 1827 2632 1891; x_wconf 79' lang='grc' dir='ltr'>δικαίως</span> <span class='ocrx_word' id='word_1_254' title='bbox 2659 1827 3055 1898; x_wconf 64' lang='grc' dir='ltr'>ἀποστραφεὶς,</span> <span class='ocrx_word' id='word_1_255' title='bbox 3112 1825 3416 1897; x_wconf 66' lang='grc' dir='ltr'>ἐπέστρεψε</span> <span class='ocrx_word' id='word_1_256' title='bbox 3469 1826 3604 1897; x_wconf 81' lang='grc' dir='ltr'>πρὸς</span> <span class='ocrx_word' id='word_1_257' title='bbox 3650 1827 3798 1896; x_wconf 79' lang='grc' dir='ltr'>ἡμᾶς</span> 
     </span>
    </p>
   </div>
   <div class='ocr_carea' id='block_1_34' title="bbox 521 1919 2111 1994">
    <p class='ocr_par' dir='ltr' id='par_1_34' title="bbox 521 1921 2104 1989">
     <span class='ocr_line' id='line_1_34' title="bbox 521 1921 2104 1989; baseline 0 -11"><span class='ocrx_word' id='word_1_258' title='bbox 521 1924 806 1978; x_wconf 79' lang='lat' dir='ltr'><strong>suetudine</strong></span> <span class='ocrx_word' id='word_1_259' title='bbox 835 1935 1088 1976; x_wconf 82' lang='lat' dir='ltr'><strong>reversus</strong></span> <span class='ocrx_word' id='word_1_260' title='bbox 1115 1929 1219 1984; x_wconf 84' lang='lat' dir='ltr'><strong>est,</strong></span> <span class='ocrx_word' id='word_1_261' title='bbox 1249 1931 1303 1974; x_wconf 90' lang='lat' dir='ltr'><strong>et</strong></span> <span class='ocrx_word' id='word_1_262' title='bbox 1335 1921 1632 1976; x_wconf 81' lang='lat' dir='ltr'><strong>Ecclesiam</strong></span> <span class='ocrx_word' id='word_1_263' title='bbox 1661 1921 1944 1989; x_wconf 84' lang='lat' dir='ltr'><strong>habitavit,</strong></span> <span class='ocrx_word' id='word_1_264' title='bbox 1975 1925 2104 1978; x_wconf 85' lang='lat' dir='ltr'><strong>civi-</strong></span> 
     </span>
    </p>
   </div>
   <div class='ocr_carea' id='block_1_35' title="bbox 2214 1919 3791 1994">
    <p class='ocr_par' dir='ltr' id='par_1_35' title="bbox 2214 1919 3791 1994">
     <span class='ocr_line' id='line_1_35' title="bbox 2214 1919 3791 1994; baseline -0.001 -18"><span class='ocrx_word' id='word_1_265' title='bbox 2214 1924 2280 1986; x_wconf 77' lang='grc' dir='ltr'>ὡς</span> <span class='ocrx_word' id='word_1_266' title='bbox 2309 1922 2367 1988; x_wconf 77' lang='grc' dir='ltr'><strong>ἐξ</strong></span> <span class='ocrx_word' id='word_1_267' title='bbox 2399 1922 2646 1994; x_wconf 74' lang='grc' dir='ltr'>ἐμφύτου</span> <span class='ocrx_word' id='word_1_268' title='bbox 2704 1922 2889 1976; x_wconf 82' lang='grc' dir='ltr'>λοιπὸν</span> <span class='ocrx_word' id='word_1_269' title='bbox 2922 1922 3282 1993; x_wconf 78' lang='grc' dir='ltr'>ἡμερότητος,</span> <span class='ocrx_word' id='word_1_270' title='bbox 3346 1921 3441 1974; x_wconf 72' lang='grc' dir='ltr'><strong>καὶ</strong></span> <span class='ocrx_word' id='word_1_271' title='bbox 3493 1919 3791 1992; x_wconf 79' lang='grc' dir='ltr'>κατῴκηκε</span> 
     </span>
    </p>
   </div>
   <div class='ocr_carea' id='block_1_36' title="bbox 525 2011 2100 2084">
    <p class='ocr_par' dir='ltr' id='par_1_36' title="bbox 525 2011 2100 2084">
     <span class='ocr_line' id='line_1_36' title="bbox 525 2011 2100 2084; baseline -0.001 -14"><span class='ocrx_word' id='word_1_272' title='bbox 525 2025 798 2084; x_wconf 80' lang='lat' dir='ltr'><strong>talemque</strong></span> <span class='ocrx_word' id='word_1_273' title='bbox 827 2021 882 2067; x_wconf 80' lang='lat' dir='ltr'><strong>et</strong></span> <span class='ocrx_word' id='word_1_274' title='bbox 915 2011 1284 2067; x_wconf 82' lang='lat' dir='ltr'><strong>habitaculum</strong></span> <span class='ocrx_word' id='word_1_275' title='bbox 1338 2021 1582 2067; x_wconf 91' lang='lat' dir='ltr'><strong>sanctum</strong></span> <span class='ocrx_word' id='word_1_276' title='bbox 1619 2013 1988 2070; x_wconf 82' lang='lat' dir='ltr'><strong>sanctiﬁcalos</strong></span> <span class='ocrx_word' id='word_1_277' title='bbox 2019 2016 2100 2070; x_wconf 80' lang='lat' dir='ltr'><strong>ef-</strong></span> 
     </span>
    </p>
   </div>
   <div class='ocr_carea' id='block_1_37' title="bbox 524 2104 2098 2176">
    <p class='ocr_par' dir='ltr' id='par_1_37' title="bbox 524 2104 2098 2176">
     <span class='ocr_line' id='line_1_37' title="bbox 524 2104 2098 2176; baseline 0.002 -17"><span class='ocrx_word' id='word_1_278' title='bbox 524 2106 670 2163; x_wconf 81' lang='lat' dir='ltr'><strong>fecit.</strong></span> <span class='ocrx_word' id='word_1_279' title='bbox 705 2106 795 2160; x_wconf 81' lang='lat' dir='ltr'><strong>Ait</strong></span> <span class='ocrx_word' id='word_1_280' title='bbox 829 2105 972 2160; x_wconf 89' lang='lat' dir='ltr'><strong>enim</strong></span> <span class='ocrx_word' id='word_1_281' title='bbox 1010 2105 1206 2159; x_wconf 90' lang='lat' dir='ltr'><strong>alicubi</strong></span> <span class='ocrx_word' id='word_1_282' title='bbox 1250 2107 1316 2159; x_wconf 91' lang='lat' dir='ltr'><strong>de</strong></span> <span class='ocrx_word' id='word_1_283' title='bbox 1350 2105 1521 2158; x_wconf 88' lang='lat' dir='ltr'><strong>electa</strong></span> <span class='ocrx_word' id='word_1_284' title='bbox 1543 2145 1557 2168; x_wconf 96' lang='lat'><strong>,</strong></span> <span class='ocrx_word' id='word_1_285' title='bbox 1595 2104 1833 2160; x_wconf 86' lang='lat' dir='ltr'><strong>Ecclesia</strong></span> <span class='ocrx_word' id='word_1_286' title='bbox 1869 2107 2052 2176; x_wconf 89' lang='lat' dir='ltr'><strong>utique</strong></span> <span class='ocrx_word' id='word_1_287' title='bbox 2086 2127 2098 2162; x_wconf 93' lang='lat'><strong>:</strong></span> 
     </span>
    </p>
   </div>
   <div class='ocr_carea' id='block_1_38' title="bbox 529 2195 2106 2267">
    <p class='ocr_par' dir='ltr' id='par_1_38' title="bbox 529 2195 2106 2267">
     <span class='ocr_line' id='line_1_38' title="bbox 529 2195 2106 2267; baseline 0.003 -19"><span class='ocrx_word' id='word_1_288' title='bbox 529 2217 547 2248; x_wconf 75' lang='grc' dir='ltr'><strong>ι</strong></span> <span class='ocrx_word' id='word_1_289' title='bbox 581 2197 675 2251; x_wconf 88' lang='lat' dir='ltr'><strong>llic</strong></span> <span class='ocrx_word' id='word_1_290' title='bbox 697 2195 1241 2267; x_wconf 82' lang='lat' dir='ltr'><strong>ltahitabo,quoniam</strong></span> <span class='ocrx_word' id='word_1_291' title='bbox 1266 2195 1399 2266; x_wconf 81' lang='lat' dir='ltr'><strong>elegi</strong></span> <span class='ocrx_word' id='word_1_292' title='bbox 1425 2199 1606 2251; x_wconf 80' lang='lat' dir='ltr'><strong>eam‘.</strong></span> <span class='ocrx_word' id='word_1_293' title='bbox 1638 2216 1657 2249; x_wconf 72' lang='grc' dir='ltr'><strong>ι</strong></span> <span class='ocrx_word' id='word_1_294' title='bbox 1687 2197 1874 2252; x_wconf 83' lang='lat' dir='ltr'><strong>Psallit</strong></span> <span class='ocrx_word' id='word_1_295' title='bbox 1899 2209 1952 2253; x_wconf 92' lang='lat' dir='ltr'><strong>et</strong></span> <span class='ocrx_word' id='word_1_296' title='bbox 1976 2200 2106 2253; x_wconf 80' lang='lat' dir='ltr'><strong>bea-</strong></span> 
     </span>
    </p>
   </div>
   <div class='ocr_carea' id='block_1_39' title="bbox 527 2289 2099 2355">
    <p class='ocr_par' dir='ltr' id='par_1_39' title="bbox 527 2289 2099 2355">
     <span class='ocr_line' id='line_1_39' title="bbox 527 2289 2099 2355; baseline -0.001 -12"><span class='ocrx_word' id='word_1_297' title='bbox 527 2303 612 2346; x_wconf 87' lang='lat' dir='ltr'><strong>tns</strong></span> <span class='ocrx_word' id='word_1_298' title='bbox 644 2290 809 2344; x_wconf 84' lang='lat' dir='ltr'><strong>David</strong></span> <span class='ocrx_word' id='word_1_299' title='bbox 832 2309 845 2344; x_wconf 86' lang='lat'><strong>:</strong></span> <span class='ocrx_word' id='word_1_300' title='bbox 870 2309 890 2340; x_wconf 71' lang='grc' dir='ltr'><strong>ε</strong></span> <span class='ocrx_word' id='word_1_301' title='bbox 919 2289 1166 2344; x_wconf 88' lang='lat' dir='ltr'><strong>Gloriosa</strong></span> <span class='ocrx_word' id='word_1_302' title='bbox 1187 2289 1330 2344; x_wconf 90' lang='lat' dir='ltr'><strong>dicta</strong></span> <span class='ocrx_word' id='word_1_303' title='bbox 1353 2297 1482 2343; x_wconf 90' lang='lat' dir='ltr'><strong>sunt</strong></span> <span class='ocrx_word' id='word_1_304' title='bbox 1505 2290 1571 2343; x_wconf 90' lang='lat' dir='ltr'><strong>de</strong></span> <span class='ocrx_word' id='word_1_305' title='bbox 1591 2299 1661 2355; x_wconf 92' lang='lat' dir='ltr'><strong>te,</strong></span> <span class='ocrx_word' id='word_1_306' title='bbox 1683 2289 1874 2346; x_wconf 83' lang='lat' dir='ltr'><strong>civitas</strong></span> <span class='ocrx_word' id='word_1_307' title='bbox 1900 2290 1990 2345; x_wconf 90' lang='lat' dir='ltr'><strong>Dei</strong></span> <span class='ocrx_word' id='word_1_308' title='bbox 2009 2291 2050 2344; x_wconf 86' lang='grc'><strong>³.</strong></span> <span class='ocrx_word' id='word_1_309' title='bbox 2081 2308 2099 2341; x_wconf 74' lang='grc' dir='ltr'><strong>ι</strong></span> 
     </span>
    </p>
   </div>
   <div class='ocr_carea' id='block_1_40' title="bbox 526 2379 2108 2451">
    <p class='ocr_par' dir='ltr' id='par_1_40' title="bbox 526 2379 2108 2451">
     <span class='ocr_line' id='line_1_40' title="bbox 526 2379 2108 2451; baseline 0.001 -17"><span class='ocrx_word' id='word_1_310' title='bbox 526 2381 678 2438; x_wconf 88' lang='lat' dir='ltr'><strong>llanc</strong></span> <span class='ocrx_word' id='word_1_311' title='bbox 716 2381 870 2436; x_wconf 89' lang='lat' dir='ltr'><strong>nobis</strong></span> <span class='ocrx_word' id='word_1_312' title='bbox 910 2382 1038 2436; x_wconf 87' lang='lat' dir='ltr'><strong>item</strong></span> <span class='ocrx_word' id='word_1_313' title='bbox 1076 2381 1338 2451; x_wconf 85' lang='lat' dir='ltr'><strong>propheta</strong></span> <span class='ocrx_word' id='word_1_314' title='bbox 1377 2379 1544 2435; x_wconf 88' lang='lat' dir='ltr'><strong>Isaias</strong></span> <span class='ocrx_word' id='word_1_315' title='bbox 1579 2381 1836 2435; x_wconf 83' lang='lat' dir='ltr'><strong>iudicavit</strong></span> <span class='ocrx_word' id='word_1_316' title='bbox 1873 2400 1886 2434; x_wconf 91' lang='lat'><strong>:</strong></span> <span class='ocrx_word' id='word_1_317' title='bbox 1929 2399 1948 2432; x_wconf 79' lang='grc' dir='ltr'><strong>ι</strong></span> <span class='ocrx_word' id='word_1_318' title='bbox 1994 2382 2108 2435; x_wconf 90' lang='lat' dir='ltr'><strong>Erit</strong></span> 
     </span>
    </p>
   </div>
   <div class='ocr_carea' id='block_1_41' title="bbox 525 2469 2109 2537">
    <p class='ocr_par' dir='ltr' id='par_1_41' title="bbox 525 2469 2109 2537">
     <span class='ocr_line' id='line_1_41' title="bbox 525 2469 2109 2537; baseline 0.002 -13"><span class='ocrx_word' id='word_1_319' title='bbox 525 2470 579 2524; x_wconf 91' lang='lat' dir='ltr'><strong>in</strong></span> <span class='ocrx_word' id='word_1_320' title='bbox 623 2469 931 2525; x_wconf 82' lang='lat' dir='ltr'><strong>novissimis</strong></span> <span class='ocrx_word' id='word_1_321' title='bbox 969 2470 1162 2526; x_wconf 84' lang='lat' dir='ltr'><strong>diebus</strong></span> <span class='ocrx_word' id='word_1_322' title='bbox 1209 2470 1527 2525; x_wconf 82' lang='lat' dir='ltr'><strong>manifestus</strong></span> <span class='ocrx_word' id='word_1_323' title='bbox 1572 2486 1724 2526; x_wconf 90' lang='lat' dir='ltr'><strong>mons</strong></span> <span class='ocrx_word' id='word_1_324' title='bbox 1767 2471 2012 2537; x_wconf 85' lang='lat' dir='ltr'><strong>Domini,</strong></span> <span class='ocrx_word' id='word_1_325' title='bbox 2054 2481 2109 2527; x_wconf 86' lang='lat' dir='ltr'><strong>et</strong></span> 
     </span>
    </p>
   </div>
   <div class='ocr_carea' id='block_1_42' title="bbox 525 2561 2108 2628">
    <p class='ocr_par' dir='ltr' id='par_1_42' title="bbox 525 2561 2108 2628">
     <span class='ocr_line' id='line_1_42' title="bbox 525 2561 2108 2628; baseline -0.001 -12"><span class='ocrx_word' id='word_1_326' title='bbox 525 2561 718 2616; x_wconf 89' lang='lat' dir='ltr'><strong>domus</strong></span> <span class='ocrx_word' id='word_1_327' title='bbox 768 2562 860 2616; x_wconf 85' lang='lat' dir='ltr'><strong>Dei</strong></span> <span class='ocrx_word' id='word_1_328' title='bbox 909 2561 961 2616; x_wconf 93' lang='lat' dir='ltr'><strong>in</strong></span> <span class='ocrx_word' id='word_1_329' title='bbox 1007 2563 1320 2616; x_wconf 88' lang='lat' dir='ltr'><strong>sunnnitate</strong></span> <span class='ocrx_word' id='word_1_330' title='bbox 1367 2565 1663 2628; x_wconf 86' lang='lat' dir='ltr'><strong>montium,</strong></span> <span class='ocrx_word' id='word_1_331' title='bbox 1710 2574 1765 2617; x_wconf 87' lang='lat' dir='ltr'><strong>et</strong></span> <span class='ocrx_word' id='word_1_332' title='bbox 1809 2563 2108 2618; x_wconf 69' lang='lat' dir='ltr'><strong>eierabilnr</strong></span> 
     </span>
    </p>
   </div>
   <div class='ocr_carea' id='block_1_43' title="bbox 524 2653 2100 2726">
    <p class='ocr_par' dir='ltr' id='par_1_43' title="bbox 524 2653 2100 2726">
     <span class='ocr_line' id='line_1_43' title="bbox 524 2653 2100 2726; baseline -0.001 -18"><span class='ocrx_word' id='word_1_333' title='bbox 524 2669 686 2724; x_wconf 80' lang='lat' dir='ltr'><strong>super</strong></span> <span class='ocrx_word' id='word_1_334' title='bbox 722 2653 920 2719; x_wconf 81' lang='lat' dir='ltr'><strong>colles,</strong></span> <span class='ocrx_word' id='word_1_335' title='bbox 953 2659 1010 2709; x_wconf 89' lang='lat' dir='ltr'><strong>et</strong></span> <span class='ocrx_word' id='word_1_336' title='bbox 1044 2653 1260 2708; x_wconf 87' lang='lat' dir='ltr'><strong>venient</strong></span> <span class='ocrx_word' id='word_1_337' title='bbox 1297 2654 1364 2709; x_wconf 88' lang='lat' dir='ltr'><strong>ad</strong></span> <span class='ocrx_word' id='word_1_338' title='bbox 1406 2669 1528 2709; x_wconf 89' lang='lat' dir='ltr'><strong>eum</strong></span> <span class='ocrx_word' id='word_1_339' title='bbox 1563 2669 1752 2710; x_wconf 87' lang='lat' dir='ltr'><strong>omnes</strong></span> <span class='ocrx_word' id='word_1_340' title='bbox 1786 2666 1974 2726; x_wconf 73' lang='lat' dir='ltr'><strong>gentes</strong></span> <span class='ocrx_word' id='word_1_341' title='bbox 1997 2655 2037 2708; x_wconf 73' lang='grc'><strong>⁵.</strong></span> <span class='ocrx_word' id='word_1_342' title='bbox 2082 2673 2100 2706; x_wconf 74' lang='grc' dir='ltr'><strong>ι</strong></span> 
     </span>
    </p>
   </div>
   <div class='ocr_carea' id='block_1_44' title="bbox 523 2743 2105 2813">
    <p class='ocr_par' dir='ltr' id='par_1_44' title="bbox 523 2743 2105 2813">
     <span class='ocr_line' id='line_1_44' title="bbox 523 2743 2105 2813; baseline 0 -14"><span class='ocrx_word' id='word_1_343' title='bbox 523 2743 825 2813; x_wconf 86' lang='lat' dir='ltr'><strong>Couspicua</strong></span> <span class='ocrx_word' id='word_1_344' title='bbox 872 2753 956 2798; x_wconf 85' lang='lat' dir='ltr'><strong>est</strong></span> <span class='ocrx_word' id='word_1_345' title='bbox 999 2745 1143 2799; x_wconf 88' lang='lat' dir='ltr'><strong>enim</strong></span> <span class='ocrx_word' id='word_1_346' title='bbox 1192 2744 1434 2799; x_wconf 86' lang='lat' dir='ltr'><strong>Ecclesia</strong></span> <span class='ocrx_word' id='word_1_347' title='bbox 1479 2744 1718 2809; x_wconf 77' lang='lat' dir='ltr'><strong>Christi,</strong></span> <span class='ocrx_word' id='word_1_348' title='bbox 1763 2756 1817 2801; x_wconf 89' lang='lat' dir='ltr'><strong>et</strong></span> <span class='ocrx_word' id='word_1_349' title='bbox 1859 2746 2001 2802; x_wconf 85' lang='lat' dir='ltr'><strong>velut</strong></span> <span class='ocrx_word' id='word_1_350' title='bbox 2053 2747 2105 2800; x_wconf 87' lang='lat' dir='ltr'><strong>in</strong></span> 
     </span>
    </p>
   </div>
   <div class='ocr_carea' id='block_1_45' title="bbox 526 2833 2104 2903">
    <p class='ocr_par' dir='ltr' id='par_1_45' title="bbox 526 2833 2104 2903">
     <span class='ocr_line' id='line_1_45' title="bbox 526 2833 2104 2903; baseline 0.002 -16"><span class='ocrx_word' id='word_1_351' title='bbox 526 2843 710 2889; x_wconf 89' lang='lat' dir='ltr'><strong>monte</strong></span> <span class='ocrx_word' id='word_1_352' title='bbox 735 2834 906 2903; x_wconf 80' lang='lat' dir='ltr'><strong>posita</strong></span> <span class='ocrx_word' id='word_1_353' title='bbox 933 2843 1078 2902; x_wconf 84' lang='lat' dir='ltr'><strong>patet</strong></span> <span class='ocrx_word' id='word_1_354' title='bbox 1100 2834 1371 2890; x_wconf 84' lang='lat' dir='ltr'><strong>omnibus.</strong></span> <span class='ocrx_word' id='word_1_355' title='bbox 1392 2833 1595 2890; x_wconf 80' lang='lat' dir='ltr'><strong>Vocata</strong></span> <span class='ocrx_word' id='word_1_356' title='bbox 1617 2847 1699 2891; x_wconf 91' lang='lat' dir='ltr'><strong>est</strong></span> <span class='ocrx_word' id='word_1_357' title='bbox 1717 2837 1920 2892; x_wconf 84' lang='lat' dir='ltr'><strong>deinde</strong></span> <span class='ocrx_word' id='word_1_358' title='bbox 1941 2838 2104 2891; x_wconf 80' lang='lat' dir='ltr'><strong>etiam</strong></span> 
     </span>
    </p>
   </div>
   <div class='ocr_carea' id='block_1_46' title="bbox 524 2925 2109 2993">
    <p class='ocr_par' dir='ltr' id='par_1_46' title="bbox 524 2925 2109 2993">
     <span class='ocr_line' id='line_1_46' title="bbox 524 2925 2109 2993; baseline 0.002 -16"><span class='ocrx_word' id='word_1_359' title='bbox 524 2941 678 2989; x_wconf 75' lang='lat' dir='ltr'><strong>vera,</strong></span> <span class='ocrx_word' id='word_1_360' title='bbox 709 2925 1019 2991; x_wconf 88' lang='lat' dir='ltr'><strong>neutiquam</strong></span> <span class='ocrx_word' id='word_1_361' title='bbox 1049 2925 1193 2993; x_wconf 89' lang='lat' dir='ltr'><strong>typis</strong></span> <span class='ocrx_word' id='word_1_362' title='bbox 1222 2933 1274 2978; x_wconf 91' lang='lat' dir='ltr'><strong>et</strong></span> <span class='ocrx_word' id='word_1_363' title='bbox 1302 2926 1506 2980; x_wconf 86' lang='lat' dir='ltr'><strong>umbris</strong></span> <span class='ocrx_word' id='word_1_364' title='bbox 1539 2928 1814 2988; x_wconf 85' lang='lat' dir='ltr'><strong>serviens.</strong></span> <span class='ocrx_word' id='word_1_365' title='bbox 1846 2931 1940 2982; x_wconf 84' lang='lat' dir='ltr'><strong>sed</strong></span> <span class='ocrx_word' id='word_1_366' title='bbox 1969 2929 2109 2982; x_wconf 87' lang='lat' dir='ltr'><strong>veri-</strong></span> 
     </span>
    </p>
   </div>
   <div class='ocr_carea' id='block_1_47' title="bbox 531 3013 2110 3083">
    <p class='ocr_par' dir='ltr' id='par_1_47' title="bbox 531 3013 2110 3083">
     <span class='ocr_line' id='line_1_47' title="bbox 531 3013 2110 3083; baseline 0.005 -17"><span class='ocrx_word' id='word_1_367' title='bbox 531 3025 692 3068; x_wconf 83' lang='lat' dir='ltr'><strong>tatem</strong></span> <span class='ocrx_word' id='word_1_368' title='bbox 729 3013 1005 3082; x_wconf 78' lang='lat' dir='ltr'><strong>complexa</strong></span> <span class='ocrx_word' id='word_1_369' title='bbox 1044 3014 1256 3083; x_wconf 89' lang='lat' dir='ltr'><strong>potius,</strong></span> <span class='ocrx_word' id='word_1_370' title='bbox 1293 3031 1410 3083; x_wconf 80' lang='lat' dir='ltr'><strong>qna:</strong></span> <span class='ocrx_word' id='word_1_371' title='bbox 1449 3026 1534 3070; x_wconf 92' lang='lat' dir='ltr'><strong>est</strong></span> <span class='ocrx_word' id='word_1_372' title='bbox 1573 3018 1855 3083; x_wconf 86' lang='lat' dir='ltr'><strong>Christus,</strong></span> <span class='ocrx_word' id='word_1_373' title='bbox 1922 3030 1975 3074; x_wconf 86' lang='lat' dir='ltr'><strong>et</strong></span> <span class='ocrx_word' id='word_1_374' title='bbox 2013 3019 2110 3074; x_wconf 86' lang='lat' dir='ltr'><strong>ad-</strong></span> 
     </span>
    </p>
   </div>
   <div class='ocr_carea' id='block_1_48' title="bbox 527 3105 1868 3177">
    <p class='ocr_par' dir='ltr' id='par_1_48' title="bbox 527 3105 1868 3177">
     <span class='ocr_line' id='line_1_48' title="bbox 527 3105 1868 3177; baseline 0.002 -15"><span class='ocrx_word' id='word_1_375' title='bbox 527 3109 832 3164; x_wconf 82' lang='lat' dir='ltr'><strong>orationeut</strong></span> <span class='ocrx_word' id='word_1_376' title='bbox 869 3107 921 3161; x_wconf 91' lang='lat' dir='ltr'><strong>in</strong></span> <span class='ocrx_word' id='word_1_377' title='bbox 957 3105 1150 3176; x_wconf 88' lang='lat' dir='ltr'><strong>spiritu</strong></span> <span class='ocrx_word' id='word_1_378' title='bbox 1187 3121 1252 3160; x_wconf 87' lang='lat' dir='ltr'><strong>ac</strong></span> <span class='ocrx_word' id='word_1_379' title='bbox 1282 3108 1511 3162; x_wconf 83' lang='lat' dir='ltr'><strong>veritate</strong></span> <span class='ocrx_word' id='word_1_380' title='bbox 1543 3123 1806 3177; x_wconf 86' lang='lat' dir='ltr'><strong>usurpans</strong></span> <span class='ocrx_word' id='word_1_381' title='bbox 1827 3111 1868 3165; x_wconf 83' lang='grc'><strong>’⁵.</strong></span> 
     </span>
    </p>
   </div>
   <div class='ocr_carea' id='block_1_49' title="bbox 2207 2012 3800 2086">
    <p class='ocr_par' dir='ltr' id='par_1_49' title="bbox 2207 2012 3800 2086">
     <span class='ocr_line' id='line_1_49' title="bbox 2207 2012 3800 2086; baseline -0.001 -18"><span class='ocrx_word' id='word_1_382' title='bbox 2207 2017 2306 2085; x_wconf 80' lang='grc' dir='ltr'>τὴν</span> <span class='ocrx_word' id='word_1_383' title='bbox 2367 2016 2716 2086; x_wconf 78' lang='grc' dir='ltr'>Ἐκκλησίαν,</span> <span class='ocrx_word' id='word_1_384' title='bbox 2782 2015 2934 2068; x_wconf 85' lang='grc' dir='ltr'>πόλιν</span> <span class='ocrx_word' id='word_1_385' title='bbox 2981 2032 3041 2068; x_wconf 91' lang='grc' dir='ltr'><strong>τε</strong></span> <span class='ocrx_word' id='word_1_386' title='bbox 3090 2014 3182 2066; x_wconf 71' lang='grc' dir='ltr'><strong>καὶ</strong></span> <span class='ocrx_word' id='word_1_387' title='bbox 3239 2012 3569 2084; x_wconf 77' lang='grc' dir='ltr'><strong>¹ἐνδιαίτημα</strong></span> <span class='ocrx_word' id='word_1_388' title='bbox 3605 2013 3800 2066; x_wconf 76' lang='grc' dir='ltr'>σεπτὸν</span> 
     </span>
    </p>
   </div>
   <div class='ocr_carea' id='block_1_50' title="bbox 2209 2101 3800 2177">
    <p class='ocr_par' dir='ltr' id='par_1_50' title="bbox 2209 2101 3800 2177">
     <span class='ocr_line' id='line_1_50' title="bbox 2209 2101 3800 2177; baseline -0.002 -21"><span class='ocrx_word' id='word_1_389' title='bbox 2209 2105 2503 2177; x_wconf 67' lang='grc' dir='ltr'>ἐποιήσατο</span> <span class='ocrx_word' id='word_1_390' title='bbox 2551 2106 2679 2168; x_wconf 78' lang='grc' dir='ltr'>τοὺς</span> <span class='ocrx_word' id='word_1_391' title='bbox 2718 2105 3104 2175; x_wconf 81' lang='grc' dir='ltr'>ὴγιασμένους.</span> <span class='ocrx_word' id='word_1_392' title='bbox 3161 2103 3304 2173; x_wconf 74' lang='grc' dir='ltr'>Ἔφη</span> <span class='ocrx_word' id='word_1_393' title='bbox 3356 2101 3466 2172; x_wconf 87' lang='grc' dir='ltr'>γάρ</span> <span class='ocrx_word' id='word_1_394' title='bbox 3519 2117 3622 2154; x_wconf 88' lang='grc' dir='ltr'><strong>που</strong></span> <span class='ocrx_word' id='word_1_395' title='bbox 3671 2102 3800 2172; x_wconf 76' lang='grc' dir='ltr'>περὶ</span> 
     </span>
    </p>
   </div>
   <div class='ocr_carea' id='block_1_51' title="bbox 2211 2189 3801 2268">
    <p class='ocr_par' dir='ltr' id='par_1_51' title="bbox 2211 2189 3801 2268">
     <span class='ocr_line' id='line_1_51' title="bbox 2211 2189 3801 2268; baseline -0.001 -20"><span class='ocrx_word' id='word_1_396' title='bbox 2211 2197 2458 2268; x_wconf 81' lang='grc' dir='ltr'>αἱρετῆς,</span> <span class='ocrx_word' id='word_1_397' title='bbox 2495 2195 2653 2266; x_wconf 80' lang='grc' dir='ltr'>δῆλον</span> <span class='ocrx_word' id='word_1_398' title='bbox 2698 2196 2753 2249; x_wconf 86' lang='grc' dir='ltr'>δὲ</span> <span class='ocrx_word' id='word_1_399' title='bbox 2793 2197 2868 2248; x_wconf 83' lang='grc' dir='ltr'><strong>ὅτι</strong></span> <span class='ocrx_word' id='word_1_400' title='bbox 2899 2197 2999 2266; x_wconf 76' lang='grc' dir='ltr'>τῆς</span> <span class='ocrx_word' id='word_1_401' title='bbox 3048 2194 3377 2265; x_wconf 84' lang='grc' dir='ltr'>Ἐκκλησίας</span> <span class='ocrx_word' id='word_1_402' title='bbox 3401 2209 3413 2224; x_wconf 88' lang='grc'><strong>·</strong></span> <span class='ocrx_word' id='word_1_403' title='bbox 3446 2212 3464 2244; x_wconf 78' lang='grc' dir='ltr'><strong>ι</strong></span> <span class='ocrx_word' id='word_1_404' title='bbox 3501 2189 3629 2246; x_wconf 78' lang='grc' dir='ltr'>Ὧδε</span> <span class='ocrx_word' id='word_1_405' title='bbox 3670 2211 3801 2248; x_wconf 89' lang='grc' dir='ltr'>κατ-</span> 
     </span>
    </p>
   </div>
   <div class='ocr_carea' id='block_1_52' title="bbox 2210 2287 3801 2359">
    <p class='ocr_par' dir='ltr' id='par_1_52' title="bbox 2210 2287 3801 2359">
     <span class='ocr_line' id='line_1_52' title="bbox 2210 2287 3801 2359; baseline -0.001 -19"><span class='ocrx_word' id='word_1_406' title='bbox 2210 2289 2453 2358; x_wconf 83' lang='grc' dir='ltr'>οικήσω,</span> <span class='ocrx_word' id='word_1_407' title='bbox 2498 2288 2580 2340; x_wconf 84' lang='grc' dir='ltr'><strong>ὅτι</strong></span> <span class='ocrx_word' id='word_1_408' title='bbox 2614 2287 2958 2359; x_wconf 73' lang='grc' dir='ltr'>ᾑρετισάμην</span> <span class='ocrx_word' id='word_1_409' title='bbox 3004 2288 3195 2358; x_wconf 74' lang='grc' dir='ltr'>αὑτήν.</span> <span class='ocrx_word' id='word_1_410' title='bbox 3232 2307 3251 2338; x_wconf 83' lang='grc'><strong>›</strong></span> <span class='ocrx_word' id='word_1_411' title='bbox 3305 2287 3513 2339; x_wconf 79' lang='grc' dir='ltr'>Ψὰλλει</span> <span class='ocrx_word' id='word_1_412' title='bbox 3555 2287 3613 2339; x_wconf 79' lang='grc' dir='ltr'><strong>δὲ</strong></span> <span class='ocrx_word' id='word_1_413' title='bbox 3650 2287 3744 2338; x_wconf 74' lang='grc' dir='ltr'><strong>καὶ</strong></span> <span class='ocrx_word' id='word_1_414' title='bbox 3773 2287 3801 2338; x_wconf 86' lang='grc' dir='ltr'><strong>ό</strong></span> 
     </span>
    </p>
   </div>
   <div class='ocr_carea' id='block_1_53' title="bbox 2215 2377 3798 2450">
    <p class='ocr_par' dir='ltr' id='par_1_53' title="bbox 2215 2377 3798 2450">
     <span class='ocr_line' id='line_1_53' title="bbox 2215 2377 3798 2450; baseline -0.002 -17"><span class='ocrx_word' id='word_1_415' title='bbox 2215 2381 2483 2450; x_wconf 83' lang='grc' dir='ltr'>μακάριος</span> <span class='ocrx_word' id='word_1_416' title='bbox 2507 2380 2688 2434; x_wconf 85' lang='grc' dir='ltr'>Δαϐίδ·</span> <span class='ocrx_word' id='word_1_417' title='bbox 2726 2398 2742 2430; x_wconf 83' lang='grc' dir='ltr'><strong>ι</strong></span> <span class='ocrx_word' id='word_1_418' title='bbox 2773 2379 3151 2449; x_wconf 77' lang='grc' dir='ltr'>Δεδοξασμένα</span> <span class='ocrx_word' id='word_1_419' title='bbox 3179 2379 3419 2450; x_wconf 74' lang='grc' dir='ltr'>ἐλαλήθη</span> <span class='ocrx_word' id='word_1_420' title='bbox 3481 2380 3613 2450; x_wconf 73' lang='grc' dir='ltr'>περὶ</span> <span class='ocrx_word' id='word_1_421' title='bbox 3668 2377 3762 2430; x_wconf 78' lang='grc' dir='ltr'>σοῦ</span> <span class='ocrx_word' id='word_1_422' title='bbox 3783 2418 3798 2443; x_wconf 92' lang='grc'><strong>,</strong></span> 
     </span>
    </p>
   </div>
   <div class='ocr_carea' id='block_1_54' title="bbox 2213 2469 3802 2542">
    <p class='ocr_par' dir='ltr' id='par_1_54' title="bbox 2213 2469 3802 2542">
     <span class='ocr_line' id='line_1_54' title="bbox 2213 2469 3802 2542; baseline 0.001 -19"><span class='ocrx_word' id='word_1_423' title='bbox 2213 2474 2247 2542; x_wconf 83' lang='grc' dir='ltr'><strong>ἡ</strong></span> <span class='ocrx_word' id='word_1_424' title='bbox 2282 2471 2434 2534; x_wconf 84' lang='grc' dir='ltr'>πόλις</span> <span class='ocrx_word' id='word_1_425' title='bbox 2471 2470 2566 2523; x_wconf 80' lang='grc' dir='ltr'>τοῦ</span> <span class='ocrx_word' id='word_1_426' title='bbox 2593 2469 2750 2524; x_wconf 80' lang='grc' dir='ltr'>Θεοῦ.</span> <span class='ocrx_word' id='word_1_427' title='bbox 2785 2490 2802 2522; x_wconf 71' lang='grc' dir='ltr'><strong>ι</strong></span> <span class='ocrx_word' id='word_1_428' title='bbox 2829 2470 3044 2540; x_wconf 75' lang='grc' dir='ltr'>Ταύτην</span> <span class='ocrx_word' id='word_1_429' title='bbox 3072 2472 3205 2541; x_wconf 78' lang='grc' dir='ltr'>ἡμῖν</span> <span class='ocrx_word' id='word_1_430' title='bbox 3235 2471 3584 2542; x_wconf 76' lang='grc' dir='ltr'>κατεμήνυσε</span> <span class='ocrx_word' id='word_1_431' title='bbox 3640 2471 3733 2523; x_wconf 81' lang='grc' dir='ltr'>καὶ</span> <span class='ocrx_word' id='word_1_432' title='bbox 3773 2472 3802 2524; x_wconf 83' lang='grc' dir='ltr'><strong>ὁ</strong></span> 
     </span>
    </p>
   </div>
   <div class='ocr_carea' id='block_1_55' title="bbox 2213 2562 3801 2634">
    <p class='ocr_par' dir='ltr' id='par_1_55' title="bbox 2213 2562 3801 2634">
     <span class='ocr_line' id='line_1_55' title="bbox 2213 2562 3801 2634; baseline -0.001 -18"><span class='ocrx_word' id='word_1_433' title='bbox 2213 2564 2500 2634; x_wconf 80' lang='grc' dir='ltr'>προφήτης</span> <span class='ocrx_word' id='word_1_434' title='bbox 2533 2563 2780 2626; x_wconf 76' lang='grc' dir='ltr'>Ἡσαΐας,</span> <span class='ocrx_word' id='word_1_435' title='bbox 2813 2562 3006 2631; x_wconf 80' lang='grc' dir='ltr'>λέγων·</span> <span class='ocrx_word' id='word_1_436' title='bbox 3033 2583 3049 2615; x_wconf 76' lang='grc' dir='ltr'><strong>ι</strong></span> <span class='ocrx_word' id='word_1_437' title='bbox 3076 2564 3266 2617; x_wconf 80' lang='grc' dir='ltr'>Ἔσται</span> <span class='ocrx_word' id='word_1_438' title='bbox 3305 2565 3362 2616; x_wconf 81' lang='grc' dir='ltr'>ὲν</span> <span class='ocrx_word' id='word_1_439' title='bbox 3393 2565 3514 2626; x_wconf 76' lang='grc' dir='ltr'>ταῖς</span> <span class='ocrx_word' id='word_1_440' title='bbox 3546 2562 3801 2632; x_wconf 76' lang='grc' dir='ltr'>ἐσχάταις</span> 
     </span>
    </p>
   </div>
   <div class='ocr_carea' id='block_1_56' title="bbox 2213 2651 3801 2727">
    <p class='ocr_par' dir='ltr' id='par_1_56' title="bbox 2213 2651 3801 2727">
     <span class='ocr_line' id='line_1_56' title="bbox 2213 2651 3801 2727; baseline -0.001 -19"><span class='ocrx_word' id='word_1_441' title='bbox 2213 2655 2451 2727; x_wconf 83' lang='grc' dir='ltr'>ἡμέραις</span> <span class='ocrx_word' id='word_1_442' title='bbox 2483 2656 2721 2725; x_wconf 74' lang='grc' dir='ltr'>ἐμφανὲς</span> <span class='ocrx_word' id='word_1_443' title='bbox 2769 2655 2830 2708; x_wconf 81' lang='grc' dir='ltr'><strong>τὸ</strong></span> <span class='ocrx_word' id='word_1_444' title='bbox 2886 2655 3012 2726; x_wconf 75' lang='grc' dir='ltr'>ὅρος</span> <span class='ocrx_word' id='word_1_445' title='bbox 3062 2657 3290 2727; x_wconf 77' lang='grc' dir='ltr'>Κυρίου,</span> <span class='ocrx_word' id='word_1_446' title='bbox 3334 2657 3428 2709; x_wconf 79' lang='grc' dir='ltr'><strong>καὶ</strong></span> <span class='ocrx_word' id='word_1_447' title='bbox 3461 2658 3489 2708; x_wconf 87' lang='grc' dir='ltr'><strong>ὁ</strong></span> <span class='ocrx_word' id='word_1_448' title='bbox 3527 2651 3677 2719; x_wconf 73' lang='grc' dir='ltr'>οἶκος</span> <span class='ocrx_word' id='word_1_449' title='bbox 3709 2654 3801 2706; x_wconf 81' lang='grc' dir='ltr'>τοῦ</span> 
     </span>
    </p>
   </div>
   <div class='ocr_carea' id='block_1_57' title="bbox 2214 2745 3802 2818">
    <p class='ocr_par' dir='ltr' id='par_1_57' title="bbox 2214 2745 3802 2818">
     <span class='ocr_line' id='line_1_57' title="bbox 2214 2745 3802 2818; baseline -0.003 -18"><span class='ocrx_word' id='word_1_450' title='bbox 2214 2747 2349 2800; x_wconf 84' lang='grc' dir='ltr'>Θεοῦ</span> <span class='ocrx_word' id='word_1_451' title='bbox 2381 2748 2466 2800; x_wconf 75' lang='grc' dir='ltr'><strong>ἐπ’</strong></span> <span class='ocrx_word' id='word_1_452' title='bbox 2485 2747 2671 2817; x_wconf 84' lang='grc' dir='ltr'>ἄκρων</span> <span class='ocrx_word' id='word_1_453' title='bbox 2694 2746 2802 2799; x_wconf 83' lang='grc' dir='ltr'><strong>τῶν</strong></span> <span class='ocrx_word' id='word_1_454' title='bbox 2826 2747 3019 2818; x_wconf 83' lang='grc' dir='ltr'>όρέων,</span> <span class='ocrx_word' id='word_1_455' title='bbox 3049 2748 3142 2801; x_wconf 73' lang='grc' dir='ltr'><strong>καὶ</strong></span> <span class='ocrx_word' id='word_1_456' title='bbox 3165 2747 3514 2817; x_wconf 62' lang='grc' dir='ltr'>ὑψωθήσεται</span> <span class='ocrx_word' id='word_1_457' title='bbox 3546 2745 3802 2815; x_wconf 81' lang='grc' dir='ltr'>ὑπεράνω</span> 
     </span>
    </p>
   </div>
   <div class='ocr_carea' id='block_1_58' title="bbox 2211 2836 3796 2908">
    <p class='ocr_par' dir='ltr' id='par_1_58' title="bbox 2211 2836 3796 2908">
     <span class='ocr_line' id='line_1_58' title="bbox 2211 2836 3796 2908; baseline -0.001 -18"><span class='ocrx_word' id='word_1_458' title='bbox 2211 2837 2320 2890; x_wconf 82' lang='grc' dir='ltr'><strong>τῶν</strong></span> <span class='ocrx_word' id='word_1_459' title='bbox 2351 2836 2577 2908; x_wconf 85' lang='grc' dir='ltr'>βουνῶν,</span> <span class='ocrx_word' id='word_1_460' title='bbox 2609 2837 2702 2890; x_wconf 74' lang='grc' dir='ltr'><strong>καὶ</strong></span> <span class='ocrx_word' id='word_1_461' title='bbox 2721 2837 2943 2908; x_wconf 79' lang='grc' dir='ltr'>ἥξουσιν</span> <span class='ocrx_word' id='word_1_462' title='bbox 2978 2838 3066 2890; x_wconf 79' lang='grc' dir='ltr'>ἐπ’</span> <span class='ocrx_word' id='word_1_463' title='bbox 3092 2839 3255 2891; x_wconf 71' lang='grc' dir='ltr'>αὐτὸν</span> <span class='ocrx_word' id='word_1_464' title='bbox 3284 2838 3464 2891; x_wconf 81' lang='grc' dir='ltr'>πάντα</span> <span class='ocrx_word' id='word_1_465' title='bbox 3493 2837 3559 2891; x_wconf 74' lang='grc' dir='ltr'>τὰ</span> <span class='ocrx_word' id='word_1_466' title='bbox 3586 2837 3734 2907; x_wconf 80' lang='grc' dir='ltr'>ἔθνη.</span> <span class='ocrx_word' id='word_1_467' title='bbox 3778 2853 3796 2888; x_wconf 72' lang='grc' dir='ltr'><strong>ι</strong></span> 
     </span>
    </p>
   </div>
   <div class='ocr_carea' id='block_1_59' title="bbox 2215 2925 3803 3002">
    <p class='ocr_par' dir='ltr' id='par_1_59' title="bbox 2215 2925 3803 3002">
     <span class='ocr_line' id='line_1_59' title="bbox 2215 2925 3803 3002; baseline 0.001 -22"><span class='ocrx_word' id='word_1_468' title='bbox 2215 2928 2516 3002; x_wconf 87' lang='grc' dir='ltr'>Περίοπτος</span> <span class='ocrx_word' id='word_1_469' title='bbox 2547 2928 2654 2998; x_wconf 82' lang='grc' dir='ltr'>γὰρ</span> <span class='ocrx_word' id='word_1_470' title='bbox 2685 2929 2717 3000; x_wconf 76' lang='grc' dir='ltr'>ἡ</span> <span class='ocrx_word' id='word_1_471' title='bbox 2753 2928 3050 2998; x_wconf 83' lang='grc' dir='ltr'>Ἐκκλησία</span> <span class='ocrx_word' id='word_1_472' title='bbox 3077 2928 3315 3001; x_wconf 74' lang='grc' dir='ltr'>Χριστοῦ</span> <span class='ocrx_word' id='word_1_473' title='bbox 3336 2970 3350 2992; x_wconf 95' lang='grc'><strong>,</strong></span> <span class='ocrx_word' id='word_1_474' title='bbox 3391 2930 3486 2984; x_wconf 73' lang='grc' dir='ltr'><strong>καὶ</strong></span> <span class='ocrx_word' id='word_1_475' title='bbox 3518 2925 3714 2999; x_wconf 77' lang='grc' dir='ltr'>οἷάπερ</span> <span class='ocrx_word' id='word_1_476' title='bbox 3748 2929 3803 2981; x_wconf 79' lang='grc' dir='ltr'>ὲν</span> 
     </span>
    </p>
   </div>
   <div class='ocr_carea' id='block_1_60' title="bbox 2213 3020 3801 3093">
    <p class='ocr_par' dir='ltr' id='par_1_60' title="bbox 2213 3020 3801 3093">
     <span class='ocr_line' id='line_1_60' title="bbox 2213 3020 3801 3093; baseline -0.004 -17"><span class='ocrx_word' id='word_1_477' title='bbox 2213 3022 2329 3091; x_wconf 79' lang='grc' dir='ltr'>ϐρει</span> <span class='ocrx_word' id='word_1_478' title='bbox 2359 3022 2610 3092; x_wconf 79' lang='grc' dir='ltr'>κειμένη,</span> <span class='ocrx_word' id='word_1_479' title='bbox 2640 3025 2750 3086; x_wconf 85' lang='grc' dir='ltr'>τοῖς</span> <span class='ocrx_word' id='word_1_480' title='bbox 2783 3021 3096 3091; x_wconf 79' lang='grc' dir='ltr'>ἅπανταχοῦ</span> <span class='ocrx_word' id='word_1_481' title='bbox 3139 3021 3492 3093; x_wconf 78' lang='grc' dir='ltr'>γνωρίζεται.</span> <span class='ocrx_word' id='word_1_482' title='bbox 3524 3020 3801 3089; x_wconf 81' lang='grc' dir='ltr'>Κέκληται</span> 
     </span>
    </p>
   </div>
   <div class='ocr_carea' id='block_1_61' title="bbox 2215 3113 3800 3186">
    <p class='ocr_par' dir='ltr' id='par_1_61' title="bbox 2215 3113 3800 3186">
     <span class='ocr_line' id='line_1_61' title="bbox 2215 3113 3800 3186; baseline -0.001 -21"><span class='ocrx_word' id='word_1_483' title='bbox 2215 3114 2271 3165; x_wconf 68' lang='grc' dir='ltr'>δὲ</span> <span class='ocrx_word' id='word_1_484' title='bbox 2325 3115 2417 3167; x_wconf 74' lang='grc' dir='ltr'><strong>καὶ</strong></span> <span class='ocrx_word' id='word_1_485' title='bbox 2450 3114 2732 3182; x_wconf 75' lang='grc' dir='ltr'>ἀληθινὴ,</span> <span class='ocrx_word' id='word_1_486' title='bbox 2789 3116 2990 3186; x_wconf 70' lang='grc' dir='ltr'>ἥκιστα</span> <span class='ocrx_word' id='word_1_487' title='bbox 3043 3117 3140 3185; x_wconf 76' lang='grc' dir='ltr'><strong>μὲν</strong></span> <span class='ocrx_word' id='word_1_488' title='bbox 3189 3114 3382 3179; x_wconf 77' lang='grc' dir='ltr'>τύποις</span> <span class='ocrx_word' id='word_1_489' title='bbox 3429 3115 3674 3185; x_wconf 77' lang='grc' dir='ltr'>ἦσκιαῖς</span> <span class='ocrx_word' id='word_1_490' title='bbox 3705 3113 3800 3164; x_wconf 88' lang='grc' dir='ltr'>λα-</span> 
     </span>
    </p>
   </div>
   <div class='ocr_carea' id='block_1_62' title="bbox 528 3203 3808 3284">
    <p class='ocr_par' dir='ltr' id='par_1_62' title="bbox 528 3203 3808 3284">
     <span class='ocr_line' id='line_1_62' title="bbox 528 3203 3808 3284; baseline 0.001 -25"><span class='ocrx_word' id='word_1_491' title='bbox 528 3205 815 3276; x_wconf 83' lang='grc' dir='ltr'>τρεύουσα·</span> <span class='ocrx_word' id='word_1_492' title='bbox 865 3203 1288 3276; x_wconf 80' lang='grc' dir='ltr'>παραδεξαμένη</span> <span class='ocrx_word' id='word_1_493' title='bbox 1316 3205 1372 3258; x_wconf 74' lang='grc' dir='ltr'>δὲ</span> <span class='ocrx_word' id='word_1_494' title='bbox 1404 3205 1603 3277; x_wconf 81' lang='grc' dir='ltr'>μᾶλλον</span> <span class='ocrx_word' id='word_1_495' title='bbox 1633 3208 1732 3279; x_wconf 72' lang='grc' dir='ltr'><strong>τὴν</strong></span> <span class='ocrx_word' id='word_1_496' title='bbox 1795 3207 2055 3280; x_wconf 78' lang='grc' dir='ltr'>ἀλήθειαν</span> <span class='ocrx_word' id='word_1_497' title='bbox 2079 3211 2146 3281; x_wconf 76' lang='grc' dir='ltr'>,ἤ</span> <span class='ocrx_word' id='word_1_498' title='bbox 2186 3212 2297 3265; x_wconf 77' lang='grc' dir='ltr'>ἐστι</span> <span class='ocrx_word' id='word_1_499' title='bbox 2329 3213 2582 3283; x_wconf 81' lang='grc' dir='ltr'>Χριστὸς,</span> <span class='ocrx_word' id='word_1_500' title='bbox 2611 3214 2703 3266; x_wconf 76' lang='grc' dir='ltr'><strong>καὶ</strong></span> <span class='ocrx_word' id='word_1_501' title='bbox 2761 3215 2858 3283; x_wconf 75' lang='grc' dir='ltr'>τὴν</span> <span class='ocrx_word' id='word_1_502' title='bbox 2883 3215 2938 3266; x_wconf 84' lang='grc' dir='ltr'>ὲν</span> <span class='ocrx_word' id='word_1_503' title='bbox 2971 3212 3241 3283; x_wconf 76' lang='grc' dir='ltr'>πνεύματι</span> <span class='ocrx_word' id='word_1_504' title='bbox 3284 3215 3378 3267; x_wconf 75' lang='grc' dir='ltr'><strong>καὶ</strong></span> <span class='ocrx_word' id='word_1_505' title='bbox 3407 3212 3635 3284; x_wconf 75' lang='grc' dir='ltr'>ἀληθείᾳ</span> <span class='ocrx_word' id='word_1_506' title='bbox 3669 3212 3808 3279; x_wconf 35' lang='grc' dir='ltr'>πλη-ο</span> 
     </span>
    </p>
   </div>
   <div class='ocr_carea' id='block_1_63' title="bbox 531 3298 1121 3369">
    <p class='ocr_par' dir='ltr' id='par_1_63' title="bbox 531 3298 1121 3369">
     <span class='ocr_line' id='line_1_63' title="bbox 531 3298 1121 3369; baseline 0.002 -19"><span class='ocrx_word' id='word_1_507' title='bbox 531 3298 700 3369; x_wconf 81' lang='grc' dir='ltr'>ροῦσα</span> <span class='ocrx_word' id='word_1_508' title='bbox 729 3298 1008 3369; x_wconf 87' lang='grc' dir='ltr'>προσκύνη</span> <span class='ocrx_word' id='word_1_509' title='bbox 1019 3314 1121 3352; x_wconf 81' lang='grc' dir='ltr'>σιν.</span> 
     </span>
    </p>
   </div>
   <div class='ocr_carea' id='block_1_64' title="bbox 607 3391 2185 3472">
    <p class='ocr_par' dir='ltr' id='par_1_64' title="bbox 607 3391 2185 3472">
     <span class='ocr_line' id='line_1_64' title="bbox 607 3391 2185 3472; baseline 0.004 -28"><span class='ocrx_word' id='word_1_510' title='bbox 607 3392 765 3446; x_wconf 70' lang='lat' dir='ltr'><strong>Vens.</strong></span> <span class='ocrx_word' id='word_1_511' title='bbox 801 3393 862 3458; x_wconf 80' lang='grc' dir='ltr'><strong>ι,</strong></span> <span class='ocrx_word' id='word_1_512' title='bbox 897 3393 950 3447; x_wconf 82' lang='lat'><strong>5.</strong></span> <span class='ocrx_word' id='word_1_513' title='bbox 988 3391 1118 3448; x_wconf 69' lang='lat' dir='ltr'><strong>&quot;(eo</strong></span> <span class='ocrx_word' id='word_1_514' title='bbox 1151 3393 1278 3448; x_wconf 82' lang='lat' dir='ltr'><strong>dicit</strong></span> <span class='ocrx_word' id='word_1_515' title='bbox 1316 3395 1569 3450; x_wconf 84' lang='lat' dir='ltr'><strong>Dominus</strong></span> <span class='ocrx_word' id='word_1_516' title='bbox 1604 3400 1928 3467; x_wconf 85' lang='lat' dir='ltr'><strong>omnipotens</strong></span> <span class='ocrx_word' id='word_1_517' title='bbox 1961 3415 1977 3451; x_wconf 92' lang='lat'><strong><em>:</em></strong></span> <span class='ocrx_word' id='word_1_518' title='bbox 2008 3397 2115 3450; x_wconf 83' lang='lat' dir='ltr'><strong>Ad-</strong></span> <span class='ocrx_word' id='word_1_519' title='bbox 2144 3415 2185 3472; x_wconf 72' lang='grc' dir='ltr'>ο</span> 
     </span>
    </p>
   </div>
   <div class='ocr_carea' id='block_1_65' title="bbox 530 3484 2112 3557">
    <p class='ocr_par' dir='ltr' id='par_1_65' title="bbox 530 3484 2112 3557">
     <span class='ocr_line' id='line_1_65' title="bbox 530 3484 2112 3557; baseline 0.003 -22"><span class='ocrx_word' id='word_1_520' title='bbox 530 3487 633 3537; x_wconf 83' lang='lat' dir='ltr'><strong>huc</strong></span> <span class='ocrx_word' id='word_1_521' title='bbox 669 3484 918 3539; x_wconf 72' lang='lat' dir='ltr'><strong>sedebant</strong></span> <span class='ocrx_word' id='word_1_522' title='bbox 955 3487 1185 3540; x_wconf 76' lang='lat' dir='ltr'><strong>seniores</strong></span> <span class='ocrx_word' id='word_1_523' title='bbox 1233 3496 1280 3540; x_wconf 88' lang='lat' dir='ltr'><strong>et</strong></span> <span class='ocrx_word' id='word_1_524' title='bbox 1314 3504 1448 3542; x_wconf 83' lang='lat' dir='ltr'><strong>anus</strong></span> <span class='ocrx_word' id='word_1_525' title='bbox 1495 3489 1547 3541; x_wconf 84' lang='lat' dir='ltr'><strong>in</strong></span> <span class='ocrx_word' id='word_1_526' title='bbox 1579 3490 1764 3557; x_wconf 84' lang='lat' dir='ltr'><strong>plateis</strong></span> <span class='ocrx_word' id='word_1_527' title='bbox 1797 3489 2112 3554; x_wconf 82' lang='lat' dir='ltr'><strong>Jerusalem,</strong></span> 
     </span>
    </p>
   </div>
   <div class='ocr_carea' id='block_1_66' title="bbox 529 3575 2116 3646">
    <p class='ocr_par' dir='ltr' id='par_1_66' title="bbox 529 3575 2116 3646">
     <span class='ocr_line' id='line_1_66' title="bbox 529 3575 2116 3646; baseline 0.004 -21"><span class='ocrx_word' id='word_1_528' title='bbox 529 3575 886 3644; x_wconf 76' lang='lat' dir='ltr'><strong>unusquisque</strong></span> <span class='ocrx_word' id='word_1_529' title='bbox 926 3575 1126 3646; x_wconf 83' lang='lat' dir='ltr'><strong>virgam</strong></span> <span class='ocrx_word' id='word_1_530' title='bbox 1167 3576 1272 3630; x_wconf 83' lang='lat' dir='ltr'><strong>sive</strong></span> <span class='ocrx_word' id='word_1_531' title='bbox 1314 3577 1594 3645; x_wconf 83' lang='lat' dir='ltr'><strong>scipionem</strong></span> <span class='ocrx_word' id='word_1_532' title='bbox 1637 3594 1789 3632; x_wconf 83' lang='lat' dir='ltr'><strong>suum</strong></span> <span class='ocrx_word' id='word_1_533' title='bbox 1834 3579 2023 3632; x_wconf 83' lang='lat' dir='ltr'><strong>habens</strong></span> <span class='ocrx_word' id='word_1_534' title='bbox 2065 3579 2116 3632; x_wconf 89' lang='lat' dir='ltr'><strong>in</strong></span> 
     </span>
    </p>
   </div>
   <div class='ocr_carea' id='block_1_67' title="bbox 530 3667 2118 3739">
    <p class='ocr_par' dir='ltr' id='par_1_67' title="bbox 530 3667 2118 3739">
     <span class='ocr_line' id='line_1_67' title="bbox 530 3667 2118 3739; baseline 0.005 -23"><span class='ocrx_word' id='word_1_535' title='bbox 530 3682 689 3718; x_wconf 87' lang='lat' dir='ltr'><strong>manu</strong></span> <span class='ocrx_word' id='word_1_536' title='bbox 719 3682 836 3730; x_wconf 86' lang='lat' dir='ltr'><strong>sua,</strong></span> <span class='ocrx_word' id='word_1_537' title='bbox 869 3682 979 3733; x_wconf 71' lang='lat' dir='ltr'><strong>pro:</strong></span> <span class='ocrx_word' id='word_1_538' title='bbox 1008 3667 1343 3721; x_wconf 77' lang='lat' dir='ltr'><strong>multitudine</strong></span> <span class='ocrx_word' id='word_1_539' title='bbox 1375 3668 1538 3739; x_wconf 79' lang='lat'><strong>716</strong></span> <span class='ocrx_word' id='word_1_540' title='bbox 1580 3670 1802 3723; x_wconf 85' lang='lat' dir='ltr'><strong>dierum.</strong></span> <span class='ocrx_word' id='word_1_541' title='bbox 1833 3668 1902 3724; x_wconf 87' lang='lat' dir='ltr'><strong>Et</strong></span> <span class='ocrx_word' id='word_1_542' title='bbox 1932 3670 2118 3739; x_wconf 69' lang='lat' dir='ltr'><strong>platea:</strong></span> 
     </span>
    </p>
   </div>
   <div class='ocr_carea' id='block_1_68' title="bbox 530 3755 2115 3829">
    <p class='ocr_par' dir='ltr' id='par_1_68' title="bbox 530 3755 2115 3829">
     <span class='ocr_line' id='line_1_68' title="bbox 530 3755 2115 3829; baseline 0.003 -20"><span class='ocrx_word' id='word_1_543' title='bbox 530 3756 760 3810; x_wconf 80' lang='lat' dir='ltr'><strong>civitatis</strong></span> <span class='ocrx_word' id='word_1_544' title='bbox 802 3755 1138 3825; x_wconf 79' lang='lat' dir='ltr'><strong>replebuntur</strong></span> <span class='ocrx_word' id='word_1_545' title='bbox 1160 3757 1393 3826; x_wconf 77' lang='lat' dir='ltr'><strong>puerulis</strong></span> <span class='ocrx_word' id='word_1_546' title='bbox 1444 3767 1493 3812; x_wconf 87' lang='lat' dir='ltr'><strong>et</strong></span> <span class='ocrx_word' id='word_1_547' title='bbox 1524 3758 1711 3829; x_wconf 84' lang='lat' dir='ltr'><strong>puellis</strong></span> <span class='ocrx_word' id='word_1_548' title='bbox 1741 3759 2036 3816; x_wconf 79' lang='lat' dir='ltr'><strong>ludentibus</strong></span> <span class='ocrx_word' id='word_1_549' title='bbox 2062 3761 2115 3814; x_wconf 87' lang='lat' dir='ltr'><strong>in</strong></span> 
     </span>
    </p>
   </div>
   <div class='ocr_carea' id='block_1_69' title="bbox 531 3847 875 3915">
    <p class='ocr_par' dir='ltr' id='par_1_69' title="bbox 531 3847 875 3915">
     <span class='ocr_line' id='line_1_69' title="bbox 531 3847 875 3915; baseline 0.006 -17"><span class='ocrx_word' id='word_1_550' title='bbox 531 3848 713 3902; x_wconf 80' lang='lat' dir='ltr'><strong>olatsis</strong></span> <span class='ocrx_word' id='word_1_551' title='bbox 741 3847 875 3915; x_wconf 73' lang='lat' dir='ltr'><strong>ejus.</strong></span> 
     </span>
    </p>
   </div>
   <div class='ocr_carea' id='block_1_70' title="bbox 607 4021 2115 4096">
    <p class='ocr_par' dir='ltr' id='par_1_70' title="bbox 607 4021 2115 4096">
     <span class='ocr_line' id='line_1_70' title="bbox 607 4021 2115 4096; baseline 0.007 -22"><span class='ocrx_word' id='word_1_552' title='bbox 607 4021 718 4076; x_wconf 75' lang='lat' dir='ltr'><strong>XL.</strong></span> <span class='ocrx_word' id='word_1_553' title='bbox 757 4021 1064 4077; x_wconf 73' lang='lat' dir='ltr'><strong>Judzeorum</strong></span> <span class='ocrx_word' id='word_1_554' title='bbox 1107 4034 1266 4093; x_wconf 78' lang='lat' dir='ltr'><strong>gente</strong></span> <span class='ocrx_word' id='word_1_555' title='bbox 1308 4025 1448 4080; x_wconf 91' lang='lat' dir='ltr'><strong>bello</strong></span> <span class='ocrx_word' id='word_1_556' title='bbox 1479 4025 1787 4096; x_wconf 88' lang='lat' dir='ltr'><strong>absumpta,</strong></span> <span class='ocrx_word' id='word_1_557' title='bbox 1828 4028 1989 4082; x_wconf 87' lang='lat' dir='ltr'><strong>urbes</strong></span> <span class='ocrx_word' id='word_1_558' title='bbox 2022 4044 2115 4084; x_wconf 80' lang='lat' dir='ltr'><strong>eo-</strong></span> 
     </span>
    </p>
   </div>
   <div class='ocr_carea' id='block_1_71' title="bbox 533 4113 2138 4189">
    <p class='ocr_par' dir='ltr' id='par_1_71' title="bbox 533 4113 2138 4189">
     <span class='ocr_line' id='line_1_71' title="bbox 533 4113 2138 4189; baseline 0.006 -23"><span class='ocrx_word' id='word_1_559' title='bbox 533 4130 650 4167; x_wconf 87' lang='lat' dir='ltr'><strong>rum</strong></span> <span class='ocrx_word' id='word_1_560' title='bbox 693 4113 763 4166; x_wconf 82' lang='lat' dir='ltr'><strong>ab</strong></span> <span class='ocrx_word' id='word_1_561' title='bbox 804 4115 996 4170; x_wconf 87' lang='lat' dir='ltr'><strong>incolis</strong></span> <span class='ocrx_word' id='word_1_562' title='bbox 1032 4131 1260 4183; x_wconf 86' lang='lat' dir='ltr'><strong>vacuas,</strong></span> <span class='ocrx_word' id='word_1_563' title='bbox 1299 4127 1355 4172; x_wconf 87' lang='lat' dir='ltr'><strong>et</strong></span> <span class='ocrx_word' id='word_1_564' title='bbox 1395 4117 1585 4173; x_wconf 88' lang='lat' dir='ltr'><strong>domos</strong></span> <span class='ocrx_word' id='word_1_565' title='bbox 1624 4133 1747 4173; x_wconf 92' lang='lat' dir='ltr'><strong>cum</strong></span> <span class='ocrx_word' id='word_1_566' title='bbox 1785 4120 2138 4189; x_wconf 71' lang='lat' dir='ltr'><strong>elegantibus</strong></span> 
     </span>
    </p>
   </div>
   <div class='ocr_carea' id='block_1_72' title="bbox 530 4208 2117 4282">
    <p class='ocr_par' dir='ltr' id='par_1_72' title="bbox 530 4208 2117 4282">
     <span class='ocr_line' id='line_1_72' title="bbox 530 4208 2117 4282; baseline 0.003 -21"><span class='ocrx_word' id='word_1_567' title='bbox 530 4222 717 4262; x_wconf 88' lang='lat' dir='ltr'><strong>earum</strong></span> <span class='ocrx_word' id='word_1_568' title='bbox 748 4208 1038 4262; x_wconf 89' lang='lat' dir='ltr'><strong>structuris</strong></span> <span class='ocrx_word' id='word_1_569' title='bbox 1077 4217 1134 4263; x_wconf 91' lang='lat' dir='ltr'><strong>et</strong></span> <span class='ocrx_word' id='word_1_570' title='bbox 1171 4210 1430 4279; x_wconf 80' lang='lat' dir='ltr'><strong>operibus</strong></span> <span class='ocrx_word' id='word_1_571' title='bbox 1455 4210 1663 4265; x_wconf 87' lang='lat' dir='ltr'><strong>dirutas</strong></span> <span class='ocrx_word' id='word_1_572' title='bbox 1691 4213 1930 4280; x_wconf 84' lang='lat' dir='ltr'><strong>conspici</strong></span> <span class='ocrx_word' id='word_1_573' title='bbox 1957 4226 2117 4282; x_wconf 81' lang='lat' dir='ltr'><strong>Opor-</strong></span> 
     </span>
    </p>
   </div>
   <div class='ocr_carea' id='block_1_73' title="bbox 536 4297 2115 4371">
    <p class='ocr_par' dir='ltr' id='par_1_73' title="bbox 536 4297 2115 4371">
     <span class='ocr_line' id='line_1_73' title="bbox 536 4297 2115 4371; baseline 0.002 -21"><span class='ocrx_word' id='word_1_574' title='bbox 536 4297 704 4352; x_wconf 86' lang='lat' dir='ltr'><strong>tebat.</strong></span> <span class='ocrx_word' id='word_1_575' title='bbox 730 4298 926 4354; x_wconf 82' lang='lat' dir='ltr'><strong>Verum</strong></span> <span class='ocrx_word' id='word_1_576' title='bbox 949 4312 1080 4354; x_wconf 90' lang='lat' dir='ltr'><strong>ecce</strong></span> <span class='ocrx_word' id='word_1_577' title='bbox 1102 4300 1342 4355; x_wconf 86' lang='lat' dir='ltr'><strong>reversis</strong></span> <span class='ocrx_word' id='word_1_578' title='bbox 1363 4300 1432 4356; x_wconf 80' lang='lat' dir='ltr'><strong>ab</strong></span> <span class='ocrx_word' id='word_1_579' title='bbox 1456 4300 1702 4357; x_wconf 88' lang='lat' dir='ltr'><strong>hostibus</strong></span> <span class='ocrx_word' id='word_1_580' title='bbox 1725 4300 1972 4371; x_wconf 79' lang='lat' dir='ltr'><strong>quamvis</strong></span> <span class='ocrx_word' id='word_1_581' title='bbox 1996 4302 2115 4355; x_wconf 91' lang='lat' dir='ltr'><strong>diu-</strong></span> 
     </span>
    </p>
   </div>
   <div class='ocr_carea' id='block_1_74' title="bbox 536 4391 2114 4463">
    <p class='ocr_par' dir='ltr' id='par_1_74' title="bbox 536 4391 2114 4463">
     <span class='ocr_line' id='line_1_74' title="bbox 536 4391 2114 4463; baseline 0.002 -20"><span class='ocrx_word' id='word_1_582' title='bbox 536 4400 746 4444; x_wconf 83' lang='lat' dir='ltr'><strong>turnam</strong></span> <span class='ocrx_word' id='word_1_583' title='bbox 788 4405 976 4460; x_wconf 88' lang='lat' dir='ltr'><strong>pacem</strong></span> <span class='ocrx_word' id='word_1_584' title='bbox 1013 4391 1265 4446; x_wconf 86' lang='lat' dir='ltr'><strong>daturum</strong></span> <span class='ocrx_word' id='word_1_585' title='bbox 1305 4407 1366 4445; x_wconf 88' lang='lat' dir='ltr'><strong>se</strong></span> <span class='ocrx_word' id='word_1_586' title='bbox 1401 4393 1708 4461; x_wconf 87' lang='lat' dir='ltr'><strong>pollicetur,</strong></span> <span class='ocrx_word' id='word_1_587' title='bbox 1744 4408 1906 4463; x_wconf 89' lang='lat' dir='ltr'><strong>quam</strong></span> <span class='ocrx_word' id='word_1_588' title='bbox 1941 4392 2114 4449; x_wconf 70' lang='lat' dir='ltr'><strong>Graeci</strong></span> 
     </span>
    </p>
   </div>
   <div class='ocr_carea' id='block_1_75' title="bbox 534 4480 2122 4554">
    <p class='ocr_par' dir='ltr' id='par_1_75' title="bbox 534 4480 2122 4554">
     <span class='ocr_line' id='line_1_75' title="bbox 534 4480 2122 4554; baseline 0.003 -20"><span class='ocrx_word' id='word_1_589' title='bbox 534 4480 1096 4534; x_wconf 88' lang='lat' dir='ltr'><strong>accommodatissime</strong></span> <span class='ocrx_word' id='word_1_590' title='bbox 1107 4482 1493 4552; x_wconf 76' lang='grc' dir='ltr'>κουροτρόφον,</span> <span class='ocrx_word' id='word_1_591' title='bbox 1511 4499 1798 4554; x_wconf 89' lang='lat' dir='ltr'><strong>puerorum</strong></span> <span class='ocrx_word' id='word_1_592' title='bbox 1829 4487 2122 4551; x_wconf 87' lang='lat' dir='ltr'><strong>nutricem,</strong></span> 
     </span>
    </p>
   </div>
   <div class='ocr_carea' id='block_1_76' title="bbox 536 4568 2114 4644">
    <p class='ocr_par' dir='ltr' id='par_1_76' title="bbox 536 4568 2114 4644">
     <span class='ocr_line' id='line_1_76' title="bbox 536 4568 2114 4644; baseline 0.004 -22"><span class='ocrx_word' id='word_1_593' title='bbox 536 4569 894 4638; x_wconf 85' lang='lat' dir='ltr'><strong>appellarunt.</strong></span> <span class='ocrx_word' id='word_1_594' title='bbox 927 4568 1097 4622; x_wconf 74' lang='lat' dir='ltr'><strong>Natos</strong></span> <span class='ocrx_word' id='word_1_595' title='bbox 1131 4571 1330 4639; x_wconf 86' lang='lat' dir='ltr'><strong>quippe</strong></span> <span class='ocrx_word' id='word_1_596' title='bbox 1363 4574 1428 4624; x_wconf 88' lang='lat' dir='ltr'><strong>ad</strong></span> <span class='ocrx_word' id='word_1_597' title='bbox 1465 4575 1804 4641; x_wconf 85' lang='lat' dir='ltr'><strong>pubertatem</strong></span> <span class='ocrx_word' id='word_1_598' title='bbox 1839 4576 2114 4644; x_wconf 84' lang='lat' dir='ltr'><strong>perducit,</strong></span> 
     </span>
    </p>
   </div>
   <div class='ocr_carea' id='block_1_77' title="bbox 535 4657 2119 4727">
    <p class='ocr_par' dir='ltr' id='par_1_77' title="bbox 535 4657 2119 4727">
     <span class='ocr_line' id='line_1_77' title="bbox 535 4657 2119 4727; baseline 0.004 -15"><span class='ocrx_word' id='word_1_599' title='bbox 535 4657 880 4726; x_wconf 75' lang='lat' dir='ltr'><strong>etjuventam</strong></span> <span class='ocrx_word' id='word_1_600' title='bbox 905 4659 1165 4727; x_wconf 79' lang='lat' dir='ltr'><strong>ingressis</strong></span> <span class='ocrx_word' id='word_1_601' title='bbox 1188 4661 1326 4713; x_wconf 75' lang='lat' dir='ltr'><strong>riam</strong></span> <span class='ocrx_word' id='word_1_602' title='bbox 1353 4662 1418 4714; x_wconf 91' lang='lat' dir='ltr'><strong>ad</strong></span> <span class='ocrx_word' id='word_1_603' title='bbox 1444 4671 1776 4718; x_wconf 80' lang='lat' dir='ltr'><strong>senectutem</strong></span> <span class='ocrx_word' id='word_1_604' title='bbox 1812 4667 1957 4718; x_wconf 82' lang='lat' dir='ltr'><strong>velut</strong></span> <span class='ocrx_word' id='word_1_605' title='bbox 1981 4677 2119 4720; x_wconf 85' lang='lat' dir='ltr'><strong>ster-</strong></span> 
     </span>
    </p>
   </div>
   <div class='ocr_carea' id='block_1_78' title="bbox 2295 3394 3806 3464">
    <p class='ocr_par' dir='ltr' id='par_1_78' title="bbox 2295 3394 3806 3464">
     <span class='ocr_line' id='line_1_78' title="bbox 2295 3394 3806 3464; baseline 0.003 -16"><span class='ocrx_word' id='word_1_606' title='bbox 2295 3395 2440 3448; x_wconf 77' lang='grc' dir='ltr'>Τάδε</span> <span class='ocrx_word' id='word_1_607' title='bbox 2495 3395 2653 3464; x_wconf 67' lang='grc' dir='ltr'>λέγει</span> <span class='ocrx_word' id='word_1_608' title='bbox 2699 3396 2912 3461; x_wconf 85' lang='grc' dir='ltr'>Κύριος</span> <span class='ocrx_word' id='word_1_609' title='bbox 2966 3394 3419 3464; x_wconf 76' lang='grc' dir='ltr'>παντοκράτωρο</span> <span class='ocrx_word' id='word_1_610' title='bbox 3496 3397 3616 3450; x_wconf 80' lang='grc' dir='ltr'>Ἔτι</span> <span class='ocrx_word' id='word_1_611' title='bbox 3667 3400 3806 3454; x_wconf 79' lang='grc' dir='ltr'>καϐ-</span> 
     </span>
    </p>
   </div>
   <div class='ocr_carea' id='block_1_79' title="bbox 2217 3486 3806 3556">
    <p class='ocr_par' dir='ltr' id='par_1_79' title="bbox 2217 3486 3806 3556">
     <span class='ocr_line' id='line_1_79' title="bbox 2217 3486 3806 3556; baseline 0.003 -18"><span class='ocrx_word' id='word_1_612' title='bbox 2217 3487 2471 3551; x_wconf 76' lang='grc' dir='ltr'>ήσονται</span> <span class='ocrx_word' id='word_1_613' title='bbox 2509 3488 2896 3555; x_wconf 75' lang='grc' dir='ltr'>πρεσϐύτεροι</span> <span class='ocrx_word' id='word_1_614' title='bbox 2968 3486 3067 3540; x_wconf 82' lang='grc' dir='ltr'>καὶ</span> <span class='ocrx_word' id='word_1_615' title='bbox 3122 3488 3508 3556; x_wconf 75' lang='grc' dir='ltr'>πρεσϐύτεραι</span> <span class='ocrx_word' id='word_1_616' title='bbox 3559 3489 3631 3540; x_wconf 82' lang='grc' dir='ltr'><strong>ἐν</strong></span> <span class='ocrx_word' id='word_1_617' title='bbox 3677 3489 3806 3556; x_wconf 82' lang='grc' dir='ltr'>ταῖς</span> 
     </span>
    </p>
   </div>
   <div class='ocr_carea' id='block_1_80' title="bbox 2219 3578 3804 3648">
    <p class='ocr_par' dir='ltr' id='par_1_80' title="bbox 2219 3578 3804 3648">
     <span class='ocr_line' id='line_1_80' title="bbox 2219 3578 3804 3648; baseline 0.005 -20"><span class='ocrx_word' id='word_1_618' title='bbox 2219 3579 2528 3643; x_wconf 72' lang='grc' dir='ltr'>πλατείαις</span> <span class='ocrx_word' id='word_1_619' title='bbox 2578 3579 2995 3647; x_wconf 66' lang='grc' dir='ltr'>Ἰερουσαλὴμ,</span> <span class='ocrx_word' id='word_1_620' title='bbox 3021 3578 3280 3645; x_wconf 76' lang='grc' dir='ltr'>ἕκαστος</span> <span class='ocrx_word' id='word_1_621' title='bbox 3315 3579 3428 3648; x_wconf 78' lang='grc' dir='ltr'><strong>τὴν</strong></span> <span class='ocrx_word' id='word_1_622' title='bbox 3451 3578 3682 3647; x_wconf 71' lang='grc' dir='ltr'>ῥάϐδον</span> <span class='ocrx_word' id='word_1_623' title='bbox 3701 3583 3804 3636; x_wconf 85' lang='grc' dir='ltr'><strong>αὐ-</strong></span> 
     </span>
    </p>
   </div>
   <div class='ocr_carea' id='block_1_81' title="bbox 2218 3666 3803 3741">
    <p class='ocr_par' dir='ltr' id='par_1_81' title="bbox 2218 3666 3803 3741">
     <span class='ocr_line' id='line_1_81' title="bbox 2218 3666 3803 3741; baseline 0.004 -22"><span class='ocrx_word' id='word_1_624' title='bbox 2218 3667 2323 3720; x_wconf 86' lang='grc' dir='ltr'>τοῦ</span> <span class='ocrx_word' id='word_1_625' title='bbox 2355 3666 2513 3735; x_wconf 77' lang='grc' dir='ltr'><strong>ἔχων</strong></span> <span class='ocrx_word' id='word_1_626' title='bbox 2556 3667 2626 3720; x_wconf 84' lang='grc' dir='ltr'><strong>ἐν</strong></span> <span class='ocrx_word' id='word_1_627' title='bbox 2659 3667 2732 3735; x_wconf 78' lang='grc' dir='ltr'>τῇ</span> <span class='ocrx_word' id='word_1_628' title='bbox 2771 3668 2920 3737; x_wconf 79' lang='grc' dir='ltr'>χειρὶ</span> <span class='ocrx_word' id='word_1_629' title='bbox 2956 3668 3164 3732; x_wconf 78' lang='grc' dir='ltr'>αὑτοῦ,</span> <span class='ocrx_word' id='word_1_630' title='bbox 3193 3669 3312 3722; x_wconf 84' lang='grc' dir='ltr'><strong>ἀπὸ</strong></span> <span class='ocrx_word' id='word_1_631' title='bbox 3345 3670 3621 3736; x_wconf 77' lang='grc' dir='ltr'>πλήθους</span> <span class='ocrx_word' id='word_1_632' title='bbox 3667 3673 3803 3741; x_wconf 79' lang='grc' dir='ltr'><strong>ἠμε-</strong></span> 
     </span>
    </p>
   </div>
   <div class='ocr_carea' id='block_1_82' title="bbox 2209 3757 3802 3827">
    <p class='ocr_par' dir='ltr' id='par_1_82' title="bbox 2209 3757 3802 3827">
     <span class='ocr_line' id='line_1_82' title="bbox 2209 3757 3802 3827; baseline 0.001 -17"><span class='ocrx_word' id='word_1_633' title='bbox 2209 3759 2357 3826; x_wconf 77' lang='grc' dir='ltr'><strong>ρῶν.</strong></span> <span class='ocrx_word' id='word_1_634' title='bbox 2391 3759 2496 3812; x_wconf 79' lang='grc' dir='ltr'><strong>Καὶ</strong></span> <span class='ocrx_word' id='word_1_635' title='bbox 2527 3761 2585 3811; x_wconf 81' lang='lat' dir='ltr'><strong>al</strong></span> <span class='ocrx_word' id='word_1_636' title='bbox 2611 3759 2885 3812; x_wconf 76' lang='grc' dir='ltr'>πλατεῖαι</span> <span class='ocrx_word' id='word_1_637' title='bbox 2938 3757 3045 3826; x_wconf 85' lang='grc' dir='ltr'>τῆς</span> <span class='ocrx_word' id='word_1_638' title='bbox 3082 3759 3314 3824; x_wconf 74' lang='grc' dir='ltr'>πόλεως</span> <span class='ocrx_word' id='word_1_639' title='bbox 3341 3759 3802 3827; x_wconf 73' lang='grc' dir='ltr'>πλησθήοόντιιι</span> 
     </span>
    </p>
   </div>
   <div class='ocr_carea' id='block_1_83' title="bbox 2217 3848 3802 3918">
    <p class='ocr_par' dir='ltr' id='par_1_83' title="bbox 2217 3848 3802 3918">
     <span class='ocr_line' id='line_1_83' title="bbox 2217 3848 3802 3918; baseline 0 -16"><span class='ocrx_word' id='word_1_640' title='bbox 2217 3850 2544 3916; x_wconf 74' lang='grc' dir='ltr'>παιδαρίων</span> <span class='ocrx_word' id='word_1_641' title='bbox 2621 3850 2720 3902; x_wconf 78' lang='grc' dir='ltr'>καὶ</span> <span class='ocrx_word' id='word_1_642' title='bbox 2785 3852 3086 3918; x_wconf 75' lang='grc' dir='ltr'>κορασίων</span> <span class='ocrx_word' id='word_1_643' title='bbox 3152 3848 3480 3909; x_wconf 77' lang='grc' dir='ltr'>παιζόντων</span> <span class='ocrx_word' id='word_1_644' title='bbox 3538 3852 3609 3904; x_wconf 76' lang='grc' dir='ltr'><strong>ἐν</strong></span> <span class='ocrx_word' id='word_1_645' title='bbox 3677 3851 3802 3918; x_wconf 82' lang='grc' dir='ltr'>ταῖς</span> 
     </span>
    </p>
   </div>
   <div class='ocr_carea' id='block_1_84' title="bbox 2218 3941 2781 4007">
    <p class='ocr_par' dir='ltr' id='par_1_84' title="bbox 2218 3941 2781 4007">
     <span class='ocr_line' id='line_1_84' title="bbox 2218 3941 2781 4007; baseline 0 -13"><span class='ocrx_word' id='word_1_646' title='bbox 2218 3941 2530 4006; x_wconf 81' lang='grc' dir='ltr'>πλατείαις</span> <span class='ocrx_word' id='word_1_647' title='bbox 2574 3942 2781 4007; x_wconf 83' lang='grc' dir='ltr'>αὐτῆς.</span> 
     </span>
    </p>
   </div>
   <div class='ocr_carea' id='block_1_85' title="bbox 2289 4033 3801 4106">
    <p class='ocr_par' dir='ltr' id='par_1_85' title="bbox 2289 4033 3801 4106">
     <span class='ocr_line' id='line_1_85' title="bbox 2289 4033 3801 4106; baseline 0.001 -18"><span class='ocrx_word' id='word_1_648' title='bbox 2289 4035 2377 4088; x_wconf 88' lang='grc' dir='ltr'><strong>Μ’.</strong></span> <span class='ocrx_word' id='word_1_649' title='bbox 2410 4035 2830 4103; x_wconf 81' lang='grc' dir='ltr'>Δαπανήσαντος</span> <span class='ocrx_word' id='word_1_650' title='bbox 2883 4034 2979 4087; x_wconf 78' lang='grc' dir='ltr'><strong>τοῦ</strong></span> <span class='ocrx_word' id='word_1_651' title='bbox 3015 4034 3254 4106; x_wconf 83' lang='grc' dir='ltr'>πολέμου</span> <span class='ocrx_word' id='word_1_652' title='bbox 3285 4034 3346 4087; x_wconf 87' lang='grc' dir='ltr'><strong>τὸ</strong></span> <span class='ocrx_word' id='word_1_653' title='bbox 3370 4033 3480 4088; x_wconf 83' lang='grc' dir='ltr'>τῶν</span> <span class='ocrx_word' id='word_1_654' title='bbox 3521 4034 3801 4090; x_wconf 85' lang='grc' dir='ltr'>Ἰουδαίων</span> 
     </span>
    </p>
   </div>
   <div class='ocr_carea' id='block_1_86' title="bbox 2219 4126 3802 4200">
    <p class='ocr_par' dir='ltr' id='par_1_86' title="bbox 2219 4126 3802 4200">
     <span class='ocr_line' id='line_1_86' title="bbox 2219 4126 3802 4200; baseline 0.003 -21"><span class='ocrx_word' id='word_1_655' title='bbox 2219 4126 2391 4190; x_wconf 74' lang='grc' dir='ltr'>ἔθνος,</span> <span class='ocrx_word' id='word_1_656' title='bbox 2425 4126 2774 4198; x_wconf 85' lang='grc' dir='ltr'>συμϐέϐηκεν</span> <span class='ocrx_word' id='word_1_657' title='bbox 2801 4128 3118 4196; x_wconf 78' lang='grc' dir='ltr'>ἀναγκαίως</span> <span class='ocrx_word' id='word_1_658' title='bbox 3159 4127 3320 4192; x_wconf 70' lang='grc' dir='ltr'>κενὰς</span> <span class='ocrx_word' id='word_1_659' title='bbox 3353 4127 3461 4180; x_wconf 84' lang='grc' dir='ltr'><strong>τῶν</strong></span> <span class='ocrx_word' id='word_1_660' title='bbox 3493 4130 3802 4200; x_wconf 82' lang='grc' dir='ltr'>κατῳκηκό-</span> 
     </span>
    </p>
   </div>
   <div class='ocr_carea' id='block_1_87' title="bbox 2217 4217 3800 4289">
    <p class='ocr_par' dir='ltr' id='par_1_87' title="bbox 2217 4217 3800 4289">
     <span class='ocr_line' id='line_1_87' title="bbox 2217 4217 3800 4289; baseline 0.004 -20"><span class='ocrx_word' id='word_1_661' title='bbox 2217 4235 2326 4271; x_wconf 89' lang='grc' dir='ltr'><strong>των</strong></span> <span class='ocrx_word' id='word_1_662' title='bbox 2355 4217 2452 4280; x_wconf 57' lang='lat' dir='ltr'><strong>ea;</strong></span> <span class='ocrx_word' id='word_1_663' title='bbox 2477 4219 2606 4289; x_wconf 80' lang='grc' dir='ltr'>παρ’</span> <span class='ocrx_word' id='word_1_664' title='bbox 2629 4220 2812 4282; x_wconf 68' lang='grc' dir='ltr'>αὐτοῖς</span> <span class='ocrx_word' id='word_1_665' title='bbox 2842 4220 3096 4287; x_wconf 79' lang='grc' dir='ltr'>γενέσθαι</span> <span class='ocrx_word' id='word_1_666' title='bbox 3128 4219 3330 4284; x_wconf 81' lang='grc' dir='ltr'>πόλεις,</span> <span class='ocrx_word' id='word_1_667' title='bbox 3372 4219 3556 4283; x_wconf 78' lang='grc' dir='ltr'>οἴκους</span> <span class='ocrx_word' id='word_1_668' title='bbox 3577 4238 3634 4274; x_wconf 85' lang='grc' dir='ltr'><strong>τε</strong></span> <span class='ocrx_word' id='word_1_669' title='bbox 3668 4239 3800 4275; x_wconf 86' lang='grc' dir='ltr'>κατ-</span> 
     </span>
    </p>
   </div>
   <div class='ocr_carea' id='block_1_88' title="bbox 2219 4309 3803 4384">
    <p class='ocr_par' dir='ltr' id='par_1_88' title="bbox 2219 4309 3803 4384">
     <span class='ocr_line' id='line_1_88' title="bbox 2219 4309 3803 4384; baseline 0.003 -22"><span class='ocrx_word' id='word_1_670' title='bbox 2219 4309 2590 4382; x_wconf 80' lang='grc' dir='ltr'>ερριμμένους</span> <span class='ocrx_word' id='word_1_671' title='bbox 2616 4312 2767 4381; x_wconf 82' lang='grc' dir='ltr'>ὀρᾷν,</span> <span class='ocrx_word' id='word_1_672' title='bbox 2800 4313 2892 4363; x_wconf 71' lang='grc' dir='ltr'><strong>καὶ</strong></span> <span class='ocrx_word' id='word_1_673' title='bbox 2920 4311 3027 4364; x_wconf 84' lang='grc' dir='ltr'><strong>τῶν</strong></span> <span class='ocrx_word' id='word_1_674' title='bbox 3049 4313 3106 4364; x_wconf 85' lang='grc' dir='ltr'>ὲν</span> <span class='ocrx_word' id='word_1_675' title='bbox 3126 4311 3306 4374; x_wconf 79' lang='grc' dir='ltr'>αὐτοῖς</span> <span class='ocrx_word' id='word_1_676' title='bbox 3345 4314 3803 4384; x_wconf 84' lang='grc' dir='ltr'>κατασκευασμὰ-</span> 
     </span>
    </p>
   </div>
   <div class='ocr_carea' id='block_1_89' title="bbox 2217 4401 3804 4474">
    <p class='ocr_par' dir='ltr' id='par_1_89' title="bbox 2217 4401 3804 4474">
     <span class='ocr_line' id='line_1_89' title="bbox 2217 4401 3804 4474; baseline 0.003 -20"><span class='ocrx_word' id='word_1_677' title='bbox 2217 4418 2326 4454; x_wconf 86' lang='grc' dir='ltr'><strong>των</strong></span> <span class='ocrx_word' id='word_1_678' title='bbox 2351 4401 2418 4454; x_wconf 78' lang='grc' dir='ltr'>τὰ</span> <span class='ocrx_word' id='word_1_679' title='bbox 2447 4401 2640 4472; x_wconf 80' lang='grc' dir='ltr'>κάλλη.</span> <span class='ocrx_word' id='word_1_680' title='bbox 2689 4401 2826 4454; x_wconf 80' lang='grc' dir='ltr'>Ἀλλ’</span> <span class='ocrx_word' id='word_1_681' title='bbox 2872 4403 3002 4466; x_wconf 76' lang='grc' dir='ltr'>ίδοὺ,</span> <span class='ocrx_word' id='word_1_682' title='bbox 3052 4403 3443 4474; x_wconf 86' lang='grc' dir='ltr'>τροπωθέντων</span> <span class='ocrx_word' id='word_1_683' title='bbox 3481 4405 3666 4468; x_wconf 76' lang='grc' dir='ltr'>αὐτοῖς</span> <span class='ocrx_word' id='word_1_684' title='bbox 3693 4404 3804 4460; x_wconf 78' lang='grc' dir='ltr'>τῶν</span> 
     </span>
    </p>
   </div>
   <div class='ocr_carea' id='block_1_90' title="bbox 2219 4491 3800 4566">
    <p class='ocr_par' dir='ltr' id='par_1_90' title="bbox 2219 4491 3800 4566">
     <span class='ocr_line' id='line_1_90' title="bbox 2219 4491 3800 4566; baseline 0.006 -24"><span class='ocrx_word' id='word_1_685' title='bbox 2219 4492 2450 4564; x_wconf 61' lang='grc' dir='ltr'>ἐχθρῶν,</span> <span class='ocrx_word' id='word_1_686' title='bbox 2479 4491 2582 4546; x_wconf 87' lang='grc' dir='ltr'><strong>κᾶν</strong></span> <span class='ocrx_word' id='word_1_687' title='bbox 2639 4491 2854 4563; x_wconf 76' lang='grc' dir='ltr'>μακρὰν</span> <span class='ocrx_word' id='word_1_688' title='bbox 2897 4495 3120 4565; x_wconf 75' lang='grc' dir='ltr'>εἰρήνην</span> <span class='ocrx_word' id='word_1_689' title='bbox 3175 4495 3481 4566; x_wconf 78' lang='grc' dir='ltr'>χαριεῖσθαι</span> <span class='ocrx_word' id='word_1_690' title='bbox 3522 4508 3800 4566; x_wconf 84' lang='grc' dir='ltr'>κατεπαγ-</span> 
     </span>
    </p>
   </div>
   <div class='ocr_carea' id='block_1_91' title="bbox 2218 4583 3798 4657">
    <p class='ocr_par' dir='ltr' id='par_1_91' title="bbox 2218 4583 3798 4657">
     <span class='ocr_line' id='line_1_91' title="bbox 2218 4583 3798 4657; baseline 0.002 -21"><span class='ocrx_word' id='word_1_691' title='bbox 2218 4583 2485 4650; x_wconf 79' lang='grc' dir='ltr'>γέλλεται,</span> <span class='ocrx_word' id='word_1_692' title='bbox 2535 4585 2620 4654; x_wconf 72' lang='grc' dir='ltr'>ἣν,</span> <span class='ocrx_word' id='word_1_693' title='bbox 2679 4584 2774 4636; x_wconf 76' lang='grc' dir='ltr'><strong>καὶ</strong></span> <span class='ocrx_word' id='word_1_694' title='bbox 2837 4583 2981 4653; x_wconf 77' lang='grc' dir='ltr'>μάλα</span> <span class='ocrx_word' id='word_1_695' title='bbox 3031 4585 3227 4655; x_wconf 80' lang='grc' dir='ltr'>ὀρθῶς,</span> <span class='ocrx_word' id='word_1_696' title='bbox 3294 4586 3564 4657; x_wconf 81' lang='grc' dir='ltr'>Ἑλλήνων</span> <span class='ocrx_word' id='word_1_697' title='bbox 3616 4589 3798 4651; x_wconf 81' lang='grc' dir='ltr'>παῖδες</span> 
     </span>
    </p>
   </div>
   <div class='ocr_carea' id='block_1_92' title="bbox 2219 4673 3802 4750">
    <p class='ocr_par' dir='ltr' id='par_1_92' title="bbox 2219 4673 3802 4750">
     <span class='ocr_line' id='line_1_92' title="bbox 2219 4673 3802 4750; baseline 0.004 -24"><span class='ocrx_word' id='word_1_698' title='bbox 2219 4673 2546 4742; x_wconf 79' lang='grc' dir='ltr'>ὀνομάζουσι</span> <span class='ocrx_word' id='word_1_699' title='bbox 2575 4677 3000 4743; x_wconf 69' lang='grc' dir='ltr'>κουροτρόφον.</span> <span class='ocrx_word' id='word_1_700' title='bbox 3025 4676 3163 4739; x_wconf 76' lang='grc' dir='ltr'>Τοὺς</span> <span class='ocrx_word' id='word_1_701' title='bbox 3197 4679 3294 4746; x_wconf 83' lang='grc' dir='ltr'>μὲν</span> <span class='ocrx_word' id='word_1_702' title='bbox 3314 4679 3424 4748; x_wconf 80' lang='grc' dir='ltr'>γὰρ</span> <span class='ocrx_word' id='word_1_703' title='bbox 3452 4681 3802 4750; x_wconf 63' lang='grc' dir='ltr'>τικτομὲνολς</span> 
     </span>
    </p>
   </div>
   <div class='ocr_carea' id='block_1_93' title="bbox 539 4751 2111 4840">
    <p class='ocr_par' dir='ltr' id='par_1_93' title="bbox 539 4751 2111 4828">
     <span class='ocr_line' id='line_1_93' title="bbox 539 4751 2111 4828; baseline 0.005 -25"><span class='ocrx_word' id='word_1_704' title='bbox 539 4753 635 4814; x_wconf 87' lang='lat' dir='ltr'><strong>nit,</strong></span> <span class='ocrx_word' id='word_1_705' title='bbox 666 4751 880 4804; x_wconf 80' lang='lat' dir='ltr'><strong>nemine</strong></span> <span class='ocrx_word' id='word_1_706' title='bbox 905 4761 1174 4816; x_wconf 86' lang='lat' dir='ltr'><strong>vastante,</strong></span> <span class='ocrx_word' id='word_1_707' title='bbox 1201 4767 1303 4805; x_wconf 92' lang='lat' dir='ltr'><strong>non</strong></span> <span class='ocrx_word' id='word_1_708' title='bbox 1333 4753 1471 4806; x_wconf 84' lang='lat' dir='ltr'><strong>bello</strong></span> <span class='ocrx_word' id='word_1_709' title='bbox 1497 4763 1783 4820; x_wconf 77' lang='lat' dir='ltr'><strong>atterente,</strong></span> <span class='ocrx_word' id='word_1_710' title='bbox 1812 4773 1915 4809; x_wconf 91' lang='lat' dir='ltr'><strong>non</strong></span> <span class='ocrx_word' id='word_1_711' title='bbox 1943 4773 2111 4828; x_wconf 78' lang='lat' dir='ltr'><strong>pugna</strong></span> 
     </span>
    </p>
   </div>
   <div class='ocr_carea' id='block_1_94' title="bbox 2214 4751 3803 4840">
    <p class='ocr_par' dir='ltr' id='par_1_94' title="bbox 2223 4765 3803 4840">
     <span class='ocr_line' id='line_1_94' title="bbox 2223 4765 3803 4840; baseline 0.004 -24"><span class='ocrx_word' id='word_1_712' title='bbox 2223 4765 2542 4834; x_wconf 73' lang='grc' dir='ltr'>ἀνακομίζει</span> <span class='ocrx_word' id='word_1_713' title='bbox 2599 4767 2732 4836; x_wconf 77' lang='grc' dir='ltr'>πρὸς</span> <span class='ocrx_word' id='word_1_714' title='bbox 2779 4766 2944 4838; x_wconf 72' lang='grc' dir='ltr'>ἥϐην,</span> <span class='ocrx_word' id='word_1_715' title='bbox 2999 4769 3109 4829; x_wconf 87' lang='grc' dir='ltr'>τοῖς</span> <span class='ocrx_word' id='word_1_716' title='bbox 3141 4767 3198 4819; x_wconf 82' lang='grc' dir='ltr'><strong>δὲ</strong></span> <span class='ocrx_word' id='word_1_717' title='bbox 3243 4769 3343 4840; x_wconf 69' lang='grc' dir='ltr'>ήδη</span> <span class='ocrx_word' id='word_1_718' title='bbox 3385 4771 3634 4839; x_wconf 84' lang='grc' dir='ltr'>γεγονόσι</span> <span class='ocrx_word' id='word_1_719' title='bbox 3668 4773 3803 4832; x_wconf 78' lang='grc' dir='ltr'>νέοις</span> 
     </span>
    </p>
   </div>
   <div class='ocr_carea' id='block_1_95' title="bbox 537 4840 2114 4911">
    <p class='ocr_par' dir='ltr' id='par_1_95' title="bbox 537 4840 2114 4911">
     <span class='ocr_line' id='line_1_95' title="bbox 537 4840 2114 4911; baseline 0.004 -19"><span class='ocrx_word' id='word_1_720' title='bbox 537 4843 848 4894; x_wconf 72' lang='lat' dir='ltr'><strong>ilevnrante.</strong></span> <span class='ocrx_word' id='word_1_721' title='bbox 884 4840 1315 4895; x_wconf 79' lang='lat' dir='ltr'><strong>Esistimandum</strong></span> <span class='ocrx_word' id='word_1_722' title='bbox 1355 4842 1624 4911; x_wconf 71' lang='lat' dir='ltr'><strong>igittir.rct</strong></span> <span class='ocrx_word' id='word_1_723' title='bbox 1659 4845 2028 4909; x_wconf 84' lang='lat' dir='ltr'><strong>meritissimo,</strong></span> <span class='ocrx_word' id='word_1_724' title='bbox 2063 4849 2114 4899; x_wconf 88' lang='lat' dir='ltr'><strong>itt</strong></span> 
     </span>
    </p>
   </div>
   <div class='ocr_carea' id='block_1_96' title="bbox 543 4931 2119 5006">
    <p class='ocr_par' dir='ltr' id='par_1_96' title="bbox 543 4931 2119 5006">
     <span class='ocr_line' id='line_1_96' title="bbox 543 4931 2119 5006; baseline 0.007 -23"><span class='ocrx_word' id='word_1_725' title='bbox 543 4949 673 5002; x_wconf 81' lang='lat' dir='ltr'><strong>pace</strong></span> <span class='ocrx_word' id='word_1_726' title='bbox 707 4933 868 4986; x_wconf 81' lang='lat' dir='ltr'><strong>urbes</strong></span> <span class='ocrx_word' id='word_1_727' title='bbox 899 4932 1113 4994; x_wconf 76' lang='lat' dir='ltr'><strong>latitetsi</strong></span> <span class='ocrx_word' id='word_1_728' title='bbox 1146 4931 1283 4986; x_wconf 79' lang='lat' dir='ltr'><strong>latas</strong></span> <span class='ocrx_word' id='word_1_729' title='bbox 1311 4944 1366 4986; x_wconf 85' lang='lat' dir='ltr'><strong>et</strong></span> <span class='ocrx_word' id='word_1_730' title='bbox 1397 4935 1606 5004; x_wconf 76' lang='lat' dir='ltr'><strong>longas,</strong></span> <span class='ocrx_word' id='word_1_731' title='bbox 1641 4945 2119 5006; x_wconf 80' lang='lat' dir='ltr'><strong>tamen.angustas</strong></span> 
     </span>
    </p>
   </div>
   <div class='ocr_carea' id='block_1_97' title="bbox 538 5019 2117 5094">
    <p class='ocr_par' dir='ltr' id='par_1_97' title="bbox 538 5019 2117 5094">
     <span class='ocr_line' id='line_1_97' title="bbox 538 5019 2117 5094; baseline 0.005 -20"><span class='ocrx_word' id='word_1_732' title='bbox 538 5023 710 5076; x_wconf 77' lang='lat' dir='ltr'><strong>visum</strong></span> <span class='ocrx_word' id='word_1_733' title='bbox 746 5021 844 5084; x_wconf 90' lang='lat' dir='ltr'><strong>iri,</strong></span> <span class='ocrx_word' id='word_1_734' title='bbox 870 5029 927 5074; x_wconf 84' lang='lat' dir='ltr'><strong>et</strong></span> <span class='ocrx_word' id='word_1_735' title='bbox 955 5019 1195 5075; x_wconf 85' lang='lat' dir='ltr'><strong>minores</strong></span> <span class='ocrx_word' id='word_1_736' title='bbox 1224 5037 1385 5091; x_wconf 89' lang='lat' dir='ltr'><strong>quam</strong></span> <span class='ocrx_word' id='word_1_737' title='bbox 1420 5025 1713 5078; x_wconf 84' lang='lat' dir='ltr'><strong>incolarum</strong></span> <span class='ocrx_word' id='word_1_738' title='bbox 1746 5039 1845 5094; x_wconf 90' lang='lat' dir='ltr'><strong>pro</strong></span> <span class='ocrx_word' id='word_1_739' title='bbox 1875 5026 2117 5082; x_wconf 83' lang='lat' dir='ltr'><strong>multitu-</strong></span> 
     </span>
    </p>
   </div>
   <div class='ocr_carea' id='block_1_98' title="bbox 539 5109 2112 5180">
    <p class='ocr_par' dir='ltr' id='par_1_98' title="bbox 539 5109 2112 5180">
     <span class='ocr_line' id='line_1_98' title="bbox 539 5109 2112 5180; baseline 0.003 -15"><span class='ocrx_word' id='word_1_740' title='bbox 539 5114 684 5165; x_wconf 90' lang='lat' dir='ltr'><strong>dine.</strong></span> <span class='ocrx_word' id='word_1_741' title='bbox 710 5109 893 5164; x_wconf 81' lang='lat' dir='ltr'><strong>&#39;i‘alem</strong></span> <span class='ocrx_word' id='word_1_742' title='bbox 919 5110 1244 5164; x_wconf 89' lang='lat' dir='ltr'><strong>sententiam</strong></span> <span class='ocrx_word' id='word_1_743' title='bbox 1276 5121 1535 5180; x_wconf 69' lang='lat' dir='ltr'><strong>praeterea</strong></span> <span class='ocrx_word' id='word_1_744' title='bbox 1563 5127 1626 5166; x_wconf 76' lang='lat' dir='ltr'><strong>ex</strong></span> <span class='ocrx_word' id='word_1_745' title='bbox 1659 5113 1818 5169; x_wconf 89' lang='lat' dir='ltr'><strong>dictis</strong></span> <span class='ocrx_word' id='word_1_746' title='bbox 1843 5114 2112 5171; x_wconf 89' lang='lat' dir='ltr'><strong>elicimus.</strong></span> 
     </span>
    </p>
   </div>
   <div class='ocr_carea' id='block_1_99' title="bbox 537 5201 2119 5270">
    <p class='ocr_par' dir='ltr' id='par_1_99' title="bbox 537 5201 2119 5270">
     <span class='ocr_line' id='line_1_99' title="bbox 537 5201 2119 5270; baseline 0.003 -13"><span class='ocrx_word' id='word_1_747' title='bbox 537 5204 625 5258; x_wconf 79' lang='lat' dir='ltr'><strong>Ait</strong></span> <span class='ocrx_word' id='word_1_748' title='bbox 657 5202 799 5257; x_wconf 78' lang='lat' dir='ltr'><strong>enim</strong></span> <span class='ocrx_word' id='word_1_749' title='bbox 834 5216 1082 5258; x_wconf 83' lang='lat' dir='ltr'><strong>sessurus</strong></span> <span class='ocrx_word' id='word_1_750' title='bbox 1127 5202 1178 5256; x_wconf 89' lang='lat' dir='ltr'><strong>in</strong></span> <span class='ocrx_word' id='word_1_751' title='bbox 1216 5201 1408 5270; x_wconf 84' lang='lat' dir='ltr'><strong>plateis</strong></span> <span class='ocrx_word' id='word_1_752' title='bbox 1441 5201 1739 5259; x_wconf 83' lang='lat' dir='ltr'><strong>Jerusalem</strong></span> <span class='ocrx_word' id='word_1_753' title='bbox 1791 5208 2033 5263; x_wconf 87' lang='lat' dir='ltr'><strong>seniores</strong></span> <span class='ocrx_word' id='word_1_754' title='bbox 2065 5219 2119 5264; x_wconf 90' lang='lat' dir='ltr'><strong>et</strong></span> 
     </span>
    </p>
   </div>
   <div class='ocr_carea' id='block_1_100' title="bbox 537 5295 2106 5365">
    <p class='ocr_par' dir='ltr' id='par_1_100' title="bbox 537 5295 2106 5365">
     <span class='ocr_line' id='line_1_100' title="bbox 537 5295 2106 5365; baseline 0.003 -16"><span class='ocrx_word' id='word_1_755' title='bbox 537 5310 704 5361; x_wconf 86' lang='lat' dir='ltr'><strong>anus,</strong></span> <span class='ocrx_word' id='word_1_756' title='bbox 744 5295 921 5365; x_wconf 72' lang='lat' dir='ltr'><strong>virgas</strong></span> <span class='ocrx_word' id='word_1_757' title='bbox 963 5296 1160 5364; x_wconf 84' lang='lat' dir='ltr'><strong>quibus</strong></span> <span class='ocrx_word' id='word_1_758' title='bbox 1204 5295 1548 5350; x_wconf 86' lang='lat' dir='ltr'><strong>mediocriter</strong></span> <span class='ocrx_word' id='word_1_759' title='bbox 1587 5298 1909 5352; x_wconf 76' lang='lat' dir='ltr'><strong>imbecillam</strong></span> <span class='ocrx_word' id='word_1_760' title='bbox 1954 5315 2106 5354; x_wconf 88' lang='lat' dir='ltr'><strong>sene-</strong></span> 
     </span>
    </p>
   </div>
   <div class='ocr_carea' id='block_1_101' title="bbox 537 5388 2118 5462">
    <p class='ocr_par' dir='ltr' id='par_1_101' title="bbox 537 5388 2118 5462">
     <span class='ocr_line' id='line_1_101' title="bbox 537 5388 2118 5462; baseline 0.005 -20"><span class='ocrx_word' id='word_1_761' title='bbox 537 5396 737 5442; x_wconf 86' lang='lat' dir='ltr'><strong>ctutem</strong></span> <span class='ocrx_word' id='word_1_762' title='bbox 777 5388 1148 5455; x_wconf 86' lang='lat' dir='ltr'><strong>consolentur,</strong></span> <span class='ocrx_word' id='word_1_763' title='bbox 1208 5399 1263 5444; x_wconf 89' lang='lat' dir='ltr'><strong>et</strong></span> <span class='ocrx_word' id='word_1_764' title='bbox 1315 5389 1564 5444; x_wconf 78' lang='lat' dir='ltr'><strong>baculum</strong></span> <span class='ocrx_word' id='word_1_765' title='bbox 1601 5409 1696 5462; x_wconf 89' lang='lat' dir='ltr'><strong>pro</strong></span> <span class='ocrx_word' id='word_1_766' title='bbox 1733 5396 2118 5450; x_wconf 87' lang='lat' dir='ltr'><strong>manuductore</strong></span> 
     </span>
    </p>
   </div>
   <div class='ocr_carea' id='block_1_102' title="bbox 539 5478 2117 5557">
    <p class='ocr_par' dir='ltr' id='par_1_102' title="bbox 539 5478 2117 5557">
     <span class='ocr_line' id='line_1_102' title="bbox 539 5478 2117 5557; baseline 0.008 -26"><span class='ocrx_word' id='word_1_767' title='bbox 539 5478 823 5533; x_wconf 87' lang='lat' dir='ltr'><strong>hahentcs.</strong></span> <span class='ocrx_word' id='word_1_768' title='bbox 853 5480 982 5546; x_wconf 73' lang='lat' dir='ltr'><strong>Qua:</strong></span> <span class='ocrx_word' id='word_1_769' title='bbox 1017 5497 1101 5534; x_wconf 88' lang='lat' dir='ltr'><strong>res</strong></span> <span class='ocrx_word' id='word_1_770' title='bbox 1135 5483 1372 5536; x_wconf 74' lang='lat' dir='ltr'><strong>laudatio</strong></span> <span class='ocrx_word' id='word_1_771' title='bbox 1401 5495 1483 5539; x_wconf 89' lang='lat' dir='ltr'><strong>est</strong></span> <span class='ocrx_word' id='word_1_772' title='bbox 1517 5497 1838 5556; x_wconf 88' lang='lat' dir='ltr'><strong>temporum,</strong></span> <span class='ocrx_word' id='word_1_773' title='bbox 1867 5498 1922 5541; x_wconf 91' lang='lat' dir='ltr'><strong>et</strong></span> <span class='ocrx_word' id='word_1_774' title='bbox 1951 5489 2117 5557; x_wconf 78' lang='lat' dir='ltr'><strong>longae</strong></span> 
     </span>
    </p>
   </div>
   <div class='ocr_carea' id='block_1_103' title="bbox 535 5571 2116 5647">
    <p class='ocr_par' dir='ltr' id='par_1_103' title="bbox 535 5571 2116 5647">
     <span class='ocr_line' id='line_1_103' title="bbox 535 5571 2116 5647; baseline 0.008 -26"><span class='ocrx_word' id='word_1_775' title='bbox 535 5571 716 5638; x_wconf 81' lang='lat' dir='ltr'><strong>pacis,</strong></span> <span class='ocrx_word' id='word_1_776' title='bbox 747 5573 1092 5634; x_wconf 80' lang='lat' dir='ltr'><strong>perducentis</strong></span> <span class='ocrx_word' id='word_1_777' title='bbox 1128 5577 1192 5628; x_wconf 86' lang='lat' dir='ltr'><strong>ad</strong></span> <span class='ocrx_word' id='word_1_778' title='bbox 1225 5576 1522 5644; x_wconf 76' lang='lat' dir='ltr'><strong>juvutttutis</strong></span> <span class='ocrx_word' id='word_1_779' title='bbox 1559 5595 1729 5634; x_wconf 86' lang='lat' dir='ltr'><strong>annos</strong></span> <span class='ocrx_word' id='word_1_780' title='bbox 1767 5580 2030 5647; x_wconf 77' lang='lat' dir='ltr'><strong>infantes,</strong></span> <span class='ocrx_word' id='word_1_781' title='bbox 2063 5597 2116 5634; x_wconf 85' lang='lat' dir='ltr'><strong>et</strong></span> 
     </span>
    </p>
   </div>
   <div class='ocr_carea' id='block_1_104' title="bbox 606 5771 1648 5841">
    <p class='ocr_par' dir='ltr' id='par_1_104' title="bbox 606 5771 1648 5841">
     <span class='ocr_line' id='line_1_104' title="bbox 606 5771 1648 5841; baseline 0.011 -21"><span class='ocrx_word' id='word_1_782' title='bbox 606 5773 651 5802; x_wconf 69' lang='grc' dir='ltr'>’θ</span> <span class='ocrx_word' id='word_1_783' title='bbox 695 5771 918 5836; x_wconf 69' lang='grc' dir='ltr'>Ριεῑιτριι.</span> <span class='ocrx_word' id='word_1_784' title='bbox 967 5789 1025 5828; x_wconf 81' lang='grc' dir='ltr'>ιι.</span> <span class='ocrx_word' id='word_1_785' title='bbox 1067 5777 1126 5838; x_wconf 74' lang='lat'><strong>9;</strong></span> <span class='ocrx_word' id='word_1_786' title='bbox 1181 5775 1221 5828; x_wconf 87' lang='lat' dir='ltr'><strong>Il</strong></span> <span class='ocrx_word' id='word_1_787' title='bbox 1263 5775 1387 5830; x_wconf 88' lang='lat' dir='ltr'><strong>Cor.</strong></span> <span class='ocrx_word' id='word_1_788' title='bbox 1425 5793 1541 5841; x_wconf 82' lang='lat' dir='ltr'><strong>\‘Hl,</strong></span> <span class='ocrx_word' id='word_1_789' title='bbox 1595 5779 1648 5833; x_wconf 92' lang='lat'><strong>9.</strong></span> 
     </span>
    </p>
   </div>
   <div class='ocr_carea' id='block_1_105' title="bbox 543 5835 1075 5908">
    <p class='ocr_par' dir='ltr' id='par_1_105' title="bbox 543 5835 1075 5908">
     <span class='ocr_line' id='line_1_105' title="bbox 543 5835 1075 5908; baseline -0.002 -9"><span class='ocrx_word' id='word_1_790' title='bbox 543 5835 560 5864; x_wconf 78' lang='grc'>⁸</span> <span class='ocrx_word' id='word_1_791' title='bbox 583 5840 740 5899; x_wconf 65' lang='grc' dir='ltr'>ὄοιιιι.</span> <span class='ocrx_word' id='word_1_792' title='bbox 787 5859 857 5907; x_wconf 53' lang='grc' dir='ltr'><strong>ιι,</strong></span> <span class='ocrx_word' id='word_1_793' title='bbox 889 5845 1075 5908; x_wconf 53' lang='lat'><strong>‘25,“.</strong></span> 
     </span>
    </p>
   </div>
   <div class='ocr_carea' id='block_1_106' title="bbox 1729 5781 2159 5846">
    <p class='ocr_par' dir='ltr' id='par_1_106' title="bbox 1729 5781 2159 5846">
     <span class='ocr_line' id='line_1_106' title="bbox 1729 5781 2159 5846; baseline 0.005 -12"><span class='ocrx_word' id='word_1_794' title='bbox 1729 5781 1908 5836; x_wconf 84' lang='lat' dir='ltr'><strong>&#39;Gcn.</strong></span> <span class='ocrx_word' id='word_1_795' title='bbox 1939 5784 2159 5846; x_wconf 75' lang='lat' dir='ltr'><strong>vnt,‘2l.</strong></span> 
     </span>
    </p>
   </div>
   <div class='ocr_carea' id='block_1_107' title="bbox 2225 4855 3802 4932">
    <p class='ocr_par' dir='ltr' id='par_1_107' title="bbox 2225 4855 3802 4932">
     <span class='ocr_line' id='line_1_107' title="bbox 2225 4855 3802 4932; baseline 0.004 -24"><span class='ocrx_word' id='word_1_796' title='bbox 2225 4855 2386 4908; x_wconf 81' lang='grc' dir='ltr'>ἁπλοῖ</span> <span class='ocrx_word' id='word_1_797' title='bbox 2413 4857 2613 4925; x_wconf 85' lang='grc' dir='ltr'>τρόπον</span> <span class='ocrx_word' id='word_1_798' title='bbox 2636 4857 2758 4910; x_wconf 73' lang='grc' dir='ltr'>τινα</span> <span class='ocrx_word' id='word_1_799' title='bbox 2791 4859 2889 4927; x_wconf 83' lang='grc' dir='ltr'><strong>τὴν</strong></span> <span class='ocrx_word' id='word_1_800' title='bbox 2912 4860 2991 4920; x_wconf 87' lang='grc' dir='ltr'><strong>είς</strong></span> <span class='ocrx_word' id='word_1_801' title='bbox 3019 4860 3199 4928; x_wconf 85' lang='grc' dir='ltr'>γῆρας</span> <span class='ocrx_word' id='word_1_802' title='bbox 3227 4860 3364 4924; x_wconf 80' lang='grc' dir='ltr'>ὁδὸν,</span> <span class='ocrx_word' id='word_1_803' title='bbox 3405 4862 3802 4932; x_wconf 74' lang='grc' dir='ltr'>καταδηοῦντος</span> 
     </span>
    </p>
   </div>
   <div class='ocr_carea' id='block_1_108' title="bbox 2223 4947 3802 5023">
    <p class='ocr_par' dir='ltr' id='par_1_108' title="bbox 2223 4947 3802 5023">
     <span class='ocr_line' id='line_1_108' title="bbox 2223 4947 3802 5023; baseline 0.003 -23"><span class='ocrx_word' id='word_1_804' title='bbox 2223 4947 2456 5011; x_wconf 78' lang='grc' dir='ltr'>οὐδενὸς,</span> <span class='ocrx_word' id='word_1_805' title='bbox 2479 4948 2540 4999; x_wconf 83' lang='grc' dir='ltr'>οὑ</span> <span class='ocrx_word' id='word_1_806' title='bbox 2571 4948 2807 5017; x_wconf 87' lang='grc' dir='ltr'>πολέμου</span> <span class='ocrx_word' id='word_1_807' title='bbox 2841 4949 3239 5018; x_wconf 83' lang='grc' dir='ltr'>συντρίϐοντος,</span> <span class='ocrx_word' id='word_1_808' title='bbox 3266 4951 3326 5002; x_wconf 83' lang='grc' dir='ltr'><strong>οὐ</strong></span> <span class='ocrx_word' id='word_1_809' title='bbox 3347 4952 3677 5023; x_wconf 77' lang='grc' dir='ltr'>δαπανώσης</span> <span class='ocrx_word' id='word_1_810' title='bbox 3711 4953 3802 5023; x_wconf 86' lang='grc' dir='ltr'><strong>μά-</strong></span> 
     </span>
    </p>
   </div>
   <div class='ocr_carea' id='block_1_109' title="bbox 2221 5038 3804 5113">
    <p class='ocr_par' dir='ltr' id='par_1_109' title="bbox 2221 5038 3804 5113">
     <span class='ocr_line' id='line_1_109' title="bbox 2221 5038 3804 5113; baseline 0.005 -24"><span class='ocrx_word' id='word_1_811' title='bbox 2221 5055 2345 5108; x_wconf 86' lang='grc' dir='ltr'>χης.</span> <span class='ocrx_word' id='word_1_812' title='bbox 2397 5039 2798 5107; x_wconf 81' lang='grc' dir='ltr'>Ὑποτοπητέον</span> <span class='ocrx_word' id='word_1_813' title='bbox 2825 5040 2888 5110; x_wconf 85' lang='grc' dir='ltr'><strong>δὴ</strong></span> <span class='ocrx_word' id='word_1_814' title='bbox 2931 5038 3024 5093; x_wconf 71' lang='grc' dir='ltr'>οὖν</span> <span class='ocrx_word' id='word_1_815' title='bbox 3045 5081 3058 5101; x_wconf 95' lang='grc'><strong>,</strong></span> <span class='ocrx_word' id='word_1_816' title='bbox 3096 5041 3190 5094; x_wconf 78' lang='grc' dir='ltr'><strong>καὶ</strong></span> <span class='ocrx_word' id='word_1_817' title='bbox 3216 5041 3360 5112; x_wconf 83' lang='grc' dir='ltr'>μάλα</span> <span class='ocrx_word' id='word_1_818' title='bbox 3420 5043 3615 5113; x_wconf 82' lang='grc' dir='ltr'>ὀρθῶς,</span> <span class='ocrx_word' id='word_1_819' title='bbox 3643 5045 3718 5108; x_wconf 83' lang='grc' dir='ltr'>ὡς</span> <span class='ocrx_word' id='word_1_820' title='bbox 3747 5046 3804 5097; x_wconf 87' lang='grc' dir='ltr'>ὲν</span> 
     </span>
    </p>
   </div>
   <div class='ocr_carea' id='block_1_110' title="bbox 2223 5129 3864 5206">
    <p class='ocr_par' dir='ltr' id='par_1_110' title="bbox 2223 5129 3864 5206">
     <span class='ocr_line' id='line_1_110' title="bbox 2223 5129 3864 5206; baseline 0.006 -24"><span class='ocrx_word' id='word_1_821' title='bbox 2223 5131 2416 5200; x_wconf 71' lang='grc' dir='ltr'>εἰρήνῃ</span> <span class='ocrx_word' id='word_1_822' title='bbox 2444 5129 2542 5192; x_wconf 79' lang='grc' dir='ltr'>τὰς</span> <span class='ocrx_word' id='word_1_823' title='bbox 2570 5130 2772 5193; x_wconf 79' lang='grc' dir='ltr'>πόλεις,</span> <span class='ocrx_word' id='word_1_824' title='bbox 2803 5131 2906 5184; x_wconf 78' lang='grc' dir='ltr'><strong>κᾶν</strong></span> <span class='ocrx_word' id='word_1_825' title='bbox 2927 5133 3134 5203; x_wconf 79' lang='grc' dir='ltr'>εὑρείαί</span> <span class='ocrx_word' id='word_1_826' title='bbox 3183 5151 3242 5185; x_wconf 85' lang='grc' dir='ltr'><strong>τε</strong></span> <span class='ocrx_word' id='word_1_827' title='bbox 3285 5129 3393 5187; x_wconf 73' lang='grc' dir='ltr'>εἷεν</span> <span class='ocrx_word' id='word_1_828' title='bbox 3428 5135 3520 5188; x_wconf 74' lang='grc' dir='ltr'><strong>καὶ</strong></span> <span class='ocrx_word' id='word_1_829' title='bbox 3557 5137 3799 5206; x_wconf 73' lang='grc' dir='ltr'>μακραὶ,</span> <span class='ocrx_word' id='word_1_830' title='bbox 3859 5189 3864 5192; x_wconf 88' lang='grc'>.</span> 
     </span>
    </p>
   </div>
   <div class='ocr_carea' id='block_1_111' title="bbox 2227 5220 3802 5295">
    <p class='ocr_par' dir='ltr' id='par_1_111' title="bbox 2227 5220 3802 5295">
     <span class='ocr_line' id='line_1_111' title="bbox 2227 5220 3802 5295; baseline 0.002 -22"><span class='ocrx_word' id='word_1_831' title='bbox 2227 5220 2420 5282; x_wconf 78' lang='grc' dir='ltr'>στενὰς</span> <span class='ocrx_word' id='word_1_832' title='bbox 2443 5220 2862 5288; x_wconf 83' lang='grc' dir='ltr'>ἀποφαίνεσθαι,</span> <span class='ocrx_word' id='word_1_833' title='bbox 2915 5225 3008 5276; x_wconf 81' lang='grc' dir='ltr'><strong>καὶ</strong></span> <span class='ocrx_word' id='word_1_834' title='bbox 3041 5223 3307 5293; x_wconf 74' lang='grc' dir='ltr'>ἡττῆσθαι</span> <span class='ocrx_word' id='word_1_835' title='bbox 3337 5224 3414 5295; x_wconf 81' lang='grc' dir='ltr'>τῷ</span> <span class='ocrx_word' id='word_1_836' title='bbox 3465 5225 3663 5295; x_wconf 72' lang='grc' dir='ltr'>πλήθει</span> <span class='ocrx_word' id='word_1_837' title='bbox 3696 5227 3802 5278; x_wconf 82' lang='grc' dir='ltr'>τῶν</span> 
     </span>
    </p>
   </div>
   <div class='ocr_carea' id='block_1_112' title="bbox 2224 5312 3801 5390">
    <p class='ocr_par' dir='ltr' id='par_1_112' title="bbox 2224 5312 3801 5390">
     <span class='ocr_line' id='line_1_112' title="bbox 2224 5312 3801 5390; baseline 0.003 -26"><span class='ocrx_word' id='word_1_838' title='bbox 2224 5312 2644 5382; x_wconf 80' lang='grc' dir='ltr'>κατῳκηκότων.</span> <span class='ocrx_word' id='word_1_839' title='bbox 2688 5313 2941 5366; x_wconf 67' lang='grc' dir='ltr'>Τοιοῦτόν</span> <span class='ocrx_word' id='word_1_840' title='bbox 2965 5333 3086 5368; x_wconf 88' lang='grc' dir='ltr'>τινα</span> <span class='ocrx_word' id='word_1_841' title='bbox 3113 5312 3205 5369; x_wconf 76' lang='grc' dir='ltr'><strong>οὖν</strong></span> <span class='ocrx_word' id='word_1_842' title='bbox 3231 5315 3410 5369; x_wconf 82' lang='grc' dir='ltr'>ὠδίνει</span> <span class='ocrx_word' id='word_1_843' title='bbox 3461 5318 3621 5370; x_wconf 83' lang='grc' dir='ltr'>πάλιν</span> <span class='ocrx_word' id='word_1_844' title='bbox 3673 5321 3801 5390; x_wconf 69' lang='grc' dir='ltr'>ημῑι</span> 
     </span>
    </p>
   </div>
   <div class='ocr_carea' id='block_1_113' title="bbox 2221 5403 3805 5477">
    <p class='ocr_par' dir='ltr' id='par_1_113' title="bbox 2221 5403 3805 5477">
     <span class='ocr_line' id='line_1_113' title="bbox 2221 5403 3805 5477; baseline 0.004 -24"><span class='ocrx_word' id='word_1_845' title='bbox 2221 5403 2284 5454; x_wconf 74' lang='grc' dir='ltr'>’τὸ</span> <span class='ocrx_word' id='word_1_846' title='bbox 2318 5404 2696 5472; x_wconf 84' lang='grc' dir='ltr'>προκείμενον.</span> <span class='ocrx_word' id='word_1_847' title='bbox 2726 5404 2868 5475; x_wconf 83' lang='grc' dir='ltr'>Ἔφη</span> <span class='ocrx_word' id='word_1_848' title='bbox 2902 5406 3011 5476; x_wconf 78' lang='grc' dir='ltr'><strong>γὰρ</strong></span> <span class='ocrx_word' id='word_1_849' title='bbox 3051 5407 3132 5458; x_wconf 79' lang='grc' dir='ltr'>ὅτι</span> <span class='ocrx_word' id='word_1_850' title='bbox 3173 5406 3523 5460; x_wconf 77' lang='grc' dir='ltr'>καθεδοῦνται</span> <span class='ocrx_word' id='word_1_851' title='bbox 3563 5408 3805 5477; x_wconf 81' lang='grc' dir='ltr'>πρεσϐύ-</span> 
     </span>
    </p>
   </div>
   <div class='ocr_carea' id='block_1_114' title="bbox 2220 5495 3802 5572">
    <p class='ocr_par' dir='ltr' id='par_1_114' title="bbox 2220 5495 3802 5572">
     <span class='ocr_line' id='line_1_114' title="bbox 2220 5495 3802 5572; baseline 0.006 -26"><span class='ocrx_word' id='word_1_852' title='bbox 2220 5511 2368 5564; x_wconf 80' lang='grc' dir='ltr'>τεροι</span> <span class='ocrx_word' id='word_1_853' title='bbox 2395 5497 2489 5548; x_wconf 76' lang='grc' dir='ltr'><strong>καὶ</strong></span> <span class='ocrx_word' id='word_1_854' title='bbox 2527 5495 2895 5566; x_wconf 79' lang='grc' dir='ltr'>πρεσϐύτεραι</span> <span class='ocrx_word' id='word_1_855' title='bbox 2945 5499 3002 5548; x_wconf 82' lang='grc' dir='ltr'><strong>ὲν</strong></span> <span class='ocrx_word' id='word_1_856' title='bbox 3049 5501 3168 5562; x_wconf 84' lang='grc' dir='ltr'>ταῖς</span> <span class='ocrx_word' id='word_1_857' title='bbox 3204 5498 3487 5564; x_wconf 84' lang='grc' dir='ltr'>πλατείαις</span> <span class='ocrx_word' id='word_1_858' title='bbox 3531 5499 3802 5572; x_wconf 78' lang='grc' dir='ltr'>Ἰερουσα-</span> 
     </span>
    </p>
   </div>
   <div class='ocr_carea' id='block_1_115' title="bbox 2222 5585 3802 5664">
    <p class='ocr_par' dir='ltr' id='par_1_115' title="bbox 2222 5585 3802 5664">
     <span class='ocr_line' id='line_1_115' title="bbox 2222 5585 3802 5664; baseline 0.006 -28"><span class='ocrx_word' id='word_1_859' title='bbox 2222 5585 2352 5656; x_wconf 76' lang='grc' dir='ltr'>λὴμ,</span> <span class='ocrx_word' id='word_1_860' title='bbox 2383 5586 2600 5656; x_wconf 73' lang='grc' dir='ltr'>ῥάϐδοις</span> <span class='ocrx_word' id='word_1_861' title='bbox 2639 5587 2792 5656; x_wconf 88' lang='grc' dir='ltr'>μόλις</span> <span class='ocrx_word' id='word_1_862' title='bbox 2817 5588 2874 5639; x_wconf 74' lang='grc' dir='ltr'>τὸ</span> <span class='ocrx_word' id='word_1_863' title='bbox 2906 5588 2968 5638; x_wconf 82' lang='grc' dir='ltr'>ἐκ</span> <span class='ocrx_word' id='word_1_864' title='bbox 3001 5587 3094 5638; x_wconf 77' lang='grc' dir='ltr'>τοῦ</span> <span class='ocrx_word' id='word_1_865' title='bbox 3136 5591 3323 5660; x_wconf 75' lang='grc' dir='ltr'>γήρως</span> <span class='ocrx_word' id='word_1_866' title='bbox 3347 5591 3539 5644; x_wconf 78' lang='grc' dir='ltr'>ἄναλκι</span> <span class='ocrx_word' id='word_1_867' title='bbox 3569 5593 3802 5664; x_wconf 81' lang='grc' dir='ltr'>μετρίως</span> 
     </span>
    </p>
   </div>
   <div class='ocr_carea' id='block_1_116' title="bbox 2240 5785 2756 5853">
    <p class='ocr_par' dir='ltr' id='par_1_116' title="bbox 2240 5785 2756 5853">
     <span class='ocr_line' id='line_1_116' title="bbox 2240 5785 2756 5853; baseline 0.006 -16"><span class='ocrx_word' id='word_1_868' title='bbox 2240 5788 2258 5817; x_wconf 78' lang='grc'>³</span> <span class='ocrx_word' id='word_1_869' title='bbox 2279 5785 2423 5840; x_wconf 81' lang='lat' dir='ltr'><strong>Psal.</strong></span> <span class='ocrx_word' id='word_1_870' title='bbox 2461 5804 2644 5853; x_wconf 68' lang='lat' dir='ltr'><strong>cxxxt,</strong></span> <span class='ocrx_word' id='word_1_871' title='bbox 2671 5788 2756 5841; x_wconf 70' lang='grc'><strong>14.</strong></span> 
     </span>
    </p>
   </div>
   <div class='ocr_carea' id='block_1_117' title="bbox 2837 5785 3796 5862">
    <p class='ocr_par' dir='ltr' id='par_1_117' title="bbox 2837 5785 3796 5862">
     <span class='ocr_line' id='line_1_117' title="bbox 2837 5785 3796 5862; baseline 0.011 -24"><span class='ocrx_word' id='word_1_872' title='bbox 2837 5789 2854 5818; x_wconf 86' lang='grc'>³</span> <span class='ocrx_word' id='word_1_873' title='bbox 2884 5785 3025 5839; x_wconf 58' lang='grc' dir='ltr'>Ρελι.</span> <span class='ocrx_word' id='word_1_874' title='bbox 3053 5803 3270 5858; x_wconf 72' lang='lat' dir='ltr'><strong>Lxxxu,</strong></span> <span class='ocrx_word' id='word_1_875' title='bbox 3305 5794 3356 5848; x_wconf 76' lang='lat'><strong>5.</strong></span> <span class='ocrx_word' id='word_1_876' title='bbox 3436 5800 3457 5826; x_wconf 73' lang='grc'>⁸</span> <span class='ocrx_word' id='word_1_877' title='bbox 3495 5793 3603 5850; x_wconf 62' lang='grc' dir='ltr'><strong>ιω.</strong></span> <span class='ocrx_word' id='word_1_878' title='bbox 3637 5809 3701 5862; x_wconf 80' lang='grc' dir='ltr'>ιτ,</span> <span class='ocrx_word' id='word_1_879' title='bbox 3743 5793 3796 5849; x_wconf 72' lang='grc'><strong>2.</strong></span> 
     </span>
    </p>
   </div>
  </div>
