4080 6284
318 284 424 338 H3

1133 289 1682 346 COMMEATABIUS
1720 288 1786 344 ΙΝ
1829 289 2234 346 ZACHARIAM
2274 288 2715 344 PROPHETAM.

3483 290 3580 346 Ill

318 401 822 472 παραμυθούμενοι,
853 405 944 457 καὶ
972 404 1273 476 βακτηρίαν
1303 405 1517 476 ἔχοντες
1534 405 1890 476 χειραγωγόν.

2001 405 2270 460 mittentis
2301 405 2366 459 ad
2398 413 2757 468 senectutem,
2790 403 2879 473 qui
2907 403 3018 473 jam
3053 405 3255 458 virilem
3291 411 3466 474 togam
3501 405 3587 457 in-

323 489 585 555 Ἕπαινος
613 493 667 545 δὲ
695 492 753 546 τὸ
781 495 882 563 χρῆ
893 496 968 563 μά
1013 499 1128 549 ἐστι
1185 498 1411 568 καιρῶν,
1440 498 1532 552 καὶ
1561 497 1781 567 βαθείας
1813 498 1893 550 εἱ-

329 581 514 652 ρήνης,
540 581 969 655 ἀνακομιζούσης
1015 588 1112 656 μὲν
1156 589 1242 656 ἐφ’
1268 574 1412 657 ἧὸην
1440 588 1508 642 τὰ
1532 589 1724 658 βρέφη,
1752 604 1894 656 πεμο

326 670 528 742 εούσης
557 671 612 726 δὲ
643 675 733 725 καὶ
765 675 844 736 εἰς
877 679 1051 746 γῆρας
1089 677 1216 740 τοὺς
1265 679 1366 748 ἤδη
1403 677 1687 741 τελοῦντας
1713 680 1770 731 ὲν
1801 679 1893 731 ἀν-

321 763 500 834 δράσι,
567 766 660 818 καὶ
716 766 808 820 τὸν
863 769 963 838 τῆς
1016 769 1161 840 ζωῆς
1208 770 1422 824 ἅπαντα
1469 772 1659 842 χρόνον
1687 770 1894 840 ἀμαχεὶ

326 854 762 928 παραθέ[ο]ντας.
803 859 865 911 Εἰ
891 860 948 912 δὲ
1007 860 1071 932 δὴ
1097 859 1341 931 μέλλοιεν
1371 862 1648 932 ὀρχεῖσθαι
1704 863 1800 933 μὲν
1835 864 1894 914 ὲν

326 946 468 999 ista:
526 949 821 1020 μειράκια,
868 949 1030 1019 κόριά
1064 968 1124 1003 τε
1151 953 1397 1022 χορεύειν
1432 955 1489 1005 ὲν
1525 954 1723 1023 μέσαις
1751 953 1890 1006 πλα-

2003 497 2270 560 duerunt,
2309 505 2360 550 et
2401 511 2559 549 omne
2599 504 2809 564 tempus
2841 496 2967 549 vitae
3009 495 3278 550 immunes
3321 510 3351 549 a
3398 497 3582 549 militia

2005 589 2400 641 transmittunt.
2437 586 2588 653 Quod
2625 587 2669 642 si
2707 587 2872 641 etiam
2907 585 3106 640 saltent
3141 585 3191 638 in
3231 587 3364 639 urbe
3399 586 3582 641 adole-

2001 677 2252 741 scentuli,
2285 679 2580 747 puellaeque
2614 678 2809 732 choros
2843 678 3044 732 ducant
3080 678 3130 730 in
3165 676 3345 730 medio
3378 676 3582 745 platea-

2003 785 2153 831 rum,
2189 769 2478 825 ostcntlere
2517 781 2573 824 et
2615 770 2740 824 hinc
2781 769 3015 823 dilucide
3052 768 3266 831 licebit,
3306 766 3447 819 nulla
3488 783 3582 819 eos

2000 875 2134 912 cura
2177 860 2423 928 graviore
2462 860 2585 930 angi
2628 879 2641 914 :
2687 875 2790 913 nou
2834 861 2978 914 enim
3024 875 3351 928 quemquam
3396 859 3583 912 ludere

2001 961 2337 1021 paterentur,
2373 953 2415 1007 si
2460 954 2694 1007 tristitiae
2733 963 2943 1022 tempus
2976 962 3144 1006 esset.

320 1041 508 1107 τείαις,
540 1043 652 1114 ἔχοι
680 1042 746 1097 ἂν
772 1044 866 1097 καὶ
895 1045 1052 1098 τοῦτο
1075 1047 1219 1116 σαφῆ
1243 1046 1339 1118 τὴν
1361 1045 1635 1112 ἀπόδειξιν
1700 1047 1795 1100 τοῦ
1845 1046 2120 1118 μηδεμίαν
2180 1045 2357 1102 αὐτῶν
2426 1047 2678 1117 φροντίδα
2718 1047 3062 1117 κατηρῆσθαι
3112 1045 3313 1115 πικράν
3332 1061 3345 1075 ·
3382 1045 3444 1097 οὺ
3475 1045 3582 1116 γὰρ

321 1131 383 1185 ἂν
421 1133 714 1204 ἠνέσχοντο
745 1135 1050 1201 παιζόντων
1081 1138 1260 1201 τινῶν,
1319 1141 1368 1190 εἰ
1414 1141 1718 1209 κατηφείας
1761 1136 1829 1210 ἦν
1861 1141 1890 1191 ὁ
1926 1139 2144 1210 καιρός.
3243 1155 3253 1163 ’

387 1223 586 1291 Γέγονε
613 1224 678 1295 δὴ
699 1227 792 1278 καὶ
814 1228 947 1295 ἡμῖν
983 1228 1164 1292 αὐτοῖς
1203 1230 1394 1299 εἰρήνη
1425 1232 1681 1300 Χριστὸς,
1707 1231 1766 1295 ὃς
1804 1232 1897 1285 καὶ

319 1315 498 1367 πάντα
543 1316 842 1387 συντρίψας
902 1318 1158 1387 πόλεμον,
1221 1320 1422 1390 μεστὴν
1461 1323 1704 1392 ἀπέφηνε
1725 1324 1896 1390 ἁγίων

316 1402 415 1473 τὴν
446 1404 792 1476 Ἐκκλησίαν.
822 1407 931 1459 Καὶ
959 1407 1142 1460 πολλοὶ
1176 1408 1277 1478 μὲν
1297 1408 1396 1472 τὰς
1423 1410 1621 1481 φρένας
1650 1413 1706 1464 ὲν
1733 1413 1890 1482 αὐτῇ,

317 1497 505 1568 μυρίοι
526 1515 586 1550 τε
619 1499 733 1552 ὅσοι
773 1499 868 1552 καὶ
897 1499 1196 1571 ἐξαίρετοι,
1225 1495 1307 1563 οἷς
1340 1501 1432 1554 καὶ
1454 1503 1483 1554 ό
1507 1502 1670 1570 σοφὸς
1713 1503 1894 1556 Ἰωάνε

314 1605 411 1657 νης
433 1589 765 1654 ἐπιστέλλει,
792 1590 984 1657 λέγων·
1029 1609 1047 1641 ι
1083 1591 1284 1661 Γράφω
1314 1593 1462 1662 ὑμῖν,
1503 1594 1745 1665 Πατέρες
1765 1633 1781 1660 ,
1809 1595 1892 1647 ὅτι

2075 1232 2278 1286 Factus
2304 1238 2386 1285 est
2415 1230 2579 1300 igitur
2601 1240 2654 1284 et
2685 1232 2840 1286 nobis
2872 1232 3000 1300 ipsis
3026 1247 3131 1301 pas
3157 1230 3464 1295 Christus‘,
3490 1232 3578 1299 qui

2000 1332 2053 1374 et
2085 1334 2245 1376 omne
2273 1321 2470 1376 bellum
2496 1322 2811 1386 contrivit',
2842 1332 2896 1375 et
2928 1321 3220 1377 Ecclesiam
3245 1322 3446 1376 sanctis
3477 1324 3577 1374 itn-

2000 1412 2185 1481 plevit.
2216 1413 2282 1466 Et
2313 1411 2599 1481 prudentia
2635 1412 2849 1480 quidem
2887 1422 3221 1481 praestantes,
3248 1425 3302 1468 et
3333 1413 3488 1468 electi
3527 1413 3578 1465 iu

1998 1520 2064 1560 ea
2117 1503 2540 1560 innumerabiles
2595 1502 2964 1566 inveniuntur,
3017 1504 3213 1572 quibus
3261 1513 3315 1558 et
3365 1505 3580 1573 sapiens

1999 1597 2237 1652 Joannes
2273 1597 2465 1672 scribit
2505 1596 2559 1649 in
2609 1598 2753 1650 hunc
2797 1597 3012 1648 modum
3057 1614 3069 1648 :
3115 1614 3132 1646 ι
3178 1595 3368 1649 Scribe
3405 1597 3576 1658 vobis,

316 1679 591 1746 ἐγνώκατε
637 1682 728 1733 τὸν
763 1682 856 1734 ἀπ’
881 1681 1076 1752 ἀρχῆς.
1109 1701 1128 1733 ι
1163 1683 1357 1747 Παῖδες
1387 1683 1444 1738 δὲ
1480 1683 1670 1756 ῶσπερ
1705 1685 1896 1757 ἄνηϐοι

2004 1698 2206 1755 patres,
2229 1687 2482 1756 quoniam
2507 1685 2836 1755 coguovistis
2857 1700 2980 1740 eum
3004 1686 3091 1755 qui
3121 1687 3187 1740 ab
3212 1685 3364 1739 initio
3386 1697 3466 1739 est
3482 1687 3522 1738 ⁸.
3555 1705 3573 1736 ι

317 1771 408 1824 καὶ
433 1771 593 1841 χόρια
620 1772 794 1843 μικρὰ
825 1771 932 1826 τῶν
970 1773 1098 1844 ἄρτι
1154 1775 1654 1847 πεπιστευκότωνὴ
1684 1793 1895 1847 νηπιω-

318 1860 452 1930 τάτη
486 1860 716 1930 πληθὺς,
754 1862 1040 1932 μονονουχὶ
1068 1864 1181 1926 τοῖς
1227 1867 1620 1934 πνευματικοῖς
1673 1869 1895 1935 σκιρτή-

324 1968 453 2020 μασι
482 1953 580 2023 τὴν
620 1953 780 2020 ἁγίαν
813 1952 984 2016 ὅντως
1016 1954 1500 2008 κατακαλλύνουσα
1535 1957 1709 2019 πόλιν,
1744 1975 1897 2010 τουτ-

323 2043 456 2105 ἐστι,
484 2043 580 2114 τὴν
635 2044 980 2114 Ἐκκλησίαν.
1033 2040 1127 2108 Οἷς
1163 2047 1257 2100 καὶ
1288 2047 1348 2100 τὸ
1384 2047 1564 2108 λέγειν
1603 2049 1896 2120 ἁρμόσειεν

326 2135 409 2187 ἄν·
451 2153 471 2186 ι
508 2135 670 2189 Δεῦτε
698 2135 1150 2208 ἀγαλλιασώμεθα
1178 2137 1257 2210 τῷ
1292 2141 1504 2211 Κυρίῳ,
1537 2141 1893 2212 ἀλαλάξωμεν

324 2225 402 2295 τῷ
449 2225 566 2296 Θεῷ
617 2227 692 2297 τῷ
740 2229 950 2301 Σωτῆρι
1198 2251 1216 2282 ι
1261 2234 1321 2286 Εί
1347 2233 1404 2287 δὲ
1435 2233 1498 2304 δὴ
1527 2233 1769 2303 λέγοιντο
1800 2237 1894 2288 καὶ

323 2317 690 2387 ὲπερείδεσθαι
735 2321 916 2392 ῥάϐδῳ
969 2323 1128 2392 τυχὸν
1189 2325 1238 2378 οἱ
1292 2326 1624 2399 πρεσϐῦται,
1681 2329 1893 2398 νοήσεις

321 2409 400 2460 ὅτι
434 2411 662 2480 μικροὺς
703 2411 798 2464 καὶ
845 2413 1114 2482 μεγάλους
1151 2415 1502 2487 ὑποστηρίζει
1542 2419 1810 2488 Χριστὸς,
1859 2421 1892 2490 ἡ

320 2499 516 2570 ῥάϐδος
551 2503 583 2572 ἡ
617 2501 676 2568 ἐξ
719 2502 916 2558 Ἰεσσαὶ
943 2506 1052 2558 καὶ·
1078 2507 1178 2576 τῆς
1197 2506 1476 2578 δυνάμεως
1503 2509 1890 2582 ὠνομασμένη,

316 2591 384 2661 ἢν
406 2593 471 2645 ὲκ
499 2592 598 2663 τῆς
621 2592 735 2648 ἄνω
762 2594 900 2649 Σιὼν
952 2597 1242 2666 πέπομφεν
1271 2600 1400 2670 ημῖν
1434 2602 1461 2653 ὁ
1487 2601 1618 2666 Θεὸς
1662 2604 1755 2657 καὶ
1783 2605 1893 2657 Πα-

315 2679 439 2752 τὴρ,
497 2681 573 2746 ὡς
621 2685 910 2754 χαίροντας
943 2686 1090 2756 ἡμᾶς
1144 2689 1237 2741 ἐπὶ
1287 2690 1460 2761 τούτῳ
1499 2691 1708 2761 λέγειν’
1767 2712 1785 2744 ι
1828 2695 1892 2748 'H

317 2771 509 2843 ῥάϐδος
543 2790 637 2828 σου
686 2776 778 2829 καὶ
818 2779 850 2846 ἡ
888 2776 1163 2850 βακτηρία
1215 2797 1308 2833 σου
1337 2777 1500 2836 αὗταί
1552 2801 1619 2853 με
1649 2787 1893 2854 παρεκά-

317 2882 498 2920 Αεσαν.
538 2885 558 2918 ι

391 2959 534 3014 Τάδε
565 2961 727 3032 λέγει
756 2964 970 3032 Κύριος
1001 2966 1442 3036 παντοκράτωρ·
1490 2971 1556 3024 Ei
1595 2970 1893 3037 ἀδυνατή-

313 3065 410 3104 σει
437 3049 692 3105 ἐνώπιον
718 3053 836 3107 τῶν
863 3056 1242 3110 καταλοίπων
1271 3057 1375 3111 τοῦ
1401 3059 1554 3112 λαοῦ
1584 3060 1797 3113 τούτου
1825 3062 1895 3114 ἐν

315 3142 443 3208 ταῖς
460 3143 706 3212 ἡμέραις
727 3145 1005 3212 ἐκείναις,
1024 3146 1110 3216 μὴ
1134 3149 1232 3201 καὶ
1261 3149 1518 3202 ἐνώπιόν
1534 3168 1652 3218 μου
1679 3151 1894 3206 ἀδυνα-

313 3235 520 3302 micet;
549 3236 712 3306 λέγει
749 3238 964 3304 Κύριος
986 3237 1427 3306 παντοκράτωρ.

383 3323 516 3378 MA'.
553 3324 637 3378 Τὰ
668 3323 878 3392 μεγάλα
913 3325 1005 3376 καὶ
1065 3325 1348 3396 ὐπερφερῆ
1397 3326 1504 3380 τῶν
1555 3328 1895 3398 πραγμάτων

310 3417 524 3485 δέχεταί
567 3433 684 3480 πως
708 3417 796 3486 ἐφ’
821 3417 1036 3479 ἑαυτοῖς
1077 3417 1138 3470 τὸ
1180 3418 1530 3472 ἀπιστεῖσθαι
1570 3419 1764 3488 φιλεῖν,
1797 3421 1894 3475 καὶ

310 3509 411 3560 ούκ
441 3507 790 3578 ἀθαύμαστον
819 3507 932 3578 ἔχει
959 3508 1059 3578 τὴν
1085 3509 1165 3572 είς
1195 3509 1368 3580 πέρας
1402 3511 1748 3582 διεκδρομήν.
1781 3514 1892 3567 Καὶ

310 3597 444 3666 γοῦν
477 3599 510 3668 ἡ
542 3599 725 3669 Σάρρα
751 3598 976 3669 διαγελᾷ
1028 3600 1126 3665 μὲν
1159 3600 1216 3666 ἐξ
1267 3601 1525 3665 ἀπιστίας
1575 3604 1674 3672 τὴν
1704 3604 1796 3656 ὲπί
1826 3622 1890 3672 γε

310 3691 391 3760 τῷ
421 3691 602 3744 Ἰσαάκ
634 3691 946 3762 ὑπόσχεσιν,
975 3693 1056 3753 εἰς
1086 3693 1259 3763 γῆρας
1308 3693 1510 3764 ὁρῶσα,
1538 3695 1630 3748 καὶ
1656 3699 1766 3759 τοῖς
1790 3697 1891 3765 τῆς

312 3782 729 3854 άνθρωπότητος
761 3786 946 3852 νόμοις
991 3784 1268 3838 ἀντιθεῖσα
1299 3786 1360 3838 τὸ
1402 3786 1702 3856 ἀμήχανον.
1741 3788 1889 3859 Πλὴν

312 3875 564 3928 ὲκτέτοκε
618 3876 747 3946 παρ’
796 3875 1007 3939 ἐλπίδα,
1063 3875 1294 3946 βάσιμον
1329 3877 1466 3946 αὐτῇ
1499 3879 1561 3930 τὸ
1591 3879 1779 3950 χρῆμα
1808 3896 1889 3932 τι-

311 3968 493 4032 θέντος
513 3967 670 4022 Θεοΰ.
701 3964 810 4022 Ἦν
861 3965 953 4022 οὖν
1005 3969 1110 4040 ἄρα
1155 3971 1248 4023 καὶ
1277 3971 1482 4040 σφόδρα
1537 3973 1683 4036 εἰκὸς
1715 3989 1888 4027 κατα-

310 4059 573 4113 δονεῖσθαι
603 4062 724 4124 ταῖς
768 4060 1040 4131 διψυχίαις
1088 4063 1213 4124 τοὺς
1242 4063 1306 4114 ὲκ
1361 4062 1461 4132 τῆς
1511 4064 1888 4134 αἰχμαλωσίας

311 4153 772 4223 λελυτρωμένους,
793 4154 884 4207 καὶ
913 4155 974 4206 οὐ
1000 4155 1208 4225 σφόδρα
1237 4155 1485 4227 θαρρεῖν,
1501 4155 1576 4219 ὡς
1596 4159 1675 4220 εἰς
1700 4158 1888 4210 τοσαύο

309 4259 410 4312 την
455 4242 635 4304 αὐτοῖς
693 4242 993 4312 εὐημερίαν
1036 4242 1296 4312 βαδιεῖται
1328 4243 1399 4296 τά
1431 4244 1753 4314 πράγματα,
1811 4246 1887 4309 ὡς

2004 1777 2156 1832 Velut
2179 1777 2488 1846 impuberes
2507 1784 2686 1828 autem
2713 1775 2864 1842 pueri
2897 1783 2952 1828 et
2988 1775 3177 1844 puellae
3203 1775 3436 1843 parvulae
3456 1787 3580 1829 sunt

1999 1883 2186 1922 recens
2223 1866 2378 1920 iidem
2411 1865 2817 1934 complexurum
2858 1865 3216 1919 inl'antissima
3257 1865 3574 1930 multitudo,

1999 1956 2390 2026 propemodum
2421 1955 2798 2025 spiritualibus
2825 1954 3203 2010 saltationibus
3230 1964 3472 2010 sanctam
3501 1958 3577 2008 ci-

1998 2049 2241 2113 vilalem,
2268 2057 2393 2118 puta
2419 2048 2736 2114 Ecclesiam,
2765 2063 2952 2104 revera
2977 2050 3420 2104 condecorantes.
3445 2048 3577 2115 Qui-

1995 2141 2093 2195 bus
2131 2140 2374 2210 apposite
2411 2141 2558 2196 dicas
2592 2155 2609 2196 :
2651 2158 2670 2192 ι
2709 2138 2918 2205 Venite,
2951 2140 3284 2196 exsultemus
3315 2140 3572 2206 Domino,

1992 2230 2282 2298 jubilemus
2308 2233 2415 2286 Deo
2440 2231 2665 2287 salutari
2693 2240 2880 2288 nostro
2899 2233 2942 2290 ’.
2975 2250 2994 2283 ι
3023 2231 3087 2286 Et
3113 2233 3360 2302 quamvis
3388 2235 3576 2288 dican-

2000 2331 2085 2375 tur
2113 2335 2270 2377 senes
2306 2322 2444 2377 forte
2477 2323 2672 2378 baculo
2705 2337 2764 2378 se
2796 2332 3134 2388 sustentare,
3171 2324 3412 2394 intellige
3446 2339 3572 2393 par-

1997 2428 2090 2468 vos
2115 2423 2170 2468 et
2194 2429 2420 2483 magnos
2448 2430 2478 2468 a
2529 2414 2748 2470 Christo
2786 2423 3148 2470 sustentatmn
3184 2415 3273 2481 iri,
3304 2415 3393 2484 qui
3423 2417 3573 2486 virga

1993 2505 2146 2562 Jesse
2181 2507 2224 2539 ¹⁹
2258 2515 2313 2562 et
2347 2508 2562 2564 virtutis
2609 2509 2650 2540 “
2687 2517 2772 2563 est
2807 2509 3114 2590 nominatus
3137 2551 3151 2576 ,
3188 2523 3345 2579 quam
3379 2523 3447 2562 es
3482 2525 3575 2562 su-

1995 2611 2158 2667 perna
2206 2599 2333 2654 Sion
2376 2598 2534 2654 nobis
2570 2599 2750 2656 emisit
2787 2598 2928 2654 Deus
2969 2609 3023 2654 et
3051 2599 3228 2663 Pater,
3270 2607 3332 2653 ut
3373 2599 3575 2654 idcirco

1993 2689 2288 2756 gaudentes
2323 2689 2567 2745 dicamus
2603 2709 2616 2746 :
2662 2708 2681 2742 ι
2721 2688 2884 2760 Virga
2930 2701 3016 2744 tua
3089 2699 3144 2744 et
3187 2689 3408 2744 baculus
3454 2699 3574 2743 tuus

1996 2781 2106 2848 ipsa
2141 2795 2225 2836 me
2254 2782 2524 2836 consolata
2559 2793 2683 2837 sunt
2708 2784 2771 2837 “.
2814 2803 2831 2833 ι

2066 2959 2225 3030 717
2264 2957 2423 3013 VERS-
2463 2959 2515 3016 6.
2558 2958 2684 3013 "we
2719 2959 2844 3012 dicit
2905 2958 3160 3011 Dominus
3196 2959 3518 3026 omnipotens
3554 2975 3571 3011 .-

1997 3049 2053 3104 Si
2096 3051 2412 3116 impossibile
2450 3051 2548 3102 erit
2593 3064 2773 3102 coram
2818 3047 3053 3114 reliquiis
3095 3046 3276 3114 populi
3317 3047 3476 3114 hujus
3520 3048 3575 3100 in

1996 3143 2177 3196 diebus
2210 3142 2348 3206 illis,
2385 3139 2635 3209 numquid
2672 3149 2718 3191 et
2754 3154 2931 3191 coram
2973 3154 3053 3192 mc
3089 3137 3410 3206 impossibile
3442 3139 3576 3193 erit?

1998 3233 2125 3286 dicit
2159 3231 2419 3286 Dominus
2453 3231 2797 3297 omnipotens.

2065 3321 2198 3376 XLI.
2235 3321 2343 3377 Res
2369 3335 2574 3392 magna:
2599 3328 2658 3375 et
2683 3319 2985 3377 emi-nentes
3033 3333 3200 3390 prope
3227 3319 3575 3376 incredibiles

1995 3415 2160 3470 videri
2197 3415 2400 3483 solent,
2433 3429 2533 3468 nec
2565 3413 2682 3469 sine
2715 3413 3075 3469 admiratione
3111 3414 3178 3468 ad
3219 3414 3378 3469 linem
3413 3429 3571 3469 suum

1992 3508 2305 3563 decurrunt.
2340 3505 2521 3573 Quare
2559 3504 2693 3560 Sara
2731 3515 2788 3560 ut
2824 3505 3097 3560 incredula
3133 3505 3271 3559 ridet
3306 3504 3571 3574 promissa

1992 3599 2058 3653 de
2087 3597 2439 3666 concipiendo
2467 3594 2640 3663 isaar,
2673 3605 3006 3652 senectutem
3038 3597 3360 3665 respiciens,
3393 3607 3442 3649 et
3477 3598 3573 3650 hu-

1994 3704 2165 3744 mana:
2199 3698 2405 3743 naturae
2437 3687 2644 3759 legibus
2678 3688 3169 3757 impossibilitatem
3205 3701 3481 3755 opponens
3503 3689 3543 3720 “
3565 3728 3578 3742 .

1993 3780 2376 3835 Verumtamen
2409 3780 2617 3850 peperit
2647 3789 2842 3846 praeter
2868 3792 3040 3847 spem,
3067 3793 3188 3832 cum
3223 3779 3271 3832 ei
3308 3780 3447 3834 Deus
3477 3792 3572 3833 ne-

1989 3878 2190 3948 gotiqu
2251 3877 2561 3945 expeditum
2620 3885 2674 3929 et
2736 3875 2890 3944 quasi
2938 3873 3172 3928 meabile
3225 3873 3566 3928 reddidisset.

1992 3972 2119 4026 Erat
2161 3971 2325 4041 igitur
2361 3972 2710 4026 vehementer
2745 3967 3097 4030 conveniens,
3141 3966 3455 4036 captivitate
3501 3965 3568 4018 li-

1993 4068 2208 4120 beratos
2235 4062 2458 4134 ancipiti
2486 4061 2812 4132 cogitatione
2837 4059 3082 4120 distrahi,
3115 4071 3212 4111 nec
3237 4057 3308 4110 ita
3343 4056 3568 4109 multum

1990 4156 2290 4222 conlidere,
2341 4169 2428 4211 res
2462 4155 2701 4224 ipsorum
2738 4151 2870 4206 adeo
2903 4150 3086 4204 felices
3117 4164 3181 4202 ac
3213 4147 3398 4202 beatas
3431 4147 3567 4212 lore,

1993 4261 2050 4304 ut
2076 4248 2374 4318 repleretur
2395 4244 2691 4300 Jerusalem
2720 4243 2973 4308 senibus,
2998 4251 3055 4297 et
3085 4241 3233 4294 chori
3278 4253 3568 4308 puerorqu

307 4333 609 4404 ἀνάμεστον
637 4334 732 4402 μὲν
760 4333 1011 4400 γενέσθαι
1051 4333 1147 4404 τὴν
1199 4334 1552 4406 Ἰερουσαλὴμ
1579 4336 1685 4389 τῶν
1725 4353 1888 4407 γεγη-

1994 4339 2399 4409 puellarumque
2429 4335 2745 4392 saltationes
2776 4333 2828 4389 in
2861 4347 2924 4388 ea
2954 4337 3329 4395 cernerentur,
3359 4339 3416 4384 et
3446 4328 3567 4384 diua-

308 4426 579 4495 ρακότων,
611 4424 706 4476 καὶ
733 4425 950 4476 πάντων
994 4424 1223 4494 ὁρᾶσθαι
1267 4428 1460 4496 χοροὺς
1501 4429 1558 4477 ὲν
1601 4428 1739 4496 αὐτῇ
1788 4429 1884 4480 καὶ

304 4517 584 4587 κορασίων
625 4515 937 4584 ὀρχήματα,
1007 4515 1099 4568 καὶ
1149 4517 1218 4569 τὰ
1272 4519 1336 4570 ὲκ
1394 4518 1614 4586 βαθείας
1663 4520 1886 4588 εἰρήνης

306 4609 572 4678 ὑπάρξειν
599 4607 800 4675 ἀγαθά.
854 4606 1207 4662 Κατεθεῶντο
1248 4608 1357 4679 γὰρ
1401 4609 1556 4679 τείχη
1588 4611 1888 4681 κατερριμ-

307 4700 467 4769 μένα,
500 4697 676 4762 οίκίας
701 4699 1189 4770 ἐμπεπρησμένας,
1237 4700 1456 4762 ἁπάσας
1488 4700 1544 4752 δὲ
1573 4699 1667 4764 τὰς
1703 4703 1760 4754 ὲν
1783 4701 1882 4755 κύ-

303 4799 419 4870 κλῳ
449 4797 632 4860 πόλεις
662 4797 868 4867 θηρίων
919 4797 1124 4868 ἀγρίων
1157 4798 1569 4868 ὲνδιαιτήματα,
1596 4799 1682 4854 διά
1715 4817 1795 4854 τοι
1824 4803 1885 4855 τὸ

304 4887 641 4942 κεκενῶσθαι
667 4887 947 4950 παντελῶς
974 4886 1082 4941 τῶν
1121 4889 1522 4943 κατοικούντων
1552 4891 1740 4958 αὐτὰς,
1785 4893 1882 4946 καὶ

303 4981 507 5050 ἀγροὺς
543 4980 644 5050 μὲν
673 4979 803 5042 τοὺς
846 4979 1012 5034 πάλαι
1067 4981 1391 5052 παμφόρους
1432 4999 1491 5036 τε
1515 4984 1608 5037 καὶ
1633 4985 1879 5048 εὐανθεῖς

303 5072 555 5127 ἀκανθῶν
584 5072 851 5142 ὑπάρχειν
881 5073 1132 5141 μεστοὺς,
1153 5073 1304 5126 οὐδὲν
1338 5074 1560 5144 ἔχοντας
1581 5075 1690 5129 τῶν
1741 5077 1876 5149 ὡρί-

307 5180 444 5232 μων,
481 5161 731 5225 διολωλὸς
770 5162 827 5214 δὲ
856 5163 935 5225 είς
964 5162 1107 5216 ἅπαν
1138 5162 1246 5216 τῶν
1294 5166 1566 5236 ἀγροίκων
1593 5168 1656 5220 τὸ
1695 5167 1871 5236 γένος.

303 5251 411 5308 Ἢν
441 5250 532 5307 οὖν
565 5252 836 5316 ἐντεῦθεν,
862 5253 938 5316 ὼς
983 5252 1140 5323 ἔφην,
1199 5254 1444 5309 άπιστεῖν
1483 5257 1647 5321 είκδς,
1701 5257 1774 5319 ὡς
1798 5260 1876 5320 είς

307 5345 475 5413 πέρας
499 5345 680 5408 αὐτοῖς
700 5344 991 5415 ἐκϐήσεται
1028 5345 1098 5398 τὰ
1143 5349 1546 5418 ἐπηγγελμένα.
1577 5349 1763 5422 Ταύτῃ
1796 5367 1875 5401 τοι

304 5434 433 5496 Θεὸς
461 5434 702 5505 διψυχεῖν
737 5437 837 5490 οὐκ
863 5437 947 5506 ὲᾷ·
979 5435 1199 5508 θαρσεῖν
1219 5438 1274 5492 δὲ
1297 5439 1542 5505 κελεύει,
1576 5443 1670 5493 καὶ
1703 5443 1874 5509 ἐμπε-

373 5613 392 5643 °
425 5615 623 5680 Ephes.
667 5632 727 5678 ιι,
772 5617 856 5670 Η.

306 5683 358 5740 Ξ.
437 5686 476 5717 ⁸³
518 5685 658 5741 I’sal.
707 5702 838 5751 sx”,
867 5689 917 5743 4.

937 5621 953 5648 ⁷
993 5619 1148 5681 Osee.
1208 5638 1264 5682 ιι,
1312 5621 1396 5678 18.

999 5691 1041 5720 ¹³
1073 5692 1206 5745 Gen.
1238 5707 1390 5755 xvnt,
1431 5693 1511 5744 ll).

1476 5623 1494 5647 ⁸
1547 5621 1560 5673 1
1603 5625 1755 5680 .ioan.
1793 5621 1965 5684 11,15.

1997 4442 2164 4485 turum
2194 4430 2342 4499 pacis
2371 4427 2650 4483 commoda
2683 4426 3028 4481 exsisterent.
3054 4422 3570 4492 Contemplahantur

1996 4523 2138 4577 enim
2172 4535 2354 4575 muros
2386 4519 2619 4585 excisos,
2653 4518 2844 4572 domus
2871 4523 3266 4576 concrematas,
3299 4523 3353 4567 et.
3380 4528 3569 4568 clunes

1996 4618 2155 4672 urbes
2182 4615 2531 4672 circumcirca
2564 4612 2800 4667 ferarum
2833 4608 3147 4663 immanium
3177 4606 3396 4668 cubilia,
3424 4607 3565 4673 quod

1993 4709 2184 4762 incolis
2222 4707 2446 4762 omnino
2485 4705 2712 4758 viduatae
2753 4709 2967 4765 essent,
3007 4711 3062 4755 et
3099 4715 3258 4768 agros
3297 4699 3563 4765 quondam

1990 4800 2350 4855 fertilissimos
2397 4807 2454 4852 et
2500 4795 2914 4851 ﬂorentissimos
2968 4793 3241 4861 spinarum
3300 4787 3562 4847 refertos,

1989 4890 2118 4944 nihil
2156 4889 2417 4945 habentes
2453 4894 2722 4940 utaturqu
2745 4924 2758 4945 ,
2793 4892 2849 4937 et
2886 4881 3178 4952 agrestium
3213 4893 3305 4933 seu
3339 4876 3566 4930 rustico-

1988 4997 2101 5036 rum
2132 4997 2298 5051 genus
2329 4980 2562 5035 deletum
2596 4975 2828 5046 penitus.
2861 4973 2998 5027 Hinc
3026 4973 3212 5040 igitur,
3245 4979 3303 5021 ut
3334 4966 3464 5030 dixi,
3497 4967 3565 5021 de

1985 5073 2265 5142 promissis
2295 5072 2359 5124 ad
2392 5087 2504 5126 rem
2538 5071 2708 5140 ipsam
2744 5065 3086 5120 conferendis
3119 5061 3390 5130 ambigere
3419 5057 3562 5111 haud

1984 5165 2274 5217 absurdum
2317 5173 2455 5216 erat.
2494 5161 2645 5228 Quod
2691 5158 2830 5211 Deus
2905 5171 3008 5209 non
3055 5155 3214 5212 sinit,
3259 5152 3351 5204 sed
3395 5149 3563 5204 conﬂ-

1987 5255 2221 5308 dendum
2250 5256 2516 5320 hortatur,
2543 5263 2598 5308 et
2621 5253 2904 5308 conﬁrmat
2930 5263 3022 5302 eos
3051 5248 3192 5299 hunc
3218 5244 3274 5295 in
3302 5242 3514 5295 modum
3544 5256 3558 5294 :

1989 5368 2007 5400 ι
2047 5348 2099 5403 Si
2134 5347 2460 5417 impossibile
2487 5349 2591 5400 erit
2619 5359 2801 5399 coram
2834 5339 3072 5409 reliquiis
3104 5336 3280 5407 populi
3312 5335 3465 5400 huius
3498 5334 3550 5386 in

1984 5442 2173 5493 diebus
2199 5440 2324 5501 illis,
2351 5437 2604 5506 utunquid
2629 5444 2680 5488 et
2703 5447 2885 5488 coram
2912 5446 2995 5484 me
3020 5427 3348 5500 impossibile
3367 5424 3506 5479 erit?
3535 5443 3554 5473 ι

3200 5606 3234 5634 ¹¹
3267 5601 3405 5654 l‘sal.
3447 5612 3552 5665 an,

2051 5624 2066 5649 "
2115 5621 2252 5674 Psal.
2299 5634 2436 5678 κων,
2479 5617 2523 5681 l,
2553 5617 2603 5668 9..
2717 5615 2759 5644 ‘°
2793 5615 2894 5668 lsa.
2940 5625 3015 5675 xl,
3057 5610 3102 5661 l.
