4080 6284
1551 330 1609 389 8.
1650 332 1926 389 CYRILLI
1966 333 2433 391 ALEXANDRINI
2474 330 2786 388 ARClllEP.

3686 330 3790 384 “6

519 447 672 513 Quod
699 448 844 502 enim
870 448 1019 503 vobis
1046 459 1125 502 est
1153 449 1501 516 impossibile,
1530 450 1640 506 Deo
1669 467 1723 504 ιιι
1749 453 2078 522 οιιιιιὶμοιριιι

2208 453 2307 516 δοῖ,
2341 452 2570 520 λέγων’(
2607 451 2668 504 Εἰ
2697 450 3018 518 ἀδυνατήσει
3043 445 3270 500 ἐνώπιον
3298 444 3407 498 τῶν
3435 442 3788 497 καταλοξπων

518 548 601 593 est
640 540 782 594 factu
824 540 1001 594 facile.
1035 543 1158 610 ,lpsc
1199 546 1339 598 enim
1385 554 1465 597 est
1509 544 1763 599 Dominus
1803 546 2093 605 virtutum,

521 628 792 684 mluntate
831 631 1066 687 eﬂicii-ns
1125 651 1242 702 quze
1282 646 1488 689 natura]?
1531 651 1698 690 metas
1743 638 1896 707 longe
1939 654 2097 692 exce-

519 721 680 783 dunt,
713 731 769 776 et
802 724 934 777 citra
971 740 1177 778 moram
1219 727 1412 794 placita
1448 744 1542 780 sua
1577 731 1638 779 ad
1673 730 1873 782 exitum
1911 744 2097 796 perve-

519 811 616 864 hit.
661 812 752 866 Ait
800 828 959 878 porro
1005 816 1199 869 alicubi
1246 817 1446 872 Jlltl‘l’is
1496 821 1634 874 Dens
1681 830 1732 874 et
1783 819 1960 884 Pater,
2010 835 2096 875 res

520 901 808 968 praeclaras
830 919 892 957 ex
917 905 1147 958 adventu
1179 905 1473 960 Salvatoris
1501 908 1670 960 nostri
1697 908 1934 960 orituras
1961 922 2094 972 prte-

519 991 775 1046 mmtians
809 1012 822 1046 :
863 1012 880 1044 ι
916 992 1124 1061 Videte,
1154 1007 1576 1065 contemptores,
1605 1006 1658 1052 et
1693 999 2010 1063 resipiscitc,
2041 1007 2096 1051 ct

517 1083 882 1150 admiramini,
929 1088 1053 1154 quia
1079 1104 1214 1157 opus
1240 1105 1339 1159 ego
1363 1105 1554 1158 operor
1579 1091 1630 1142 in
1658 1090 1851 1142 diebus
1879 1091 2090 1152 vestris,

519 1175 660 1240 quod
687 1191 788 1228 non
813 1181 1074 1242 credetis,
1101 1182 1141 1233 si
1169 1181 1288 1248 quis
1313 1181 1609 1234 narraverit
1635 1181 1782 1233 vobis
1803 1183 1863 1234 “.
1891 1200 1908 1231 ι
1942 1181 2092 1245 Quod

517 1265 663 1318 enim
698 1268 765 1320 ad
802 1284 1106 1324 sermonem
1148 1281 1390 1324 nostrum
1425 1273 1638 1334 attinet,
1669 1285 1885 1324 omnem
1925 1272 2089 1324 admi-

520 1360 785 1414 rationem
852 1377 1264 1429 sertnonetmlue
1325 1363 1716 1416 incarnationis
1778 1364 2092 1434 mysterium

518 1464 743 1521 superat
784 1471 796 1506 :
843 1455 1094 1516 similiter
1126 1457 1249 1508 inde
1285 1456 1350 1508 ad
1388 1471 1486 1511 nos
1530 1456 1772 1523 profecta
1809 1456 2088 1509 beneﬁcia.

518 1545 796 1609 Quomodo
817 1548 960 1600 enim
991 1564 1092 1600 non
1121 1550 1222 1602 lide
1248 1548 1632 1616 propemodum
1659 1555 1837 1610 caret,
1859 1546 2090 1600 Verbum

514 1646 581 1687 ex
627 1632 736 1688 Deo
779 1644 960 1689 uatum
1005 1639 1211 1688 tmitnm
1257 1652 1377 1691 esse
1419 1637 1655 1706 corpori,
1695 1647 1748 1691 et
1791 1636 2092 1704 suscepisse

512 1723 740 1778 formam
767 1729 908 1781 servi
936 1729 1000 1792 ιδ,
1029 1738 1082 1782 et
1109 1727 1436 1782 sustinuisse
1463 1744 1682 1782 crucem
1709 1729 1774 1790 ⁸⁸,
1809 1738 2091 1781 contume-

2197 544 2292 598 τοῦ
2321 543 2449 596 λαοῦ
2497 543 2696 603 ξτούτου
2753 542 2813 593 ὲν
2867 541 2986 603 ταῖς
3014 541 3246 610 ἡμέραις
3278 536 3535 598 ἐκείναις,
3583 533 3659 603 μὴ
3689 534 3786 586 καὶ

2197 635 2430 689 ἐνώπιόν
2497 651 2598 704 μου
2665 633 3028 702 ἀδυνατήσει;
3085 651 3102 682 ι
3163 632 3228 682 "0
3286 629 3397 699 γάρ
3446 629 3599 680 ἐστιν
3648 627 3786 694 ἡμῖν

2198 725 2498 793 ἀμήχανον,
2531 721 2939 792 εὐκατόρθωτον
2976 719 3177 790 δηλαδὴ
3205 718 3284 788 τῷ
3331 718 3511 770 πάντα
3543 715 3783 785 ἰσχύοντι

2197 817 2335 886 Θεῷ.
2371 818 2526 868 Ἐστι
2564 814 2672 884 γὰρ
2699 813 2860 874 αὐτὸς
2883 813 2910 862 6
2934 811 3044 863 τῶν
3067 810 3346 879 δυνάμεων
3373 807 3595 877 Κύριος,
3633 805 3786 875 θελή-

2198 923 2280 958 σει
2312 904 2532 975 πληρῶν
2581 904 2674 956 καὶ
2731 904 2799 955 τά
2845 902 2962 953 λίαν
3028 899 3304 968 ὑπερφυῆ,
3358 898 3450 950 καὶ
3479 899 3558 959 εἰς
3607 899 3782 968 πέρας

2196 995 2342 1062 ἄγων
2366 993 2631 1064 ἀμελλητὶ
2671 992 2731 1044 τὺ
2774 991 2985 1044 δοκοῦν.
3034 991 3178 1058 Ἔφη
3235 988 3291 1040 δέ
3343 1003 3446 1039 πο)
3477 987 3613 1055 πρὸς
3651 988 3782 1040 Ίου·

2195 1085 2374 1147 δαίους
2405 1086 2433 1136 6
2465 1085 2596 1146 Θεὸς
2646 1084 2740 1136 καὶ
2790 1080 3000 1151 Πατὴρ.
3034 1081 3102 1132 τά
3132 1082 3195 1132 ἐκ
3252 1080 3349 1146 τῆς
3378 1078 3471 1130 τοῦ
3526 1078 3779 1148 Σωτῆρος

2197 1177 2350 1246 ἡμῶν
2385 1175 2679 1244 ἐπιδημίας
2701 1173 3105 1244 προαναφωνῶν
3147 1169 3579 1241 κατορθώματα·
3643 1191 3657 1220 ι
3691 1170 3780 1222 Εἴ-

2194 1268 2332 1329 δετε,
2358 1269 2406 1319 οἱ
2434 1266 2864 1336 καταφρονηταὶ,
2899 1267 2991 1316 καὶ
3022 1263 3351 1329 ἐπιϐλέψατε
3373 1301 3388 1322 ,
3446 1265 3538 1314 καὶ
3567 1262 3781 1331 Θαυμάο

2197 1376 2346 1419 σατε,
2364 1359 2444 1410 ὅτι
2471 1358 2632 1427 ἔργον
2662 1356 2772 1422 ἐγὼ
2795 1357 3094 1426 ἐργάζομαι
3120 1357 3176 1407 ἐν
3202 1358 3320 1416 ταῖς
3345 1355 3576 1423 ἡμέραις
3598 1353 3773 1421 ὑμῶν,

2193 1449 2221 1504 ὃ
2253 1451 2313 1500 οὐ
2367 1449 2441 1518 μὴ
2499 1448 2862 1518 πιστεύσητε,
2928 1447 3024 1500 ἐάν
3083 1464 3167 1508 τις
3201 1446 3518 1515 ἐκδιηγῆται
3570 1446 3720 1512 ὑμῖν.
3753 1464 3770 1496 ι

2197 1538 2360 1591 Ὅσον
2388 1539 2484 1606 μὲν
2513 1538 2621 1608 γάρ
2650 1539 2775 1608 ἥκει
2830 1541 2909 1601 εἰς
2957 1537 3149 1604 λόγους
3179 1537 3305 1597 τοὺς
3355 1537 3412 1587 ὲν
3452 1537 3606 1605 ἡμῖν,
3635 1536 3775 1604 ὑπὲρ

2195 1628 2377 1698 θαῦμα
2425 1629 2521 1684 καὶ
2562 1628 2716 1696 λόγον
2755 1629 2848 1681 καὶ
2885 1627 3015 1680 αὐτὸ
3054 1628 3114 1680 τὸ
3161 1627 3260 1694 τῆς
3313 1625 3778 1694 ἐνανοριιιπήσεως

2198 1721 2534 1790 μυστήριονο
2595 1719 2744 1772 οὐδὲν
2779 1719 2835 1773 δὲ
2868 1714 3030 1789 ἧττον
3079 1718 3172 1771 καὶ
3219 1717 3289 1769 τὰ
3345 1715 3594 1769 ἐντεῦθεν
3644 1719 3777 1785 ἡμῖν

512 1818 720 1886 liasque
755 1828 807 1873 et
837 1819 1061 1874 verbera
1082 1859 1098 1884 ,
1127 1831 1181 1872 et
1226 1834 1421 1873 vesana
1464 1818 1770 1872 indecorum
1801 1817 2087 1887 opprobria

2195 1809 2538 1879 ἐκϐεϐηκότα
2583 1809 3005 1879 κατορθώματα.
3059 1807 3182 1870 Πῶς
3220 1807 3330 1875 γὰρ
3373 1807 3473 1859 οὐκ
3519 1805 3777 1868 ἀπιστίας

511 1911 836 1974 pertulisse?
871 1909 974 1962 Aut
1009 1911 1280 1978 quomodo
1313 1909 1436 1978 quis
1473 1924 1578 1962 non
1615 1923 1956 1977 summopere
1991 1909 2090 1962 ad-

515 1998 743 2050 miretur
781 1998 946 2068 718
983 1999 1299 2053 (nconomite
1338 1999 1580 2062 exitum,
1621 1999 1834 2066 quando
1877 2001 2088 2052 destru-

510 2098 657 2141 ctum
685 2097 767 2142 est
794 2098 1104 2157 peccatum,
1135 2091 1408 2144 destructa
1440 2105 1615 2152 mors,
1651 2089 1932 2159 proﬂigata
1964 2104 2086 2144 cor-

510 2181 723 2248 ruptio,
762 2192 816 2235 et
857 2180 1019 2236 homo
1072 2182 1198 2236 olim
1257 2181 1516 2250 fugitivus
1571 2183 1742 2250 gratia
1786 2181 2089 2249 adOptionis

512 2274 746 2327 liliorum
784 2275 1038 2344 deinceps
1079 2275 1379 2329 illustratus
1414 2273 1690 2328 cernitur?
1727 2275 1911 2342 Itaque
1945 2275 2089 2328 dicat

506 2361 760 2419 Christus
804 2375 1023 2434 propter
1063 2366 1178 2421 lure
1219 2365 1328 2434 ipsa
1373 2382 1386 2418 :
1439 2383 1458 2416 ι
1507 2363 1562 2418 Si
1607 2365 1940 2429 impossibile
1984 2365 2090 2420 erit

507 2469 694 2513 coram
723 2457 963 2526 reliquiis
991 2457 1169 2526 populi
1199 2456 1356 2524 hujus
1384 2456 1437 2510 in
1463 2456 1652 2511 diebus
1682 2458 1806 2522 illis,
1831 2458 2091 2525 numquid

507 2554 563 2598 et
607 2562 789 2600 coram
833 2563 917 2602 me
964 2547 1293 2614 impossibile
1341 2546 1480 2602 erit?
1526 2566 1544 2598 ι
1593 2545 1784 2602 Omnia
1827 2547 1972 2601 enim
2018 2547 2088 2600 illi

509 2636 644 2692 levia
680 2648 735 2693 et
769 2639 927 2708 plana
963 2647 1090 2694 sunt
1125 2658 1137 2692 :
1174 2648 1228 2693 et
1261 2637 1456 2695 volenti
1515 2637 1791 2708 quidpiam
1827 2637 2088 2692 eximium

508 2728 708 2793 facere,
741 2731 896 2794 nihil,
927 2731 1133 2800 opinor,
1169 2732 1466 2784 obnitetur.

2195 1902 2362 1968 ὲγγυς
2403 1899 2493 1953 τὸν
2541 1903 2606 1954 ἐκ
2635 1901 2770 1952 Θεοῦ
2833 1901 3008 1968 φύντα
3051 1901 3222 1968 Λόγον
3278 1899 3544 1968 ὲνωθῆναι
3588 1898 3773 1967 σαρκὶ,

2196 1995 2290 2046 καὶ
2322 1996 2378 2045 ὲν
2398 1997 2464 2063 τῇ
2496 1993 2589 2046 τοῦ
2613 1992 2798 2046 δούλου
2825 1992 3077 2060 γενέσθαι
3127 1995 3330 2062 μορφῇ,
3365 1991 3462 2044 καῖ
3479 1992 3774 2060 ὑπομεῖναι

2197 2086 2448 2155 σταυρὸν,
2482 2085 2669 2156 ὕϐρεις
2695 2101 2750 2137 τε
2776 2085 2872 2136 καὶ
2899 2085 3082 2146 αἰκίας
3113 2085 3458 2151 ὑπενεγκεῖν,
3521 2082 3616 2134 και⁸
3677 2080 3776 2149 τῆς

2207 2178 2474 2231 Ἰουδαίων
2531 2177 2857 2248 ἀϐελτηρίας
2893 2177 2994 2239 τὰς
3041 2176 3366 2247 παροινίαςς
3409 2175 3478 2228 Ἦ
3529 2172 3646 2235 πῶς
3677 2172 3777 2224 οὐκ

2193 2271 2258 2324 ἄν
2285 2288 2371 2334 τις
2398 2272 2808 2341 ὑπεραγάσαιτο
2847 2271 2946 2340 τῆς
2998 2269 3310 2338 οἰκονομίας
3365 2268 3463 2338 τὴν
3515 2265 3772 2328 ἑκϐασιν,

2194 2363 2327 2416 ὅπου
2359 2362 2670 2433 καθῄρηται
2723 2362 2820 2431 μὲν
2919 2361 3160 2430 ἁμαρτία
3180 2399 3194 2422 ,
3225 2360 3570 2427 κατήργηται
3598 2354 3654 2408 δὲ
3681 2354 3775 2407 καὶ

2193 2456 2222 2508 6
2246 2455 2495 2521 Θάνατος,
2530 2456 2625 2509 καὶ
2666 2453 3003 2524 ἀπελήλαται
3036 2451 3231 2522 φθορὰ,
3266 2452 3360 2503 καὶ
3384 2451 3412 2502 6
3445 2449 3612 2502 πάλαι
3637 2448 3771 2516 δρα-

2192 2549 2364 2618 πέτης
2399 2547 2685 2618 άνῦρωπος
2717 2549 2784 2617 τῇ
2817 2546 2916 2616 τῆς
2940 2544 3213 2606 υἱοθεσίας
3248 2544 3435 2614 χάριτι
3481 2541 3776 2610 κατηγλαῖ-

2194 2642 2389 2712 σμένος
2431 2640 2622 2711 ὁρᾶται
2672 2639 2896 2704 λοιπόν;
2933 2638 3142 2691 Οὐκοῦν
3168 2638 3376 2704 λεγέτω
3410 2635 3642 2708 Χριστὸς
3684 2631 3776 2686 ὲπί

2179 2751 2257 2803 ¹γε
2285 2734 2490 2795 τούτοις
2525 2733 2728 2794 αὐτοῖς*
2765 2751 2782 2782 ι
2817 2731 2878 2783 Ei
2902 2730 3224 2799 ἀδυνατήσει
3261 2729 3491 2782 ἐνώπιον
3529 2726 3635 2779 τῶν
3678 2742 3776 2777 κα-

505 2821 775 2874 ταλοίπων
808 2821 901 2874 τοῦ
947 2821 1077 2875 λαοῦ
1109 2821 1296 2875 τούτου
1328 2823 1385 2874 ἐν
1417 2825 1538 2886 ταῖς
1565 2822 1797 2892 ἡμέραις
1869 2823 2124 2888 ἐκείναις,
2165 2827 2238 2895 μὴ
2269 2825 2364 2877 καὶ⁸
2393 2825 2622 2877 ἐνώπιόν
2690 2841 2791 2893 μου
2846 2823 3210 2892 ἀδυνατήσεις
3247 2843 3264 2873 ι
3297 2824 3429 2874 Λεῐα
3456 2822 3564 2891 γὰρ
3599 2821 3777 2873 πάντα

505 2910 657 2980 αὐτῷ
682 2912 777 2964 καὶ
809 2912 1107 2982 ἱππήλατα,
1139 2913 1231 2964 καί
1257 2929 1310 2965 τι
1344 2912 1451 2964 τῶν
1513 2913 1824 2980 ἀναγκαίων
1855 2913 2089 2967 ἐθέλοντι
2119 2916 2440 2985 κατορ’ὶοῦν,
2476 2916 2560 2986 εἴη
2599 2917 2685 2980 ἂν,
2722 2912 2899 2985 οἶμαι,
2927 2915 2985 2966 τὸ
3011 2913 3364 2966 ἁντιστατοῦν
3404 2914 3576 2967 οὐδέν.

583 2999 740 3054 Vnus.
773 2999 828 3066 7,
861 3000 914 3054 8.
950 2999 1079 3053 Ηιιέ
1109 3001 1236 3052 dicit
1271 3000 1526 3054 Dominus
1557 3003 1879 3069 omnipotens
1909 3018 1926 3058 :
1959 3002 2087 3067 Ecce

2270 3005 2413 3058 Τάδε
2467 3005 2628 3072 λέγει
2677 3007 2888 3072 Κύριος
2932 3003 3387 3071 παντοκράτωρ·
3448 3005 3602 3058 Ἰδοὺ
3661 3005 3776 3075 ἐγὼ

505 3109 594 3161 ego
629 3091 799 3173 denuo
831 3090 975 3146 saluo
1009 3092 1256 3161 populum
1293 3109 1463 3154 meum
1497 3093 1562 3146 de
1595 3103 1734 3146 terra
1769 3095 2008 3162 orientis,
2043 3105 2088 3148 et

505 3186 569 3239 de
605 3196 749 3238 terra
785 3183 1090 3248 occidentis,
1129 3195 1175 3236 et
1216 3184 1478 3238 adducam
1519 3200 1626 3251 eos,
1665 3196 1712 3238 et
1753 3184 1998 3239 habitabo
2037 3187 2090 3240 iu

469 3270 478 3288 ’
505 3279 678 3331 medio
699 3275 1016 3340 Jerusalem,
1042 3284 1090 3328 et
1116 3287 1262 3330 erunt
1287 3277 1414 3328 milii
1440 3277 1494 3329 in
1519 3275 1792 3347 populum,
1816 3287 1862 3332 et
1885 3294 1977 3348 ego
1999 3295 2088 3332 ero

507 3369 581 3421 eis
609 3369 664 3420 in
691 3365 858 3420 Deum
889 3368 942 3419 iu
971 3367 1187 3421 veritate
1211 3378 1255 3420 et
1277 3367 1512 3436 justitia.

575 3541 735 3597 XLII.
781 3541 1028 3598 Salvavit
1065 3541 1281 3612 quidem
1322 3552 1376 3597 et
1414 3542 1544 3597 olim
1592 3542 1734 3599 Deus
1774 3546 2085 3615 progeniem

505 3634 698 3698 Israel,
733 3633 873 3689 bello
908 3633 1180 3704 diSpersos
1213 3633 1639 3704 llierosolymam
1664 3652 2016 3704 congregans,
2035 3647 2090 3692 et

504 3727 752 3784 habitans
787 3727 926 3783 inter
957 3726 1109 3793 illos,
1146 3727 1271 3780 dum
1309 3728 1565 3798 templum
1601 3729 1839 3785 divinum
1876 3732 2083 3786 instau-

502 3821 648 3884 rari,
695 3837 910 3876 rursum
955 3822 1239 3877 sacriﬁciis
1283 3837 1403 3876 sese
1451 3823 1688 3892 placari,
1733 3834 1788 3878 et
1835 3826 2088 3894 precibus

501 3913 602 3972 coli
625 3953 638 3978 ,
659 3922 714 3967 et
738 3913 893 3969 festis
915 3913 1105 3968 diebus
1129 3915 1351 3983 agendis
1378 3915 1632 3968 lieuorari
1659 3917 1941 3984 permittit.
1966 3917 2086 3970 Cte-

504 4017 676 4060 tcrutn
711 4010 854 4076 quod
888 4006 1021 4061 dicit
1053 4021 1113 4062 se
1145 4022 1358 4061 rursum
1394 4008 1607 4061 salvare
1640 4007 1893 4076 pepulum
1928 4023 2084 4062 sumn

499 4113 566 4153 ex
597 4096 804 4152 oriente
832 4107 887 4152 et
912 4099 1217 4165 occidente,
1247 4099 1534 4168 quadrabit
1567 4101 1617 4152 in
1650 4099 2080 4163 Emmanuelem,

499 4190 590 4258 qui
621 4200 788 4246 totum
817 4190 916 4246 sub
943 4191 1081 4247 ctelo
1108 4193 1365 4246 mundmn
1393 4192 1626 4255 vocavit,
1653 4207 1773 4246 cum
1802 4207 1899 4261 per
1925 4191 2083 4246 [idem

499 4299 595 4339 ceu
631 4285 900 4340 verriculo
935 4301 964 4338 a
1005 4285 1186 4339 mundi
1231 4284 1428 4339 ﬁnibus
1466 4298 1637 4352 usque
1674 4284 1916 4337 homines
1951 4298 2083 4338 con-

2191 3093 2470 3154 ἀνασώζω
2495 3095 2602 3147 τὸν
2632 3095 2787 3148 λαόν
2838 3111 2956 3161 μου
2991 3093 3110 3147 ἀπὸ
3160 3092 3274 3162 γῆς
3308 3093 3641 3157 ἀνατολῶν,
3677 3093 3773 3147 καὶ

2189 3187 2308 3246 ἀπὸ
2346 3186 2460 3257 γῆς
2484 3185 2750 3254 δυσμῶν,
2802 3187 2898 3239 καὶ
2939 3185 3162 3247 εἰσάξω
3189 3183 3431 3248 αὐτοὺς,
3459 3184 3558 3237 καὶ
3601 3202 3776 3237 κατα-

2190 3277 2487 3346 σκηνώσω
2512 3276 2765 3347 ἐνμέσῳ
2809 3275 3228 3345 Ἰερουσαλὴμ,
3276 3273 3375 3327 καὶ
3403 3273 3650 3327 ἔσονται
3673 3291 3774 3342 μοι

2189 3375 2276 3437 εἰς
2303 3371 2477 3436 λαὸν,
2515 3370 2676 3441 κάγὼ
2707 3371 2921 3440 ἔσομαι
2961 3369 3165 3434 αὐτοῖς
3214 3370 3302 3432 εἰς
3332 3369 3500 3432 Θεὸν,
3526 3367 3596 3419 ἐν
3624 3366 3776 3434 ἀλη-

2190 3465 2318 3529 θείᾳ
2346 3465 2441 3517 καὶ
2470 3463 2845 3530 δικαιοσύνῃ.

2260 3553 2392 3606 MB’.
2427 3552 2645 3605 Σέσωκε
2668 3553 2765 3621 μὲν
2800 3552 2895 3604 καὶ
2930 3551 3098 3606 πάλαι
3123 3551 3256 3614 Θεὸς
3288 3553 3413 3613 τοὺς
3441 3547 3500 3613 ἐξ
3538 3547 3775 3617 αἵματος·

2202 3644 2440 3716 Ἰσραὴλ,
2476 3645 3015 3715 κατεσκεδασμένους
3050 3645 3126 3714 τῷ
3169 3644 3393 3715 πολέμῳ
3436 3642 3772 3712 συναγείρων

2189 3738 2269 3800 εἰς
2321 3736 2692 3805 Ἰεροσόλυμα,
2746 3738 2840 3789 καὶ
2876 3739 3205 3807 κατοικήσας
3255 3737 3312 3787 ἐν
3361 3736 3564 3798 αὐτοῖς,
3597 3734 3686 3787 διά
3710 3749 3770 3802 γε

2187 3830 2284 3883 τοῦ
2307 3831 2402 3883 καὶ
2427 3831 2517 3882 τὸν
2538 3829 2680 3883 θεῖον
2709 3831 2920 3902 ἐγεῖραι
2952 3831 3101 3895 ναὸν,
3119 3831 3213 3885 καὶ
3241 3831 3454 3899 ἐφεῖναι
3482 3829 3644 3882 πάλιν
3673 3829 3772 3884 αὑ-

2187 3923 2302 3984 τοῖς
2333 3923 2452 3983 ταῖς
2484 3922 2624 3974 κατά
2655 3922 2818 3992 νόμον
2873 3921 3088 3983 θυσίαις
3142 3919 3659 3990 καταμειλίσσεσθαί
3712 3936 3770 3971 τε

2190 4013 2286 4064 καὶ
2313 4013 2706 4083 ἀποπεραίνειν
2750 4013 2936 4082 εὐχὰς,
2995 4014 3090 4066 καὶ
3143 4013 3500 4083 ἀποπληροῦν
3556 4011 3766 4083 ἑορτάς.

2189 4101 2337 4170 Πλὴν
2369 4100 2428 4154 τὸ
2461 4101 2764 4165 ἀνασώζειν
2795 4103 2884 4154 τὸν
2937 4102 3066 4154 ἴδιον
3115 4104 3280 4171 φάναι
3334 4101 3462 4163 λαὸν
3494 4099 3552 4166 ἐξ
3582 4101 3772 4154 ἀνατο·

2188 4193 2295 4246 λῶν
2330 4194 2423 4246 καὶ
2475 4194 2717 4264 δυσμῶν,
2773 4194 2974 4263 πρέποι
3012 4194 3076 4248 ἂν
3136 4194 3360 4257 εἰκότως
3411 4192 3490 4264 τῷ
3559 4191 3765 4262 Ἐμμα·

2187 4285 2371 4358 νουὴλ,
2403 4285 2462 4348 ὃς
2499 4287 2679 4338 πᾶσαν
2708 4285 2933 4338 ἐκάλεσε
2960 4285 3058 4356 τὴν
3108 4285 3199 4338 ὑπ’
3228 4285 3479 4355 οὐρανὸν,
3515 4281 3770 4354 σαγηνεύ-

497 4377 688 4442 clusit,
724 4388 779 4432 et
813 4379 1122 4432 universam
1157 4377 1397 4444 gentium
1435 4375 1831 4432 multitudinem
1871 4376 1921 4428 in
1959 4391 2082 4430 vero

2193 4393 2291 4438 σας
2313 4375 2398 4428 διὰ
2423 4375 2524 4444 τῆς
2549 4377 2786 4438 πίστεως
2819 4377 2942 4438 τοὺς
2973 4376 3036 4428 ἐκ
3077 4375 3332 4446 περάτων
3369 4374 3470 4443 τῆς
3507 4374 3630 4442 γῆς.
3681 4372 3770 4425 καὶ

503 4479 746 4522 stactam
777 4479 832 4523 et
863 4469 1003 4520 fama
1050 4467 1306 4536 inclytam
1337 4467 1633 4528 civitatem,
1665 4482 1786 4532 qua}
1810 4475 1893 4520 est
1925 4485 1942 4518 ι
1985 4468 2083 4520 Ee-

501 4559 664 4614 clesia
700 4557 796 4612 Dei
827 4558 1056 4610 viventis
1078 4557 1142 4620 ιτ,
1182 4575 1200 4608 ι
1235 4567 1290 4609 et
1323 4557 1562 4612 cmlestis
1591 4557 1924 4622 Jerusalem,
1956 4575 2085 4612 con—

499 4650 760 4720 gregavit.
797 4649 1084 4704 Habitasse
1120 4656 1300 4702 autem
1338 4648 1486 4701 illmn
1522 4648 1573 4700 in
1611 4649 1785 4703 medio
1816 4649 1932 4717 ejus
1961 4649 2082 4718 quis

503 4741 748 4797 dubitet?
773 4741 973 4798 Factus
995 4750 1078 4796 est
1101 4739 1364 4809 siquidem
1392 4739 1586 4795 similis
1611 4742 1802 4806 nostri,
1832 4759 1850 4793 ι
1880 4753 2080 4795 etcum

503 4835 809 4892 hominibus
835 4844 1185 4889 conversatus
1209 4843 1292 4889 est
1314 4833 1356 4865 ¹⁸
1391 4853 1410 4886 ι
1444 4834 1494 4887 in
1525 4850 1708 4890 carne.
1737 4835 1790 4889 ld
1819 4835 1959 4902 quod
1987 4851 2081 4902 per

501 4929 665 4981 aliunt
697 4926 1014 4997 prophetam
1050 4925 1189 4980 Deus
1221 4926 1620 4992 praenuntiavit,
1653 4943 1670 4975 ι
1703 4925 1945 4986 Conﬁde,
1975 4941 2078 4977 non

503 5017 867 5073 dissolvantur
894 5030 1085 5069 manus
1117 5025 1238 5067 tute.
1269 5013 1533 5067 Dominus
1569 5015 1707 5068 Deus
1740 5026 1862 5068 tuus
1892 5024 2083 5083 potens

499 5108 552 5160 in
587 5120 639 5162 te
677 5108 907 5163 Salvabit
939 5114 1022 5170 te,
1054 5106 1287 5160 adducet
1316 5121 1477 5173 super
1522 5116 1574 5161 te
1607 5107 1846 5162 lattitiam
1867 5145 1882 5169 ,
1914 5117 1968 5160 et
1999 5106 2084 5160 in-

503 5199 723 5253 novahit
760 5208 812 5253 te
846 5197 897 5250 in
935 5198 1204 5252 charitate
1240 5214 1335 5252 sua
1360 5198 1424 5252 ".
1470 5217 1489 5250 ι
1532 5200 1672 5266 Quin
1710 5212 1762 5256 et
1800 5200 2081 5255 nobiscum

497 5300 581 5346 est
611 5307 626 5344 :
661 5306 765 5344 non
802 5290 942 5344 enim
980 5290 1196 5359 reliquit
1233 5306 1328 5344 nos
1362 5292 1728 5359 orpbanos“;
1767 5308 1863 5361 pro
1895 5307 1952 5346 se
1985 5307 2086 5344 au-

499 5390 607 5435 tem
641 5382 786 5436 misit
818 5381 1178 5445 Paracletum,
1213 5391 1264 5436 et
1299 5398 1393 5452 per
1419 5383 1591 5452 ipsum
1624 5386 1772 5439 adest
1807 5384 2079 5444 diiigenti-

498 5471 598 5528 bus
625 5486 712 5537 se,
739 5475 879 5542 quod
915 5483 1146 5532 testatur
1170 5474 1274 5535 illis
1298 5473 1482 5531 verbis
1510 5494 1522 5529 :
1558 5495 1576 5528 ι
1610 5477 1747 5531 Ecce
1778 5492 1876 5544 ego
1901 5477 2078 5529 vobis-

572 5672 615 5742 ιι
641 5670 842 5742 lli-hac.
877 5687 913 5736 t,
941 5672 998 5738 ὃς
1027 5676 1146 5728 Act.
1171 5689 1295 5735 “ll,
1315 5675 1404 5727 41.
1485 5675 1529 5706 ¹³
1556 5675 1787 5742 Philipp.
1816 5688 1875 5740 ιι,
1911 5673 1962 5736 6,
1994 5675 2043 5727 7.

518 5741 818 5824 νβοριιυιι.
853 5759 935 5811 tp,
974 5744 1058 5811 16,
1105 5743 1188 5801 l7.
1267 5745 1311 5775 ²⁰
1351 5743 1505 5800 Joau.
1551 5758 1660 5808 xiv,
1696 5741 1780 5809 t8,

2127 5673 2170 5705 "
2195 5672 2356 5728 llebr.
2396 5690 2490 5738 tm,
2519 5673 2570 5726 9..

2188 4470 2368 4520 πᾶσαν
2391 4467 2561 4522 ἐθνῶν
2612 4467 2813 4536 ἀγέλην
2874 4464 3300 4535 συναγηγερκὼς
3347 4466 3426 4526 εἰς
3468 4463 3567 4533 τὴν
3609 4461 3767 4529 ἀγίαν

2186 4559 2402 4631 ἀληθῶς
2428 4560 2523 4614 καὶ
2547 4559 2832 4630 διαϐόητον
2881 4559 3058 4618 πόλιν,
3083 4558 3204 4628 ἥτις
3235 4559 3382 4610 ἐστὶν
3418 4575 3435 4607 ι
3473 4553 3768 4624 Ἐκκλησία

2192 4652 2328 4704 Θεοῦ
2367 4653 2587 4716 ζῶντος,
2629 4671 2645 4703 ι
2699 4652 2732 4722 ἠ
2782 4651 3104 4720 ἐπουράνιος
3141 4648 3519 4718 Ἰερουσαλήμ.
3549 4647 3671 4698 ’Ὁτι
3715 4644 3768 4696 δὲ

2191 4744 2286 4795 καὶ
2311 4744 2621 4805 ἐσκήνωσεν
2658 4744 2714 4796 ἐν
2778 4743 2927 4811 μέσῳ
2959 4741 3150 4810 αὐτῆς,
3193 4739 3310 4801 πῶς
3348 4739 3496 4790 ἐστιν
3526 4736 3768 4806 ἀμφιὸα-
3818 4753 3825 4796 ξ

2189 4835 2340 4899 λεϊνς
2374 4835 2565 4902 Γέγονε
2595 4834 2702 4905 γὰρ
2739 4834 2860 4887 καθ’
2908 4834 3075 4903 ἡμᾶς,
3133 4851 3150 4882 ι
3179 4834 3274 4885 καὶ
3308 4835 3418 4894 τοῖς
3463 4827 3769 4900 ἀνθρώποις

2194 4926 2611 4996 συνανεστράφη
2643 4946 2660 4976 ι
2708 4924 2850 4995 μετὰ
2901 4925 3122 4996 σαρκός.
3177 4923 3287 4976 Καὶ
3319 4922 3476 4974 τοῦτο
3527 4921 3660 4990 ἡμῖν
3705 4918 3770 4970 δι’

2191 5019 2378 5089 ἑτέρου
2403 5019 2680 5088 προφήτου
2732 5018 2862 5080 Θεὸς
2905 5014 3302 5091 προανεφὼνει,
3339 5015 3534 5080 λέγων·
3577 5031 3594 5062 ι
3630 5011 3770 5080 Θάρ-

2188 5127 2289 5172 σει,
2327 5109 2485 5173 Σιὼν,
2519 5112 2594 5179 μὴ
2633 5109 3015 5179 παρείσοωσαν
3062 5111 3114 5161 αἱ
3151 5109 3332 5178 χεῖρές
3365 5125 3480 5161 σου.
3509 5105 3712 5176 Κύριος
3743 5102 3769 5154 ὁ

2186 5202 2318 5264 Θεὸς
2341 5201 2565 5264 δυνατὸς
2612 5202 2670 5252 ἐν
2724 5202 2805 5253 σοὶ
2843 5201 3006 5254 σώσει
3043 5218 3126 5263 σε,
3162 5198 3352 5262 ἑπάξει
3383 5197 3472 5250 ἐπὶ
3498 5197 3556 5249 σὲ
3580 5196 3770 5264 εὐφρο-

2187 5293 2377 5364 σύνην,
2413 5293 2505 5347 καὶ
2539 5296 2736 5346 καινιεί
2763 5310 2820 5345 σε
2851 5295 2908 5346 ἐν
2935 5296 3000 5364 τῇ
3029 5294 3305 5363 ἀγαπήσει
3344 5289 3566 5344 αὑτοῦ.»
3609 5285 3770 5340 ’Λλλά

2190 5383 2284 5435 καὶ
2313 5382 2562 5436 σύνεστιν
2596 5384 2748 5453 ἡμῖν·
2781 5383 2842 5435 οὐ
2871 5387 2978 5453 γάρ
3008 5384 3222 5452 ἀφῆκεν
3269 5383 3416 5451 ἡμᾶς
3464 5377 3763 5450 ὀρφανοὺς,

2190 5475 2442 5545 πέπομφε
2475 5475 2532 5528 δὲ
2559 5478 2690 5547 ἡμῖν
2724 5476 2838 5529 ἀνθ’
2887 5476 3078 5529 ἑαυτοῦ
3124 5475 3214 5529 τὸν
3270 5471 3646 5543 Παράκλητονν
3679 5467 3766 5520 ἀἱ

2651 5675 2688 5714 τ’
2725 5672 2905 5726 ΙΊίιιι.
2940 5687 3021 5732 ιιι,
3051 5671 3136 5726 15.
3236 5672 3275 5700 ’⁸
3311 5667 3515 5722 Batuclt
3556 5683 3636 5732 ιιι,
3667 5667 3755 5721 58.
