4080 6284
332 304 428 358 H7

1139 303 1690 369 COMMENTARIUS
1730 314 1794 368 IN
1835 314 2236 372 ZXCIIARIAM
2279 315 2715 375 PliOPHET.\.\l.

3481 326 3581 381 Il8

326 419 544 472 σύνεστι
575 417 642 473 δι’
673 420 836 475 αὐτοῦ
867 424 976 484 τοῖς
1013 424 1297 492 ἀγαπῶσιν
1329 427 1510 492 αὐτὸν,
1563 431 1658 483 καὶ⁸
1705 432 1903 504 πληρο⁴

2004 449 2122 488 cum
2147 450 2263 488 sum
2286 435 2533 489 omnibus
2557 435 2764 497 diebus,
2786 450 2953 506 usque
2977 437 3041 490 ad
3062 439 3578 496 consummationem

327 513 577 583 φορήσει,
609 512 795 581 λέγων’
832 533 848 565 ι
899 515 1030 567 Ἰδοὺ
1087 516 1198 583 ἐγὼ
1231 517 1347 586 μεθ’
1374 519 1527 588 ὑμῶν
1579 523 1694 592 εἰμι
1723 524 1904 588 πάσας

326 604 424 668 τὰς
455 606 682 676 ἡμέρας,
733 607 836 670 ἕως
867 610 967 678 τῆς
1004 611 1314 675 συντελείας
1342 613 1436 666 τοῦ
1481 615 1694 679 αἰῶνος,
1739 635 1756 669 ι
1803 617 1900 670 Γέ..

327 709 452 762 γονε
485 695 658 748 τοίνυν
680 698 842 752 αὐτοῦ
873 700 1001 764 λαὸς
1040 702 1094 753 οἵ
1135 719 1264 756 ποτε
1295 707 1354 758 οὐ
1382 707 1519 769 λαοὶ,
1567 709 1660 760 καὶ
1708 711 1755 762 οἱ
1793 711 1900 762 τῶν

326 785 488 839 λίθων
516 793 914 861 προσκυνηταὶ,
941 793 1040 862 τὴν
1084 796 1316 864 ἀρχαίαν
1339 798 1431 850 καὶ
1463 798 1688 868 βέϐηλον
1727 818 1897 852 κατα-

327 879 715 947 μυσαττόμενοι
762 882 1051 950 πλάνησιν,
1109 885 1239 937 Θεδν
1259 889 1889 959 αὐτὸνὲπεγραῴαμεθα,

324 969 414 1019 καὶ
453 968 635 1022 τοῦτον
675 990 692 1021 ι
727 973 784 1024 ἐν
823 973 1052 1046 ἀληθείᾳ
1104 979 1194 1030 καὶ
1217 979 1553 1050 δικαιοσύνη.
1589 1001 1606 1032 ι
1661 982 1734 1032 Οὐ
1785 982 1894 1053 γὰρ

324 1060 378 1109 ὲν
406 1057 501 1128 ἴσῳ
525 1063 633 1122 τοῖς
667 1063 760 1114 τοῦ
787 1065 1113 1135 γράμματος
1148 1069 1340 1138 φίλοις,
1376 1070 1566 1133 τύποις
1593 1074 1686 1125 καὶ
1719 1076 1896 1136 σκιαῖς

323 1149 695 1218 προσκείμεθα
718 1192 730 1216 ,
766 1154 1196 1224 παραδεξάμενοι
1220 1158 1274 1210 δὲ
1312 1160 1510 1227 μᾶλλον
1535 1164 1612 1224 εἰς
1657 1163 1782 1215 νοῦν
1806 1164 1898 1216 καὶ

319 1237 546 1306 καρδίαν
579 1239 680 1309 τὴν
711 1241 820 1294 τῶν
851 1244 1221 1313 εὐαγγελικῶν
1247 1252 1618 1320 κηρυγμάτων
1649 1253 1898 1322 λαμπρο-

315 1344 487 1396 τητα,
533 1330 632 1401 τὴν
684 1332 858 1404 ἀληθῆ
908 1336 1168 1406 τελοῦμεν
1221 1339 1505 1409 λατρείαν,
1563 1345 1653 1396 καὶ
1685 1345 1782 1412 τῆς
1806 1347 1898 1397 ἁν-

315 1417 581 1490 δανούσης
602 1424 750 1494 αὐτῷ
774 1425 1117 1497 δικαιοσύνης
1153 1431 1318 1499 ἀπρὶξ
1363 1433 1633 1501 ἐχόμενοι,
1695 1438 1788 1506 τὴν
1837 1440 1894 1489 ἐν

319 1510 589 1581 πνεύματι
621 1513 934 1584 πληροῦμεν
964 1518 1348 1589 προσκύνησιν.
1389 1539 1408 1572 ι
1454 1523 1676 1593 Πνεῦμα
1703 1525 1810 1595 γὰρ
1863 1530 1890 1579 ὁ

2003 529 2182 581 smculi
2207 529 2273 580 ⁸¹.
2315 547 2333 579 ι
2375 528 2575 583 Factus
2611 538 2690 582 est
2728 530 2887 596 igitur
2920 531 3144 598 populus
3180 530 3314 599 ejus,
3352 534 3441 600 qui
3481 535 3576 586 ali-

2001 620 2215 686 quando
2244 635 2346 673 non
2383 620 2606 688 populus
2627 620 2672 650 "
2706 638 2718 673 :
2751 629 2802 673 et
2837 623 2926 690 qui
2966 620 3164 687 lapides
3196 626 3423 678 adorare
3449 623 3584 677 sole-

2001 712 2216 776 bamus,
2253 723 2490 765 veterem
2536 720 2590 766 ct
2648 713 2916 780 impurum
2949 728 3186 767 errorem
3219 715 3582 778 drlestantes,

1998 805 2168 871 ipsum
2203 804 2356 858 nobis
2391 805 2554 858 Deum
2591 807 2903 871 ascivimus,
2938 816 2991 859 et
3025 809 3166 859 hunc
3205 824 3222 856 ι
3271 808 3324 860 ἱιι
3362 810 3587 861 veritate

2001 905 2051 948 et
2074 896 2304 963 justitia.
2337 915 2356 948 ι
2389 897 2500 950 Non
2530 899 2672 952 enim
2704 900 2846 953 sicut
2872 900 3068 967 quibus
3097 900 3279 952 littera
3307 899 3583 960 cordicst,

2004 988 2140 1056 typis
2167 997 2220 1042 et
2249 989 2455 1042 umbris
2487 989 2828 1046 adltteremus
2852 1007 2867 1042 :
2895 992 3022 1058 quin
3058 993 3236 1058 potius
3269 990 3503 1044 admissa
3535 993 3584 1042 in

2003 1079 2240 1131 animum
2297 1081 2727 1148 evangelica-rum
2796 1083 3240 1150 praedicationum
3307 1082 3584 1136 claritate.

2004 1168 2168 1237 719
2200 1185 2382 1223 verum
2425 1171 2624 1224 cultum
2662 1173 3012 1234 exhibemus,
3049 1182 3105 1227 et
3141 1189 3302 1241 quam
3343 1173 3432 1225 ille
3467 1187 3587 1241 pru-

2005 1259 2093 1312 bat
2127 1260 2352 1328 iustitia:
2392 1262 2566 1326 allixi,
2614 1263 2982 1317 adorationem
3030 1265 3082 1317 in
3125 1266 3319 1333 spiritu
3363 1273 3588 1331 ιιι-αδδιτι-

2002 1365 2138 1404 mus.
2165 1370 2181 1400 ι
2205 1349 2438 1419 Spiritus
2467 1355 2607 1408 enim
2642 1364 2725 1408 est
2756 1355 2914 1419 Deus,
2939 1375 2955 1406 ›
2980 1367 3036 1409 ut
3067 1357 3178 1424 ipse
3211 1355 3377 1410 Filius
3406 1355 3540 1409 dixit
3571 1372 3582 1407 :

2002 1457 2022 1491 ‹
2062 1451 2114 1493 ct
2140 1445 2433 1499 adorantes
2475 1460 2619 1512 eum,
2679 1447 2730 1500 in
2788 1447 2984 1517 spiritu
3030 1458 3084 1505 et
3121 1449 3349 1503 veritate
3376 1456 3588 1519 oportet

1995 1531 2223 1587 adorare
2242 1533 2304 1587 ".
2320 1554 2337 1586 ι

315 1601 465 1665 Θεὸς,
493 1622 512 1652 ι
551 1603 696 1658 καθὰ
729 1622 892 1676 φησιν
935 1609 1094 1672 αὐτὸς
1142 1611 1170 1663 ὁ
1211 1611 1354 1677 Υἱὸς,
1396 1631 1414 1664 ι
1441 1616 1534 1668 καὶ
1571 1617 1698 1680 τοῦς
1757 1623 2196 1688 προσκυνοῦντας
2231 1628 2414 1692 αὐτὸν,
2476 1631 2532 1681 ὲν
2573 1627 2974 1700 πνεύματίκαὶ
3021 1631 3248 1702 ἀληθεία
3291 1631 3372 1683 δεῖ
3420 1646 3588 1701 προσ⁴

317 1696 497 1746 κυνεῖν
555 1713 579 1746 ι

392 1773 536 1839 Τάδε
587 1788 750 1856 λέγει
797 1791 1013 1859 Κύριος
1061 1796 1517 1866 παντοκράτωρ’
1565 1799 1894 1870 Κατισχυέο

2063 1797 2234 1859 Vens.
2270 1806 2321 1860 9.
2354 1806 2482 1860 Παιτ-
2513 1809 2639 1861 dicit
2666 1808 2917 1862 Dominus
2965 1811 3284 1878 omnipotens
3313 1827 3332 1864 :
3369 1810 3590 1879 Confor-

316 1890 516 1929 τωσαν
542 1880 602 1931 at
641 1879 834 1948 χεῖρες
866 1882 1034 1950 ὑμῶν
1084 1885 1206 1939 τῶν
1262 1889 1607 1944 ἀκουόντων
1657 1893 1726 1946 ἐν
1768 1894 1898 1961 ταῖς

317 1966 560 2036 ἡμέραις
585 1971 822 2037 ταύταις
844 1973 984 2039 τοὺς
1030 1976 1252 2043 λόγους
1293 1981 1544 2046 τούτους
1580 1981 1647 2035 ἐκ
1679 1985 1897 2052 στόμα-

322 2073 420 2122 τος
449 2057 565 2110 τῶν
591 2059 930 2128 προφητῶν,
977 2064 1079 2132 ἀφ’
1106 2061 1180 2135 ἧς
1210 2066 1434 2136 ἡμέρας
1489 2075 1895 2141 τεθεμελίωται

327 2143 548 2234 όᾼοῖκος
596 2151 815 2216 Κυρίου
861 2155 1364 2228 παντοκράτορος,
1410 2162 1505 2214 καὶ
1539 2165 1572 2216 ό
1609 2164 1755 2231 ναὸς
1793 2165 1894 2234 ἀφ’

323 2231 396 2292 οὗ
428 2237 808 2309 ᾠκοδόμηται.

389 2330 521 2384 MI".
566 2333 926 2406 Ὑπισχνεῖται
951 2340 1049 2410 μὲν
1083 2343 1195 2404 τοῖς
1228 2342 1515 2411 ἀγαπῶσιν
1547 2345 1707 2399 αὐτὸν
1740 2348 1767 2399 ὁ
1789 2347 1894 2400 τῶν

317 2422 455 2474 ὅλων
484 2423 613 2488 Θεὸς
649 2427 716 2478 τα
745 2430 886 2500 ὑπὲρ
931 2431 1120 2485 ἐλπίδα
1175 2434 1454 2500 πολλάκις,
1483 2436 1809 2508 ψευδομυθεί
1838 2439 1894 2491 δὲ

315 2512 588 2583 οὐδαμῶς,
634 2516 748 2571 ἀλλ’
781 2519 886 2590 ἰδίᾳ
941 2521 1169 2592 δυνάμει
1221 2526 1313 2578 καὶ
1369 2527 1701 2598 ἀπορρήτοις
1751 2529 1893 2582 τισὶν

314 2607 614 2675 ἐνεργείαις
640 2612 1000 2684 ἁποπεραίνει
1033 2617 1173 2669 κατὰ
1215 2621 1459 2690 καιροὺς,
1485 2621 1628 2692 ἆπερ
1681 2622 1746 2675 ἂν
1768 2621 1893 2692 βού-

313 2697 476 2760 λοιτο,
509 2703 599 2752 καὶ
623 2703 744 2755 λίαν
777 2707 1005 2760 ἀκονιτί.
1038 2708 1242 2778 Πρέποι
1272 2709 1314 2763 δ’
1338 2712 1402 2764 ἂν
1427 2713 1573 2782 ἡμᾶς
1604 2713 1704 2766 οὐκ
1735 2714 1894 2767 ἀσθεο

312 2790 537 2855 νοῦντας
557 2795 622 2864 τῇ
646 2795 842 2858 πίστει,
867 2801 1045 2871 πάντη
1069 2819 1126 2854 τε
1149 2803 1243 2854 καὶ
1261 2804 1478 2868 πάντως
1496 2808 1893 2879 ἐπιμαρτυρεῖν

313 2881 482 2952 αὐτῷ,
505 2885 565 2936 τὸ
586 2886 760 2940 πάντα
792 2889 1050 2944 δύνασθαι
1076 2893 1444 2963 διαπεραίνειν
1477 2898 1716 2962 εὐκόλως
1740 2916 1754 2931 ⁶
1794 2901 1891 2952 ἁνα-

310 2969 587 3040 δρίζεσθαι
614 2975 670 3027 δε
695 2978 831 3047 πρὸς
861 2979 996 3050 ἔργα
1027 2982 1093 3034 δι’
1126 2976 1201 3036 ὧν
1236 2984 1471 3054 ἐσόμεθα
1498 2987 1762 3060 λαμπροὶ,
1799 2989 1894 3043 καὶ

309 3061 400 3114 τὸν
435 3064 632 3136 εὐκλεῆ
657 3068 755 3137 τῆς
777 3072 1074 3136 ἐπιεικείας
1103 3075 1580 3150 ἁποκερδανοῦμεν
1607 3082 1888 3150 στέφανον,

313 3159 742 3213 καταπείθεσθαί
771 3179 829 3214 τε
870 3167 980 3228 τοῖς
1009 3169 1141 3237 παρ’
1191 3169 1356 3222 αὐτοῦ
1403 3171 1604 3238 λόγοις,
1641 3176 1733 3227 καὶ
1765 3175 1892 3227 ποδ-
1919 3149 1962 3204 C

311 3248 482 3315 ηγούς
503 3251 774 3304 ποιεῖσθαι
800 3255 1120 3318 σπουδάζειν
1152 3257 1308 3321 τοὺς,
1346 3260 1507 3328 οἵπερ
1534 3260 1600 3313 ἂν
1624 3257 1732 3313 εἷεν
1749 3262 1893 3315 κατὰ

311 3343 534 3412 καιροὺς
569 3345 682 3397 τῶν
713 3345 870 3399 θείων
900 3351 1033 3418 ἡμῖν
1066 3349 1453 3422 θεσπισμάτων
1496 3353 1892 3407 ἀπλανέστατοι

311 3429 678 3502 ﬂammanti.
739 3437 1232 3507 Κατεπηγγέλλετο
1278 3443 1334 3494 δὲ
1385 3444 1413 3495 ὁ
1481 3445 1682 3513 Κύριος
1735 3446 1892 3517 ήμῶν

325 3519 529 3590 Ἰησοῦς
562 3525 796 3594 Χριστὸς
824 3528 912 3581 δια
939 3530 1047 3582 τῶν
1087 3531 1258 3599 ἁγίων
1283 3534 1576 3605 προφητῶν
1600 3535 1667 3588 τὰ
1700 3536 1764 3589 ὲκ
1791 3541 1890 3606 τῆς

308 3611 771 3685 ὲνανθρωπήσεως
797 3619 997 3686 ἀγαθὰ,
1023 3625 1116 3674 καὶ
1145 3622 1266 3675 ὅσον
1290 3625 1387 3694 μὲν
1421 3625 1544 3695 ἥκει
1579 3629 1658 3690 είς
1681 3627 1776 3680 ἀνθ
1787 3646 1889 3699 ρω-

311 3701 473 3765 πίνας
505 3706 728 3771 ἐννοίας,
765 3709 1039 3775 ἀπιστίαν,
1071 3711 1148 3774 ὡς
1169 3711 1325 3784 ἔφην,
1351 3714 1408 3766 οὐ
1446 3717 1662 3788 μακρὰν
1691 3716 1779 3768 τὸν
1806 3716 1890 3770 λό-

311 3810 408 3861 γον
433 3795 614 3862 ἐτίθει,
640 3798 747 3851 τῶν
774 3803 1127 3872 χαρισμάτων
1149 3803 1206 3856 τὸ
1229 3805 1457 3874 μέγεθος
1482 3807 1882 3878 ἀφηγούμενος.

325 3885 464 3940 Ἀλλ’
497 3889 554 3942 ἐν
602 3889 781 3943 πίστει
831 3895 1175 3964 πεποιήμεθα
1226 3897 1320 3948 καὶ
1375 3897 1443 3950 τὰ
1475 3898 1614 3969 ὑπὲρ
1650 3899 1886 3964 ἔννοιαν,

309 3982 422 4042 τοῖς
449 3983 544 4050 τῆς
568 3983 845 4046 εὐσεϐείας
873 3986 1178 4057 ὑφηγηταῖς
1199 3989 1377 4059 εὐαφῆ
1402 3989 1600 4058 τρόπον
1626 3992 1743 4046 τινὰ
1794 3993 1888 4045 καὶ

311 4071 522 4140 εὐήνιον
551 4074 640 4124 τὸν
691 4075 788 4144 τῆς
816 4075 1052 4141 διανοίας
1088 4078 1379 4143 δεδωκότες
1423 4082 1643 4151 αὐχένα.
1679 4083 1888 4153 Καιρος

309 4161 368 4212 δὲ
395 4163 422 4213 ὁ
454 4163 678 4233 πρέπων
731 4170 848 4230 ταῖς
888 4167 997 4222 τῶν
1035 4170 1254 4236 ἀγαθῶν
1307 4174 1629 4242 χορηγίαις,
1686 4176 1780 4228 καὶ
1819 4178 1883 4247 τῇ

311 4253 442 4324 παρ’
463 4253 618 4323 ἡμῶν
648 4255 824 4308 αὐτῶν
852 4259 1097 4331 ὑποταγῇ
1129 4262 1228 4331 τῆς
1268 4263 1592 4333 Ἐκκλησίας
1617 4267 1649 4336 ἡ
1678 4266 1889 4319 ἀναδει-

307 4347 412 4410 ξις.
441 4345 551 4398 Θέα
584 4347 691 4416 γὰρ
720 4349 866 4413 ὅπως
895 4351 987 4403 καὶ
1019 4354 1086 4406 τὰ
1113 4354 1244 4424 πρὸς
1281 4355 1434 4425 ἡμῶν
1466 4357 1828 4426 προσέταττεν
1860 4359 1889 4411 ὁ

307 4442 418 4492 τῶν
446 4440 583 4492 ὅλων
622 4443 752 4504 Θεὸς
799 4447 1128 4515 κατισχύειν,
1179 4450 1273 4501 καὶ
1323 4450 1457 4520 ἔργα
1508 4452 1768 4523 πληροῦν,
1795 4455 1887 4507 καὶ

303 4532 425 4589 τοῖς
462 4530 571 4581 τῶν
618 4533 913 4602 προφητῶν
966 4537 1349 4590 κατατίθεσθαι
1387 4540 1586 4608 λόγοις,
1654 4561 1670 4592 ι
1701 4544 1792 4610 ἀφ’
1824 4540 1889 4614 ἦς

305 4625 339 4689 ’ἡ
352 4622 526 4690 μέρας
553 4622 940 4692 τεθεμελίωται
974 4628 1000 4678 ὁ
1027 4623 1171 4691 οἶκος
1190 4630 1397 4700 Κυρίου
1435 4634 1890 4705 παντοκράτορος,

309 4714 402 4766 καὶ
422 4716 448 4766 ὁ
475 4715 598 4780 ναὸς
621 4716 714 4785 ἀφ’
740 4708 800 4768 οὗ
823 4716 1186 4789 ᾠκοδόμηται.
1215 4741 1232 4772 ι

380 4809 536 4860 Διότι
597 4808 708 4877 πρὸ
760 4808 878 4861 τῶν
929 4811 1163 4878 ἡμερῶν
1191 4813 1418 4866 τούτων
1453 4818 1486 4868 ό
1507 4817 1726 4884 μισθὸς
1781 4819 1888 4871 ἀν-

309 4897 556 4964 θρώπων
588 4900 698 4952 οὐκ
724 4900 894 4953 ἔσται
935 4907 1019 4967 εἰς
1051 4902 1292 4969 ὄνησιν,
1326 4903 1422 4957 καί
1459 4908 1491 4959 o’
1516 4908 1734 4974 μισθὸς
1767 4907 1888 4962 τῶν

307 4991 546 5058 κτηνῶν
592 4993 708 5058 οὐχ
737 4990 1009 5059 ὑπάρξει,
1044 4994 1140 5046 καὶ
1181 4994 1259 5060 τῷ
1296 4996 1745 5067 ἐκπορευομένῳ
1787 5000 1885 5053 καὶ

305 5079 388 5142 τῷ
436 5079 915 5149 εἰσ-πορευομένῳ
953 5085 1062 5135 οὐκ
1122 5084 1294 5136 ἔσται
1343 5086 1549 5154 εἰρήνη
1606 5088 1724 5141 ἀπὸ
1775 5087 1883 5154 τῆς

306 5173 584 5240 θλίψεως.
637 5172 750 5224 Καὶ
799 5172 1185 5237 ἐξαποστελῶ
1224 5173 1453 5242 πάντας
1483 5179 1615 5245 τοὺς
1667 5180 1883 5248 ἀνθρὼ-

303 5280 476 5329 nunc,
499 5263 763 5318 ἕκαστον
800 5263 946 5331 πρὸς
979 5267 1083 5318 τὸν
1129 5268 1398 5334 πλησίον
1423 5271 1629 5325 αὑτοῦ.

371 5357 501 5410 MA'.
551 5357 614 5409 Ἡ
645 5356 756 5409 τῶν
807 5357 1070 5428 Ἑϐραίων
1101 5359 1310 5424 ἕκδοσις
1340 5364 1438 5434 οὐχ
1486 5364 1562 5427 ὡς
1617 5365 1708 5415 ἐπὶ
1751 5364 1880 5435 μὲλ-

303 5445 481 5510 λοντος
518 5449 711 5516 καιροῦ
748 5452 978 5502 ποιεῖται
1014 5452 1138 5514 τούς
1173 5450 1382 5521 λόγους,
1409 5455 1598 5525 χρόνον
1622 5455 1677 5508 δὲ
1699 5456 1880 5524 τίθησι

303 5535 393 5588 τὸν
423 5537 809 5608 παρῳχηκότα.
848 5557 864 5590 ι
906 5540 1016 5611 Πρὸ
1069 5541 1176 5612 γὰρ
1207 5542 1314 5595 τῶν
1358 5545 1578 5617 ἡμερῶν
1615 5546 1838 5599 ἐκείνων
1864 5587 1876 5610 ,

371 5710 411 5741 ³⁸
445 5719 633 5775 Milli].
674 5738 861 5779 xxviii.
898 5722 983 5776 20.
1065 5729 1106 5757 ’³
1137 5727 1271 5778 Osce
1315 5742 1370 5781 ιι,
1413 5726 1496 5774 2i.

2000 1903 2176 1948 tentur
2205 1913 2391 1951 manus
2421 1910 2620 1962 vestra,
2649 1900 2742 1968 qui
2772 1900 2976 1953 auditis
3031 1902 3084 1953 in
3115 1903 3293 1953 diebus
3329 1903 3444 1955 isti:
3475 1919 3587 1956 ser-

1997 2002 2171 2040 mones
2201 1987 2293 2041 Ιιοε
2331 2005 2394 2042 ex
2419 2006 2507 2043 ore
2552 1990 2948 2059 prophetarum,
2990 2007 3054 2044 ex
3105 2008 3210 2059 qua
3245 1992 3330 2044 die
3363 1991 3588 2060 fundam

1995 2089 2070 2131 est
2104 2079 2531 2135 dointhhmini
2589 2083 2976 2152 omnipotentis,
3028 2091 3077 2136 et
3113 2081 3362 2152 templum
3393 2100 3455 2137 ex
3485 2101 3587 2154 quo

1997 2169 2325 2238 (edi/iculum
2363 2181 2460 2226 est.

2065 2353 2247 2409 XLIII.
2286 2355 2640 2426 Diligentibus
2675 2373 2734 2412 se
2777 2357 3152 2412 universorum
3217 2356 3356 2410 Deus
3398 2357 3590 2411 crebro

1978 2446 2140 2500 .omni
2175 2461 2270 2516 spe
2303 2448 2502 2518 majora
2537 2450 2820 2518 promittit,
2855 2463 2955 2504 nec
2985 2449 3120 2503 fallit
3151 2449 3257 2502 ullo
3287 2448 3464 2514 modo,
3493 2449 3586 2501 sed

1995 2537 2195 2592 virtute
2257 2555 2352 2593 sua
2407 2548 2463 2594 et
2511 2540 2972 2608 inexplicabilibus
3001 2539 3320 2609 quibusdam
3352 2535 3590 2592 efﬁcien-

1997 2630 2083 2683 tiis
2178 2640 2398 2699 prmstat
2453 2632 2565 2687 suis
2616 2633 2964 2701 temporibus,
3021 2641 3075 2685 et
3131 2629 3388 2684 facillime
3470 2643 3588 2697 qua:

1999 2723 2246 2778 voluerit.
2313 2724 2479 2778 Decet
2549 2733 2726 2778 autem
2779 2738 2878 2776 nos
2931 2723 2984 2776 in
3047 2722 3152 2775 Iide
3181 2735 3287 2776 non
3343 2721 3588 2777 labantes

1998 2814 2360 2868 testimonium
2411 2813 2563 2878 dare,
2595 2830 2716 2869 cum
2747 2813 2958 2869 edicere
2988 2811 3168 2867 omnia
3201 2813 3348 2866 nullo
3372 2813 3588 2882 negotio

1994 2921 2189 2976 posse:
2236 2913 2290 2960 et
2344 2919 2489 2960 Vll‘OS
2552 2920 2650 2959 nos
2690 2905 2932 2978 praebere
2989 2906 3054 2956 ad
3110 2915 3270 2970 Opera
3329 2918 3423 2973 per
3468 2919 3588 2973 quae

1995 2997 2375 3052 claritudinem
2426 3013 2843 3066 consequemur,
2881 3006 2934 3051 et
2987 2998 3275 3066 probitatis
3324 3011 3584 3050 coronam

1996 3091 2283 3160 gloriosam
2347 3092 2724 3160 acquircmus;
2782 3091 3162 3158 obtemperare
3205 3089 3419 3142 demum
3474 3087 3588 3152 ejus

1997 3183 2358 3246 sermonibus,
2406 3190 2460 3233 et
2489 3181 2709 3235 studere
2767 3183 2928 3232 duces
2969 3180 3120 3248 sequi
3158 3179 3275 3232 illos
3350 3178 3440 3247 qui
3495 3192 3590 3243 per

1999 3280 2244 3338 tempora
2262 3269 2417 3322 nobis
2438 3269 2620 3322 divina
2653 3267 2870 3321 oracula
2887 3267 3028 3321 nulla
3056 3267 3257 3321 erroris
3283 3267 3586 3337 suspicione

2000 3369 2292 3432 apportant
2342 3371 2395 3414 et
2447 3359 3041 3430 explanant._Promisit
3090 3368 3272 3420 autem
3324 3360 3585 3414 Dominus

1999 3463 2187 3509 noster
2207 3453 2365 3509 Jesus
2393 3453 2638 3508 Christus
2671 3467 2764 3522 per
2799 3461 3015 3507 sanctos
3070 3453 3366 3524 pr0phetas
3427 3455 3568 3506 bona

1998 3561 2066 3599 ex
2098 3543 2470 3598 incarnatione
2497 3553 2905 3612 promanatura,
2930 3553 2985 3596 et
3019 3543 3162 3611 quod
3200 3543 3265 3596 ad
3296 3542 3581 3611 cogitatio-

1999 3650 2094 3690 nes
2117 3635 2331 3704 quidem
2362 3635 2626 3689 humanas
2649 3634 2861 3700 attinet,
2892 3633 3257 3688 incredibilem
3281 3635 3580 3686 orationem

1997 3725 2195 3790 attulit,
2246 3734 2308 3780 ut
2359 3725 2468 3779 dixi
2529 3726 2688 3795 paulo
2744 3735 2894 3790 ante,
2968 3741 3091 3780 cum
3152 3724 3580 3795 magnitudinem

1999 3817 2383 3872 beneﬁciorum
2403 3832 2750 3886 exponerem.
2786 3817 2984 3871 Verum
3019 3816 3140 3872 lidei
3205 3815 3583 3868 mandavimus

1998 3923 2118 3977 quae
2141 3909 2193 3962 in
2228 3909 2608 3978 cegitationem
2642 3918 2886 3963 nostram
2914 3925 3019 3963 non
3051 3907 3337 3971 cadebant,
3363 3906 3582 3978 pietatis

1997 4002 2219 4056 ducibus
2249 4002 2512 4055 cervicem
2563 4002 2760 4056 utentis
2785 4011 2980 4056 nostra:
3011 4001 3404 4072 quodammodo
3446 4017 3582 4056 con-

1997 4093 2330 4148 trectahilem
2363 4102 2418 4148 et
2447 4094 2671 4149 habenis
2720 4093 2879 4150 facile
2903 4105 3180 4164 parentem
3208 4093 3575 4162 subjicientes.

1996 4183 2230 4252 Tempus
2263 4193 2440 4238 autem
2497 4184 2760 4240 bonorum
2821 4187 3094 4254 largitioni
3148 4194 3203 4240 et
3250 4185 3573 4240 obedientizn

1995 4284 2194 4330 nostra}
2221 4285 2602 4344 Opportunum,
2633 4286 2716 4330 est
2791 4277 3032 4336 Ecclesia
3090 4277 3388 4346 proposita.
3443 4275 3578 4330 Vide

1995 4367 2416 4434 enimquomodo
2436 4376 2490 4420 et
2517 4382 2634 4436 qua:
2650 4367 2805 4422 cilicii
2833 4369 2998 4422 nostri
3030 4377 3177 4432 sunt,
3205 4368 3576 4421 universorum

2000 4457 2141 4511 Deus
2164 4457 2466 4511 confortare
2485 4457 2660 4524 jubet,
2680 4467 2734 4511 et
2759 4473 2920 4529 opera
2935 4458 3107 4522 obire,
3123 4466 3175 4511 et
3197 4458 3575 4527 prophetarum

2007 4550 2166 4603 dictis
2207 4549 2481 4612 assentiri,
2524 4567 2542 4599 ι
2579 4565 2608 4603 a
2659 4550 2743 4604 die
2793 4565 2899 4620 quo
2963 4550 3184 4605 [ululata
3225 4561 3308 4605 est
3385 4551 3573 4605 domus

1997 4641 2205 4695 Domini
2229 4642 2632 4710 omnipotentis,
2659 4651 2709 4697 ct
2738 4657 2800 4697 ex
2837 4644 3216 4714 quotemplum
3253 4643 3574 4698 aediﬁcatum

1996 4744 2096 4788 85L
2142 4752 2162 4786 ι

2062 4805 2222 4878 Vnus.
2259 4825 2340 4879 l0.
2362 4824 2498 4890 Quia
2521 4839 2639 4880 ante
2667 4828 2774 4880 dies
2801 4827 2918 4880 illos
2947 4843 3140 4880 merces
3183 4827 3448 4878 hominum
3474 4842 3576 4877 non

1982 4917 2074 4969 erit
2111 4919 2165 4970 in
2187 4918 2411 4980 lucrum,
2442 4927 2488 4971 et
2521 4935 2710 4972 meri-es
2753 4919 3110 4988 jamentorum
3150 4935 3251 4970 non
3298 4916 3568 4978 subsistet,

1982 5019 2026 5058 el
2053 5009 2339 5075 egredienti
2364 5019 2410 5061 et
2452 5010 2758 5077 ingredienti
2795 5028 2895 5063 non
2928 5011 3027 5064 erit
3057 5025 3162 5078 pax
3194 5002 3302 5076 pne
3338 5007 3561 5058 tribula-

1981 5098 2140 5150 tione.
2194 5097 2259 5149 Et
2299 5099 2534 5151 emittam
2577 5115 2750 5151 omnes
2816 5101 3069 5165 nomina,
3156 5110 3571 5162 unumquemque

1980 5189 2047 5238 ad
2083 5189 2374 5255 proximum
2423 5207 2600 5242 suum.

2057 5360 2237 5417 λων.
2303 5363 2522 5415 ΙΙρΙπαιιι
2574 5363 2737 5415 editio
2804 5378 2906 5411 non
2947 5360 3112 5414 habet
3144 5361 3363 5413 verbum
3402 5359 3566 5412 futuri

1985 5455 2258 5522 temporis,
2292 5457 2382 5506 sed
2433 5455 2712 5523 praeteriti.
2755 5454 3032 5516 Aiteuim,
3071 5470 3089 5503 ι
3127 5453 3266 5506 Ante
3287 5453 3401 5505 dies
3453 5451 3569 5505 ilio:

1985 5561 2191 5598 meret-5
2217 5543 2378 5612 720
2396 5543 2667 5594 hominum
2696 5558 2796 5596 non
2819 5554 2930 5594 erat
2961 5544 3010 5594 in
3037 5542 3264 5607 lucrum,
3287 5551 3334 5595 et
3365 5555 3507 5591 met-oi
3531 5558 3576 5592 fi

1581 5726 1622 5752 ’³
1653 5724 1786 5776 Jun
1843 5741 1912 5786 ιν,
1949 5725 2036 5776 3.1.
