4080 6284
480 371 582 430 119

1481 380 1539 435 S.
1578 381 1846 437 CYRILLI
1887 381 2360 438 ALEXANDRINI
2401 384 2724 441 ARCIIIEP.

3643 371 3746 428 ΕΟ

478 494 834 563 iumentorum
871 510 976 550 non
1009 503 1143 551 erat.
1187 514 1204 548 ι
1248 496 1313 551 Ει
1344 541 1358 563 ,
1393 517 1409 551 ι
1443 499 1774 571 [egredienti
1805 509 1860 556 et
1887 516 2046 572 egre-

2167 505 2348 574 φησὶν,
2379 506 2408 557 6
2436 504 2629 575 μισθὸς
2684 501 2794 554 τῶν
2844 497 3146 568 ἀνθρώπων
3195 492 3294 546 οὐκ
3320 487 3390 564 ἦν
3430 490 3508 554 είς
3535 489 3743 559 δνησιν,

481 585 644 640 dienti
741 602 849 643 non
928 596 1046 642 erat
1092 602 1214 658 pax.
1258 609 1276 642 ι
1312 591 1404 645 Est
1462 601 1640 646 autem
1703 593 1858 648 valde
1929 609 2056 648 con—

475 687 733 732 sentanea
845 679 1058 744 oratio,
1123 681 1274 750 cujus
1352 683 1637 739 veritatem
1721 686 2051 740 narrationis

474 771 773 826 auctoritas
806 771 1113 830 conﬁrmat.
1132 771 1262 828 Tale
1283 774 1426 828 enim
1447 775 1701 843 quiddam
1734 777 2048 846 signiﬁcare

473 863 607 916 \‘ttll.
672 861 952 919 Venerunt
1008 864 1281 935 Babylone
1331 867 1382 920 in
1442 877 1682 922 sanctam
1774 868 2052 922 civitatem

472 953 743 1018 lsraelitte,
760 955 853 1009 sed
881 955 933 1008 in
954 954 1070 1010 loco
1097 971 1201 1010 non
1222 965 1337 1011 erat
1359 958 1438 1012 eis
1463 958 1842 1024 sanctiﬁcatio,
1863 957 2058 1025 templo

472 1046 680 1111 pridem
705 1046 886 1101 diruto
915 1067 927 1101 :
961 1061 1064 1100 non
1099 1057 1214 1102 erat
1239 1049 1562 1104 sacriﬁcium
1590 1049 1867 1112 etlihatio,
1901 1049 2056 1103 altari

469 1149 679 1189 iverso.
710 1133 912 1189 Deinde
961 1135 1206 1190 hortatus
1237 1147 1318 1192 est
1349 1152 1441 1192 eos
1497 1140 1870 1192 universorum
1920 1138 2060 1192 Deus

469 1235 525 1277 ut
561 1235 684 1280 ante
711 1225 891 1280 omnia
923 1227 1050 1295 ipsis
1075 1236 1180 1281 tam
1208 1229 1631 1282 necessariorum
1661 1244 1846 1282 curam
1872 1211 2061 1295 praeci-

471 1331 629 1382 puam
663 1327 932 1387 gererent,
953 1320 1315 1388 templumque
1333 1321 1397 1371 de
1416 1319 1626 1384 integro
1654 1329 2057 1383 construerent,

469 1408 818 1476 divinumque
880 1409 933 1463 in
1002 1424 1066 1462 eo
1137 1411 1308 1463 altare
1366 1425 1554 1464 rursus
1631 1410 1927 1479 erigerent,
1989 1420 2047 1464 ut

469 1500 671 1567 legibus
686 1500 926 1556 instituta
942 1503 1318 1557 decentissime
1332 1517 1609 1572 peragere,
1621 1512 1674 1556 et
1689 1504 2058 1558 universorum

474 1594 640 1644 neum
699 1594 990 1648 conciliare
1019 1604 1263 1665 possent.
1315 1595 1414 1649 Ast
1439 1595 1514 1648 illi
1555 1596 1723 1651 variis
1767 1597 1832 1650 de
1880 1597 2062 1651 causis

469 1680 792 1736 diﬁ‘crebant
818 1723 833 1749 ,
859 1701 1000 1740 nunc
1042 1688 1285 1755 pecunia:
1317 1689 1582 1754 ﬁngentes
1609 1686 1869 1755 inOpiant,
1916 1703 2060 1741 nunc

467 1773 732 1827 aediﬁcare
788 1777 1190 1845 prohibentium
1235 1778 1648 1847 perversitatem
1680 1787 2057 1847 praetexentes.

2165 598 2258 649 καὶ
2299 598 2328 649 6
2360 596 2549 666 μισθὸς
2573 594 2681 646 τῶν
2714 590 2929 663 κτηνῶν
2957 590 3056 659 οὐχ
3089 587 3322 657 ὑπῆρχε.
3359 602 3377 635 ι
3410 582 3519 637 Καὶ
3559 581 3743 646 πάλιν,

2167 703 2185 735 ι
2213 684 2301 753 Τῷ
2339 683 2758 754 ἐκπορευομένῳ
2790 681 2885 734 καὶ
2929 679 3008 747 τῷ
3053 674 3492 746 είσπορευομένῳ
3540 673 3642 726 οὐκ
3676 668 3744 743 ἦν

2161 779 2373 847 εἰρήνη.
2415 796 2434 826 ι
2474 777 2625 846 Ἔχει
2647 774 2704 828 δὲ
2755 773 2848 825 καὶ
2879 771 3083 841 σφόδρα
3113 768 3175 820 τὸ
3201 766 3346 828 εἰκὸς
3372 767 3399 817 6
3435 763 3613 832 λόγος,
3647 761 3744 815 καὶ

2161 868 2221 920 τὸ
2253 867 2450 939 ἀληθὲς
2478 870 2534 920 ἐν
2590 864 2797 928 τούτοις
2829 863 3126 934 παρίστησι
3164 858 3275 912 τῶν
3322 855 3678 925 διηγημάτων
3709 855 3742 924 ἠ

2160 958 2407 1029 δύναμις.
2448 955 2706 1010 Βούλεται
2740 956 2847 1026 γάρ
2874 972 2925 1006 τι
2947 951 3185 1005 τοιοῦτον
3223 945 3542 1018 ὑποδηλοῦν.
3567 940 3742 998 Ἧκον

2165 1051 2261 1119 μὲν
2305 1049 2414 1120 γὰρ
2466 1051 2529 1102 ἐκ
2576 1046 2896 1108 Βαϐυλῶνος
2928 1045 3007 1106 εἰς
3044 1042 3142 1113 τὴν
3199 1040 3358 1109 ἁγίαν
3417 1038 3571 1092 πόλιν
3605 1039 3652 1090 οἱ
3682 1034 3742 1099 ἐξ

2176 1138 2412 1209 ’1σραήλ’
2441 1137 2554 1191 ἀλλ’
2587 1137 2686 1189 οὐκ
2717 1132 2783 1206 ἦν
2817 1134 2999 1195 αὐτοῖς
3046 1130 3292 1199 ἁγίασμα
3324 1126 3400 1197 τῷ
3423 1127 3596 1194 τόπῳ,
3640 1140 3740 1176 κα-

2161 1228 2589 1300 τασεσεισμένου
2635 1226 2729 1280 τοῦ
2778 1225 2944 1279 πάλαι
2975 1222 3104 1278 ναοῦ
3132 1239 3146 1253 ο
3179 1221 3278 1272 οὐκ
3318 1213 3386 1289 ἦν
3434 1216 3594 1270 θυσία
3648 1214 3741 1267 καὶ

2164 1320 2384 1389 σπονδὴ,
2418 1320 2493 1388 μὴ
2534 1317 2767 1380 ἑστῶτος
2796 1312 3205 1384 θυσιαστηρίου.
3233 1307 3365 1363 Εἶτα
3398 1306 3739 1378 προῦτρεπεν

2161 1414 2189 1464 ό
2250 1411 2358 1464 τῶν
2413 1411 2549 1464 ὅλων
2610 1409 2766 1472 Θεὸς,
2799 1409 2906 1461 τῶν
2949 1406 3124 1467 οὕτως
3174 1404 3356 1466 αὐτοῖς
3425 1398 3739 1467 ἀναγκαίων

2162 1499 2630 1570 προύργιαιτάτην
2690 1495 2877 1549 θέσθαι
2911 1493 3190 1565 φροντίδα,
3222 1492 3315 1544 καὶ
3346 1481 3740 1558 ἀναδείμασθαι

2165 1591 2267 1661 μὲν
2292 1591 2383 1642 τὸν
2417 1589 2564 1654 ναὸν,
2609 1581 2914 1659 ἀνορθῶσαι
2961 1585 3017 1638 δὲ
3057 1583 3150 1636 καὶ
3191 1582 3250 1636 τὸ
3311 1580 3452 1634 θεῖον
3485 1580 3543 1631 ἐν
3591 1577 3739 1646 αὐτῷ

2165 1682 2569 1752 θυσιαστήριον,
2599 1680 2672 1742 ὡς
2698 1679 2763 1732 ἂν
2787 1678 2962 1747 ἔχοιεν
2993 1672 3379 1745 ἀποπεραίνειν
3409 1666 3467 1724 εὖ
3503 1670 3646 1740 μάλα
3673 1670 3738 1722 τὰ

2165 1772 2546 1846 νενομισμένα,
2601 1771 2693 1825 καὶ
2729 1765 3246 1840 καταμειλίσσεσθαι
3307 1764 3399 1816 τὸν
3450 1761 3561 1815 τῶν
3604 1761 3740 1814 ὅλων

468 1863 680 1917 Etcum
719 1866 938 1934 insuper
970 1867 1134 1920 Deum
1188 1867 1539 1930 oﬂ'eudercnt,
1593 1869 1797 1923 crebris
1842 1879 1898 1923 et
1955 1870 2057 1922 alia

2167 1863 2313 1917 Θεόν.
2337 1864 2400 1916 Ol
2422 1861 2478 1915 δὲ
2503 1859 2761 1924 ποικίλως
2785 1854 3265 1927 διανεὸἀλ[λ]οντυ,
3300 1852 3431 1906 ποτέ
3464 1851 3562 1923 μὲν
3600 1868 3739 1922 χρη-

467 1961 589 2020 post
626 1953 784 2006 aliam
805 1955 975 2024 plagis
1001 1955 1358 2022 feriebantur,
1377 1953 1784 2024 stcrilitatibus,
1812 1959 2057 2028 inquam,

469 2043 593 2098 coeli
687 2045 1154 2114 corruptionibus,
1242 2058 1296 2104 et
1373 2051 1670 2109 vicinorum
1740 2051 2058 2122 populorum

470 2133 927 2199 impressionilms
1005 2144 1057 2190 et
1134 2137 1556 2196 incursionibus.
1621 2141 1877 2198 Criminis
1964 2155 2062 2192 au-

470 2231 577 2276 tem
609 2221 727 2278 loco
750 2223 1121 2281 universorum
1164 2227 1302 2284 Deus
1329 2230 1437 2285 illis
1484 2232 1733 2288 inertiam
1757 2232 1964 2302 objicit.
1988 2233 2062 2285 ila
2098 2221 2100 2223 ί

470 2326 567 2380 per
613 2315 931 2384 prophetam
988 2317 1244 2388 Aggzeum
1308 2319 1571 2390 loquens;
1619 2341 1638 2376 ι
1677 2323 1916 2394 Populus
1974 2325 2062 2380 hic

470 2401 603 2456 dicit
635 2418 648 2454 :
679 2401 795 2458 Non
832 2406 981 2460 venit
1012 2415 1225 2477 tempus
1249 2409 1550 2466 aediﬁcandi
1580 2413 1796 2468 domum
1827 2415 2060 2469 Domini.

471 2489 528 2542 Si
585 2500 792 2561 tempus
845 2493 1061 2562 quidem
1114 2495 1266 2552 vobis
1311 2508 1393 2553 est
1436 2499 1683 2557 habitare
1708 2502 1762 2556 in
1815 2502 2064 2557 domibus

471 2582 744 2648 concavis,
778 2573 974 2639 domus
1003 2595 1186 2639 autem
1216 2585 1430 2641 Domini
1479 2587 1582 2643 ista
1634 2603 1744 2644 non
1797 2589 2062 2646 aediﬁcata

470 2679 553 2725 est
579 2672 676 2725 ⁸³.»
706 2671 838 2727 Cum
871 2675 1035 2740 enim,
1066 2685 1124 2731 ut
1151 2677 1283 2746 dixi,
1307 2681 1356 2733 in
1388 2679 1689 2734 socordiam
1714 2689 1767 2734 et
1791 2679 2066 2750 negligen-

475 2760 606 2814 tiam
652 2765 885 2821 maxime
925 2768 1341 2824 conducibilium
1386 2771 1834 2841 praecipitassent,
1861 2772 2065 2827 crebris

472 2853 803 2919 egestatibus
826 2857 1048 2913 etbellis
1085 2873 1113 2912 a
1145 2859 1337 2916 vicinis
1363 2859 1745 2916 multabantur.
1774 2861 2064 2931 Postquam

471 2950 648 2996 autem
682 2947 936 3014 templum
989 2949 1404 3018 reaediﬁcarunt,
1468 2952 1727 3022 supplicia
1773 2952 2064 3018 desierunt,

473 3046 525 3088 et
578 3039 936 3108 suppetebant
991 3040 1092 3095 illis
1153 3042 1354 3108 omnia,
1412 3043 1804 3113 utebanturque
1909 3045 2067 3098 rebus

474 3131 896 3188 secundissimis.
953 3131 1160 3189 Idcirco
1187 3136 1262 3190 ait
1295 3154 1308 3190 :
1344 3154 1362 3188 ι
1399 3136 1538 3190 Ante
1565 3137 1679 3191 dies
1730 3135 1882 3203 istos,
1920 3154 1938 3187 ›
1969 3137 2068 3189 hoc

2165 1953 2351 2023 μάτων
2387 1951 2744 2022 πλαττόμενοι
2773 1949 2988 2010 σπάνιν,
3027 1947 3156 2000 ποτέ
3193 1945 3250 1999 δὲ
3281 1943 3388 1996 τῶν
3423 1942 3741 1996 κωλυόντων

2161 2043 2463 2112 οἰκοδομεῖν
2505 2040 2834 2112 δυστροπίας
2883 2033 3368 2108 προφασιζόμενοι.
3410 2029 3544 2086 Εἶτα
3570 2047 3738 2102 προσ-

2161 2135 2450 2207 κρούοντες
2480 2134 2615 2205 πρὸς
2657 2133 2814 2185 τοῦτο
2851 2131 2988 2202 Θεῷ,
3046 2131 3266 2200 συχναῖς
3319 2125 3411 2180 καὶ
3475 2123 3739 2178 ἁλλεπαλ-

2162 2226 2342 2298 λήλοις
2373 2223 2620 2279 ἐπαίοντο
2671 2225 2924 2293 πληγαῖς,
2973 2220 3273 2292 ἁκαρπίαις
3330 2218 3394 2288 δὴ
3432 2215 3598 2283 λέγω,
3645 2214 3740 2268 καὶ

2163 2315 2605 2386 ἀνεμοφθορίαις,
2647 2315 2740 2367 καὶ
2784 2313 2892 2365 τῶν
2931 2311 3148 2383 ὁμόρων
3176 2307 3343 2361 ἐθνῶν
3376 2305 3584 2376 ἐφόδοις
3646 2302 3737 2356 καί

2163 2406 2552 2476 καταδρομαῖς.
2609 2401 2918 2472 Ἐπίκλημα
2953 2400 3008 2452 δὲ
3054 2399 3234 2461 αὐτοῖς
3297 2395 3534 2449 ἐποιεῖτο
3567 2393 3594 2445 6
3632 2389 3738 2443 τῶν

2163 2495 2297 2549 ὅλων
2327 2495 2459 2558 Θεὸς
2487 2492 2547 2548 τὸ
2570 2491 2830 2564 ῥᾴθυμον,
2879 2488 3020 2542 οὕτω
3051 2487 3226 2556 λέγων
3275 2483 3362 2537 διὰ
3391 2480 3575 2551 φωνῆς
3616 2479 3728 2545 Ἀγη

2164 2587 2317 2655 γαίου
2341 2584 2432 2639 τοῦ
2456 2585 2754 2654 προφήτουο
2798 2601 2816 2633 ‹
2857 2581 2913 2634 ὐ
2953 2578 3081 2642 λαδς
3131 2569 3284 2639 οὗτος
3326 2573 3595 2642 λέγουσιν’
3628 2569 3737 2638 Οὐχ

2162 2681 2290 2750 ἥκει
2330 2680 2358 2732 6
2395 2676 2584 2747 καιρὸς
2635 2674 2728 2728 τοῦ
2775 2671 3127 2742 οίκοδομῆσαι
3165 2669 3258 2722 τὸν
3310 2661 3456 2719 οἶκον
3505 2660 3732 2750 Κυρίου.

2166 2749 2228 2824 El
2254 2769 2444 2839 καιρὸς
2474 2767 2570 2839 μὲν
2598 2767 2726 2835 ὑμῖν
2764 2766 2878 2818 ἐστι
2911 2761 3006 2816 τοῦ
3062 2762 3228 2814 οίκεῖν
3259 2758 3317 2810 ἐν
3369 2755 3541 2816 οἴκοις
3568 2749 3737 2804 κοιλοο

2169 2861 2462 2929 στάθμοις,
2521 2860 2549 2912 6
2590 2857 2645 2911 δὲ
2703 2851 2848 2920 οἶκος
2913 2855 3101 2924 Κυρίῳ
3156 2852 3254 2904 οὐκ
3313 2847 3674 2919 ᾠκοδόμηται.
3715 2860 3732 2890 ι

2180 2951 2660 3014 ’Λναπεπτωκότες
2690 2951 2821 3020 γὰρ,
2857 2949 2931 3011 ὡς
2985 2948 3140 3017 ἔφην,
3175 2947 3250 3008 είς
3287 2939 3580 3014 ῥᾳθυμίας,
3621 2935 3738 2994 ταῖς

2168 3046 2274 3102 τῶν
2315 3042 2621 3112 ἀναγκαίων
2658 3041 2884 3103 ἐνδείαις
2947 3035 3305 3092 κατεπαίοντο
3354 3026 3592 3100 συνεχῶς
3648 3025 3738 3078 καὶ

2170 3133 2426 3203 πολέμοις
2447 3134 2559 3194 τοῖς
2579 3131 2834 3199 γείτοσιν.
2881 3127 3097 3196 Ἐπειδὴ
3126 3125 3180 3178 δὲ
3222 3119 3624 3190 ἀνεγηγέρκασι
3651 3113 3738 3166 τὸν

474 3233 575 3290 est,
591 3224 898 3294 priusquam
924 3224 1221 3295 erigeretur
1237 3225 1511 3296 templum,
1533 3244 1552 3278 ι
1572 3219 2065 3281 merceshominum

2172 3225 2317 3289 ναὸν,
2354 3224 2632 3278 πέπαυται
2660 3223 2727 3275 τὰ
2751 3220 2809 3285 ἐξ
2835 3219 3024 3290 ὀργῆς,
3077 3217 3253 3270 πάντα
3286 3213 3342 3264 δὲ
3391 3207 3459 3282 ἦν
3491 3207 3607 3269 ἃλις
3642 3203 3738 3257 αὐ-

478 3331 580 3368 non
603 3319 718 3368 erat
737 3315 801 3368 ad
827 3315 1056 3380 lucrum,
1075 3328 1126 3372 et
1151 3317 1737 3386 mcrcesjumentorum
1761 3333 1863 3372 non
1891 3327 2025 3372 erat.
2042 3336 2059 3368 ι

477 3404 745 3474 Agricola:
795 3407 935 3458 enim
968 3407 1084 3460 sine
1116 3409 1384 3471 mercede,
1415 3417 1466 3463 et
1495 3409 1654 3464 nullis
1680 3408 1836 3478 plane
1883 3408 2068 3461 fructi-

480 3496 582 3545 bus
634 3491 893 3557 collectis,
952 3507 1071 3546 cum
1113 3494 1284 3549 bobus
1328 3511 1432 3548 una
1498 3497 1780 3552 delassatis
1831 3497 1898 3550 ab
1940 3514 2070 3567 agro

481 3579 848 3635 discedebant.
904 3601 925 3632 ι
961 3581 1066 3636 Sed
1108 3597 1279 3652 neque
1309 3584 1734 3655 ingredientibus
1775 3595 1868 3641 aut
1915 3604 2070 3658 egre-

482 3671 753 3728 dientibus
783 3687 881 3744 pax
908 3683 1046 3728 erat.
1083 3692 1100 3725 ο
1133 3673 1498 3745 lngredicntes
1541 3688 1596 3732 et
1639 3677 1977 3747 egredientes
1999 3681 2065 3736 de

484 3763 616 3820 urbe
659 3765 710 3820 in
755 3765 943 3822 urbem
979 3766 1287 3836 aliquando,
1321 3779 1415 3824 aut
1448 3777 1765 3825 mercaturae
1789 3770 2064 3836 faciendas,

483 3864 575 3910 aut
639 3856 776 3912 alius
828 3858 1027 3928 negotii
1097 3875 1259 3914 causa
1321 3860 1724 3928 proﬁciscentes
1781 3863 2052 3917 nominat.

483 3943 667 4016 itaque
701 3962 798 4002 nec
819 3948 924 4003 illis
955 3965 1077 4018 pax,
1108 3951 1302 4019 inquit,
1336 3966 1364 4004 a
1411 3951 1652 4006 ﬁnitimis
1709 3953 1918 4022 populis
1979 3955 2070 4022 qui

485 4035 768 4104 vexabant,
791 4049 846 4092 ut
862 4040 1244 4106 dixi,lsrac|,et
1265 4041 1488 4110 quilibet
1504 4043 1960 4112 consanguineum
1979 4059 2070 4097 seu

485 4129 705 4182 tratrcnt
734 4145 825 4185 seu
857 4130 1088 4186 vicinum
1115 4138 1169 4185 ut
1195 4131 1403 4185 hostem
1423 4132 1704 4200 capitalem
1741 4133 2070 4195 intuebatur,

2166 3320 2296 3380 τοῖς,
2351 3316 2445 3370 καὶ
2493 3313 2626 3368 πολὺ
2669 3315 2768 3384 τῆς
2814 3311 3111 3381 εὐημερίας
3179 3305 3470 3376 παρέκειτο
3520 3298 3736 3357 πλάτος.

2168 3409 2351 3479 Ταύτῃ
2391 3425 2472 3460 τοι
2501 3407 2652 3477 φησί·
2690 3425 2706 3456 ι
2741 3405 2853 3475 Πρὸ
2885 3403 2992 3456 τῶν
3023 3399 3246 3472 ἡμερῶν
3287 3394 3510 3456 τούτων,
3539 3410 3554 3440 ι
3587 3404 3742 3479 τουτο

2172 3500 2452 3568 ἐστι,πρ“ιν
2480 3498 2778 3566 ἀναστῆναι
2809 3496 2897 3547 τὸν
2930 3493 3075 3556 ναδν,
3101 3512 3118 3543 ι
3139 3493 3164 3543 6
3183 3488 3368 3560 μισθὸς
3397 3483 3504 3536 τῶν
3527 3476 3741 3568 ἀνθρῴ-

2173 3607 2289 3643 πων
2316 3588 2414 3641 οὐκ
2447 3583 2514 3658 ἦν
2546 3587 2623 3649 είς
2647 3586 2852 3654 ὄνησιν,
2886 3585 2978 3637 καὶ
3008 3585 3035 3636 ὁ
3067 3579 3250 3652 μισθὸς
3278 3577 3381 3629 τῶν
3408 3568 3620 3642 κτηνῶν
3643 3566 3742 3634 οὐχ

2172 3680 2439 3752 ὑπῆρχεν.
2532 3677 2787 3749 Ἀμισθοι
2820 3676 2927 3747 γὰρ
2960 3677 3007 3728 oi
3034 3672 3283 3742 γηπόνοι,
3317 3667 3407 3720 καὶ
3433 3659 3583 3717 οὐδὲν
3607 3657 3743 3752 ὅλως

2172 3749 2667 3844 συναγηγερκότες,
2715 3768 2849 3838 ὁμοῦ
2906 3770 3018 3829 τοῖς
3081 3757 3493 3832 συγκεκμηκόσι
3564 3749 3741 3822 βουσὶν

2171 3866 2570 3938 ἀπηλλάττοντο
2601 3862 2709 3915 τῶν
2739 3860 2944 3930 ἀγρῶν.
2970 3879 2985 3909 ι
3011 3855 3148 3909 Ἀλλ’
3177 3853 3298 3907 οὐδὲ
3321 3852 3431 3913 τοῖς
3452 3849 3742 3912 ἐκπορευο-

2173 3937 2412 4027 μένοιςῆ
2457 3957 2568 4017 τοῖς
2608 3949 3083 4021 εἰσ-πορευομένοις
3136 3942 3205 4017 ἦν
3234 3943 3447 4014 εἰρήνη.
3495 3957 3512 3989 ι
3549 3937 3745 3988 Eis-1:0-

2172 4047 2498 4118 ρευομένους
2526 4046 2585 4100 δὲ
2622 4045 2716 4100 καὶ
2771 4038 3238 4113 ἐκπορευομὲπυς
3271 4035 3397 4096 τοὺς
3439 4032 3502 4082 ἐκ
3535 4025 3742 4118 πόλεως

2171 4114 2251 4202 εἰς
2304 4114 2455 4192 πόλιν
2512 4139 2688 4200 ἰόντας
2736 4134 2844 4188 ἐσθ’
2875 4135 2962 4186 ὅτε
3020 4129 3205 4201 φησιν,
3264 4127 3297 4197 ἢ
3340 4123 3399 4176 τ’)
3445 4114 3743 4191 ἐμπορικὸν

485 4220 704 4290 ἔχοντας
725 4222 1270 4294 ἐπιτήδευμα,ἧγον.›ν
1289 4224 1382 4278 καὶ
1403 4225 1603 4296 ἐτέρων
1627 4225 1792 4279 ἓνεκα
1828 4228 2192 4298 πραγμάτων.
2234 4230 2442 4284 Οὐκοῦν
2510 4229 2631 4282 οὐδὲ
2703 4227 2932 4288 ἐκείνοις
2977 4225 3201 4293 εἰρήνη.
3271 4217 3423 4286 φηπὶ,
3495 4212 3604 4266 τῶν
3641 4225 3744 4312 ίξμ⁹

483 4316 623 4385 όρων
675 4313 844 4368 ἐθνῶν
881 4316 1350 4389 ἐκλελυπηκότων,
1393 4317 1468 4382 ὡς
1515 4318 1683 4389 ἔφην,
1733 4317 1814 4373 ἔτι
1861 4320 1952 4373 τὸν
1993 4321 2228 4396 Ἰσραὴλ,
2298 4327 2391 4378 καὶ
2424 4323 2654 4376 ἑκάστου
2684 4319 2972 4390 βλέποντος
3037 4315 3112 4378 ὡς
3159 4313 3253 4370 ἕνα
3289 4309 3394 4363 τῶν
3451 4307 3534 4360 ὅτι
3585 4301 3740 4374 μάλι-

487 4427 586 4462 στα
638 4409 845 4482 ἐχθρῶν
884 4410 974 4463 τὸν
1003 4411 1170 4479 ἐγγὺς
1209 4409 1267 4476 ἐξ
1295 4411 1546 4479 αἵματος,
1587 4411 1619 4481 ἢ
1653 4412 1746 4467 καὶ
1794 4412 2054 4482 ἀδελφὸν,
2094 4416 2125 4488 ἢ
2161 4399 2252 4470 καὶ
2291 4417 2528 4486 γείτονα.

556 4502 848 4557 Sciendum
887 4517 1033 4565 vero,
1067 4503 1376 4570 priusquam
1411 4504 1642 4558 hominis
1690 4513 1937 4558 naturam
1968 4507 2058 4560 Dei
2098 4524 2136 4574 ι)

488 4595 656 4649 Filius
684 4595 1001 4660 susciperet,
1041 4604 1091 4647 et
1123 4593 1363 4646 Ecclesia
1398 4595 1835 4660 constitm-retur,
1871 4597 2070 4650 nullam

488 4685 655 4739 fuisse
679 4686 979 4738 mercedem
1024 4683 1349 4747 hominibus,
1408 4683 2066 4755 ncqne721jumentis.

487 4775 619 4830 Nam
643 4776 693 4830 in
717 4775 815 4831 hac
837 4774 940 4828 vita
967 4774 1170 4828 ratione
1193 4773 1533 4839 excellentes,
1563 4787 1614 4829 ct
1639 4779 1934 4845 prudentiae
1952 4781 2064 4849 opi-

489 4869 646 4923 nione
662 4866 979 4938 insignes,et
996 4864 1088 4934 qui
1109 4865 1354 4919 homines
1376 4881 1592 4921 numera
1605 4869 1642 4921 ri
1661 4870 2073 4936 possent,inlru-

486 4974 728 5018 ctuosam
763 4971 816 5016 et
842 4959 1082 5033 inutilem
1097 4975 1316 5028 operam
1342 4960 1394 5014 in
1415 4960 1689 5030 discipulis
1719 4964 2069 5030 ponebant,et

491 5068 662 5122 neque
709 5049 986 5122 singulare
1061 5050 1330 5118 quippiam
1383 5050 1575 5105 litteris
1634 5051 2064 5121 consignabant,

493 5159 669 5212 neque
697 5142 818 5197 aliis
843 5151 934 5194 aut
960 5140 1328 5209 intelligendo,
1361 5153 1452 5195 aut
1508 5143 1774 5212 loquendo
1807 5145 2063 5212 prodesse

493 5244 756 5302 poterant.
817 5233 1078 5289 Similiter
1127 5234 1217 5303 qui
1263 5235 1464 5305 vulgari
1509 5245 1563 5290 et
1599 5239 1859 5307 pecudum
1923 5251 2072 5290 more

493 5326 658 5396 vitam
709 5323 995 5391 ducebant,
1073 5326 1277 5394 absque
1335 5328 1578 5383 mercede
1649 5327 2067 5396 permanebant:

494 5415 945 5483 ncquibantenim
973 5416 1264 5487 quidquam
1294 5416 1401 5473 Deo
1428 5420 1708 5490 probatum
1764 5434 1940 5488 agere.
1967 5416 2070 5471 Sed

498 5520 670 5574 neque
691 5517 803 5561 erat
833 5508 1056 5560 omnino
1083 5524 1181 5576 pax
1234 5510 1285 5563 in
1341 5522 1502 5574 terra,
1565 5529 1722 5582 grege
1772 5515 2069 5567 dtcmonmn

496 5598 670 5652 omnia
702 5601 1053 5666 permisccute
1099 5609 1146 5652 et
1181 5605 1432 5655 mundum
1467 5607 1691 5658 tunmltu
1724 5605 1994 5672 implente,
2019 5613 2073 5655 ut

569 5770 609 5812 ³⁵
639 5777 773 5851 Αίςς.
810 5791 847 5839 ι,
876 5775 927 5840 5,
971 5775 1023 5827 4.

2252 4509 2445 4564 Ἰστέον
2479 4508 2556 4573 δὲ,
2594 4507 2675 4560 ὅτι
2720 4504 2848 4576 πρὶν
2902 4497 3319 4570 ἐνανθρωπῆσαι
3362 4493 3454 4547 τὸν
3499 4493 3741 4559 Μονογε-

2172 4601 2268 4668 νῆ,
2320 4599 2414 4654 καὶ
2476 4593 2860 4666 ἀναδειχθῆναι
2917 4591 3015 4661 τὴν
3068 4586 3419 4656 Ἐκκλησίαν,
3472 4583 3648 4646 οὐδεὶς
3679 4579 3744 4652 ἦν

2172 4696 2282 4754 τοῖς
2314 4689 2621 4760 ἀνθρώποις
2647 4687 2856 4756 μισθὸς,
2888 4682 3012 4736 οὔτε
3058 4680 3162 4750 μὴν
3195 4682 3307 4742 τοῖς
3361 4678 3638 4747 κτήνεσιν.
3683 4673 3745 4724 Οἵ

2171 4800 2227 4835 τε
2264 4783 2369 4853 γὰρ
2405 4782 2462 4832 ἐν
2497 4780 2635 4850 τῷδε
2670 4777 2747 4848 τῷ
2788 4777 2887 4848 βίῳ
2931 4771 3302 4842 λογικώτεροι,
3345 4771 3440 4823 καὶ
3480 4766 3744 4827 συνέσεως

2169 4877 2384 4944 ἔχοντες
2417 4871 2594 4936 δόξαν,
2637 4870 2684 4922 οἳ
2743 4869 2805 4939 δὴ
2854 4867 2948 4920 καὶ
2998 4864 3272 4935 ἄνθρωποι
3306 4859 3610 4930 νομισθεῖεν
3659 4855 3741 4918 ἂν,

2168 4963 2374 5034 ἀκερδῆ
2408 4961 2502 5014 καὶ
2524 4961 2795 5029 ἄχρηστον
2825 4957 2924 5027 τὴν
2964 4960 3019 5007 ἐν
3057 4953 3170 5016 τοῖς
3203 4953 3383 5019 λόγοις
3408 4945 3550 5020 εἶχον
3579 4964 3743 5000 σπου-

2165 5055 2281 5124 δὴν,
2335 5051 2456 5105 οὔτε
2507 5047 2909 5119 συγγράφοντες
2947 5064 2996 5098 τι
3060 5043 3166 5095 τῶν
3225 5040 3556 5106 ἀναγκαίων,
3622 5036 3743 5091 οὗτε

2171 5145 2275 5214 μὴν
2312 5146 2452 5196 νοεῖν
2505 5142 2536 5210 ἦ
2579 5141 2758 5193 λαλεῖν
2818 5138 3028 5208 ἑτέροις
3078 5135 3385 5203 δυνάμενοι.
3433 5130 3662 5200 Ὁμοίως
3691 5129 3744 5180 δὲ

2173 5236 2265 5288 καὶ
2325 5236 2372 5286 oi
2419 5232 2509 5286 τόν
2569 5231 2821 5299 ἀγελαῖον
2849 5230 2943 5281 καὶ
2992 5225 3235 5296 κτηνώδη
3293 5223 3573 5294 τρίϐοντες
3635 5221 3746 5290 βίον

2171 5324 2392 5392 ἄμισθοι
2449 5321 2735 5374 διετέλουν·
2773 5320 2832 5371 οὐ
2879 5320 2987 5387 γὰρ
3038 5313 3104 5386 ἦν
3148 5313 3483 5386 ἐργάσασθαί
3543 5329 3593 5364 τι
3639 5313 3744 5364 τῶν

2171 5415 2578 5484 ἐπαινουμένων
2603 5412 2751 5484 παρὰ
2779 5410 2916 5479 Θεῷ.
2965 5409 3104 5462 Ἀλλ’
3135 5408 3256 5460 οὐδὲ
3279 5403 3345 5478 ἦν
3367 5407 3502 5468 ὅλως
3530 5407 3619 5457 ἐπὶ
3648 5405 3746 5469 γῆς

2171 5510 2384 5578 εὲρῄνη,
2421 5507 2519 5575 τῆς
2557 5504 2662 5558 τῶν
2708 5502 2998 5574 δαιμονίων
3053 5500 3252 5569 ἀγέλης
3288 5495 3634 5565 διακυκώσης
3680 5493 3747 5544 τὰ

2175 5600 2371 5660 πάντα,
2403 5599 2491 5649 καὶ
2541 5595 2767 5666 θορύϐου
2799 5594 2999 5664 μεστὴν
3033 5591 3436 5660 ἀποσκινούσης
3480 5587 3575 5657 τὴν
3607 5588 3740 5655 γῆν,
