4080 6284
334 345 431 400 121

329 459 407 523 ὡς
469 453 609 513 εἶναι
652 459 718 513 τὰ
776 461 986 516 πὰντων
1032 464 1332 536 πράγματα
1404 473 1496 524 καὶ
1581 476 1760 545 μέντοι

331 551 565 614 διανοίας
598 550 672 616 ὡς
723 553 778 605 ἐν
813 552 1026 624 δονήσει
1075 559 1169 610 καὶ
1223 558 1390 628 σάλῳ,
1442 564 1624 616 καὶτὸ
1669 566 1898 639 βεϐηκὸς

331 641 433 694 οὐκ
470 639 634 711 ἔχειν.

312 735 317 739 ’
403 733 510 784 Kal
550 734 666 786 νῦν
701 735 773 788 οὐ
820 736 969 790 κατά
1012 738 1122 805 τὰς
1166 742 1388 811 ἡμέρας
1420 745 1526 810 τὰς
1555 747 1901 819 ἔμπροσθεν

332 821 445 889 ἐγὼ
478 823 706 890 ποιήσω
742 825 866 893 τοῖς
906 832 1295 899 καταλοίποις
1333 835 1438 890 τοῦ
1477 839 1628 892 λαοῦ
1663 843 1897 911 τούτου,

331 913 490 982 λέγει
515 917 729 984 Κύριος
749 920 1344 991 παντοκράτωρ·ἀλλ’
1372 927 1408 994 ἢ
1435 928 1608 993 δείξω
1628 931 1895 1000 εἰρήνην.

341 1003 404 1058 Ἠ
425 1005 696 1075 ἄμπελος
733 1009 909 1064 δώσει
938 1011 1044 1066 τὸν
1086 1017 1320 1083 καρπὸν
1350 1019 1539 1086 αὐτῆς
1560 1060 1575 1083 ,
1613 1022 1711 1075 καί
1746 1025 1784 1092 ἡ
1821 1025 1897 1094 γῆ

326 1097 502 1151 δώσει
540 1099 610 1152 τὰ
645 1101 986 1170 γεννήματα
1015 1105 1228 1174 αὐτῆς,
1253 1108 1351 1161 καὶ
1383 1112 1416 1162 ὁ
1445 1111 1699 1180 οὐρανὸς
1722 1113 1898 1168 δώσει

325 1188 440 1257 τὴν
473 1191 702 1260 δρόσον
746 1193 966 1256 αὐτοῦ,
1007 1195 1105 1248 καὶ
1142 1202 1731 1270 κατακληρονομήσω
1778 1206 1900 1271 τοῖς

324 1284 719 1348 καταλοίποις
749 1285 852 1338 τοῦ
888 1288 1043 1340 λαοῦ
1071 1305 1190 1355 μου
1225 1293 1438 1345 τούτου
1468 1295 1652 1347 ταῦτα
1682 1294 1896 1350 πάντα.

395 1371 531 1424 ME’.
573 1372 981 1443 Συμμεθίστησι
1019 1377 1137 1436 ταῖς
1177 1375 1366 1447 ὀργαῖς
1406 1380 1500 1431 καὶ
1535 1380 1602 1431 τὰ
1630 1379 1690 1444 ἐξ
1720 1381 1899 1435 αὐτῶν

327 1465 722 1534 συμϐαίνοντα,
769 1467 861 1518 καὶ
909 1468 1343 1538 ἁποδραμείσθαί
1393 1487 1558 1538 φησιν
1601 1471 1737 1542 ὁμοῦ
1784 1478 1898 1535 τοῖς

322 1556 433 1607 τῶν
457 1555 946 1624 πλημμελημάτων
972 1561 1184 1627 καιροῖς
1209 1559 1306 1622 τὰς
1327 1560 1500 1620 δίκας.
1531 1562 1897 1634 Πεπαυμένης

322 1647 431 1716 γὰρ
463 1646 564 1715 τῆς
591 1645 899 1715 ἁμαρτίας,
943 1649 1140 1716 μᾶλλον
1184 1648 1240 1701 δὲ
1269 1649 1368 1721 ἤδη
1403 1651 1592 1715 ποινὰς
1623 1653 1721 1716 τὰς
1758 1655 1896 1726 ὑπὲρ

322 1737 492 1806 αὐτῆς
520 1737 861 1800 ὲκτετικότος
892 1739 985 1791 τοῦ
1022 1740 1239 1810 Ἰσραὴλ
1261 1781 1276 1806 ,
1307 1742 1634 1814 καταλήξειν
1663 1744 1767 1815 ἔφη
1797 1746 1894 1810 τὰς

1155 351 1707 417 COMMENTARIUS
1747 361 1814 417 ΙΝ
1854 365 2258 427 ΖΑΟΗΛΒΙΛΜ
2300 373 2746 431 PROPHETAM.

3483 382 3584 436 ΗΞ

1800 479 1898 542 τὰς
1927 483 1970 539 Α
1999 499 2084 540 res
2113 495 2271 556 atque
2299 488 2434 543 adeo
2479 496 2684 544 mentes
2734 488 2974 543 omnium
3016 490 3159 545 velut
3203 504 3586 560 quassarentur

1999 585 2049 630 et
2079 576 2325 632 ﬂuctibus
2370 579 2735 648 pulsarentur,
2775 594 2873 633 nec
2902 579 3247 636 firmitudinis
3291 584 3582 656 quidquam

2001 669 2278 722 haberent.

2071 758 2234 813 Vens.
2269 761 2356 822 Η,
2395 759 2480 814 12.
2523 759 2590 814 Et
2626 775 2762 814 nunc
2786 778 2887 814 non
2934 761 3094 831 juxta
3151 761 3261 814 dies
3311 763 3400 828 qui
3459 779 3587 819 ante

2000 848 2207 916 fuerunt
2231 866 2321 918 ego
2348 851 2543 916 faciam
2577 850 2808 919 reliquiis
2832 849 3011 917 papuli
3034 850 3215 918 hujus,
3237 850 3368 903 dicit
3397 850 3591 904 Domi-

2000 956 2096 992 nus
2127 941 2448 1006 omnipotens
2475 957 2494 995 :
2529 943 2618 994 sed
2648 941 2949 995 monstrabo
2977 957 3179 1009 pacem.
3219 938 3385 995 Vinea
3433 941 3578 994 dabit

2001 1025 2228 1093 fructum
2252 1045 2424 1090 suum,
2453 1038 2502 1082 et
2536 1039 2675 1082 terra
2699 1029 2842 1081 dabit
2863 1029 3093 1099 germina
3118 1045 3236 1094 sua,
3287 1038 3332 1081 et
3391 1029 3576 1082 coelum

1999 1118 2139 1170 dabit
2164 1135 2332 1172 rorem
2368 1121 2881 1189 suum,etpossidere
2929 1121 3131 1189 faciam
3183 1121 3434 1186 reliquias
3482 1135 3574 1188 po-

1998 1205 2108 1274 puh'
2135 1209 2235 1261 mei
2257 1210 2430 1262 omnia
2459 1211 2588 1266 hare.

2071 1385 2226 1440 XLV.
2256 1384 2391 1440 Cum
2425 1385 2504 1439 ira
2531 1383 2832 1438 etiaminde
2855 1385 3225 1453 provenientia
3259 1387 3564 1453 submovet,

1996 1488 2049 1532 ct
2080 1479 2176 1543 ait,
2209 1494 2330 1534 cum
2359 1479 2686 1548 temporibus
2750 1481 3005 1544 peccandi
3064 1480 3220 1534 simul
3269 1495 3454 1550 ρωποι
3478 1495 3570 1535 re-

1997 1584 2269 1624 cessuros.
2325 1569 2492 1625 Facto
2535 1571 2679 1625 enim
2737 1570 2842 1625 (ine
2900 1572 3182 1641 peccandi,
3220 1572 3327 1626 imo
3373 1571 3570 1626 lsraele

1993 1662 2104 1731 jam
2137 1662 2308 1732 plagis
2341 1672 2563 1733 prepter
2587 1672 2871 1733 peccatum
2905 1664 3115 1732 punito,
3141 1662 3407 1718 desituros
3445 1677 3570 1733 pro-

2000 1755 2164 1808 mittit
2194 1755 2550 1818 calamitates,
2575 1754 2719 1824 justo
2763 1755 3074 1819 admodum,
3129 1762 3179 1808 et
3205 1753 3258 1808 in
3296 1762 3568 1822 posterum

326 1825 642 1897 συμφορὰς,
673 1829 768 1880 καὶ
804 1827 949 1898 μάλα
983 1829 1236 1892 εἰκότως,
1278 1832 1372 1885 καὶ
1395 1833 1771 1905 ἁπρακτήσειν
1813 1836 1893 1890 ἔτι

1999 1846 2129 1900 nihil
2159 1848 2312 1901 triste
2342 1845 2394 1900 in
2425 1860 2519 1900 eos
2545 1846 2890 1901 incursurum
2922 1863 2937 1901 :
2970 1845 3279 1901 decrevisse
3324 1845 3468 1899 enim
3516 1845 3568 1898 in

321 1916 420 1985 τὴν
446 1915 558 1969 τῶν
579 1915 817 1986 ἀνιαρῶν
840 1915 1042 1986 ἔφοδον.
1081 1919 1438 1974 Βεὸοὐλευται
1471 1924 1578 1994 γὰρ
1598 1927 1684 1978 ἐπ’
1712 1927 1895 1990 αὐτοῖς

326 2011 422 2063 οὐκ
472 2010 674 2080 ἀδελφὰ
721 2015 835 2076 τοῖς
889 2013 1156 2085 πρώτοις,
1210 2015 1324 2069 ἀλλ’
1366 2017 1467 2070 ὅσα
1519 2019 1704 2088 βλέπει
1759 2021 1895 2092 πρὸς

327 2102 653 2174 ἡμερότητα.
679 2103 863 2158 Ταῦτα
886 2105 941 2158 δὲ
968 2100 1035 2178 ἦν
1064 2108 1287 2178 εἰρήνης
1309 2109 1567 2176 ἐπίδοσις,
1590 2113 1686 2165 καὶ
1718 2113 1891 2184 ἀμφι-

327 2191 500 2262 λαφὴς
546 2192 653 2247 τῶν
699 2193 929 2264 ἡδίστων
971 2197 1154 2261 αὐτοῖς
1205 2199 1456 2269 χορηγία,
1508 2201 1584 2265 ὡς
1629 2202 1892 2275 εὐῦοτρυν

329 2282 426 2352 μὲν
455 2283 684 2353 ὁρᾶσθαι
721 2284 818 2355 τὴν
863 2286 1144 2355 ἄμπελον,
1192 2287 1328 2358 βαθὺ
1375 2291 1430 2344 δὲ
1459 2291 1680 2362 κομῶσι
1718 2293 1890 2365 ληῖοις

321 2372 417 2442 τὴν
441 2372 701 2444 ἀρόσιμον
731 2375 833 2444 γῆν
862 2377 987 2439 τοὺς
1027 2377 1137 2430 τῶν
1168 2380 1424 2448 γηπόνων
1462 2381 1691 2452 ἱδρῶτας
1727 2384 1887 2454 ἀμεί-

318 2463 531 2527 ϐεσθαι,
570 2465 800 2538 οὐρανοῦ
836 2467 1080 2535 δηλονότι
1112 2472 1395 2540 μονονουχὶ
1425 2473 1520 2525 καὶ
1550 2474 1884 2541 συνθέοντος,

315 2557 406 2609 καὶ
456 2558 668 2626 δρόσοις
720 2559 1165 2623 καταπιαίνοντος
1197 2562 1400 2632 ἀγροὺς
1449 2564 1541 2616 καὶ
1587 2566 1654 2619 τὰ
1704 2569 1762 2619 ἐν
1791 2568 1890 2621 αὐ-

311 2646 444 2708 τοῖς.
471 2645 698 2715 Ἕψεται
733 2647 840 2718 γὰρ
881 2648 1096 2712 πάντως
1143 2653 1258 2714 τοῖς
1302 2651 1397 2704 τοῦ
1445 2653 1716 2708 Δεσπότου
1767 2655 1889 2710 νεύ-

315 2752 480 2805 μασιν
504 2737 730 2808 οὐρανός
756 2756 813 2790 τε
846 2738 938 2792 καὶ
971 2742 1062 2810 γῆ,
1099 2743 1191 2795 καὶ
1235 2743 1570 2810 ἁπαξαπλῶς
1620 2748 1651 2816 ἠ
1685 2749 1882 2812 κτίσις.

311 2825 516 2897 Κλῆροι
555 2828 612 2881 δὲ
654 2829 825 2882 ταῦτα
858 2831 936 2900 τῷ
985 2832 1232 2903 Ἰσραὴλ,
1282 2834 1416 2887 Θεοῦ
1465 2837 1887 2908 κατευρύνοντος

307 2918 405 2988 τὴν
435 2919 762 2990 εὐημερίαν,
801 2922 894 2975 καὶ
925 2923 1128 2986 παντὸς
1163 2925 1390 2997 ἀνιαροῦ
1431 2928 1882 2995 ἁπαλλάττοντος.

385 3011 677 3081 Ἃρμόσειε
722 3013 766 3065 δ’
813 3014 879 3066 ἂν
927 3016 955 3067 ὁ
1005 3016 1099 3069 ἐπὶ
1147 3017 1281 3087 τῷδε
1342 3019 1499 3090 λόγος
1549 3022 1626 3092 τῷ
1669 3023 1882 3080 πάντων

303 3102 467 3173 ἡμῶν
505 3103 716 3174 Σωτῆρι
747 3105 987 3176 Χριστῷ.
1040 3107 1153 3177 Πρὸ
1187 3109 1286 3178 μὲν
1315 3109 1426 3181 γὰρ
1473 3112 1580 3165 τῶν
1625 3113 1727 3184 τῆς
1760 3115 1882 3168 επι-

301 3193 508 3265 δημίας
551 3194 758 3264 καιρῶν
793 3195 1115 3268 ἐϐαδίζομεν
1160 3197 1392 3262 ἕκαστος
1435 3201 1574 3254 κατὰ
1620 3204 1680 3255 τὸ
1728 3204 1879 3273 αὐτῷ

298 3283 518 3346 δοκοῦν,
553 3283 798 3354 κτηνώδη
845 3287 941 3338 καὶ
986 3286 1328 3356 ἀλογώτατον
1374 3289 1706 3354 διαϐιοῦντες
1748 3291 1882 3362 βίον,

299 3377 390 3438 καὶ
433 3377 564 3438 ταῖς
623 3375 732 3428 τῶν
779 3375 1071 3447 δαιμονίων
1135 3380 1374 3444 ἀπάταις
1439 3381 1880 3452 συνεζευγμένοι.

314 3469 471 3522 Ἐπεὶ
499 3468 555 3520 δὲ
587 3469 950 3532 πεπτωκότας
989 3472 1311 3542 μονονουχὶ,
1358 3473 1454 3525 καὶ
1507 3477 1882 3546 κατερριμμέ-

299 3579 419 3624 νους
450 3563 536 3624 είς
573 3561 698 3631 γῆν,
727 3562 820 3613 καὶ
844 3562 948 3614 ὑπὸ
973 3562 1141 3625 mea;
1164 3565 1324 3628 ὄντας
1360 3565 1572 3635 ὲχορῶν
1617 3565 1881 3639 ᾤκτειρεν

298 3657 327 3706 ὁ
357 3651 556 3722 Πατὴρ
576 3692 590 3716 ,
616 3651 800 3705 οὐκέτι
834 3671 850 3704 ι
884 3653 1184 3724 πεποίηκεν
1217 3657 1349 3726 ἡμῖν
1382 3656 1524 3711 κατὰ
1549 3657 1645 3722 τὰς
1668 3660 1880 3730 ἡμέρας

296 3745 394 3810 τὰς
423 3744 757 3816 ἔμπροσθεν.
795 3766 812 3798 ι
848 3747 923 3800 Οὐ
954 3745 1064 3816 γὰρ
1098 3749 1362 3819 περιεῖδεν
1408 3749 1489 3807 ἔτι
1523 3750 1877 3806 πλεονεκτου-

299 3838 534 3910 μένους,
582 3836 677 3891 καὶ
721 3837 825 3896 ὑπὸ
853 3839 1103 3910 τυράννῳ
1147 3837 1487 3909 πράττοντας
1532 3842 1702 3913 ὠμῷ,
1741 3845 1877 3916 πρὸς

296 3931 404 3983 πᾶν
428 3925 612 3982 ὁτιοῦν
636 3926 743 3982 τῶν
775 3929 1066 3998 αἰσχίστων
1098 3930 1245 3999 ἡμᾶς
1279 3930 1610 4001 ἀποφέροντι
1637 3950 1650 3963 ’
1679 3935 1877 3990 δέδωκε

293 4017 351 4074 δὲ
387 4019 593 4090 μᾶλλον
630 4021 764 4089 ἡμῖν
806 4019 904 4094 τὴν
946 4018 1006 4094 ἐξ
1067 4019 1310 4092 οὐρανῶν
1365 4023 1586 4093 εἰρήνην
1626 4027 1874 4085 τουτέστι

295 4110 556 4182 Χριστὸν,
605 4109 664 4173 ὃς
701 4110 796 4164 καὶ
833 4111 1051 4182 ἁπάσης
1107 4111 1238 4186 ἡμῖν
1285 4111 1384 4181 τῆς
1425 4114 1733 4185 εὐκαρπίας
1779 4117 1877 4188 τῆς

295 4203 496 4275 νοητῆς
546 4201 846 4273 δεδώρηται
904 4204 1190 4274 χορηγίαν.
1249 4205 1716 4276 Ἐμπεπλήσμεθα
1767 4210 1876 4281 γὰρ

297 4293 448 4346 σίτου
482 4309 542 4346 τε
575 4293 669 4346 καὶ
701 4295 845 4346 οἴνου
867 4333 881 4357 ,
927 4293 1021 4346 καὶ
1055 4292 1366 4366 δεδώρηκεν
1396 4298 1530 4366 ἡμίν
1559 4298 1592 4368 ἡ
1627 4298 1875 4368 ἄμπελος

295 4384 326 4450 ἡ
356 4382 618 4452 ἀληθινὴ,
647 4383 930 4446 τουτέστι,
971 4383 1206 4453 Χριστὸς
1227 4425 1240 4448 ,
1276 4386 1368 4444 τὸν
1408 4388 1608 4457 ἑαυτῆς
1639 4389 1873 4459 καρπον,

1842 3163 1953 3222 ..(3

1997 1937 2113 1994 illos
2135 1939 2374 2007 priorum
2404 1936 2708 2002 dissimilia,
2733 1949 2799 1990 ex
2831 1935 3004 1989 media
3031 1934 3287 1988 nimirum
3310 1945 3568 1986 mansue-

1994 2030 2192 2086 tudine.
2233 2027 2360 2084 Haec
2383 2035 2557 2093 erant,
2615 2027 2768 2100 pacis
2824 2027 3237 2091 incrementum,
3272 2033 3326 2078 et
3389 2037 3567 2077 rerum

1993 2121 2668 2193 ipsisjucuudissimarum
2706 2119 2855 2188 larga
2884 2117 3271 2187 suppeditatio,
3308 2123 3365 2169 ut
3409 2116 3563 2169 vinea

1993 2211 2164 2268 hotris
2192 2209 2446 2281 frequens
2469 2218 2806 2275 cerneretur,
2865 2221 2992 2262 arva
3061 2205 3241 2261 densis
3294 2205 3566 2274 segetibus

1991 2302 2304 2359 colonorum
2348 2300 2634 2356 sudoribus
2681 2300 3094 2368 responderent,
3142 2297 3284 2353 calo
3378 2303 3566 2364 utpote

1989 2396 2141 2466 quasi
2168 2401 2546 2456 concurrente,
2567 2399 2621 2448 et
2655 2392 2870 2446 roribus
2899 2405 3052 2454 rura,
3073 2397 3129 2444 et
3157 2389 3298 2443 ruris
3326 2401 3457 2454 opes
3494 2386 3562 2440 ad

1988 2485 2411 2557 pinguitudinem
2448 2484 2745 2538 nutriente.
2772 2481 2934 2536 Plane
2949 2482 3092 2536 enim
3119 2480 3331 2536 Domini
3398 2489 3564 2532 nutus

1990 2577 2182 2632 caelum
2209 2586 2262 2632 et
2289 2585 2454 2642 terra,
2486 2583 2541 2629 et
2564 2574 2864 2645 generatim
2895 2581 3144 2627 creatura
3185 2571 3364 2625 omnis
3384 2570 3564 2634 sequi-

1989 2675 2096 2723 tur.
2135 2667 2226 2724 Ha:
2257 2666 2478 2722 fuerunt
2509 2675 2684 2723 sortes
2718 2664 2906 2730 Israel,
2941 2664 3050 2718 Deo
3085 2661 3397 2716 felicitatem
3426 2658 3563 2713 dila-

1989 2768 2157 2828 laute,
2193 2768 2247 2815 et
2279 2759 2428 2815 omni
2467 2760 2713 2816 molestia
2737 2758 3023 2814 liberante.

2061 3028 2251 3085 Sermo
2305 3027 2391 3082 hic
2435 3026 2652 3082 Christo
2703 3019 2967 3077 Salvatori
3021 3014 3259 3070 omnium
3314 3019 3557 3066 nostrqu

1991 3123 2282 3192 optabitur.
2316 3119 2449 3174 Nam
2489 3127 2618 3173 ante
2647 3129 2886 3182 tempora
2921 3112 3181 3164 adventus
3230 3104 3347 3174 ejus
3377 3102 3562 3156 ambu-

1988 3215 2230 3268 labamus
2248 3211 2618 3280 unusquisque
2642 3208 2796 3276 juxta
2822 3203 3104 3258 arbitrium
3161 3211 3342 3260 suum,
3386 3194 3554 3248 vitam

1988 3302 2252 3373 pecudum
2279 3309 2333 3354 et
2363 3315 2392 3353 a
2419 3300 2625 3352 ratione
2652 3293 3038 3349 alienissimam
3064 3289 3324 3350 viventes,
3366 3292 3423 3338 et
3447 3287 3556 3338 «ιω-

1989 3408 2206 3448 monum
2239 3389 2520 3446 fraudibus
2547 3386 2740 3442 irretiti
2767 3385 2833 3437 ³⁵.
2864 3383 2962 3438 Ast
2995 3379 3366 3446 ubicollapsos
3423 3389 3556 3443 quo-

1985 3481 2294 3546 dammodo,
2327 3489 2380 3535 et
2421 3485 2740 3549 prostratos,
2776 3484 2831 3530 et
2887 3475 2986 3528 sub
3020 3469 3361 3524 inimicorum
3408 3464 3558 3535 pedi-

1982 3575 2084 3630 hus
2107 3573 2352 3639 iacentes
2373 3571 2660 3624 miseratus
2697 3576 2780 3622 est
2804 3565 2981 3629 Pater,
3017 3577 3122 3616 non
3153 3560 3384 3627 amplius
3414 3575 3432 3608 ι
3476 3555 3553 3608 fe-

1982 3670 2057 3721 cit
2083 3665 2239 3721 nobis
2300 3664 2597 3719 secundum
2632 3662 2747 3715 dies
2774 3660 3000 3729 priores.
3037 3676 3056 3708 ι
3089 3655 3251 3725 722
3274 3652 3387 3707 Non
3410 3651 3554 3703 enim

1987 3772 2175 3828 passus
2197 3767 2279 3811 est
2309 3770 2408 3810 nos
2438 3754 2578 3807 ultra
2607 3749 2908 3818 subjugari,
2931 3754 2986 3800 et
3012 3745 3112 3799 sub
3128 3741 3334 3797 crudeli
3370 3748 3554 3828 tyrans

1985 3827 2053 3901 no
2083 3849 2360 3918 degentes,
2383 3845 2448 3898 ad
2478 3841 2692 3912 quidvis
2727 3835 3158 3907 indignissimum
3191 3828 3421 3890 abduci;
3463 3827 3555 3918 sed

1984 3917 2170 4008 pacem
2203 3937 2268 3991 de
2295 3935 2430 3991 coelo
2467 3931 2780 4002 impertivit,
2834 3929 2938 3982 hoc
2990 3933 3072 3979 est
3115 3921 3412 3981 Christum,
3461 3917 3552 3985 qui

1980 4040 2028 4085 et
2061 4030 2237 4083 omnis
2257 4009 2676 4093 fertilitatisqmc
2696 4029 2874 4074 mente
2895 4013 3368 4086 comprehenditur
3393 4011 3555 4061 uber.

1983 4135 2144 4178 tatem
2181 4121 2334 4176 nobis
2361 4119 2578 4186 largitus
2607 4127 2707 4170 est.
2740 4112 2944 4182 Ropleti
3007 4109 3151 4162 cnim
3190 4120 3377 4158 smnus
3435 4101 3550 4154 fru-

1985 4225 2166 4269 mento
2208 4222 2263 4268 et
2299 4212 2426 4265 vino
2448 4211 2493 4240 ¹⁵
2520 4225 2533 4261 :
2571 4217 2626 4261 et
2665 4205 2809 4260 dedit
2839 4203 2994 4257 nobis
3017 4215 3144 4253 vera
3165 4197 3292 4250 vitis
3321 4195 3392 4258 ’⁷,
3449 4193 3552 4245 hoc

1981 4316 2083 4374 est,
2119 4305 2371 4362 Christus
2394 4304 2626 4356 fructum
2659 4312 2812 4352 suum
2848 4294 3207 4347 laetificantem
3254 4302 3348 4342 cor
3383 4285 3554 4338 homiq

1983 4402 2065 4454 nis
2086 4441 2100 4465 ,
2129 4399 2267 4453 sicut
2301 4394 2562 4464 scriptum
2594 4401 2678 4446 est
2708 4389 2776 4441 ⁸⁸.
2819 4387 2942 4455 Ipse
2983 4389 3140 4438 estet
3169 4393 3394 4448 granum
3438 4375 3550 4426 fru-

292 4475 389 4527 τὺν
440 4473 803 4543 εὐφραίνοντα
848 4476 1074 4545 καρδίαν
1115 4477 1442 4548 ἀνθρώπου,
1494 4479 1634 4532 κατὰ
1679 4481 1740 4532 τὸ
1777 4497 1873 4549 γε·

1987 4492 2145 4545 menti
2177 4490 2242 4556 ³³,
2274 4495 2329 4542 et
2362 4500 2518 4541 sacer
2551 4480 2884 4550 manipulus;
2913 4477 3023 4544 ipse
3063 4472 3241 4527 factus
3266 4477 3350 4523 est
3397 4465 3557 4520 nobis.

292 4563 640 4636 γραμμένον.
679 4563 851 4625 Αὐτὸς
881 4563 936 4615 δὲ
972 4566 1210 4635 ὑπάρχει
1243 4568 1338 4619 καὶ
1376 4569 1406 4618 ὁ
1440 4569 1641 4632 κόκκος
1670 4571 1764 4624 τοῦ
1797 4573 1875 4625 σί-

289 4673 409 4722 του,
440 4654 540 4707 καὶ
581 4654 643 4706 τὸ
683 4653 903 4726 δράγμα
934 4657 993 4708 ac},
1025 4658 1200 4727 ἱερὸν.
1230 4659 1388 4722 αὐτὸς
1429 4661 1559 4730 ἡμῖν
1588 4663 1872 4738 ἀπεφάνθη

292 4748 433 4820 ζωὴ,
467 4747 716 4815 ἀπέδειξε
740 4748 795 4800 δὲ
819 4751 914 4803 καὶ
947 4749 1394 4816 εὐανθεστάτους,
1421 4755 1540 4817 ταῖς
1563 4753 1620 4819 ἐξ
1643 4756 1873 4827 οὐρανοῦ

296 4843 671 4893 καταπιαίνων
709 4840 942 4911 δρόσοις,
982 4840 1141 4910 δῆλον
1180 4840 1236 4894 δὲ
1266 4841 1348 4893 ὅτι
1378 4844 1496 4905 ταῖς
1527 4848 1741 4914 νοηταῖς
1779 4847 1873 4899 καὶ

289 4928 377 4983 διὰ
422 4929 522 4984 τοῦ
562 4930 896 5001 πνεύματος,
932 4925 1006 4984 ὧν
1053 4935 1147 4984 καὶ
1175 4933 1202 4985 ο
1234 4932 1522 4996 Θεσπέσιος
1566 4935 1729 4989 Δαϐὶδ
1757 4937 1872 4990 δια-

293 5023 590 5099 μέμνηται,
621 5022 793 5092 λέγων
813 5039 826 5053 ο
859 5043 874 5073 ι
901 5025 988 5087 Ὠς
1035 5024 1225 5093 δρόσος
1271 5025 1514 5096 Ἀερμὼν
1543 5029 1573 5096 ή
1610 5029 1870 5080 καταϐαί-

291 5133 379 5170 νου
394 5133 455 5168 σα
498 5117 592 5168 ἐπὶ
621 5116 690 5168 τὰ
714 5117 816 5186 ὅρη
849 5116 1008 5172 Σιών.
1049 5137 1064 5167 ι
1103 5117 1284 5169 Ταῦτα
1317 5118 1371 5169 δὲ
1403 5121 1535 5187 ἡμῖν
1581 5123 1637 5171 ἐν
1667 5120 1867 5190 κλήρου

1976 4582 2086 4636 vita
2126 4580 2194 4645 “,
2219 4577 2556 4645 reddiditqne
2587 4569 3001 4628 ﬂorentissimos
3022 4563 3232 4620 caelesti
3294 4576 3416 4616 rore
3472 4561 3552 4612 iu-

1974 4673 2214 4736 cbrians,
2255 4668 2604 4739 intelligibili,
2640 4668 2879 4735 inquam,
2913 4672 2968 4717 et
2989 4658 3280 4729 spirituali,
3304 4656 3459 4724 cujus
3502 4667 3552 4705 ut

1972 4765 2184 4818 divinus
2213 4761 2377 4818 David
2420 4761 2660 4814 meminit
2695 4776 2709 4812 :
2750 4776 2769 4808 ι
2813 4757 2968 4810 Sicut
3024 4769 3112 4810 res
3152 4752 3408 4812 Hermon,
3458 4745 3552 4813 qui

1971 4854 2429 4923 dcsccnditsupcr
2451 4860 2657 4905 montes
2685 4850 2813 4902 Sion
2839 4845 3156 4901 "-"Jﬂacc
3187 4844 3344 4896 nobis
3383 4854 3410 4892 ιι
3444 4838 3554 4890 Deo

1977 4963 2094 5000 sors
2128 4955 2182 5000 et
2216 4959 2344 5015 pars
2375 4945 2511 4998 bona
2554 4941 2801 5009 contigit,
2841 4949 3127 5007 postquam
3178 4932 3304 4986 facti
3365 4945 3550 4981 suinns

1977 5034 2160 5098 Israel,
2189 5038 2409 5097 hocest,
2435 5048 2588 5088 mens
2636 5031 2802 5086 Deum
2849 5033 3080 5085 videns:
3137 5028 3190 5081 in
3233 5024 3367 5078 Filio
3405 5023 3548 5073 enim

1979 5126 2190 5177 Patrem
2225 5126 2456 5178 vidimus
2474 5127 2539 5180 ³³.

295 5209 457 5280 μοίρᾳ
487 5209 636 5279 παρὰ
665 5207 834 5268 Θεοῦ,
901 5209 992 5262 καὶ
1060 5211 1217 5280 μερὶς
1247 5210 1446 5281 ἀγαθὴ.
1522 5213 1725 5266 ὲπείτοι
1771 5215 2075 5285 γεγόναμεν
2115 5217 2347 5288 Ἰσραὴλ,
2405 5217 2672 5280 τουτέστι,
2697 5215 2822 5279 νοῦς
2884 5214 3028 5284 ὀρῶν
3061 5209 3212 5265 Θεόν·
3242 5204 3552 5274 τεθεάμεθα.

293 5302 399 5370 γὰρ
434 5301 492 5353 ὲν
528 5299 648 5370 Υἱῷ
684 5301 774 5352 τον
811 5301 1050 5370 Πατέρα.

363 5395 471 5449 Καί
510 5395 684 5449 ἔσται
724 5395 796 5448 ὃν
849 5398 1073 5462 τρόπον
1118 5393 1222 5465 ἦτε
1261 5399 1329 5450 ἐν
1370 5399 1595 5467 κατάρᾳ
1631 5401 1702 5453 ἐν
1744 5401 1854 5466 τοῖς

295 5484 556 5550 ἔθνεσιν,
587 5487 619 5537 ὀ
642 5481 803 5552 οἶκος
845 5485 1030 5539 Ἰούδα
1054 5485 1148 5538 καὶ
1179 5482 1340 5551 οἶκος
1374 5487 1620 5556 Ἰσραὴλ
1640 5527 1654 5552 ,
1678 5488 1865 5551 οὕτως

365 5685 408 5712 ’⁸
433 5684 627 5750 Eltltt's.
657 5701 713 5743 II.
741 5686 792 5751 9.,
835 5688 886 5740 5.
965 5687 1009 5718 ⁸⁸
1036 5687 1148 5743 Jnt'l
1179 5705 1237 5750 tt,
1282 5691 1360 5742 19.

297 5751 339 5784 ⁸⁸
371 5753 527 5808 Jt'tatt.
575 5771 647 5822 XI,
678 5755 766 5808 ‘25.

1443 5693 1483 5720 ’7
1516 5690 1672 5744 Junii.
1705 5706 1791 5751 xv,
1839 5693 1880 5744 I.

848 5759 958 5787 ³’·’²
989 5757 1127 5811 Paul.
1173 5775 1378 5825 mult,
1420 5761 1470 5815 5.

1962 5693 2002 5720 ’³
2036 5691 2172 5744 υκαι.
2195 5709 2309 5748 om.
2352 5690 2449 5756 15;
2477 5690 2622 5746 Eccl.
2657 5707 2739 5753 ιι,
2773 5688 2860 5741 20.

1554 5761 1596 5788 ³³
1626 5761 1782 5816 Joan.
1822 5778 1928 5828 tm,
1966 5765 2015 5818 9.
2082 5767 2092 5778 '

2049 5395 2211 5451 Vens.
2247 5397 2330 5452 l5.
2350 5396 2414 5449 Et
2434 5398 2530 5450 erit
2554 5398 2688 5448 sicut
2732 5392 2892 5445 cratis
2928 5391 2980 5445 in
3021 5389 3387 5445 maledictione
3415 5392 3550 5446 inter

1975 5501 2169 5557 gentes,
2199 5488 2384 5540 domus
2406 5486 2550 5538 Iuda
2574 5497 2617 5537 cl
2644 5490 2826 5544 donius
2857 5483 3041 5548 Israel,
3070 5483 3146 5538 sic
3175 5482 3385 5537 salvabo
3439 5499 3548 5547 vos,

2946 5689 2987 5719 "
3017 5688 3169 5744 Joan.
3204 5703 3296 5750 xu,
3325 5684 3413 5750 2i,
3450 5683 3549 5738 '25.
