4080 6284
497 340 592 397 i2?

561 453 838 522 Perpende
859 466 1021 522 porro
1072 451 1343 521 quomodo
1369 451 1502 506 nihil
1541 455 1775 522 typicum
1818 461 1910 505 aut
1952 466 2069 504 um-
2105 456 2147 513 Α

493 545 687 601 hratile
711 544 889 599 facere
914 543 1126 612 iubeat.
1163 542 1276 598 Non
1323 545 1468 599 enim
1511 545 1743 613 imperat
1791 542 2076 597 immolare

491 640 677 705 boves,
705 651 803 690 nec
849 636 1137 691 incendere
1207 636 1385 701 thura,
1443 637 1536 690 sed
1591 634 1754 688 veluti
1819 633 2074 703 gracilem

493 728 781 796 quamdam
828 736 882 783 et
907 728 1240 794 tornatilem,
1263 737 1315 781 et
1334 735 1552 781 tantum
1583 741 1686 780 non
1710 725 2075 796 evangelicum

493 821 661 874 vitam
692 836 787 875 eos
819 835 1074 875 exercere
1103 820 1358 890 postulat.
1396 819 1660 886 Quoniam
1691 820 1836 872 enini
1891 820 1943 872 in
1993 817 2078 872 his

493 925 661 980 pauca
710 911 865 965 nobis
897 911 961 965 de
1015 912 1311 966 Salvatoris
1353 911 1585 965 adventu
1630 910 1864 964 indicata
1928 916 2074 972 sunt,

512 1004 694 1058 dcirco
723 1014 776 1058 et
798 1005 1104 1058 mandatum
1141 1003 1322 1058 induci
1406 1017 1628 1057 necesse
1678 1001 1797 1064 fuit,
1823 999 1964 1068 quoi
1996 997 2078 1051 di-

493 1096 614 1149 vina
645 1097 762 1166 eius
786 1097 932 1163 iussa
956 1097 1288 1165 loqueretur.
1324 1096 1382 1149 Si
1425 1097 1566 1150 enim
1588 1095 1741 1148 decet
1770 1109 1869 1146 nos
1895 1092 2074 1145 divina

492 1189 654 1242 verba
673 1201 959 1256 sequentes
984 1189 1127 1259 loqui
1164 1191 1466 1249 veritatem,
1511 1186 1672 1256 725
1720 1199 1840 1254 qua:
1867 1184 2075 1239 Christi

495 1289 612 1332 Sunt
635 1282 856 1334 omnino
873 1281 1232 1335 disseremus:
1258 1279 1505 1332 Christus
1523 1279 1666 1330 enim
1696 1286 1782 1332 est
1797 1275 2075 1330 veritas“.

491 1369 616 1428 ideo
633 1372 1132 1440 etsapientissimus
1172 1371 1361 1423 Petrus
1402 1369 1778 1438 paratissimos
1819 1383 1917 1422 nos
1959 1381 2079 1422 esse

495 1463 746 1531 prtecepit
764 1464 827 1516 ad
846 1464 1274 1532 respondendum
1301 1480 1318 1513 ι
1345 1461 1520 1518 cuivis
1548 1462 1808 1514 rationem
1843 1474 1938 1512 nos
1982 1473 2076 1528 po-

493 1553 660 1604 scenti
685 1553 749 1606 de
760 1567 820 1606 ea
839 1568 953 1622 qua:
973 1554 1022 1605 in
1039 1553 1192 1606 nobis
1210 1564 1294 1606 σει
1310 1551 1474 1622 spe".
1490 1551 1670 1617 ιριιοιι
1686 1553 1729 1604 si
1746 1550 2076 1620 qumChristi

493 1651 619 1695 sunt
636 1642 779 1711 loqui
799 1644 1354 1707 assueveriut,eteum
1372 1643 1422 1696 in
1447 1641 1630 1710 lingua
1650 1640 2079 1709 semporhabue—

493 1735 620 1796 rint,
651 1744 705 1789 et
732 1737 914 1790 animo
963 1745 1017 1789 et
1043 1736 1206 1790 corde
1227 1734 1469 1788 meditati
1513 1731 1887 1800 fuerint,iusti
1921 1734 2078 1800 plane

489 1832 666 1886 erunt.
693 1826 1112 1891 etexcellentes,
1148 1825 1469 1894 pacilicique
1518 1831 1573 1876 et
1612 1826 1791 1886 mites,
1843 1831 1900 1876 et
1923 1822 2068 1877 insu-

491 1934 584 1983 pt‘t‘
618 1917 911 1985 patientes,
938 1927 991 1972 et
1029 1917 1275 1986 peierare
1303 1917 1637 1978 nescientes,
1697 1916 1829 1982 quin
1858 1915 2071 1984 penitus

491 2023 590 2062 nec
619 2007 887 2075 iurantes.
923 2008 1285 2064 Meminerunt
1315 2008 1458 2062 enim
1497 2007 1625 2061 illud
1650 2007 1832 2060 dicere
1867 2024 1878 2057 :
1914 2025 1932 2057 ι
1987 2007 2074 2060 Sit

491 2107 671 2153 autem
701 2115 882 2155 sermo
917 2110 1132 2155 vester:
1169 2100 1283 2166 Est,
1313 2111 1418 2163 cst,
1451 2108 1526 2167 et,
1565 2099 1698 2160 Non,
1737 2114 1842 2154 non
1877 2098 1940 2153 "‘.
1975 2117 1994 2150 ο

1519 337 1577 392 S.
1619 334 1890 392 CYRILLI
1931 334 2398 393 ALEXANDRlNl
2438 339 2756 395 ARCIHEP.

3665 327 3767 385 53.8

2253 455 2444 526 Ἀθρει
2473 455 2528 508 δὲ
2548 455 2696 516 ὅπως
2728 451 2882 508 οὐδὲν
2912 447 3189 504 ἐπιτάττει
3212 449 3344 520 δρᾷν
3375 446 3481 501 τῶν
3505 445 3565 499 ἑν
3586 448 3766 508 σκιαῖς

2183 547 2214 617 ἢ
2249 546 2458 610 τύποις.
2489 548 2562 600 Οὐ
2591 548 2698 618 γάρ
2722 563 2804 599 τοι
2835 545 3032 615 χρῆναι
3064 542 3367 613 βουθυτεῖν,
3401 538 3524 593 οὐδὲ
3559 537 3666 609 μὴν
3690 536 3768 590 λι-

2184 638 2328 708 ϐάνῳ
2366 640 2531 709 τιμᾷν
2579 637 2906 699 ἐντέλλεται,
2961 635 3075 688 ἀλλ’
3111 630 3221 687 οἷον
3256 631 3446 702 ίσχνήν
3479 647 3600 682 τινα
3623 669 3637 692 ,
3674 627 3761 680 καῖ

2183 731 2631 801 τετορνευμὲνην,
2685 729 2843 799 μόνον
2871 728 2928 781 δὲ
2955 728 3079 796 οὐχὶ
3123 724 3218 778 καὶ
3265 721 3628 791 εὖαγγελικὴν
3669 722 3760 772 ἐπ-

2185 823 2424 894 ασκῆσαι
2464 821 2713 893 βούλεται
2738 822 2907 892 ζωήν.
2949 817 3168 887 Ἐπειδὴ
3203 817 3312 885 γὰρ
3345 816 3372 866 6
3405 813 3609 885 βραχὺς
3636 813 3764 880 ἡμῖν

2185 917 2241 966 ὲν
2277 915 2490 978 τούτοις
2539 915 2669 986 περὶ
2697 914 2798 984 τῆς
2846 913 2940 966 τοῦ
2977 912 3233 981 Σωτῆρος
3280 907 3440 978 ἡμῶν
3473 903 3768 974 ἐπιδημίας

2186 1004 2479 1075 πεποίηται
2512 1003 2689 1073 λόγος,
2738 1003 2909 1075 ταύτῃ
2953 1020 3037 1056 τοι
3089 1001 3182 1055 καὶ
3215 997 3531 1067 ἀναγκαίως
3575 993 3767 1064 ἐντολὴ

2187 1096 2565 1164 συνεισάγεται
2610 1096 2681 1149 τὰ
2709 1096 2776 1149 δι’
2809 1093 2976 1149 αὐτοῦ
3009 1093 3248 1147 λαλοῦσαι
3296 1089 3666 1159 θεσπίσματα.
3703 1087 3767 1139 Εἰ

2185 1186 2293 1256 γὰρ
2319 1186 2383 1258 δὴ
2416 1188 2686 1259 προσήκει
2741 1188 2852 1250 τοῖς
2881 1186 3044 1250 θείοις
3074 1187 3221 1256 ἡμᾶς
3250 1182 3552 1254 ἑπομένους
3589 1179 3768 1247 λόγοις

2185 1279 2362 1332 λαλεῖν
2379 1278 2476 1350 τὴν
2501 1279 2782 1349 ἀλήθειαν,
2801 1279 2870 1331 τὰ
2887 1277 3127 1350 Χριστοῦ
3149 1277 3366 1339 πάντως
3389 1269 3768 1342 διαλεξόμεθα·

2186 1372 2420 1442 Χριστὸς
2447 1370 2556 1442 γάρ
2582 1373 2729 1424 ἑστιν
2753 1372 2786 1441 ἡ
2821 1369 3073 1441 ἀλήθεια.
3104 1367 3206 1420 Διὰ
3229 1366 3391 1420 τοῦτο
3420 1365 3515 1418 καὶ
3541 1367 3569 1417 6
3602 1360 3770 1430 σοφώ-

2185 1479 2346 1524 τατος
2376 1462 2581 1532 Πέτρος
2621 1461 3008 1532 ἑτοιμοτάτους
3052 1461 3199 1530 ἡμᾶς
3233 1455 3490 1526 γενέσθαι
3533 1451 3770 1525 προστμ

2185 1567 2317 1620 ταχε
2357 1551 2494 1621 πρὸς
2542 1550 2838 1618 ἀπολογίαν
2887 1570 2906 1602 ι
2948 1550 3113 1604 παντὶ
3166 1549 3247 1619 τῷ
3304 1545 3580 1620 ἑρωτῶντι
3623 1545 3770 1614 ἡμᾶς

2184 1642 2341 1709 λόγον
2379 1642 2506 1712 περὶ
2533 1642 2635 1711 τῆς
2663 1641 2830 1713 οὔσης
2863 1643 2921 1696 ἑν
2943 1643 3075 1714 ἡμῖν
3102 1641 3340 1703 ἐλπίδος.
3378 1658 3396 1691 ι
3436 1640 3499 1691 Ei
3526 1637 3584 1689 δὲ
3613 1635 3678 1706 δὴ
3701 1634 3766 1689 τὸ

2186 1731 2424 1801 Χριστοῦ
2460 1732 2643 1786 λαλεῖν
2673 1731 3010 1803 εἰθισμένοι,
3068 1730 3161 1784 καὶ
3201 1729 3364 1782 αὑτὸν
3414 1727 3629 1797 ἔχοντες
3678 1724 3770 1777 ἐπὶ

2171 1822 2425 1895 γλώσσης
2458 1825 2565 1892 ἀεὶ,
2597 1825 2692 1878 καὶ
2721 1823 2834 1890 νοῦ,
2866 1825 2962 1878 καὶ
2993 1823 3244 1894 καρδίας,
3284 1821 3516 1892 μελέτην
3541 1835 3771 1887 πεποιη-

2183 1916 2355 1987 μένοι,
2387 1917 2588 1970 δίκαιοί
2620 1935 2724 1970 που
2754 1917 2974 1978 πάντως
3008 1914 3118 1969 εἷεν
3149 1915 3235 1981 ἂν,
3273 1915 3368 1967 καὶ
3392 1915 3460 1984 τῇ
3492 1912 3635 1965 κατὰ
3663 1910 3772 1962 πᾶν

2181 2009 2362 2063 ὁτιοῦν
2421 2008 2676 2081 ὀρθότητι
2728 2009 3166 2079 διαπρέποντες,
3231 2003 3498 2076 είρηνικοί
3555 2019 3616 2055 τε
3677 2001 3766 2055 καὶ

2181 2099 2369 2168 πρᾶοι,
2411 2097 2506 2150 καὶ¹
2536 2098 2674 2169 πρός
2699 2114 2761 2167 γε
2788 2096 2963 2167 τούτῳ
2991 2097 3085 2150 καὶ
3115 2095 3450 2162 ἀνεξίκακοι,
3479 2095 3572 2146 καὶ
3601 2091 3764 2162 ψευδ-

490 2193 674 2264 ορκεῖν
701 2192 802 2246 οὐκ
827 2192 1051 2258 εἰδότες,
1099 2191 1298 2264 μᾶλλον
1346 2192 1403 2244 δὲ
1449 2191 1566 2245 οὐδὲ
1600 2176 1863 2262 ὀμνύντες
1908 2190 2068 2256 ὅλως.
2104 2191 2544 2264 Διαμέμνηνται·
2577 2191 2685 2260 γὰρ
2744 2191 2996 2259 λέγοντος
3022 2189 3188 2244 αὑτοῦ
3210 2205 3222 2218 ³
3263 2189 3478 2242 (Ἔστω
3513 2186 3570 2259 δὲ
3607 2185 3760 2257 ὑμῶν

490 2285 518 2336 6
547 2282 705 2350 λόγος
731 2283 793 2336 τὸ
819 2283 949 2349 Ναὶ,
980 2283 1092 2350 ναὶ,
1126 2285 1220 2338 καί
1250 2283 1311 2337 τὺ
1345 2281 1442 2349 Οὒ,
1477 2283 1561 2337 οῦ.
1594 2303 1614 2335 ι

567 2373 730 2430 Vens.
762 2373 851 2440 18,
885 2375 971 2429 19.
1011 2373 1073 2428 Et
1100 2375 1272 2444 [actus
1299 2385 1370 2428 est
1393 2390 1562 2428 sermo
1583 2374 1791 2428 Domini
1838 2374 2081 2443 omnipo-

491 2469 646 2521 tentis
689 2467 757 2521 ad
783 2483 882 2530 me,
911 2466 1090 2521 dicens
1119 2483 1138 2520 :
1175 2465 1304 2520 Harc
1339 2466 1467 2519 dicit
1539 2465 1793 2519 Dominus
1839 2466 2083 2535 omnipo-

491 2569 602 2613 tens
634 2575 653 2612 :
697 2548 970 2624 Jejunium
996 2568 1262 2629 quartum,
1283 2566 1333 2612 et
1359 2557 1626 2627 jejunium
1645 2558 1905 2628 quintum,
1933 2540 2079 2626 etjs-

488 2646 697 2718 iunium
727 2652 1030 2720 septimum,
1066 2661 1111 2702 et
1137 2649 1406 2720 jejunium
1436 2649 1697 2703 decimum
1723 2660 1874 2702 erunt
1899 2649 2081 2703 domui

491 2741 631 2794 Judu
656 2743 709 2795 in
731 2742 1006 2812 gaudium,
1033 2752 1080 2795 et
1104 2742 1158 2794 in
1200 2741 1464 2804 (mitium,
1487 2750 1536 2794 et
1569 2741 1622 2794 in
1652 2741 1958 2809 festivitates
1987 2743 2079 2796 bo-

494 2849 608 2891 nas,
653 2843 699 2886 et
741 2834 1074 2900 hetabimini,
1133 2841 1181 2888 et
1218 2832 1512 2902 ,veritatem
1581 2840 1630 2886 et
1707 2848 1890 2902 pacem
1954 2833 2080 2886 dili-

492 2918 601 2987 gite

564 3003 745 3059 XLIX.
784 3004 1158 3062 Necessarium
1198 3009 1336 3065 duco
1361 3009 1600 3066 discendi
1629 3010 1837 3080 cupidis
1865 3027 2078 3068 rursum

491 3095 638 3162 prius
704 3111 1187 3165 exponerecausas
1213 3099 1570 3178 ieiuniorum,
1627 3104 1694 3156 de
1748 3104 1948 3173 quibus
1978 3104 2079 3158 hoc

2255 2374 2366 2428 Καὶ
2395 2372 2634 2441 ἐγένετο
2660 2373 2846 2442 λόγος
2868 2371 3091 2439 Κυρίου
3116 2369 3602 2438 παντοκράτορος
3625 2372 3772 2438 πρὸς

2176 2464 2276 2534 μὲ,
2338 2464 2525 2533 λέγων
2549 2480 2562 2494 ο
2622 2461 2768 2517 Τάδε
2831 2462 2995 2532 λέγει
3043 2462 3263 2530 Κύριος
3313 2460 3768 2530 παντοκράτωρ.

2181 2556 2446 2625 Νηστεία
2474 2555 2512 2623 ἡ
2548 2555 2791 2623 τετρὰς,
2839 2555 2939 2608 καί
2973 2553 3228 2622 νηστεία
3263 2553 3302 2621 η
3358 2553 3634 2622 πέμπτη,
3671 2553 3768 2607 καί

2181 2651 2435 2719 νηστεία
2457 2650 2494 2717 η
2529 2649 2748 2719 ἑϐδόμη
2766 2691 2780 2714 ,
2807 2648 2909 2703 καὶ
2936 2648 3188 2718 νηστεία
3221 2649 3259 2716 ἠ
3283 2647 3504 2716 δεκάτη
3530 2647 3772 2702 ἔσονται

2181 2742 2265 2808 τῷ
2303 2744 2450 2808 οἴκῳ
2494 2743 2684 2798 Ἰούδα
2716 2744 2802 2808 είς
2832 2743 3044 2812 χαρὰν,
3075 2741 3177 2796 καί
3221 2740 3633 2810 εὐφροσύνην,
3673 2741 3770 2795 καὶ

2179 2840 2268 2903 είς
2293 2837 2497 2905 ἑορτὰς
2533 2835 2779 2907 ἀγαθὰς,
2825 2837 2922 2890 καί
2969 2834 3489 2904 εὐφρανθήσεσθε,
3527 2834 3626 2887 καὶ
3660 2833 3772 2902 τὴν

2181 2928 2473 2994 ἀλήθειαν
2501 2929 2600 2982 καί
2630 2929 2750 2995 τὴν
2771 2926 3024 2996 εἰρήνην
3044 2925 3422 2997 ἀγαπήσατε.

2251 3021 2385 3074 ΜΘ’.
2433 3021 2756 3090 Ἀναγκαῖον
2801 3015 2957 3091 οἶμαι
3022 3021 3134 3082 τοῖς
3177 3016 3508 3088 φιλομαθέσι
3554 3034 3764 3088 προαφ-

2179 3107 2498 3178 ηγήσασθαι
2520 3109 2684 3163 πάλιν
2701 3107 2811 3162 τῶν
2846 3107 3032 3163 ἐνθάδε
3049 3107 3362 3177 λεγομένων
3385 3106 3652 3175 νηστειῶν
3673 3106 3771 3170 τάς

495 3187 610 3240 loco
641 3188 918 3254 dicitur,et
942 3192 1084 3259 quod
1111 3192 1180 3246 sit
1216 3194 1779 3263 quartum,quodnam
1804 3197 2074 3266 quintum,

2182 3201 2384 3266 αἰτίας,
2420 3199 2516 3254 xal.
2552 3199 2683 3255 ποία
2711 3203 2743 3270 ἡ
2775 3199 2972 3270 τετρὰς
3001 3239 3014 3263 ,
3051 3199 3136 3262 τίς
3163 3198 3220 3251 δὲ
3249 3199 3282 3269 ἡ
3313 3197 3560 3269 πέμπτη,
3591 3197 3686 3251 καὶ
3713 3197 3769 3250 ai

493 3286 547 3329 et
620 3278 844 3348 reliqua,
886 3282 1171 3350 septimum
1222 3284 1454 3352 scilicet,
1520 3293 1574 3340 et
1639 3286 1930 3342 decimum.
1995 3286 2086 3342 Sic

493 3367 634 3419 enim
653 3379 953 3437 opportune
966 3380 1020 3425 et
1032 3381 1152 3440 apte
1165 3389 1284 3442 qua:
1301 3375 1372 3428 sit
1386 3377 1706 3431 mandatoru
1723 3394 1770 3430 m
1792 3379 1876 3433 vis
1894 3378 2086 3433 deinde

492 3457 848 3524 enucleando,
875 3460 1245 3531 adiungemus.
1267 3461 1434 3532 Igitur
1465 3475 1620 3534 capta
1641 3476 1825 3522 sancta
1846 3471 2084 3536 civitate,

493 3555 547 3601 et
574 3560 768 3604 exusto
793 3553 1012 3623 templo,
1045 3565 1098 3608 et
1117 3553 1312 3608 lsracle
1339 3555 1498 3610 simul
1521 3572 1642 3612 cum
1669 3559 1811 3614 vasis
1837 3561 2008 3614 sacris
2034 3560 2085 3614 in

495 3641 862 3710 captivitatem
882 3645 1114 3701 abducto
1139 3643 1205 3712 ‘9,
1230 3645 1320 3714 qui
1349 3645 1483 3702 salvi
1509 3650 1786 3716 restabant
1810 3650 1862 3706 in
1880 3649 2082 3716 Judaaa,

496 3734 610 3787 dies
638 3734 832 3803 quibus
855 3737 970 3791 haec
1007 3737 1114 3806 pati
1139 3737 1457 3807 contigisset
1485 3740 1700 3797 odiosos
1753 3752 1808 3798 et
1840 3758 2089 3798 exsecra-

494 3824 630 3881 biles
670 3826 967 3893 habebant,
1007 3829 1277 3897 factisque
1310 3831 1540 3886 canibus
1574 3833 1822 3903 planctus
1881 3835 2086 3890 lamen-

493 3915 830 3985 tationesquc
853 3920 1237 3987 suscipiebant,
1266 3921 1389 3975 cibo
1419 3938 1476 3976 se
1509 3932 1566 3975 ut
1604 3925 1656 3976 in
1698 3923 1923 3993 jeiuuiis
1952 3927 2082 3980 abs-

497 4007 752 4062 tinentes.
810 4010 939 4075 Quae
996 4021 1177 4067 autem
1227 4029 1554 4083 unoquoque
1609 4015 1872 4070 dieruma
1930 4017 2084 4072 nobis

495 4101 653 4155 modo
679 4102 941 4157 dictormu
972 4106 1280 4171 evenerint,
1306 4121 1405 4179 age
1437 4121 1792 4177 exponamus.
1821 4107 1911 4162 Ait
1952 4123 2082 4178 ergo

493 4191 681 4250 beatus
706 4193 968 4253 Jeremias
1000 4217 1013 4254 :
1046 4218 1064 4251 l
1108 4200 1172 4254 Et
1197 4200 1397 4257 factum
1415 4211 1501 4258 est
1537 4202 1592 4256 in
1611 4216 1754 4258 anno
1773 4217 1914 4259 nono
1930 4202 2079 4274 regni

490 4284 629 4354 eius,
681 4286 920 4346 Sedeciae
987 4291 1194 4362 utique,
1253 4291 1307 4348 in
1372 4308 1560 4349 mense
1593 4294 1828 4362 decimo,
1869 4294 2079 4350 decima

489 4378 691 4434 mensis
715 4383 860 4437 venit
901 4382 1398 4441 Nabuchodonosor
1425 4402 1514 4440 rex
1540 4384 1851 4457 Babylonis,
1877 4397 1930 4442 et
1961 4402 2081 4442 ont-

490 4472 576 4526 nis
595 4475 868 4527 exercitus
888 4475 1003 4542 eius
1033 4486 1221 4530 contra
1247 4475 1571 4541 Jerusalem,
1637 4487 1693 4533 et
1751 4478 2076 4533 circumval-

2189 3290 2399 3344 τούτων
2427 3291 2630 3362 ἑφεξῆς
2665 3291 2866 3362 ἑϐδόμη
2905 3307 2965 3344 τε
3006 3291 3102 3344 καὶ
3140 3290 3366 3360 δεκάτη.
3409 3289 3769 3361 Προσεποίσο-

2193 3398 2290 3451 μεν
2325 3381 2434 3454 γὰρ
2459 3382 2634 3448 οὕτως
2676 3383 2768 3436 ἐπὶ
2797 3381 2993 3449 καιροῦ
3030 3381 3126 3435 καὶ
3157 3383 3213 3435 ἑν
3243 3382 3434 3452 κόσμῳ
3459 3380 3646 3435 λοιπὸν
3667 3380 3769 3434 τῶν

2191 3477 2686 3542 προστεταγμένων
2715 3473 2815 3541 τὴν
2847 3471 3098 3542 δύναμιν.
3135 3470 3344 3525 Οὐκοῦν
3383 3470 3523 3542 μετὰ
3549 3471 3612 3525 τὸ
3635 3471 3777 3525 ἁλῶ-

2189 3582 2277 3618 ναι
2308 3563 2406 3634 τὴν
2434 3565 2597 3632 ἁγίαν
2625 3565 2799 3627 πόλιν,
2842 3565 2938 3620 καὶ
2967 3564 3462 3636 κατεμπρησθῆναι
3499 3565 3592 3619 τὸν
3620 3565 3766 3630 ναὸν,

2189 3655 2631 3726 ἁποκομισθῆναι
2655 3655 2712 3709 δὲ
2745 3655 2881 3727 ὁμοῦ
2934 3659 3048 3720 τοῖς
3101 3657 3267 3726 ίεροῖς
3310 3656 3568 3709 σκεύεσιν
3601 3658 3766 3726 αἰχμ-

2189 3746 2394 3800 άλωτον
2423 3746 2516 3804 τὸν
2553 3745 2770 3817 Ἰσραὴλ
2791 3786 2806 3811 ,
2832 3746 2882 3798 oi
2928 3745 3266 3816 σεσωσμένοι
3300 3761 3360 3797 τε
3401 3744 3496 3797 καὶ
3529 3743 3766 3812 περιλει-

2190 3839 2413 3908 φθέντες
2453 3838 2596 3892 κατὰ
2630 3840 2729 3908 τὴν
2773 3838 3054 3902 Ἰουδαίαν,
3089 3838 3189 3901 τὰς
3213 3837 3450 3908 ἡμέρας,
3492 3838 3550 3889 ἑν
3579 3833 3666 3900 αἶς
3694 3836 3764 3890 τὰ

2186 3931 2363 3986 τοιάδε
2408 3930 2602 3986 παθεῖν
2637 3930 2986 4000 συμϐέϐηκεν
3039 3929 3361 3999 ἀποφράδας
3393 3929 3629 4000 ἡγοῦντο
3675 3927 3766 3981 καὶ

2187 4023 2484 4095 στυγητὰς,
2521 4024 2615 4078 καὶ
2661 4023 2725 4094 δὴ
2768 4022 2912 4077 κατὰ
2945 4021 3157 4092 πληθὺν
3191 4021 3526 4086 συνθέοντες,
3555 4019 3767 4092 κομμὸν

2187 4115 2466 4169 ἐποιοῦντο
2495 4115 2591 4170 καὶ
2625 4114 2824 4186 θρῆνον
2851 4155 2866 4179 ,
2912 4115 3228 4180 ἀσιτοῦντες
3271 4117 3347 4181 ὡς
3381 4120 3438 4170 ἐν
3466 4118 3761 4186 νηστείαις.

2185 4207 2319 4261 Τίνα
2341 4206 2396 4259 δὲ
2422 4207 2485 4276 δὴ
2512 4206 2581 4259 τὰ
2615 4206 3002 4277 συμϐεϐηκότα
3062 4207 3154 4261 καὶ
3198 4209 3256 4260 ἐν
3286 4207 3490 4278 ἑκάστῃ
3521 4208 3630 4260 τῶν
3663 4206 3762 4276 ἀρφ

2183 4300 2312 4360 τίως
2347 4298 2478 4367 ἡμῖν
2508 4296 2812 4368 εἰρημένων
2856 4299 3078 4368 ἡμερῶν
3098 4341 3113 4365 ,
3145 4299 3280 4370 φέρε
3306 4300 3579 4370 λέγωμεν.
3614 4297 3758 4368 Ἔφη

2180 4390 2410 4444 τοίνυνὸ
2445 4389 2714 4460 μακάριος
2758 4390 3056 4462 Ἱερεμίας’
3115 4409 3134 4442 ι
3171 4393 3280 4445 Καὶ
3329 4392 3546 4457 ἐγένετο
3586 4393 3644 4444 ὲν
3683 4389 3759 4459 τῷ

2182 4481 2302 4535 ἔτει·
2331 4480 2412 4552 τῷ
2458 4480 2664 4551 ἑννάτῳ
2707 4479 2808 4549 τῆς
2848 4481 3123 4550 βασιλείας
3155 4481 3320 4535 αὑτοῦ
3341 4521 3356 4544 ,
3391 4482 3551 4552 δῆλον
3584 4481 3640 4534 δὲ
3678 4481 3757 4533 ὅτι

490 4561 671 4620 larunt
699 4577 842 4626 eam,
876 4572 930 4618 et
963 4565 1366 4620 acditicaverunt
1386 4567 1591 4622 circum
1621 4581 1743 4622 eam
1797 4567 2066 4636 lapidibus

2182 4574 2446 4640 Σεδεκίου,
2479 4577 2535 4627 ἑν
2569 4573 2648 4643 τῷ
2681 4573 2812 4644 μηνὶ
2843 4573 2922 4643 τῷ
2953 4574 3164 4644 δεκάτῳ
3191 4615 3205 4638 ,
3242 4575 3444 4643 δεκάτῃ
3469 4573 3562 4626 τοῦ
3592 4572 3758 4644 μηνὸς

491 4653 734 4722 quadris,
759 4663 814 4710 et
835 4655 980 4709 venit
1003 4656 1195 4711 civitas
1222 4658 1274 4711 in
1300 4657 1579 4726 angustias
1607 4672 1778 4726 usque
1808 4659 1874 4712 ad
1910 4659 2076 4714 unde-

489 4747 691 4802 cimum
720 4761 919 4801 annum
942 4749 1084 4817 regis
1109 4750 1371 4817 Sedecize,
1401 4751 1454 4805 in
1508 4765 1696 4806 mense
1725 4761 1940 4820 quarto,
1975 4769 2074 4807 no-

493 4853 560 4894 tia
607 4838 696 4893 die
724 4840 947 4894 mensis.
975 4840 1038 4894 Et
1074 4840 1300 4894 invaluit
1330 4841 1500 4897 iantes
1531 4841 1584 4895 in
1624 4841 1866 4908 civitate,
1892 4851 1946 4897 et
1967 4860 2071 4899 non

489 4939 646 4985 erant
684 4946 852 5002 panes
900 4932 1095 5002 populo
1126 4941 1320 4999 teme;
1350 4941 1406 4989 et
1457 4933 1670 5003 dirupta
1743 4943 1831 4989 est
1857 4933 2072 5000 civitas,

489 5029 547 5074 et
567 5034 758 5076 omnes
775 5022 876 5076 viri
908 5023 1204 5077 bellatores
1224 5024 1428 5094 egressi
1462 5033 1590 5079 sunt
1617 5033 1774 5080 nocte
1803 5024 1887 5079 via
1916 5025 2067 5080 urbis

491 5113 633 5168 inter
657 5127 844 5169 muros-
873 5115 1036 5185 726
1061 5123 1118 5169 et
1155 5116 1507 5181 antemurale,
1543 5116 1686 5185 quod
1719 5126 1837 5171 erat
1881 5132 2069 5172 versus

491 5204 706 5260 hortum
754 5207 898 5275 regis
930 5208 998 5262 ⁸ο.
1040 5227 1058 5259 ι
1108 5207 1300 5264 Postea
1331 5210 1475 5264 caede
1513 5209 1804 5266 liberorum
1830 5209 2068 5265 Sedecia:

490 5307 543 5349 et
567 5297 940 5355 exoculatione
964 5301 1084 5370 eius
1115 5301 1384 5369 intersita,
1417 5303 1490 5356 ita
1525 5303 1700 5372 pergit
1735 5317 1748 5354 :
1790 5320 1808 5355 ι
1844 5301 1898 5356 In
1921 5318 2072 5356 men-

492 5402 549 5440 te
588 5386 801 5456 quinto,
834 5389 1042 5445 decima
1067 5392 1266 5445 mensis
1309 5393 1454 5447 venit
1510 5391 1866 5446 Nahuzardan
1921 5393 2071 5458 prin-

489 5494 616 5547 reps
639 5494 958 5548 coquorum,
985 5484 1074 5552 qui
1103 5486 1281 5538 stabat
1310 5495 1435 5540 ante
1469 5485 1657 5540 faciem
1715 5487 1854 5554 regis
1897 5484 2070 5554 Baby-

2177 4655 2308 4729 ἦλθε
2333 4660 2817 4730 Ναϐουχοδονόσωρ
2843 4659 3095 4730 βασιλεὺς
3130 4662 3471 4728 Βαϐυλῶνος,
3495 4664 3587 4716 καὶ
3610 4663 3757 4715 πᾶσα

2177 4753 2209 4822 ἠ
2256 4751 2482 4821 δύναμις
2515 4752 2681 4806 αὑτοῦ
2733 4754 2826 4806 ἐπὶ
2864 4754 3218 4824 Ἰερουσαλὴμ
3242 4798 3257 4819 ,
3293 4731 3387 4810 καὶ
3421 4757 3754 4826 περιεχαράτ

2177 4859 2360 4896 κωσαν
2396 4845 2603 4913 αὐτὴν,
2659 4844 2753 4898 καὶ
2800 4844 3287 4915 περιῳκοδόμησαν
3343 4846 3514 4917 αὐτὴν
3566 4864 3755 4918 τετρα-

2176 4935 2356 4998 πόδοις
2385 4933 2554 4998 λίθοις
2580 4933 2787 5005 κύκλῳ,
2818 4937 2910 4988 καὶ
2939 4933 3103 5008 ἦλθεν
3133 4940 3165 5008 ή
3199 4939 3352 5002 πόλις
3386 4941 3465 5002 είς
3503 4941 3751 5010 συνοχὴν,

2176 5023 2282 5087 ἓως
2309 5024 2596 5077 ἑνδεκάτου
2627 5023 2780 5087 ἔτους
2813 5023 2889 5095 τῷ
2920 5024 3128 5096 βασιλεῖ
3159 5027 3401 5099 Σεδεκία,
3429 5029 3486 5082 ἑν
3523 5030 3653 5099 μηνὶ
3679 5028 3755 5099 τῷ

2177 5116 2438 5186 τετάρτῳ,
2474 5113 2668 5186 ὲννὰτῃ
2709 5114 2804 5168 τοῦ
2841 5116 3026 5186 μηνός.
3062 5118 3174 5171 Καὶ
3201 5118 3513 5191 ἑστερεώθη
3542 5121 3572 5172 6
3599 5119 3754 5191 λιμὸς

2173 5205 2232 5264 ἐν
2275 5207 2341 5275 τῇ
2383 5204 2568 5268 πόλει,
2617 5205 2711 5258 καὶ
2748 5205 2848 5258 οὐκ
2874 5202 3014 5277 ἦσαν
3046 5207 3204 5278 ἄρτοι
3228 5209 3306 5279 τῷ
3343 5209 3458 5281 λαῷ
3487 5212 3588 5281 τῆς
3626 5213 3750 5282 γῆς,

2173 5298 2267 5352 καὶ
2291 5296 2571 5368 διεκόπηή
2602 5297 2786 5362 πόλις,
2831 5300 2922 5351 καὶ
2958 5299 3160 5365 πάντες
3193 5303 3242 5355 οἱ
3285 5303 3479 5374 ἄνδρες
3515 5304 3566 5356 oi
3597 5309 3750 5358 πολεο

2174 5388 2365 5458 μιστα“ι
2408 5387 2632 5458 ἐξῆλθον
2674 5388 2866 5452 νυκτὸς
2905 5391 3044 5444 κατὰ
3083 5393 3184 5462 τὴν
3225 5393 3344 5447 ὁδὸν
3396 5395 3496 5465 τῆς
3543 5395 3749 5459 πόλεως

2170 5479 2444 5549 ἀναμέσον
2471 5478 2566 5532 τοῦ
2605 5479 2816 5548 τείχους
2857 5483 2952 5535 καὶ
2981 5482 3074 5535 τοῦ
3103 5485 3564 5556 προτειχίσματος
3586 5527 3600 5549 ,
3625 5486 3655 5539 ὃ
3681 5482 3748 5556 ἦν

489 5573 650 5635 iouis,
688 5573 738 5627 iu
772 5571 1162 5640 Jerusalem,ct
1189 5580 1468 5633 succendit
1507 5578 1722 5632 domum
1755 5577 1988 5642 Domini,
2013 5584 2069 5631 et

2182 5571 2310 5626 κατὰ
2335 5572 2426 5624 τὸν
2457 5572 2632 5641 κῆπον
2661 5571 2754 5625 τοῦ
2795 5573 3075 5641 βασιλέως.
3115 5594 3130 5625 ι
3165 5573 3296 5630 Εἶτα
3317 5578 3380 5648 δὴ
3411 5578 3576 5647 μέσον
3605 5597 3748 5649 παρ⁸

610 5744 832 5807 "Joau.
872 5771 981 5818 τιν,
1020 5757 1071 5812 6.
1186 5756 1228 5788 ⁸⁷
1269 5756 1306 5808 ll
1347 5755 1489 5810 i‘ctr.
1521 5771 1606 5820 Ill,
1651 5755 1730 5808 l5.

1817 5756 1858 5783 ⁵⁸
1889 5753 2052 5807 Matth
2110 5771 2159 5820 v,
2189 5756 2277 5811 57.

2359 5756 2400 5788 “-
2437 5755 2499 5810 iV
2538 5757 2665 5825 livg.
2712 5771 2835 5819 xxv,
2863 5756 2914 5808 9.
2994 5755 3264 5812 l0.lct'cttt.
3300 5769 3394 5817 Ltt,
3423 5751 3542 5808 5-7.
