4080 6284
391 427 488 487 129

1239 417 1794 479 COMMENTARIUS
1834 417 1901 473 IN
1943 416 2347 473 ZACHARIAM
2386 415 2832 474 PROPH‘ETAM.

3550 421 3649 481 l50

382 542 557 607 ειθεὶς
596 541 703 594 τῶν
740 539 988 595 Σεδεκίου
1026 539 1233 592 παίδων
1282 539 1382 610 τὴν
1425 538 1664 608 σφαγὴν,
1714 533 1879 589 αὐτοῦ
1910 533 1965 588 δὲ

2071 535 2288 590 domum
2339 535 2504 607 regis,
2538 545 2592 590 et
2622 550 2809 590 omnes
2859 534 3048 591 domos
3100 537 3280 604 urbis,
3332 548 3385 594 et
3432 555 3646 595 omnem

380 633 477 704 τὴν
526 632 832 700 τύφλωσιν,
868 629 972 699 ἔφη
1008 629 1190 684 πάλιν⁹
1231 648 1248 682 ι
1291 631 1379 684 Ἐν
1416 629 1546 700 μηνὶ
1584 628 1662 698 τῷ
1696 628 1952 697 πέμπτῳ,

379 723 575 793 δεκάτῃ
598 721 690 774 τοῦ
716 720 883 793 μηνὸς
897 716 1028 791 ἦλθε
1047 719 1438 791 Ναϐουζάρδαν
1486 721 1514 772 6
1536 721 1665 790 ἀρχι
1675 719 1958 788 μάγειρος,

381 813 407 866 6
434 810 676 881 ἑστηκὼς
703 811 846 866 κατὰ
879 811 1172 881 πρόσωπον
1207 809 1301 862 τοῦ
1345 809 1610 879 βασιλέως
1642 807 1958 869 Βαϐυλῶνος

376 905 456 966 είς
492 903 870 974 Ἰερουσαλὴμ,
911 903 1003 957 καὶ
1031 903 1304 972 ἐνέπρησε
1330 903 1420 957 τὸν
1447 898 1594 954 οἷκον
1622 901 1847 971 Κυρίου,
1865 900 1960 951 καὶ

382 994 464 1047 τὸν
488 991 634 1048 οἶκον
664 995 931 1065 βασιλέως
954 1036 970 1060 ,
1027 995 1122 1047 καὶ
1156 995 1334 1057 πάσας
1363 993 1462 1057 τὰς
1495 993 1673 1056 οίκίας
1717 992 1816 1061 τῆς
1863 989 1960 1042 πό-

373 1089 532 1153 λεως,
564 1089 661 1142 καὶ
695 1090 879 1141 πᾶσαν
907 1087 1082 1140 οἰκίαν
1116 1085 1363 1156 μεγάλην
1396 1085 1703 1154 ἐνέπρησεν
1724 1085 1779 1134 ὲν
1801 1081 1956 1152 πυρὶ,

373 1181 468 1233 καὶ
494 1181 602 1233 πᾶν
631 1181 812 1248 τεῖχος
847 1176 1206 1248 Ἰερουσαλὴμ
1237 1175 1426 1244 κύκλῳ
1454 1174 1704 1227 καθεῖλεν
1737 1175 1770 1243 ἡ
1799 1171 1960 1225 δύνα-

376 1291 472 1344 μις
532 1272 644 1325 τῶν
695 1270 976 1324 Χαλδαίων
1029 1271 1061 1340 ἡ
1120 1269 1258 1339 μετά
1327 1267 1420 1321 τοῦ
1481 1265 1899 1338 ἀρχιμαγείρου.
1935 1283 1953 1315 ι

387 1363 635 1427 Ἀκούεις
668 1365 816 1428 ὅπως
850 1364 908 1414 ἐν
936 1361 1014 1432 τῷ
1058 1361 1270 1429 δεκάτῳ
1315 1361 1424 1413 ἔτει
1464 1358 1895 1428 πεπολιόρκηκεν
1931 1358 1960 1409 6

374 1455 866 1525 Ναϐουχοδονόσωρ
899 1452 996 1522 τὴν
1040 1452 1416 1523 Ἰερουσαλὴμ,
1451 1447 1573 1504 εἶτα
1604 1449 1682 1519 τῷ
1713 1448 1955 1518 τετάρτῳ
1980 1455 1995 1460 ’

374 1546 509 1615 μηνὶ
534 1544 626 1598 τοῦ
655 1543 882 1597 δεκάτου
923 1542 1074 1605 ἔτους
1096 1541 1452 1608 διακεκόφθαι
1485 1540 1620 1610 φησὶ
1653 1539 1751 1608 τὴν
1775 1537 1948 1591 πόλινο

368 1638 427 1688 ἐν
491 1636 550 1688 δὲ
595 1633 674 1704 τῷ
725 1633 963 1705 πέμπτῳ
1011 1633 1143 1705 μηνὶ
1209 1632 1304 1685 καὶ
1351 1631 1514 1684 αὐτὸν
1559 1627 1951 1700 ἐμπεπρῆσθαι

364 1727 457 1780 τὸν
507 1726 634 1780 ναὸν
685 1725 780 1779 καὶ
832 1725 1048 1779 ἃπασαν
1093 1723 1150 1777 δὲ
1200 1721 1296 1794 τὴν
1336 1723 1494 1776 πόλιν
1559 1719 1952 1791 διισχυρίζεται

370 1818 520 1890 παρὰ
571 1816 665 1870 τοῦ
711 1815 1138 1889 ἀρχιμαγείρου.
1187 1814 1539 1886 Ἀποφράδας
1587 1814 1651 1882 δὴ
1703 1808 1796 1866 οῦν
1853 1813 1952 1884 τὴν

2063 627 2281 682 domum
2311 641 2560 697 magnam
2588 626 3041 697 combussitigni,
3089 640 3142 683 et
3167 643 3384 685 omnem
3435 648 3647 686 murum

2060 715 2362 772 Jerusalem
2395 718 2448 772 in
2476 718 2703 772 circuitu
2735 719 2930 773 evertit
2953 720 3226 774 exercitus
3250 721 3646 788 Chaldaeorum,

2061 810 2152 881 qui
2177 820 2432 866 eratcum
2458 811 2701 882 principe
2725 826 3022 882 coquorum
3047 812 3112 867 ".
3163 832 3180 864 ι
3222 814 3392 868 Audis
3428 830 3535 885 quo
3559 830 3649 884 pa-

2061 912 2149 956 cto
2180 920 2198 952 ‹
2233 917 2418 956 mense
2447 903 2652 956 decimo
2682 903 2808 955 anni
2838 903 2962 957 noni
2998 923 3016 955 ι
3072 917 3214 958 anno
3274 903 3483 960 decimo
3538 903 3648 959 Na-

2062 991 2480 1048 buchodonosor
2552 991 2979 1064 Hierosolymam
3054 993 3364 1061 obsederit;
3450 995 3648 1051 deinde

2063 1094 2261 1154 quarto
2293 1099 2480 1140 mense
2512 1085 2639 1139 anni
2671 1085 2941 1139 undecimi
2973 1085 3245 1156 diruptam
3283 1100 3403 1140 esse
3452 1086 3646 1141 civita-

2065 1185 2192 1230 tem.
2221 1176 2278 1230 In
2311 1191 2494 1231 mense
2518 1185 2696 1231 autem
2737 1176 2928 1246 quinto
2953 1177 3116 1231 etiam
3168 1179 3345 1247 ipsum
3383 1178 3644 1248 templum

2063 1275 2116 1320 et
2147 1276 2312 1320 tatam
2344 1267 2578 1321 urbetna
2618 1268 2862 1336 principe
2893 1282 3192 1336 coquorum
3249 1265 3643 1324 inﬂammatam

2063 1367 2270 1410 narrat.
2307 1356 2469 1410 Atros
2499 1356 2686 1426 igitur,
2718 1372 2812 1412 seu
2839 1357 3073 1412 nefastos
3092 1367 3370 1427 quartum,
3405 1368 3459 1412 et
3485 1357 3647 1427 quin-

2065 1454 2198 1510 tum,
2231 1457 2287 1500 et
2321 1447 2587 1501 decimum
2621 1449 2738 1504 dies
2774 1459 2992 1518 propter
3048 1463 3238 1504 causas
3265 1465 3293 1502 a
3341 1465 3427 1504 me
3471 1449 3647 1504 dictas

2060 1537 2442 1592 numerabant.
2481 1541 2610 1605 Qum
2635 1550 2813 1594 autem
2850 1541 3080 1610 septima
3137 1541 3316 1606 fuerit,
3381 1551 3644 1611 prmterea

2059 1626 2345 1682 dicendum
2377 1638 2480 1683 est.
2516 1627 2806 1698 Postquam
2835 1631 2978 1684 enim
3042 1631 3293 1701 princeps
3347 1647 3643 1702 coquorum

2056 1714 2355 1772 Jerusalem
2379 1721 2594 1783 evertit,
2635 1719 2919 1775 Godoliam
2947 1722 3248 1790 principem
3295 1720 3515 1788 Iudaeis,
3549 1722 3646 1792 qui

2060 1808 2448 1879 Hierosolymis
2472 1821 2869 1875 remanserant,
2907 1814 3113 1866 creavit
3144 1828 3158 1864 :
3209 1829 3318 1883 quo
3369 1814 3510 1869 facto
3544 1814 3644 1869 Ba-

369 1910 656 1980 τετάρτην,
686 1910 783 1962 καλ⁸
808 1908 905 1980 τὴν
935 1908 1216 1978 πέμπτην,
1239 1907 1331 1960 καὶ
1357 1909 1455 1974 τὴν
1475 1906 1708 1975 δεκάτην
1734 1903 1950 1975 ἡμέραν

2057 1897 2302 1965 bylonem
2335 1900 2603 1967 repetivit.
2631 1898 2785 1963 Quod
2805 1901 2894 1954 ubi
2923 1912 3291 1970 cognoverunt
3321 1906 3643 1973 superstites

376 2001 680 2064 ἐποιοῦντο,
707 1999 775 2053 δι’
807 1999 873 2063 ἃς
908 1994 1062 2053 εἶπον
1092 1999 1302 2061 αἰτίας.
1334 1998 1429 2061 Τίς
1456 1997 1510 2050 δὲ
1540 1998 1630 2050 καὶ
1657 1998 1686 2066 ἡ
1726 1995 1949 2065 ἑϐδόμη,

373 2093 532 2146 πάλιν
578 2093 754 2144 εἰπεῖν
788 2092 1110 2158 ἀναγκαῖον.
1152 2087 1374 2160 Ἐπειδὴ
1423 2087 1528 2158 γὰρ
1561 2081 1670 2138 εἷλε
1703 2085 1801 2155 τὴν
1860 2083 1952 2137 Ἰεο

377 2183 650 2255 ρουσαλὴμ
683 2184 708 2236 ὁ
736 2183 1156 2254 ἀρχιμάγειρος,
1206 2180 1625 2251 κεχειροτόνηκε
1670 2178 1759 2231 τὸν
1797 2177 1952 2229 Γοδο-

374 2277 492 2330 λίαν
537 2278 615 2339 ei;
659 2274 976 2345 καθηγητὴν
1004 2275 1118 2336 τοῖς
1146 2271 1499 2332 καταλοίποις
1530 2269 1636 2322 τῶν
1682 2267 1951 2321 Ἰουδαίων

335 2351 338 2354 ’
371 2370 428 2420 ἐν
461 2369 572 2430 τοῖς
609 2363 1028 2434 Ἱεροσολύμοιςθ
1063 2359 1183 2415 εἶτα
1214 2361 1376 2414 τοῦτο
1407 2357 1685 2430 δεδρακὼς
1710 2357 1951 2430 ἀπῆλθεν

367 2459 445 2520 εἰς
488 2456 802 2510 Βαϐυλῶνα.
858 2453 1079 2525 Ἐπειδὴ
1125 2453 1181 2507 δὲ
1236 2452 1395 2507 τοῦτο
1445 2451 1587 2504 οῦτω
1636 2451 1950 2522 πεπρᾶχθαι

368 2545 754 2618 μεμαθήκασιν
797 2549 845 2599 οἱ
898 2544 1298 2617 περισωθέντες
1347 2541 1405 2607 ἐξ
1471 2540 1772 2606 Ἰουδαίων,
1823 2559 1950 2593 συν-

363 2638 594 2709 έδραμον
631 2640 688 2690 ὲν
724 2641 839 2700 τοῖς
879 2635 1300 2707 Ἰεροσολύμοις,
1332 2634 1428 2688 καὶ
1475 2629 1616 2704 ἦσαν
1663 2635 1721 2686 ὲν
1763 2631 1946 2685 ὲλπίσι

361 2729 456 2784 τοῦ
503 2733 777 2784 κατοικεῖν
831 2729 921 2782 ἐπὶ
956 2727 1056 2800 τὴν
1101 2727 1227 2798 γῆν.
1271 2725 1412 2779 Ἀλλ’
1464 2728 1520 2779 ἐν
1569 2724 1646 2795 τῷ
1692 2725 1822 2796 μηνὶ
1869 2724 1948 2794 τῷ

360 2823 593 2894 ἑϐδόμῳ,
648 2823 794 2876 καΟά
835 2822 1170 2893 γέγραπται,
1219 2819 1309 2873 τὸν
1362 2818 1612 2872 Γοδολίαν
1660 2816 1870 2870 ἀνεῖλεν
1921 2819 1949 2870 6

372 2917 634 2988 ’ῐσμαήλο
690 2916 787 2970 καὶ
831 2915 1103 2986 διεσπάρη
1139 2915 1247 2976 πᾶς
1282 2913 1309 2964 6
1340 2911 1468 2973 λαὸς
1519 2910 1639 2963 τότε
1662 2952 1674 2971 ,
1711 2910 1805 2962 καὶ
1845 2910 1950 2962 ἀπ-

360 3008 594 3079 έδραμον
636 3009 716 3071 είς
760 3008 860 3076 τὴν
911 3005 1247 3079 Αἰγυπτίων,
1297 3004 1393 3057 καὶ
1443 3001 1761 3056 διολώλασιν
1809 3004 1943 3056 ἐκεῖ.

359 3078 648 3170 Στυγητὴν
683 3093 776 3150 οῦν
811 3094 1096 3149 ἐποιοῦντο
1149 3078 1244 3148 καὶ
1291 3094 1391 3162 τὴν
1435 3093 1671 3162 ἑϐδόμην
1711 3091 1944 3161 ἡμέραν,

2051 1985 2242 2051 Judaei,
2311 1987 2740 2060 Hierosolymam
2789 2007 2912 2046 cum
2949 2007 3045 2062 spe
3105 1993 3303 2048 ibidem
3363 1995 3643 2052 habitandi

2052 2079 2445 2136 conﬂuxerunt.
2486 2083 2593 2137 Sed
2639 2097 2823 2139 mense
2846 2086 3080 2153 septimo
3119 2085 3404 2141 Godoliam
3434 2087 3636 2143 occidit

2051 2169 2281 2236 lsmael;
2316 2181 2369 2226 et
2406 2174 2796 2242 dissipatusest
2841 2176 3019 2231 omnis
3076 2179 3304 2248 populus
3336 2188 3482 2246 tunc,
3508 2197 3639 2237 con-

2052 2262 2297 2334 fugitque
2321 2265 2373 2318 in
2414 2264 2728 2335 Egyptum,
2768 2268 2855 2322 ubi
2886 2271 3048 2337 periit
3071 2270 3138 2324 δ’.
3181 2270 3332 2326 Hanc
3397 2275 3465 2329 ob
3519 2289 3639 2327 cau-

2051 2369 2166 2408 sam
2185 2365 2237 2409 et
2269 2357 2555 2425 septimum
2587 2358 2727 2412 diem
2765 2368 2819 2414 et
2851 2361 3026 2430 ipsum
3048 2379 3290 2419 mensem
3335 2368 3633 2423 abominati

2051 2456 2196 2501 sunt.
2227 2450 2401 2516 Atque
2439 2449 2551 2503 haec
2597 2459 2682 2505 est
2723 2450 3054 2519 jejuniorum
3109 2458 3346 2514 occasio.
3403 2459 3467 2512 Et
3505 2477 3638 2528 quo-

2051 2539 2193 2590 niam
2223 2553 2562 2607 consequens
2593 2549 2733 2607 erat,
2759 2546 3098 2600 cessantibus
3136 2547 3332 2619 plagis,
3373 2562 3427 2605 et
3454 2549 3633 2606 lsrae-

2048 2630 2096 2685 le
2133 2629 2563 2702 Hierosolymam
2593 2648 2833 2698 reverso,
2871 2644 2925 2690 et
2972 2638 3216 2693 tristibus
3251 2640 3416 2696 linitis
3494 2643 3635 2698 ultra

2049 2739 2153 2780 non
2185 2725 2436 2795 jejunare
2488 2735 2542 2778 ct
2569 2726 2862 2798 plangere,
2887 2727 3090 2783 luctum
3123 2743 3334 2786 mutare
3374 2733 3553 2786 Iustitia
3583 2745 3638 2789 et

2046 2821 2277 2888 gaudere
2304 2819 2482 2888 potius
2501 2819 2654 2889 jubet
2683 2820 2750 2875 de
2781 2823 2940 2878 bonis
2991 2839 3018 2875 a
3076 2824 3184 2878 Deo
3212 2827 3470 2894 acceptis,
3520 2829 3637 2882 sive

2047 2909 2380 2976 meminisse,
2411 2910 2480 2965 ob
2513 2925 2632 2980 quae
2666 2912 2792 2965 olim
2819 2914 2988 2982 puniti
3018 2914 3240 2980 fuerint,
3274 2933 3398 2972 cum
3429 2919 3639 2974 liberri.

2048 3015 2132 3055 me
2147 3001 2445 3055 sceleribus
2475 3016 2535 3056 se
2561 3006 3042 3073 commacularent,
3072 3018 3128 3061 et
3159 3009 3224 3061 ad
3242 3010 3456 3078 quidvis
3480 3010 3632 3062 nefa-

2047 3091 2187 3143 rium
2229 3089 2374 3143 nullo
2401 3091 2608 3159 pudore
2635 3105 2874 3147 ruerent.

357 3189 450 3241 καὶ
484 3188 646 3240 αὐτὸν
692 3186 748 3239 δὲ
793 3185 884 3238 τὸν
923 3184 1090 3254 μῆνα.
1121 3185 1325 3250 ταύτης
1355 3183 1544 3234 ἕνεκεν
1585 3183 1684 3250 τῆς
1737 3180 1936 3239 αἰτίας.
1976 3178 2108 3230 Ἤδε
2142 3179 2240 3247 μὲν
2307 3174 2399 3232 οὖν
2467 3180 2577 3234 τῶν
2615 3183 2882 3249 νηστειῶν
2915 3185 2947 3252 ἡ
2983 3186 3278 3254 πρόφασις.
3321 3185 3538 3258 Ἐπειδὴ
3576 3188 3635 3240 δὲ

357 3279 648 3334 ἀκόλουθον
681 3275 770 3343 ἦν,
815 3277 1184 3346 πεπαυμένων
1219 3276 1326 3327 τῶν
1368 3275 1425 3340 ἐξ
1497 3275 1670 3344 ὀργῆς
1699 3314 1713 3337 ,
1739 3272 1834 3324 καὶ
1898 3269 2356 3338 ἀνακομισθέντος
2427 3271 2523 3322 τοῦ
2561 3272 2779 3343 Ἰσραὴλ
2825 3277 2904 3336 είς
2941 3275 3326 3348 Ἱεροσόλυμα,
3378 3281 3474 3332 xui.
3524 3281 3635 3332 τῶν

357 3369 702 3442 σκυθρωπῶν
739 3367 1230 3438 παρεληλακότων,
1288 3367 1362 3436 μὴ
1410 3365 1694 3435 νηστεύειν
1766 3363 1845 3414 ἔτι
1883 3363 1980 3415 καὶ
2039 3361 2356 3426 κόπτεσθαι,
2414 3364 2889 3432 μεταπλάττεσθαι
2942 3369 3154 3423 κελεύει
3195 3371 3256 3424 τὸ
3304 3372 3501 3430 πένθος
3549 3375 3633 3432 εἰς

357 3463 646 3535 εὐθυμίαν,
674 3460 901 3533 ἥδεσθαί
925 3476 982 3512 τε
1017 3459 1218 3530 μᾶλλον
1245 3459 1329 3526 ἐφ’
1356 3452 1435 3520 οἷς
1475 3457 1660 3525 ἔχουσι
1693 3453 1948 3518 λαϐόντες
1986 3454 2137 3525 παρὰ
2172 3452 2330 3515 Θεοῦ,
2399 3455 2567 3524 ἤγουν
2607 3456 2697 3510 διὰ
2740 3460 2962 3531 μνήμης
2999 3461 3142 3531 ἔχειν
3179 3462 3247 3515 τά
3280 3465 3364 3532 ἐφ’
3399 3458 3482 3526 οἷς
3542 3480 3629 3516 τε-

355 3554 696 3625 τιμώρηνται
745 3553 887 3607 κατὰ
942 3551 1190 3623 καιροὺς,
1241 3547 1689 3619 πλημμελοῦντες
1763 3545 2111 3615 ἀφυλάκτως,
2163 3544 2261 3598 καὶ
2317 3545 2453 3616 πρὸς
2514 3548 2621 3600 πᾶν
2690 3550 2869 3604 ὁτιοῦν
2943 3551 3052 3604 τῶν
3097 3553 3346 3607 ἐκτόπων
3396 3555 3628 3627 ἀναίδην

357 3643 722 3709 ὡλισθηκότες

428 3738 662 3808 Δέδρακε
690 3737 848 3790 τοῦτο
884 3736 978 3789 xui.
1011 3736 1092 3799 εἰς
1130 3735 1279 3806 ἡμᾶς
1307 3735 1335 3787 6
1368 3732 1626 3804 Χριστός.
1665 3728 1936 3801 Ἐστρεψε

2112 3720 2266 3776 Fecit
2316 3721 2421 3776 hoc
2452 3724 2616 3777 etiam
2655 3724 2810 3779 nobis
2855 3724 3128 3784 Christus.
3166 3729 3444 3790 Convertit
3475 3739 3620 3793 enim

357 3825 466 3898 γὰρ
519 3845 535 3877 ι
571 3827 704 3896 ἡμῖν
742 3825 834 3878 τὸν
874 3824 1106 3878 κοπετὸν
1155 3824 1236 3887 εἰς
1282 3823 1484 3894 χαρὰν,
1539 3819 1792 3894 διέρρηξε
1849 3817 1940 3872 τὸν

359 3918 561 3971 σάκκον
593 3917 684 3970 καί
717 3915 1052 3987 περιέζωσεν
1082 3915 1444 3986 εὐφροσύνην,
1490 3931 1509 3965 ι
1543 3912 1684 3966 κατά
1712 3913 1810 3983 τὴν
1845 3910 1939 3983 τοῦ

356 4009 663 4070 Ψάλλοντος
713 4009 917 4078 φωνήν.
963 4005 1373 4076 Ἐπαιτιὼμεθα
1419 4005 1476 4058 δὲ
1531 4003 1816 4074 οὐδαμῶς,
1857 4003 1940 4056 ὅτι

358 4101 490 4153 Θεὸν
528 4100 627 4152 οὐκ
650 4099 850 4162 ειδότες
879 4099 1009 4152 ποτὲ
1029 4139 1044 4163 ,
1072 4099 1166 4152 καὶ
1201 4095 1635 4170 προσκυνοῦντες
1664 4098 1730 4167 τῇ
1763 4095 1938 4148 κτίσει

358 4191 509 4262 παρά
534 4191 625 4244 τὸν
657 4190 941 4257 κτίσαντα,
971 4188 1342 4259 πεπτώκαμεν
1372 4187 1478 4241 ὑπδ
1513 4187 1678 4249 πόδας
1705 4184 1936 4258 ἐχθρῶν,

356 4284 451 4339 καὶ
481 4285 560 4347 είς
597 4283 720 4337 νοῦν
752 4283 1013 4353 ἀδόκιμον
1045 4279 1429 4352 παρεδόθημεν
1454 4296 1467 4308 ·
1503 4277 1937 4357 εὐχαριστοῦμεν

355 4375 413 4429 δὲ
465 4373 664 4445 μᾶλλον
706 4374 788 4442 ἐφ’
817 4369 896 4436 οἷς
927 4372 1229 4444 ὴλεήμεθα,
1268 4371 1363 4425 καὶ
1407 4370 1750 4440 σεσῶσμεθα,
1787 4388 1805 4420 ι
1844 4370 1937 4422 καὶ

357 4471 425 4521 ὲκ
470 4466 654 4537 χειρὸς
697 4463 906 4536 ἐχθρῶν
955 4463 1364 4535 λελυτρὼμεθα,
1412 4482 1430 4515 ι
1486 4463 1581 4515 καὶ
1630 4462 1728 4532 τὴν
1777 4462 1936 4528 ἁγίαν

357 4556 616 4626 οἰκοῦμεν
643 4555 818 4618 πόλιν,
847 4553 1093 4606 τουτέστι
1122 4555 1221 4624 τὴν
1277 4553 1628 4623 Ἐκκλησίαν,
1660 4550 1938 4621 ηξιῶμεθά

355 4665 414 4700 τε
465 4645 648 4699 λοιπὸν
699 4645 887 4714 εὐχαῖς
943 4644 1037 4695 καὶ
1097 4642 1312 4703 θυσίαις
1370 4645 1489 4704 ταῖς
1539 4646 1937 4712 πνευματικαῖς

355 4724 778 4809 καταγεραίρειν
817 4735 1000 4799 αὐτὸν,
1030 4733 1334 4804 ἀγαπῶμεν
1363 4733 1421 4786 δὲ
1453 4733 1545 4786 καὶ
1577 4734 1650 4798 ῶς
1687 4735 1931 4805 εἰρήνην,

354 4831 449 4884 καὶ
479 4829 762 4900 ἀλήθειαν,
795 4830 888 4881 καὶ
915 4827 1181 4898 θυμηδίας
1226 4826 1327 4896 τῆς
1373 4826 1632 4880 ἀνωτάτω
1665 4827 1934 4897 πρόφασιν

353 4924 413 4976 τὸ
461 4921 654 4993 χρῆμα
697 4917 1154 4987 καταλογίζεσθαι
1191 4921 1343 4987 παρὰ
1394 4918 1491 4988 τῆς
1523 4915 1671 4981 θείας
1701 4917 1934 4988 δεδιδάγ-

357 5014 497 5086 μεθα
527 5013 767 5085 Γραφῆς.
808 5030 826 5063 ‹
862 5009 1031 5073 Αὐτὸς
1057 5010 1165 5081 γάρ
1195 5010 1338 5062 ἐστιν
1385 5010 1416 5078 ή
1465 5010 1651 5080 εἰρήνη
1682 5008 1839 5078 ἡμῶν
1859 5025 1874 5041 ο
1907 5028 1924 5060 ι

353 5083 537 5171 αὐτὸς,
566 5083 640 5170 ῶς
674 5105 831 5175 ἔφην,
864 5104 896 5175 ἡ
928 5104 1187 5175 ἀλήθειαν
1230 5102 1296 5154 δι’
1338 5102 1499 5155 αὐτόν
1533 5103 1701 5171 ἐσμεν
1736 5104 1794 5154 ὲν
1841 5102 1928 5154 ἐλο
1965 5083 2008 5138 D
2038 5109 2218 5153 nostra
2258 5099 2302 5130 "
2338 5117 2350 5151 :

2029 5205 2148 5243 sum
2184 5189 2320 5243 bene
2350 5205 2652 5259 speramus,
2679 5201 2732 5245 et
2753 5191 2900 5246 omni
2933 5187 3302 5244 mmstitudine
3333 5186 3610 5259 proﬂigata

2032 5279 2448 5348 triumphamus.

352 5201 503 5253 πίσιν
541 5197 801 5266 ἀγαθαῖς,
856 5197 951 5248 καὶ
1006 5198 1062 5248 ὲν
1109 5194 1189 5264 τῷ
1245 5193 1738 5263 κατευφραίνεσθαι
1791 5193 1927 5258 δεῖν,

352 5289 656 5361 κατηφείας
681 5289 901 5358 ἁπάσης
936 5285 1279 5357 ἐξῃρημένης

426 5381 570 5436 Τάδε
595 5378 757 5449 ,λέγει
785 5377 1003 5444 Κύριος
1047 5375 1466 5444 παντοκράτωρ
1486 5393 1498 5406 ⁸
1533 5375 1654 5427 Ἔτι
1707 5373 1929 5441 ἥξουσι

350 5472 485 5527 λαοὶ
536 5471 776 5531 πολλοὶ,
807 5470 906 5522 καὶ
941 5467 1362 5532 κατοικοῦντες
1415 5467 1625 5531 πόλεις
1670 5465 1926 5529 πολλὰς,

351 5561 447 5613 καί
503 5562 978 5614 συνελεύσονται
1029 5555 1449 5622 κατοικοῦντες
1496 5557 1677 5608 πέντε
1716 5555 1925 5618 πόλεις

420 5761 461 5790 ⁵¹
490 5759 687 5813 Jerem.
723 5777 814 5825 ι.ιι,
843 5758 1024 5812 12-14.
1102 5759 1148 5789 "
1191 5754 1394 5810 Jerem.
1459 5771 1542 5807 ιιι.
1575 5754 1727 5815 S-li;
1763 5771 1833 5816 LI,
1877 5753 1929 5818 l,

420 5846 508 5879 nn.
555 5847 591 5879 ι.
628 5831 700 5879 25’
726 5846 879 5879 seua.
954 5829 998 5859 ⁸⁵
1023 5828 1156 5879 Luc.
1198 5845 1232 5879 l.
1261 5828 1349 5879 74.
1429 5829 1473 5856 ⁸⁸⁸
1509 5825 1703 5879 Enltcs.
1741 5841 1796 5879 ll.
1840 5825 1926 5879 iri.

2048 5767 2130 5820 qq.
2166 5768 2180 5814 ;
2214 5749 2275 5800 [Υ
2312 5751 2439 5820 Reg.
2472 5767 2594 5818 xxv,
2633 5749 2704 5804 23
2741 5765 2894 5819 seqq.

2076 5821 2232 5875 Joan.
2269 5837 2376 5879 xw.
2414 5825 2467 5879 6.

2111 5837 2232 5874 oan.
2269 5837 2376 5886 xu,
2414 5837 2467 5879 υ.

954 5829 998 5859 ⁸⁵
1023 5828 1156 5883 Luc.
1198 5845 1232 5892 I,
1261 5828 1349 5881 74,
1429 5829 1473 5856 ⁸⁸⁸
1509 5825 1703 5893 Epltcs.
1741 5841 1796 5889 tt,
1840 5825 1926 5880 iri.

351 5833 508 5886 lion].
555 5847 592 5897 ι,
628 5831 700 5883 25
726 5846 879 5899 seqq.

2050 3835 2070 3868 ι
2103 3815 2376 3884 planctum
2401 3824 2650 3870 nostrum
2683 3817 2734 3870 in
2791 3820 3067 3889 gaudium,
3103 3824 3365 3879 conscidit
3406 3843 3623 3886 saccum

2050 3917 2318 3973 nostrum,
2352 3913 2408 3959 et
2458 3906 2816 3962 circumdedit
2883 3925 2982 3965 nos
3038 3910 3244 3981 laetitia,
3275 3934 3294 3968 ι
3335 3916 3627 3976 utPsaltes

2040 3998 2190 4053 canit
2217 3997 2286 4051 ⁸³.
2322 3995 2433 4052 Nec
2463 3985 2848 4068 conquerimar
2869 4000 2975 4055 ulla
3007 4015 3070 4057 ex
3109 4013 3284 4073 parte,
3323 4011 3466 4078 quod
3494 4025 3620 4065 cum

2041 4088 2329 4158 aliquando
2365 4088 2530 4143 Deum
2578 4090 2926 4159 ignorantes,
2975 4102 3030 4146 et
3091 4106 3396 4152 creaturam
3440 4100 3621 4169 potius

2039 4195 2199 4248 quam
2231 4180 2542 4236 Creatorem
2566 4181 2858 4236 adorantes
2905 4182 3007 4236 sub
3055 4187 3220 4252 pedes
3252 4187 3484 4242 hostium
3530 4207 3622 4244 ιιο-

2039 4281 2273 4326 strorum
2297 4271 2524 4335 redacti,
2566 4280 2620 4325 et
2655 4271 2706 4324 in
2731 4285 2946 4324 sensum
2974 4275 3258 4339 reprobutn
3295 4279 3475 4333 traditi
3529 4295 3621 4334 su-

2037 4363 2218 4416 mus“
2244 4380 2257 4416 :
2289 4363 2416 4432 quin
2437 4361 2639 4430 gratias
2667 4362 2899 4431 agimus,
2919 4361 3080 4432 727
3106 4364 3249 4432 quod
3307 4367 3618 4423 misericor-

2038 4453 2181 4509 diam
2238 4465 2290 4508 et
2337 4453 2562 4508 salutem
2600 4453 2898 4518 consecuti,
2937 4472 2955 4504 ι
2994 4462 3046 4508 et
3077 4455 3142 4508 de
3181 4470 3339 4510 manu
3377 4457 3624 4516 inimico-

2037 4564 2154 4602 rum
2186 4548 2397 4603 liberati
2428 4548 2473 4579 "
2505 4565 2523 4598 ι
2555 4557 2793 4607 sanctam
2823 4548 3116 4612 civitatem,
3153 4548 3254 4603 hoc
3301 4560 3385 4606 est
3431 4551 3618 4606 Eccle-

2038 4640 2175 4695 sium
2208 4639 2517 4703 incolimus,
2554 4650 2607 4693 et
2635 4640 2778 4709 digni
2814 4655 3002 4694 sumus
3020 4640 3185 4694 habiti
3230 4642 3319 4709 qui
3365 4643 3617 4713 deinceps

2037 4732 2174 4784 votis
2201 4741 2253 4784 et
2293 4731 2573 4785 sacriﬁciis
2598 4731 2966 4800 spiritualibus
3020 4733 3194 4799 ipsum
3262 4742 3613 4801 veneremur;

2035 4833 2088 4876 et
2116 4822 2337 4876 charum
2367 4821 2650 4886 habemus,
2682 4835 2735 4876 et
2767 4837 2885 4875 eam
2920 4836 3033 4874 rem
3070 4837 3282 4890 pacem,
3324 4834 3377 4875 et
3413 4826 3614 4878 verita-
3652 4882 3659 4889 _

2038 4926 2168 4981 tein,
2195 4925 2246 4970 et
2273 4931 2496 4969 Summa:
2519 4917 2875 4986 jucunditatis
2901 4918 3234 4971 occasionem
3295 4924 3542 4984 reputare
3583 4934 3613 4970 a

2037 5009 2216 5062 divina
2255 5007 2534 5076 Scriptura
2561 5006 2706 5061 docti
2743 5022 2948 5062 smnus.
2982 5025 2998 5056 ι
3040 5007 3159 5075 Ipse
3206 5005 3348 5058 enim
3401 5013 3482 5056 est
3510 5020 3610 5074 pax

2406 5118 2423 5150 ι
2476 5100 2615 5168 ipse,
2649 5109 2704 5154 ut
2735 5101 2868 5162 dixi,
2900 5099 3101 5154 veritas
3125 5098 3171 5129 ⁵⁷
3202 5114 3216 5150 :
3265 5105 3484 5165 prapter
3532 5097 3610 5166 ip-

2101 5369 2266 5425 Vsns.
2292 5371 2484 5426 20-22.
2519 5371 2647 5426 ch
2671 5373 2801 5424 dicit
2831 5369 3084 5423 Dominus
3107 5372 3427 5440 omnipatem
3450 5388 3468 5427 :
3501 5373 3611 5426 Atl-

2028 5461 2126 5515 !mc
2153 5463 2348 5515 venient
2386 5463 2565 5531 populi
2586 5462 2759 5528 multi,
2799 5471 2845 5515 et
2875 5461 3168 5515 habitantes
3216 5464 3449 5517 civitates
3475 5464 3611 5518 mul-

2035 5565 2134 5621 tas,
2166 5565 2213 5608 et
2255 5555 2714 5624 congregabantur
2768 5553 3060 5608 habitantes
3110 5554 3334 5623 quinque
3378 5555 3608 5608 civitates

2972 5749 3019 5780 ³³
3048 5747 3191 5804 Psal.
3221 5760 3377 5808 χχιι,
3407 5744 3486 5796 12.
3556 5734 3602 5762 ⁸⁸
