4080 6284
322 398 427 453 133

1179 387 1737 446 COMMENTARIUS
1775 387 1843 442 ΙΝ
1881 383 2287 442 ΖΑΟΠΑΠΙΛΜ
2328 381 2783 444 ΡΒΟΡΠΕΤΑΜ.

3489 383 3596 470 iss

312 507 548 572 λουθεῦ),
582 503 1001 577 ὲπιδραξάμενοι
1043 500 1137 554 τοῦ
1169 501 1502 572 κρασπέδου,
1535 494 1645 552 οἷον
1680 499 1908 553 ἐπικουοι

2018 506 2094 550 tra
2121 510 2362 551 errorem
2399 495 2808 566 periculumque
2842 494 3182 566 gradiuntur.
3234 494 3433 553 Eodem
3483 512 3598 553 mo-

321 598 420 672 ρού
429 616 580 669 μενοι
604 600 722 660 ταῖς
747 597 930 665 ἁφαῖς,
961 594 1054 648 καὶ¹
1082 592 1191 646 τῶν
1219 593 1544 663 ἐσθημάτων
1577 590 1907 662 ἀπαρτώμε-

318 706 402 742 νοι
459 689 669 757 ἀπλανῆ
727 703 785 740 τε
836 684 929 737 καὶ
973 682 1193 753 ἀσφαλῆ
1236 683 1514 736 ποιοῦνται
1546 681 1642 754 τὴν
1674 681 1904 751 βάδισιν.

323 779 475 832 Κατὰ
507 780 594 831 τὸν
623 780 756 843 ἴσον,
786 772 963 846 οἶμαι,
997 775 1200 847 τρόπον
1231 775 1325 828 καὶ
1353 777 1400 828 oi
1425 777 1492 845 τῇ
1529 775 1702 827 κτίσει
1748 772 1904 824 λελα-

319 871 606 943 τρευκότες
637 872 788 939 παρά
830 869 921 922 τὸν
946 866 1056 920 τῶν
1103 867 1242 920 ὅλων
1267 866 1632 936 Δημιουργὸν.
1667 864 1907 934 πατέρας

324 962 570 1032 γνησίους
609 960 1041 1030 ἐπιγραφόμενοι
1079 959 1204 1021 τοὺς
1239 958 1346 1010 τῶν
1370 956 1741 1024 εὐαγγελικῶν
1785 956 1906 1022 δογ·

319 1055 504 1124 μάτων
541 1051 863 1122 εἰσηγητὰς,
901 1050 996 1104 καὶ
1040 1049 1438 1118 συναπτόμενοι
1471 1049 1536 1100 δι’
1577 1046 1902 1118 ὁμοψυχίας,

315 1143 539 1197 ἕπονταί
571 1161 634 1196 τε
662 1144 867 1205 αὐτοῖς,
905 1140 1262 1212 νηπιάζοντες
1302 1139 1382 1193 ἔτι
1415 1141 1512 1202 τάς
1544 1138 1786 1208 γνώμας,
1817 1138 1908 1190 καὶ

316 1238 399 1299 εἰς
442 1237 545 1305 τὴν
592 1235 786 1304 ὁμοίαν
838 1235 1008 1286 ἵενται
1039 1233 1246 1303 τρίεον,
1276 1230 1512 1300 ζηλωταί
1547 1248 1646 1283 που
1695 1231 1909 1289 πάντως

315 1324 769 1393 ἀναδεικνύμενοι
819 1323 917 1391 τῆς
971 1321 1150 1376 αὐτῶν
1198 1321 1493 1384 πολιτείας,
1524 1319 1617 1373 καὶ
1667 1322 1785 1382 ταῖς
1824 1318 1910 1370 ἀεὶ

317 1416 456 1486 πρὸς
491 1416 552 1468 τὸ
579 1417 802 1486 ἄμεινον
833 1414 1139 1466 ὲπιδόσεσιν
1189 1433 1206 1463 ι
1237 1415 1315 1475 εἰς
1345 1413 1512 1482 ἄνδρα
1544 1412 1748 1462 τέλειον
1781 1411 1910 1461 ἀνα-

317 1504 618 1569 ϐαίνοντες,
656 1506 749 1558 καὶ
795 1505 874 1566 είς
914 1503 1112 1573 μέτρον
1143 1503 1357 1572 ἡλικίας
1403 1501 1496 1554 τοῦ
1542 1500 1907 1570 πληρώματος

311 1597 410 1650 τοῦ
451 1597 712 1667 Χριστοῦ.
749 1615 765 1644 ι
798 1595 1060 1648 Ἕπονται
1106 1595 1162 1647 δὲ
1209 1594 1298 1647 διὰ
1332 1594 1488 1646 ποίαν
1539 1591 1748 1651 altior);
1800 1591 1904 1642 Πε-

317 1687 766 1758 πληροφόρηνται
812 1687 942 1756 γὰρ,
987 1687 1070 1740 ὅτι
1122 1689 1149 1740 6
1186 1686 1316 1748 Θεὸς
1373 1686 1490 1754 μετ’
1528 1683 1709 1737 αὐτῶν
1765 1684 1904 1744 ἐστι,

315 1779 630 1842 τουτέστιν,
681 1780 710 1830 6
768 1778 1158 1848 Ἐμμανουήλο
1206 1775 1572 1846 ἑρμηνεύεται
1604 1775 1750 1844 γὰρ,
1791 1793 1808 1824 ι
1849 1775 1907 1825 Ὀ

2008 589 2100 654 do,
2135 592 2347 658 opinor,
2379 598 2433 643 et
2462 589 2552 657 qui
2592 589 2753 643 rebus
2786 589 3018 643 conditis
3060 589 3368 645 servierunt
3419 592 3598 662 potius

2008 696 2168 749 quam
2205 681 2582 735 universorum
2613 678 2915 744 Conditori,
2962 696 3058 748 pro
3111 685 3383 749 germanis
3441 685 3602 751 patri-

2009 769 2107 824 bus
2137 780 2455 838 cooptautes
2499 771 2934 840 evangelicorutn
2975 774 3282 840 tlogmatum
3340 772 3600 842 explana-

2011 871 2174 924 tores,
2204 873 2253 917 et
2309 879 2403 931 per
2427 863 2771 917 concordiam
2813 861 2918 915 illis
2987 863 3248 933 colligati,
3295 875 3599 932 sequuntur

2009 967 2122 1014 cos,
2153 952 2387 1006 infantes
2413 953 2839 1022 adlmcjudiciis,
2871 968 2924 1011 et
2951 955 3111 1008 simili
3176 955 3259 1007 via
3313 954 3597 1017 incedunt,

2009 1057 2195 1098 eorum
2226 1047 2344 1097 vita:
2372 1043 2670 1108 imitatores
2725 1045 2997 1098 manifesti
3031 1040 3056 1111 ,’
3099 1054 3152 1098 et
3212 1045 3485 1113 perpetuis
3529 1044 3598 1099 ad

2011 1133 2234 1188 meliora
2285 1136 2633 1189 incrementis
2673 1153 2692 1187 ι
2753 1137 2805 1189 in
2860 1138 3034 1189 virum
3085 1139 3403 1204 peric-cnim,
3452 1129 3596 1190 et'in

2011 1241 2319 1280 mensuram
2347 1228 2521 1280 anatis
2546 1227 2895 1296 plenitudinis
2916 1229 3113 1281 Cltristi
3136 1228 3180 1258 ⁶⁶
3215 1247 3234 1279 ι
3271 1228 3594 1283 evadentes.

2011 1321 2370 1384 Quamobrem
2409 1331 2588 1373 autent
2619 1319 2960 1389 sequuntur?
3001 1320 3160 1375 Certo
3185 1321 3330 1375 enim
3365 1322 3599 1374 credunt

2012 1410 2203 1472 Deum,
2231 1412 2331 1463 ltoc
2366 1423 2448 1464 est
2468 1410 2871 1466 Etntttanttelent
2897 1428 3016 1466 cum
3048 1413 3152 1466 illis
3169 1428 3288 1468 esse
3320 1429 3332 1464 :
3359 1413 3598 1466 retltlilur

2008 1504 2151 1554 enim
2210 1519 2227 1551 ι
2260 1501 2546 1554 Nobiscum
2586 1503 2744 1558 Deus.
2791 1522 2809 1554 ι
2840 1502 3189 1558 Vocationetn
3251 1519 3413 1573 porro
3441 1504 3590 1557 illam

2010 1607 2117 1645 non
2147 1601 2354 1645 tantum
2385 1594 2614 1647 liliorunt
2638 1593 2821 1656 Israel,
2852 1595 2945 1647 sed
2977 1596 3217 1648 omnium
3267 1609 3364 1662 per
3406 1597 3595 1649 orbem

2010 1683 2250 1751 gentium
2290 1683 2428 1744 fore,
2463 1686 2618 1739 docet
2654 1699 2772 1738 cum
2811 1689 2907 1750 ait,
2932 1700 2996 1740 ex
3036 1686 3290 1740 omnibus
3352 1685 3464 1738 fore
3495 1684 3599 1739 litt-

2013 1775 2134 1841 guis
2163 1775 2253 1842 qui
2291 1777 2710 1843 :tppreltcttdent
2737 1779 3024 1829 ﬁmbriam.
3057 1777 3281 1843 Quando
3303 1788 3482 1831 autem
3509 1791 3602 1831 vo-

318 1871 448 1933 Θεὸς
495 1870 614 1940 μεθ’
643 1868 819 1940 ἡμῶν.
861 1890 878 1921 ι
907 1872 1028 1922 Ὀτι
1073 1869 1128 1921 δὲ
1175 1869 1235 1920 ού
1298 1869 1475 1938 μόνων
1514 1866 1663 1918 ἔσται
1697 1865 1803 1918 τῶν
1853 1864 1912 1929 ἐξ

2018 1875 2147 1916 cata:
2195 1875 2322 1918 sunt
2344 1877 2532 1928 gentes
2565 1867 2629 1918 ad
2654 1869 2982 1934 agnitionem
3005 1869 3272 1930 veritatis,
3302 1879 3354 1920 et
3384 1868 3602 1937 quando

319 1963 544 2032 αἵματος
573 1961 794 2032 Ἰσραὴλ
841 1962 872 2029 ἡ
924 1960 984 2012 τὸ
1019 1948 1274 2031 τηνικάδε
1316 1958 1527 2028 κλῆσις,
1560 1958 1815 2010 ἁπάντων
1855 1955 1910 2008 δὲ

327 2055 522 2124 μᾶλλον
566 2052 674 2105 τῶν
729 2053 834 2112 ἀνὰ
865 2054 1044 2104 πᾶσαν
1079 2051 1178 2122 τὴν
1209 2051 1538 2119 οἰκουμένην
1573 2048 1761 2112 ἐθνῶν,
1796 2048 1912 2100 δια-

332 2143 640 2213 μεμήνυκεν
685 2141 875 2205 εἰπὼν,
910 2140 984 2204 ὡς
1013 2143 1078 2193 ἐκ
1113 2140 1300 2193 πασῶν
1344 2139 1556 2191 ἔσονται
1590 2137 1699 2190 τῶν
1735 2137 1912 2205 γλωσ‹

331 2230 440 2283 σῶν
475 2231 524 2282 οἱ
555 2229 999 2301 ἐπιδραττόμενοι
1033 2229 1125 2282 τοῦ
1164 2229 1496 2300 κρασπέδου.
1536 2227 1674 2280 Πότε
1713 2227 1770 2278 δὲ
1819 2226 1912 2279 κέ-

330 2322 554 2392 κληνται
583 2323 650 2374 τά
677 2322 800 2392 ἔθνη
835 2323 973 2392 προς
1013 2321 1308 2389 ἐπίγνωσιν
1340 2320 1619 2391 ἀληθείας,
1646 2319 1740 2372 καὶ
1780 2318 1909 2370 πότε

327 2411 680 2484 βεϐούληνται
708 2412 1010 2484 ὲκζητῆσαι
1050 2412 1110 2464 τὸ
1149 2411 1439 2482 πρόσωπον
1472 2410 1700 2479 Κυρίου,
1735 2409 1908 2475 ἐξιλά-

329 2504 524 2558 σασθαι
554 2523 613 2558 τε
643 2505 826 2571 αὑτὸν,
857 2507 952 2558 καὶ
991 2509 1101 2569 τοῖς
1137 2506 1312 2573 ἁγίοις
1343 2504 1662 2566 ἀποστόλοις
1687 2503 1785 2574 τὴν
1814 2503 1911 2555 αύ-

325 2600 424 2671 τὴν
467 2600 655 2671 ὥσπερ
703 2601 1030 2670 διαστείχειν
1074 2599 1212 2664 ὁδὸν,
1241 2600 1289 2652 εἰ
1324 2599 1397 2670 μὴ
1425 2601 1512 2652 ὅτε
1541 2599 1732 2667 γέγονε
1779 2596 1913 2652 καθ’

2013 1954 2603 2023 volneruatexquirere
2635 1957 2826 2011 [aciem
2861 1957 3092 2022 Domini,
3145 1966 3200 2012 et
3259 1972 3382 2010 eum
3420 1958 3603 2028 propi-

2012 2045 2164 2110 tiare,
2184 2055 2376 2100 etcum
2407 2047 2610 2100 sanctis
2642 2049 2898 2116 apostolis
2921 2049 3076 2118 quasi
3138 2047 3330 2102 eadem
3361 2048 3446 2101 via
3514 2050 3601 2102 in-

2010 2137 2368 2208 gredi,729
2407 2139 2510 2194 nisi
2566 2142 2781 2208 quando
2839 2153 3083 2194 nostram
3138 2151 3388 2194 naturam
3430 2140 3603 2195 induit

2013 2226 2373 2297 Uuigcnitus?
2399 2228 2491 2296 qui
2521 2240 2606 2285 est
2641 2248 2660 2281 ι
2693 2233 3031 2300 exspectatio
3085 2233 3325 2301 gentium
3342 2230 3422 2297 ‘7;
3460 2249 3478 2281 ι
3511 2232 3598 2285 cui

2013 2331 2201 2374 cantat
2229 2321 2389 2374 etiam
2413 2321 2627 2376 divinus
2660 2323 2826 2378 David
2859 2343 2872 2378 :
2924 2343 2943 2376 ι
2978 2321 3180 2379 Omnes
3215 2333 3402 2394 gentes
3437 2338 3600 2393 quas-

2014 2427 2230 2482 cunque
2255 2413 2451 2480 fecisti,
2480 2418 2699 2470 venient
2752 2427 2803 2472 et
2833 2418 3134 2472 adorabunt
3159 2433 3344 2472 coram
3391 2426 3462 2482 te,
3500 2417 3598 2470 Do-

2018 2505 2164 2558 mine
2188 2505 2253 2558 ⁸⁸.
2290 2524 2310 2556 ι
2337 2506 2440 2562 Per
2472 2508 2646 2577 ipsum
2674 2509 2819 2564 enim
2852 2519 2905 2564 et
2941 2509 3058 2581 ipsa
3086 2509 3326 2580 gentium
3353 2507 3601 2562 multitu-

2021 2596 2088 2651 do
2111 2599 2315 2652 salvata
2355 2607 2459 2653 est.

326 2693 476 2761 ἡμᾶς
511 2692 538 2744 6
589 2692 931 2763 Μονογενής;
965 2692 1021 2754 ὃς
1069 2693 1186 2743 ἐστι
1244 2709 1262 2742 ι
1290 2690 1586 2762 προσδοκία
1645 2690 1846 2743 ἐθνῶν·
1889 2707 1909 2741 ι
1952 2691 2087 2762 πρὸς
2126 2690 2184 2743 ὃν
2253 2689 2345 2743 καί
2378 2692 2407 2743 6
2463 2689 2748 2756 θεσπέσιος
2793 2694 3096 2765 ἀναμέλπει
3129 2694 3323 2748 Δαὸίδο
3366 2711 3384 2744 ι
3415 2692 3602 2745 Πάντα

326 2786 398 2840 τά
440 2787 566 2857 ἔθνη
608 2788 708 2840 ὅσα
755 2786 1016 2856 ἐποίησας
1064 2785 1254 2856 ἥξουσι
1301 2786 1392 2838 καὶ
1442 2785 1914 2856 προσκυνήσουσιν
1987 2784 2217 2838 ἐνώπιόν
2268 2802 2384 2850 σου,
2412 2786 2604 2858 Κύριε.
2635 2805 2654 2840 ο
2717 2787 2998 2843 Σέσωσται
3043 2791 3153 2860 γάρ
3196 2788 3262 2842 δι’
3299 2788 3464 2842 αὑτοῦ
3509 2788 3603 2840 καὶ

328 2879 467 2951 αὐτὴ
492 2879 600 2932 τῶν
626 2879 792 2933 ἐθνῶν
823 2880 854 2948 ἡ
881 2878 1110 2950 πληθύς.

941 3013 1194 3067 ΚΕΦΑΛ.
1227 3013 1302 3065 Θ’.

401 3136 616 3208 Λῆμμα
642 3139 830 3209 λόγου
863 3139 1083 3208 Κυρίου
1109 3140 1179 3192 ἐν
1203 3137 1281 3209 γῇ
1319 3138 1547 3209 Ἀδρὰχ,
1581 3140 1682 3193 καί
1723 3142 1916 3210 Δαμα-

330 3231 488 3285 σκοῦ
521 3230 867 3296 ἀνάπαυσις
906 3233 1113 3293 αὑτοῦ,
1149 3231 1299 3285 διότι
1343 3233 1560 3298 Κύριος
1596 3233 1783 3301 ἐφορᾷ
1811 3234 1917 3287 ἀν·-

331 3321 626 3390 θρὼπους.
686 3321 786 3373 καὶ
837 3320 1039 3386 ,πάσας
1089 3321 1290 3390 φυλὰς
1343 3321 1450 3376 τοῦ
1490 3324 1757 3390 Ἰσραήλ.
1810 3324 1921 3378 Kal.

346 3415 521 3483 Ἡμὰθ
545 3413 614 3466 ἐν
643 3412 770 3477 τοῖς
805 3412 988 3479 ὁρίοις
1011 3413 1221 3480 αὐτῆς.

405 3507 530 3560 NB'.
574 3507 688 3560 Οὐκ
716 3506 924 3577 ἀτραχυ
962 3507 1061 3575 μὲν
1097 3507 1156 3559 τὸ
1186 3505 1566 3577 προκείμενον,
1601 3507 1921 3577 δυσέφικτος

334 3598 393 3653 δὲ
419 3598 614 3668 κομιδῇ
646 3599 738 3650 καὶ
767 3597 904 3668 αὑτὴ
935 3597 1043 3650 τῶν
1074 3597 1273 3663 λέξεων
1303 3600 1335 3669 ἠ
1371 3599 1634 3670 συνθήκη.
1671 3600 1816 3670 Πλὴν
1845 3599 1921 3658 ὡς

337 3690 418 3743 ενι
445 3689 716 3754 λελέξεται
735 3691 1068 3761 πρδςήμῶν.
1104 3691 1183 3744 Τά
1214 3708 1276 3760 γε
1309 3690 1416 3761 μὴν
1450 3693 1535 3761 ἐφ’
1560 3686 1642 3755 οἷς
1671 3691 1921 3762 εἰρῆσθαι

338 3779 512 3833 ταῦτα
542 3779 856 3849 νομιοῦμεν,
876 3781 1099 3843 εἰκότως
1126 3779 1522 3851 προαγορεύειν
1542 3781 1774 3852 ἀνάγκην
1801 3794 1922 3851 νοη-

341 3869 459 3942 θείη
484 3871 591 3941 γὰρ
615 3872 680 3924 ἂν
710 3866 811 3924 ῶδὲ
849 3889 906 3923 τε
937 3872 1032 3924 καὶ
1062 3871 1211 3940 μόλις
1240 3871 1337 3940 τῆς
1370 3871 1700 3941 προφητείας
1723 3873 1752 3923 6
1776 3869 1919 3933 νοῦς.

339 3961 479 4016 Ὀτε-
501 3962 677 4016 τοίνυν
714 3963 820 4015 τῶν
859 3963 968 4033 τῆς.
999 3961 1374 4031 αἰχμαλωσίας
1406 3961 1620 4030 δεσμῶν
1651 3961 1836 4032 ἀνείθη
1865 3977 1923 4013 τε

341 4057 438 4109 καὶ
490 4054 836 4125 ἀπήλλακται
886 4054 1026 4107 κατά
1074 4055 1299 4124 καιροὺς
1350 4053 1642 4125 ὁἸσραὴλ,
1685 4051 1818 4125 ἧκόν
1862 4066 1922 4105 τε

341 4142 528 4200 λοιεπὸν
553 4149 632 4209 εἰς
663 4145 762 4216 τὴν
791 4144 1072 4210 Ἰουδαίαν,
1097 4145 1190 4198 xui.
1221 4145 1578 4216 ἀνατειχίζειν
1604 4145 1924 4216 ἐπεχείρουν

342 4239 442 4308 τὴν
479 4236 861 4309 Ἰερουσαλὴμ,
906 4236 1028 4289 τότε
1080 4236 1180 4307 δὴ,
1230 4237 1352 4290 τότε
1396 4237 1465 4290 τὰ
1518 4237 1772 4308 περίοικα
1818 4237 1925 4290 τῶν

343 4329 536 4393 ἐθνῶν,
563 4329 616 4382 οἵ
639 4345 698 4380 τε
732 4327 830 4397 τὴν
860 4327 1175 4396 Σαμάρειαν
1203 4325 1499 4393 οἰκοῦντες,
1519 4327 1611 4380 καὶ
1643 4328 1688 4378 οἱ
1712 4326 1807 4388 τὰς
1828 4327 1927 4396 τῆς

2664 3009 2819 3068 CAP.
2841 3011 2928 3066 IX.

2090 3151 2256 3207 Vens.
2315 3149 2449 3214 1,2.
2513 3147 2814 3212 Assumptio
2873 3146 3010 3198 verbi
3067 3144 3283 3199 Domini
3363 3149 3418 3202 in
3464 3159 3605 3204 terra

2021 3242 2252 3304 Adrach,
2281 3251 2328 3292 et
2371 3239 2618 3292 Damasci
2649 3239 2850 3304 requies
2891 3236 3022 3304 ejus,
3059 3239 3178 3300 quia
3241 3236 3495 3292 Dominus
3523 3258 3606 3294 rs-

2022 3334 2173 3401 spicit
2210 3333 2465 3394 homines,
2506 3341 2551 3384 et
2581 3344 2756 3384 omnes
2783 3329 2951 3382 tribus
2980 3328 3168 3384 Israel.
3197 3329 3261 3384 Et
3298 3330 3491 3386 Emam
3548 3334 3602 3387 in

2021 3421 2216 3491 ﬁnibus
2241 3421 2378 3488 ejus.

2091 3511 2200 3566 LII.
2232 3511 2403 3566 Locus
2462 3509 2794 3574 salebrusns,
2830 3519 2886 3564 et
2926 3511 3216 3566 verborum
3279 3513 3378 3567 ista
3435 3516 3605 3570 series

2022 3601 2251 3656 diﬂicilis
2297 3607 2362 3654 ad
2427 3600 2856 3670 intelligendum.
2914 3598 3604 3672 Verumtamen,quantum

2023 3694 2076 3748 in
2107 3693 2258 3748 nobis
2285 3702 2389 3755 est,
2409 3709 2530 3746 eam
2571 3693 2951 3746 euodabimus.
3008 3691 3177 3747 Porro
3224 3694 3603 3761 explicandum

2023 3786 2172 3856 prius
2203 3784 2271 3839 de
2299 3784 2493 3854 quibus
2523 3784 2620 3837 ista
2652 3783 2793 3836 dicta
2845 3783 3037 3836 merito
3089 3784 3485 3839 existimemus.
3515 3788 3607 3839 Sic

2023 3878 2192 3940 enim,
2225 3885 2280 3930 et
2312 3876 2396 3929 vix
2434 3884 2616 3928 tamen
2651 3873 2895 3927 vaticinii
2935 3860 3130 3930 sensus
3161 3875 3402 3944 liquebit.
3424 3876 3605 3941 Quan-

2024 3970 2091 4023 do
2128 3967 2638 4035 igiturcaptivitatis
2665 3965 2889 4018 vinculis
2919 3966 3149 4021 emissus
3216 3966 3471 4023 liberatus
3522 3979 3604 4022 est

2024 4060 2153 4115 olim
2183 4059 2368 4126 Israel,
2396 4067 2451 4113 et
2476 4059 2545 4111 ita
2579 4059 2630 4111 in
2658 4057 2898 4113 Judazam
2932 4059 3164 4124 revenit,
3197 4068 3250 4113 et
3301 4057 3604 4114 Jerusalem
3669 4097 3680 4108 .

2028 4155 2333 4207 instaurare
2365 4149 2596 4221 occepit,
2623 4160 2768 4216 tunc,
2797 4161 2924 4204 tunc
2950 4151 3142 4205 vicina:
3174 4161 3380 4220 gentes,
3417 4148 3606 4203 Samao

2027 4244 2165 4306 ritae,
2200 4254 2253 4298 et
2271 4241 2568 4305 Palaestini,
2599 4253 2650 4296 et
2675 4241 2978 4306 Phoenices,
3009 4241 3206 4293 invidia
3235 4241 3506 4302 ardentes,
3537 4240 3605 4293 ti-

2029 4346 2342 4403 mentesque
2363 4333 2524 4387 simul
2551 4347 2646 4398 ne,
2677 4331 2841 4386 rebus
2871 4332 3084 4384 illorum
3118 4331 3182 4383 ad
3207 4331 3488 4398 pristinam
3531 4331 3607 4384 in-

343 4420 737 4489 Παλαιστίνης,
758 4419 851 4470 καὶ
889 4418 990 4488 μὴν
1024 4420 1116 4471 καὶ
1141 4419 1390 4490 Φοινίκης
1410 4419 1698 4487 νεμόμενοι
1716 4417 1920 4480 πόλεις,

2027 4426 2396 4480 columitatem
2430 4425 2718 4488 revocatis,
2756 4433 2810 4478 et
2837 4439 3032 4494 genere
3074 4423 3127 4476 in
3157 4423 3480 4477 immensum
3507 4438 3606 4477 au-

343 4511 742 4568 κατεδάκνοντο
771 4509 966 4578 φθόνῳ,
995 4509 1128 4578 ὁμοῦ
1170 4509 1226 4562 δὲ
1269 4511 1361 4562 καὶ
1389 4509 1677 4568 ἐδεδίεσαν,
1709 4508 1781 4578 μὴ
1824 4508 1930 4578 ἄρα

339 4605 411 4674 δὴ
441 4603 603 4656 πάλιν
630 4601 1032 4668 ἀνενεγκόντων
1077 4601 1258 4661 αὐτοῖς
1283 4599 1388 4651 τῶν
1412 4597 1837 4668 πραγμάτωνείς
1868 4596 1928 4650 τὸ

340 4695 441 4750 ἀπ’
475 4694 671 4765 ἀρχῆς,
706 4693 797 4746 καὶ
826 4694 906 4754 εἰς
938 4690 1146 4763 πληθὺν
1195 4689 1502 4760 ἀμέτρητον
1551 4689 1925 4758 ἐκτεινομένου

340 4787 440 4842 τοῦ
469 4788 682 4855 γένους,
726 4781 844 4840 εἶτα
873 4784 1026 4837 πόλιν
1055 4783 1270 4853 ἔχοντες
1313 4780 1409 4850 τὴν
1443 4780 1583 4833 οὕτω
1620 4781 1923 4834 δυσάλωτον

341 4882 439 4934 καὶ
475 4877 908 4948 εύπυργοτάτην,
938 4872 1462 4946 καταστρατεύοιντο
1510 4873 1670 4927 πάλιν
1721 4872 1922 4939 αὐτῶν,

341 4973 439 5024 καὶ
469 4970 681 5040 ἄμαχόν
718 4985 859 5034 τινα,
885 4967 1025 5020 καθά
1059 4966 1152 5019 καὶ
1182 4965 1368 5028 πάλαι,
1396 4964 1925 5036 κατεξαναστήσειαν

341 5062 524 5117 αὐτῶν
546 5061 643 5131 τὴν
661 5061 840 5130 χεῖρα,
859 5056 1034 5129 ταύτῃ
1052 5073 1132 5108 τοι
1156 5054 1411 5124 τειχίζειν
1433 5056 1711 5119 ἐθέλοντας
1735 5057 1928 5110 διακω-

340 5154 492 5205 λύειν
538 5151 752 5222 ἦθελον,
795 5151 1026 5220 πικροὺς
1071 5148 1362 5218 ἀρτύοντες
1404 5146 1615 5210 λόγους,
1669 5147 1761 5200 καὶ
1819 5147 1924 5218 μὴν

343 5244 438 5297 καὶ
476 5242 700 5312 ἐφόδους
739 5241 1038 5313 λῃστρικᾶς
1067 5239 1308 5302 ἱστάντες
1342 5232 1724 5301 αύτοίςῘΗκον
1753 5239 1810 5291 δὲ
1845 5241 1927 5302 εἰς

343 5333 501 5386 τοῦτο
551 5330 849 5401 βασκανίας
880 5329 971 5382 καὶ
1024 5327 1247 5397 φθόνου,
1293 5327 1433 5380 ὥστε
1476 5329 1568 5380 καὶ
1615 5329 1925 5397 γεγράφασι

343 5424 421 5494 τῷ
453 5423 677 5494 Περσῶν
708 5419 1044 5492 βασιλεύοντι
1073 5419 1133 5471 τὸ
1159 5419 1411 5488 τηνικάδε
1434 5419 1502 5471 τὰ
1531 5422 1587 5472 ὲν
1612 5420 1688 5489 τῷ
1722 5419 1926 5490 Ἔσδρᾳ

344 5516 589 5586 κείμενα.
637 5515 790 5583 Ἔχει
837 5513 893 5566 δὲ
925 5510 1127 5574 οὕτως·
1163 5529 1180 5560 ι
1216 5510 1433 5562 Βασιλεῖ
1460 5510 1787 5583 Ἀρταξέρξῃ
1828 5526 1926 5563 κυ-

345 5605 467 5676 ρίῳ.
497 5608 545 5660 0i
576 5603 764 5667 παῖδές
795 5619 888 5656 σου
913 5619 926 5634 ο
967 5600 1238 5674 Ῥᾴθυμος
1268 5601 1295 5652 ὁ
1316 5599 1384 5654 τὰ
1414 5601 1758 5671 πραττόμενα
1788 5599 1923 5669 γρά-

414 5781 460 5813 ⁶⁸
501 5781 691 5850 lipltcs.
726 5797 796 5844 ts,
831 5781 908 5833 l5.
1024 5780 1064 5811 "
1092 5780 1225 5834 Gen.
1271 5795 1418 5842 ms,
1476 5779 1559 5831 ίθ.

2027 4528 2137 4582 cto,
2162 4533 2283 4571 cum
2317 4518 2507 4571 urbem
2532 4517 2797 4570 baberent
2868 4525 3178 4585 expugnata
3228 4513 3494 4569 diliicilem
3542 4529 3607 4569 ac

2026 4609 2693 4673 munitissimam,deinde
2739 4608 2885 4677 ipsos
2946 4607 3084 4662 bello
3149 4607 3498 4672 lacesserent,
3549 4614 3605 4661 el.

2031 4699 2313 4762 invictum,
2350 4699 2576 4761 utolim,
2609 4707 2796 4750 contra
2823 4712 2880 4751 se
2912 4697 3211 4751 exercitum
3246 4697 3601 4759 adducerent,

2025 4791 2109 4845 bis
2131 4792 2200 4845 de
2222 4791 2400 4845 causis
2427 4805 2611 4844 muros
2630 4788 2903 4843 aediﬁcare
2920 4804 3202 4857 aggressos
3227 4788 3484 4856 impedire
3507 4801 3603 4839 co—

2028 4881 2139 4936 nati
2178 4891 2327 4945 sunt,
2359 4882 2525 4935 verba
2559 4880 2894 4934 amarulenta
2921 4881 3212 4947 jactantes,
3235 4890 3286 4933 et
3310 4878 3602 4946 populatio-

2021 4972 2182 5028 nibus
2209 4973 2262 5026 itt
2289 4988 2382 5026 eos
2405 4981 2738 5042 grassantes.
2772 4971 2849 5025 Eo
2903 4979 3080 5026 autem
3115 4958 3524 5025 obtrectationis
3548 4975 3601 5020 et

2023 5063 2237 5118 invidiae
2257 5062 2594 5132 prodierunt,
2615 5071 2673 5116 ut
2701 5061 2809 5132 regi
2838 5061 3130 5117 Persarum
3171 5073 3267 5127 per
3301 5058 3351 5111 id
3389 5066 3598 5124 tempus

2024 5152 2347 5215 scriberent,
2408 5166 2526 5220 qua:
2590 5150 2658 5205 ab
2729 5150 2898 5203 Estlra
2956 5150 3252 5202 recitantur
3312 5143 3396 5198 itis
3421 5145 3600 5197 verbis

2025 5244 2410 5310 propemodum
2448 5259 2462 5294 :
2496 5262 2514 5294 ι
2551 5239 2684 5311 Regi
2714 5242 2998 5295 Artaxerxi
3028 5238 3264 5302 domino,
3300 5236 3440 5289 servi
3460 5232 3596 5303 ejus,

2025 5326 2336 5399 Ratltytnus
2393 5341 2636 5384 actorum
2696 5330 2894 5389 scriba,
2927 5338 2978 5381 et
3011 5325 3275 5380 Semelius
3304 5325 3499 5388 scriba,
3546 5335 3600 5379 ct

2023 5419 2213 5488 reliqui
2248 5421 2314 5472 de
2348 5420 2596 5483 consilio,
2629 5427 2683 5472 et
2705 5417 2918 5484 judices
2945 5417 2994 5469 in
3024 5415 3313 5487 Ctelesyria
3356 5425 3409 5470 el
3439 5414 3599 5470 Phoe-

2022 5512 2163 5565 nice.
2194 5511 2359 5566 Nosse
2388 5518 2437 5565 te
2463 5509 2734 5573 convenit,
2762 5507 3102 5574 res,Jud:eos
3127 5507 3454 5580 Babylonem
3487 5517 3600 5559 tra-

2023 5604 2215 5659 ductus
2243 5604 2451 5657 venisse
2504 5601 2554 5656 in
2588 5600 2918 5673 provinciam
2975 5613 3239 5675 nostram,
3301 5608 3353 5654 et
3413 5597 3598 5650 urbem

1679 5780 1722 5808 ”
1753 5778 1889 5831 Psal.
1928 5795 2124 5845 Luxv,
2155 5780 2206 5832 8.
