4080 6284
536 426 638 486 iis

1553 417 1612 470 s.
1656 405 1930 469 crtum
1971 386 2443 460 ALEXANDRINI
2482 395 2796 460 ARClilEP.

3701 392 3800 448 1⁸56

535 525 670 602 hanc
694 539 953 612 perlidam
977 545 1031 592 et
1052 533 1351 604 improbam
1375 531 1442 586 de
1479 530 1688 598 integro
1718 527 1982 590 ctmdere,
2048 531 2102 577 et

2225 536 2342 587 ρων,
2375 519 2472 571 καὶ
2519 517 2775 587 Σεμέλιος
2827 516 2854 566 ό
2910 508 3292 581 γραμματεὺς,
3321 505 3415 558 καὶ
3445 506 3497 557 οἱ
3523 504 3795 559 ἐπίλοιποι

533 637 646 691 [ora
681 635 796 705 ejus
836 645 1048 702 parare,
1087 637 1141 683 et
1195 627 1392 680 moenia
1450 637 1512 676 ac
1541 619 1799 687 templum
1846 618 2104 672 excitare.

533 725 865 782 Persuasum
893 719 1096 782 sittibi,
1123 718 1168 773 si
1209 717 1280 771 ita
1315 722 1559 785 pergant,
1601 725 1702 765 nec
1729 711 1925 764 tributa
1977 723 2111 774 pen-

535 818 810 877 sitaturos,
846 827 947 865 nec
972 811 1268 879 parituros,
1300 805 1392 860 sed
1429 806 1482 858 in
1516 817 1672 871 reges
1711 801 2107 860 calcitratnros,

535 918 591 963 et
625 906 690 960 ad
730 904 1097 974 imperandum
1129 914 1286 969 quam
1322 896 1386 951 ad
1411 894 1767 949 obediendum
1822 887 2112 959 promptio-

537 1013 626 1052 res
653 997 881 1050 futuros.
906 993 1069 1063 730
1108 992 1241 1045 Dum
1296 1002 1423 1055 ergo
1471 985 1548 1039 illi
1605 985 1657 1038 in
1710 981 2113 1038 constructione

537 1089 721 1159 templi
747 1087 995 1141 laborant
1036 1094 1090 1138 et
1114 1082 1410 1142 enituntur,
1435 1077 1638 1148 placuit
1663 1075 1819 1128 nobis
1870 1071 2114 1126 scribere

539 1183 605 1234 ad
637 1190 706 1243 te,
738 1195 856 1244 rex,
882 1185 935 1232 et
962 1192 1074 1230 rem
1111 1173 1242 1227 tanti
1269 1171 1524 1225 momenti
1554 1184 1658 1222 non
1693 1165 1962 1234 negligere
1985 1164 2053 1215 θ’.
2089 1181 2108 1214 ι

538 1273 859 1338 ltaqnecum
892 1277 1103 1334 captum
1153 1275 1206 1318 et
1231 1270 1555 1316 servrentem
1597 1255 1849 1312 lsraelem
1868 1271 1970 1308 non
2007 1267 2116 1306 me-

540 1356 799 1411 diocriter
831 1354 1163 1414 derisissent,
1199 1351 1530 1417 liberatoqtte
1556 1349 1771 1400 tandem
1794 1354 1851 1400 et
1885 1342 2115 1397 vinculis

542 1447 788 1501 absoluto
819 1459 1029 1498 rursum
1055 1441 1409 1495 nihilominus
1441 1439 1842 1501 insnltarent,et
1869 1437 2117 1489 innume-

542 1539 617 1593 ris
639 1554 760 1593 eum
787 1537 1046 1591 molestiis
1075 1537 1413 1596 divexarent,
1443 1532 1628 1586 multis
1657 1530 1830 1585 modis
1850 1527 2115 1583 insidian-

542 1641 645 1696 tes,
678 1641 730 1685 et
759 1643 935 1698 neque
956 1628 1199 1682 divinum
1252 1627 1508 1694 templum
1566 1624 1892 1687 instaurare,
1943 1635 2118 1689 neque

540 1719 809 1774 moenibus
841 1718 1027 1771 urbem
1059 1717 1275 1786 cingere
1290 1715 1554 1779 sinentes,
1583 1726 1802 1766 necesse
1819 1709 1924 1764 fuit
1949 1710 2115 1764 Deum

539 1811 670 1880 ipsis
691 1808 873 1875 irasci,
903 1818 956 1863 et
979 1823 1072 1863 eos
1099 1808 1150 1860 in
1180 1821 1372 1860 manus
1401 1803 1614 1859 lsraelis
1645 1803 1880 1856 tradere.
1921 1801 2116 1855 Finitis

538 1903 680 1956 enim
709 1901 986 1970 operibus,
1018 1907 1073 1952 et
1104 1897 1305 1966 templo
1337 1895 1577 1957 condito,
1626 1895 1878 1948 omnibus
1927 1908 2113 1948 eorum

540 1990 766 2045 urbibus
795 1987 1105 2053 devastatis,
1136 1986 1376 2053 captivos
1406 1999 1590 2039 earum
1621 1982 1824 2038 incolas
1853 1982 2116 2047 fecerunt,

539 2093 705 2147 atque
729 2095 860 2150 opes
885 2081 1177 2134 immensas
1193 2078 1544 2149 collegerunt.
1582 2078 1672 2131 Ait
1707 2076 1908 2146 igitur:
1950 2093 1968 2126 ‹
2016 2075 2120 2128 As-

541 2174 775 2241 sumptio
798 2173 1020 2227 verbum
1043 2170 1252 2224 Domini
1301 2171 1511 2224 interra
1544 2167 1781 2231 Adrach,
1831 2180 1884 2221 et
1928 2168 2120 2220 Dama-

542 2268 643 2333 sci,
683 2284 702 2316 ι
727 2267 827 2320 hoc
848 2276 949 2329 est,
970 2264 1058 2333 qui
1084 2264 1134 2318 in
1152 2263 1400 2317 manibus
1434 2261 1589 2316 nobis
1607 2269 1688 2315 est
1716 2274 1894 2315 sermo
1920 2273 1949 2312 a
1985 2257 2116 2322 Deo,

544 2365 731 2412 contra
760 2367 957 2411 terram
1009 2353 1244 2418 Adrat’h,
1304 2362 1359 2408 et
1404 2351 1651 2406 Damasci
1709 2352 1820 2419 ﬁet,
1881 2351 2011 2420 quin
2066 2358 2121 2405 et

545 2449 762 2513 Emath,
795 2463 916 2517 quae
957 2457 1041 2500 est
1066 2447 1116 2500 iu
1159 2445 1355 2499 ﬁnibus
1399 2444 1534 2514 ejus,
1562 2444 1806 2497 Damasci
1851 2443 2116 2497 videlicet.

542 2539 714 2595 Terra
753 2549 930 2594 autem
957 2538 1172 2592 'Adrach
1203 2538 1348 2609 regio
1373 2536 1557 2604 utique
1598 2545 1682 2590 est
1723 2535 1985 2599 Orientis,
2031 2535 2118 2588 cui

545 2632 775 2686 finitima
821 2641 905 2686 est
933 2629 1123 2684 Emath
1152 2650 1170 2681 ι
1202 2644 1320 2699 qua:
1342 2639 1424 2683 est
1447 2628 1762 2697 Epiphania,
1783 2628 1940 2697 paulo
1956 2609 2121 2696 supra

544 2724 908 2790 Antiochiam,
951 2731 1004 2777 et
1030 2722 1320 2776 Damascus
1345 2760 1360 2785 ,
1410 2735 1527 2790 quae
1565 2728 1648 2775 est
1690 2718 2007 2775 Phoenicum
2067 2727 2121 2774 et

547 2815 842 2870 Palaestinae
872 2813 1205 2882 metropolis.
1225 2813 1600 2880 thjicientur
1629 2821 1810 2866 autem
1839 2820 1894 2866 et
1925 2819 2122 2867 metro-

547 2903 713 2974 poles,
749 2913 804 2956 et
837 2919 954 2972 qute
980 2903 1110 2972 ipsis
1131 2901 1386 2964 subiecta:
1424 2912 1548 2954 sunt
1571 2901 1752 2955 urbes.
1801 2899 1979 2968 Quare
2023 2900 2123 2970 igi-

546 3004 633 3048 tur
657 2996 956 3064 assumptio
992 3004 1179 3048 contra
1214 2993 1365 3047 illas?
1414 2991 1548 3060 Quia
1582 3002 1633 3046 et
1663 2993 1715 3046 in
1743 2992 1872 3061 ipsis
1914 2992 2012 3046 fuit
2039 3008 2123 3047 re-

544 3088 696 3158 quies
721 3088 859 3157 ejus,
889 3087 990 3142 hoc
1023 3097 1124 3153 est,
1177 3087 1416 3140 omnium
1469 3085 1798 3141 dominantis
1852 3086 1966 3140 Dei.
2012 3086 2122 3140 lic—

2208 610 2310 681 τῆς
2359 610 2552 680 βουλῆς
2587 608 2786 673 αὐτῶν,
2818 608 2912 658 καὶ
2949 603 3133 672 κριταὶ
3162 601 3210 652 οἱ
3238 601 3295 651 ὲν
3326 602 3391 668 τῇ
3425 597 3598 668 Κοίλῃ
3631 599 3806 669 Συρίᾳ.

2211 703 2305 754 καὶ
2328 703 2568 774 Φοινίκῃ.
2602 701 2895 753 Γινώσκειν
2928 712 2986 748 σε
3028 695 3126 759 δεῖ,
3171 691 3418 762 βασιλεῦ,
3451 692 3532 742 ὅτι
3557 691 3807 743 Ἰουδαῖοι

2212 796 2261 847 οἱ
2305 795 2384 857 είς
2434 792 2728 846 Βαϐυλῶνα
2778 787 3141 857 ἀναχθέντες,
3195 782 3519 854 ἐληλύθασιν
3572 783 3654 844 εἰς
3707 780 3803 850 τὴν

2213 887 2507 958 ἡμετέραν,
2557 883 2654 936 καὶ
2696 882 2793 952 τήν
2833 896 2890 932 τε
2931 878 3084 929 πόλιν
3113 875 3210 946 τὴν
3241 873 3544 927 ἀποστάτιν
3577 872 3671 924 καὶ
3706 890 3797 925 πο-

2213 979 2383 1050 νηρὰν
2432 974 2794 1043 οἰκοδομοῦσι,
2835 972 2927 1024 καὶ
2976 969 3076 1032 τὰς
3125 967 3328 1037 ἀγορὰς
3380 965 3810 1028 ἐπισκευάζουσι

2213 1069 2438 1139 ταύτης,
2467 1066 2562 1120 καὶ
2608 1066 2678 1118 τὰ
2723 1065 2897 1133 τείχη,
2936 1061 3030 1114 καὶ
3080 1060 3169 1111 τὸν
3225 1057 3352 1109 ναὸν
3405 1056 3806 1125 ἀνεγείρουσιν,

2218 1160 2358 1214 Ἰσθι
2391 1159 2576 1228 μέντοι
2619 1173 2702 1224 γε,
2731 1153 2937 1206 τούτων
2963 1149 3291 1220 γενομένων,
3323 1145 3446 1199 οὔτε
3482 1145 3680 1216 φόρους
3709 1147 3810 1199 αὐ-

2212 1253 2340 1315 τοὺς
2369 1251 2540 1304 τελεῖν
2585 1245 3008 1317 ὑπομενοῦντας,
3036 1241 3161 1294 οὔτε
3191 1240 3248 1293 δὲ
3281 1237 3580 1291 ὑπακούειν
3610 1237 3810 1308 ἐθελή-

2218 1359 2430 1407 σοντας·
2461 1339 2598 1393 ἀλλὰ
2632 1337 2729 1391 καὶ
2759 1333 3068 1406 βασιλεῦσιν
3115 1331 3553 1400 ἀντιστήσονται,
3583 1326 3676 1379 καὶ
3717 1323 3818 1393 ἄρ-

2216 1455 2331 1507 χειν
2365 1435 2583 1506 μᾶλλον,
2603 1433 2636 1502 ἢ
2657 1427 2952 1485 ὑπακούειν
2976 1422 3346 1492 ἐθελήσουσιν.
3368 1421 3624 1490 Ἐνεργου
3635 1417 3809 1488 μένων

2215 1526 2310 1584 οῦν
2356 1527 2463 1581 τῶν
2512 1525 2641 1596 περὶ
2674 1523 2765 1576 τὸν
2804 1520 2930 1573 ναὸν
2965 1519 3062 1571 καὶ
3111 1513 3590 1582 σπουδαζομένων,
3627 1511 3810 1573 καλῶς

2219 1622 2365 1693 ἔχειν
2400 1617 2576 1680 ἔδοξεν
2607 1617 2736 1686 ἡμῖν
2786 1611 2994 1684 γράψαι
3029 1625 3130 1672 σοι,
3171 1603 3410 1676 βασιλεῦ,
3435 1603 3532 1656 καὶ
3559 1602 3632 1674 μὴ
3655 1618 3813 1670 περι-

2223 1715 2350 1767 ιδεῖν
2399 1711 2459 1763 τὸ
2506 1708 2763 1762 τοιοῦτον.
2797 1724 2815 1756 ι
2862 1701 3072 1757 Οὑκοῦν
3107 1698 3406 1767 ἐπειδήπερ
3442 1696 3707 1749 ἑαλωκότι
3733 1691 3812 1760 τῷ

2233 1802 2450 1876 Ἰσραὴλ
2478 1801 2573 1854 καὶ
2618 1797 2841 1851 παθόντι
2884 1793 2982 1865 τὴν
3028 1788 3408 1862 αἰχμαλωσίαν
3462 1785 3812 1848 ὲπετώθαζον

2222 1897 2281 1948 οὑ
2314 1875 2588 1964 μετρίως,
2617 1885 3082 1955 ἀνασεσωσμένων
3131 1881 3188 1933 δὲ
3245 1880 3420 1950 μόλις,
3451 1877 3543 1930 καὶ
3593 1875 3813 1944 δεσμῶν

2224 1986 2504 2058 ἁνεμένων
2555 1982 2716 2034 πάλιν
2759 1977 2909 2032 οὐδὲν
2956 1971 3118 2047 ἦττον
3170 1972 3542 2043 ὲπέθρωσκον,
3601 1966 3813 2037 μυρίοις

2224 2097 2281 2132 τε
2317 2080 2460 2139 ὅσοις
2492 2074 2655 2129 αὑτὸν
2685 2071 2895 2126 ἐνίεσαν
2945 2069 3149 2130 πόνοις,
3189 2063 3544 2134 πολυτρόπως
3591 2062 3815 2114 ἐπιδουι

2223 2170 2491 2233 λεὺοντεζ,
2525 2168 2615 2221 καὶ
2667 2163 2789 2216 οὕτε
2838 2163 2929 2215 τὸν
2982 2162 3122 2213 θεῖον
3161 2157 3396 2229 ἐγείρειν
3433 2155 3631 2214 ἐῶντες
3663 2151 3812 2214 ναὸν,

2225 2263 2346 2318 οὕτε
2385 2264 2486 2334 μὴν
2520 2259 2775 2330 τειχίζειν
2813 2257 2911 2328 τὴν
2957 2255 3132 2317 πόλιν,
3179 2250 3530 2324 παρωξύνετο
3557 2247 3692 2310 Θεὸς
3727 2241 3814 2298 ἐπ’

2226 2356 2408 2417 αὑτοῖς
2443 2351 2778 2420 ἀναγκαίως,
2810 2349 2902 2400 καὶ
2930 2345 3245 2418 παρέδωκεν
3280 2344 3474 2404 αὐτοὺς
3507 2343 3588 2404 εἰς
3625 2341 3815 2409 χεῖρας

2239 2444 2472 2516 Ἰσραήλ.
2509 2441 2881 2511 Πεπαυμένων
2919 2437 3027 2507 γὰρ
3073 2434 3182 2488 τῶν
3213 2433 3409 2504 ἔργων,
3441 2429 3814 2502 ὲγηγερμένου

2225 2557 2284 2592 τε
2315 2537 2407 2591 τοῦ
2433 2533 2584 2601 ναοῦ,
2609 2534 2787 2595 πάσας
2811 2530 2991 2584 αὑτῶν
3016 2529 3115 2591 τὰς
3147 2527 3330 2588 πόλεις
3364 2521 3816 2594 καταδῃὼσαντες

2227 2627 2370 2686 εἷλόν
2402 2647 2462 2683 τε
2509 2627 2612 2680 ὑπὸ
2661 2628 2818 2696 χεῖρα
2866 2625 2993 2686 τοὺς
3039 2623 3094 2673 ὲν
3128 2620 3339 2681 αὑταῖς,
3371 2617 3468 2670 καὶ
3512 2612 3815 2685 χρημάτων

2227 2725 2514 2796 γεγόνασιν
2567 2718 2955 2791 ἀναριθμήτων
3011 2713 3288 2766 δεσπόται.
3333 2730 3350 2762 ι
3380 2712 3590 2780 Λῆμμα
3637 2707 3816 2759 τοίνυν

2228 2818 2382 2886 λόγος
2416 2813 2639 2884 Κυρίου,
2674 2811 2860 2880 φησιν,
2893 2809 2949 2859 ὲν
2980 2808 3048 2876 γῇ
3095 2803 3291 2874 Ἀδρὰχ
3341 2801 3432 2854 καὶ
3459 2797 3813 2870 Δαμασκοῦ»

2227 2911 2525 2969 τουτέστιν,
2545 2908 2602 2959 Ὀ
2627 2906 2682 2957 ἐν
2709 2903 2895 2974 χερσὶν
2924 2901 3055 2970 ἡμῖν
3076 2897 3232 2966 λόγος
3264 2899 3292 2949 ὁ
3318 2895 3469 2966 παρὰ
3495 2892 3650 2955 Θεοῦ,
3675 2887 3821 2945 κατᾶ

2228 3021 2286 3057 τε
2336 3000 2434 3070 τῆς
2473 3000 2575 3069 γῆς
2624 2993 2822 3064 Ἀδρὰχ
2870 2991 2966 3044 καὶ
3010 2989 3108 3060 τῆς
3159 2985 3451 3056 Δαμασκοῦ
3504 2985 3816 3054 γενήσεται,

2229 3095 2323 3148 καὶ
2360 3091 2542 3161 μέντοι
2594 3086 2687 3138 καὶ
2729 3081 2927 3153 Ἢμὰθ,
2961 3081 3082 3150 ἥτις
3111 3080 3255 3132 ἐστὶν
3289 3079 3348 3129 ἐν
3373 3079 3482 3138 τοῖς
3512 3074 3691 3144 ,ὁρίοις
3719 3075 3816 3126 αὑ-

544 3182 746 3250 quievit
776 3197 957 3250 porro,
987 3180 1109 3250 quia
1143 3179 1362 3248 punitas
1386 3177 1539 3232 vidit.
1575 3177 1700 3233 Non
1735 3179 1883 3233 enim
1907 3182 2110 3234 tacuis-

2225 3191 2336 3262 τῆς,
2362 3160 2519 3252 δῆλον
2549 3177 2606 3230 δὲ
2635 3177 2716 3228 ὅτι
2746 3175 2842 3244 τῆς
2876 3167 3192 3242 Δαμασκοῦ.
3225 3167 3299 3238 Γῆ
3331 3166 3388 3218 δὲ
3407 3164 3626 3234 Ἀδρὰχ,
3669 3160 3819 3233 χώρα

545 3284 628 3330 set
648 3277 736 3344 qui
763 3275 1001 3329 intuetur
1031 3274 1232 3336 omnia,
1263 3273 1527 3341 veniaque
1581 3280 1635 3328 et
1681 3272 1988 3330 visitatione
2043 3275 2128 3330 di-

547 3377 743 3436 gnatur
765 3367 996 3420 electum
1060 3381 1252 3433 genus,
1299 3365 1550 3418 lsraelem
1608 3364 1832 3420 scilicet.
1888 3366 2128 3421 lntuetur

545 3459 691 3513 enim
717 3457 964 3510 homines
990 3455 1363 3508 universorum
1399 3453 1560 3520 Deus,
1603 3464 1662 3508 et
1705 3457 2129 3526 uniuscujusque

546 3552 689 3606 viam
722 3550 1055 3612 considerat,
1117 3555 1168 3604 et
1214 3546 1465 3614 injuriam
1518 3545 1779 3603 facientes
1825 3550 2126 3618 ulciscitur,

548 3657 741 3714 pmnas
775 3643 946 3697 iratus
1003 3639 1217 3710 inﬂigit,
1281 3639 1534 3710 injuriam
1583 3649 1763 3695 autem
1799 3657 1986 3712 passos
2017 3642 2126 3696 sal-

547 3745 638 3789 vat
659 3733 726 3788 ⁷⁸.
758 3732 1071 3788 Tenendum
1101 3741 1279 3786 autem
1316 3733 1601 3800 memoria,
1628 3747 1748 3786 eum
1771 3734 1931 3786 etiam
1961 3750 2123 3803 snpra

548 3827 615 3881 de
629 3834 857 3894 quatuor
885 3822 1136 3876 curribus
1168 3821 1501 3889 loquentem,
1529 3827 1584 3873 et
1621 3820 1860 3887 equitum
1889 3821 2124 3887 speciem

551 3917 946 3971 describentem
969 3913 1240 3967 addidisse
1270 3911 1460 3964 deinde
1486 3929 1497 3962 :
1521 3929 1538 3960 ‹
1567 3910 1706 3964 Ecce
1727 3912 1815 3979 qui
1840 3912 2126 3980 egrediun-

553 4021 640 4065 tur
668 4025 830 4080 super
857 4016 1054 4061 terram
1080 4005 1349 4075 aquilonis
1378 4003 1717 4071 requiescere
1734 4001 2126 4057 feceruntiram

554 4118 725 4158 meam
761 4103 977 4154 interra
1025 4097 1313 4168 aquilonis.
1356 4116 1374 4148 ι
1405 4095 1715 4165 Requiescit
1764 4105 1942 4152 autem
1992 4114 2127 4167 quo-

553 4192 840 4248 dammodo
870 4191 1086 4245 inimica
1115 4189 1272 4244 malis
1303 4189 1382 4243 ira
1411 4187 1645 4253 Domini,
1689 4204 1831 4254 cum,
1867 4190 1954 4259 qui
2007 4205 2128 4244 eum

551 4284 782 4352 plurima
833 4293 885 4339 et
917 4281 1464 4352 eth-citatepecrando
1519 4279 1887 4343 offenderunt.
1939 4298 2130 4352 pmnas

561 4375 785 4434 iuerint.

2229 3253 2331 3344 που
2368 3283 2588 3340 πάντως
2623 3272 2740 3326 ἐστὶ
2775 3272 2919 3322 κατὰ
2948 3267 3044 3337 τὴν
3083 3263 3222 3334 ἑῴαν
3255 3261 3508 3332 κειμένη,
3535 3253 3602 3330 ἦς
3622 3256 3819 3325 γείτων

2225 3382 2260 3450 ἦ
2306 3394 2366 3430 τε
2409 3367 2609 3441 Ἦμὰθ,
2634 3367 2754 3434 ἥτις
2795 3360 2943 3414 ἐστὶν
2990 3354 3314 3424 Ἐπιφάνεια
3359 3353 3458 3422 τῆς
3501 3345 3819 3416 Ἀντιοχέων

2227 3439 2554 3542 προσωτέρα
2597 3456 2790 3529 βραχὺ,
2821 3453 2917 3505 καὶ
2947 3452 2980 3519 ἡ
3004 3445 3314 3518 Δαμασκὸς,
3342 3445 3377 3514 ἥ
3409 3445 3522 3496 ἐστι
3549 3439 3814 3493 Φοινίκων

2227 3528 2285 3614 τὲ
2336 3557 2431 3612 καὶ
2477 3528 2839 3615 Παλαιστίνης
2911 3538 3262 3612 μητρόπολις.
3299 3533 3710 3588 Ὑποκείσονται
3761 3528 3820 3579 δὲ

2231 3648 2472 3723 δηλονότι
2521 3644 2616 3696 σὺν
2655 3641 2776 3701 ταῖς
2827 3632 3194 3707 μητροπόλεσι
3245 3628 3339 3682 καὶ
3389 3625 3572 3686 πόλεις
3620 3622 3676 3674 ut
3719 3618 3822 3672 ὑπ’

2233 3710 2442 3802 αὑταῖς.
2476 3731 2628 3788 Διατί
2663 3729 2842 3783 τοίνυν
2873 3724 2989 3778 κατ’
3025 3720 3203 3776 αὑτῶν
3231 3719 3293 3772 τὸ
3329 3710 3558 3788 λῆμμας
3595 3713 3720 3766 Ὀτι
3755 3710 3820 3778 δὴ

2233 3837 2290 3886 ὲν
2337 3829 2528 3889 αὑταῖς
2572 3821 2796 3891 γέγονεν
2838 3817 3143 3876 ἀνάπαυσις
3196 3808 3384 3876 αὑτοῦ,
3428 3805 3697 3866 τουτέστι,
3728 3799 3821 3853 τοῦ

2234 3921 2452 3977 πάντων
2503 3911 2832 3986 κρατοῦντος
2879 3901 3465 3960 ΘεοῦσἋναπέπαυται
3511 3895 3587 3958 δὲ,
3617 3894 3698 3946 ὅτι
3731 3907 3824 3942 τε·-

2229 4015 2416 4070 θέαται
2451 3984 2924 4076 τετιμωρημένας.
2946 3999 3019 4051 Οὑ
3045 3996 3151 4066 γὰρ
3180 3993 3244 4046 ἂν
3283 3990 3574 4059 σεσίγηκεν
3595 3984 3822 4076 δπάντᾼα

2231 4103 2462 4175 ἐφορῶν,
2499 4095 2716 4170 φειδοῦς
2761 4109 2822 4144 τε
2867 4090 2961 4144 καὶ
3008 4085 3351 4155 ἐπισκέψεως
3391 4078 3558 4144 ἀξιῶν
3587 4075 3648 4130 τὸ
3686 4073 3825 4129 ἁπόέ

2229 4167 2419 4251 λεκτον
2450 4167 2628 4262 γένος,
2665 4185 2936 4245 τουτέστι,
2972 4181 3062 4234 τὸν
3113 4171 3576 4248 Ἰσραήλ.Ἐφορᾷ
3598 4167 3825 4262 γὰρ-ανδ

2231 4255 2481 4358 θρώπους
2519 4283 2546 4334 ό
2579 4279 2685 4333 τῶν
2711 4278 2846 4331 ὅλων
2894 4272 3046 4336 Θεὸς,
3080 4269 3174 4322 καὶ
3221 4273 3318 4336 τὴν
3365 4263 3596 4316 ἑκάστου
3640 4255 3826 4330 τρίϐον

2234 4351 2693 4439 κατασκέπτεται,
2731 4373 2825 4426 καὶ
2861 4373 2973 4432 τοῖς
3017 4367 3114 4436 μὲν
3152 4362 3428 4417 ἀδικοῦσιν
3463 4355 3714 4424 ἐπιφέρει
3753 4351 3825 4404 τὰ

554 4466 614 4530 ἔξ
639 4467 830 4535 ὀργῆς,
867 4467 1124 4536 ἐκρύεται
1150 4465 1206 4516 δὲ
1227 4465 1354 4526 τοὺς
1385 4464 1795 4533 ἀδικουμένους.
1825 4467 2155 4536 Μεμνῆσθαι
2195 4471 2250 4524 δὲ
2283 4471 2603 4539 ἀναγκαῖον,
2637 4465 2720 4518 ὅτι
2788 4461 2882 4514 καὶ
2927 4461 2982 4511 ἐν
3029 4459 3139 4518 τοῖς
3175 4449 3508 4524 προλαϐοῦσι
3553 4446 3646 4499 τὸν
3695 4439 3824 4510 περὶ

554 4559 662 4609 τῶν
712 4555 995 4625 τεσσάρων
1048 4553 1313 4623 ἁρμάτων
1360 4553 1680 4620 εἰσκομίσας
1719 4553 1879 4620 λόγον
1916 4557 2135 4621 καὶτὰς
2173 4561 2280 4614 τῶν
2315 4537 2526 4614 ἱπέέων
2566 4557 2729 4619 ἰδέας,
2775 4548 3134 4623 προστέθεικε
3205 4544 3402 4596 πάλινο
3442 4559 3459 4590 ι
3488 4539 3618 4592 Ἰδοὺ
3650 4539 3698 4588 oi
3732 4537 3825 4586 ὲκο

555 4648 915 4719 πορευόμενοι
960 4645 1050 4696 ἐπὶ
1099 4643 1202 4712 γῆν
1257 4641 1451 4713 βορρᾶ,
1488 4642 1804 4695 ἀνέπαυσαν
1841 4643 1933 4694 τὸν
1973 4645 2142 4716 θυμόν
2220 4669 2322 4721 μου
2353 4653 2409 4704 ὲν
2437 4653 2506 4720 γῇ
2549 4646 2740 4718 pop-pa.
2776 4662 2794 4694 ›
2831 4637 3197 4694 Ἀναπαῦεται
3228 4633 3283 4715 δὲ
3320 4631 3508 4701 ὥσπερ
3539 4630 3567 4681 ὁ
3597 4626 3822 4696 μισοπό-

554 4762 719 4815 νηρσς
769 4741 862 4793 τοῦ
911 4739 1180 4792 Δεσπότου
1240 4738 1430 4808 θυμὸς,
1468 4736 1825 4790 ὲκτετῖικέοτων
1855 4739 1950 4800 τὰς
1983 4738 2134 4804 δίκας
2170 4744 2280 4798 τῶν
2350 4743 2496 4813 αὑτῷ
2545 4734 3066 4810 προσκεκρουκότων
3121 4729 3208 4781 διὰ
3251 4725 3511 4794 πλείστην
3561 4722 3694 4791 ὅσην
3730 4719 3822 4772 καὶ

557 4836 808 4908 ἀχάλινον
838 4832 1134 4903 ἁμαρτίαν.

627 4927 789 4980 Vens.
826 4898 1143 4990 5,4.‘Tyrus
1167 4931 1214 4972 et
1236 4919 1426 4982 Sidon,
1450 4921 1695 4988 quoniam
1718 4921 1977 4989 sapientes
2011 4921 2121 4988 fue-

2310 4922 2494 4988 Τύρος
2546 4917 2643 4971 καὶ
2695 4912 2908 4975 Σιδὼν,
2958 4908 3106 4962 διότι
3157 4906 3508 4975 ἐμφόνησαν
3565 4902 3822 4970 σφόδρα,

559 5030 678 5073 runt
701 5019 877 5080 nimis,
911 5024 960 5069 et
995 5012 1275 5080 unlificuvit
1307 5011 1809 5080 Tyrusmunitioues
1844 5013 1966 5076 sibi,
2031 5012 2134 5066 tlte-

557 5111 851 5163 saurizarit
881 5116 1154 5171 argentum
1191 5104 1346 5172 quasi
1372 5102 1656 5168 pulverem,
1702 5113 1750 5154 et
1803 5103 2132 5173 congregat-it

560 5219 745 5255 aurum
774 5208 828 5252 ut
862 5197 1028 5250 lutum
1065 5196 1287 5248 viarum.
1315 5191 1594 5260 Propterea
1639 5195 1915 5256 possidebit
1951 5193 2136 5248 Domi-

561 5309 659 5347 nus
682 5309 817 5353 eum,
845 5300 890 5342 et
915 5289 1162 5355 percutiet
1189 5287 1240 5339 in
1301 5285 1436 5338 muri
1497 5285 1858 5353 fortitudinem
1907 5289 2044 5359 ejus,
2085 5298 2135 5344 et

561 5384 676 5453 ipsa
711 5385 763 5433 in
791 5383 908 5452 igne
941 5390 1294 5432 consumatur.

626 5474 784 5544 731
817 5470 946 5525 Llll.
1010 5470 1364 5524 Consentium
1431 5485 1550 5523 cum
1597 5471 1778 5525 verbis
1823 5481 2012 5526 eventa
2048 5489 2139 5526 ur-

565 5563 950 5630 bium,contra
981 5578 1116 5633 quas
1177 5559 1598 5631 assu‘mptionem
1669 5563 1874 5616 Domini
1940 5564 2137 5618 factam

563 5654 1072 5724 aliirmavitJnripit
1101 5664 1276 5707 autem
1318 5669 1346 5705 a
1377 5653 1518 5721 Tyro
1551 5662 1605 5705 et
1650 5651 1868 5717 Sidone,
1891 5670 2008 5723 qua!
2026 5669 2134 5724 prae

576 5824 642 5879 εει
674 5826 832 5886 Ιίειίτ.
965 5848 1036 5899 tv,
1085 5831 1136 5896 9,
1182 5827 1265 5882 '16.

2240 5015 2333 5066 καὶ
2367 5011 2715 5080 ᾠκοδόμησε
2751 5006 2932 5072 Τύρος
2959 4999 3309 5070 ὁχιιρὼματα
3339 4993 3544 5061 ἑαυτῇ,
3568 4991 3826 5059 ἐθησαύο

2233 5119 2412 5172 ρισεν
2439 5102 2720 5169 ἀργύριον
2769 5099 2846 5162 ὼς
2894 5096 3066 5164 χοῦν,
3096 5093 3193 5145 καὶ
3226 5089 3536 5158 συνήγαγε
3567 5085 3827 5154 χρυσίον

2240 5196 2319 5260 ὡς
2351 5192 2550 5260 πηλὸν
2587 5187 2759 5243 ὁδῶν.
2796 5187 2895 5241 Διά
2924 5185 3096 5239 τοῦτο
3129 5180 3573 5249 κληρονομήσει
3611 5177 3827 5242 Κύριος

2234 5286 2448 5352 αὐτὴν,
2469 5284 2567 5336 καὶ
2593 5279 2835 5344 κατάξει
2871 5282 2957 5346 εἰς
2986 5278 3308 5332 θάλασσαν
3333 5274 3593 5342 δύναμιν
3611 5265 3823 5335 αὐτῆς,

2237 5378 2333 5430 καὶ
2371 5374 2522 5443 αὑτὴ
2558 5375 2627 5428 ἐν
2661 5373 2800 5440 πνρὶ
2841 5366 3430 5434 καταναλωθήσεται.

2309 5471 2434 5523 ΝΡ.
2491 5466 2797 5537 Ἐπιτρέχει
2847 5463 2924 5534 τῷ
2975 5462 3118 5530 λόγῳ
3151 5456 3541 5528 συμϐεϐηκότα
3571 5458 3692 5518 ταῖς
3725 5451 3822 5505 πό-

2236 5552 2384 5624 λεσι,
2433 5558 2556 5612 καθ’
2595 5551 2665 5610 ὧν
2713 5555 3042 5624 γεγενῆσθαι
3105 5550 3475 5622 διισχυρίσατο
3518 5546 3578 5600 τὸ
3627 5546 3824 5616 λῆμμα

2241 5653 2465 5721 Κυρίου.
2505 5653 2762 5721 Ἀρχεται
2814 5647 2869 5699 δὲ
2918 5643 3023 5697 ἀπό
3053 5660 3109 5697 τε
3142 5624 3239 5711 τῆς
3269 5639 3445 5710 Τύρου
3480 5638 3572 5691 καὶ
3611 5634 3713 5706 τῆς
3740 5634 3825 5685 Σι-

1341 5827 1581 5882 τουτον.
1624 5843 1676 5895 v,
1707 5827 1767 5881 21
1797 5845 1812 5894 ς
1839 5827 1941 5884 Job
1977 5844 2128 5893 xxxr,
2158 5833 2191 5883 4
2227 5846 2342 5900 διμι-
