4080 6284
342 315 444 376 I37

1172 317 1722 381 GOMIENTARIUS
1760 320 1825 378 IN
1865 318 2269 378 ZACHABIAM
2306 316 2756 375 PROPIIETAM.

3491 317 3594 371 I38

332 433 523 498 ὅῶνος,
550 434 607 489 αι
639 434 700 505 δὴ
741 434 973 503 μάλιστα
1019 433 1128 489 τῶν
1165 436 1339 491 ἄλλων
1369 439 1733 512 διαφερόντως
1769 440 1938 493 τετίοξ

2023 435 2231 492 caeteris
2253 444 2408 488 erant
2433 428 2899 492 honoratissimc,
2931 434 3255 493 praestantes
3285 426 3514 493 viribus,
3536 439 3595 483 et

338 542 533 595 μηντο,
558 524 882 595 προέχουσαι
929 526 1028 597 μὲν
1049 527 1238 597 ,ίσχύῖ,
1269 530 1363 583 καὶ
1395 530 1629 602 πλούτῳ,
1665 530 1758 584 καὶ⁵
1790 532 1911 594 ταῖς

337 614 577 686 ὰνδρίαις
606 614 1161 688 τῶνκατῳκηκάτὼν,
1196 620 1415 690 ἔχουσαι
1460 621 1520 675 ει
1571 620 1760 691 ὥσπερ
1806 620 1912 674 ὑπὸ

336 709 496 777 χεῖρα
545 707 642 769 τὰς
690 707 875 774 ἄλλας,
919 711 1017 764 καὶ
1069 710 1180 765 τῶν
1224 712 1445 785 ὁμόρων
1496 714 1910 785 ὑπερκείμεναι.

338 798 545 851 Οὐκοῦν
591 800 884 872 ἐπειδήπερ
909 843 925 868 ,
973 804 1175 874 φησὶν,
1221 804 1429 877 ὑψηλὴν
1479 804 1761 860 ἁνασπῶσι
1815 806 1915 876 τὴν

335 890 506 961 ὀφρὺν
540 891 705 945 *ἁδὼν
729 909 789 946 τε
818 895 914 948 καὶ
941 895 1140 964 Τύρος,
1174 897 1375 952 οἴονται
1405 898 1461 952 δὲ
1496 892 1636 952 εἶναι
1664 898 1826 957 δεινοί
1854 914 1914 950 τε

337 981 430 1036 καὶ
460 981 777 1053 ἄθραυστοι,
806 985 900 1038 καὶ
930 986 1306 1059 τεθαρσήκασι
1332 989 1430 1059 μὶν
1457 990 1543 1042 ἐπ’
1569 988 1912 1062 ὀχυρώμασι,

333 1071 577 1126 τουτέστι
610 1073 806 1143 τειχῶν
836 1074 1172 1145 περισολαῖς,
1193 1077 1359 1147 ήγουν
1388 1078 1481 1131 καὶ
1509 1078 1712 1149 ἑτέροις
1737 1078 1916 1147 πράγ-

336 1179 494 1231 μασι,
546 1164 615 1216 δι’
641 1158 717 1217 ὧν
750 1164 817 1217 ἂν
842 1161 902 1218 εὖ
935 1165 1049 1235 ἐχοι
1075 1168 1170 1220 καὶ
1199 1168 1425 1231 σώζοιτο
1457 1170 1628 1237 πόλις,
1648 1171 1919 1240 πεφρονή-

332 1270 465 1307 κασι
491 1255 548 1307 δὲ
583 1255 680 1308 καὶ
709 1258 805 1309 ἐπὶ
828 1256 1044 1327 πλούτῳ
1078 1259 1239 1329 μέγα,
1270 1259 1444 1332 ταύτῃ
1469 1278 1554 1314 τοι
1586 1261 1919 1331 μαθήσονται

328 1346 425 1400 διὰ
463 1348 660 1418 πείρας
703 1348 890 1417 αὐτῆς,
919 1349 999 1401 ὅτι
1035 1350 1238 1420 Κύριος
1285 1352 1681 1423 κληρονομήσει
1726 1354 1915 1424 αὑτήν.

334 1438 775 1509 Πεπορθηκὸτων
822 1440 931 1510 γὰρ
978 1441 1149 1510 αὐτὴν
1196 1441 1306 1494 τῶν
1361 1440 1419 1507 ἐξ
1465 1443 1702 1513 Ἰσραήλ,
1752 1444 1917 1511 ἤγουν

327 1530 748 1582 Οὐεσπασιανοῦ
788 1533 879 1585 καὶ
910 1534 1090 1597 Τίτου,
1126 1533 1705 1605 κληρονομηθήσεσθαί
1751 1552 1917 1603 φησιν

330 1620 506 1690 αὐτὴν
554 1620 705 1691 παρὰ
734 1621 891 1676 Θεοῦ.
925 1624 1035 1677 Καὶ
1063 1623 1173 1693 γὰρ
1211 1620 1279 1696 ἦν
1312 1624 1475 1688 αὐτὸς
1506 1628 1537 1678 ὁ
1565 1626 1915 1696 παραδιδοὺς,

330 1710 429 1764 καὶ
454 1712 559 1764 ὑπὸ
593 1714 751 1783 χεῖρα
789 1714 958 1777 τιθεὶς
990 1714 1098 1769 τῶν
1128 1718 1413 1787 ᾑρηκότων
1447 1719 1636 1788 αὑτήν.
1655 1718 1922 1789 Ῥωμαῖοι

2014 526 2235 589 divitiis,
2268 532 2322 579 et
2348 523 2645 578 incolarum
2675 517 3015 583 fortitudine,
3071 527 3127 572 et
3163 518 3301 573 alias
3341 518 3497 589 quasi
3541 518 3595 574 in

2013 624 2281 686 potestate
2307 614 2593 678 habentes,
2622 620 2676 666 et
2714 608 3023 665 confinibus
3060 607 3390 677 superiores.
3453 608 3599 677 Quo—

2015 707 2158 761 niam
2188 707 2371 777 igitur,
2408 704 2602 774 inquit,
2656 700 3000 770 supercilium
3058 699 3254 754 tollunt
3313 700 3490 771 Tyrus
3547 714 3602 756 ct

2017 797 2207 863 Sidon,
2238 797 2679 865 arbitranturque
2721 806 2781 849 se
2829 801 3077 862 potentes
3112 801 3168 846 et
3220 791 3596 856 inconcussas,

2016 900 2072 946 et
2090 904 2242 960 spem
2278 897 2543 958 reponunt
2570 888 2622 942 in
2647 886 3062 949 munitionibus,
3094 887 3197 941 hoc
3223 894 3309 940 est
3350 887 3403 939 in
3431 889 3599 941 muria

2019 981 2213 1051 quibus
2237 981 2569 1046 ambiuntur,
2592 981 2707 1034 sire
2743 979 2797 1033 in
2840 979 3004 1034 rebus
3037 979 3159 1033 aliis
3186 979 3385 1048 quibus
3410 978 3601 1033 floreat

2019 1080 2076 1127 et
2106 1072 2254 1127 salva
2287 1072 2358 1127 sit
2384 1071 2599 1135 civitas,
2620 1070 2688 1125 de
2721 1071 3030 1125 divitiarum
3076 1071 3238 1126 etiam
3284 1073 3437 1139 copia
3498 1070 3599 1125 sibi

2021 1164 2311 1232 plaudunt,
2336 1162 2540 1217 idcirco
2572 1163 2687 1231 ipsa
2711 1161 3042 1231 experientia
3079 1160 3292 1217 discent
3311 1161 3456 1231 quod
3494 1161 3605 1217 Do-

2021 1256 2200 1309 minus
2227 1254 2679 1322 possidebiteam.
2710 1254 3081 1323 Espugnatam
3129 1253 3272 1308 enim
3333 1254 3401 1309 ab
3423 1253 3602 1310 Israe-

2022 1346 2156 1412 litis,
2186 1355 2279 1401 aut
2311 1346 2651 1416 Vespasiano
2702 1357 2761 1400 et
2790 1345 2934 1410 Tito,
2963 1360 3270 1415 possessum
3304 1346 3369 1401 iri
3423 1361 3454 1402 a
3498 1345 3604 1401 Do-

2020 1439 2167 1494 mino
2191 1439 2384 1508 inquit.
2404 1438 2527 1508 ipse
2564 1440 2709 1493 enim
2738 1446 2859 1494 erat
2889 1438 2981 1508 qui
3007 1439 3231 1494 tradidit
3255 1448 3312 1493 et
3331 1439 3386 1493 in
3412 1452 3606 1493 manus

2020 1528 2409 1597 occupantium
2431 1528 2603 1583 dedit.
2634 1528 2867 1584 Romani
2906 1543 3143 1598 namque
3201 1538 3374 1585 totum
3415 1532 3603 1586 orbem

2022 1624 2075 1675 in
2103 1621 2361 1676 ditionem
2391 1636 2543 1675 suam
2588 1621 2921 1692 redigentes,
2978 1620 3122 1675 uitro
3174 1634 3234 1677 so
3284 1621 3606 1677 dedentibus

2022 1713 2319 1769 clementes
2372 1722 2429 1767 et
2456 1712 2739 1785 benignos,
2767 1712 3145 1767 resistentibus
3202 1726 3379 1778 acres,
3435 1722 3491 1767 et
3527 1713 3608 1768 in-

333 1802 441 1871 γὰρ
462 1805 576 1866 τοῖς
601 1804 751 1867 ίδίοις
771 1805 1135 1876 ὑποφέροντες
1171 1808 1471 1880 σκήπτροις
1497 1809 1595 1880 τὴν
1622 1809 1917 1881 σύμπασαν

2023 1806 2192 1860 victos
2221 1819 2342 1859 sese
2374 1805 2703 1875 przebebant.
2734 1802 2909 1874 ipsam
2944 1803 3112 1871 igitur
3148 1803 3606 1872 conflagraturam

331 1892 455 1961 γῆν,
488 1896 600 1955 τοῖς
643 1895 742 1964 μὲν
792 1897 1034 1951 είκουσιν
1081 1899 1285 1968 ἀμαχεὶ
1332 1900 1499 1970 πρᾶοί
1545 1916 1606 1952 τε
1649 1896 1790 1969 ἦσαν
1827 1900 1922 1953 καὶ

332 1986 659 2053 προσηνεῖς·
713 1988 826 2049 τοῖς
880 2003 946 2054 γε
993 1988 1101 2057 μὴν
1151 1988 1471 2058 άντεξάγειν
1516 1990 1792 2044 ἐθέλουσιν
1826 1991 1922 2043 ἑπ-

339 2076 560 2141 εφύοντο
586 2078 679 2129 καὶ
718 2078 872 2131 αὐτοὶ
899 2080 1114 2149 δριμεῖς
1144 2098 1205 2133 τε
1232 2082 1327 2134 καὶ
1357 2080 1579 2152 ἄμαχοι.
1622 2083 1922 2153 Καταπρη-

338 2163 640 2233 ησθήσεσθαι
689 2167 753 2238 δὴ
784 2163 878 2221 οὖν
932 2186 1097 2239 φησιν
1146 2172 1320 2241 αὐτὴν
1352 2172 1818 2243 κατεσπασμένων
1865 2175 1922 2226 ὲν

334 2252 585 2328 θαλάσσῃ
632 2257 739 2311 τῶν
790 2260 1184 2332 ὀχυρωμάτων,
1225 2263 1322 2315 καὶ
1367 2262 1774 2335 διηρπασμένου
1823 2265 1919 2318 τοῦ

342 2344 593 2412 πλούτου,
629 2351 679 2402 εί
707 2352 799 2406 καὶ
819 2348 888 2422 ἧν
907 2353 983 2416 ὡς
1011 2354 1141 2423 χοῦς
1169 2355 1230 2407 τὸ
1250 2356 1495 2426 χρυσίον,
1523 2358 1618 2410 καὶ
1646 2358 1722 2421 ὡς
1750 2357 1920 2428 πηλὸς

331 2438 477 2491 ὁδῶν
509 2441 570 2492 τὸ
600 2442 863 2513 ἀργύριον
892 2446 1364 2517 αὑτῆς.”Εμποροι
1395 2447 1501 2518 γὰρ
1531 2449 1786 2516 γεγόνασι
1807 2446 1918 2501 δει-

340 2530 442 2592 νοὶ,
472 2532 563 2583 καὶ
594 2533 1060 2607 φιλοκερδέστατοι
1091 2536 1231 2600 λίαν,
1266 2539 1317 2590 oi
1362 2540 1461 2607 τῆς
1486 2539 1666 2609 Τύρου
1710 2539 1921 2609 οἰκήτο-

334 2637 457 2690 ρες,
481 2623 574 2675 καὶ
592 2624 720 2694 περί
737 2643 802 2694 γε
832 2626 1023 2680 τούτου
1054 2629 1260 2691 πλατὺς
1282 2630 1379 2682 καὶ
1401 2630 1612 2700 μακρὸς
1629 2631 1923 2700 πεποίηται

338 2711 498 2779 λόγος
530 2714 589 2765 ὲν
612 2717 727 2779 τοῖς
758 2716 1020 2790 Ἰεζεχιὴλ
1037 2719 1131 2772 τοῦ
1155 2722 1437 2792 προφήτου
1465 2722 1923 2793 συγγράμμασιν.

328 2803 508 2857 ὒὺδὲν
540 2802 638 2859 οὖν
665 2808 773 2877 άρα
801 2811 929 2873 τοὺς
962 2811 1082 2882 Θεῷ
1107 2812 1545 2884 προσκρούοντας
1572 2813 1757 2885 ὀνήσει
1796 2815 1927 2868 ποτὲ

338 2894 467 2956 τοὺς
514 2897 950 2965 ὲπιτωθάζοντας
1003 2904 1199 2971 ἁγίοις,
1238 2906 1287 2957 εί
1332 2906 1396 2975 δή
1432 2905 1536 2959 πού
1585 2923 1638 2959 τι
1684 2906 1925 2976 συμϐαίη

2020 1895 2170 1960 dicit,
2208 1895 2470 1950 detractis
2490 1895 2546 1948 in
2583 1908 2734 1949 mare
2770 1893 3181 1959 munitionibus,
3225 1903 3285 1948 et
3324 1894 3605 1952 distractis

2019 1984 2225 2038 divitiis
2246 1984 2381 2054 eius,
2406 1983 2656 2053 quamvis
2677 1997 2869 2037 aurum
2890 1981 3009 2050 ejus
3032 1983 3104 2037 sit
3131 1992 3190 2037 ut
3221 1984 3419 2053 pulvis,
3448 1993 3503 2038 et
3548 1994 3607 2038 ut

2023 2075 2191 2129 lutum
2245 2077 2541 2144 platearum
2613 2081 2899 2145 argentum
2952 2074 3090 2144 ejus.
3118 2074 3287 2129 Erant
3326 2075 3596 2145 siquidem

2021 2174 2353 2221 mercatores
2376 2165 2558 2234 periti,
2586 2174 2641 2219 et
2670 2164 2807 2219 lucri
2863 2164 3291 2232 appetentissimi
3348 2164 3477 2235 Tyri
3525 2166 3604 2219 in-

2028 2262 2181 2328 colae,
2210 2262 2274 2315 de
2305 2276 2418 2330 quo
2440 2261 2658 2331 copiose
2681 2261 2979 2315 admodum
3014 2260 3266 2316 Ezechiel
3320 2263 3604 2331 propheta.

2025 2354 2171 2409 Nihil
2205 2354 2371 2425 igitur
2403 2368 2639 2422 unquam
2657 2353 2943 2422 proficient
2970 2355 3137 2409 Deum
3192 2353 3528 2411 oﬂ’endentes
3552 2367 3608 2411 et

2026 2454 2245 2500 sanctos
2268 2443 2641 2509 criminantes,
2673 2451 2729 2497 et
2752 2441 2923 2499 eﬂuse
2948 2442 3253 2510 irridentes,
3271 2444 3315 2499 si
3339 2445 3470 2513 quid
3497 2444 3606 2499 Deo

2027 2548 2247 2589 suorum
2270 2533 2429 2588 fidem
2454 2531 2711 2602 probanti
2750 2531 2871 2588 illos
2903 2532 3108 2601 perpeti
3167 2535 3474 2603 contigerit.
3518 2532 3607 2588 ln-

2019 2626 2155 2680 utile
2171 2624 2315 2681 enim
2340 2624 2532 2679 evadet
2552 2636 2713 2679 omne
2731 2637 2918 2678 eorum
2936 2623 3351 2688 munimentum,
3378 2625 3477 2679 hoc
3499 2637 3602 2691 est,

2023 2731 2185 2773 omne
2232 2731 2339 2786 quo
2396 2713 2805 2770 circumdantur
2843 2728 2910 2769 ac
2954 2714 3257 2783 sepiuntur,
3316 2725 3370 2769 et
3422 2718 3607 2784 praesi-

2024 2807 2438 2878 diumquodvis,
2486 2816 2546 2862 et
2593 2806 2795 2862 divitia:
2838 2804 2974 2859 nihil
3020 2806 3290 2862 commodi
3342 2806 3603 2870 all’crent,

2022 2904 2155 2970 quin
2192 2902 2368 2970 potius
2388 2898 2796 2970 populatoribus
2819 2898 3019 2952 addent
3047 2898 3281 2953 animos.

331 2986 533 3040 παθεῖν
565 2990 784 3055 αὐτοὺς,
815 2993 989 3046 πλατὺ
1017 2994 1073 3046 δὲ
1101 2995 1376 3062 γελῶντας
1404 2998 1451 3049 εί
1477 2996 1761 3067 δοκιμάζοι
1789 2996 1921 3059 Θεὸς
1957 2994 2065 3049 τῶν
2130 2992 2277 3045 ἰδίων
2303 2992 2404 3061 τὴν
2471 2990 2677 3043 πίστιν.
2697 2989 2981 3059 Ἀπονήσει
3010 2990 3119 3058 γὰρ
3144 2989 3326 3041 αὐτῶν
3350 2990 3457 3041 πᾶν
3479 2990 3607 3058 6x23-

336 3092 523 3147 ρωμα,
554 3081 820 3147 τουτέστι,
861 3086 1011 3138 πᾶσα
1063 3088 1349 3159 περιϐολὴ,
1393 3089 1486 3143 καὶ
1519 3092 1627 3153 πᾶς
1652 3089 1950 3160 ἀσφαλείας
2027 3086 2261 3157 τρόπος·
2302 3084 2454 3138 οὐδὲν
2488 3083 2547 3135 δὲ
2576 3082 2711 3144 ὅλως
2758 3083 2787 3133 ό
2834 3079 3063 3143 πλοῦτος
3115 3081 3320 3150 ὀνήσει,
3350 3080 3504 3135 ἔσται
3548 3083 3608 3136 δὲ

342 3172 545 3240 μᾶλλον
589 3171 743 3238 οὗτος
786 3180 900 3241 τοῖς
929 3179 1146 3233 εἰωθόσι
1176 3184 1483 3253 καταδῃοῦν
1519 3183 1622 3251 τῆς
1655 3187 1734 3246 εἰς
1766 3184 1924 3236 τοῦτο
1961 3179 2273 3253 προθυμίας
2302 3178 2479 3239 ὁλκός.

418 3264 545 3318 Ἷδοι
578 3266 624 3319 δ’
649 3268 715 3321 ἄν
748 3286 830 3332 τις
861 3271 955 3324 καὶ
984 3271 1078 3326 νῦν
1104 3276 1227 3336 τοὺς
1264 3274 1530 3344 Ἑλλήνων
1558 3275 1753 3338 παῖδας
1785 3277 1927 3346 μέγα

2093 3273 2269 3342 Atque
2295 3272 2430 3325 adeo
2469 3284 2611 3325 nunc
2632 3284 2845 3339 quoque
2868 3269 3049 3324 videas
3084 3268 3299 3324 Graecos
3359 3271 3428 3324 ob
3453 3286 3607 3324 mun-

336 3355 449 3426 μὶν
474 3358 806 3428 φρονοῦντας
851 3362 946 3414 ἐπὶ.
994 3363 1156 3433 σοφίᾳ
1204 3368 1466 3436 κοσμικῇ,
1496 3366 1588 3418 καὶ
1614 3366 1802 3437 ὥσπερ
1835 3368 1929 3419 ἰπὶ

338 3448 683 3520 ὀχυρώμασι,
712 3454 831 3515 ταῖς
858 3455 922 3506 ἐκ
956 3454 1309 3511 πολυπλόκων
1358 3457 1731 3528 συλλογισμῶν
1779 3459 1922 3512 ἀπά-

337 3556 484 3603 ταις,
524 3542 683 3610 μόνον
717 3542 775 3595 δὲ
826 3545 946 3615 οὐχὶ
977 3545 1075 3615 τὴν
1124 3546 1261 3599 ίδίαν
1288 3546 1577 3617 πλάνησιν,
1610 3552 1676 3620 τῇ
1712 3548 1812 3620 τῆς
1835 3551 1926 3603 εὐ-

338 3627 611 3695 γλωττίας
633 3630 862 3701 δυνάμει
888 3633 1329 3705 διατειχίζοντας,
1364 3638 1458 3691 καὶ
1494 3638 1927 3694 καταπλωτοῦνο

340 3735 445 3782 τας
491 3719 630 3785 λίαν,
657 3723 715 3775 τὸ
753 3725 830 3788 ὠς
862 3725 919 3777 ὲν
965 3724 1105 3790 λέξει
1149 3726 1402 3800 λαμπρὸν
1428 3729 1505 3793 ὡς
1538 3728 1800 3801 ἄργυρον,
1832 3732 1926 3786 καὶ

336 3810 420 3873 ὡς
452 3813 510 3865 ὲν
537 3813 688 3877 τάξει
730 3816 932 3885 χρυσοῦ
967 3817 1027 3869 τὸ
1059 3818 1116 3872 ἐν
1144 3820 1380 3890 νοήμασι
1419 3820 1621 3891 τίμιον.
1654 3823 1802 3893 Πλὴν
1830 3824 1926 3879 καὶ

339 3904 517 3968 οὕτως
545 3904 767 3976 ἔχοντας
797 3908 1270 3981 κεκληρονόμηκεν
1285 3915 1313 3965 ὁ
1331 3914 1585 3985 Χριστός.
1608 3914 1926 3987 Καθῄρηται

347 3997 449 4066 μὲν
480 3997 588 4069 γὰρ
617 3998 685 4052 τὰ
719 3999 1070 4071 ὀχυρώματα,
1106 4005 1371 4073 τουτέστι,
1403 4005 1725 4061 πεπτώκασι
1766 4009 1834 4062 τὰ
1867 4008 1927 4074 ἐξ

340 4089 564 4160 ἀπάτης
592 4092 892 4162 εὐρέματα,
920 4093 1246 4164 διήρπασται
1270 4097 1329 4151 δὲ
1357 4099 1530 4152 καὶτὸ
1562 4100 1805 4172 χρυσίον,
1834 4102 1927 4154 καὶ

341 4181 408 4235 τὸ
432 4182 713 4254 ἀργύριον.
730 4186 793 4239 Ol
821 4186 927 4255 γάρ
948 4203 1027 4241 τοι
1053 4188 1193 4241 κατὰ
1218 4191 1440 4262 καιροὺς
1465 4192 1575 4245 τῶν
1590 4191 1925 4263 Ἐκκλησιῶν

343 4274 782 4344 προεστηκότες,
834 4276 1024 4347 ἄνδρες
1074 4278 1373 4350 ἐλλόγιμοι,
1433 4283 1527 4336 καὶ
1593 4285 1767 4352 σοφοὶ,
1824 4285 1926 4355 τῆς

342 4365 570 4417 ἐκείνων
606 4366 939 4433 εὐγλωττίας
969 4369 1068 4437 τὴν
1088 4369 1322 4440 δύναμιν
1364 4374 1444 4435 είς
1487 4376 1714 4439 ἑαυτοὺς
1742 4376 1925 4449 ἁρπά-

342 4471 563 4516 σαντες,
596 4456 740 4524 ἱερὸν
770 4456 1027 4527 ἀνάθημα
1057 4461 1376 4531 πεποίηνται
1409 4463 1487 4532 τῷ
1518 4463 1637 4534 Θεῷ
1669 4467 1781 4529 τοῖς
1824 4466 1927 4536 τῆς

339 4544 586 4608 πίστεως
607 4544 1071 4615 ὲπαγωνιζόμενοι
1091 4548 1289 4616 λόγοις,
1309 4550 1521 4620 καὶτῆς
1548 4553 1678 4623 παρ’
1700 4554 1926 4618 ἐκείνοις

2029 3367 2227 3421 danam
2256 3363 2571 3434 sapientiam
2604 3360 2807 3429 eﬂerri,
2838 3373 2892 3416 et
2918 3362 3062 3415 velut
3104 3360 3155 3415 in
3192 3362 3607 3431 propugnaculis

2030 3457 2084 3511 in
2117 3456 2428 3511 multifariis
2452 3454 2885 3527 syllogismorum
2911 3453 3157 3516 fallaciis,
3211 3461 3266 3507 ct
3320 3468 3606 3522 propemo-

2028 3551 2155 3605 dum
2186 3562 2428 3605 errorem
2458 3561 2616 3602 suum
2650 3545 2921 3601 facundia:
2948 3545 3001 3599 vi
3038 3555 3290 3615 tanquam
3325 3560 3480 3600 muro
3518 3562 3608 3600 se.

2028 3641 2259 3709 pientes,
2288 3654 2352 3694 ac
2376 3639 2573 3694 mirum
2623 3637 2678 3691 in
2725 3636 2943 3691 modum
3016 3635 3317 3705 locupletes
3371 3636 3608 3691 dictione

2029 3730 2309 3799 splendida
2334 3740 2392 3784 ut
2417 3736 2660 3799 argento,
2689 3734 2745 3782 et
2777 3726 2955 3783 seusis
2992 3725 3161 3779 animi
3219 3724 3499 3796 praclaris
3549 3739 3609 3780 ut

2027 3837 2183 3878 auro.
2223 3818 2791 3878 Verumtamenetiam
2841 3818 2921 3873 sic
2971 3826 3317 3886 comparatos
3370 3817 3609 3886 possedit

2025 3912 2298 3970 Christus.
2328 3912 2623 3968 Destructa
2646 3918 2776 3965 sunt
2812 3909 2957 3964 enim
2991 3908 3341 3972 munitiones,
3372 3908 3475 3963 hoc
3524 3920 3609 3963 est

2022 4004 2338 4061 ceciderunt
2371 4003 2586 4057 inventa
2620 4000 2873 4064 fallacias,
2899 3998 3171 4068 direptum
3201 4005 3288 4054 est
3327 4012 3520 4053 aurum
3552 4010 3607 4053 et

2028 4105 2333 4166 argentum.
2358 4094 2462 4162 Qui
2490 4094 2635 4150 enim
2665 4092 2780 4148 suis
2810 4091 3012 4161 quique
3038 4089 3372 4159 temporibus
3439 4088 3607 4161 733

2028 4191 2287 4248 Ecclesiis
2314 4189 2669 4262 pnefuerunt,
2698 4186 2800 4241 viri
2853 4184 3170 4254 eloquentes
3206 4192 3261 4237 et
3313 4184 3605 4252 sapientes,

2027 4297 2216 4337 eorum
2241 4279 2561 4350 eloquentiae
2596 4276 2906 4331 facultatem
2945 4274 3011 4327 ad
3052 4287 3111 4327 se
3146 4272 3465 4336 derivatam,
3523 4288 3610 4327 sa-

2028 4389 2179 4431 crum
2224 4373 2338 4430 Deo
2366 4372 2652 4427 anathema
2673 4368 2940 4429 fecerunt,
2963 4378 3062 4434 pro
3079 4362 3203 4419 ﬁdei
3221 4362 3468 4418 doctrina
3514 4361 3608 4421 de—

2028 4475 2315 4532 certantes,
2357 4473 2411 4519 ct
2444 4465 2797 4531 imposturam
2828 4458 3067 4529 ipsorum
3128 4456 3406 4511 uberrime
3445 4455 3610 4510 veris-

2028 4560 2269 4630 simeque
2296 4556 2615 4612 refutantes.
2648 4551 2765 4607 Hoc
2797 4554 2962 4606 etiam
2994 4549 3240 4604 fecerunt
3266 4545 3602 4603 Israelita".

341 4635 564 4703 ἀπάτης
597 4634 858 4706 πλείστην
884 4653 943 4690 τε
974 4638 1125 4709 ὅσην,
1161 4639 1253 4692 καὶ
1281 4640 1456 4712 άληθῆ
1495 4641 1803 4713 ποιούμενοι
1828 4644 1927 4715 τὴν

2028 4646 2252 4701 Mutuati
2279 4646 2423 4699 enim
2448 4644 2514 4699 ab
2536 4639 2804 4713 Egyptiis
2830 4654 2959 4694 vasa
2988 4652 3152 4692 aurea
3175 4646 3229 4691 et
3255 4646 3533 4706 argentea,
3554 4648 3611 4690 et

342 4728 715 4798 κατάρῤησιν.
751 4730 1074 4802 Πεπράχασι
1112 4732 1353 4785 τοιοῦτον
1384 4734 1473 4786 καὶ
1508 4734 1557 4786 οί
1592 4733 1651 4797 ἐξ
1689 4734 1923 4806 Ἰσραήλ.

343 4818 696 4889 Χρησὰμενοι
728 4820 837 4890 γὰρ
865 4824 1015 4894 παρὰ
1057 4824 1166 4878 τῶν
1204 4824 1521 4892 Αἰγυπτίων
1552 4824 1717 4898 σκεύη
1750 4829 1928 4897 χρυσᾶ

343 4910 444 4962 καὶ
461 4910 699 4981 ἀργυρᾶ,
719 4912 812 4964 καὶ
828 4913 1223 4978 σκυλεύσαντες
1246 4916 1375 4978 τοὺς
1405 4915 1925 4988 πλεονεκτήσαντας,

342 5001 697 5070 προσήγαγον
724 5002 896 5055 ταῦτα
930 5003 1071 5056 κατὰ
1101 5003 1199 5074 τὴν
1213 5002 1419 5075 ἔρημον
1436 5005 1513 5076 τῷ
1534 5008 1788 5078 παναγίῳ
1807 5008 1928 5079 Θεῷ

343 5093 900 5164 κατασκευαζομένης
951 5096 1048 5163 τῆς
1101 5096 1260 5163 ἁγίας
1315 5099 1537 5169 σκηνῆς,
1570 5100 1666 5153 καὶ⁸
1705 5099 1813 5153 τῶν
1865 5102 1923 5153 ἰν

342 5180 528 5243 αὐτοῖς
558 5182 770 5235 σκευῶν
803 5182 982 5253 ιερῶν.
1026 5184 1234 5238 Οὐκοῦν
1256 5188 1302 5238 oi
1325 5186 1409 5239 διὰ
1434 5187 1625 5256 σοφίας
1650 5189 1924 5259 κοσμικῆς

345 5271 443 5322 καὶ
464 5270 621 5338 λόγου
649 5274 1004 5344 φαιδρότητος
1024 5276 1429 5347 οἰκοδομοῦντες
1457 5280 1556 5352 τὴν
1572 5280 1922 5351 Ἐκκλησίαν,

341 5365 703 5432 διαρπάζουσι
739 5383 801 5418 τε
845 5369 968 5430 τοὺς
997 5367 1265 5438 Ἐλλήνων
1299 5371 1517 5434 παῖδας,
1550 5372 1644 5425 καὶ
1672 5373 1837 5425 οἱονεὶ
1865 5372 1928 5422 τὸ

344 5456 566 5525 χρυσίον
598 5458 799 5519 αὐτῶν,
820 5459 912 5512 καὶ
937 5459 996 5512 τὸ
1021 5461 1285 5531 ἀργύριον
1314 5463 1376 5515 ἐκ
1409 5462 1609 5533 πολλῆς
1638 5464 1779 5533 ἄγαν
1806 5463 1927 5514 sm-

342 5548 552 5611 εικείας
603 5550 1164 5619 κατα-πλουτήσαντες,
1198 5554 1397 5624 κλῆρον
1436 5556 1597 5609 αὐτὸν
1644 5554 1923 5609 ποιοῦνται

416 5721 461 5752 ⁷¹
502 5722 674 5779 Exod.
711 5740 793 5791 ιιι,
832 5723 923 5790 2i,
968 5725 1058 5780 22.

624 5814 899 5875 ΡΑτιιοι.
936 5816 1053 5875 Gn.
1104 5816 1346 5875 LXXII.

2025 4738 2264 4809 spoliatis
2289 4735 2486 4804 iniquis
2516 4733 2767 4794 dominis,
2797 4744 2861 4785 ea
2898 4730 2956 4784 in
3003 4728 3293 4785 solitudine
3349 4727 3460 4781 Deo
3490 4742 3612 4781 san-

2022 4830 2266 4885 ctissimo
2294 4826 2631 4889 obtulerunt,
2668 4822 2934 4876 fabricato
2962 4820 3086 4875 inde
3149 4818 3522 4881 tabernaculo,
3556 4830 3610 4873 et

2024 4922 2167 4977 vasis
2189 4920 2358 4975 sacris
2374 4918 2442 4971 ad
2469 4930 2625 4971 usum
2663 4915 2800 4982 ejus.
2829 4911 2972 4982 Ergo
2993 4911 3085 4979 qui
3140 4925 3239 4978 per
3285 4908 3607 4976 sapientiam

2025 5011 2377 5072 mundanam,
2404 5014 2459 5061 et
2481 5004 2750 5059 sermonis
2776 5000 3126 5071 splendorem
3161 4998 3455 5055 Ecclesiam
3479 4997 3610 5052 adl-

2036 5102 2262 5158 ficantes
2291 5097 2516 5153 Graecos
2540 5094 2821 5165 diripiunt,
2845 5102 2899 5146 et
2921 5091 3078 5161 quasi
3128 5105 3267 5147 auro
3309 5103 3496 5144 eorum
3554 5099 3610 5145 et

2036 5202 2259 5262 argento
2283 5178 2589 5258 aequissime
2613 5187 2905 5248 (litescunt,
2940 5182 3144 5236 faciunt
3167 5195 3229 5234 ea
3303 5181 3608 5249 possessio-

2026 5299 2147 5339 nem
2185 5282 2505 5343 Domino,ad
2525 5278 2753 5350 gloriam
2776 5276 2896 5343 ejus
2917 5272 3218 5343 spectantia
3245 5270 3366 5329 aliis
3383 5274 3610 5345 loquen-

2027 5387 2127 5441 tes,
2152 5383 2205 5430 et
2261 5374 2472 5428 illorum
2503 5373 2718 5442 quidem
2760 5366 3112 5422 munitionem
3161 5376 3489 5433 evertentes,
3554 5381 3608 5422 et

2026 5478 2144 5534 qua
2173 5460 2745 5530 intelligitursanctam
2774 5456 3070 5522 civitatem,
3089 5470 3282 5528 nempe
3307 5459 3607 5515 Ecclesiam

2026 5555 2375 5611 aedificantes.
